4128 6316
709 368 784 431 27
1888 370 2151 429 CONST.
2181 364 2737 426 “ARMENOPULI

3887 362 3980 424 23

710 499 827 534 sum
870 481 1279 535 Masalianorum
1311 482 1554 537 Graecam
1599 484 1651 535 in
1690 483 1926 553 linguam
1961 482 2278 541 traductum,

2390 478 2756 531 Μασαλιανῶν
2795 479 2964 547 ὄνομα
3011 478 3493 549 ἐξελληνιζόμενον
3519 476 3754 547 Εὐχίτας
3786 477 3975 546 δηλοῖ.

712 569 969 624 Eni-bitas
1024 572 1137 624 sive
1189 587 1412 637 precum
1472 571 1751 626 studiosos
1805 571 2092 638 significat.
2145 569 2276 623 Nam

715 662 957 728 precatio
1006 678 1199 730 magno
1230 672 1309 715 est
1339 664 1478 729 apud
1530 667 1675 730 ipsos
1721 664 1774 717 in
1812 664 2009 732 pretio,
2038 678 2198 732 quam
2226 672 2280 718 et

714 754 768 805 iu
818 755 1002 821 vulgus
1034 754 1216 807 efferri
1270 765 1471 808 vetant.
1516 756 1587 809 Ex
1641 772 1698 808 re
1751 771 1966 823 quoque
2017 767 2279 810 vocantur

715 845 1099 899 Enilmsiastac.
1132 845 1265 899 Nam
1298 849 1556 900 daemonis
1586 849 1637 900 vi
1669 850 1926 917 correpti,
1959 863 2077 902 eam
2106 849 2277 902 sancti

716 920 948 1003 Spiritus
998 951 1118 989 esse
1165 937 1472 1005 opinantur.
1524 939 1669 1003 Quos
1710 940 1853 991 enim
1910 940 2127 993 morbus
2177 940 2279 992 iste

716 1039 938 1089 prorsus
980 1026 1198 1085 invasit.
1236 1041 1452 1080 omnem
1490 1028 1523 1081 ii
1577 1040 1829 1081 manuum
1879 1027 2141 1088 laborem,
2179 1042 2277 1082 ceu

721 1114 941 1176 malum,
983 1126 1302 1169 aversantur
1332 1134 1346 1169 :
1376 1128 1427 1169 et
1485 1133 1674 1171 somno
1717 1119 2035 1187 plerumque
2084 1118 2276 1182 dediti,

717 1206 927 1269 species
972 1206 1090 1259 illas
1144 1208 1532 1261 insomniorum
1589 1217 1781 1261 vorant
1825 1210 2276 1265 entbusiasmnm.

720 1295 853 1346 Mala
881 1297 1066 1349 dicunt
1096 1314 1217 1352 esse
1259 1309 1475 1362 natura,
1518 1308 1572 1352 et
1597 1300 1788 1366 quovis
1823 1300 1875 1352 in
1919 1300 2136 1354 homine
2168 1311 2276 1354 tam

719 1386 977 1453 Spiritum
1010 1390 1249 1441 divinum
1283 1406 1443 1459 quam
1474 1392 1739 1444 diemonia
1774 1392 2106 1446 cohabitare.
2138 1395 2275 1449 Pue-

722 1493 829 1539 ros.
862 1480 953 1546 qui
990 1494 1302 1545 nascantur,
1342 1498 1404 1535 ex
1451 1484 1681 1547 Adaiuo,
1715 1485 1890 1551 primo
1937 1498 2157 1553 parente
2188 1506 2278 1553 ge-

719 1569 865 1623 neris
897 1570 1137 1635 humani,
1171 1581 1227 1623 ut
1261 1581 1507 1625 naturam
1556 1576 1797 1639 trahere,
1837 1576 1915 1630 sic
1953 1580 2113 1629 etiam
2167 1594 2280 1631 scr-

719 1660 940 1711 vitutem
968 1660 1137 1725 illam,
1159 1677 1262 1727 qua
1291 1662 1625 1716 daemonibus
1652 1665 2055 1734 obstringanlur
2080 1684 2093 1718 :
2117 1667 2279 1719 adco-

718 1767 826 1816 quc
857 1754 1386 1808 consubstantiatum
1428 1766 1641 1823 gestare
1691 1758 2009 1821 dtemonem,
2052 1760 2278 1827 singulis

717 1858 902 1894 eorum
938 1845 1358 1906 colmbitautem.
1389 1856 1446 1898 et
1494 1856 1815 1914 potestatem
1852 1850 1905 1902 in
1939 1864 2031 1903 eos
2075 1849 2275 1905 haben-

719 1943 849 1986 tem.
907 1934 985 1988 Ac
1032 1936 1297 2003 baptisma
1366 1939 1583 2007 quidem
1644 1940 1791 1994 illum
1848 1942 2121 2011 expellere
2171 1959 2276 1997 nou

718 2038 896 2090 posse,
925 2028 1009 2080 vel
1041 2040 1386 2095 peccatorum
1430 2031 1641 2095 radices
1691 2032 1925 2088 evellere
1957 2050 1971 2088 :
2006 2036 2175 2091 solam
2200 2037 2279 2090 eis

722 2119 1099 2187 praescriptam
1148 2123 1511 2188 precationem
1542 2133 1597 2177 et
1626 2123 1824 2192 ejicere
1874 2126 2193 2191 daemonem,
2224 2139 2279 2182 et

720 2206 932 2261 radices
973 2208 1119 2275 ipsas
1147 2226 1469 2281 expurgare.
1508 2214 1796 2283 Postquam
1826 2230 1954 2270 vero
1988 2218 2279 2285 perfectio-

720 2310 809 2349 res
834 2311 898 2350 ex
932 2298 1062 2365 ipsis
1091 2310 1288 2354 statum
1317 2315 1595 2369 expertem
1626 2304 1972 2360 aﬂectionum
1998 2311 2275 2362 consecuti

720 2384 851 2445 sint,
885 2388 1009 2440 veni
1024 2404 1079 2442 re
1105 2404 1266 2457 super
1291 2406 1384 2443 eos
1407 2391 1669 2458 Spiritum
1699 2400 1945 2447 sanctum
1975 2394 2279 2461 aspectabi-

723 2475 868 2541 liter,
897 2485 953 2529 et
994 2492 1189 2546 corpus
1220 2480 1287 2534 ab
1318 2480 1548 2549 impulsu
1578 2481 1828 2537 vitiorum
1877 2482 2280 2555 allectuumque

720 2564 1003 2620 liberare:
1046 2577 1104 2620 ut
1153 2570 1386 2637 amplius
1438 2571 1635 2626 deinde
1692 2588 1791 2627 nec
1840 2574 2049 2642 jejunio
2081 2590 2278 2645 corpus

720 2667 1001 2725 premente
1038 2658 1110 2713 sit
1138 2674 1296 2727 opus,
1321 2676 1420 2717 nec
1451 2662 1700 2718 doctrina
1731 2665 1944 2720 frenum
1979 2666 2277 2734 injiciente,

722 2758 951 2809 quaeque
983 2761 1091 2799 non
1140 2748 1435 2803 insolenter
1484 2751 1738 2807 incedere
1769 2753 1980 2809 doceat.
2023 2755 2277 2811 Sanctam

723 2833 1046 2891 Trinitatem
1077 2840 1251 2894 oculis
1275 2856 1334 2896 se
1370 2844 1724 2900 sensibilihus
1757 2846 1940 2901 videre
1966 2849 2173 2909 dicunt.
2200 2852 2280 2903 in-

724 2928 898 2995 deque
932 2927 1113 2982 l'utura
1142 2932 1475 2999 prospicere.
1507 2933 1771 2990 Mendicis
1804 2937 1939 2991 nihil
1967 2939 2281 3009 impertien-

723 3016 847 3072 dum
894 3019 1012 3091 lege
1042 3026 1200 3091 quasi
1236 3025 1345 3080 lata
1393 3035 1658 3093 statuunt,
1692 3029 1785 3083 sed
1820 3030 1922 3084 sibi
1972 3033 2275 3090 duntaxat:

2382 570 2523 621 Πολὺ
2559 570 2667 639 γὰρ
2704 569 2835 638 παρ’
2868 570 3049 631 αὐτοῖς
3082 572 3143 621 τὸ
3172 570 3271 637 τῆς
3308 568 3477 637 εὐχῆς
3517 568 3690 637 ὄνομα
3714 608 3731 631 ,
3767 570 3837 637 ἢν
3870 569 3981 619 καὶ

2378 661 2491 719 τοῖς
2536 660 2749 722 πολλοῖς
2790 658 3033 711 ποιοῦσιν
3073 658 3397 728 ἀνέκφορον.
3443 658 3751 711 Καλοῦνται
3802 659 3861 711 δὲ
3905 659 3980 711 ἐκ

2382 750 2476 803 τοῦ
2535 750 2860 819 πράγματος
2916 752 3011 801 καὶ
3053 749 3485 802 Ἐνθουσιασταί.
3516 748 3785 818 Δαίμονος
3852 751 3976 817 γᾶρ

2379 843 2661 912 ἐνέργειαν
2705 842 2983 904 λαϐόντες,
3025 840 3339 908 πνεύματος
3372 840 3529 906 ἁγίου
3568 834 3708 892 εἶναι
3755 840 3978 907 ταύτην

2380 933 2872 1000 ὑπολαμϐάνουσιν.
2894 934 2957 985 Οἱ
2982 934 3091 1001 γὰρ
3118 933 3299 984 τέλεον
3322 933 3422 999 τὴν
3444 932 3597 983 νόσον
3621 931 3829 1001 ταύτην
3856 935 3979 985 εἱσ-

2379 1022 2706 1090 δεδεγμένοι.
2735 1022 3171 1086 ἀποστρέφονται
3198 1020 3296 1089 μὲν
3318 1019 3416 1090 τὴν
3437 1022 3545 1072 τῶν
3568 1019 3772 1091 χειρῶν
3796 1022 3976 1088 ἐργα-

2382 1115 2525 1178 σίαν,
2560 1113 2634 1175 ὡς
2662 1115 2933 1182 πονηράνο
2981 1112 3135 1180 ὕπνῳ
3168 1112 3223 1164 δὲ
3268 1113 3336 1164 τὰ
3377 1112 3547 1165 πολλὰ
3579 1114 3723 1180 σφᾶς
3757 1113 3973 1173 αὐτοὺς

2380 1206 2696 1269 ἐκδιδόντες,
2724 1205 3117 1273 ἐνθουσιασμὸν
3143 1204 3238 1267 τᾶς
3264 1204 3371 1257 τῶν
3394 1205 3621 1273 ὀνείρων
3654 1206 3976 1272 φαντασίας

2381 1297 2624 1350 καλοῦσι.
2678 1298 2839 1349 Φυσει
2896 1298 3143 1362 λέγουσιν
3197 1293 3339 1348 εἶναι
3396 1296 3463 1349 τὰ
3519 1296 3696 1361 κακὰ,
3751 1298 3853 1348 καὶ
3904 1299 3977 1366 ἐν

2381 1386 2598 1456 ἑκάστῳ
2620 1388 2890 1458 ἀνθρώπῳ
2914 1388 3141 1456 Πνευμά
3166 1405 3224 1439 τε
3250 1388 3392 1440 θεῖον
3417 1390 3708 1452 συνοικεῖν,
3732 1388 3828 1439 καὶ
3850 1388 3973 1441 δαί-

2384 1494 2541 1545 μονα.
2579 1476 2719 1538 Τοὺς
2760 1477 3113 1543 τικτομένους
3146 1475 3345 1537 παῖδας
3380 1477 3443 1527 ἐκ
3484 1475 3575 1526 τοῦ
3607 1474 3975 1543 προπάτορος

2380 1566 2561 1618 ’ἐλκειν
2618 1566 2789 1634 Ἀδὰμ
2820 1566 3008 1634 ὥσπερ
3052 1566 3149 1634 τὴν
3190 1564 3356 1631 φύσιν
3381 1606 3397 1631 ,
3432 1564 3573 1617 οὕτω
3606 1564 3674 1634 δὴ
3721 1565 3823 1617 καὶ
3858 1564 3973 1633 τὴν

2385 1658 2520 1723 πρὸς
2546 1660 2669 1718 τοὺς
2716 1657 2981 1727 δαίμονας
3005 1656 3277 1714 ,δουλείαν
3302 1695 3317 1719 ,
3370 1656 3465 1709 καὶ
3514 1656 3968 1722 συνουσιωμένον

2383 1747 2568 1816 φέρειν
2587 1747 2837 1816 δαίμονα,
2860 1749 3081 1819 ἑκάστῳ
3101 1748 3307 1801 τούτων
3330 1764 3685 1800 συνοικουντα
3711 1752 3809 1800 καὶ
3830 1763 3974 1798 κατ’

2380 1839 2782 1905 εξουσιάζοντα.
2812 1842 2922 1896 Καὶ
2967 1842 3030 1894 τὸ
3074 1843 3171 1911 μὲν
3204 1841 3489 1910 βάπτισμα
3513 1840 3792 1897 ἀδυνάτως
3816 1838 3976 1908 ἔχειν

2381 1930 2691 1997 ἐξελαύνειν
2724 1933 2921 1995 αὐτὸν,
2960 1933 2994 2003 ἢ
3022 1934 3123 1997 τὰς
3158 1934 3313 2004 ῥίζας
3355 1933 3609 2003 ἀνασπᾷν
3638 1932 3746 1983 τῶν
3777 1932 3975 2000 ἀμαρ-

2378 2023 2636 2093 τημάτων
2658 2040 2673 2055 ·
2705 2023 2874 2094 μόνην
2900 2024 2956 2077 δέ
2986 2026 3084 2093 τὴν
3115 2025 3554 2094 ἐπιτεταγμὲνην
3580 2025 3766 2086 αὐτοῖς
3790 2023 3975 2092 εὐχὴν

2380 2113 2589 2167 ἐκεῖνόν
2621 2132 2681 2168 τε
2707 2114 2951 2181 ἐξωθεῖν,
2984 2118 3080 2170 καὶ
3107 2117 3313 2177 ταύτας
3340 2114 3646 2183 καθαίρειν.
3680 2115 3789 2167 Καὶ
3822 2114 3973 2182 μετὰ

2379 2206 2479 2273 τὴν
2520 2202 2817 2277 γενομένην
2859 2209 2970 2270 τοῖς
3008 2206 3188 2261 αὐτῶν
3226 2206 3583 2272 τελειοτέροις
3631 2206 3911 2259 ἀπάθειαν
3944 2243 3963 2265 ,

2382 2297 2665 2365 ἐπιφοιτᾷν
2703 2297 2882 2361 αὐτοῖς
2922 2298 3139 2369 ὁρατῶς
3166 2298 3226 2351 τὸ
3268 2297 3492 2366 Πνεῦμα
3534 2298 3596 2349 τὸ
3642 2295 3822 2364 ἅγιον,
3860 2296 3969 2348 καὶ

2378 2385 2479 2455 τῆς
2506 2385 2614 2440 τῶν
2657 2386 2847 2439 παθῶν
2887 2390 3159 2458 κινήσεως
3191 2387 3252 2440 τὸ
3289 2388 3448 2457 σῶμα
3488 2387 3813 2457 ἐλευθεροῦν
3838 2403 3853 2416 ·
3884 2386 3969 2450 ὼς

2384 2478 2584 2544 μηκέτι
2626 2478 2809 2530 λοιπὸν
2856 2478 3068 2532 δεῖσθαι
3120 2480 3257 2549 μήτε
3304 2480 3597 2548 νηστείας,
3654 2478 3964 2548 πιεζούε·ης

2382 2569 2512 2621 αὐτὸ
2532 2608 2547 2633 ,
2579 2572 2717 2640 μήτε
2746 2571 3098 2635 διδασκαλίας
3130 2573 3480 2641 χαλινούσης,
3510 2573 3605 2623 καὶ
3638 2571 3714 2640 μὴ
3743 2571 3967 2641 βαίνειν

2380 2660 2591 2714 ἄτακτα
2622 2661 3008 2730 παιδευούσης.
3040 2662 3151 2732 Τὴν
3183 2663 3346 2731 ἁγίαν
3375 2660 3583 2732 Τρίαδα
3614 2665 3729 2725 τοῖς
3764 2662 3969 2731 αἰσθη-

2379 2753 2491 2815 τοῖς
2530 2751 2783 2819 λέγουσιν
2826 2754 2961 2823 ὀρᾷν
3001 2754 3339 2824 ὀφθαλμοῖς,
3383 2755 3680 2809 κάντεῦθεν
3722 2756 3789 2808 τὰ
3824 2754 3967 2824 μέλ-

2380 2840 2540 2894 λοντα
2575 2842 2927 2911 προσλέπειν.
2956 2845 3329 2913 Νομοθετοῦσι
3359 2846 3434 2922 μὴ
3460 2848 3572 2899 δεῖν
3605 2847 3963 2915 μεταδιδόναι

2380 2937 2491 2999 τοῖς
2524 2934 2927 3004 προσαιτοῦσιν,
2962 2937 3076 2989 ἀλλ’
3108 2939 3316 3000 ἑαυτοῖς
3348 2937 3444 2991 καὶ
3479 2939 3681 3007 μόνοις,
3720 2940 3963 3001 ἑαυτοὺς

2380 3022 2518 3079 εἶναι
2560 3027 2811 3095 λέγοντες
2856 3031 3107 3098 πτωχοὺς
3158 3029 3237 3098 τῷ
3288 3029 3587 3099 πνεύματι,
3636 3028 3731 3093 οὓς
3775 3032 3877 3084 καὶ
3931 3033 3963 3082 ὀ

723 3124 847 3167 cum
894 3116 1111 3181 quidem
1147 3131 1205 3169 se
1253 3118 1444 3185 spiritu
1478 3132 1742 3188 pauperes
1765 3121 1971 3187 dicant,
2004 3138 2138 3192 quos
2166 3125 2278 3195 ipse

2387 3116 2589 3188 Κύριος
2630 3119 2992 3189 ἐμακάρισεν.
3049 3123 3111 3176 ϐί
3156 3122 3317 3174 αὐτοὶ
3370 3123 3469 3176 καὶ
3513 3123 3963 3176 Οὐαλεντινιανοὶ

727 3206 985 3263 Dominus
1030 3209 1216 3263 beatos
1269 3211 1661 3276 ριδωειὶεενεετίι.
1688 3212 1963 3267 Vocantur
2011 3215 2173 3271 iidem
2229 3225 2278 3272 et

2388 3208 2713 3276 καλοῦνται,
2771 3213 2853 3264 ὅτι
2909 3212 3053 3269 κατὰ
3112 3213 3241 3276 τοὺς
3299 3213 3526 3283 χρόνους
3588 3215 3960 3269 Οὐαλεντίνου

724 3299 1113 3364 Valentiniani,
1145 3301 1288 3368 quod
1334 3300 1609 3355 Valentini
1652 3311 1706 3357 et
1772 3304 2011 3362 Valentis
2077 3316 2285 3380 tempo-

726 3391 877 3447 ribus
916 3391 1144 3448 haeresis
1192 3407 1378 3447 eorum
1424 3394 1793 3463 pullulaverit.
1841 3397 2193 3467 Appellantur
2232 3408 2288 3457 et

727 3483 1011 3552 Bugomili.

796 3574 885 3630 19.
913 3574 1036 3631 Hzec
1083 3575 1482 3645 Bogomilornm
1533 3578 1754 3635 haeresis
1798 3596 1905 3635 non
1950 3582 2123 3637 multo
2157 3591 2287 3638 ante

727 3680 965 3722 nostram
994 3679 1209 3725 .ctatem
1239 3680 1427 3725 exorta
1460 3672 1582 3737 fuit,
1622 3688 1746 3742 pars
1773 3683 1933 3728 secta
1967 3674 2283 3731 Masalianoo

727 3774 869 3822 rum,
901 3769 1107 3814 etcum
1161 3777 1350 3816 eorum
1401 3763 1745 3832 dogmatibus
1784 3764 1975 3833 majori
2012 3783 2076 3820 ex
2133 3777 2286 3836 parte

724 3854 1068 3909 consentiens
1103 3871 1117 3907 :
1150 3855 1469 3923 excogitatis
1507 3866 1770 3925 praeterea
1823 3860 2098 3914 nonnullis
2139 3862 2281 3923 aliis,

726 3948 783 3999 et
830 3950 985 3995 aucta
1018 3950 1191 4010 peste.
1225 3941 1505 4012 Signiticat
1553 3955 1731 3998 autem
1767 3946 2093 4015 Bogomilus,
2128 3950 2283 4017 juxta

725 4031 1000 4099 Mysorum
1046 4034 1424 4104 liuguam,qui
1462 4034 1555 4089 Dei
1608 4038 2035 4093 misericordiam
2085 4040 2281 4109 implo-

726 4133 829 4177 rat.
866 4121 928 4176 Hi
996 4122 1203 4178 Veteris
1241 4134 1295 4179 et
1346 4124 1478 4179 Novi
1539 4127 1865 4183 Testamenti
1925 4129 2089 4184 libros
2126 4147 2283 4199 repu-

724 4214 897 4277 diant,
929 4228 1034 4269 una
1063 4231 1187 4271 cum
1219 4219 1468 4285 exposito
1497 4218 1548 4271 in
1577 4219 1657 4272 eis
1683 4219 1790 4274 Deo
1814 4260 1830 4285 ,
1874 4222 2027 4288 quasi
2059 4223 2151 4291 qui
2186 4238 2281 4291 per

724 4304 959 4367 afﬂatum
989 4305 1203 4360 Satanae
1228 4310 1509 4377 perscripti
1530 4310 1751 4373 fuerint,
1785 4320 1990 4380 septem
2019 4314 2284 4368 duntaxat

721 4401 987 4468 exceptis,
1043 4402 1097 4455 in
1133 4416 1358 4470 quorum
1410 4418 1634 4459 numero
1670 4412 1725 4457 et
1769 4404 2123 4476 Evangelium
2167 4417 2270 4463 est.

2387 3298 2880 3373 [Οὐαλεντινιανοῦι
2904 3306 2998 3357 καὶ
3018 3302 3313 3367 Οὐάλεντος
3330 3306 3364 3375 η
3384 3305 3590 3361 τούτων
3613 3307 3961 3379 ἐϐλάστησεν

2384 3391 2613 3462 αἵρεσις.
2644 3393 2910 3462 Λέγονται
2935 3396 2991 3450 δέ
3020 3398 3116 3452 καὶ
3144 3396 3455 3467 Βογόμιλοι.

2479 3574 2544 3629 θ.
2633 3575 2681 3628 Η
2721 3575 2831 3628 τῶν
2878 3576 3189 3645 Βογομίλων
3226 3576 3442 3647 αἵρεσις
3495 3577 3555 3667 οὐ
3588 3577 3712 3667 ,πρὸ
3755 3577 3958 3632 πολλοῦ

2388 3665 2618 3734 συνέστη
2643 3668 2741 3735 τῆς
2772 3667 2874 3719 καθ
2918 3668 3067 3737 ἡμᾶς
3094 3668 3310 3735 γενεᾶς,
3342 3665 3525 3737 μέρος
3545 3666 3681 3721 οὖσα
3711 3669 3810 3735 τῆς
3846 3671 3958 3722 τῶν

2383 3754 2767 3820 Μασαλιανῶν,
2799 3759 2894 3810 καὶ
2927 3758 3317 3829 συμφερομένη
3346 3760 3414 3812 τὰ
3450 3760 3617 3813 πολλὰ
3647 3764 3763 3824 τοῖς
3805 3764 3957 3815 ἐκεί-

2384 3864 2491 3900 νων
2528 3848 2826 3917 δόγμασινο
2861 3848 2976 3902 ἐστι
3023 3850 3080 3902 δὲ
3118 3850 3153 3903 ἂ
3202 3852 3293 3903 καὶ
3344 3852 3805 3920 προσεξευροῦσα,
3860 3859 3960 3909 καὶ

2384 3940 2484 4007 τὴν
2519 3939 2695 4009 λύμην
2731 3940 3035 4008 αὑξήσασα.
3068 3943 3164 4011 Eii]
3197 3942 3243 3996 δ’
3268 3943 3335 3995 ἂν
3372 3943 3663 4013 Βογόμιλος
3692 3947 3835 3999 κατὰ
3855 3948 3957 4018 τὴν

2382 4030 2491 4082 τῶν
2528 4029 2732 4082 Μυσῶν
2764 4030 3029 4099 γλῶτταν,
3055 4034 3083 4085 ὀ
3109 4032 3204 4085 τοῦ
3241 4032 3377 4085 Θεοῦ
3410 4032 3502 4085 τὸν
3530 4034 3681 4086 ἐλεον
3708 4037 3958 4091 ἐπισπώ-

2386 4134 2565 4188 μενος.
2602 4115 2762 4173 Οὗτοι
2788 4119 2885 4181 τὰς
2910 4122 3008 4189 τῆς
3039 4123 3282 4186 Παλαιᾶς
3314 4125 3406 4175 καὶ
3450 4125 3659 4187 Καινῆς
3696 4126 3954 4182 ἁθετοῦσι

2386 4209 2621 4279 βίϐλους,
2653 4211 2791 4280 μετὰ
2816 4211 2912 4266 τοῦ
2944 4214 3001 4266 ἐν
3032 4213 3225 4277 αὐταῖς
3254 4216 3645 4285 γεγραμμένου
3678 4219 3812 4271 Θεοῦ
3834 4238 3849 4251 ο
3880 4223 3955 4284 ὡς

2385 4304 2505 4357 κατ’
2528 4304 2816 4359 ἐπίπνοιαν
2858 4305 3164 4374 γραφείσας
3203 4306 3298 4359 τοῦ
3329 4308 3565 4373 Σατανᾶ,
3594 4309 3732 4380 πλὴν
3770 4314 3954 4381 μόνων

2386 4395 2547 4461 ἑπτὰ,
2566 4389 2643 4450 ὧν
2666 4397 2783 4449 ἐστι
2808 4395 2982 4449 καὶτὸ
3004 4397 3356 4466 Εὐαγγέλιον.
3385 4399 3878 4472 Παρερμηνεύουσι
3896 4406 3953 4461 δέ

725 4492 832 4548 Hos
863 4494 1007 4562 ipsos
1030 4509 1243 4562 quoque
1276 4494 1446 4549 libros
1477 4495 1611 4550 falso
1638 4496 2086 4566 interpretantur,
2112 4508 2167 4554 et
2194 4516 2277 4554 sa-

2380 4489 2477 4542 καὶ
2503 4487 2729 4551 ταύτας,
2774 4488 2869 4541 καὶ
2903 4488 3243 4561 βλασφήμοις
3268 4492 3502 4555 ἐννοίαις
3531 4495 3623 4547 καὶ
3653 4500 3950 4567 μυσαραῖς,

721 4582 938 4650 crilegis
968 4583 1423 4653 exsecrandisque
1455 4585 1702 4639 sensibus
1731 4586 1793 4639 ad
1817 4600 1880 4638 ea
1903 4588 2169 4656 quzeipsis
2198 4590 2278 4641 vi-

722 4675 1329 4743 dentumdetorquent.
1397 4674 1697 4743 Ignominia
1756 4691 1977 4731 crucem
2036 4679 2276 4734 divinam

723 4761 982 4829 afﬁciunt,
1001 4764 1162 4819 veluti
1190 4780 1309 4831 qua!
1333 4765 1615 4819 Dominum
1644 4767 1917 4822 necaverit
1937 4809 1952 4831 ,
1986 4769 2279 4840 itidemque

724 4856 1022 4911 reverentia
1069 4857 1288 4923 dignum
1324 4856 1453 4910 illud
1483 4871 1696 4911 sacrum
1734 4859 1997 4914 Dominici
2037 4863 2277 4928 corporis

723 4950 886 5006 atque
918 4942 1218 5009 sanguinis,
1246 4945 1386 5011 quod
1436 4946 1653 5013 quidem
1696 4946 2113 5003 inhabitantium
2145 4961 2278 5007 tem-

723 5030 825 5108 piis
855 5032 1153 5089 daemonum
1198 5034 1519 5087 sacriﬁcium
1560 5036 1853 5103 appellant.
1894 5037 2023 5092 Nam
2075 5039 2127 5093 iu
2168 5056 2278 5094 om-

723 5119 884 5187 pihus
918 5124 1089 5176 sacris
1136 5124 1340 5177 uadibus
1386 5124 1633 5181 habitare
1666 5126 1938 5183 (imponas
1967 5130 2137 5185 aiunt.
2172 5132 2277 5189 No-

721 5219 893 5273 strum
946 5214 1234 5282 baptisma,
1280 5213 1545 5284 Joannis;
1596 5234 1751 5273 suum
1785 5236 1939 5287 vero,
1971 5224 2275 5281 Servatoris

721 5316 844 5363 esse
899 5304 1112 5360 dicunt.
1151 5306 1333 5361 Solam
1399 5319 1593 5363 vocant
1641 5311 2029 5379 precationem,
2070 5331 2088 5364 ι
2116 5312 2275 5368 Pater

723 5404 906 5461 poster
944 5412 957 5447 :
1004 5416 1022 5448 ι
1057 5407 1283 5452 caeteras
1308 5401 1614 5467 repudiaut,
1646 5412 1700 5457 et
1721 5404 2067 5473 battologiam
2098 5407 2272 5459 nomi-

722 5495 871 5547 pant.
912 5485 1170 5556 Deiparos
1231 5490 1416 5543 dicunt
1465 5504 1582 5556 eos,
1615 5504 1877 5561 quatquot
1928 5494 2068 5563 apud
2127 5494 2272 5563 ipsos

723 5574 824 5628 hoc
852 5579 1127 5631 consecuti
1159 5579 1285 5644 sint,
1325 5590 1381 5632 ut
1413 5580 1648 5649 Spiritus
1676 5595 1896 5638 sanctus
1924 5584 1974 5637 in
2006 5584 2083 5638 eis
2122 5582 2273 5638 babi-

721 5676 796 5727 tct
818 5710 832 5733 ,
866 5670 1017 5735 quasi
1062 5671 1153 5739 qui
1206 5686 1510 5728 sermonem
1545 5675 1594 5727 in
1623 5676 1849 5731 dicendo
1875 5678 2120 5747 gignant.
2148 5678 2265 5733 Non

724 5760 886 5813 modo
917 5776 1009 5832 per
1049 5777 1324 5830 soumum,
1352 5763 1441 5819 sed
1481 5764 1761 5835 vigilantes
1793 5768 1954 5823 etiam
1988 5769 2171 5825 videre
2212 5784 2270 5823 se

2382 4574 2518 4642 πρὸς
2553 4574 2616 4626 τὸ
2655 4574 2847 4629 δοκοῦν
2894 4577 3098 4641 αὐτοῖς,
3134 4579 3557 4650 μεταφέρουσιν.
3595 4584 3950 4654 Ἀτιμάζουσι

2376 4662 2479 4717 τὸν
2495 4665 2636 4718 θεῖον
2663 4667 2912 4741 σταυρὸν,
2944 4668 3020 4731 ὡς
3046 4670 3345 4740 ἀναιρέτην
3369 4671 3461 4725 τοῦ
3494 4674 3702 4742 Κυρίου
3778 4676 3861 4731 ἔτι
3892 4679 3949 4732 δὲ

2378 4758 2471 4810 καὶ
2492 4757 2589 4826 τὴν
2618 4759 2849 4827 φρικτὴν
2874 4759 3188 4829 ίερουργίαν
3209 4760 3304 4814 τοῦ
3331 4764 3661 4819 Δεσποτικοῦ
3692 4765 3949 4833 σώματος

2378 4848 2471 4901 καὶ
2501 4848 2750 4917 αίματος,
2787 4848 2900 4901 τῶν
2926 4851 3285 4903 ἐνοικούντων
3332 4854 3448 4916 τοῖς
3490 4855 3634 4916 ναοῖς
3669 4854 3947 4923 δαιμόνων

2376 4939 2567 4993 θυσίαν
2594 4941 2803 5010 ταύτην
2832 4941 3263 5004 ἀποκαλοῦντες.
3296 4944 3530 5011 Λέγουσι
3572 4946 3682 5015 γὰρ
3718 4946 3776 4998 ἐν
3810 4950 3947 5001 πᾶσι

2376 5035 2487 5095 τοῖς
2521 5033 2687 5101 ἱεροῖς
2730 5035 2883 5096 ναοῖς
2929 5034 3054 5096 τοὺς
3092 5032 3352 5103 δαίμονας
3401 5039 3699 5091 κατοικεῖν.
3742 5039 3857 5091 Καὶ
3886 5042 3946 5094 τὸ

2381 5122 2481 5191 μὲν
2506 5124 2640 5193 παρ’
2670 5125 2801 5193 ἡμῖν
2831 5124 3122 5193 βάπτισμα
3154 5124 3251 5182 τοῦ
3302 5127 3551 5179 Ἰωάννου
3584 5126 3859 5195 λέγοντες,
3883 5128 3945 5184 τὸ

2375 5215 2433 5267 δὲ
2482 5216 2615 5283 παρ’
2671 5215 2858 5279 αὐτοῖς
2905 5217 2999 5269 τοῦ
3046 5216 3331 5286 Σωτῆρος,
3398 5219 3566 5288 μόνην
3612 5219 3941 5289 ὀνομάζουσι

2376 5296 2711 5377 προσευχὴν,
2739 5306 2821 5370 τὸ,
2856 5325 2875 5357 ι
2916 5308 3095 5378 Πάτερ
3127 5308 3307 5377 ἡμῶν·
3352 5328 3369 5359 ι
3405 5309 3503 5373 τὰς
3539 5310 3582 5363 δ’
3609 5310 3778 5374 ἄλλας
3808 5313 3940 5366 ἀθε-

2375 5387 2558 5461 τοῦσι,
2605 5396 2958 5466 βαττολογίαν
2999 5400 3311 5460 καλοῦντες.
3352 5400 3651 5464 Θεοτόκους
3690 5402 3937 5470 λέγουσι,

2375 5488 2500 5551 τοὺς
2558 5492 2689 5559 παρ’
2740 5490 2925 5553 αὐτοῖς
2972 5491 3180 5544 ἔνοικον
3236 5494 3619 5562 κτησαμένους
3675 5495 3736 5546 τὸ
3779 5496 3935 5562 ἆγιον

2379 5578 2623 5649 Πνεῦμα,
2665 5580 2740 5645 ὡς
2771 5582 2860 5635 τὸν
2892 5582 3049 5650 λόγον
3096 5584 3156 5635 ὲν
3180 5582 3260 5654 τῷ
3300 5584 3571 5639 διδάσκειν
3605 5587 3929 5653 γεννῶντας,

2377 5677 2640 5745 Λέγουσιν
2668 5679 2727 5729 οὐ
2755 5681 2917 5747 μόνον
2948 5678 3102 5748 ὄναρ,
3127 5679 3263 5731 ἀλλὰ
3288 5680 3380 5731 καὶ
3408 5679 3818 5750 ῦπαρ-βλέπειν,
3843 5684 3935 5738 τὸν

2380 5767 2478 5840 μὲν
2532 5769 2769 5840 Πατέρα,
2817 5768 2890 5832 ὡς
2943 5770 3192 5840 γέροντα,
3239 5770 3561 5841 καθειμένον
3592 5773 3792 5839 ἱκανῶς
3838 5774 3935 5847 τὴν
