4128 6316
103 411 179 475 29
1312 407 1408 465 DE
1453 403 1521 462 Fl
1543 404 1636 462 DE
1679 403 1739 462 nl

1819 400 2165 460 'HODOXA.
3309 394 3381 458 30

110 516 336 582 ὑπήνην
359 529 370 543 ·
413 511 502 565 τδν
528 513 586 566 δὲ
620 513 770 578 Υἱδν,
800 513 924 583 άρτι
954 513 1045 564 τὸν
1072 513 1247 566 ἴουλον
1279 530 1478 582 παραυ.

105 605 374 656 ἐοικότα·
437 603 497 656 τὸ
543 603 601 656 δὲ
651 605 808 668 ἅγιον
847 603 1090 671 Πνεῦμα,
1139 604 1215 666 ὡς
1254 604 1473 656 νεανίαν
1501 604 1690 662 δεινῶς

104 692 456 761 ἐψιλωμένον
486 691 582 753 τὰς
626 691 882 760 παρειὰς,
930 691 1038 744 τῶν
1075 691 1347 747 δαιμόνων
1389 691 1564 754 οὕτως
1606 691 1664 752 ἐξ

105 784 459 836 απατιὶητων
509 785 731 845 αὐτοὺς,
782 786 878 836 καὶ
918 784 1284 837 διδασκόντων
1331 785 1517 844 ἄνισον
1546 780 1690 837 εἶναι

107 878 210 946 τὴν
239 877 412 943 ἁγίαν
439 877 668 946 Τριὰδα,
701 877 844 931 κατὰ
872 877 971 945 τὴν
1005 877 1113 930 τῶν
1153 878 1454 949 σχημάτων
1486 877 1690 933 τούτων

108 967 407 1036 διαφοράν.
1380 971 1389 980 ’

1515 516 1680 564 {suun
1713 513 1756 570 Α
1789 510 1993 573 dicunt,
2035 509 2252 563 Patrem
2289 515 2346 562 ut
2397 520 2607 569 senem,
2640 504 2728 560 cui
2798 503 3010 574 prolixa
3074 502 3242 556 barba
3308 504 3378 563 sit

1803 600 2092 654 admodum
2119 640 2134 664 ,
2170 598 2368 652 Filium
2400 598 2446 652 ei
2483 597 2740 660 similem,
2789 595 2879 662 qui
2912 607 3108 650 recens
3161 593 3378 661 lanugi—

1802 709 1924 746 nem
1975 696 2206 763 primam
2245 700 2433 753 mutet,
2478 690 2739 759 Spiritum
2775 689 3059 753 Sanctum,
3090 687 3261 740 instar
3294 687 3379 754 ju-

1802 783 1979 847 venis,
2006 785 2092 838 cui
2124 783 2282 838 valde
2314 783 2470 838 nuda:
2493 783 2606 836 sint
2635 795 2826 850 genas;
2867 779 3009 848 quod
3043 778 3264 846 quidem
3303 778 3374 830 ita

1805 872 1884 935 ﬁt,
1938 873 2338 942 decipientibus
2392 887 2487 926 eos
2530 872 2890 934 dzcmonibus,
2947 876 3001 921 et
3055 865 3374 934 ina-qualem

1802 961 2273 1018 csse-Trinitatem
2299 963 2637 1028 docentibus,
2668 976 2767 1031 pro
2799 961 3046 1030 ipsarum
3074 957 3373 1012 formarum

1804 1054 2145 1114 diversitate.

512 1404 858 1538 ΤΟΥ
933 1400 1508 1538 ΑΥΤΟΥ
1569 1401 2990 1538 ΑΡΜΕΝΟΙΙΟΥΑΟΥ

937 1648 1216 1734 ΠΕΡΙ·
1279 1642 1759 1736 ΠΙΣΤΕΩΣ
1826 1641 2554 1735 ΟΡΟΟΛΟΞΟΥ.

783 2004 1494 2150 EJUSDEM
1593 2001 2741 2137 HARMENOPULI

1063 2262 1210 2352 DE
1275 2260 1556 2351 FIDE
1614 2255 2420 2350 ORTHODOXA.

1701 2479 1771 2496 ρ.

197 2615 484 2667 Πιστεὺειν
509 2615 589 2667 δεῖ
627 2615 723 2664 τὸν
750 2612 919 2675 ὅντως
952 2609 1304 2682 Χριστιανὸν,
1337 2612 1412 2668 ὡς
1460 2613 1515 2663 αἱ
1548 2612 1702 2679 ἆγιαι
1732 2609 1739 2668 ξ

1881 2607 2164 2665 Hominem
2219 2626 2412 2681 reapse
2457 2610 2832 2666 Christianum
2867 2621 3084 2681 oportet
3135 2617 3361 2670 credere

133 2711 221 2763 ni.
249 2707 632 2775 οἰκουμενικαὶ
662 2704 875 2757 σύνοδοι
906 2703 1290 2774 ἐπεκύρωσαν,
1331 2704 1412 2767 εἰς
1445 2704 1544 2757 ἕνα
1572 2703 1706 2756 Οεδν

136 2800 346 2869 Πατέρα
371 2799 816 2869 παντοκράτορα,
848 2795 1084 2866 ἇναρχόν
1109 2813 1168 2849 τε
1197 2796 1293 2849 καὶ
1321 2796 1702 2864 ἀτελεύτητον,

138 2892 349 2943 πάντων
375 2891 594 2960 ὁρατῶν
639 2907 698 2943 τι
752 2890 848 2944 καὶ
877 2887 1130 2960 ἀοράτων
1173 2889 1444 2959 ποιητήν·
1481 2889 1577 2940 καὶ
1627 2887 1706 2952 εἰς

137 2985 226 3034 ἕνα
257 2985 466 3054 Κύριον
520 2983 732 3054 Ἰησοῦν
766 2983 1022 3054 Χριστὸν,
1049 2985 1142 3037 τὸν
1179 2981 1306 3035 Υίδν
1330 2981 1424 3034 τοῦ
1459 2979 1594 3034 Θεοῦ
1613 2979 1707 3039 τὸν

144 3077 421 3146 μονογενῆ,
452 3077 547 3130 τὸν
572 3076 759 3138 ἀιδίως
789 3075 886 3131 καὶ
913 3074 1139 3139 ἀπαθῶς
1169 3074 1230 3138 ἐξ
1255 3073 1419 3130 αὐτοῦ
1450 3071 1588 3126 Οεοῦ
1611 3071 1707 3128 καὶ

143 3167 344 3236 Ιῐατρδς
374 3165 733 3236 γεννηθέντα,
767 3166 886 3234 φῶς
932 3167 1000 3220 ὲκ
1043 3164 1244 3235 φωτὸς,
1276 3164 1411 3218 Οεὸν
1451 3162 1707 3234 ἀληθινὸν

144 3261 201 3308 ἐκ
226 3258 360 3310 Θεοῦ
406 3257 694 3328 ἀληθινοῦ,
725 3258 1015 3326 δμοούσιον
1055 3259 1132 3328 τῷ
1177 3258 1362 3327 Πατρὶ
1398 3256 1496 3310 καὶ
1541 3273 1709 3309 συνα-

148 3347 287 3409 ίδιον,
313 3347 383 3400 δι’
407 3341 470 3401 οὖ
502 3349 570 3400 τὰ
601 3349 774 3401 πάντα
802 3348 1000 3416 γέγονε
1043 3349 1135 3402 καὶ
1164 3348 1243 3408 εις
1275 3347 1500 3416 Πνεῦμα
1525 3348 1706 3415 ἅγιον,

147 3438 200 3488 τὴ
232 3439 514 3499 συναῖδίως
542 3441 609 3492 ὲκ
639 3438 734 3490 τοῦ
769 3439 907 3492 Θεοῦ
954 3441 1048 3493 καὶ
1079 3439 1296 3508 Πατρὸς
1331 3439 1705 3508 ἐκπορευόμε-

149 3547 249 3594 νον,
285 3532 399 3598 φῶς
428 3530 492 3583 ὃν
524 3532 621 3583 καὶ
645 3531 798 3596 αὐτὸ,
837 3531 932 3585 καὶ
976 3531 1107 3584 Θεὸν
1159 3529 1436 3600 ἀληθινὸν,
1484 3531 1578 3584 καὶ
1630 3532 1708 3601 τῷ

153 3621 319 3692 [lupi
346 3625 443 3676 καὶ
481 3624 589 3692 fit}:
616 3623 885 3677 σι›ναῖδιόν
910 3638 969 3675 τε
1006 3624 1099 3675 καὶ
1129 3622 1414 3692 ὀμοούσιον
1436 3639 1451 3656 °
1503 3621 1708 3691 Τριάδα

152 3715 444 3782 ὑμοούσιον,
502 3717 596 3768 καὶ
644 3715 933 3786 ὁμότιμον,
970 3715 1065 3768 καὶ
1096 3715 1415 3784 ὁμόθρονον,
1463 3715 1545 3777 τις
1578 3715 1708 3785 μίαν

157 3807 430 3860 συνιοῦσαν
466 3808 716 3877 θεότητα.
763 3807 969 3878 Τριάδα
998 3805 1107 3875 γὰρ
1136 3809 1193 3858 ὲν
1236 3807 1423 3876 μονάδι
1455 3808 1708 3861 πιστεύο-

159 3912 268 3962 μεν,
291 3898 382 3950 καὶ
408 3897 620 3967 μονάδα
649 3897 708 3949 ὲν
751 3896 944 3965 Τριάδι
975 3894 1272 3963 δοξάζομεν
1295 3909 1309 3924 ’
1343 3894 1550 3962 τριάδα
1583 3893 1704 3962 μὲν,

160 3987 226 4049 ὼς
254 3989 310 4042 ὲν
326 3991 474 4060 τρισὶ
502 3989 820 4057 προσώποις
846 3988 942 4041 καὶ
984 3987 1317 4039 ὑποστάσεσι
1347 3986 1446 4052 τὴν
1480 3984 1711 4054 θεότητα

161 4082 528 4153 Θεωρουμένην
548 4096 563 4112 ο
594 4081 797 4150 μονάδα
823 4079 902 4145 δὲ,
929 4078 1002 4141 ὡς
1029 4079 1155 4146 μιᾶς
1180 4078 1307 4131 ὅντα
1337 4077 1510 4130 ταῦτα
1527 4077 1714 4140 οὐσίας

161 4192 214 4228 τε
255 4175 342 4228 καὶ
385 4174 663 4242 Θεότητος,
698 4173 790 4226 καὶ
825 4171 922 4224 ἕνα
947 4171 1100 4228 Θιὸν.
1148 4170 1282 4221 Ἕνα
1314 4171 1422 4239 γὰρ
1461 4169 1594 4221 Θεὸν
1627 4186 1715 4221 πι-

166 4265 432 4334 στεύομεν,
468 4265 574 4318 κᾶν
620 4265 678 4317 ὲν
709 4261 901 4333 Τριάδι
933 4262 1269 4326 γινώσκηται
1291 4276 1305 4292 ο
1354 4263 1444 4313 καὶ
1477 4259 1572 4315 ἕνα
1600 4262 1713 4314 Κύο

167 4372 270 4423 ρισν
293 4354 689 4428 ὁμολογοῦμεν,
721 4354 826 4407 κᾶν
849 4354 908 4406 tv
937 4353 1116 4423 τρισὶν
1147 4353 1478 4408 ὑποστάσεσι
1504 4352 1716 4405 δείκνυ-

164 4439 406 4503 ταιοοιαὶ
448 4447 578 4501 οὐτε
629 4446 711 4509 εἰς
752 4447 902 4515 τρεῖς
952 4445 1236 4514 θεότητας,
1283 4443 1404 4500 οὔτε
1447 4445 1527 4506 είς
1569 4448 1716 4514 τρεῖς

166 4541 472 4612 χυριότητας
502 4540 536 4610 ἡ
571 4540 670 4609 μία
700 4539 894 4610 θεότης
925 4539 1017 4590 καὶ
1047 4538 1080 4610 η
1122 4537 1220 4605 μία
1256 4537 1515 4605 κυριότης
1558 4537 1718 4604 ἐκφέ-

171 4648 335 4701 pater
371 4633 497 4687 οὐτε
531 4633 631 4700 μὲν
671 4631 862 4700 ῑτερός
906 4648 989 4693 τις
1035 4632 1185 4682 ἐστιν
1219 4629 1246 4681 ὀ
1283 4629 1435 4694 Θεὸς,
1472 4629 1624 4698 παρά
1650 4628 1718 4680 τά

168 4727 283 4796 τρία
309 4729 480 4783 ταῦτα
513 4727 806 4797 πρόσωπα,
839 4725 984 4794 ἅπερ
1026 4724 1174 4775 ἐστὶν
1217 4726 1244 4776 ὁ
1277 4724 1486 4793 Πατὴρ,
1511 4725 1538 4774 ὀ
1570 4723 1717 4787 Υἱὸς,

171 4819 257 4871 καὶ
278 4819 334 4872 τδ
362 4821 517 4888 ἆγιον
546 4817 772 4886 Πνεῦμα
795 4834 808 4846 ’
845 4817 948 4868 οὑκ
977 4815 1190 4876 οὐσίαις
1224 4813 1396 4868 ταῦτα
1425 4814 1520 4866 καὶ
1553 4813 1718 4882 φύσε-

174 4923 250 4962 σιν
291 4909 690 4981 ὰριθμούμενα,
739 4907 854 4962 ἀλλ’
919 4907 1252 4960 ὑποστάσεσι
1334 4907 1428 4957 καὶ
1493 4906 1718 4974 ἰδιότησι

175 5005 362 5071 νεκραῖς
392 5001 486 5055 καὶ
531 4999 788 5063 τελείαις.
838 4999 904 5052 Ἦ
954 4999 1063 5068 γὰρ
1103 4998 1343 5065 παναγία
1391 4996 1564 5066 Τριὰς
1607 4996 1720 5058 τοῖς

177 5091 463 5160 πρωιὲιποις
514 5092 888 5163 διαιρουμένη,
941 5089 1251 5160 ἀδιαίρετός
1296 5091 1413 5140 ἐστι
1463 5090 1530 5157 τῇ
1562 5087 1722 5158 οὐσίᾳ

178 5185 258 5232 καὶ
297 5187 357 5252 τῇ
391 5182 634 5251 θεότητι.
662 5182 811 5235 Μίαν
855 5180 951 5234 οῦν
1000 5181 1208 5243 οὐσίαν,
1259 5180 1389 5249 μίαν
1421 5179 1718 5248 βασιλείαν,

1810 2701 1972 2757 sicuti
2027 2717 2197 2756 sacrae
2228 2718 2290 2757 ac
2315 2703 2650 2760 universales
2679 2703 2871 2774 synodi
2921 2705 3295 2773 sauciverunt,
3330 2710 3384 2762 in

1813 2811 1980 2850 unum
2021 2794 2186 2849 Deum
2222 2793 2437 2849 Patrem
2468 2795 2919 2865 omnipotentem,
2946 2797 3196 2866 principii
3233 2808 3289 2853 et
3320 2801 3385 2853 ll-

1823 2888 1910 2941 nis
1966 2894 2268 2953 expertem,
2304 2885 2546 2937 omnium
2595 2893 2704 2937 tam
2757 2884 3172 2953 aspectabilium
3221 2901 3383 2955 quam

1811 2976 2275 3048 inaspectabilium
2301 2977 2634 3032 conditorem
2658 3014 2676 3042 ,
2704 2983 2761 3032 et
2787 2975 2841 3030 in
2899 2992 3065 3031 unum
3097 2975 3381 3032 Dominum

1817 3071 2003 3127 Iesum
2032 3071 2331 3136 Christum,
2363 3069 2458 3124 Dei
2496 3070 2691 3123 Filium
2719 3071 3034 3139 unigenam,
3084 3069 3150 3122 ab
3179 3078 3386 3124 aeterno

1809 3161 2062 3231 citraque
2115 3162 2420 3231 passionem
2470 3175 2537 3215 ex
2586 3161 2702 3229 ipso
2732 3159 2844 3214 Deo
2867 3174 2932 3214 ac
2971 3157 3134 3213 Patre
3169 3171 3382 3226 natum,

1812 3252 1989 3308 lumen
2021 3255 2090 3309 de
2133 3256 2356 3318 lumine,
2393 3255 2558 3309 Deum
2589 3270 2771 3310 verum
2817 3256 2882 3309 de
2917 3253 3028 3310 Deo
3072 3270 3223 3320 vero,
3255 3271 3386 3312 eon-

1813 3345 2232 3407 substantialem
2271 3346 2416 3401 Patri
2472 3356 2530 3401 et
2577 3359 2930 3410 comternum,
2954 3361 3050 3414 per
3077 3360 3239 3417 quem
3267 3362 3385 3402 om-

1813 3441 1898 3495 nia
1948 3439 2092 3494 l‘acta
2121 3447 2288 3502 sunt,
2333 3447 2388 3492 et
2429 3438 2482 3491 in
2514 3435 2777 3507 Spiritum
2813 3446 3084 3501 sanetum,
3115 3446 3386 3494 coaterne

1813 3532 1879 3586 de
1937 3531 2048 3585 Deo
2085 3544 2148 3584 ac
2200 3529 2357 3582 Patre
2412 3530 2813 3597 procedentem,
2877 3527 3058 3582 lumen
3093 3539 3149 3583 et
3180 3530 3383 3598 ipsum,

1815 3623 2091 3691 Deumque
2126 3636 2336 3687 verum,
2372 3631 2427 3675 et
2462 3620 2606 3674 Patri
2660 3637 2723 3673 ac
2775 3619 2917 3676 Filio
2948 3631 3302 3685 coaeternum,
3331 3633 3384 3677 et

1812 3712 2333 3768 consubstantialem
2361 3711 2717 3779 ;Trinitatem
2742 3711 2902 3768 unius
2923 3712 3230 3784 etejusdem
3259 3715 3388 3772 sub-

1820 3805 2055 3869 stantiae,
2090 3803 2394 3874 dignitatis,
2445 3805 2589 3870 solii,
2615 3820 2736 3875 qua:
2768 3821 2929 3862 unam
2965 3807 3019 3861 in
3051 3806 3387 3876 divinitatem

1817 3899 1958 3961 coit,
1994 3899 2200 3969 quippe
2237 3895 2562 3955 Trinitatem
2615 3899 2670 3952 in
2736 3902 2944 3956 unitate
2998 3901 3296 3966 credimus,
3330 3911 3390 3956 cf.

1820 3992 2079 4046 unitatem
2104 3991 2156 4044 in
2175 3989 2440 4047 Trinitate
2457 3993 2785 4059 statuimus;
2813 3993 3136 4050 Trinitatem
3161 3996 3303 4064 quod
3335 3997 3387 4050 in

1825 4084 1998 4138 tribus
2050 4083 2300 4150 personis
2331 4091 2386 4136 et
2435 4083 2814 4153 bypostasibus
2841 4085 3096 4140 divinitas
3147 4088 3392 4142 conside-

1823 4183 2016 4239 retur;
2059 4173 2321 4228 unitatem
2374 4174 2517 4242 quod
2577 4175 2738 4229 unius
2799 4176 2882 4229 hae
2937 4176 3252 4233 substantiae
3285 4181 3390 4234 sint

1819 4280 1882 4317 ac
1906 4265 2226 4328 divinitatis,
2258 4273 2313 4316 et
2339 4279 2481 4318 unus
2503 4264 2639 4318 adeo
2668 4264 2833 4320 Deus.
2863 4264 2998 4319 Nam
3025 4281 3190 4321 unum
3223 4268 3390 4324 Deum

1820 4355 2114 4416 credimus,
2159 4352 2287 4407 licet
2331 4353 2383 4406 in
2419 4353 2687 4407 Trinitate
2725 4363 3059 4422 agnoscatur
3090 4375 3106 4424 ;
3137 4365 3191 4412 et
3226 4372 3390 4413 unum

1827 4444 2112 4499 Dominum
2162 4445 2510 4506 conﬁtemur,
2542 4445 2668 4498 licet
2710 4445 2766 4498 in
2801 4447 2975 4500 tribus
3004 4445 3394 4516 hypostasibus

1820 4539 2182 4602 ostendatur;
2233 4550 2297 4590 ac
2329 4551 2508 4604 neque
2539 4537 2591 4589 in
2628 4548 2740 4591 tres
2777 4536 3114 4603 divinitates,
3147 4554 3250 4594 nec
3284 4549 3395 4593 tres

1821 4628 2156 4688 dominatus,
2191 4642 2297 4681 una
2344 4627 2624 4692 divinitas,
2656 4639 2710 4681 et
2765 4644 2904 4682 unus
2958 4629 3047 4681 ille
3087 4630 3397 4684 dominatus

1821 4720 2130 4783 exorbitat;
2168 4735 2342 4787 neque
2384 4734 2572 4774 rursus
2621 4720 2759 4772 alius
2809 4721 3081 4788 quispiam
3124 4719 3266 4774 Deus
3293 4732 3395 4787 est,

1824 4820 2021 4876 praeter
2043 4810 2207 4864 hasce
2241 4819 2350 4863 tres
2380 4824 2664 4877 personas,
2688 4826 2806 4878 quae
2833 4820 2960 4864 sunt
2988 4809 3172 4874 Pater,
3202 4812 3395 4878 Filius,

1823 4911 1876 4954 et
1926 4899 2161 4969 Spiritus
2203 4910 2461 4969 sanctus;
2502 4911 2554 4954 et
2584 4916 2703 4969 qua:
2739 4918 2843 4955 non
2875 4903 3194 4956 substantiis
3222 4918 3284 4957 ac
3313 4920 3402 4956 ua-

1826 4993 1963 5046 turis
1997 5001 2378 5055 numerantur,
2407 4992 2499 5044 sed
2538 4993 2924 5061 liypostasibus
2953 5006 3006 5047 et
3049 4993 3406 5048 intellectibi-.

1826 5085 1964 5139 libus
1993 5094 2156 5152 atque
2193 5083 2450 5152 perfectis
2485 5086 2936 5153 proprietatibus.
2971 5085 3183 5140 Etenim
3237 5100 3400 5139 sauc-

1825 5179 2036 5233 tissima
2085 5177 2329 5231 Trinitas
2382 5178 2634 5253 personis
2671 5177 2949 5243 distincta,
3006 5179 3222 5230 ratione
3269 5177 3400 5231 sub-

183 5270 293 5338 μίαν
324 5273 590 5340 ἐξουσίαν,
628 5272 758 5343 μίαν
787 5271 1091 5341 ἐνέργειαν,
1140 5272 1270 5341 μίαν
1316 5270 1535 5339 βουλὴν,
1587 5268 1717 5339 μίαν

1827 5269 2044 5324 stantia:
2099 5282 2162 5322 ac
2217 5267 2518 5322 divinitatis
2563 5277 2647 5321 est
2703 5268 3000 5323 individua.
3059 5267 3404 5336 Quapropter

182 5360 395 5435 θέλησιν,
431 5365 565 5436 μίαν
600 5365 944 5424 δεσποτείαν,
994 5365 1123 5434 μίαν
1161 5363 1484 5429 κυριότητα,
1518 5363 1576 5414 ὲν
1626 5361 1725 5431 μιᾷ

183 5453 318 5526 οὐσίᾳ
337 5458 429 5510 καὶ
466 5455 629 5525 φύσει
656 5457 756 5524 τῆς
788 5455 1062 5523 παναγίας
1091 5453 1327 5524 Τριάδος
1354 5454 1722 5522 γινώσκομεν,

190 5547 252 5616 μὴ
275 5553 344 5614 εἰς
371 5553 429 5606 ἓν
460 5552 758 5621 πρόσωπον
790 5551 822 5620 ἢ
864 5550 995 5618 μίαν
1032 5550 1328 5604 ὑπόστασιν
1360 5548 1568 5619 ταύτην
1599 5565 1728 5616 συγ-

187 5639 390 5716 χέοντες.
445 5643 546 5695 Διά
575 5643 736 5694 τοῦτο
774 5641 978 5703 τέλειος
1020 5641 1151 5704 Θεὸς
1196 5641 1224 5692 δ
1261 5641 1474 5710 Πατὴρ,
1520 5640 1726 5701 τέλειος

191 5730 300 5796 Θεὸς
317 5731 343 5786 6
363 5737 503 5799 Υἱὸς,
534 5734 738 5797 τέλειος
762 5734 891 5796 Θεὸς
916 5735 975 5786 τὺ
1001 5733 1225 5802 Πνεῦμα
1249 5734 1309 5785 τὸ
1332 5734 1508 5801 ᾶγιον,
1536 5733 1724 5801 ἐπειδὴ

193 5818 270 5898 $ng
305 5825 466 5892 αὐτὴν
502 5826 592 5877 καὶ
646 5824 771 5895 μίαν
819 5826 1045 5881 ἕκαστῖν
1085 5825 1344 5894 ἀνελλιπῆ
1379 5825 1470 5878 καὶ
1513 5821 1721 5877 τελείαν

1831 5376 1992 5416 unam
2039 5359 2422 5424 substantiam,
2458 5375 2626 5413 unum
2672 5375 2920 5430 regnum,
2957 5375 3118 5413 unam
3173 5369 3405 5428 patesta-

1833 5465 1966 5518 tem,
2002 5467 2163 5505 uuam
2211 5450 2612 5519 elﬁcacitatem,
2647 5469 2817 5507 unum
2870 5453 3183 5517 consilium,
3237 5467 3403 5505 unum

1836 5545 2149 5614 imperium,
2184 5561 2346 5597 unum
2380 5544 2742 5606 detninatum,
2779 5549 2830 5599 in
2867 5560 2970 5599 una
3021 5545 3324 5600 substantia
3354 5555 3410 5599 et

1837 5646 2032 5690 natura
2062 5635 2443 5688 sanctissima:
2469 5635 2757 5691 Trinitatis
2790 5638 3135 5706 agnoscimus
3157 5680 3171 5701 ,
3208 5651 3316 5689 non
3351 5634 3406 5703 in

1837 5743 1999 5780 unam
2046 5741 2359 5794 personam,
2405 5728 2487 5779 vel
2534 5744 2696 5782 unam
2749 5729 3084 5797 ltypostasim
3135 5743 3251 5781 eam
3281 5740 3406 5789 con~

1835 5821 2143 5875 {:tndrtitcs.
2177 5820 2299 5873 lthO
2337 5818 2614 5888 perlectus
2642 5819 2784 5873 Deus
2811 5830 2891 5874 est
2925 5818 3106 5879 Pater,
3133 5818 3404 5886 perlectus
