4128 6316
686 336 760 400 63
1863 345 2116 407 CONST.
2175 346 2654 410 IIAllMENOPU
2669 349 2739 408 LI
3910 344 3992 407 64

691 456 838 508 intra
865 467 957 508 sex
985 468 1207 509 menses
1235 453 1370 508 fecer
1389 460 1488 519 int,
1519 457 1848 512 addicuntur
1877 461 1925 514 ei
1957 461 2048 528 qui
2074 461 2277 515 lucrari

2393 464 2552 533 μηδὲν
2581 464 2731 524 ἐντὸς
2763 462 2820 528 ἓξ
2856 461 3046 532 μηνῶν
3075 459 3361 530 δράσαιεν,
3396 459 3472 528 τῷ
3500 459 3792 529 δυναμένῳ
3831 478 3984 528 κερ-

691 546 1041 612 potest;nisi
1096 546 1234 602 forte
1281 547 1542 613 paruerit,
1590 549 1638 598 id
1685 567 1779 602 eos
1834 550 2012 605 facere
2062 553 2274 606 ratione

695 636 1205 698 administrationis,
1238 653 1340 691 non
1396 654 1488 702 per
1519 640 1916 706 negligentiam.

1002 727 1068 780 12
1105 729 1387 781 habitwnd
1413 727 1667 782 Str/natam
1703 730 1972 800 Sep/tiam.

768 818 1016 872 Pontifex
1043 821 1110 873 ad
1155 820 1331 874 locum
1365 823 1744 889 pmnilenlitttn
1793 839 1913 876 sese
1943 840 2044 876 non
2081 826 2272 894 degra-

693 917 803 967 det.
835 915 890 968 Si
926 929 1056 968 vero
1095 916 1496 982 degradaverit,
1559 934 1666 972 non
1727 920 1958 988 amplius
2017 921 2274 976 honorem

691 1006 1054 1076 pontiﬁcalem
1089 1008 1192 1062 sibi
1223 1009 1476 1063 vindicet.

1259 1101 1294 1153 4
1320 1101 1675 1155 Amice/teme.

767 1191 1064 1260 Episeomts
1103 1207 1131 1244 a
1155 1194 1362 1263 synodo
1397 1196 1696 1260 depositus,
1727 1203 1818 1248 aut
1853 1197 2156 1266 presbyter,
2185 1208 2278 1251 aut

695 1281 978 1345 diaconus,
1009 1281 1077 1333 ab
1101 1283 1358 1349 episcopo
1388 1298 1484 1335 suo
1511 1323 1525 1345 ,
1555 1285 1598 1335 si
1649 1285 1775 1350 quid
1813 1285 1966 1337 obire
2002 1288 2141 1338 sacri
2183 1289 2281 1337 mi-

698 1374 904 1429 nisterii
933 1372 1097 1427 fuerit
1127 1388 1309 1438 ausus,
1337 1389 1440 1427 non
1472 1375 1702 1442 amplius
1729 1375 1888 1427 ullam
1923 1377 2279 1432 restitutionis

698 1467 753 1520 in
781 1465 1043 1536 integrum
1117 1481 1266 1534 spem
1314 1467 1553 1530 habeat;
1587 1477 1637 1519 et
1669 1469 1757 1536 qui
1793 1483 1915 1519 cum
1945 1482 2010 1521 eo
2038 1483 2280 1523 commu-

697 1563 905 1622 nicant.
963 1573 1329 1634 segregantor,
1389 1569 1685 1634 [irazsertirtt
1733 1568 1778 1620 si
1830 1566 1991 1621 latam
2043 1564 2092 1616 itt
2155 1578 2279 1616 eum

701 1656 1030 1710 sententiam
1054 1655 1264 1710 norint.

1252 1750 1311 1802 Η
1370 1751 1408 1803 Α
1423 1751 1728 1805 ntiochenw.

775 1837 1094 1906 Episcopus,
1126 1851 1217 1894 aut
1247 1841 1548 1910 presbyter,
1608 1842 1697 1910 qui
1743 1851 1939 1910 praeter
1964 1837 2276 1905 metropoli—
2305 1813 2354 1873 Β

711 1931 822 1982 tani
859 1931 939 1984 sui
981 1932 1314 1985 voluntatem
1361 1934 1427 1985 ad
1457 1934 1834 2000 imperatorem
1894 1931 2052 1995 abiit,
2107 1940 2215 1983 tam
2248 1943 2276 1979 a

704 2022 1110 2086 communione,
1143 2037 1304 2092 quam
1340 2024 1603 2090 dignitate
1637 2035 2027 2078 summovetor.

1289 2115 1320 2166 7
1363 2116 1714 2170 Sardicensis.

781 2207 952 2259 Aiiler
1016 2207 1079 2260 ad
1143 2208 1524 2269 imperatorem
1590 2223 1696 2259 non
1754 2208 1912 2261 abeat
1966 2206 2277 2273 episcopus,

707 2311 870 2365 quam
907 2296 952 2350 si
1005 2295 1314 2361 viduarum,
1357 2305 1413 2349 et
1448 2296 1796 2364 pupillorum,
1845 2305 1900 2348 et
1955 2293 2278 2348 alllictorttm

706 2386 911 2455 justum
944 2387 1306 2457 patrocinium
1347 2387 1608 2453 impellat.

1335 2477 1368 2530 8
1408 2479 1666 2547 ejusdem.

785 2571 878 2623 Sin
909 2571 1022 2638 ipse
1050 2581 1270 2640 propter
1300 2570 1534 2639 aliquam
1566 2571 1873 2637 hnjusmodi
1903 2587 2123 2625 causam
2155 2587 2278 2638 pro-

713 2662 878 2715 ﬁcisci
911 2663 1065 2723 nolit,
1110 2663 1252 2730 quod
1305 2676 1425 2713 cum
1475 2662 1529 2715 in
1568 2662 1763 2716 castris
1806 2664 2138 2718 commorari
2192 2679 2287 2731 pn-

714 2754 858 2816 tleat,
888 2753 1147 2804 diaconus
1176 2751 1472 2821 ahlegator.

1324 2841 1386 2894 9|
1433 2842 1687 2910 ejusdem.

786 2932 1084 3002 Episcopus
1120 2935 1432 3001 episcopum
1467 2933 1568 2985 iter
1599 2931 1884 2986 facientem
1918 2932 2284 2999 conspiciens,

716 3029 931 3082 itineris
961 3044 1178 3081 causam
1235 3029 1529 3096 exquirat;
1577 3042 1637 3080 ac
1677 3024 2285 3096 siquidem-menmi-

717 3121 855 3174 detit
887 3136 1007 3173 eum
1041 3136 1145 3173 non
1187 3121 1255 3173 ob
1286 3121 1521 3189 aliquant
1555 3137 1772 3173 causam
1802 3135 1863 3172 ex
1897 3120 1984 3180 iis,
2025 3099 2163 3181 quas
2194 3119 2286 3168 ele-

722 3213 1162 3276 Ierminavimus,
1217 3213 1284 3264 ad
1348 3213 1750 3280 imperatorem,
1800 3213 1879 3264 vel
1933 3213 2038 3262 alio
2069 3209 2290 3277 prolici-

716 3314 952 3357 scentem
987 3321 1000 3357 :
1037 3305 1231 3359 litteris
1268 3303 1385 3372 ejus
1418 3320 1524 3358 non
1556 3305 1886 3360 snbscribat.
1931 3318 2030 3355 nec
2059 3318 2184 3354 eum
2227 3316 2291 3352 eo

717 3397 1108 3450 communicet.

1278 3485 1346 3539 12
1384 3485 1738 3538 Antiocheme.

796 3576 1105 3646 Depositus,
1133 3578 1237 3632 nisi
1273 3582 1530 3645 majorem
1567 3578 1634 3629 ad
1667 3576 1928 3646 synodum
1963 3588 2020 3627 se
2053 3572 2295 3627 contule—

723 3670 812 3733 rit,
845 3678 900 3724 et
951 3670 1017 3724 ad
1044 3685 1162 3724 eam
1200 3670 1446 3724 retulerit
1477 3670 1541 3721 de
1566 3668 1805 3736 juribus,
1836 3682 1955 3733 qua:
2010 3667 2207 3718 haltere
2238 3681 2296 3718 se

723 3770 898 3828 putat,
954 3761 1048 3815 sed
1099 3761 1413 3829 imperatori
1467 3761 1645 3829 potius
1695 3758 1957 3812 molestus
2009 3757 2197 3819 fuerit,
2230 3772 2297 3809 ne

723 3855 940 3922 quidem
975 3852 1240 3923 purgandi
1288 3853 1371 3907 sui
1404 3852 1581 3906 locum
1624 3851 1844 3913 habent,
1881 3864 1982 3903 nec
2017 3863 2167 3916 spem
2217 3847 2298 3899 fu-

728 3958 862 4001 turae
895 3946 949 4001 in
992 3947 1262 4018 integrum
1305 3945 1691 4000 reStitutionis.

798 4063 868 4116 ΙιΟ
899 4061 1233 4130 Laodiceae,
1261 4072 1309 4115 et
1342 4061 1408 4116 53
1433 4057 1551 4132 [56]
1577 4077 1639 4114 ac
1672 4060 1737 4113 76
1757 4058 2206 4128 Carthaginiensis.

801 4222 902 4288 Qui
947 4230 1174 4275 vocatur
1214 4220 1279 4274 ad
1309 4220 1571 4290 synodum
1615 4220 1929 4288 episcopus,
1975 4219 2140 4286 idque
2205 4232 2302 4286 pro

731 4313 903 4368 nihilo
945 4315 1116 4375 ducit,
1167 4320 1389 4381 excepta
1430 4313 1760 4365 inﬁrmitatis
1810 4327 2002 4376 causa,
2053 4312 2300 4378 increpa-

732 4416 839 4459 tor.
869 4404 964 4459 Sin
1007 4403 1350 4458 multitudine
1383 4418 1478 4456 sua
1514 4402 1705 4463 fretus,
1738 4401 2066 4454 charitatem
2096 4401 2300 4454 frater-

2377 557 2536 607 δᾶναι
2579 552 3140 622 προισκυρούσοωσαν,
3176 554 3224 604 εί
3274 553 3349 619 μή
3385 569 3488 603 που
3521 550 3589 602 δι’
3622 552 3979 618 οίκονομίαν,

2381 645 2494 697 ἀλλ’
2520 646 2639 713 οὐχὶ
2665 643 2733 696 δι’
2764 644 3030 710 ἀμέλειαν
3063 644 3293 712 φανεῖεν
3318 643 3480 694 τοῦτο
3503 640 3815 706 ποιοῦντες.

2667 737 2725 787 '0
2757 736 2834 798 ιβ’
2875 733 2987 802 τῆς
3023 736 3094 787 ἐν
3132 733 3208 801 τῇ
3248 735 3415 803 ’Λγίᾳ
3463 734 3680 802 Σοφίᾳ.

2461 833 2875 902 ’Λρχιερεῦςείς
2906 848 3008 899 την
3036 830 3146 883 τῶν
3181 827 3598 897 μετανοούντων
3620 827 3813 897 χώραν
3841 827 3985 878 ἐαυ-

2377 929 2470 980 τδν
2507 927 2584 995 μὴ
2617 925 3041 988 καταϐιϐαζέτω
3067 940 3082 954 ·
3115 923 3497 985 καταϐιϐάσας
3531 923 3610 984 δὲ,
3641 919 3847 991 μηκέτι
3875 917 3986 983 τῆς

2379 1016 2779 1089 ἀρχιερατικῆς
2815 1015 3208 1068 ἀντιποιείσθω
3239 1014 3432 1082 τιμῆς.

2781 1108 2846 1159 '0
2881 1106 2931 1159 δ’
2959 1106 3073 1174 τῆς
3107 1108 3177 1160 ἐν
3218 1105 3574 1174 Ἀντιοχείᾳ.

2465 1203 2801 1264 Ἐπίσκοπος
2832 1200 2937 1253 ὑπὸ
2965 1181 3188 1252 σννὸδου
3218 1197 3630 1269 καθῃρημένος,
3661 1195 3696 1265 ἢ
3727 1194 3956 1263 πρεσϐύ
3976 1225 3991 1232 -

2381 1311 2562 1365 τερος,
2593 1294 2627 1363 ἢ
2663 1293 2912 1355 διάκονος
2943 1291 3047 1344 ὑπὸ
3071 1289 3166 1343 τοῦ
3211 1290 3351 1342 ιδίου
3395 1288 3730 1350 ἐπισκόπου,
3772 1290 3822 1337 εί
3856 1286 3989 1337 το).-

2386 1386 2579 1456 μήσειὲ
2611 1402 2663 1436 τι
2709 1383 2916 1453 πρᾶξαι
2963 1383 3066 1450 τῆς
3115 1378 3487 1450 λειτουργίας,
3540 1379 3748 1446 μηκέτι
3804 1379 3881 1446 μὴ
3922 1378 3988 1428 δὲ

2382 1477 2888 1537 ἀποκαταστάσεως
2938 1473 3133 1528 ἐλπίδα
3173 1471 3381 1541 ἐχέτω’
3416 1480 3513 1524 και
3563 1471 3612 1520 οἱ
3644 1469 3829 1535 τούτῳ
3859 1486 3990 1518 κοι-

2383 1569 2707 1629 νωνοῦντες,
2751 1566 3232 1636 ἀφοριζὲσοωσαν,
3314 1565 3410 1616 καὶ
3467 1563 3732 1632 μάλιστα,
3781 1561 3832 1611 εἱ
3888 1562 3992 1609 καὶ

2383 1661 2481 1731 τὴν
2512 1661 2631 1712 κατ’
2664 1659 2831 1712 αὑτοῦ
2871 1658 3064 1710 εἰδεῖεν
3092 1658 3392 1724 ἀπόφασιν.

2783 1753 2935 1803 'Oua'
2967 1749 3080 1816 τῆς
3116 1749 3185 1801 ἐν
3228 1747 3585 1814 Ἀντιοχείᾳ.

2465 1845 2795 1906 Ἐπίσκοπος
2858 1843 2891 1912 ἢ
2941 1840 3346 1909 πρεσϐύτερος,
3382 1839 3537 1905 παρὰ
3587 1839 3823 1906 γνώμην
3881 1838 3985 1889 τοῦ

2387 1941 2519 1994 ίδίου
2555 1936 2957 2006 μητροπολίτου
2990 1930 3245 1986 ἀπελθὼν
3278 1930 3417 2001 πρὸς
3452 1930 3701 1998 βασιλέα,
3729 1929 3989 1993 ἀπόϐλη-

2381 2051 2472 2095 τος
2502 2031 2738 2100 γινέσθω
2770 2029 2867 2083 καὶ
2900 2031 3001 2096 τῆς
3041 2025 3355 2087 κοινωνίας,
3386 2024 3482 2076 καὶ
3515 2023 3618 2100 τῆς
3648 2022 3834 2088 ἀξίας.

2816 2122 2880 2174 '0
2907 2118 2950 2177 ζ’
2980 2118 3092 2186 τῆς
3123 2118 3193 2171 ἐν
3223 2114 3513 2186 Σαρδικῆ.

2461 2217 2669 2278 Ἄλλως
2705 2214 2762 2266 δέ
2816 2212 3116 2272 ἐπίσκοπος
3173 2209 3311 2278 πρὸς
3351 2207 3583 2277 βασιλέα
3633 2206 3709 2274 μὴ
3740 2205 3994 2274 ἀπερχέ-

2388 2311 2521 2369 σθω,
2553 2308 2605 2359 εί
2656 2306 2731 2376 μὴ
2759 2303 2971 2374 χηρῶν,
3013 2304 3109 2354 καλ⁵
3145 2300 3429 2370 ὀρφανῶν,
3481 2299 3578 2352 καὶ
3617 2314 3944 2350 καταπονυυ
3969 2326 3991 2336 -

2391 2401 2569 2471 μένων
2597 2398 2782 2452 δικαία
2817 2393 3229 2463 καταναγκάζει
3254 2392 3504 2461 βοήθεια.

2962 2485 3028 2538 Ὀ
3057 2485 3108 2551 η’
3139 2483 3387 2550 ταύτης.

2462 2582 2524 2633 Et
2557 2581 2612 2633 δὲ
2642 2581 2802 2642 αὐτὸς
2831 2576 3090 2630 ἀπελθεῖν
3118 2574 3208 2627 διά.
3256 2591 3309 2626 τι
3356 2570 3563 2624 τούτων
3608 2571 3667 2621 οὗ
3699 2569 3986 2637 βουλεται,

2391 2672 2784 2741 αἰσχυνόμενος
2818 2668 2979 2735 δῆθεν
3011 2663 3313 2734 διατρίϐειν
3363 2664 3422 2714 ἐν
3456 2661 3833 2733 στρατοπέδῳ,
3865 2659 3988 2712 διά·

2392 2782 2546 2825 κονος
2583 2757 3025 2814 ἀποστελλέσθω.

2949 2849 3014 2900 '0
3040 2853 3130 2900 καθ
3162 2847 3411 2911 ταύτης.

2460 2943 2792 3002 Ἐπίσκοπος
2821 2940 3124 2992 ἐπίσκοπον
3174 2936 3430 2989 ὁδεύοντα
3479 2934 3844 3001 θεασᾶιμενος,
3881 2932 3987 2998 τὴν

2391 3036 2573 3089 αἰτίαν
2625 3034 2725 3102 τῆς
2755 3030 3066 3098 ὁδοιπορίας
3128 3029 3450 3096 ἐξεταζέτω
3489 3026 3593 3080 κᾶν
3629 3025 3791 3077 αὑτὸν
3820 3022 3986 3092 εὕρῃ.

2316 3154 2359 3210 C
2398 3127 2471 3196 μὴ
2503 3126 2590 3177 διὰ
2615 3143 2665 3177 τι
2693 3123 2803 3175 τῶν
2834 3124 2966 3192 ἡμῖν
2996 3121 3324 3191 ὁρισθέντων
3360 3120 3392 3188 ἢ
3445 3117 3580 3187 πρὸς
3638 3115 3891 3184 βασιλέα,
3952 3115 3986 3182 ἢ

2395 3217 2659 3286 ἀλλαχόσε
2686 3214 2966 3274 ὁδεύοντα,
3001 3212 3075 3282 μὴ
3116 3213 3228 3274 τοῖς
3251 3209 3420 3263 αὑτοῦ
3478 3209 3810 3277 γράμμασιν
3845 3206 3987 3259 ὐπο-

2397 3309 2675 3379 γραφέτω,
2719 3307 2865 3378 μήτε
2900 3304 3008 3375 μὴν
3036 3304 3185 3372 αὐτῷ
3217 3304 3573 3355 κοινωνείτω.

2792 3488 2852 3542 '0
2885 3487 2957 3552 ιβ’
2989 3486 3102 3554 τῆς
3131 3484 3200 3537 ἐν
3247 3482 3597 3549 Ἀντιοχεία.

2481 3584 2539 3636 '0
2573 3579 2977 3650 καθηρημένος,
3022 3578 3071 3630 εί
3110 3575 3190 3646 μὴ
3215 3575 3308 3626 ἐπὶ
3331 3573 3557 3642 μείζονα
3580 3569 3825 3640 τραποίη
3863 3570 3992 3622 σύν-

2400 3676 2540 3737 οδον,
2601 3674 2692 3727 καὶ
2745 3672 2782 3726 ὃ.
2831 3672 3045 3740 νομίζει
3107 3668 3293 3720 δίκαια
3347 3665 3494 3737 ἔχειν
3549 3665 3991 3734 προσαναφέροι,

2398 3767 2514 3819 ἀλλ’
2589 3763 2832 3833 ἐνοχλοίη
2924 3760 3152 3832 βασιλεῖ,
3213 3759 3351 3828 μήτε
3422 3755 3608 3827 χώραν
3681 3755 3992 3819 ἀπολογίας

2401 3854 2594 3923 ἐχέτω,
2633 3852 2757 3923 μήτ’
2790 3853 2978 3904 ἐλπίδα
3021 3846 3324 3918 μελλούσης
3384 3845 3918 3905 ἀποκαταστάσεως;

2417 4058 2479 4110 '0
2503 4062 2561 4127 μ’
2606 4055 2716 4123 τῆς
2744 4057 2814 4127 ἐκ
2869 4052 3208 4127 Λαοδικείᾳ.
3236 4051 3429 4127 -καίμό
3476 4056 3564 4127 κγ’
3605 4046 3708 4120 [οι.
3735 4046 3851 4120 νς·’]
3893 4048 3991 4101 καὶ

2786 4126 2817 4177 ό
2849 4122 2939 4188 ος¹
2965 4122 3078 4189 τῆς
3126 4121 3197 4175 ἐν
3228 4120 3605 4198 Καρθαγέγη.

2475 4217 2806 4278 Ἐπίσκοπος
2843 4213 3178 4281 καλούμενος
3212 4213 3305 4264 ἐπὶ
3343 4211 3589 4271 σύνοδον,
3626 4210 3722 4263 καὶ
3753 4209 3991 4271 ἀθετῶν,

2407 4313 2454 4361 εἰ
2481 4309 2557 4376 μὴ
2582 4307 2652 4361 δι’
2678 4305 3025 4375 ἀνωμαλίαν,
3047 4301 3400 4371 ἐπιτιμᾶσοω
3432 4317 3447 4332 °
3484 4303 3533 4353 εί
3554 4302 3611 4354 δὲ
3650 4302 3745 4355 καὶ
3771 4300 3852 4369 τῷ
3879 4301 3992 4366 ίδίῳ

2409 4398 2602 4467 πλὴοει
2632 4395 2880 4465 θαρρῶν,
2910 4393 3008 4460 τῆς
3040 4390 3342 4458 ἀδελφικῆς
3379 4391 3603 4458 ἀγάπης
3631 4392 3990 4460 καταφρονεῖ,

732 4514 855 4554 nam
887 4497 1135 4568 despicit,
1191 4497 1542 4564 magistratus
1602 4493 2071 4548 animadversione
2137 4495 2293 4546 casti-

2407 4490 2747 4560 ἀρχοντικῶς
2775 4484 3137 4538 παιδευέσοω.

731 4599 906 4661 gator.

1297 4679 1332 4734 5
1382 4675 1734 4733 Sardicensis.

806 4773 1101 4844 Episcopus
1137 4773 1278 4827 haud
1306 4771 1604 4825 arcessitus
1653 4771 1719 4821 ad
1749 4771 1936 4823 urbem
1989 4784 2055 4822 ne
2090 4777 2300 4836 pergat.

735 4867 801 4922 Et
849 4883 878 4920 a
918 4864 1242 4933 coepiscopo
1275 4861 1542 4915 dissidens
1573 4862 1636 4912 ad
1669 4859 1826 4928 aliam
1863 4860 2197 4927 provinciam
2234 4873 2302 4912 ne

736 4967 993 5026 provocet
1027 4976 1041 5010 :
1080 4957 1181 5010 nisi
1231 4953 1372 5007 forte
1402 4952 1572 5015 visum
1624 4951 1785 5004 fuerit
1822 4951 2076 5017 episeopo
2108 4949 2308 5002 Roma-

740 5068 830 5117 no,
868 5051 1068 5104 debere
1098 5063 1317 5103 causam
1346 5046 1462 5115 ejus
1495 5045 1561 5096 ab
1591 5044 1713 5098 aliis
1741 5044 2021 5111 cognosci.

1353 5140 1386 5195 9
1423 5137 1607 5206 synodi
1644 5136 1695 5188 εί.

810 5235 864 5289 Si
894 5235 1020 5305 quis
1065 5233 1376 5302 episcopus,
1413 5230 1737 5289 elericusve,
1773 5242 1893 5279 rum
1939 5224 2309 5292 metropolita-

741 5348 811 5385 no
839 5325 1267 5383 routroversiam
1303 5323 1519 5388 habeat,
1569 5335 1752 5376 coram
1801 5316 2308 5386 Constantinopoli-

743 5435 871 5479 tano
899 5419 1091 5488 litiget.

1309 5509 1342 5563 5
1366 5566 1369 5567 ν
1392 5505 1750 5565 Sardicemis.

817 5605 1117 5674 Episcopus
1173 5617 1202 5657 a
1252 5602 1589 5668 coepiscopis
1619 5598 1933 5656 damnatus,
1982 5594 2022 5647 si
2080 5591 2310 5647 Romani

746 5696 986 5766 cpisCttpi
1036 5709 1191 5764 opem
1241 5677 1636 5759 imploraverit,
1670 5689 1820 5752 isque
1865 5686 2136 5744 statuerit.
2182 5701 2315 5737 can-

748 5802 864 5843 sam
916 5787 1034 5858 ejus
1065 5801 1090 5839 a
1122 5784 1363 5840 ﬁnitimis
1399 5783 1591 5838 debere
1624 5779 1897 5850 cognosci,
1934 5777 2045 5831 hat.
2104 5779 2159 5831 δι
2193 5791 2313 5829 rur-

2842 4667 2899 4716 Ὀ
2954 4663 2998 4733 γ’
3028 4662 3138 4732 τῆς
3165 4661 3232 4714 ἐν
3265 4660 3554 4728 Σαρδικῇ.

2490 4760 2822 4821 Ἐπίσκοπος
2849 4757 3084 4828 ἄκλητος
3133 4756 3211 4817 είς
3267 4753 3424 4805 πῦλιν
3464 4751 3541 4822 μὴ
3613 4750 3942 4804 διαϐαινὲτω

2410 4854 2505 4908 καὶ
2543 4851 2928 4920 συνεπισκόπῳ
2947 4848 3364 4917 διαφερόμενος,
3394 4843 3563 4912 ἄλλην
3613 4842 3889 4912 ἐπαρχίαν
3921 4842 3992 4910 μὴ

2409 4944 2842 5006 ἐκκαλείσΘω,εί
2885 4944 2960 5011 μή
2993 4959 3099 4994 που
3152 4938 3294 5003 δόξει
3330 4937 3408 4989 τῶ
3452 4934 3671 5004 Ῥώμης
3725 4935 3820 4986 καὶ
3858 4935 3988 5003 παρ’

2411 5036 2591 5097 ἄλλοις
2613 5032 2803 5088 τοῦτον
2832 5030 3115 5102 κριθῆναι.

3012 5122 3076 5175 '0
3102 5119 3148 5175 θ’
3179 5119 3290 5187 τῆς
3317 5118 3389 5172 δ’.

2486 5221 2549 5274 Et
2574 5219 2631 5272 δέ
2659 5236 2742 5278 τις
2767 5216 3064 5276 ἐπίσκοπος
3094 5214 3128 5283 ἢ
3164 5212 3427 5282 κληρικδς
3489 5215 3623 5282 πρὸς
3659 5211 3990 5282 μητροπολί-

2413 5332 2513 5375 την
2537 5307 2934 5381 ἀμφισϐητοίη,
2957 5307 3046 5359 ἐπὶ
3076 5304 3152 5372 τῷ
3183 5304 3816 5363 Κωνσταντινουπὸλεως
3841 5303 3993 5356 δικα-

2418 5405 2616 5471 ζέσθω.

2851 5491 2905 5542 '0
2934 5495 2976 5543 8'
3004 5487 3113 5555 τῆς
3139 5487 3206 5540 ἐν
3254 5485 3532 5554 Σαρδικῇ.

2501 5588 2831 5647 Ἐπίσκοπος
2864 5583 3018 5652 παρά
3040 5582 3147 5633 τῶν
3169 5579 3586 5632 συνεπισκόπων
3617 5577 3990 5648 κατακριϐεὶς,

2422 5683 2468 5735 εἰ
2511 5680 2600 5732 τὴν
2635 5677 2857 5745 ἰ’ὡμης
2894 5672 3308 5735 ὲπικαλέσεται,
3344 5669 3597 5732 κάκεῖνος
3629 5668 3807 5735 ὁρίσει
3848 5669 3994 5736 παρά

2423 5775 2528 5825 τᾶν
2559 5768 2985 5838 ἀγχιστευάντων
3035 5763 3194 5816 αὑτὸν
3248 5762 3523 5832 κριθῆναι,
3583 5757 3836 5828 γινέσθω.
3883 5759 3994 5814 Καὶ
