4128 6316
669 380 731 447 91
1827 386 2090 449 CONST.
2130 381 2699 445 HARMENOPULI
3854 374 3946 436 92

1301 500 1329 549 7
1362 498 1617 565 ejusdem.
2284 495 2335 553 Α

2284 495 2335 553 Α
2936 492 2990 542 '0
3020 490 3068 549 ζ’
3103 491 3342 556 ταύτης.

739 598 798 651 Si
847 597 969 666 quis
1014 604 1193 648 autem
1237 596 1289 647 in
1324 594 1564 661 periculo
1615 594 1969 657 constitutus,
2004 592 2257 662 episcopo

2448 585 2573 638 Ἐὰν
2606 586 2662 638 δέ
2691 604 2774 649 τις
2816 584 3143 639 κινδυνεύων
3168 582 3473 636 ἐπισκόπου
3528 579 3603 651 μὴ
3636 579 3953 650 παρόντος,

668 704 776 743 non
826 698 1112 759 praesente,
1156 687 1264 741 aris
1293 686 1635 741 reconciliari
1671 687 1911 756 petierit,
1942 686 2258 755 episcopum

2365 678 2567 749 αἰτήσῃ
2595 676 3004 745 καταλλαγῆναι
3028 676 3141 737 τοῖς
3163 672 3597 741 θυσιαστηρίοις,
3630 675 3658 725 6
3688 671 3950 738 πρεσϐύ-

666 781 947 849 presbyter
986 781 1301 849 interroget,
1333 794 1397 832 ac
1438 786 1595 847 prout
1630 777 1680 831 ei
1715 791 2034 847 responsum
2070 775 2254 839 fuerit,

2362 787 2518 841 τερος
2540 770 2633 822 τὸν
2656 770 2955 822 ἐπίσκοπον
2977 764 3334 838 δρωτησὰτω,
3365 764 3460 816 καὶ
3482 762 3625 816 κατὰ
3655 761 3714 815 τὸ
3738 762 3952 833 λεχθὲν

673 886 819 945 agat.

2364 862 2558 932 ἐκείνῳ
2593 863 2839 916 ποιείτω.

1301 964 1368 1017 20
1394 963 1648 1033 ejusdem.

2946 954 3009 1005 '0
3037 951 3085 1005 κ’
3117 952 3334 1018 ταύτης

742 1057 1121 1125 Presbyterum
1156 1067 1462 1111 accusatum
1492 1056 1778 1124 episcopus
1804 1070 1934 1110 suus
1960 1053 2258 1118 examinet,

2434 1048 2815 1118 Πρεσϐύτερον
2851 1043 3351 1113 κατηγορούμενος,
3378 1041 3477 1113 σύν
3511 1041 3687 1102 ἄλλοις
3714 1040 3777 1104 ἒξ
3809 1041 3950 1091 επις

671 1165 776 1202 una
807 1165 924 1201 cum
960 1164 1051 1202 sex
1088 1148 1207 1202 aliis
1242 1147 1533 1216 episc0pis,
1570 1162 1705 1215 quos
1746 1156 1896 1199 actor
1922 1154 1975 1199 et
2008 1160 2133 1198 reus
2164 1144 2261 1197 eli-

2367 1143 2612 1199 σκόποις,
2671 1138 2763 1200 οὒς
2811 1141 2838 1190 6
2890 1135 3217 1204 κατηγορῶν
3244 1134 3336 1188 καὶ
3367 1134 3395 1185 6
3451 1133 3950 1202 κατηγορούμενος

674 1252 829 1311 gent;
867 1241 1151 1293 diaconum
1208 1254 1356 1303 vero,
1410 1256 1528 1291 cum
1576 1238 1694 1292 aliis
1747 1238 1916 1291 tribus
1948 1235 2254 1304 episcopis;

2364 1232 2719 1300 αἱρήσονται,
2755 1230 2784 1279 6
2818 1228 2946 1289 ἴδιος
2996 1228 3295 1286 ἐπίσκοπος
3344 1223 3688 1287 ὲξετασάτω·
3741 1222 3947 1274 διάκο-

677 1333 912 1401 reliquos
938 1332 1185 1397 clericos,
1213 1333 1383 1386 solus.
1418 1328 1752 1393 Obscryetur
1781 1337 1958 1381 autem
2000 1337 2054 1379 et
2085 1326 2139 1379 in
2170 1326 2254 1378 his

2364 1339 2452 1373 vov
2479 1322 2560 1386 δὲ,
2594 1322 2691 1373 σὺν
2716 1319 2896 1379 ἄλλοις
2918 1317 3123 1388 τρισίν·
3160 1317 3252 1368 ἐπὶ
3285 1316 3343 1368 δὲ
3371 1315 3481 1367 τῶν
3505 1312 3709 1367 λοιπῶν
3734 1312 3950 1380 κληρι-

676 1424 813 1477 idem
848 1426 1080 1493 spatium
1110 1433 1408 1493 temporum
1439 1422 1540 1491 (1);
1579 1422 1720 1491 quod
1757 1421 1812 1474 in
1839 1419 2135 1490 episcopis.

2365 1414 2497 1479 κῶν,
2536 1414 2717 1481 μόνος.
2748 1413 2929 1464 Ἔστω
2981 1411 3036 1463 δὲ
3078 1411 3171 1463 καὶ
3201 1410 3291 1461 ἐπὶ
3323 1408 3529 1461 τούτων
3572 1408 3605 1475 ἡ
3654 1406 3795 1475 αὐτὴ
3827 1405 3953 1457 τῶν

2402 1507 2574 1574 αιρῶν
2615 1503 2935 1574 προθεσμία,
2972 1506 3006 1572 ἡ
3038 1503 3130 1554 καὶ
3155 1502 3246 1553 ἐπὶ
3278 1492 3387 1553 τῶν
3417 1500 3753 1553 ἐπισκόπων.

1269 1600 1340 1653 25
1374 1599 1631 1667 ejusdem.

2940 1594 2995 1645 Ὀ
3041 1593 3121 1647 κε’
3151 1595 3394 1658 ταύτης.

748 1691 849 1756 Qui
883 1706 1035 1746 sacra
1075 1701 1329 1753 tractant,
1368 1706 1397 1745 a
1446 1690 1764 1761 cenjugibus
1825 1690 2155 1745 abstineant.
2206 1689 2259 1742 Id

2432 1688 2497 1742 Oi
2530 1686 2597 1740 τὰ
2656 1686 2777 1757 ιερὰ
2832 1687 3358 1756 μεταχειριζόμενοι,
3410 1689 3473 1738 ἐκ
3527 1684 3635 1736 τῶν
3688 1682 3953 1751 συμϐίων

676 1784 776 1838 nisi
796 1784 1022 1849 faciunt,
1051 1785 1421 1854 deponunlor.
2293 1845 2306 1897 1

2322 1847 2331 1896 ι
2368 1780 2889 1850 ὲγκρατευέσοωσαν
2921 1796 2932 1809 ·
2974 1780 3047 1850 μὴ
3084 1779 3365 1840 ποιοῦντες
3398 1777 3476 1842 δὲ,
3536 1774 3952 1845 καθαιρείσοωο

2368 1889 2493 1926 σαν.

1274 1961 1342 2014 27
1373 1960 1629 2028 ejusdem.

2927 1965 2991 2018 Ὀ
3018 1963 3107 2023 κζ’
3130 1964 3376 2031 ταύτης.

750 2047 1014 2103 Sacerdos
1034 2051 1309 2105 convictus
1328 2061 1382 2105 et
1401 2051 1672 2118 depositus
1693 2064 1863 2119 neque
1886 2058 1939 2103 ut
1965 2050 2136 2104 laicus
2155 2064 2267 2116 pce.-

2451 2059 2771 2128 ’ῐερωμένος
2803 2059 3083 2128 ἐλεγχθεὶς
3116 2057 3213 2110 καὶ
3275 2054 3643 2125 καθαιρεθεὶς,
3690 2054 3831 2122 μήτε
3866 2053 3952 2114 ῶς

678 2140 963 2195 nitentium
999 2158 1163 2211 agens
1201 2158 1386 2196 rursus
1422 2144 1724 2207 ordinator,
1759 2156 1930 2211 neque
1960 2140 2265 2211 rebaptiza-

2365 2150 2553 2211 λαῖκὸς
2620 2148 2898 2218 μετανοῶν
2949 2146 3105 2208 αὖθις
3153 2142 3589 2215 χειροτονεῖσθω,
3654 2141 3790 2208 μήτε
3834 2138 3951 2208 μὴν

680 2240 784 2295 tor,
812 2234 963 2299 quasi
990 2234 1118 2301 quid
1159 2234 1283 2286 inde
1317 2235 1673 2299 ρτοίεοιιιτιιεο
2366 2240 2846 2306 ἀναόαπτιξέσθω,
2880 2239 2954 2300 ὥς
2977 2256 3029 2289 τι
3058 2237 3351 2305 προκόψων
3382 2233 3658 2287 ἐντεῦθεν.

1271 2324 1338 2377 48
1364 2324 1620 2392 ejusdem.

2921 2332 2983 2385 '0
3009 2332 3107 2402 μη’
3137 2332 3381 2396 ταύτης.

764 2411 1256 2481 Rebaptizationes,
1282 2426 1333 2468 et
1358 2416 1561 2469 iterata:
1586 2417 1977 2482 ordinationes,
2003 2428 2056 2473 et
2092 2432 2268 2473 remo-

2451 2426 2894 2490 ’Δναὸαπτίσεις,
2918 2426 3013 2477 καὶ
3043 2420 3569 2493 ἁναχειροτονήσεις,
3592 2410 3689 2467 καί
3711 2429 3952 2482 μετακιο

683 2506 857 2559 tiones
902 2506 1298 2575 episcoporum,
1334 2523 1399 2561 ne
1434 2508 1582 2561 ﬂant.

2367 2521 2549 2587 νήσεις
2581 2518 2913 2580 ἐπισκόπων,
2947 2518 3022 2584 μὴ
3055 2515 3406 2580 γινέσθωσαν.

1315 2599 1377 2652 3|
1410 2601 1666 2667 ejusdem.
2910 2607 2945 2660 't

2910 2607 2975 2661 '0
3007 2608 3102 2661 λα’
3141 2607 3388 2671 ταύτης.

756 2686 855 2753 Qui
890 2690 1149 2744 honorem
1195 2692 1535 2759 ampliorem,
1601 2704 1859 2761 poscente
1919 2696 2265 2763 necessitate,

2454 2702 2515 2754 '0
2549 2700 2722 2770 μείζω
2768 2700 2935 2769 τιμὴν
2965 2696 3379 2765 ἀπωθούμενος,
3428 2696 3677 2765 ἀνάγκης
3737 2694 3949 2748 καλού-

687 2779 954 2847 repudiat,
990 2780 1138 2834 illum
1174 2783 1359 2846 etiam,
1392 2798 1551 2851 quem
1590 2784 1772 2852 habet,
1807 2786 2015 2854 perdet.

1695 2793 1772 2852 tet,
1807 2786 2015 2854 perdet.
2372 2811 2493 2863 σης,
2519 2792 2615 2845 καὶ
2648 2791 2715 2860 ἢν
2746 2789 2862 2861 ἔχει
2899 2788 3325 2858 προσαπολέσει.

1278 2874 1346 2927 29
1369 2874 1631 2942 ejusdem.

2910 2879 2971 2935 '0
2993 2885 3077 2935 κθ
3110 2884 3349 2949 ταύτης.

761 2960 1295 3028 Excommunicatus,
1342 2966 1384 3019 si
1424 2976 1549 3019 ante
1572 2968 2005 3035 compassionem
2026 2984 2271 3026 commu-

2454 2976 2850 3047 Ἀκοινὼνητος
2877 2975 3216 3045 κοινωνήσας
3245 2972 3351 3043 πρὸ
3378 2970 3750 3041 συμπαθείας,
3777 2970 3947 3024 αὐτο-

659 3054 974 3121 'nicaverit,
1003 3059 1348 3125 semetipsum
1380 3058 1619 3113 damnat.

1097 3059 1348 3125 tetipsum
1380 3058 1619 3113 damnat.
2371 3072 2727 3142 κατάκριτος.

1290 3151 1390 3203 104
1415 3151 1673 3217 ejusdem.
2294 3169 2342 3231 ο

2294 3169 2342 3231 c
2938 3159 3000 3211 Ὀ
3023 3158 3115 3225 ρδ⁸
3134 3157 3368 3223 ταύτης.

762 3241 1049 3325 Sacerdos,
1082 3242 1174 3312 qui
1207 3241 1467 3309 judicium
1502 3244 1777 3311 publicum
1832 3245 1900 3301 ab
1935 3247 2267 3317 imperatore

2452 3254 2777 3325 Ἱερωμένος
2826 3248 3093 3322 δημοσίαν
3140 3249 3323 3319 κρίσιν
3363 3245 3513 3315 παρὰ
3554 3244 3820 3315 βασιλέως
3854 3247 3948 3300 αι-

692 3332 845 3399 petit,
883 3332 1189 3400 deponitor.

2367 3344 2496 3407 τῶν,
2523 3341 2922 3414 καθαιρείσθω.

1272 3429 1375 3482 122
1406 3430 1643 3499 ejusdem
1660 3470 1675 3484 .

2913 3433 2967 3485 '0
2984 3432 3125 3500 pxﬂ'
3163 3432 3409 3498 ταύτης.

761 3514 864 3581 Qui
899 3514 965 3568 de
1017 3529 1284 3571 consensu
1327 3523 1600 3574 communi
1643 3522 2117 3589 pronuntiatorum
2148 3538 2271 3578 sen‘

2439 3527 2560 3579 Τῶν
2592 3526 2733 3579 κατὰ
2762 3525 2950 3593 κοινὴν
2969 3524 3272 3576 συναίνεσιν
3312 3521 3655 3592 ἐκλεγέντων
3685 3521 3786 3591 τὴν
3812 3520 3946 3591 κρί-

696 3609 917 3661 tentiam
950 3624 1055 3662 non
1084 3610 1302 3676 accipit,
1332 3614 1729 3667 communionis
1760 3629 1953 3670 exsors
1988 3626 2126 3670 esto.

1760 3629 1953 3670 exsors
1988 3626 2126 3670 esto.
2376 3634 2459 3669 σιν
2481 3620 2508 3671 6
2546 3617 2621 3688 μὴ
2649 3617 2957 3684 δεχόμενος,
2985 3614 3370 3682 ἀκοινώνητος.

1200 3702 1261 3755 Π
1293 3702 1486 3755 Basilii
1517 3702 1722 3775 Magni.
2685 3710 2748 3761 Ὀ
2779 3706 2830 3767 ιζ

2685 3710 2748 3761 '0
2779 3706 2848 3767 ιζ’
2877 3707 2983 3759 τοῦ
3011 3690 3285 3768 Μεγάλου
3313 3706 3666 3760 Βασιλίς-[ου.

769 3790 1073 3859 Presbyter,
1131 3793 1219 3861 qui
1276 3807 1370 3859 per
1419 3795 1754 3850 coactionem
1800 3794 2024 3862 iuravit.
2062 3812 2121 3851 se
2162 3813 2266 3850 non

2446 3800 2827 3871 Πρεσϐύτερος
2857 3798 2927 3850 δι’
2954 3798 3201 3864 ἀνάγκην
3231 3799 3435 3866 ὀμόσας
3478 3801 3550 3867 μὴ
3582 3799 3954 3867 λειτουργεῖν,

698 3883 971 3937 obiturum
1019 3883 1375 3938 ministerium
1430 3900 1663 3947 sacrum.
1719 3887 1763 3941 si
1816 3888 2278 3958 factieumpmni-

2379 3892 2823 3964 μεταμελόμενος
2854 3888 2959 3960 ἰδίᾳ
2991 3890 3082 3940 καὶ
3119 3888 3194 3957 μὴ
3224 3887 3462 3958 δημοσίᾳ
3494 3886 3911 3959 λειτουργεὶτω,

693 3984 830 4044 ωσι,
855 3975 1127 4043 privatim,
1165 3989 1271 4029 non
1299 3978 1532 4045 publice,
1561 3992 1715 4031 sacro
1744 3977 1981 4049 fungitor
2006 3980 2203 4039 ofﬁcio.

1222 4066 1289 4119 70
1318 4058 1508 4119 Basilii
1545 4067 1750 4135 Magni.
2705 4067 2768 4121 '0
2790 4065 2836 4121 0'

2705 4067 2768 4121 '0
2790 4065 2836 4121 0'
2870 4065 2976 4120 τοῦ
3000 4064 3283 4133 Μεγάλου
3308 4066 3653 4119 Βασιλείαν.

776 4155 1062 4221 Diaconus,
1109 4157 1192 4209 vel
1251 4156 1555 4225 presbyter.
1607 4159 1788 4224 quise
1819 4159 2082 4227 pollutum
2128 4160 2281 4215 labiis

2452 4162 2712 4222 Διάκονος
2740 4161 2770 4229 ἥ
2803 4157 3178 4228 πρεσϐύτερος
3201 4156 3543 4224 ὁμολογήσας
3564 4153 3769 4224 χείλεσι
3794 4170 3956 4223 μιαν-

704 4247 882 4303 fassus
904 4247 1084 4313 fuerit,
1110 4263 1137 4299 a
1164 4248 1461 4302 ministerio
1480 4237 1920 4314 sacroexizlusus,
1945 4262 2281 4306 sacramenta

2384 4238 2565 4323 Θῆναι,
2621 4252 2718 4319 τῆς
2753 4247 3102 4318 λειτουργίας
3154 4246 3414 4315 ειρχθεὶς,
3446 4245 3553 4297 τῶν
3590 4245 3958 4312 ἀγιασμάτων

704 4340 963 4409 percipiat
991 4354 1115 4392 cum
1145 4339 1514 4393 diaconis-aut
1543 4342 1894 4410 presbyteris.
1930 4342 2025 4396 Sin
2076 4344 2281 4412 aliquid

2388 4343 2665 4413 μετεχέτω
2697 4342 2834 4411 μετὰ
2887 4339 2998 4392 τῶν
3057 4338 3384 4408 διακόνωνῆ
3443 4337 3859 4406 πρεσϐυτέρων.
3898 4337 3964 4389 Ei

707 4432 868 4487 etiam
898 4432 1129 4500 amplius
1153 4446 1273 4487 eum
1302 4434 1639 4487 commisisse
1688 4436 1949 4502 paruerit,
1978 4436 2280 4504 deponitor-
2315 4495 2337 4504 _

2330 4496 2351 4504 _
2386 4435 2518 4487 δέτι
2558 4434 2655 4486 καὶ
2685 4432 2847 4484 πλέον
2875 4430 3064 4482 τούτου
3102 4430 3297 4499 φανείη
3349 4429 3707 4499 ἡμαρτηκὼς,
3755 4428 3960 4481 καθαι-

2315 4495 2359 4549 D
2393 4524 2610 4593 ρείσθω.

1322 4612 1345 4663 1
1379 4611 1692 4681 Ancyranw.
2844 4619 2886 4669 0
2916 4632 2952 4667 a

2844 4619 2886 4669 0
2916 4615 2969 4667 α’
2993 4613 3098 4681 τῆς
3126 4614 3198 4666 ἐν
3243 4613 3518 4680 Ἀγκύρῃ.

777 4705 1087 4774 Presbyter,
1110 4702 1199 4769 qui
1229 4717 1325 4771 per
1364 4704 1695 4757 coactionem
1728 4704 2063 4759 dzcm'onibus
2100 4706 2292 4761 inuno-

2462 4705 2840 4775 Πρεσϐύτερος
2894 4707 2922 4757 ό
2948 4706 3015 4757 δι’
3056 4706 3305 4771 ἀνάγκην
3353 4705 3464 4765 τοῖς
3514 4702 3734 4769 δαίμοσι
3766 4701 3962 4766 θύσας,

710 4796 924 4855 laverit,
968 4811 1033 4849 ac
1063 4795 1259 4849 deinde
1302 4810 1491 4848 rursus
1524 4802 1805 4847 certamen
1834 4794 2077 4856 iuiverit,
2120 4798 2291 4850 hono-

2392 4794 2509 4851 εἶτα
2542 4798 2942 4861 ἀναπαλαίσας,
2977 4797 3082 4863 τῆς
3106 4796 3206 4864 μὲν
3235 4795 3401 4864 τιμῆς
3436 4793 3711 4863 μετεχέτω
3738 4794 3834 4845 καὶ
3863 4794 3965 4861 τῆς

707 4892 784 4944 ris
814 4890 1051 4956 quidem,
1088 4902 1152 4940 ac
1182 4887 1329 4941 sedis
1364 4889 1631 4954 particeps
1666 4897 1821 4939 esto:
1855 4888 1947 4939 sed
1978 4877 2111 4941 nihil
2135 4889 2291 4947 obeat

2393 4890 2683 4960 καθέδρας,
2716 4890 2881 4959 μηδὲν
2914 4889 3046 4941 δέτι
3075 4887 3181 4941 τῶν
3213 4885 3507 4956 ἱερατικῶν
3547 4885 3962 4954 λειτουργείτω.

707 4998 894 5037 eorum
923 4998 1041 5050 qua:
1072 4980 1138 5033 ad
1166 4980 1499 5035 sacerdotale
1526 4996 1718 5035 munus
1746 4980 2039 5049 pertinent.

1343 5069 1376 5121 2
1402 5070 1657 5136 ejusdem.

2983 5071 3038 5121 '0
3059 5069 3119 5133 ,ϐ’
3143 5068 3380 5133 ταύτης.

782 5161 1044 5215 Similiter
1079 5168 1131 5213 ct
1176 5160 1450 5212 diaconus.
1513 5158 1758 5211 intendat
1794 5169 1971 5211 autem
2027 5151 2291 5227 [pmnmn]

2477 5165 2751 5226 Ὡσαύτως
2794 5164 2881 5217 καὶ
2918 5164 3181 5224 διάκονος·
3215 5160 3532 5213 ὲπιτεινέτω
3564 5158 3621 5211 δὲ
3652 5161 3679 5211 6
3722 5160 3962 5213 ἐπίσκοο

711 5256 1017 5323 episc0pus,
1061 5252 1143 5305 vel
1176 5252 1404 5315 minuat,
1442 5264 1537 5319 pro
1581 5250 1817 5318 ipsorum
1851 5248 2185 5315 pcenitcntia:
2213 5262 2297 5299 ra-

2176 5264 2185 5299 !
2213 5262 2297 5299 1⁸³-
2399 5277 2520 5322 πος,
2544 5259 2577 5327 ἢ
2604 5259 2926 5326 ἀφαιρείτω,
2955 5255 3088 5322 πρὸς
3119 5254 3217 5324 τὴν
3244 5252 3451 5308 τούτων
3490 5252 3806 5323 μετάνοιαν.

715 5350 878 5401 done.

1238 5436 1271 5489 5
1301 5436 1493 5489 Ital)in
1526 5437 1579 5488 in
1608 5435 1815 5489 Trulla.
2823 5435 2868 5486 ’ζ

2823 5435 2885 5486 '0
2914 5433 2962 5501 τ’
2996 5432 3105 5499 τῆς
3134 5432 3203 5484 ἐν
3241 5431 3518 5497 Τρούλνίῳ

792 5529 1110 5584 Sacerdotes
1154 5539 1208 5582 et
1246 5529 1475 5593 diaconi,
1537 5538 1801 5597 quotquot
1830 5539 1953 5582 ante
2004 5525 2292 5582 concilium

2483 5529 2665 5596 Ἰερεῖς
2695 5528 2787 5577 καὶ
2820 5525 3081 5585 διάκονοι,
3116 5524 3230 5574 ὅσοι
3257 5523 3362 5591 πρὸ
3392 5522 3492 5589 τῆς
3521 5521 3679 5590 ἡμῶν
3712 5524 3965 5575 σύνελεύ..

722 5623 823 5675 hoc
859 5631 1100 5675 nostrum
1154 5620 1339 5673 illicito
1386 5622 1603 5689 nuptias
1648 5622 1933 5679 iterarunt.
1977 5630 2069 5672 aut
2105 5619 2295 5671 viduas

2402 5638 2536 5675 asto;
2567 5618 2817 5687 ἀΟὲσμως
2841 5618 2961 5667 δυσὶ
2985 5615 3413 5680 προσωμίλησαν
3446 5614 3667 5677 γάμοις,
3726 5614 3757 5682 ἦ
3790 5616 3961 5685 χήρας

801 5800 876 5869 (l)
920 5800 1028 5857 [loc
1061 5810 1163 5870 cst,
1195 5801 1330 5857 idem
1368 5803 1505 5870 dies,
1540 5813 1594 5856 ut
1619 5800 1812 5855 Jurisc.
1846 5802 2161 5870 loquuntur.
