4128 6316
649 381 711 449 9|
1806 386 2070 449 CONS’I‘.
2109 381 2678 445 HARMENOPULI
3828 375 3907 438 92

1281 501 1309 549 7
1342 498 1598 566 ejusdem.
2265 495 2317 554 Α

2265 495 2317 554 Α
2917 492 2970 542 ’0
3000 490 3047 550 ζ’
3083 491 3323 556 ταύτης.

720 599 778 653 Si
828 598 949 667 quis
994 604 1172 649 autent
1217 597 1270 648 in
1304 595 1544 662 periculo
1594 595 1948 658 constitutus,
1983 594 2238 663 episcopo

2428 586 2553 638 Ἐὰν
2587 586 2643 639 δέ
2671 604 2754 650 τις
2797 584 3124 640 κινδυνεύων
3150 583 3455 637 ιπισκόπου
3510 579 3585 651 μὴ
3618 580 3921 650 παρόντος,

648 705 756 745 non
806 698 1092 760 praesente,
1136 688 1244 741 aris
1273 687 1614 742 reconciliari
1651 687 1891 757 petierit,
1922 687 2238 755 episcopum

2344 679 2547 749 αἰτήσῃ
2576 677 2984 746 καταλλαγῆναι
3009 677 3121 738 τοῖς
3144 672 3579 742 θυσιαστηρῐοις,
3612 675 3639 725 6
3669 672 3915 738 πρεσϐύ-

646 782 926 851 presbyter
966 782 1281 849 interroget,
1314 795 1377 833 ac
1418 786 1575 848 prout
1610 778 1660 832 ei
1695 792 2014 847 responsum
2050 776 2235 840 fuerit,

2342 788 2498 841 τερος
2522 771 2614 822 τὸν
2637 771 2935 823 ἐπίσκοπον
2957 765 3314 838 ὲρωτησάτω,
3345 764 3442 816 καὶ
3464 763 3608 817 κατὰ
3636 762 3695 815 τὸ
3720 762 3919 833 λεχθὲν

653 887 800 946 agat.

2344 863 2539 933 ἐκείνῳ
2574 863 2820 917 ποιείτω.

1282 964 1348 1019 20
1375 964 1628 1035 ejusdem.

2926 955 2990 1006 '0
3018 951 3066 1006 κ’
3098 953 3315 1018 ταύτης

721 1058 1102 1127 Presbyterum
1136 1068 1443 1112 accusatum
1472 1057 1759 1125 episcopus
1784 1070 1914 1111 suus
1940 1054 2239 1119 examinet,

2415 1049 2795 1119 Πρεσϐύτερον
2832 1044 3331 1114 κατηγορούμενος,
3358 1042 3458 1113 σὺν
3492 1041 3668 1102 ἄλλοις
3694 1040 3755 1104 ἒξ
3784 1041 3916 1091 imis

652 1166 756 1203 una
787 1166 905 1203 cum
940 1166 1031 1203 sex
1068 1149 1187 1203 aliis
1222 1149 1513 1217 episcopis,
1550 1164 1685 1215 quos
1726 1157 1877 1201 actor
1902 1155 1955 1200 et
1989 1160 2113 1200 reus
2144 1144 2241 1198 eli-

2347 1144 2593 1201 σκόποις,
2652 1138 2743 1202 οὒς
2792 1141 2820 1191 6
2871 1136 3197 1205 κατηγορῶν
3225 1134 3317 1188 καὶ
3348 1134 3376 1186 6
3432 1133 3918 1203 κατηγορούμενος

654 1254 809 1313 gent;
847 1242 1131 1295 diaconum
1188 1256 1336 1305 vero,
1390 1257 1509 1292 cum
1557 1240 1675 1293 aliis
1727 1238 1897 1292 tribus
1928 1236 2235 1305 episcopis;

2345 1234 2699 1301 αἱρήσονται,
2736 1231 2765 1280 ὁ
2798 1229 2926 1290 ἴδιος
2977 1229 3275 1286 ἐπίσκοπος
3325 1223 3669 1287 ἑξετασάτω’
3723 1222 3916 1275 διάκοο

656 1312 893 1401 reliquos
919 1334 1166 1398 clericos,
1193 1334 1363 1387 solus.
1398 1329 1732 1395 Obscryetur
1762 1338 1939 1382 autem
1980 1338 2034 1381 et
2066 1328 2119 1380 in
2150 1327 2235 1379 his

2345 1340 2433 1375 vov
2460 1322 2541 1387 δὲ,
2575 1323 2672 1375 σὺν
2697 1320 2877 1380 ἄλλοις
2899 1318 3104 1388 τρισίν·
3140 1317 3233 1368 ἐπὶ
3266 1316 3324 1368 δὲ
3351 1315 3462 1367 τῶν
3486 1314 3689 1367 λοιπῶν
3714 1312 3918 1380 κληρι-

657 1426 794 1479 idem
828 1427 1061 1494 spatium
1091 1435 1388 1495 temporum
1420 1424 1521 1493 (l);
1560 1424 1701 1492 quod
1738 1423 1793 1476 in
1820 1420 2115 1491 episcopis.

2346 1416 2478 1480 κῶν,
2517 1416 2698 1482 μόνος.
2728 1414 2910 1465 Ἔστω
2961 1412 3017 1463 δὲ
3058 1412 3152 1462 καὶ
3182 1410 3272 1462 ἐπὶ
3304 1408 3510 1461 τούτων
3554 1408 3587 1476 ὴ
3635 1406 3773 1475 αὑτὴ
3802 1405 3924 1458 τῶν

2382 1509 2555 1575 αιρῶν
2596 1504 2916 1575 προθεσμία,
2953 1506 2986 1573 ἠ
3018 1503 3111 1554 καὶ
3135 1502 3227 1553 ἐπὶ
3259 1491 3367 1553 τῶν
3398 1500 3734 1553 ἐπισκόπων.

1250 1602 1321 1655 25
1354 1600 1611 1669 ejusdem.

2920 1594 2975 1646 Ὀ
3021 1594 3101 1647 κε’
3131 1595 3374 1659 ταύτης.

728 1693 830 1758 Qui
863 1708 1016 1747 sacra
1056 1703 1309 1754 tractant,
1348 1708 1377 1746 a
1427 1692 1745 1762 conjugibus
1805 1691 2136 1747 abstineant.
2186 1690 2241 1743 hl

2412 1689 2479 1743 Οἱ
2511 1688 2578 1741 τὰ
2637 1687 2758 1757 ίερὰ
2812 1688 3339 1757 μεταχειριζόμενοι,
3390 1688 3455 1737 ἐκ
3508 1684 3617 1737 τῶν
3670 1682 3926 1751 συμϐίων

657 1786 756 1840 ιιὶδί
776 1786 1003 1851 faciant,
1032 1787 1402 1855 depouuutor.
2274 1845 2287 1897 1

2295 1846 2312 1898 3
2348 1781 2869 1851 ὲγκρατευέσθωσαν
2902 1797 2913 1809 ·
2954 1780 3028 1850 μὴ
3064 1780 3346 1841 ποιοῦντες
3380 1777 3457 1843 δὲ,
3516 1774 3925 1845 καθαιρείνιθωο

2349 1890 2475 1927 σαν.

1254 1962 1323 2015 ‘27
1353 1961 1610 2029 ejusdem.

2908 1966 2971 2018 '0
2999 1963 3087 2024 κζ’
3110 1964 3356 2031 ταύτης.

730 2048 995 2103 Sacerdos
1014 2052 1289 2105 convictus
1309 2062 1363 2106 et
1381 2052 1652 2119 depositus
1673 2065 1843 2120 neque
1867 2059 1921 2103 ut
1946 2050 2117 2105 laicus
2136 2064 2248 2117 pce-

2432 2060 2752 2129 ’ῐερωμένος
2784 2060 3063 2129 ἐλεγχθεὶς
3097 2058 3193 2111 καὶ
3256 2054 3625 2125 καθαιρεθεὶς,
3673 2054 3810 2122 μήτε
3844 2052 3929 2114 ὡς

659 2142 944 2195 nitentium
979 2160 1143 2213 agens
1182 2159 1367 2197 rursus
1403 2145 1705 2207 ordinator,
1739 2157 1911 2212 neque
1940 2141 2246 2211 rebaptiza-

2347 2150 2534 2212 λαῖκὺς
2601 2148 2878 2219 μετανοῶν
2929 2146 3085 2209 αὖθις
3134 2142 3573 2215 χειροτονείσθω,
3636 2141 3771 2209 μήτε
3813 2138 3929 2209 μὴν

662 2242 765 2296 tor,
792 2235 943 2300 quasi
972 2235 1099 2302 quid
1140 2235 1264 2287 inde
1298 2236 1654 2300 profecturus.

2348 2241 2827 2307 ἀναϐαπτιζέσθω,
2860 2239 2935 2301 ὥς
2958 2256 3009 2291 τι
3038 2237 3333 2306 προκόψων
3363 2234 3639 2288 ἐντεῦθεν.

1252 2324 1319 2379 48
1345 2325 1600 2393 ejusdem.

2902 2332 2963 2386 Ὀ
2989 2333 3088 2402 μη¹
3118 2332 3362 2397 ταύτης.

744 2412 1237 2482 Rehaptizationes,
1263 2426 1314 2469 et
1339 2422 1542 2470 iterata:
1568 2418 1959 2483 ordinationes,
1984 2428 2038 2474 et
2073 2433 2249 2474 remo—

2433 2427 2875 2491 ’Ᾱναϐαπτίσεις,
2898 2426 2993 2477 καὶ
3023 2420 3550 2494 ἀναχειροτονήσεις,
3574 2412 3671 2468 καί
3693 2430 3931 2484 μετακιο

664 2507 838 2560 ti0nes
882 2508 1279 2577 episcoporum,
1314 2523 1380 2561 ne
1415 2508 1563 2562 ﬁunt.

2349 2522 2531 2587 νήσεις
2562 2518 2894 2581 ἐπισκόπων,
2928 2518 3003 2585 μὴ
3035 2516 3388 2581 γινέσθωσαν.

1296 2600 1358 2653 51
1393 2601 1647 2668 ejusdem.
2891 2608 2926 2660 't

2891 2608 2955 2661 '0
2989 2608 3083 2661 λα’
3122 2608 3370 2672 ταύτης.

736 2688 836 2753 Qui
870 2690 1129 2745 honorem
1176 2693 1516 2759 ampliorem,
1582 2705 1840 2762 poscente
1901 2697 2247 2763 necessitate,

2435 2703 2497 2754 Ὀ
2530 2700 2704 2771 μείζω
2749 2700 2916 2770 τιμὴν
2946 2696 3361 2766 ἀπωθούμενος,
3410 2696 3659 2765 ἀνάγκης
3718 2695 3930 2749 καλού-

667 2780 935 2848 repudiat,
971 2781 1119 2835 illum
1154 2784 1341 2847 etiam,
1372 2800 1532 2851 quem
1572 2784 1754 2853 habet,
1788 2786 1997 2854 perdet.

1676 2794 1754 2853 >et,
1788 2786 1997 2854 perdet.
2354 2811 2475 2863 σης,
2501 2793 2597 2846 καὶ
2629 2792 2697 2861 ἢν
2728 2789 2843 2861 ἔχει
2880 2788 3306 2858 προσαπολέσει.

1259 2875 1327 2929 29
1350 2876 1613 2943 ejusdem.

2891 2879 2953 2936 '0
2975 2886 3059 2936 κθ¹
3091 2884 3330 2950 ταύτης.

742 2962 1276 3029 Excommunicatus,
1322 2967 1365 3020 si
1405 2978 1529 3021 ante
1553 2969 1987 3037 compassionem
2008 2984 2255 3027 commu-

2436 2976 2832 3048 ’Ᾱκοινὼνητος
2859 2975 3198 3045 κοινωνήσας
3227 2973 3332 3043 πρὸ
3359 2971 3732 3042 συμπαθείας,
3760 2971 3929 3025 αὐτο-

640 3057 648 3066 ’
671 3056 956 3121 nicaverit,
984 3060 1330 3127 semetipsum
1361 3058 1601 3115 damnat.

1080 3060 1330 3127 tetipsum
1361 3058 1601 3115 damnat.
2352 3072 2709 3143 κατάκριτος.

1270 3152 1371 3205 104
1396 3153 1654 3218 ejusdem.
2276 3170 2323 3231 ο

2276 3170 2323 3231 c
2919 3159 2982 3212 '0
3005 3159 3097 3226 ρδ¹
3116 3158 3350 3223 ταύτης.

743 3242 1030 3327 Sacerdos,
1064 3243 1155 3312 qui
1188 3242 1448 3310 judicium
1484 3245 1758 3313 publicum
1813 3246 1881 3301 ab
1916 3249 2249 3319 imperatore

2433 3254 2757 3325 Ἰερωμένος
2807 3249 3075 3322 δημοσίαν
3122 3250 3305 3320 κρίσιν
3345 3246 3496 3316 παρὰ
3537 3245 3802 3315 βασιλέως
3833 3247 3930 3300 αἱ·

673 3333 826 3400 petit,
864 3333 1170 3401 deponitor.

2349 3346 2478 3408 τῶν,
2504 3342 2905 3414 καθαιρείσθω.

1253 3430 1357 3483 122
1387 3432 1656 3499 ejusdem.

2895 3433 2949 3485 '0
2966 3432 3107 3501 ρλβ’
3146 3433 3392 3499 ταύτης.

743 3515 845 3581 Qui
880 3515 947 3569 de
998 3530 1265 3572 consensu
1308 3524 1582 3575 communi
1624 3523 2098 3590 pronuntiatorum
2130 3539 2253 3579 sen-

2420 3527 2542 3581 Τῶν
2574 3527 2715 3580 κατὰ
2744 3526 2933 3595 κοινὴν
2951 3524 3255 3577 συναίνεσιν
3294 3522 3637 3592 ἐκλεγέντων
3668 3521 3767 3591 τὴν
3793 3520 3928 3592 κρί-

677 3610 899 3663 tentiam
931 3626 1036 3663 non
1066 3611 1284 3677 accipit,
1314 3615 1711 3669 communionis
1741 3630 1935 3671 exsors
1970 3628 2108 3671 esto.

2356 3635 2441 3671 σιν
2462 3621 2489 3672 ὁ
2527 3619 2604 3689 μὴ
2632 3617 2939 3685 δεχόμενος,
2967 3615 3354 3683 ἀκοινώνητος.
3740 3629 3743 3632 ‘

1180 3703 1244 3755 f7
1275 3703 1468 3756 Basilii
1499 3703 1704 3776 Magni.
2667 3710 2730 3761 Ὀ
2761 3707 2810 3767 ιζ

2667 3710 2730 3761 '0
2761 3707 2830 3767 ιζ’
2859 3708 2965 3761 τοῦ
2994 3690 3267 3769 Μεγάλού
3296 3707 3649 3760 Baetis/ou.

750 3792 1055 3861 Presbyter,
1113 3794 1201 3862 qui
1258 3809 1352 3861 per
1400 3786 1736 3851 coactiouem
1781 3795 2006 3864 iuravit,
2043 3814 2103 3852 se
2144 3814 2247 3851 non

2427 3802 2808 3871 Πρεσϐύτερος
2840 3800 2908 3852 δι’
2936 3799 3183 3865 ἀνάγκην
3214 3800 3417 3867 ὀμόσας
3460 3802 3533 3868 μὴ
3564 3799 3934 3867 λειτουργεῖν,

679 3884 953 3938 obiturum
1000 3884 1357 3939 ministerium
1411 3901 1645 3948 sacrum.
1701 3888 1744 3941 si
1797 3889 2061 3942 lactieum
2089 3891 2260 3958 pomi-

2256 3920 2260 3931 ν
2360 3893 2805 3965 μεταμελόμενος
2836 3890 2941 3961 ἰδία
2972 3891 3064 3942 καὶ
3101 3888 3177 3958 μὴ
3206 3889 3444 3959 δημοσίᾳ
3476 3887 3886 3960 λειτουργείτω.

674 3985 811 4046 teat,
837 3976 1109 4044 privatim,
1147 3990 1253 4030 non
1281 3979 1513 4045 publice,
1543 3993 1697 4032 sacro
1726 3978 1963 4049 fungitor
1988 3981 2185 4039 oliicib.

1204 4068 1270 4120 70
1300 4060 1490 4121 Basilii
1526 4069 1731 4136 Magni.
2686 4068 2751 4122 '0
2773 4066 2819 4122 0'

2686 4068 2751 4122 Ὀ
2773 4066 2819 4122 o'
2852 4067 2958 4121 τοῦ
2983 4065 3265 4135 Μεγάλου
3291 4066 3636 4120 Βασιλείουι.

757 4157 1044 4223 Diaconus,
1091 4158 1174 4211 vel
1232 4158 1537 4227 presbyter.
1588 4159 1677 4225 qui
1706 4174 1771 4213 se
1800 4160 2063 4227 pollutum
2109 4161 2263 4215 labiis

2435 4163 2695 4223 Διάκονος
2723 4162 2753 4230 ἦ
2786 4158 3160 4229 πρεσϐύτερος
3183 4157 3525 4225 ὁμολογήσας
3547 4154 3752 4225 χείλεσι
3778 4171 3935 4224 μιαν-

686 4249 863 4305 fassus
886 4248 1066 4315 fuerit,
1092 4265 1119 4302 a
1146 4250 1443 4304 ministerio
1462 4237 1902 4315 sacroexelusus,
1927 4261 2263 4307 sacramenta

2366 4238 2547 4325 θῆναι,
2603 4253 2700 4320 τῆς
2737 4248 3085 4319 λειτουργίας
3136 4248 3396 4317 ειρχθεὶς,
3428 4246 3535 4299 τῶν
3572 4246 3938 4313 ἁγιασμάτων

686 4341 945 4410 percipiat
973 4356 1097 4394 cum
1127 4341 1496 4395 diaconiseut
1525 4342 1875 4411 presbyteris.
1912 4343 2007 4397 Sin
2059 4345 2263 4413 aliquid

2370 4345 2648 4415 μετεχέτω
2680 4343 2817 4411 μετὰ
2870 4340 2981 4392 τῶν
3039 4339 3367 4409 διακόνωνῆ
3426 4338 3841 4407 πρεσϐυτέρων.
3879 4337 3944 4389 Εἰ

688 4433 850 4488 etiam
880 4433 1110 4502 amplius
1135 4448 1255 4488 eum
1284 4435 1621 4489 commisisse
1670 4438 1931 4503 paruerit,
1960 4438 2262 4505 deponitor-
2297 4496 2318 4505 _

2311 4496 2333 4505 λ
2368 4436 2423 4488 δέ
2447 4453 2500 4488 τι
2541 4435 2637 4487 καὶ
2668 4433 2830 4485 πλέον
2858 4430 3047 4483 τούτου
3084 4430 3280 4499 φανείη
3332 4430 3690 4500 ἡμαρτηκὼς,
3739 4428 3941 4481 καθαι-

2297 4496 2342 4550 D
2375 4525 2593 4595 ρείσθω.

1305 4613 1327 4665 1
1361 4613 1674 4682 Antyranm.
2826 4620 2869 4669 0
2898 4632 2935 4667 a

2826 4620 2869 4669 0
2898 4616 2951 4667 a'
2974 4613 3081 4681 τῆς
3109 4614 3181 4666 ἐν
3225 4614 3500 4681 Ἀγκύρῃ.

759 4706 1069 4776 Presbyter,
1091 4704 1180 4771 qui
1212 4719 1307 4773 per
1346 4706 1677 4759 coactionem
1710 4706 2045 4761 daemonibus
2082 4708 2275 4762 immo-

2445 4706 2823 4776 Πρεσϐύτερος
2876 4708 2904 4758 6
2931 4706 2999 4757 δι’
3039 4706 3287 4771 ἀνάγκην
3337 4706 3447 4766 τοῖς
3497 4703 3717 4769 δαίμοσι
3750 4701 3943 4766 θύσας,

692 4798 906 4857 laverit,
950 4813 1015 4850 ac
1044 4796 1241 4850 deinde
1284 4812 1474 4850 rursus
1505 4802 1789 4849 certamen
1816 4796 2060 4857 iuiverit,
2104 4799 2274 4852 hono-

2374 4796 2491 4852 εἶτα
2524 4800 2924 4862 ἀναπαλαίσας,
2960 4797 3064 4863 τῆς
3089 4796 3188 4866 μὲν
3217 4796 3384 4863 τιμῆς
3419 4794 3695 4863 μετεχέτω
3722 4794 3815 4846 καὶ
3844 4794 3948 4861 τῆς

688 4894 765 4946 ris
796 4892 1033 4957 quidem,
1069 4905 1134 4942 ac
1164 4889 1311 4943 sedis
1346 4890 1614 4956 particeps
1648 4898 1803 4941 esto:
1837 4890 1929 4941 sed
1961 4878 2092 4942 nihil
2117 4890 2273 4947 obeat

2374 4892 2665 4960 καθέδρας,
2698 4892 2863 4961 μηδὲν
2896 4890 3028 4941 δέτι
3057 4888 3164 4942 τῶν
3195 4886 3491 4957 ἱερατικῶν
3530 4884 3946 4954 λειτουργείτω.

689 4999 877 5038 corum
905 5000 1023 5051 quae
1054 4982 1121 5036 ad
1148 4983 1481 5037 sacerdotale
1509 4997 1701 5036 munus
1728 4981 2021 5050 pertinent.

1325 5071 1358 5123 2
1384 5071 1639 5138 ejusdem.

2966 5072 3021 5123 '0
3042 5070 3103 5134 ,ϐ’
3125 5070 3363 5134 ταύτης.

764 5163 1027 5217 Similiter
1061 5170 1113 5215 et
1158 5161 1432 5214 diaconus.
1495 5159 1740 5213 lutendat
1776 5169 1953 5213 autem
2010 5152 2273 5228 [pmnam]

2459 5166 2733 5229 Ὡσαύτως
2776 5166 2864 5218 καὶ
2899 5164 3164 5226 διάκονος·
3198 5161 3515 5214 ὲπιτεινέτω
3548 5159 3605 5211 δὲ
3635 5161 3662 5211 6
3705 5160 3947 5213 ἐπίσκο-

693 5258 999 5325 episcopus,
1043 5253 1126 5307 vel
1160 5254 1386 5317 minuat,
1424 5266 1520 5320 pro
1563 5251 1800 5320 ipsorqu
1833 5249 2167 5316 poenitentia:
2194 5264 2279 5301 ra-

2157 5266 2167 5301 ὶ
2194 5264 2279 5301 1'3'
2381 5279 2501 5323 πος,
2526 5261 2559 5329 ἢ
2586 5261 2908 5328 ἀφαιρείτω,
2938 5257 3070 5324 πρὸς
3101 5255 3200 5325 τὴν
3227 5253 3434 5308 τούτων
3473 5253 3787 5323 μετάνοιαν.

696 5352 859 5403 done.

1221 5438 1253 5491 5
1283 5437 1475 5490 habita:
1509 5438 1561 5489 in
1591 5436 1797 5490 Trulla.
2805 5436 2851 5488 ’ζ

2805 5436 2867 5488 '0
2896 5435 2945 5503 γ’
2978 5433 3087 5501 τῆς
3117 5434 3186 5486 ἐν
3224 5432 3501 5499 Τρούλλῳ

774 5531 1093 5586 Sacerdotes
1136 5541 1190 5583 et
1229 5531 1458 5595 diaconi,
1519 5540 1783 5598 quotquot
1812 5540 1935 5583 ante
1986 5526 2275 5583 concilium

2466 5532 2647 5598 Ἱερεῖς
2678 5530 2770 5579 καὶ
2802 5527 3064 5587 διάκονοι,
3099 5525 3213 5576 ὅσοι
3239 5524 3345 5593 πρὸ
3375 5523 3475 5590 τῆς
3504 5521 3661 5591 ἡμῶν
3695 5523 3952 5576 σύνελεύ-

704 5625 805 5677 hoc
842 5633 1082 5677 nostrum
1137 5622 1322 5675 illicite
1369 5623 1585 5690 nuptias
1630 5623 1916 5679 iterarunt.
1958 5630 2052 5673 aut
2087 5620 2277 5673 viduas

2384 5640 2518 5678 astu:
2548 5620 2799 5689 ἀθέσμως
2824 5619 2944 5669 δυσὶ
2968 5617 3396 5683 προσωμίλησαν
3429 5615 3649 5678 γάμοις,
3708 5614 3739 5681 ἢ
3771 5615 3948 5685 χήρας

783 5802 858 5872 (I)
901 5802 1009 5859 Hoc
1043 5812 1145 5871 est,
1177 5803 1313 5859 idem
1351 5805 1487 5871 dies,
1523 5813 1577 5857 ut
1601 5801 1794 5857 Junisc.
1828 5802 2143 5871 loquuntur.
