4128 6316
662 256 765 324 1ιό

1835 254 2094 314 CONST.
2152 251 2711 314 IIARMENOPULI

3788 241 3911 307 116

655 366 831 452 primo
859 364 942 415 die
971 363 1091 418 Maii
1128 364 1378 429 habetur,
1409 378 1439 417 e
1466 362 1700 419 ﬁdelium
1720 366 1988 431 republica
2023 366 2222 419 tollun-

2328 365 2520 435 πρώτῃ
2546 361 2640 415 τοῦ
2672 361 2847 417 Μαΐου
2879 360 3212 429 πανήγυρις,
3250 356 3348 426 τῆς
3391 355 3504 409 τῶν
3541 352 3753 407 πιστῶν
3783 369 3909 406 πο-

656 462 762 509 tor.
797 454 935 518 Quin
970 454 1132 507 etiam
1161 453 1597 508 muliercularum
1623 454 1959 518 saltationes,
1986 468 2037 508 et
2059 454 2219 508 larva:

654 543 892 605 comicae,
919 552 972 596 et
998 544 1239 599 satirica:
1258 552 1312 597 et
1344 544 1583 610 tragica),
1631 552 1686 596 et
1746 545 1801 598 in
1855 544 2219 598 torcularibus

655 635 960 703 imploratio
996 634 1214 701 Bacchi,
1246 642 1299 690 et
1326 635 1468 690 risus
1498 636 1553 690 in
1604 635 1782 701 doliis,
1834 651 1956 690 cum
1987 637 2216 705 primum

652 731 835 780 vinum
899 726 1215 781 aﬂunditur.
1248 725 1347 792 Qui
1383 736 1564 779 autem
1614 726 1667 781 in
1698 726 1783 783 his
1812 728 2079 794 persistit,
2112 726 2220 782 cle-

659 819 797 870 ricns
828 816 1043 883 quidem
1078 815 1379 881 deponitor,
1405 814 1576 869 laicus
1605 829 1733 870 vero
1772 827 2109 886 segregator.

1262 988 1332 1041 65
1368 988 1622 1057 ejusdem.

727 1082 824 1148 Qui
853 1092 977 1135 ante
1005 1081 1243 1136 ofﬁcinas
1274 1083 1329 1136 in
1360 1082 1655 1136 noviluniis
1706 1095 1866 1151 rogos
1894 1084 2218 1150 accendunt,

655 1181 708 1225 et
734 1187 897 1240 super
925 1172 1018 1227 eos
1054 1173 1291 1236 saltant,
1351 1173 1533 1227 clerici
1580 1173 1795 1241 quidem
1861 1177 2218 1241 deponuntor,

659 1264 779 1318 laici
804 1278 930 1321 vero
958 1276 1324 1335 segregantur.

1253 1359 1319 1413 67
1362 1357 1598 1424 ejusdem
1614 1397 1627 1411 .

726 1442 827 1509 Qui
852 1446 1165 1513 sanguinem
1188 1448 1437 1501 animalis
1482 1460 1809 1516 quocunque
1848 1456 2009 1501 medo
2034 1460 2222 1501 come-

657 1538 710 1592 di
722 1548 756 1603 t,
773 1541 1002 1594 clericus
1015 1541 1228 1610 quidem
1248 1543 1550 1609 deponitor,
1565 1543 1875 1598 laicusvero
1891 1548 2220 1610 scgregator.

1253 1635 1317 1687 '77
1358 1634 1613 1702 ejusdem.

723 1720 791 1776 Et
820 1724 916 1789 qui
940 1739 1062 1781 cum
1092 1725 1407 1779 mulieribus
1438 1724 1601 1778 lavat.

1281 1820 1348 1873 79
1386 1800 1641 1888 ejusdem

722 1912 822 1978 Qui
859 1920 979 1982 post
1010 1911 1205 1965 festum
1237 1908 1569 1965 .Nativitatis
1616 1909 1817 1964 Christi
1866 1906 2226 1976 similaginem

651 2000 911 2070 coquunt,
942 2014 1172 2069 eamque
1198 1998 1298 2052 sibi
1333 1998 1559 2052 invicem
1590 1997 1720 2051 dant
1769 2006 2224 2063 tanquam........

652 2089 845 2145 clerici
872 2076 1087 2156 quidem
1115 2086 1418 2156 deponitor,
1448 2084 1575 2140 laici
1605 2097 1736 2141 vero
1769 2092 2149 2155 segregantur.

1248 2261 1318 2315 80
1355 2261 1613 2331 ejusdem.

724 2355 825 2423 Qui
864 2354 1040 2412 tribus
1079 2352 1348 2408 continuis
1400 2350 1593 2406 diebus
1635 2347 1954 2415 Dominicis,
2016 2347 2222 2425 absque

652 2445 971 2517 gravissima
1010 2443 1350 2507 necessitate,
1396 2441 1551 2496 abcst
1598 2440 1664 2495 ab
1713 2438 1969 2507 ecclesia,
1999 2438 2227 2496 clericus

649 2534 866 2607 quidem
898 2532 1203 2603 deponitor,
1236 2531 1402 2586 laicus
1442 2545 1569 2585 vero
1596 2539 1926 2602 segregator.

1238 2622 1308 2679 86
1329 2623 1589 2693 ejusdem.

721 2716 986 2772 Similiter
1013 2723 1070 2771 et
1099 2714 1192 2785 qui
1250 2713 1574 2770 lenocinium
1621 2712 1772 2782 facit,
1823 2713 1890 2769 ad
1923 2711 2223 2771 animarum

652 2808 951 2865 interitum.

1258 2896 1325 2952 88
1364 2896 1619 2967 ejusdem.

720 2987 784 3041 Et
815 2987 906 3055 qui
937 2987 1239 3057 iumentum
1270 2987 1323 3041 in
1362 2986 1620 3055 templum
1678 2984 1999 3051 introducit,
2021 2983 2221 3055 absque

650 3079 826 3148 aliqua
862 3079 914 3134 in
950 3079 1147 3134 itinere
1177 3078 1524 3134 necessitate.

1249 3164 1317 3219 97
1356 3166 1611 3228 ejusdem.
2098 3216 2101 3219 .

719 3253 821 3322 Qui
865 3269 988 3309 cum
1018 3254 1247 3311 muliere
1277 3254 1576 3319 cohabitat,
1609 3268 1673 3308 ne
1697 3253 1916 3323 quidem
1947 3252 1999 3307 in
2038 3251 2223 3320 templi

650 3346 1071 3402 catecliumeniis
1095 3346 1271 3415 degat.
1303 3345 1416 3400 Hoc
1439 3348 1528 3415 qui
1551 3345 1852 3411 transgredi
1868 3354 1976 3403 tur.
1995 3344 2224 3405 clericus

651 3437 865 3506 quidem
898 3437 1220 3505 deponitor,
1250 3437 1423 3491 laicus
1457 3447 1636 3492 autem
1675 3446 2009 3507 segregator.

1256 3526 1321 3579 i3
1358 3528 1613 3596 septimae.

727 3614 825 3680 Qui
862 3613 930 3668 de
956 3616 1295 3671 monasteriis
1344 3617 1615 3679 mundana
1648 3613 1945 3669 diversoria
1998 3612 2223 3677 faciunt,

657 3720 825 3774 caque
856 3721 961 3760 non
990 3709 1283 3762 restituunt
1313 3748 1329 3773 ,
1362 3707 1547 3762 clerici
1590 3707 1810 3778 quidem
1862 3707 2225 3776 deponuntur,

655 3797 782 3851 laici
812 3811 939 3852 vero
975 3810 1348 3868 segregantor.

1097 3889 1168 3944 28
1206 3888 1391 3956 prima:
1416 3904 1478 3941 ac
1513 3885 1775 3945 secunda".

729 3978 829 4043 Qui
863 3986 1073 4035 castrat
1105 3972 1337 4046 aliquem
1367 3979 1446 4032 vel
1475 3995 1569 4033 sua
1594 3996 1778 4045 manu,
1807 3980 2074 4050 veljussu,
2097 3978 2228 4034 abs-

656 4085 759 4136 que
807 4070 974 4123 morbi
1024 4070 1368 4136 necessitate,
1402 4070 1633 4126 clericus
1664 4070 1875 4139 quidem
1918 4069 2225 4140 deponitor,

663 4160 831 4214 laicus
858 4170 1061 4225 autem,
1090 4168 1421 4229 segregator.

1224 4250 1292 4303 28
1330 4248 1666 4307 ιαοάίεεηω.

2248 3039 2295 3103 c
2323 3077 2439 3131 ὁδὸν
2466 3039 2729 3147 ἀνάγκηςι

2325 454 2531 518 λιτείας
2576 451 3095 524 περιαιρείσθωσαν.
3133 446 3294 503 Ἀλλὰ
3327 446 3436 516 μὴν
3488 445 3585 499 καὶ
3638 444 3901 513 γυναίων

2324 546 2602 615 ὀρχήσεις,
2649 547 2744 599 καὶ
2796 545 3118 616 προσωπεῖα
3155 540 3403 611 κωμικὰ,
3437 539 3532 593 καὶ
3588 538 3898 609 σατυρικὰ,

2324 638 2419 689 καὶ
2466 636 2729 707 τραγικὰ,
2764 638 2857 689 καὶ
2906 638 2939 705 ἡ
2971 637 3063 687 ἐπὶ
3095 634 3279 704 ληνοῖς
3322 630 3419 686 τοῦ
3460 630 3719 683 Διονύσου
3768 628 3901 681 επί-

2326 728 2538 794 κλησις,
2573 727 2666 780 καὶ⁵
2702 728 2732 779 ὁ
2778 728 2836 780 ὲν
2872 728 2991 789 τοῖς
3035 724 3214 787 πίθοις
3246 722 3423 793 γέλως
3454 720 3735 789 τηναρχὴν
3764 720 3900 772 ἑπι-

2325 820 2587 888 χεομένου
2623 818 2716 871 τοῦ
2747 819 2915 872 οῐνου.
2954 818 3014 872 Ὀ
3042 817 3098 871 δὲ
3130 816 3342 879 τούτοις
3366 814 3663 883 ἑπιμόνων,
3696 812 3899 880 κληρι-

2326 910 2419 972 κδς
2453 909 2573 979 μὲν,
2611 907 2984 980 καθαιρείσθω
3008 922 3026 940 ⁸
3053 908 3239 970 λαῖκδς
3261 906 3340 973 δὲ,
3372 901 3739 976 ἁφοριζέσθω.

2908 996 2971 1051 '0
2997 996 3075 1062 ξδ’
3104 996 3314 1065 αὐτῆς.

2394 1090 2461 1144 Ol
2493 1091 2551 1143 ὲν
2574 1091 2695 1154 ταῖς
2727 1090 3043 1160 νουμηνίαις
3072 1088 3178 1157 πρὸ
3202 1088 3311 1141 τῶν
3339 1083 3719 1157 ἐργαστηρίων
3746 1098 3897 1152 πυρ-

2327 1182 2486 1244 xuii;
2540 1184 2874 1245 ἀνάπτοντες
2964 1185 3059 1234 καὶ
3115 1179 3566 1250 ὑπεραλλόμενοι,
3628 1174 3900 1243 κληρικοὶ

2331 1268 2453 1338 μὲν,
2492 1268 3007 1338 καθαιρείσθωσανο
3053 1267 3234 1321 λαϊκοὶ
3280 1266 3362 1333 δὲ,
3412 1262 3892 1334 ἁφοριζέσθωσαν.

2897 1360 2960 1413 Ὀ
2992 1358 3075 1423 εἶ’
3109 1356 3321 1423 αὐτῆς.

2407 1448 2468 1506 ’0
2496 1450 2692 1503 ἐσθίων
2739 1446 2880 1520 αἷμα
2919 1451 3063 1514 ζὼου
3096 1449 3393 1519 οίῳδήποτε
3435 1446 3647 1517 τρόπῳ,
3688 1444 3896 1515 κληρι-

2328 1534 2423 1600 κδς
2460 1537 2578 1604 μὶν,
2614 1538 3017 1608 καθαιρείσθωο
3051 1540 3238 1601 λαῖκὺς
3272 1538 3349 1603 δι,
3378 1535 3749 1607 ἀφοριζέσθω.

2899 1631 2962 1683 '0
2995 1628 3076 1688 στ’
3115 1627 3327 1695 αὐτῆς.

2259 1710 2304 1771 Β
2402 1719 2511 1771 Καὶ
2548 1718 2577 1772 ὁ
2610 1720 2823 1787 γυναιξὶ
2856 1722 3267 1790 συλλουόμενος.

2892 1811 2958 1865 '0
2991 1816 3076 1866 οϐ’
3116 1809 3326 1878 αὐτῆς.

2396 1901 2457 1953 Oi
2488 1900 2625 1969 μετὰ
2648 1904 2748 1970 τὴν
2792 1905 2984 1975 ἑορτὴν
3009 1905 3108 1971 τῆς
3145 1903 3241 1958 τοῦ
3286 1902 3527 1974 Χριστοῦ
3576 1901 3901 1973 Γεννήσεως

2326 1990 2604 2057 σεμίδαλιν
2642 1993 2885 2060 ἕψοντες,
2920 1996 3013 2047 καὶ
3042 1995 3245 2064 ταύτης
3274 1994 3522 2062 ἀλλήλοις
3558 1992 3893 2063 μεταδιδὸνο

2325 2097 2419 2142 τες
2449 2082 2524 2144 ὡς
2568 2083 2860 2154 ἑπιλὸχιον,
2892 2085 3145 2155 κληρικοὶ
3197 2085 3321 2155 μὲν,
3362 2084 3847 2155 καθαιρείσθωταν
3876 2097 3891 2111 ·

2325 2172 2503 2226 λαϊκοὶ
2529 2173 2606 2240 δὲ,
2634 2175 3109 2248 ἁφοριζέσθωσαν.

2914 2265 2979 2321 '0
3013 2264 3071 2320 π’
3098 2267 3309 2336 αὐτῆς.

2405 2354 2468 2409 '0
2489 2353 2581 2409 ἐπὶ
2609 2354 2789 2421 τρισὶν
2819 2355 2947 2426 ἑξῆς
2992 2358 3322 2428 Κυριακαϊς,
3354 2359 3598 2427 ἀνάγκης
3636 2357 3758 2426 δίχα
3781 2356 3899 2425 βα-

2329 2445 2586 2516 ρυτάτης,
2612 2446 2711 2516 τῆς
2738 2447 3033 2516 ἐκκλησίας
3062 2449 3594 2518 ἁπολιμπανὸμενος,
3620 2450 3900 2519 κληρικὸς

2329 2535 2450 2606 μὲν,
2484 2534 2854 2613 καθαιρείσθω
2876 2551 2893 2568 ·
2919 2536 3107 2599 λαῖκὸς
3154 2536 3233 2601 δὲ,
3268 2537 3633 2608 ἀφοριζέσθω.

2899 2625 2961 2681 '0
2991 2633 3094 2691 σις’
3119 2626 3328 2695 αὐτῆς.

2405 2716 2677 2781 Ὡσαύτως
2716 2717 2808 2773 καὶ
2832 2718 2861 2772 ὁ
2894 2719 3277 2789 πορνοϐοσκῶν
3307 2719 3399 2773 hri.
3429 2718 3617 2789 ψυχῶν
3641 2717 3886 2789 ὀλέθρῳ.

2882 2898 2948 2949 '0
2977 2898 3076 2965 πη’
3107 2896 3320 2965 αὐτῆς.

2403 2987 2512 3040 Καὶ
2543 2988 2570 3041 ὁ
2596 2987 2793 3054 κτῆνος
2822 2987 2904 3052 είς
2936 2985 3081 3056 ίερδν
3102 2985 3364 3055 εἰσάγων,
3394 2985 3567 3056 χωρίς
3589 3000 3732 3048 τινος
3759 2984 3901 3039 καθ’

2612 3169 2680 3223 '0
2726 3169 3128 3236 ἐνενηκοστὸς
3160 3168 3409 3237 ἕϐδομος
3440 3163 3650 3233 αὐτῆς.

2404 3258 2464 3312 '0
2508 3260 2721 3327 γυναικὶ
2757 3240 3041 3324 συνοικῶν,
3072 3259 3193 3330 μηδ’
3227 3262 3285 3313 ιν
3315 3262 3426 3322 τοῖς
3455 3258 3549 3311 τοῦ
3591 3255 3721 3310 ναοῦ
3751 3273 3898 3310 κατε

2329 3351 2547 3405 οικείτω
2597 3354 3088 3427 κατηχουμενείοδις.
3132 3353 3191 3405 '0
3245 3351 3302 3405 δὲ
3336 3349 3716 3420 παραϐαίνων,
3748 3349 3893 3417 κλη-

2328 3444 2478 3513 ρικὺς
2512 3443 2631 3512 μὲν,
2664 3443 3035 3513 καθαιρείσθω
3056 3460 3069 3474 ·
3104 3443 3290 3505 λαῖκδς
3320 3442 3401 3509 δὲ,
3449 3439 3814 3511 ἀφοριζέσθω.

2904 3535 2968 3587 '0
2997 3532 3066 3604 ιγ’
3091 3534 3202 3601 τῆς
3232 3531 3300 3593 ζ’.

2402 3626 2466 3679 Ol.
2519 3626 2854 3695 μοναστήρια
2909 3625 3151 3695 κοσμικὰ
3203 3622 3484 3685 ποιοῦντες
3541 3620 3891 3687 καταγώγια,

2329 3717 2423 3771 καὶ
2481 3718 2554 3785 μὴ
2601 3704 3098 3781 ἀποκαθιστιῖητες,
3136 3714 3390 3785 κληρικοὶ
3436 3714 3557 3782 μὲν,
3605 3712 3895 3783 καθαιρεί-

2332 3805 2547 3859 σθωσαν
2568 3822 2580 3835 ο
2610 3807 2786 3859 λαῖκοὶ
2814 3806 2891 3869 δὲ,
2922 3805 3395 3875 ἀφοριζὲσθωσαν.

2792 3898 2856 3951 Ὅ
2885 3902 2959 3963 ιη’
2992 3896 3101 3963 τῆς
3135 3901 3187 3950 a’
3227 3894 3327 3949 καί
3352 3894 3435 3959 β’.

2413 3988 2471 4044 ’0
2502 3988 2824 4057 εὐνουχίζων
2868 3990 2988 4041 τινὰ
3016 3988 3048 4059 ἢ
3077 3988 3411 4059 αὐτοχειρίᾳ,
3444 3987 3477 4058 ἤ
3527 3991 3895 4059 ἑπιτάγματι,

2341 4079 2511 4147 χωρὶς
2544 4078 2788 4147 ἀνάγκης
2818 4082 2997 4146 νόσου,
3034 4078 3451 4149 κληρικὺςμὲν,
3484 4079 3852 4151 καθαιρείσθω
3873 4097 3895 4113 ⁶

2333 4170 2520 4231 λαῖκὸς
2542 4169 2618 4233 δὲ,
2658 4170 3024 4238 άφοριζέσθω.

2726 4260 2789 4313 '0
2813 4260 2893 4320 κζ’
2919 4259 3027 4328 τῆς
3065 4260 3134 4313 ἐν
3163 4260 3500 4328 Λαοδικείᾳ.

622 4352 625 4353 ⁷
731 4344 971 4400 Clericus
1017 4352 1115 4398 aut
1168 4343 1339 4397 laicus
1416 4348 1483 4396 ad
1539 4344 1807 4407 comins,
1880 4358 1995 4412 qua:
2058 4360 2223 4414 agape

2412 4348 2683 4419 Κληρικὺς
2713 4349 2745 4418 ἢ
2774 4348 2957 4410 λαῖκδς
2983 4350 3060 4411 είς
3084 4349 3305 4418 ἀγάπην
3335 4349 3583 4416 κληθεὶς,
3618 4348 3782 4419 μέρος
3816 4348 3893 4418 μὴ

665 4437 933 4497 dicuntur,
956 4434 1231 4496 invitatus,
1259 4444 1462 4500 partem
1493 4448 1597 4485 non
1622 4433 1885 4497 accipiat;
1914 4436 2111 4502 quippe
2150 4437 2233 4488 in-

660 4528 854 4593 juriam
879 4524 1054 4590 ordini
1085 4524 1231 4577 facit.
1260 4523 1457 4578 Clerici
1491 4524 1574 4578 vel
1623 4523 1745 4584 laici
1782 4525 1850 4577 de
1898 4525 2036 4595 stipe
2086 4541 2231 4595 sym-

669 4617 816 4686 posia
851 4630 953 4670 non
980 4616 1232 4669 habento.

1218 4700 1527 4760 TITULUS
1577 4702 1667 4759 IV.

724 4797 827 4864 Qui
856 4796 925 4850 ad
953 4795 1265 4861 clericorum
1294 4796 1682 4860 accusationem
1710 4813 1811 4851 non
1844 4798 2179 4855 admittendi.

1034 4890 1216 4948 Canon
1248 4887 1351 4943 128
1390 4888 1838 4959 Carlhaginensis.

738 4982 1059 5051 Segregatus
1098 4980 1163 5034 ad
1196 4979 1516 5038 clericorum
1560 4985 1960 5051 accusationem
2003 4998 2104 5037 non
2135 4984 2229 5038 ad-

667 5074 913 5130 mittitur.

1253 5164 1351 5221 ιεθ
1385 5165 1635 5233 ejusdem.

731 5255 915 5326 Neque
958 5272 1167 5323 servus,
1201 5269 1291 5311 aut
1330 5256 1578 5320 libertus,
1608 5267 1699 5311 aut
1726 5256 2089 5322 insimulatus,
2123 5269 2218 5312 aut

661 5351 877 5417 luimus,
910 5360 1002 5403 aut
1032 5365 1287 5419 paganus,
1318 5357 1410 5402 aut
1441 5349 1744 5413 haereticus,
1776 5360 1868 5402 aut
1896 5346 2134 5403 Judams.

797 5496 800 5500 .
1246 5442 1346 5497 130
1373 5441 1632 5519 ejusdem.

721 5533 831 5586 Nec
861 5534 928 5596 is,
961 5534 1051 5601 qui
1088 5533 1315 5586 diversis
1360 5546 1425 5584 cx
1466 5531 1646 5584 causis
1699 5547 1794 5585 cos
1842 5532 2137 5595 accusavit,
2175 5531 2217 5585 si

656 5629 703 5682 In
740 5645 840 5681 uno
875 5628 1088 5682 mentiri
1126 5628 1399 5682 convictus
1433 5628 1613 5682 fuerit.

2337 4439 2558 4507 αἱρείτω
2581 4458 2594 4472 ·
2626 4441 2834 4509 ὑϐρίζει
2862 4442 2968 4509 γὰρ
3005 4440 3103 4509 τὴν
3134 4440 3302 4503 τάξιν.
3337 4439 3608 4509 Κληρικοὶ
3636 4440 3668 4509 ἢ
3712 4441 3892 4494 λαῖκοὶ

2335 4531 2395 4596 ἐξ
2423 4532 2615 4600 ἐράνου
2646 4533 2716 4600 μὴ
2744 4531 3324 4596 συμποσιαζέσθωσαν.
3909 4557 3913 4561 ·

2858 4709 3197 4762 ΕΠΙΓΡΑΦΠ
3229 4707 3302 4764 Δ’.

2467 4802 2626 4866 Τίνες
2657 4803 2744 4866 εις
2776 4802 3139 4868 κατηγορίαν
3162 4800 3466 4867 κληρικῶν
3502 4799 3761 4853 adsum.

2694 4892 2757 4944 '0
2778 4898 2908 4962 ρκη¹
2941 4891 3050 4959 τῆς
3070 4892 3139 4945 ἐν
3175 4891 3541 4959 Καρθαγένῃ.

2418 4982 2821 5053 ’Λςωρισμένος
2854 4983 2935 5043 είς
2972 4982 3307 5052 κατηγορίαν
3362 4980 3640 5052 κληρικῶν
3686 4981 3761 5051 μὴ
3800 4980 3889 5033 δε-

2335 5076 2532 5146 χέσθω.
2988 5142 2991 5143 ν

2892 5166 2953 5219 ’0
2985 5169 3111 5233 ρκθ¹
3136 5163 3347 5232 αὐτῆς.

2406 5260 2549 5327 Μηδὲ
2586 5259 2791 5321 δοῦλος,
2839 5257 2872 5327 ἢ
2912 5257 3300 5327 ἀπελεύθερος,
3330 5256 3363 5324 ἦ
3386 5252 3836 5323 διαϐεϐλημένος,
3857 5250 3894 5324 ἢ

2337 5357 2522 5425 μῖμος,
2559 5352 2590 5421 ἢ
2623 5351 2842 5420 Ἕλλην,
2869 5350 2907 5421 ἢ
2934 5350 3227 5419 αἱρετικὸς,
3260 5348 3292 5417 ἦ
3332 5346 3609 5407 Ἰουδαῖος.

2907 5442 2960 5493 Ὁ
2979 5444 3071 5507 p.1'
3105 5437 3313 5505 αὐτῆς.

2402 5532 2549 5603 Μηδὲ
2582 5535 2607 5583 ὁ
2639 5531 2872 5601 διάφορα
2924 5530 3310 5599 κατηγορήσας
3348 5526 3551 5594 αὐτῶν,
3585 5526 3632 5578 εί
3674 5526 3754 5589 είς
3824 5524 3885 5578 ἓν

2333 5626 2536 5679 τούτων
2566 5624 2891 5694 ψευδόμενος
2926 5622 3205 5690 ἐλεγχθείη
3217 5660 3230 5673 .
