4136 6314
230 366 333 427 137

1465 368 1799 429 EPITOME
1848 366 2244 433 CAN'ONUM.

3372 384 3470 447 138

221 474 478 563 cwv'egq,
514 473 609 554 καὶ
640 476 900 563 ἀμάρτοι,
924 475 1273 563 παυσάμενος
1294 478 1788 563 *τοῦυάμαρτάνειη

1897 481 1940 533 si
1974 482 2044 533 sit
2075 496 2139 537 ex
2170 487 2365 563 _ordiue
2395 487 2725 563 ﬂectentium
2777 506 2935 563 genu,
2970 502 3024 546 et
3060 506 3247 561 peccet
3277 537 3290 559 ,
3325 504 3471 563 quot

218 541 474 615 γενέσθω
500 541 1011 615 τῶνῗάκρόωμένων
1078 541 1126 598 εί
1156 545 1213 597 δὲ
1250 546 1359 599 τῶν
1395 541 1786 615 ἀκροωμένων,

220 610 341 686 ἐξω
372 612 554 686 στήτω
587 614 687 683 τῆς
723 610 1029 686 ⁷ιὲιιιιιλησξας
1050 630 1073 686 ’ί
1094 615 1191 666 καὶ
1230 617 1278 686 oi
1314 610 1658 683 ἀκροώμενοι
1686 610 1794 686 γᾴρ

217 678 385 739 ἐκτὸς
419 678 653 767 terms
694 684 793 767 τῇς
846 678 1163 767 ἐκκλησίας,
1206 684 1369 753 μέχρι
1393 678 1520 750 τῆς
1542 678 1793 753 ἀναγνώι

218 762 368 810 σεως
395 748 492 801 τοῦ
518 750 675 818 ἁγίου
704 748 1059 821 Εὗαγγελίου.

646 842 709 895 '0
728 840 789 907 ,ϐ’
818 841 929 909 τῆς
952 843 1022 897 ἐν
1049 844 1386 909 Λαοδικείᾳ.

310 932 371 988 '0
392 936 673 1006 διαφόρως
723 935 1009 1006 ἁμαρτὼν,
1069 938 1117 990 εί
1144 934 1383 1005 γνησίως
1441 939 1792 1010 μετανοήσει,

216 1023 486 1093 δεχέσθω.
619 1022 626 1026 ’

670 1114 733 1168 Ὀ
759 1117 805 1168 θ’
828 1113 936 1182 τῆς
960 1115 1031 1167 ἐν
1068 1116 1342 1185 Ἀγκύρῃ.

309 1205 369 1258 Ὀ
400 1205 707 1276 παρθενίαν
745 1206 1237 1276 ἐπαγγειλάμενος,
1272 1208 1367 1261 καὶ
1395 1206 1692 1278 ἀθετήσας,
1720 1209 1796 1271 ὡς

214 1295 455 1365 δίγαμος
486 1296 812 1365 λογιζέσθω.

658 1388 714 1441 Ὀ
752 1386 801 1452 ξ’
832 1387 1035 1456 τῆςέν
1074 1388 1371 1456 Τρούλλφ.

304 1479 363 1530 'U
393 1479 659 1551 δαιμονᾷν
715 1478 1187 1549 προσποιούμενος
1217 1482 1329 1542 τοῖς
1361 1480 1473 1534 τῶν
1501 1481 1797 1553 ὡσαληθῶς

214 1568 607 1636 δαιμονῶντων
640 1569 939 1638 ἐπιτιμίοις
965 1569 1377 1626 ὑποδαλλέσθω.

221 1659 292 1712 '0
332 1659 424 1723 Ea'
456 1662 704 1728 ταύτης,
728 1661 829 1714 καί
857 1663 890 1714 ὀ
909 1661 971 1725 ,θ’
997 1660 1104 1714 τοῦ
1135 1660 1417 1730 Μεγάλου
1445 1649 1791 1717 Βασιλειου.

1936 564 2123 603 eccam
2151 554 2430 613 desinens.
2470 558 2523 609 iu
2553 554 2804 613 ordineui
2824 554 3129 615 auditorum
3160 554 3355 618 referri.
3374 570 3465 620 de-

1936 630 2044 691 eat.
2074 621 2167 674 Slu
2205 638 2269 678 ex
2324 627 2663 682 audientibus
2695 630 2786 691 sit,
2831 633 3094 685 consistat
3120 640 3273 687 extra
3301 635 3469 689 eccle-

1902 686 2041 740 siam
2079 704 2248 768 ;n_am
2310 704 2368 768 _et
2395 697 2669 752 auditores
2722 686 2876 768 eitra
2904 701 3188 754 ecclesiam
3230 686 3465 768 Stabant,

1898 769 2071 823 usque
2096 759 2165 815 ad
2200 760 2493 818 lectionem
2526 768 2696 821 sancti
2726 767 3019 837 Evangelii.

2459 852 2514 907 ll
2570 850 2903 910 Laodiceae.

1966 934 2068 1002 Qui
2116 938 2433 997 dilferenter
2484 945 2759 1013 peccavit,
2812 947 2857 1001 si
2916 961 3042 1001 vere
3096 948 3469 1016 pmniteutiam

1897 1024 2086 1092 egerit,
2114 1027 2391 1097 recipitor.
2542 1096 2549 1103 α

2480 1122 2513 1175 9
2557 1124 2875 1193 Ancyranw.

1972 1201 2076 1265 Qui
2108 1205 2418 1273 virginitate
2453 1212 2749 1278 promissa,
2789 1221 2972 1267 votum
3014 1213 3226 1269 irritum
3262 1213 3469 1280 fecerit,

1906 1298 2162 1361 tauquam
2196 1297 2443 1365 digamus
2478 1301 2725 1357 habetor.

2377 1391 2447 1445 60
2473 1392 2666 1447 habita:
2709 1397 2763 1447 in
2806 1394 3013 1450 Trulla.

1970 1470 2072 1537 Qui
2114 1490 2143 1528 a
2172 1477 2415 1535 daemone
2448 1484 2631 1537 Vexari
2663 1498 2721 1539 se
2765 1485 3006 1551 simulat,
3054 1488 3228 1555 pmnis
3284 1504 3473 1559 reapse

1899 1572 2216 1620 vexatorum
2248 1584 2277 1622 a
2302 1570 2547 1627 demone
2576 1574 2881 1643 subjicitor.

2170 1657 2233 1711 61
2268 1659 2523 1727 ejusdem,
2577 1674 2627 1717 et
2672 1666 2737 1719 Η
2786 1665 2981 1721 Basilii
3018 1667 3223 1737 Magni.

288 1752 352 1802 Οἱ
389 1752 693 1819 μάντεσιν,
756 1752 787 1822 ἢ
833 1752 947 1814 τοῖς
1001 1751 1319 1819 λεγομένοις
1374 1752 1788 1823 ἑκατοντάρχοις

1966 1743 2069 1807 Qui
2101 1746 2308 1812 ariolis,
2335 1751 2421 1805 vel
2457 1752 2527 1807 iis
2559 1754 2648 1822 qui
2675 1757 3025 1813 centuriones
3065 1769 3348 1823 vocantur,
3383 1777 3465 1816 se-

216 1841 454 1903 ιαυτοὺς
494 1842 808 1905 δεδωκότες,
845 1842 921 1904 ὥς
945 1859 997 1894 τι
1026 1841 1157 1912 παρ’
1179 1842 1403 1895 ἐκείνων
1428 1843 1793 1913 μαθησόμενοι

212 1931 323 1981 τῶν
357 1931 709 2000 ἀπορρήτων,
738 1930 986 1995 ἑξαετίαν
1036 1931 1498 1985 ύποπιπτέτωσαν
1519 1971 1533 1993 ,
1585 1932 1617 2002 ἢ
1649 1933 1725 1996 ὡς
1756 1936 1784 1987 ὀ

214 2021 416 2085 φονεὺς
445 2020 923 2087 ὲπιτιμάσθωσαν.
964 2021 1121 2074 Κατὰ
1154 2021 1328 2075 ταῦτα
1369 2021 1448 2085 δὲ,
1489 2022 1584 2074 καὶ
1612 2024 1658 2074 οἱ
1690 2023 1791 2093 ἄρ-

214 2128 383 2173 κτους
413 2111 829 2180 ἐπισυρόμενοι,
866 2112 959 2165 καὶ
990 2113 1040 2164 oi
1059 2111 1250 2182 τύχην,
1288 2112 1382 2164 καὶ
1422 2113 1789 2183 εἱμαρμένην,

216 2200 317 2249 καὶ
343 2200 698 2266 γενεαλογίαν
720 2199 1047 2268 φωνοῦντες,
1077 2203 1175 2253 καὶ
1201 2202 1252 2252 οἱ
1298 2200 1585 2270 λεγόμενοι
1616 2202 1791 2272 Νεφο-

212 2291 466 2353 διῶκται,
514 2294 610 2344 καὶ
635 2292 900 2345 Γυτευταὶ
924 2330 940 2356 ,
976 2292 1071 2345 καὶ
1103 2290 1489 2362 φυλακτήριοι,
1529 2294 1624 2346 καὶ
1658 2294 1791 2362 μάν-

213 2394 352 2439 τεις.
401 2379 783 2447 Ἐπιμένοντες
827 2380 906 2447 δὲ,
934 2380 1034 2451 τῆς
1086 2379 1418 2452 Ἐκκλησίας
1452 2383 1813 2453 ἀπορῤιπτέο·

216 2469 458 2523 σθωσαν.

228 2559 294 2611 '0
339 2559 429 2613 κδ’
467 2560 582 2627 τῆς
609 2563 679 2615 ἐν
718 2563 995 2632 Ἀγκύρῃ.
1027 2565 1128 2617 καί
1159 2568 1193 2619 ὁ
1240 2572 1336 2634 πῖ*
1370 2565 1477 2620 τοῦ
1504 2566 1786 2636 Μεγάλου

829 2636 1174 2689 Βασιλείου.

292 2719 403 2773 Καὶ
424 2723 452 2773 ὁ
474 2722 898 2792 μαντευόμενος,
935 2725 1029 2777 καὶ
1078 2726 1394 2794 εἰσαγαγών
1421 2744 1541 2780 τινα
1581 2729 1659 2791 είς
1694 2728 1786 2782 τὸν

214 2804 367 2863 οἷκον
411 2813 504 2865 ἐπὶ
552 2814 836 2884 ἀναιρέσει
887 2816 1257 2884 φαρμακείας,
1291 2816 1324 2887 ἦ
1362 2816 1650 2886 καθάρσει,
1697 2818 1785 2872 διὰ

214 2904 599 2972 πενταετίαςοῆ
626 2904 874 2972 ἑξαετίας
902 2905 996 2958 τοῦ
1034 2906 1241 2959 τελείου
1263 2906 1604 2977 τυγχανέτω.

696 3084 761 3135 '0
793 3082 854 3147 ,ϐ’
888 3082 997 3136 τοῦ
1025 3083 1304 3150 Νύσσης.
1806 3064 1850 3123 C

292 3172 352 3224 '0
378 3170 437 3224 δὲ
465 3173 604 3241 πρὸς
642 3173 845 3243 γόητας
869 3177 965 3227 καὶ
998 3175 1227 3243 μάντεις
1256 3176 1436 3230 ἀπιὼν
1462 3177 1552 3229 ἔπ’
1584 3178 1778 3248 ἀθετή-

120 3306 132 3313 .
208 3279 295 3316 σει
334 3264 433 3332 τῆς
481 3265 743 3330 πέστεως,
792 3266 867 3328 ὡς
927 3266 1002 3337 μὴ
1046 3266 1320 3321 πιστεύων
1346 3268 1479 3322 Θεὸν
1505 3265 1644 3323 εἶναι
1686 3271 1779 3323 τὸν

207 3356 341 3423 παρ’
398 3355 557 3423 ἡμῶν
595 3356 749 3427 [παρ’
780 3354 937 3426 ἡμῖν]
994 3358 1493 3428 προσκυνούμενον,
1530 3360 1617 3415 διὰ
1660 3361 1776 3431 βίον

204 3442 600 3510 ἀκοινώνητος.

625 3538 688 3590 '0
717 3540 805 3607 ντ¹
830 3542 942 3607 τῆς
977 3540 1047 3593 ἐν
1083 3541 1382 3607 Τρούλλῳ.

290 3626 350 3678 '0
375 3627 476 3698 τὴν
506 3630 718 3699 μητέρα
740 3629 835 3683 τοῦ
863 3629 922 3695 ἐξ
955 3632 1111 3699 ἁγίου
1161 3630 1539 3703 βαπτίσματος
1582 3636 1773 3692 ἀναδε-

209 3717 437 3787 χθέντος
470 3719 624 3787 αὐτῷ
654 3719 997 3790 χηρεύουσαν
1017 3722 1321 3791 ἀγαγέσθαι
1356 3724 1657 3794 τολμήσας,
1682 3728 1774 3783 τοῦ

205 3808 546 3861 συνοικεσίου
583 3809 873 3880 λυομένου,
896 3813 975 3882 τῷ
1004 3813 1099 3865 τοῦ
1137 3813 1491 3881 πορνεύοντος
1516 3819 1775 3889 ἐπιτιμίῳ

207 3900 697 3956 καθυποδαλὲσθω.
730 3905 950 3969 Μείξων
975 3906 1081 3977 γὰρ
1108 3909 1141 3977 ἡ
1176 3908 1322 3961 κατά
1347 3907 1566 3979 πνεῦμα
1587 3912 1777 3966 οἰκειό-

204 4006 303 4059 της
326 3993 424 4063 τῆς
447 3992 588 4046 κατά
616 3994 775 4063 σῶμα
806 3998 1125 4067 συναφείας.

603 4085 667 4139 '0
704 4086 794 4138 νὸ¹
825 4088 936 4156 τῆς
963 4089 1034 4142 ἐν
1080 4091 1382 4160 meum.

285 4174 610 4245 Ἐξὰδελφος
667 4177 939 4251 ὲξαδέλφῃ
984 4179 1060 4250 μὴ
1104 4183 1358 4252 γαμικῶς
1392 4185 1770 4254 συναπτέσθω,

208 4264 342 4334 μηδὲ
378 4266 567 4336 πατὴρ
603 4268 696 4318 καὶ
754 4268 869 4331 υίὸς
899 4270 1070 4338 μητρὶ
1098 4271 1194 4324 καὶ
1232 4273 1490 4343 θυγατρὶ,
1538 4275 1571 4345 ἢ
1626 4276 1776 4331 δυσὶν

1897 1842 2007 1888 met
2037 1836 2366 1908 addixerint,
2393 1842 2541 1897 velut
2582 1846 2783 1915 aliquid
2829 1848 2898 1903 ab
2932 1850 3013 1905 eis
3055 1866 3312 1906 arcanum
3351 1869 3474 1921 per-

1895 1928 2126 1993 cepturi,
2158 1934 2418 1987 sexennio
2444 1937 2820 2002 succumbant,
2859 1943 2940 1994 vel
2978 1943 3263 2000 homicidae
3311 1959 3469 2014 paena

1894 2015 2214 2077 aiIiciantur.
2263 2022 2529 2089 Similiter
2557 2038 2610 2084 et
2648 2030 2738 2100 qui
2773 2047 2930 2086 ursos
2961 2036 3261 2102 attrahunt,
3296 2050 3350 2093 et
3378 2042 3469 2110 qui

1894 2108 2187 2179 fortunam,
2232 2124 2288 2170 et
2319 2116 2513 2185 latum,
2556 2134 2609 2177 et
2640 2124 2975 2180 nativitatem
3017 2128 3068 2181 in
3103 2145 3197 2185 ore
3248 2108 3468 2197 habent,

1891 2211 1947 2253 et
1981 2202 2071 2270 qui
2106 2202 2489 2274 Nephodiocta:
2524 2223 2807 2282 vocantur,
2839 2231 2893 2271 et
2948 2219 3213 2291 Gyteutae,
3246 2234 3301 2277 et
3324 2223 3466 2295 Pluy-

1893 2289 2127 2358 laCterii,
2153 2304 2208 2350 et
2252 2299 2433 2355 arioli.
2465 2300 2619 2367 Quod
2648 2306 2692 2359 si
2723 2289 3097 2375 perseverant,
3130 2328 3193 2367 ex
3228 2314 3467 2370 Ecclesia

1892 2382 2204 2450 ejiciuutar.

2137 2562 2208 2617 24
2248 2564 2568 2635 Ancyranw,
2594 2578 2645 2624 et
2677 2571 2746 2626 85
2777 2572 2973 2629 Basilii
3010 2575 3215 2648 Magni.

3182 2676 3213 2695 κ

1958 2710 2029 2773 Et
2060 2722 2151 2790 qui
2182 2724 2464 2791 ariolatur,
2505 2736 2560 2781 et
2596 2729 2647 2781 in
2679 2731 2900 2786 domum
2926 2749 3077 2790 suam
3104 2718 3262 2808 quem
3295 2743 3466 2797 dedu-

1891 2810 1965 2864 cit
2029 2814 2096 2866 ad
2164 2815 2397 2871 tollenda
2461 2820 2757 2885 veneﬁcia,
2812 2825 2895 2879 vel
2970 2826 3264 2886 lustranda:
3324 2835 3467 2888 illius

1890 2915 2077 2969 causa,
2142 2920 2239 2973 per
2291 2908 2723 2978 quinquennium
2776 2916 2861 2970 vel
2926 2923 3247 2977 sexennium
3308 2926 3465 2981 resti-

1893 2992 2078 3047 tuitor.

2531 3093 2564 3146 2
2594 3092 2855 3165 Νυηεηί.

1950 3175 2054 3242 Qui
2111 3179 2179 3233 ad
2228 3196 2415 3252 magas
2471 3192 2527 3240 et
2585 3188 2793 3241 ariolos-
2836 3191 3046 3246 accedit
3099 3195 3165 3246 ad
3209 3198 3463 3265 reproba-

1887 3265 2081 3321 tionem
2142 3270 2304 3336 ﬁdei,
2367 3282 2624 3344 tanquam
2679 3291 2787 3330 non
2838 3280 3067 3335 credens
3128 3283 3278 3337 illum
3338 3303 3461 3343 esse

1883 3354 2076 3422 Deum,
2106 3360 2197 3427 qui
2228 3375 2256 3414 a
2291 3362 2446 3417 nobis
2478 3365 2759 3432 adoratur,
2786 3377 2895 3423 tota
2918 3370 3025 3425 vita
3059 3377 3461 3435 communionis

1879 3461 2069 3502 CXSOI‘S
2100 3458 2236 3505 εειο.

2360 3543 2428 3597 55
2466 3544 2661 3601 habitae
2689 3548 2744 3600 in
2781 3548 2988 3607 Trulla.

1949 3628 2051 3695 Qui
2095 3641 2324 3688 matrem
2357 3637 2495 3705 ejus,
2521 3652 2684 3706 quem
2720 3639 2790 3693 de
2824 3656 2983 3697 sacro
3011 3643 3337 3715 baptismate
3370 3666 3461 3706 su-

1879 3725 2048 3786 stulit,
2075 3725 2293 3781 viduam
2324 3728 2519 3783 iactam
2547 3732 2749 3787 ducere
2776 3734 2940 3789 fuerit
2964 3752 3150 3800 ausus.
3177 3742 3461 3799 matrimo-

1880 3814 1969 3867 nio
1993 3816 2192 3882 soluto,
2222 3823 2540 3876 scortatoris
2569 3838 2747 3893 pinna:
2779 3826 3086 3897 subjicitor.
3115 3830 3287 3903 Major
3315 3838 3459 3893 enim

1880 3914 1960 3959 est
1991 3906 2293 3974 spiritualis
2319 3913 2671 3970 necessitudo
2701 3929 2763 3970 ea
2794 3917 3200 3988 conjunctione,
3230 3940 3350 3995 quae
3376 3940 3463 3984 est

1878 3999 2175 4055 secundum
2205 4016 2449 4059 carnem.

2370 4093 2440 4150 54
2473 4098 2668 4154 habita:
2692 4101 2745 4154 iu
2770 4100 2975 4159 Trulla.

1953 4181 2222 4242 Sobrinus
2257 4187 2495 4244 sobrina:
2518 4206 2617 4259 per
2648 4196 3059 4254 matrimonium
3091 4217 3157 4255 ne
3177 4201 3458 4271 jungitur;

1878 4291 2054 4345 neque
2092 4288 2245 4345 pater
2277 4290 2330 4335 et
2382 4282 2527 4337 lilius
2555 4288 2714 4340 matri
2747 4296 2914 4357 atque
2945 4291 3089 4358 tiliae,
3130 4294 3213 4348 vel
3248 4297 3461 4352 duabus

204 4356 459 4424 ἀδελφαῖς
504 4373 521 4387 ·
554 4356 689 4427 μηδὲ
712 4355 807 4410 δύο
839 4359 1059 4427 ἀδελφοὶ
1088 4361 1299 4433 μητέρα
1333 4365 1429 4415 καὶ
1477 4364 1773 4436 θυγατέρα,

1886 4367 2193 4433 sororibus;
2231 4385 2410 4441 neque
2441 4374 2549 4429 duo
2577 4373 2781 4432 fratres
2810 4391 3038 4436 matrem
3072 4395 3125 4439 et
3154 4385 3344 4451 tiliam,
3376 4390 3459 4444 vel

204 4446 348 4514 ἥόύο
386 4447 625 4514 ἀδελφὰς
683 4447 1133 4516 λαμϐανέτωσαν.
1195 4452 1258 4502 Οἱ
1312 4451 1368 4504 δὲ
1397 4453 1550 4520 παρὰ
1576 4454 1772 4519 ταῦτα,

205 4536 494 4588 ἑπταετίαν
517 4537 1000 4603 ύποπιπτέτωσαν,
1030 4536 1130 4605 τῆς
1161 4538 1424 4607 συζυγίας
1458 4541 1738 4613 λυθείσης.

524 4624 587 4678 '0
610 4625 1021 4694 ἐνενηκοστὸς
1047 4625 1219 4693 ἕκτος
1243 4628 1455 4697 αὐτῆς.

287 4717 344 4770 ’0
392 4717 715 4789 τηννὲτέρῳ
749 4718 1183 4787 μνηστευθείσαν
1234 4719 1395 4784 ζῶντι
1427 4722 1609 4777 λαϐὼν
1668 4745 1775 4797 μοι.

206 4810 383 4879 χεῖται.

622 4901 683 4952 '0
714 4906 794 4953 κε’
823 4899 932 4968 τῆς
964 4901 1033 4953 ἐν
1068 4898 1348 4970 Ἀγκύρῃ.

276 4992 341 5045 Εἴ
372 5009 458 5053 τις
522 4994 661 5063 κόρῃ
694 4992 1198 5061 μνηστευσάμενος,
1258 4994 1326 5063 τῇ
1359 4996 1563 5067 ἀδελφῇ
1606 5000 1771 5068 αὐτῆς
1842 5014 1845 5015 ⁷

207 5084 537 5153 συγγένηται
602 5083 889 5152 πρότερον,
942 5081 1039 5134 καὶ
1090 5082 1295 5151 ταύτην
1325 5086 1645 5155 ὲπιφορέσει
1671 5088 1771 5158 (ι),
1806 5082 1823 5102 ’

207 5171 320 5225 εἶτα
340 5172 439 5243 τὴν
476 5172 726 5242 μνηστὴν
749 5172 1014 5241 γαμήσει,
1050 5172 1146 5223 καὶ
1180 5174 1211 5241 ἡ
1255 5174 1526 5243 φθαρεῖσα
1569 5176 1775 5249 ἀγχόνῃ

208 5269 487 5334 χρήσαιτο,
516 5266 565 5315 oi
596 5263 895 5325 συνειδότες
917 5263 1004 5316 διὰ
1031 5263 1318 5326 δεκαετίας
1346 5268 1771 5336 τυγχανέτωσαν

204 5356 291 5408 τοῦ
314 5356 547 5408 τελείου.

600 5447 663 5500 '0
692 5447 774 5500 οϐ’
803 5443 908 5515 τῆς
932 5447 1001 5500 ἐν
1030 5452 1375 5516 Καισαρείᾳ.

284 5541 338 5595 ’0
366 5543 631 5609 γυναικὸς
684 5539 1053 5608 ἐπιθυμήσαςν
1101 5544 1194 5594 καὶ
1252 5545 1331 5605 εἰς
1362 5546 1523 5612 ἔργον
1558 5546 1633 5617 μὴ
1668 5565 1773 5617 Χω⁶⁹

204 5638 384 5706 ρήσας,
408 5637 602 5690 Θεόθεν
636 5632 903 5703 ἐτηρήθη.

267 5784 336 5851 ll)
368 5783 688 5845 Τουτέστιν,
730 5778 929 5844 ἔγκυον
968 5778 1200 5847 ποιήσει,

500 5879 788 5935 Panum.
832 5873 947 5931 (in.
989 5875 1114 5932 CL.

1879 4459 2015 4513 duas
2050 4473 2271 4515 sorores
2307 4463 2602 4532 accipiant.
2640 4466 2743 4533 Qui
2781 4469 2944 4525 aliter
2971 4475 3205 4542 egerint,
3236 4486 3462 4546 septen-

1881 4546 1971 4602 uio
1998 4552 2383 4620 procumbant,
2416 4554 2595 4610 soluto
2625 4560 2999 4617 matrimonio.

2493 4646 2562 4701 96
2600 4648 2858 4716 ejusdem.

1949 4728 2049 4795 Qui
2090 4729 2245 4788 alteri
2275 4734 2400 4791 vivo
2428 4738 2750 4808 desponsam
2794 4747 3091 4814 acceperit,
3133 4748 3460 4808 adulterium

1878 4824 2191 4878 committit.

2443 4922 2515 4976 25
2562 4923 2879 4994 Ancyraua’.

1949 5007 2007 5061 Si
2039 5009 2160 5076 quis
2211 5012 2387 5080 puella
2442 5014 2546 5067 sibi
2579 5017 2928 5085 desponsata,
2965 5036 3086 5074 cum
3116 5022 3234 5091 ejus
3267 5040 3459 5082 sorore

1877 5098 2026 5165 prius
2071 5116 2181 5155 rem
2217 5103 2494 5168 habuerit.
2519 5120 2745 5175 eamque
2794 5110 3071 5175 gravidam
3111 5112 3326 5181 fecerit,
3358 5117 3455 5171 de-

1876 5190 2002 5244 inde
2031 5207 2285 5261 sponsam
2324 5194 2541 5251 duxerit
2575 5212 2820 5263 uxorem,
2848 5210 2902 5251 et
2942 5200 3028 5254 illa
3060 5202 3225 5258 altera
3260 5206 3453 5263 vitiata

1876 5278 2072 5348 laqueo
2096 5283 2259 5337 vitam
2305 5283 2527 5351 finierit,
2555 5286 2677 5356 ejus
2716 5287 2841 5344 lacti
2874 5292 3102 5359 conscii,
3142 5304 3335 5352 exacto
3363 5299 3455 5354 de-

1876 5372 2091 5439 ccnnio,
2124 5374 2508 5431 restituuutor.

2432 5468 2501 5523 74
2536 5468 2904 5529 Cmarieusis.

1947 5554 2047 5622 Qui
2097 5544 2379 5612 mulierem
2426 5563 2709 5630 appetivit,
2753 5574 2807 5619 et
2840 5566 2905 5620 ad
2940 5566 3140 5623 factum
3176 5585 3278 5625 nou
3320 5586 3453 5644 pro-

1877 5646 2060 5714 cessit,
2090 5646 2350 5705 divinitus
2377 5661 2627 5708 servatus
2662 5665 2767 5708 est.
