4136 6314
694 391 790 458 151
1860 407 2124 474 CONST.
2166 414 2735 485 HARMENOPULI
3826 435 3945 497 152

689 526 813 567 eum
866 528 1088 586 prapter
1136 533 1358 573 munera
1414 524 1766 591 recurrerint,
1851 528 2112 584 decennio
2149 538 2322 595 sucvt

2310 537 2339 595 Α
2373 538 2462 590 ἐπὶ
2493 541 2699 610 ταύτην
2720 542 3143 613 ἀναδραμόντες,
3168 545 3451 600 δεκαετίαν
3476 547 3943 604 ὕποπιπτέτωσαν

689 601 965 670 cumbant,
1001 620 1125 659 cum
1181 609 1408 663 triennis
1461 613 1753 668 auditionis
1789 616 1984 683 spatio.
2046 616 2103 671 ln
2149 633 2264 673 om-

2368 633 2503 699 μετὰ
2537 601 2782 702 τριετοῦς
2830 601 3147 704 άκροάσεως
3204 639 3420 708 χρόνον.
3469 641 3613 711 Πλὴν
3645 642 3730 710 ἐφ’

689 693 846 748 nibus
899 703 1077 751 tamen
1135 700 1465 767 poenitentiae
1499 705 1711 772 species
1757 707 2120 762 examinanda
2152 719 2259 776 est,

2363 693 2422 773 τὸ
2444 723 2539 792 τῆς
2571 693 2868 792 ρετανοίας
2897 693 3036 790 είδος
3067 693 3401 796 ἐξεταστέον,
3429 732 3526 782 καὶ
3556 693 3631 801 τῷ
3663 693 3938 801 θῐερνμοτέ-

687 795 743 838 et
811 787 864 840 in
921 803 1044 842 eum
1110 791 1202 858 qui
1271 793 1554 849 ardentius
1626 797 2003 864 paenitentiam
2061 801 2254 872 egerit,

2367 829 2472 879 ρως
2497 787 2508 792 ⁷
2530 787 2920 884 μετανοήσαντι
2977 787 3488 888 φιλανθρωπότερον
3537 821 3565 872 ὀ
3603 787 3938 884 ’ἑπισξιώπος

687 877 974 948 episcopus
1019 894 1079 935 se
1133 881 1509 940 humaniorem
1543 899 1724 956 gerat.

1042 895 1079 934 :e
1133 881 1509 940 humaniorem
1543 899 1724 956 gerat.
2361 877 2675 960 ἑιακείσθω.

1281 999 1348 1052 14
1397 1001 1657 1072 ejusdem.

2918 1016 2980 1071 '0
3008 1015 3080 1072 ιδ’
3129 1020 3374 1086 ταύτης.

758 1085 814 1140 Si
861 1090 1296 1145 catechumenus
1368 1092 1552 1161 lapsus
1591 1093 1779 1158 fuerit,
1835 1095 2127 1150 triennium
2177 1099 2257 1151 in-

2432 1107 2852 1176 Κατηχούμενος
2878 1109 2924 1162 εί
2947 1109 3280 1176 παραπέσοι,
3312 1111 3558 1181 τριετίαν
3590 1112 3890 1181 ἀκροάσθω
3916 1130 3933 1145 ο

687 1187 767 1229 ter
821 1178 1108 1234 audientes
1146 1180 1235 1248 slt,
1293 1191 1460 1248 atque
1506 1183 1580 1237 ita
1643 1200 1766 1238 cum
1851 1189 2256 1244 catechumenis

2100 1189 2256 1244 uenis
2359 1197 2455 1249 καὶ
2490 1197 2662 1261 οὕτως
2706 1200 2847 1268 μετὰ
2875 1201 2984 1253 τῶν
3016 1178 3446 1271 κατηχουμένων
3473 1178 3733 1272 εὐχέσθω.

685 1273 954 1334 precetur.

1246 1383 1278 1434 ὅ
1362 1386 1679 1452 Ancyranw.
2791 1395 2854 1447 '0

2791 1395 2854 1447 Ὀ
2883 1401 2931 1464 τ’
2985 1396 3094 1463 τῆς
3120 1396 3188 1449 ἐν
3225 1397 3502 1466 Ἀγκύρῃ.

749 1467 852 1531 Qui
919 1469 965 1522 vi
1018 1478 1072 1523 et
1131 1474 1418 1526 tormentis
1493 1473 1774 1541 adhibitis,
1864 1478 1950 1532 vel
2004 1478 2253 1534 manibus

2437 1481 2496 1534 '0
2551 1483 2640 1553 βίᾳ
2683 1485 2778 1537 καὶ
2823 1485 3078 1552 βασάνοις
3124 1486 3156 1554 ἤ
3206 1485 3352 1555 θῦμα
3386 1488 3445 1540 ἑν
3482 1489 3601 1550 ταῖς
3650 1490 3865 1556 χερσὶν⁹
3900 1490 3937 1560 ἢ

678 1556 976 1622 victimam,
1039 1561 1118 1613 vel
1179 1575 1275 1614 ore
1323 1561 1501 1615 cibum
1561 1565 1854 1631 exceperit,
1920 1581 1949 1620 a
2007 1582 2251 1622 commu-

2360 1571 2556 1642 βρῶμα
2589 1574 2883 1644 δεξάμενος
2910 1577 2968 1629 ὲν
2999 1577 3076 1646 τῷ
3109 1578 3360 1646 στόματι,
3391 1579 3490 1646 τῆς
3527 1581 3818 1642 κοινωνίας
3855 1556 3937 1651 μή

678 1648 838 1700 nione
881 1663 985 1702 non
1029 1661 1267 1708 arcetor.
1318 1652 1472 1718 Quod
1538 1654 1582 1708 si
1658 1655 1830 1710 laicus
1907 1659 2001 1722 sit,
2072 1662 2238 1714 etiam

2356 1665 2671 1721 κωλυέσθω.
2722 1666 2835 1720 Καὶ
2874 1669 2921 1720 εί
2969 1669 3158 1731 λαῖκὺς
3199 1669 3256 1721 δὲ
3304 1671 3414 1739 εἴη,
3467 1670 3560 1723 καὶ
3587 1648 3935 1742 χειροτονίας

675 1739 1072 1794 ordinationem
1130 1744 1510 1813 consequitor,
1583 1748 1875 1817 caeteroqui
1936 1749 2250 1819 [reprehen-

1783 1748 1875 1817 qui
1936 1749 2250 1819 lreprehen-
2352 1758 2691 1826 τυγχανέτω,
2717 1758 2891 1821 ἄλλως
2919 1759 3290 1829 ἀνεπίληπτος
3321 1760 3414 1814 ὢν.

675 1845 847 1884 stonts
895 1846 1110 1901 expers.
2283 1861 2326 1916 Β

1299 1948 1334 2002 4
1359 1948 1622 2016 ejusdem.

2949 1959 2990 2007 Ο
3022 1953 3070 2006 δ’
3131 1956 3371 2022 ταύτης.

747 2033 850 2100 Qui
893 2035 975 2095 ,ob
1019 2037 1128 2092 vim
1190 2038 1490 2094 adhibitam
1545 2041 1895 2107 sacriﬁcavit,
1965 2052 2019 2098 et
2068 2057 2254 2099 omna-

2443 2043 2504 2097 '0
2535 2043 2629 2114 βία
2653 2045 2824 2109 θύσας
2851 2046 2944 2098 καὶ
2977 2045 3270 2115 δειπνήσας
3303 2049 3362 2098 ἐν
3399 2047 3511 2109 τοῖς
3537 2045 3854 2110 είδωλείοις,
3878 2046 3933 2099 εἰ

674 2126 751 2176 \it
795 2127 846 2177 in
883 2128 1220 2182 deastrorum
1289 2131 1526 2198 templis,
1601 2133 1648 2186 si
1703 2133 1919 2200 quidem
1957 2147 2080 2187 cum
2142 2135 2240 2187 ab-

2362 2136 2460 2205 μὲν
2519 2137 2889 2204 ἀπαγόμενος,
2942 2137 3036 2188 καὶ
3104 2137 3346 2207 σχήματι
3406 2136 3767 2206 φαιδροτέρῳ,
3832 2136 3931 2188 καὶ

675 2222 984 2283 duceretur,
1043 2229 1100 2273 et
1156 2222 1338 2276 habitu
1385 2223 1589 2278 laetiore
1625 2232 1680 2277 et
1748 2223 2116 2294 splendidiore
2163 2239 2255 2280 ve-

2357 2225 2547 2294 ισθῆτι
2586 2224 2942 2295 λαμπροτέρα
2972 2225 3191 2293 εχρῆτο,
3227 2224 3321 2276 καὶ
3362 2222 3672 2292 ἀδιαφόρως
3698 2221 3793 2275 τοῦ
3819 2221 3936 2274 δεί-

674 2324 701 2363 s
727 2310 800 2380 iltt
851 2311 1127 2376 utebatur,
1163 2322 1327 2382 atque
1371 2315 1742 2371 indiﬂ'erenler
1779 2329 1946 2371 cana
1985 2317 2253 2384 particeps

2359 2333 2494 2369 πνου
2526 2317 2776 2387 μετέσχε,
2818 2315 2885 2369 δι’
2930 2314 3178 2380 ἐξαετίας
3222 2313 3318 2367 τοῦ
3345 2314 3555 2368 τελείου
3581 2313 3930 2383 τυγχανέτω.

675 2395 857 2460 tiebat,
907 2398 1165 2452 sexennio
1221 2401 1547 2455 restituitor.

1283 2511 1316 2566 5
1354 2513 1613 2587 ejusdem.

2956 2514 2999 2565 Ο
3031 2511 3075 2564 ε’
3112 2511 3353 2577 ταύτης.

741 2601 837 2655 Sin
895 2603 1074 2656 omnia
1124 2605 1428 2670 contraria,
1490 2604 1756 2673 siquidem
1808 2604 2244 2672 manducaverit,

2428 2604 2489 2658 Εί
2520 2605 2577 2660 δὲ
2607 2607 2718 2660 πᾶν
2751 2605 3078 2664 τούναντίον.
3126 2603 3316 2672 φαγὼν
3375 2603 3495 2672 μιν,
3523 2599 3610 2655 διὰ
3637 2599 3882 2671 τριετίας
3909 2616 3929 2634 ο

677 2694 950 2760 triennio;
986 2695 1028 2749 si
1068 2709 1173 2750 non
1214 2697 1641 2762 mandttcaverit,
1687 2695 1928 2750 biennio.

1509 2699 1641 2762 'erit,
1687 2695 1928 2750 biennio.
2360 2699 2436 2770 μὴ
2475 2699 2667 2768 φαγὼν
2693 2698 2771 2765 δὲ,
2801 2697 2888 2750 διὰ
2922 2697 3142 2757 διετίας.

1297 2806 1329 2858 6
1371 2805 1627 2874 ejusdem.

2947 2810 2989 2860 0
3021 2806 3077 2871 ς’
3114 2809 3352 2874 ταύτης.

747 2892 848 2957 Qui
895 2894 1301 2948 comminationi
1364 2895 1631 2949 duntaxat
1677 2896 1866 2959 cessit,
1935 2910 1999 2949 ac
2057 2895 2252 2952 deinde

2458 2905 2498 2954 0
2529 2901 2728 2973 ἀπειλῇ
2758 2903 2917 2970 μόνον
2945 2901 3116 2965 είξας,
3146 2899 3263 2953 εἶτα
3291 2900 3654 2970 μετανοήσας,
3682 2898 3772 2954 διὰ
3795 2916 3931 2954 πεν-

676 2985 955 3052 paenituit,
1021 2984 1393 3054 quinquennio
1439 2986 1762 3040 restituitor.

1659 2995 1762 3040 tor.
2356 2996 2573 3058 ταετίας
2603 2994 2696 3046 τοῦ
2724 2994 2932 3047 τελείου
2955 2991 3291 3060 τυγχανέτω.

1293 3099 1323 3151 7
1361 3097 1625 3167 ejusdem.

2949 3108 2990 3157 0
3025 3103 3067 3163 ζ’
3119 3108 3360 3169 ταύτης.

747 3190 848 3256 Qui
898 3204 1020 3243 cum
1054 3189 1281 3258 paganis
1329 3189 1385 3242 in
1435 3188 1590 3244 {estis
1634 3203 1844 3250 eorum.
1887 3200 1940 3244 et
1993 3189 2107 3246 suis
2132 3190 2324 3258 qni-c

2298 3196 2324 3258 3
2438 3197 2495 3249 '0
2525 3200 2636 3259 τοῖς
2666 3197 2902 3258 ὲθνικοῖς
2933 3196 2991 3247 ἐν
3017 3198 3139 3257 ταῖς
3171 3196 3384 3263 ἑορταῖς
3421 3193 3623 3259 αὐτῶν,
3657 3194 3754 3246 καὶ
3782 3192 3931 3261 μετὰ

679 3282 799 3334 dem
880 3295 1006 3334 cum
1064 3280 1202 3335 cibis
1255 3278 1508 3335 convivia
1577 3280 1784 3344 habuit,
1848 3280 2065 3334 biennio
2125 3294 2254 3336 suc-

2359 3287 2503 3341 ίδίων
2543 3288 2850 3360 βρωμάτων
2884 3286 3282 3350 συνεστιαθεὶς,
3311 3286 3517 3341 διετίαν
3541 3286 3926 3345 ὑποπιπτέτω.

681 3373 921 3423 cuntbat.

1298 3482 1331 3536 8
1372 3483 1626 3552 ejusdem.

2946 3491 2989 3540 0
3006 3494 3070 3554 ,η’
3122 3489 3366 3554 ταύτης.

674 3566 678 3570 ’
750 3574 850 3640 Qui
895 3574 976 3630 bis
1012 3583 1065 3628 et
1088 3582 1169 3629 ter
1200 3589 1263 3628 ex
1307 3573 1581 3629 coactione
1606 3572 1950 3639 sacriﬁcavit,
1977 3575 2256 3642 septennio

2435 3579 2494 3632 '0
2520 3579 2599 3642 δὶς
2626 3580 2722 3634 καὶ
2750 3581 2871 3648 τρὶς
2914 3580 2987 3632 δι’
3020 3579 3268 3648 ἀνάγκην
3291 3579 3460 3642 ούσας
3507 3577 3596 3631 διὰ
3628 3576 3928 3642 ἑπταετίας

680 3663 1000 3717 restituitor.

2352 3669 2447 3724 τοῦ
2477 3669 2681 3724 τελείου
2708 3670 3044 3740 τυγχανέτω.

1297 3774 1330 3827 9
1394 3773 1647 3842 ejusdem.
2923 3783 2930 3803 '

2923 3783 2986 3838 '0
3031 3782 3078 3840 θ’
3115 3784 3358 3851 ταύτης.

755 3868 854 3933 Qui
900 3882 1005 3919 non
1075 3865 1234 3919 modo
1303 3863 1522 3929 defecit,
1595 3880 1779 3919 verum
1853 3866 2014 3921 etiam
2078 3869 2255 3937 coegit.

2435 3876 2496 3928 '0
2531 3874 2608 3946 μὴ
2677 3875 2839 3944 μόνον
2901 3874 3170 3940 ἀποστὰς,
3225 3874 3362 3927 ἀλλὰ
3395 3875 3493 3928 καὶ
3522 3873 3715 3936 ἄλλους
3749 3890 3926 3927 κατα-

680 3962 834 4024 alios,
873 3956 1134 4012 decennio
1191 3955 1515 4009 Γυειίιιιίιοτο
2355 3966 2654 4035 ναγκάσας,
2707 3965 2795 4018 διὰ
2850 3965 3136 4028 δεκαετίας
3168 3965 3484 4034 τυγχανέτω
3538 3964 3631 4017 τοῦ
3692 3965 3924 4019 τελείου.

1144 4072 1169 4123 1
1232 4069 1376 4123 Petri
1426 4069 1798 4125 Alexandrini.
2675 4078 2740 4130 '0
2765 4096 2777 4129 ι

2675 4078 2740 4130 ’0
2765 4084 2818 4129 α’
2849 4078 3073 4146 Πέτρου
3127 4078 3597 4146 Ἀλεξανδρείας.

755 4167 857 4233 Qui
943 4174 1067 4233 post
1133 4164 1330 4217 multos
1399 4163 1676 4217 cruciatus
1755 4165 2040 4222 tormentis
2102 4162 2252 4228 victi,

2429 4170 2495 4222 Ol
2530 4168 2670 4240 μετὰ
2699 4168 2900 4231 πολλὰς
2937 4169 3121 4230 αἰκίας
3148 4170 3258 4221 τῶν
3291 4170 3541 4239 βασάνων
3570 4169 3923 4239 ἡττηθέντες.

678 4260 957 4315 Christum
1004 4257 1337 4325 negaverint.
1384 4270 1447 4311 ac
1499 4256 1693 4310 deinde
1765 4265 1966 4309 mutata
2039 4266 2258 4310 senten-

2357 4259 2452 4314 καὶ
2479 4259 2571 4312 τὸν
2605 4257 2845 4328 Χριστὸν
2893 4258 3290 4327 ἀρνησάμενοι,
3336 4258 3532 4312 ἔπειτα
3564 4260 3927 4328 μεταγνόντες

683 4355 755 4406 tia
819 4350 1074 4414 luxerint,
1127 4364 1249 4403 cum
1291 4348 1402 4416 jam
1460 4355 1695 4415 quatuor
1716 4362 1888 4400 annos
1927 4347 2257 4415 persecutio-

2357 4350 2452 4403 καὶ
2470 4347 2816 4411 πενθοῦντες,
2836 4347 3119 4418 τεσσάρων
3146 4348 3282 4400 ὲτῶν
3315 4349 3414 4420 ἤδη
3443 4350 3518 4419 τῷ
3536 4348 3760 4418 διωγμῷ
3784 4367 3931 4421 παρα

683 4445 766 4495 nis
843 4439 1222 4509 praeterierint,
1285 4442 1450 4492 etiam
1524 4438 1659 4491 alios
1711 4437 1779 4491 40
1845 4437 1961 4505 dies
2021 4436 2256 4506 puniune

2180 4452 2256 4490 ιη*
2357 4439 2642 4505 ελθὸντων,
2669 4440 2763 4491 καὶ
2793 4437 2959 4498 ἄλλας
3016 4435 3234 4505 ἡμέρας
3264 4435 3711 4506 ὲπιτιμάσθωσαν
3741 4439 3813 4504 μ’.

683 4543 785 4586 tor.
2283 4527 2330 4583 D

1277 4619 1312 4672 2
1374 4618 1626 4686 ejusdem.

2942 4615 3007 4669 '0
3022 4613 3083 4679 ,β’
3105 4614 3338 4668 τούτου.

786 4735 888 4801 Qui
961 4749 1092 4788 vero
1143 4734 1278 4801 lapsi
1356 4741 1503 4795 sunt,
1557 4740 1910 4798 posteaquam
1990 4729 2254 4783 duntaxat

2440 4735 2502 4786 Ol
2529 4734 2584 4786 δὲ
2613 4733 2750 4802 μετὰ
2769 4733 2829 4784 τὸ
2860 4730 3260 4804 φυλακισθῆναι
3293 4727 3454 4797 μόνον
3478 4726 3922 4798 ’παραπεσόντεῆ

686 4828 951 4882 carcerati
1001 4826 1250 4888 fuissent,
1341 4824 1511 4876 altero
1575 4821 1742 4875 etiam
1821 4835 1965 4875 anno
2019 4822 2253 4890 puniun-

1821 4835 1965 4875 at‘tno
2019 4822 2253 4890 puniun-
2354 4825 2447 4876 atati
2474 4824 2558 4875 ἓτε
2571 4842 2660 4892 ρον
2686 4823 2930 4876 ἐνιαυτὸν
2957 4819 3427 4890 ὲπιτιμάσθωσαν.

687 4931 793 4974 tor.

1316 5006 1351 5059 '5
1383 5003 1636 5072 ejusdem.

2924 4999 2987 5052 '0
3024 5005 3076 5067 γ’
3119 4998 3356 5053 τούτου.

758 5118 877 5182 Qui!
918 5132 1046 5172 vero
1090 5116 1156 5171 ad
1199 5116 1477 5169 interitum
1529 5116 1730 5182 absque
1771 5112 2113 5166 necessitate
2153 5125 2251 5166 sua

2428 5113 2490 5165 Ol
2521 5113 2576 5166 δὲ
2608 5115 2744 5184 πρὸς
2773 5115 2869 5183 τὴν
2897 5111 3378 5183 ἀπώλειαννχωρὶς
3408 5111 3655 5178 ἀνάγκης
3684 5108 3924 5176 αὐτομο-

693 5222 884 5278 sponte
949 5208 1308 5276 perrexerint.
1367 5221 1431 5261 ac
1497 5207 1689 5262 deinde
1755 5205 2128 5276 pmnituerint,
2187 5203 2254 5257 ad

2059 5213 2128 5269 nt,
2187 5203 2254 5257 ad
2357 5203 2644 5274 λήσαντες,
2673 5202 2792 5259 εἶτα
2828 5207 3284 5273 μετανοήσαντες,
3310 5203 3400 5256 ἐπὶ
3430 5203 3692 5274 τριετίαν.

691 5301 1008 5359 triennium.

1321 5392 1355 5446 ι
1379 5390 1632 5458 ejusdem.
2806 5434 2816 5442 _
2931 5387 2954 5433 ἰ

2806 5434 2816 5442 .
2931 5387 2993 5441 '0
3033 5387 3081 5441 δ’
3122 5388 3355 5442 τούτου.

762 5504 864 5571 Qtu
907 5520 1028 5560 vero
1079 5511 1366 5574 postquam
1419 5502 1555 5572 lapsi
1618 5510 1765 5566 sunt,
1827 5515 1932 5554 non
1988 5499 2254 5568 paenitue-

2199 5512 2254 5553 e-
2425 5502 2488 5554 Oi
2525 5502 2582 5555 δὲ
2619 5502 2756 5570 μετὰ
2787 5502 2847 5553 τὸ
2885 5503 3069 5554 πεσεῖν
3099 5499 3478 5569 ἀμετανόητοι,
3506 5496 3827 5566 ἀπόϐλητοι.

695 5599 825 5663 rint,
872 5596 1167 5666 rejiciendi.

1292 5708 1349 5763 5.
1377 5709 1626 5775 ejusdem.

2943 5701 3008 5754 '0
3037 5698 3079 5754 ε’
3105 5700 3337 5754 τούτου.

768 5821 866 5887 Qui
932 5821 1409 5880 dissimulationem
1463 5819 1828 5884 adhibuerim,
1879 5827 1933 5874 et
1983 5819 2254 5875 irriserint

2428 5821 2489 5872 0i
2525 5818 2582 5871 δὲ
2620 5818 3044 5889 ὑποκρινάμενοι
3081 5814 3176 5870 καὶ
3208 5810 3596 5876 διαπαίξαντες
3623 5808 3745 5872 τοὺς
3799 5806 3924 5878 pido
