4136 6314
191 421 307 489 153

1416 423 1777 490 EPITOME.
1812 424 2189 505 CANQNUM

3314 413 3420 478 158

191 556 428 603 σαντας,
461 540 552 592 καὶ
608 537 772 593 θῦσαι
800 538 1180 607 διαφυγόντες,
1208 536 1481 608 ἑξάμηνον
1510 539 1765 609 έπιτιμά-

1868 557 1983 607 eos,
2046 556 2075 594 a
2122 537 2320 610 quibus
2365 533 2709 606 cogebantur,
2779 541 2939 601 atque
3001 531 3097 595 ita,
3134 530 3424 596 quominus

190 630 443 684 σθωσαν.

783 801 839 852 '0
876 797 930 864 ς’
979 799 1218 854 τούτου.

272 892 343 944 Οἱ
364 891 423 944 δὲ
451 891 670 951 δούλους
699 890 813 942 ἀνθ’
837 889 1016 942 αὐτῶν
1039 887 1200 941 θῦσαι
1221 890 1764 955 καταναγκάσαντες,

196 980 369 1033 αὐτοὶ
404 981 504 1049 μὲν
532 979 799 1049 τριετίαν.

781 1067 846 1121 '0
881 1066 929 1128 ζ’
965 1070 1202 1123 τούτου.

275 1158 344 1210 Οί
381 1159 437 1210 δὲ
470 1158 1243 1228 καταναγκασθέντες-δοῦλοι,
1269 1160 1533 1215 ἐνιαυτόν.

783 1250 837 1301 '0
868 1256 919 1317 η’
966 1252 1199 1304 τούτου.

275 1343 343 1395 Oi
375 1342 800 1410 παραδοθέντες,
827 1342 921 1393 καὶ
951 1342 1017 1394 δι’
1047 1342 1291 1413 ἀνάγκην
1325 1344 1425 1413 μὲν
1457 1343 1770 1414 ἀρνησάμε-

198 1449 311 1493 νοι,
344 1429 462 1483 εἶτα
516 1432 617 1501 τὴν
664 1427 837 1503 ἦτταν
864 1432 1357 1502 ἀνακαλεσάμενοι,
1386 1435 1477 1486 καὶ
1508 1435 1770 1502 γενναίως

198 1522 630 1591 ἀγωνισάμενοι,
683 1524 741 1575 ἐν
801 1521 975 1575 ἅπασι
1019 1523 1156 1591 μετὰ
1195 1525 1372 1593 χαρᾶς
1407 1524 1766 1578 κοινωνείτω·

201 1628 309 1665 σαν
317 1652 334 1667 1

782 1704 847 1756 ’0
878 1701 925 1757 θ’
971 1704 1211 1761 τούτου.

286 1794 570 1856 Ὢσαύτως
612 1793 722 1869 καὶ
772 1796 823 1847 oi
856 1796 935 1858 εἰς
963 1798 1089 1858 τοὺς
1119 1796 1336 1864 ἀγῶνας
1363 1795 1770 1867 αὐτομολήσαν-

199 1902 321 1946 τες.
366 1886 541 1954 ’Υπὲρ
590 1886 811 1955 Χριστῷ
834 1889 961 1954 γὰρ,
993 1890 1040 1940 εξ
1090 1874 1188 1941 καί
1232 1888 1306 1959 μὴ
1352 1892 1490 1942 κατὰ
1539 1890 1771 1959 Χριστὸν

204 1977 566 2045 πεποιήκασι,
589 1976 808 2045 φεύγειν
839 1978 929 2029 καὶ
956 1977 1315 2047 διωκομένους
1347 1978 1696 2036 κελεύσαντα.

808 2158 862 2211 '0
892 2156 922 2211 ι’
944 2159 1176 2213 τούτου.

276 2248 549 2316 Κληρικοὶ
602 2248 680 2313 δὲ,
706 2250 1168 2320 αὐτομολήσαντες
1222 2253 1313 2314 είς,
1353 2249 1479 2312 τοὺς
1532 2251 1769 2317 ἀγῶνας,

206 2336 287 2405 μὴ
345 2337 829 2405 λειτουργείτωσαν
854 2377 869 2402 ,
914 2339 996 2391 ὅτι
1050 2339 1110 2392 τὸ
1162 2341 1311 2408 σφῶν
1354 2337 1772 2393 καταλελοίπασι

202 2426 485 2493 ποίμνιον,
513 2425 541 2477 ὃ
566 2425 751 2495 μηδεὶς
778 2424 886 2478 τῶν
916 2427 1224 2480 ἀποστόλων
1258 2427 1576 2497 πεποίηκεν.

779 2605 840 2661 '0
869 2608 943 2661 ια’
973 2610 1205 2663 τούτου.

278 2698 408 2759 Τοῖς
470 2695 807 2767 αὐθαιρέτως
849 2698 947 2765 μὲν
990 2697 1082 2749 τὸν
1140 2698 1325 2765 ἀγῶνα
1368 2698 1768 2764 ὑπεισελθοῦσι,

205 2791 299 2845 διὰ
338 2792 392 2843 δὲ
436 2789 633 2853 πολλὰς
678 2790 860 2851 αἰκίας
903 2790 1321 2859 ἀρνησαμένοις,
1347 2786 1464 2843 εῐτα
1510 2794 1773 2862 μετανοή-

206 2897 355 2943 σασι,
385 2880 477 2931 καὶ
512 2881 571 2931 τὸ
601 2880 840 2949 πραχθὲν
887 2880 1327 2950 ἀπιδυρομένοις,
1369 2880 1516 2944 ἄξιον
1549 2880 1770 2933 ἐπινεῦ-

208 2988 323 3032 σαι,
356 2973 453 3024 xci.
502 2971 853 3041 συνεύχεσθαι
886 2988 942 3023 τε
986 2972 1125 3041 ὑπὲρ
1163 2973 1362 3037 αὐτῶν,
1392 2974 1485 3026 καὶ
1516 2973 1575 3026 τὸ
1617 2971 1769 3026 Θεῖον

204 3061 469 3128 ιξιλαοῦν.

776 3150 842 3206 '0
871 3152 945 3216 ιβ’
975 3152 1209 3206 τούτου.

278 3247 344 3302 οἱ
376 3247 631 3315 χρήματα
682 3247 1075 3317 παρασχόντες,
1104 3246 1188 3298 ἵνα
1226 3245 1491 3315 βασάνους
1520 3245 1771 3312 ἐκφύγω-

206 3354 317 3401 σιν,
347 3336 672 3408 ἀνέγκλητοι
697 3352 710 3368 ·
735 3337 1031 3407 χρημάτων
1060 3338 1261 3407 μᾶλλον
1292 3338 1324 3407 ἦ
1351 3336 1525 3406 ψυχῆς
1568 3335 1769 3406 ζημίαν

206 3428 477 3499 ἑλόμενοι.

775 3519 841 3575 ’0
859 3518 939 3589 ἰγ’
976 3521 1213 3576 τούτου.

288 3609 565 3673 Ὠσαὺτως
616 3613 712 3663 καὶ
760 3612 808 3663 oi
858 3614 998 3681 φυγῇ
1034 3611 1129 3681 τὴν
1172 3600 1447 3681 σωτηρίαν
1499 3610 1769 3681 εὑρόντες,

202 3701 312 3754 κᾶν
344 3700 461 3754 ἀντ’
494 3701 675 3754 αὐτῶν
696 3699 876 3773 ιτεροι
905 3701 1329 3773 κατεσχέθησαν.

784 3792 847 3845 '0
868 3791 937 3845 ιδ’
978 3796 1216 3849 τούτου.

271 3886 337 3943 Ol
361 3885 502 3957 μετὰ
525 3884 727 3946 πολλὰς
745 3884 945 3947 αἰκίας,
973 3884 1065 3936 καί
1088 3882 1237 3951 θῦμα
1259 3884 1376 3947 ταῖς
1396 3884 1584 3953 χερσὶν
1608 3882 1789 3938 ἀκου-’

205 3978 333 4040 clm;
354 3976 663 4044 δεξάμενοι,
688 3977 754 4043 τῇ
780 3990 841 4025 τε
858 3972 1164 4045 λειτουργίᾳ
1186 3974 1519 4044 μενέτωσαν,
1547 3974 1771 4039 καὶτοῖς

205 4068 562 4136 ὁμολογηταῖς
595 4064 1086 4132 ὲγγραφέσθωσαν.

212 4159 278 4210 ⁸0
307 4165 360 4209 a'
390 4156 500 4209 τοῦ
550 4156 723 4222 ἁγίου
779 4153 1112 4220 Γρηγοριου
1144 4152 1253 4207 τοῦ
1281 4156 1768 4224 Θαυματουργοῦ.

273 4249 338 4300 Oi
377 4248 439 4299 ἑν
468 4245 822 4315 αἰχμαλωσίᾳ
857 4244 969 4298 τῶν
1008 4244 1300 4315 βαρϐάρων
1327 4245 1595 4315 φαγόντες
1626 4246 1770 4319 βρώ-

208 4356 373 4406 ματα,
410 4333 720 4390 ἀνεύθυνοι.
1198 4400 1201 4403 ν

784 4425 839 4481 '0
860 4423 922 4494 β’
952 4428 1189 4484 τούτου.

1865 630 2256 695 sacriﬁcarent,
2306 624 2622 698 eﬂugerint,
2672 639 2766 681 sex
2820 621 3091 677 mensibus
3142 622 3416 689 castigan-

1870 734 1973 780 tor.

2468 808 2501 865 6
2556 808 2810 875 ejusdem.

1936 903 2037 970 Qui
2089 915 2274 959 servos
2329 914 2426 972 pro
2469 915 2529 955 se
2591 886 2905 953 sacriﬁcare
2958 894 3260 962 coegerint,
3314 890 3413 958 ipsi

1868 996 2083 1064 quidem
2132 993 2389 1048 triennio.

2479 1082 2510 1135 7
2541 1079 2795 1149 ejusdem.

1939 1175 2091 1230 Servi
2140 1189 2269 1229 vero
2326 1173 2522 1233 coacti.
2573 1186 2753 1225 annuo
2801 1166 3002 1235 spatio.

2475 1264 2506 1317 8
2565 1263 2817 1331 ejusdem.

1935 1358 2040 1424 Qui
2097 1348 2276 1411 traditi
2326 1362 2474 1417 sunt,
2524 1364 2576 1405 et
2635 1362 2854 1419 propter
2926 1345 3260 1400 coactinuem
3309 1342 3432 1411 qui-

1869 1452 1989 1507 dem
2038 1450 2405 1514 ahuegarunt,
2458 1446 2663 1497 verum'
2712 1446 2895 1508 postea
2964 1436 3205 1489 cessione
3276 1448 3431 1486 revo-

1870 1550 2025 1602 cata,
2059 1538 2271 1591 fortiter
2308 1535 2675 1595 decertarunt,
2732 1532 2785 1583 in
2832 1527 3082 1582 omnibus
3134 1541 3253 1579 cum
3301 1538 3430 1594 gra-

1870 1628 2127 1684 tulatione
2146 1624 2561 1679 communicent.

2464 1712 2497 1767 9
2551 1710 2801 1778 ejusdem.

1950 1809 2217 1866 Similiter
2270 1815 2325 1860 et
2406 1803 2496 1873 qui
2551 1809 2741 1871 sponte
2794 1798 2860 1851 ad
2938 1796 3183 1850 obeunda
3251 1802 3400 1848 certa

1874 1903 2019 1957 mina
2067 1901 2145 1972 (1)
2196 1897 2557 1970 perrexeriut.
2610 1891 2743 1946 Nam
2794 1904 2893 1956 pro
2943 1887 3165 1943 Christo
3228 1885 3277 1939 id
3343 1884 3423 1938 fa-

1870 1992 2044 2055 ciunt,
2106 1989 2316 2044 tametsi
2398 2002 2501 2039 non
2591 1983 2887 2037 secundum
2978 1977 3273 2040 Christum,
3334 1976 3427 2045 qui

1870 2082 2300 2154 persecutionem
2355 2077 2618 2147 patientes
2671 2072 2854 2140 fugere
2898 2068 3086 2138 jussit.

2462 2163 2528 2217 10
2586 2160 2840 2228 eiusdem.

1939 2252 2134 2315 Clerici
2192 2270 2344 2317 vero.
2397 2253 2486 2324 qui
2521 2248 2746 2321 ’spnnte
2800 2247 2865 2299 ad
2923 2244 3173 2301 obeunda
3249 2251 3426 2297 certa-

1836 2346 2018 2404 'mina
2072 2358 2132 2402 se
2168 2343 2518 2406 contulerint,
2570 2339 2934 2405 ministerium
2996 2344 3212 2389 sacrum
3302 2346 3429 2401 per-

1870 2447 2050 2509 agant,
2116 2433 2552 2506 quandoquidem
2641 2430 2780 2485 ovile
2839 2440 2995 2485 suum
3068 2423 3428 2492 reliquerunt,

1872 2530 2015 2600 quod
2066 2522 2439 2597 apostolorum
2490 2534 2653 2577 nemo
2705 2520 2852 2573 fecit.

2294 2625 2301 2631 '
2458 2612 2525 2685 ,11
2559 2610 2818 2681 ejusdem.

1941 2714 2012 2769 lis
2060 2711 2153 2781 qui
2228 2705 2439 2779 sponte
2492 2704 2713 2775 quidem
2794 2709 3070 2755 certamen
3145 2695 3426 2755 obierunt,

1871 2820 2055 2861 verum
2102 2808 2326 2873 propter
2382 2800 2561 2853 varios
2592 2795 2869 2850 cruciatus
2926 2793 3296 2864 abnegarunt,
3362 2801 3427 2839 ac

1872 2896 2064 2951 deinde
2127 2906 2344 2946 rursum
2405 2889 2808 2959 paenitueruut,
2888 2881 3217 2948 factumque
3272 2890 3430 2929 suum

1875 2986 2249 3056 deplorarunt,
2315 2994 2529 3048 aequum
2597 2986 2683 3030 cst
2749 2987 3009 3031 annnere.
3052 2985 3114 3022 ac
3186 2982 3283 3036 pro
3350 2965 3432 3020 eis

1871 3086 1982 3133 tum
2009 3088 2197 3146 preces
2215 3070 2473 3141 tundere,
2505 3076 2617 3122 tum
2656 3065 2866 3120 Numcn
2915 3062 3150 3133 placare.

2455 3161 2524 3216 12
2602 3159 2859 3227 ejusdem.

1947 3258 2049 3327 Qui
2098 3255 2361 3329 pecunias
2416 3253 2705 3315 dederunt,
2788 3257 2855 3303 Aut
2911 3245 3197 3301 tormentis
3248 3242 3429 3310 eripe-

1873 3359 2079 3414 rentur,
2156 3348 2310 3418 culpa
2371 3353 2582 3407 carent,
2650 3356 2770 3394 cum
2834 3337 3209 3407 pecuniarum,
3269 3348 3430 3403 quam

1872 3441 2064 3493 animm
2124 3436 2536 3496 detrimentum,
2602 3430 2784 3484 subire
2839 3425 3150 3480 maluerint.

2458 3524 2525 3577 15
2592 3520 2848 3591 ejusdem.

1944 3617 2209 3673 Similiter
2257 3623 2311 3669 ct
2365 3614 2457 3682 qui
2495 3615 2615 3681 fuga
2667 3610 2829 3666 saluti
2872 3626 2981 3663 sure
3022 3605 3433 3667 consuluerunt,

1871 3708 1998 3762 licet
2046 3721 2144 3777 pro
2197 3706 2278 3761 eis
2317 3704 2409 3759 alii
2468 3702 2722 3773 prehensi
2790 3701 3015 3754 fuerint.

2469 3796 2533 3849 14
2589 3794 2855 3861 εἰπωάεηικ

1943 3890 2042 3955 Qui
2095 3899 2216 3956 post
2264 3888 2446 3942 varios
2502 3886 2777 3941 cruciatus
2814 3885 3089 3939 victimam
3136 3881 3248 3935 suis
3302 3893 3419 3931 ma-

1871 3982 2027 4037 nibus
2103 3979 2254 4035 inviti
2314 3979 2657 4046 acceperunt,
2734 3977 2880 4029 etin
2956 3971 3260 4027 ministerio
3316 3984 3432 4022 ma-

1872 4080 2057 4135 neant,
2116 4079 2171 4123 et
2221 4070 2361 4123 inter
2410 4064 2751 4120 confessores
2808 4061 3137 4116 referuntor.

2104 4163 2128 4217 1
2167 4160 2229 4216 8.
2257 4158 2492 4231 Gregorii
2524 4156 2896 4209 miraculorum
2927 4153 3207 4222 eﬂ'ectort's.

1941 4254 2044 4322 Qui
2078 4254 2131 4309 in
2163 4251 2475 4321 captivitate
2502 4250 2647 4305 cibos
2669 4247 3029 4302 Barbarorum
3059 4249 3434 4304 comederunt.

1873 4346 2028 4403 culoa
2058 4352 2263 4402 carent.

2502 4427 2537 4481 2
2567 4425 2821 4494 ejusdem.

275 4524 339 4577 οί
379 4521 472 4573 τὸν
519 4520 710 4591 καιρὸν
758 4521 856 4587 τῆς
900 4521 1011 4575 τῶν
1051 4520 1350 4591 βαρόἀρων
1391 4522 1767 4593 καταδρομῆς,

1941 4526 2041 4593 Qui
2074 4536 2287 4593 tempus
2330 4518 2654 4576 incursionis
2705 4513 3093 4574 Barbarorum,
3137 4511 3278 4579 quod
3312 4526 3437 4580 pcr-

205 4615 298 4666 τδν
318 4615 484 4667 πᾶσιν
522 4600 745 4681 ὄλεθρον
772 4609 1027 4679 φέροντα,
1060 4610 1287 4680 κέρδους
1336 4610 1553 4673 ἑαυτοῖς
1578 4611 1772 4681 καιρὸν

1871 4618 2063 4672 niciem
2094 4612 2358 4669 universis
2383 4609 2558 4670 affert,
2584 4620 2683 4674 pro
2703 4604 2833 4657 lucri
2858 4602 2939 4655 sui
2963 4603 3250 4655 occasione
3270 4603 3437 4656 duxe-

206 4704 573 4773 ἡγησάμενοι,
590 4700 661 4751 τὰ
675 4698 929 4769 ἀλλότρια
947 4698 1305 4767 διηρπάκασι,
1327 4699 1426 4769 τῆς
1441 4700 1768 4771 Ἐκκλησίας

1869 4712 2001 4775 rint,
2042 4702 2325 4773 aiienaq’ue
2364 4698 2701 4769 diripuerint,
2733 4709 2797 4749 ex
2834 4693 3072 4747 Ecclesia
3125 4693 3433 4763 ejiciuntor,

206 4792 680 4864 ἑκριπτέσοωσαν,
709 4790 784 4854 ὡς
811 4791 1027 4853 ἀσεϐεῖς
1063 4791 1156 4843 καὶ
1185 4792 1520 4859 θεοστυγεῖς.

786 4883 851 4935 ⁸ο
880 4881 928 4934 δ’
963 4883 1200 4936 τούτου.

274 4976 337 5029 Οἱ
367 4976 494 5037 τοὺς
517 4974 882 5042 διαφυγόντας
905 4971 1284 5041 αἰχμαλώτους
1313 4973 1404 5043 βίᾳ
1421 4976 1764 5043 κατέχοντες,

207 5067 601 5128 ἁποδότωσαν,
642 5066 729 5118 ἵνα
781 5065 856 5134 μὴ
898 5064 1129 5133 σκηπτοὶ
1168 5064 1409 5117 πέσωσιν
1438 5066 1525 5117 ἐπ’
1566 5068 1766 5132 αὐτοὺς

209 5157 520 5229 οὖρανόοεν.
678 5222 687 5227 _

738 5230 846 5295 "'0
888 5245 936 5294 θ’
956 5228 1201 5297 τούτου.

276 5340 338 5392 Oi
385 5336 737 5407 αἰχμαλωσίᾳ.
791 5334 1109 5402 ληφοὲντες,
1146 5335 1241 5388 καὶ
1273 5335 1538 5389 τοσοῦτον.
1563 5339 1765 5409 ἐκϐαρ-

208 5433 565 5501 6αρω6έντες,
605 5427 748 5482 ὥστε
777 5428 871 5479 καὶ
902 5426 1045 5478 κατὰ
1070 5426 1178 5478 τῶν
1209 5426 1496 5495 ὁμοφύλων
1529 5433 1758 5498 χωρεῖν,

205 5526 417 5595 καὶτῆς
446 5521 767 5593 ἀκροάσεως
792 5516 1270 5586 ἀπειργέρθωσαν,
1306 5516 1411 5580 ἕως
1442 5517 1507 5571 ἄν
1535 5537 1585 5573 τι
1634 5521 1759 5590 περὶ

204 5617 381 5675 αὐτῶν
406 5614 572 5681 δόξειε
595 5617 661 5686 τῇ
689 5610 920 5681 συνόδῳ.

1869 4802 2014 4857 velut
2052 4797 2200 4867 impii
2239 4803 2293 4850 et
2319 4793 2476 4849 invisi
2514 4791 2641 4845 Deo.

2488 4884 2522 4938 ι
2552 4884 2808 4953 ejusdem.

1943 4982 2044 5048 Qui
2067 4981 2313 5049 captivos
2339 4978 2429 5047 qui
2460 4978 2577 5045 fuga
2601 4976 2893 5037 evaserint,
2924 4975 2969 5028 vi
3012 4973 3274 5035 detinent,
3310 4987 3434 5027 eos-

1872 5075 1989 5127 dem
2027 5072 2337 5133 restituant,
2390 5083 2458 5129 ne
2508 5066 2727 5121 fulmina
2769 5064 2980 5118 ccelitus
3037 5064 3088 5115 in
3137 5076 3230 5114 eos
3290 5060 3435 5114 deci-

1870 5167 2020 5219 dant.

2498 5249 2529 5303 9
2558 5248 2811 5318 ejusdem.

1940 5347 2039 5411 Qui
2102 5353 2365 5398 venerunt
2426 5342 2477 5395 iu
2546 5342 2932 5408 captivitatem,
2974 5347 3024 5393 et
3079 5352 3247 5406 usque
3297 5335 3433 5391 adeo

1872 5437 2088 5492 barbari
2124 5435 2249 5489 facti
2292 5443 2438 5498 sunt,
2478 5443 2531 5485 ut
2558 5436 2719 5486 etiam
2763 5446 2872 5485 sum
2914 5429 3148 5483 nationis
3185 5429 3432 5481 homines

1874 5529 2152 5591 invadant,
2184 5526 2343 5580 etiam
2378 5525 2444 5579 ab
2473 5525 2747 5578 auditione
2776 5531 3084 5588 arceantur,
3115 5521 3286 5583 donec
3327 5518 3431 5573 alio

1875 5618 2002 5686 quid
2031 5617 2268 5687 synodus
2295 5616 2360 5679 de
2395 5616 2524 5686 ipsis
2555 5614 2827 5671 statuerit.

266 5802 343 5874 (1)
373 5801 480 5861 Hoc
501 5812 583 5861 est
607 5797 899 5870 martyria,
929 5799 1042 5851 sive
1071 5794 1376 5851 testimonia
1402 5796 1612 5852 veritati
1648 5797 1995 5866 perhibeuda.
