4136 6314
218 373 321 439 161

489 490 545 545 Ὀ
572 490 619 552 ζ’
656 491 763 545 τοῦ
784 492 1150 561 πατριάρχου
1174 493 1509 549 Νικολάου..

282 583 359 636 Th
392 582 597 636 κλίνειν
622 585 680 636 ὲν
708 585 1162 654 Σαϐϐάτῳ-γόνυ,
1214 585 1362 653 παρὰ
1404 582 1502 636 τοῦ
1549 581 1772 644 κανόνος

1439 375 1777 437 EPITOME
1821 374 2212 436 CANONUM.

3340 380 3440 444 162

2367 487 2396 540 7
2435 488 2649 542 Nirolai
2668 490 3007 559 patriarcha.

1946 576 2182 632 Sabbato
2206 591 2347 646 genu
2381 578 2615 645 ﬂectere,
2675 595 2777 635 non
2822 581 3145 649 prohibitqu
3176 591 3256 636 est
3290 598 3317 635 a
3346 598 3466 637 car

206 675 275 727 οὐ
312 674 645 729 κεκώλυται.
689 677 749 729 Oi
782 676 970 727 πολλοὶ
1002 676 1080 742 δὲ,
1129 676 1218 728 διὰ
1245 676 1306 727 τὸ
1332 676 1408 743 μὴ
1435 671 1684 743 νηστείαν
1713 672 1772 722 ὲν

1875 681 2029 721 none.
2062 667 2307 736 Plerique
2335 683 2460 723 vero
2482 680 2762 739 propterea
2786 674 2948 741 ,quod
2967 673 3171 742 jejunio
3197 675 3439 759 §abbato

204 764 483 835 εαὸεάτῳ
515 765 784 833 γίνεσθαι,
810 767 926 819 οὐδὲ
959 767 1086 835 γόνυ
1112 768 1403 821 κλίνονσιν.

822 860 873 909 Ὁ
898 864 945 911 κ’
976 855 1083 923 τῆς
1116 856 1188 909 α’.

294 948 384 1000 Ἔν
409 950 533 1010 ταϊς
591 950 915 1017 Κυριακαῖς,
979 948 1072 1001 καὶ
1108 950 1227 1009 ταῖς
1262 948 1360 1016 τῆς
1392 942 1771 1014 Πεντηκοστῆς

202 1037 478 1108 ἡμέραις,
512 1039 642 1106 γόνυ
670 1056 755 1100 τις
788 1040 862 1106 μὴ
897 1038 1141 1091 κλινέτω.

652 1127 703 1180 ’0
730 1134 811 1181 re’
835 1124 943 1192 τῆς
965 1128 1030 1180 ἐν
1062 1126 1351 1194 Τρούλλῳ.

280 1218 407 1271 τῶν
446 1219 735 1283 Ῥωμαίων
760 1219 829 1270 τὰ
866 1218 966 1286 τῆς
997 1216 1447 1285 τεσσαρακοστῆς
1497 1215 1775 1282 νηστευόν-

202 1325 321 1362 των
345 1311 621 1372 Σάϐϐατα,
646 1313 675 1362 ὁ
705 1309 814 1363 τῶν
840 1308 1154 1363 ἀποστόλων
1179 1307 1313 1378 περὶ
1336 1307 1445 1359 τῶν
1480 1305 1773 1358 Σαϐϐάτων

202 1402 483 1469 κρατείτω
526 1398 727 1452 κανών.

765 1488 829 1543 ’0
852 1487 940 1544 κε’
972 1490 1216 1557 ταύτης.

279 1581 374 1649 τῷ
404 1579 631 1649 μεγάλῳ
660 1579 923 1651 Σαϐϐάτῳ
953 1581 1079 1651 περὶ
1123 1581 1295 1650 μέσας
1340 1581 1541 1647 νύκτας
1582 1584 1650 1652 τῇ
1681 1597 1774 1651 νη-

205 1672 369 1742 στείᾳ
392 1672 732 1742 διαρχετέον.

614 1843 677 1896 Ὀ
699 1844 1095 1912 ἐνενηκοστός
1123 1847 1363 1913 ταύτης.

290 1930 428 1982 Ἀπὸ
460 1930 562 2000 τῆς
593 1933 886 2003 ἑσπερινῆς
923 1936 1130 1988 εἰσόδου
1176 1937 1272 1989 τοῦ
1309 1935 1608 1998 Σαόϐἀτου,
1637 1949 1767 2000 γονυ

203 2037 297 2081 τις
331 2023 407 2091 μὴ
436 2021 689 2088 κλινέτω,
713 2026 876 2095 μέχρι
907 2026 1005 2096 τῆς
1030 2028 1323 2096 ἑσπερινῆς
1353 2028 1451 2095 τῆς
1478 2026 1770 2095 Κυριακῆς

200 2110 435 2165 εἰσόδου.

532 2201 589 2253 '0
623 2200 683 2255 ιε’
713 2206 936 2271 Πέτρου
977 2206 1451 2274 Ἀλεξανδρείας.

276 2290 510 2358 Τετράδι
542 2294 635 2345 καὶ
669 2295 995 2365 Παρασκευῇ
1031 2297 1371 2363 νηπευτέον.
1411 2298 1488 2367 Τῇ
1525 2296 1647 2367 μὲν,
1684 2297 1773 2373 διὰ

200 2379 269 2431 to
296 2383 440 2433 κατὰ
482 2382 722 2450 Χριστοῦ
753 2384 853 2453 τῆς
899 2387 1196 2453 προδοσίας
1225 2387 1581 2456 συμϐούλιον·
1622 2391 1688 2460 τῇ
1715 2389 1772 2441 δὲ

206 2469 680 2540 Παραπευῇ,ηδιέι
703 2473 763 2524 τὸ
801 2476 1064 2543 σωτήριον
1109 2477 1299 2538 πάθος.
1337 2476 1414 2548 Τῇ
1449 2477 1633 2545 μέντοι
1662 2480 1773 2530 Κυ-

208 2563 376 2629 ριακῇ
399 2562 763 2630 χαρμοσύνως
786 2563 1123 2633 ὲορταστέον,
1144 2566 1235 2619 διὰ
1260 2566 1360 2637 τὴν
1396 2566 1489 2619 τοῦ
1517 2567 1769 2637 Σωτῆρος

204 2649 531 2703 ἀνάστασιν.

508 2738 571 2791 '0
590 2737 641 2791 α’
673 2741 995 2794 Διονυσίου
1017 2740 1485 2808 Ἀλεξανδρείας.

293 2821 358 2874 Ἦ
383 2824 482 2890 τῆς
505 2824 854 2889 ἀναστάσεως
882 2827 998 2896 ὥρα
1018 2828 1111 2880 τοῦ
1143 2829 1369 2897 Κυρίου,
1400 2832 1500 2881 οὐκ
1528 2828 1768 2897 εὔδηλος.

222 2911 560 2966 ’Δναστάντα
584 2916 690 2984 γὰρ
714 2918 876 2969 αὑτὸν
901 2914 1061 2986 εὗρον
1083 2920 1139 2970 αἱ
1163 2920 1241 2980 είς
1270 2920 1362 2970 τὸν
1388 2920 1555 2987 τάφον
1589 2920 1772 2972 ἐλθοῦ-

210 3019 326 3065 σαι,
357 3003 433 3064 ὡς
489 3004 688 3066 πάντες
744 3008 795 3057 οί
846 3007 1239 3073 Εὑαγγελισταὶ
1274 3009 1636 3079 μαρτυροῦσι.
1681 3011 1771 3064 Διὸ

1873 756 2016 810 nulla
2044 758 2171 823 sint,
2205 773 2375 826 neque
2421 775 2554 828 genu
2583 760 2824 815 ﬂectunt.

2541 851 2613 905 20
2681 853 2882 920 prima.

1944 938 2139 992 Dieb'us
2195 939 2482 993 Dominicis
2546 953 2599 994 et
2655 943 3431 1013 quinq‘uagesimalibus,genu

1882 1028 2005 1097 quis
2031 1030 2168 1082 haud
2199 1030 2399 1083 ﬂectat.

2322 1120 2391 1173 55
2442 1120 2629 1173 liabin
2656 1123 2708 1174 in
2741 1121 2944 1176 Trulla.

1945 1205 2093 1259 Licet
2150 1204 2375 1262 Romani
2431 1211 2676 1278 jejunsre
2721 1213 2926 1267 soleant
2953 1214 3004 1265 in
3033 1213 3283 1267 Sabbatis
3312 1227 3441 1280 qua-

1875 1295 2222 1362 dragesimae,
2251 1309 2425 1352 tamen
2470 1300 2828 1368 apostolorum
2882 1303 3056 1370 potius
3092 1301 3158 1355 de
3191 1301 3440 1356 Sabbatis

1879 1402 2050 1443 canon
2086 1398 2236 1444 ratus
2256 1401 2393 1445 €810.

2512 1478 2580 1533 85
2610 1482 2839 1549 ejusdem
2852 1520 2865 1533 .

1947 1568 2184 1623 Sabhato
2239 1567 2329 1621 illo
2382 1566 2567 1638 [quod
2630 1569 2835 1624 Pascha
2890 1566 3189 1637 praecedit]
3248 1581 3443 1634 magno

1879 1645 2297 1713 continuandum
2326 1667 2411 1712 est
2440 1657 2705 1726 jejunium
2756 1674 2925 1729 usque
2986 1659 3050 1713 ad
3082 1666 3292 1713 noctem
3333 1672 3445 1713 me-

1891 1748 2054 1802 diam.

2470 1838 2538 1893 90
2579 1838 2831 1906 ejusdem.

1940 1927 1982 1980 A
2013 1924 2317 1993 vespertino
2372 1926 2593 1980 introitu
2619 1936 2678 1980 et
2706 1928 2861 1980 initio
2884 1926 3104 1981 Sabbati
3134 1941 3271 1996 genu
3323 1927 3447 1995 quis

1870 2018 2008 2072 haud
2032 2014 2235 2078 ﬂectat,
2292 2032 2458 2083 usque
2487 2017 2553 2070 ad
2608 2021 2810 2071 exitum
2864 2018 3126 2071 Dominici
3182 2018 3287 2072 diei
3360 2031 3448 2071 ve-

1870 2108 2189 2173 spertinum.

2360 2197 2427 2251 15
2498 2195 2645 2247 Petri
2675 2194 3043 2249 Alexandrini.

1942 2283 2094 2338 Feria
2161 2296 2353 2354 quarta
2412 2297 2464 2339 et
2503 2286 2556 2339 in
2594 2286 2891 2340 Parasceve
2944 2288 3291 2357 jejunantlum
3339 2297 3443 2351 est,

1885 2378 1976 2431 illa
2006 2380 2243 2445 quidem.
2274 2382 2341 2430 ob
2378 2378 2696 2444 proditionis
2735 2380 2993 2431 adversus
3021 2378 3297 2432 Christum
3323 2394 3447 2431 cau-

1875 2468 2163 2532 silitlm,in
2221 2467 2514 2521 Parasceve
2573 2478 2773 2532 autem,
2839 2482 3057 2536 propter
3112 2468 3442 2522 salutiferam

1874 2559 2201 2627 passionem.
2272 2560 2583 2611 Dominicus
2635 2574 2767 2613 vero
2825 2561 2940 2613 dies
3000 2561 3247 2615 hilariter
3303 2567 3445 2615 cele-

1872 2648 2116 2703 brandas
2150 2686 2165 2712 ,
2196 2660 2411 2717 propter
2430 2654 2879 2705 resurrectionem
2909 2651 3149 2706 Domini.

2302 2738 2327 2789 1
2374 2738 2613 2805 Dionysii
2640 2740 3001 2793 Alexandrini.

1942 2827 2083 2882 llora

1873 2927 2069 2986 potest.
2101 2918 2311 2987 Quippe
2363 2921 2612 2973 mulieres
2650 2921 2716 2972 ad
2755 2919 3057 2988 sepulcrum
3087 2922 3336 2989 profecta:
3365 2928 3447 2976 sic

1872 3022 1995 3062 eum
2024 3017 2360 3076 repererunt,
2404 3018 2461 3060 ut
2496 3010 2583 3075 qui
2618 3009 2727 3077 jam
2760 3009 3169 3072 resurrexisset,
3192 3012 3446 3078 quemad-

206 3094 337 3153 τοὺς
379 3093 479 3161 μὲν
526 3093 632 3161 πρὸ
701 3099 1055 3163 μεσονυκτίου
1097 3097 1196 3165 τὴν
1237 3098 1492 3165 νηστείαν
1542 3098 1771 3163 λύοντας

1879 3100 2090 3152 modum
2137 3113 2323 3151 omnes
2376 3099 2727 3167 Evangelistte
2784 3108 3065 3153 testantur.
3108 3097 3448 3169 Quapropter

212 3182 582 3252 μεμφόμεθα·
616 3186 743 3247 τοὺς
776 3185 835 3237 δὲ
888 3186 1080 3256 μέχρις
1131 3186 1328 3257 ὄρθρου
1379 3190 1771 3259 ἐγκαρτεροῦνο

211 3290 315 3336 τας
362 3273 740 3345 ἀποδεχόμεθα
774 3290 788 3304 ·
823 3279 932 3340 τοῖς
961 3276 1017 3330 δὲ
1042 3276 1250 3347 μεταξὺ
1279 3278 1503 3348 τούτων,
1533 3282 1632 3335 οὐκ
1660 3283 1773 3335 ἑνο-

209 3364 341 3434 χλοῦ
348 3380 474 3433 μεν.

576 3540 685 3595 Τοῦ
708 3540 1075 3611 πατριάρχου
1100 3543 1421 3599 Νικολάου.

298 3628 363 3683 Ἦ
382 3632 607 3699 νηστεία
643 3632 738 3685 τοῦ
784 3632 1098 3701 Αὐγούστου
1136 3634 1401 3704 πρότερον
1441 3633 1595 3702 οὖσα,
1626 3634 1775 3688 ὔστε-

211 3737 311 3794 ρον
352 3722 638 3792 μετετέθη,
683 3722 773 3776 διὰ
819 3725 882 3777 τὸ
909 3726 1029 3788 ταῖς
1061 3724 1303 3787 ἐθνικαῖς
1337 3724 1543 3792 ταύτην
1573 3727 1776 3796 συμπί-

210 3829 373 3867 πτειν
405 3813 706 3881 νηστείαις.
743 3814 893 3886 Πλὴν
926 3815 1009 3869 ιτι
1032 3814 1217 3869 πολλοὶ
1239 3816 1335 3886 τὴν
1362 3816 1619 3885 νηστείαν
1646 3819 1774 3871 ταύ-

212 3920 314 3974 νην
332 3901 684 3971 νηστεύουσι.

754 3994 1099 4051 antrum!
1124 3999 1219 4066 qv.

742 4090 878 4157 Περὶ
910 4088 1239 4156 βασιλέως.

311 4180 377 4233 '0
406 4180 812 4247 ἐνενηκοστὸς
844 4181 1041 4248 τρίτος
1066 4181 1177 4250 τῆς
1205 4182 1275 4242 ἐν
1299 4180 1670 4252 Καρθαγένῃ.

287 4272 350 4325 Ol
390 4271 631 4338 βασιλεῖς
665 4274 733 4341 τῇ
798 4271 1099 4344 Ἐκκλησία
1128 4272 1515 4343 βοηθείτωσαν,
1545 4276 1619 4337 ὡς
1674 4273 1769 4328 καὶ

219 4362 420 4429 Παύλῳ
447 4361 577 4415 ποτὲ
606 4362 971 4415 κινδυνεύοντι
1001 4366 1370 4433 στρατιωτικὴ
1399 4367 1520 4435 χεὶρ
1544 4365 1771 4435 ἐϐοήθησ

218 4471 330 4507 σεν.

613 4545 677 4597 ’0
712 4547 799 4610 ξθί
841 4544 953 4614 τῆς
985 4545 1057 4599 ἐν
1099 4546 1392 4615 Τρούλλφ.

293 4638 463 4691 ’Δνευ
497 4634 791 4706 βασιλέως,
827 4638 903 4707 μή
938 4653 1019 4701 τις
1052 4637 1132 4701 είς
1161 4637 1223 4691 τὸ
1259 4638 1567 4709 ἱλαστήριον
1604 4641 1779 4711 είσερ-

260 4730 418 4784 ἐσθω.

260 4749 418 4784 εσοω.

220 4749 254 4801 χ
531 4818 599 4874 '0
623 4822 678 4873 λ’
706 4818 813 4873 τοῦ
839 4820 1116 4889 Μεγάλου
1141 4823 1480 4877 Βασιλείου.

292 4914 513 4983 ’Δρχων
542 4912 635 4963 ἐπὶ
666 4910 824 4981 κακῷ
848 4915 959 4973 τοῖς
980 4912 1304 4982 ἀρχομένοις
1329 4914 1545 4981 ὀμνύων
1562 4952 1576 4979 ,
1617 4914 1779 4977 αὐτὸς

226 5005 322 5075 μιν
348 5003 720 5074 ιπιτιμάσθω,
758 5006 840 5074 μὴ
861 5005 1163 5074 προχείρως
1185 5005 1410 5074 ὀμνύειν
1428 5021 1443 5036 °
1476 5008 1503 5060 6
1524 5006 1579 5059 δὲ
1619 5007 1781 5068 ὅρκος

222 5096 565 5170 ἁκυρούσθω.

678 5375 1084 5462 ΤΜΗΜΑ
1159 5373 1298 5473 εἶ’.

708 5535 891 5587 ΠΕΡΙ
921 5536 1311 5591 ΓΥΝΑΙΙιὩΝ.

585 5648 648 5697 '0
685 5644 781 5714 μδ⁹
812 5645 920 5712 τῆς
954 5646 1021 5699 ἐν
1060 5648 1424 5717 Καρθαγένῃ.

288 5738 350 5789 Δί
380 5737 524 5805 ἱεραὶ
549 5736 813 5807 παρθένοι
837 5738 946 5790 τῶν
980 5740 1228 5808 πατέρων
1271 5740 1657 5812 ἀφιστάμεναι,
1714 5747 1776 5813 τῇ

1874 3204 1970 3243 eos
1998 3188 2090 3256 qui
2120 3198 2243 3240 ante
2271 3189 2497 3241 mediam
2528 3197 2741 3241 noctem
2774 3188 3037 3255 jejunium
3073 3189 3311 3253 solvunt,
3361 3204 3450 3241 re-

1877 3279 2281 3349 prehendimus,
2306 3288 2359 3331 et
2394 3279 2481 3345 qui
2516 3276 2583 3331 ad
2609 3278 2903 3333 diluculum
2940 3294 3112 3349 usque
3140 3279 3438 3342 abstinent,

1876 3371 2165 3438 probamus
2204 3384 2220 3421 :
2254 3370 2341 3437 qui
2384 3383 2510 3422 vero
2551 3370 2786 3423 medium
2827 3370 2967 3425 inter
3010 3372 3125 3425 haec
3189 3369 3446 3441 quiddam

1876 3467 2077 3526 tenent,
2108 3461 2172 3514 iis
2204 3460 2412 3515 molesti
2441 3474 2544 3513 non
2571 3470 2780 3514 sumus.

2398 3547 2451 3602 Ν
2455 3549 2613 3602 icolai
2649 3551 2990 3617 patriarclut.

1942 3636 2079 3691 Cum
2145 3636 2408 3706 jejunium
2457 3637 2607 3706 prius
2649 3638 2942 3693 haberetur
2971 3640 3213 3709 Augusto
3237 3653 3444 3707 menae,

1873 3728 2129 3795 deinceps
2184 3727 2499 3781 translatum
2538 3728 2639 3781 luit
2671 3732 3129 3798 propterea,quod
3156 3744 3278 3785 cum
3304 3730 3446 3797 jeju-

1875 3819 1979 3872 niis
2037 3818 2261 3887 paganis
2300 3826 2681 3872 concurreret.
2710 3818 3072 3873 Nihilominus
3106 3818 3159 3873 id
3177 3817 3445 3889 jejunium

1876 3908 2031 3962 multi
2062 3917 2301 3962 servant.

2408 3998 2703 4055 TITULUS
2728 3998 2817 4055 Vl.

2505 4089 2577 4141 De
2608 4091 2937 4156 imperatore.

2188 4177 2372 4233 Conon
2414 4177 2483 4231 95
2518 4176 2999 4248 Carthaginiensis.

1945 4267 2310 4340 Imperatores
2383 4268 2637 4323 Ecclesiae
2689 4279 3054 4332 succurrant,
3084 4276 3443 4338 quemadmo-

1876 4359 2002 4413 dum
2026 4370 2077 4412 et
2114 4359 2279 4413 Paulo
2308 4361 2574 4426 quondam
2612 4361 2938 4427 periclitanti
2976 4378 3167 4419 manus
3195 4367 3447 4422 militaris

1801 4429 1853 4489 D
1880 4451 2080 4504 auxilio
2116 4452 2231 4503 fuit.

2367 4543 2433 4599 69
2461 4544 2649 4598 ltabitte
2691 4547 2745 4600 in
2782 4546 2985 4602 Trulla.

1950 4631 2184 4702 Excepto
2242 4635 2587 4706 imperatore,
2618 4653 2783 4693 nemo
2805 4640 3235 4709 propitiatorium
3271 4644 3446 4715 ingrc-

1882 4724 2048 4781 ditor.

2471 4821 2539 4875 30
2571 4818 2757 4876 Basilii
2791 4821 2996 4892 Magni.

1987 4906 2349 4975 Magistratus,
2387 4914 2476 4979 qui
2502 4914 2651 4980 jurat
2678 4915 2729 4968 iu
2760 4918 3053 4982 perniciem
3079 4919 3440 4983 subditorum,

1882 4999 1997 5067 ipse
2017 5002 2228 5069 quidem
2262 5003 2500 5068 docctor,
2536 5021 2605 5060 ne
2629 5016 2829 5063 temere
2862 5009 3443 5081 juret;jusjmaudum

1884 5108 2013 5149 vero
2042 5094 2255 5147 irritum
2291 5105 2431 5150 esto.

2336 5376 2753 5467 SECTIO
2824 5380 2991 5469 Vl.

2348 5547 2464 5605 DE.
2502 5547 2977 5605 ML’LIERIBUS.

2273 5658 2454 5713 Conon
2486 5663 2552 5715 44
2578 5664 3034 5729 (.‘nrtlmginiensis.

1962 5743 2137 5802 Sacra:
2172 5749 2424 5821 virgines,
2457 5767 2573 5806 cum
2606 5773 2629 5803 ιι
2661 5757 2969 5822 parentibus
2993 5756 3293 5823 discedunt,
3329 5758 3449 5826 epi-

2151 2830 2558 2881 resurrectionis
2616 2830 2904 2884 Dominicte
2955 2839 3102 2884 certa
3142 2832 3303 2885 statui
3340 2846 3446 2886 non
3546 2824 3553 2829 ’
