4136 6314
237 384 340 448 201

1284 382 1363 440 IN
1405 377 2000 441 EXALTATIONEM
2031 381 2089 439 S.
2134 378 2426 440 CRUCIS.

3401 371 3510 442 202

243 501 381 570 αὕτη
419 498 649 570 μάστιξ,
681 498 775 550 καὶ
808 496 1038 568 ἀπαρχὴ
1071 495 1272 558 παντὸς
1305 496 1471 548 πόνου
1500 496 1592 546 καὶ
1640 495 1816 564 πάσης

1927 494 2124 546 invitus
2155 492 2320 546 etiam
2361 491 2615 565 populum
2650 490 2875 546 dimisit.
2911 489 3382 558 Quemadmodum
3413 508 3501 548 au-

239 590 541 660 ἀλγηδόνος
594 589 907 659 ἀκροθίνιον
951 588 1062 650 τοῖς
1104 585 1372 647 ἐναντίοις
1411 585 1638 651 ἐγίνετο,
1684 583 1825 635 οὓτω

235 682 351 742 τοῖς
381 680 752 748 ᾠκειωμένοις
774 677 894 746 Θεῷ
924 676 1148 746 μείζονα
1174 674 1273 743 τὴν
1300 672 1464 743 χάριν
1489 671 1659 724 ἐδίδου
1689 669 1826 738 μετὰ

235 771 446 838 πολλῆς
479 769 578 837 τῆς
617 767 1072 837 παραδοξοποιίας
1118 763 1513 834 ἐνεργουμένη.
1551 762 1670 814 ἰνα
1717 761 1826 828 γὰρ

237 862 317 931 μὴ
351 861 646 929 συντυχίας
679 859 826 920 τινὸς
858 857 954 910 καὶ
991 855 1299 924 αὐτομάτου
1325 854 1557 907 θανάτου
1586 850 1822 922 νομισθῇ

233 948 298 999 τὸ
332 949 622 1016 γινόμενον
644 986 659 1012 ,
686 946 720 1015 ἢ
747 947 901 1008 νόσος
925 945 958 1016 ἢ
985 944 1140 1013 λιμὸς
1171 942 1359 1005 ἁπλῶς
1390 941 1635 994 ἐπελθὼν
1661 940 1789 1013 δόξῃ
1807 982 1821 1004 ,

236 1039 415 1091 πολλὰ
445 1038 731 1107 συντρέχει
752 1038 820 1088 τὰ
843 1036 1057 1102 ἐξαίσια
1076 1049 1091 1068 ο
1123 1037 1218 1088 καὶ
1245 1035 1380 1104 ὁμοῦ
1409 1034 1510 1103 μὲν
1538 1034 1824 1102 παρόντων

238 1133 502 1183 ἁπάντων
530 1131 659 1190 τοὺς
691 1129 872 1193 ἀξίους
906 1130 940 1196 ἡ
984 1127 1223 1198 τιμωρία
1256 1125 1519 1195 γινώσκει
1550 1125 1644 1180 καὶ
1686 1124 1825 1195 μετά

233 1222 602 1290 προρρήσεως
651 1221 912 1282 τελεῖται,
962 1219 1057 1272 καὶ
1092 1219 1190 1288 μιᾷ
1227 1218 1385 1270 νυκτὶ
1423 1215 1626 1278 πάντες
1671 1216 1827 1268 ἀναι-

237 1310 484 1381 ροῦνται,
504 1312 598 1362 καὶ
626 1311 778 1375 μόνοι
796 1309 907 1362 τῶν
931 1308 1106 1361 ἄλλων
1131 1309 1180 1360 οἱ
1212 1308 1550 1378 πρωτότοκοι
1582 1304 1828 1374 ἀποθνή-

234 1423 452 1468 σκουσι,
489 1405 634 1457 ὥστε
657 1404 758 1456 καὶ
794 1405 857 1455 τὸ
886 1402 1110 1455 δυνατὸν
1141 1400 1379 1454 ενταῦθα
1403 1399 1500 1452 τοῦ
1531 1397 1691 1463 Θεοῦ,
1735 1397 1826 1450 καὶ

231 1497 292 1548 τὸ
319 1494 553 1560 δίκαιον,
576 1496 670 1547 καὶ
692 1494 754 1546 τὸ
776 1493 1135 1562 κηδεμονικὸν
1159 1491 1500 1560 ἀναφανῆναι
1525 1490 1620 1542 καὶ
1642 1488 1827 1557 φιλάν-

234 1586 476 1655 θρωπον.
523 1584 599 1638 Τὸ
644 1584 766 1654 μὲν,
813 1585 897 1637 ὅτι
942 1586 1001 1637 ὲν
1048 1584 1147 1654 μιᾷ
1190 1585 1329 1654 ῥοπῇ
1368 1581 1624 1634 τοσοῦτον
1667 1579 1827 1650 ἔργον

265 1677 478 1744 γεγόνει
506 1692 520 1707 ο
554 1676 616 1729 τὸ
653 1677 739 1741 δὲ,
775 1677 858 1728 ὅτι
893 1675 1036 1746 ὑπὲρ
1071 1677 1168 1744 τῆς
1198 1673 1549 1742 πρωτογόνου
1589 1671 1825 1738 θλίψεως

261 1769 467 1836 Ισραὴλ
488 1809 502 1832 ,
544 1770 610 1820 τὰ
648 1766 975 1833 πρωτότοκα
1011 1763 1313 1837 ἀνῃροῦντο
1345 1763 1452 1814 τῶν
1484 1761 1788 1830 θλιψάντων
1810 1776 1824 1792 ο

1931 593 2036 637 tem
2095 585 2207 636 haec
2257 583 2411 653 plaga
2453 583 2667 638 caeteris
2695 584 2948 638 omnibus
2992 587 3241 653 asperior
3273 589 3510 650 exstitit,

1930 674 2367 743 principiumque
2427 675 2608 727 omnis
2664 673 2906 736 laboris,
2961 678 3250 744 omnisque
3305 675 3512 732 doloris

1929 767 2208 820 exordium
2241 763 2343 818 fuit
2371 781 2384 818 :
2424 765 2497 818 ita
2536 765 2661 828 illis,
2685 766 2777 834 qui
2826 766 2932 819 Deo
2972 765 3270 822 familiares
3298 776 3352 821 et
3381 783 3511 822 con-

1923 855 2094 924 juncti
2148 865 2329 923 erant,
2369 858 2624 922 majorem
2670 859 2856 926 gratim
2891 859 3105 926 cupiam
3160 859 3341 912 multis
3397 875 3512 913 ma-

1930 949 2156 1017 gnisque
2188 949 2464 1004 miraculis
2489 959 2739 1004 testatam
2772 950 3223 1004 subministravit.
3257 951 3332 1004 Ne
3364 954 3510 1006 eriim

1931 1040 2153 1093 fortuito
2189 1041 2400 1092 cuidam
2434 1039 2584 1094 casui
2629 1040 2678 1092 id
2703 1040 2846 1107 quod
2881 1042 3085 1106 evenit,
3118 1042 3506 1108 aacriberetnr,

1932 1138 2027 1183 aut
2065 1132 2312 1190 morbus,
2353 1141 2444 1182 aut
2477 1131 2648 1199 pestis
2687 1131 2965 1185 communi
3015 1146 3198 1185 rerum
3232 1147 3394 1187 cursu
3429 1135 3512 1187 in-

1931 1219 2144 1288 gruisse
2177 1219 2534 1285 crederetur;
2561 1219 2726 1273 multa
2757 1219 2918 1287 plane
2957 1223 3317 1277 admiratione
3348 1225 3511 1286 digna

1930 1319 2296 1374 concurrunt;
2339 1313 2588 1380 quamvis
2619 1326 2810 1366 omnes
2853 1315 3160 1382 promiscue
3194 1316 3356 1368 simul
3395 1331 3512 1368 vcr-

1931 1411 2204 1465 sarentur,
2231 1412 2474 1456 attamen
2505 1417 2664 1470 paena
2691 1400 2885 1472 dignos
2917 1419 3072 1473 pmna
3107 1406 3386 1474 agnoscit;
3415 1421 3514 1459 nec

1931 1492 2049 1545 sine
2105 1492 2456 1559 prmdietioue
2508 1492 2796 1561 inﬂigitur,
2849 1508 3067 1560 unaque
3123 1505 3281 1548 nocte
3320 1512 3512 1550 numes

1931 1584 2313 1653 perimuntur,
2373 1594 2425 1638 et
2475 1584 2572 1638 soli
2609 1601 2674 1639 ex
2709 1596 2818 1639 tota
2865 1588 3213 1640 multitudine
3245 1589 3514 1656 primoge-

1933 1673 2032 1726 niti
2067 1673 2366 1740 intereunt,
2393 1683 2450 1726 ut
2498 1675 2725 1742 prolude
2753 1676 2858 1730 hoc
2889 1676 3026 1740 loco,
3052 1687 3106 1731 et
3133 1676 3225 1731 Dei
3261 1680 3509 1747 potentia

1931 1773 1987 1818 et
2012 1763 2246 1832 justitia,
2284 1774 2337 1818 et
2363 1781 2511 1826 cura.
2552 1774 2608 1821 et
2637 1767 2951 1821 humanitas
2980 1770 3273 1825 elueescat.
3315 1770 3514 1823 Poten-

233 1862 294 1912 τὸ
318 1861 378 1912 δὲ
406 1858 506 1927 τῆς
529 1858 897 1926 ἀγαθότητος,
925 1856 1006 1909 ὅτι
1037 1856 1174 1926 μετά
1201 1853 1420 1923 φειδοῦς
1448 1854 1820 1923 ἐπεξέρχεται,

1935 1857 2006 1906 tia
2039 1856 2282 1922 quidem,
2315 1858 2457 1924 quod
2511 1873 2619 1911 uno
2653 1868 2925 1912 momento
2970 1877 3055 1914 res
3099 1871 3248 1914 tanta
3285 1863 3350 1915 sit
3391 1879 3512 1931 per-

233 1951 308 2013 ώς
337 1955 415 2020 μὴ
441 1951 763 2018 βουλόμενος
783 1947 992 2009 πάντας
1015 1947 1184 2017 ἄρδην
1205 1945 1524 1999 ἀπολέσθαι.
1544 1944 1644 1994 Διά
1665 1941 1822 1994 τοῦτο

235 2043 369 2110 γοῦν
393 2042 503 2096 οὐδ’
535 2044 601 2094 ὲκ
629 2041 854 2110 πρώτης
881 2037 1098 2107 πληγῆς
1126 2036 1235 2089 τῶν
1266 2034 1571 2105 ἀνθρώπων
1590 2035 1824 2088 ἅπτεται

235 2134 346 2186 οὐδ’
377 2136 507 2188 ἀνευ
538 2133 902 2203 προρρήσεως
928 2130 1028 2198 τὴν
1060 2129 1232 2198 ὀργὴν
1264 2124 1543 2196 ἑπιφέρει,
1573 2128 1690 2196 ἃμα
1724 2125 1825 2193 μὲν

236 2228 308 2280 δι’
338 2229 544 2296 ἑτέρων
589 2225 787 2284 αὐτοὺς
824 2219 1118 2290 διορθῶσαι
1165 2218 1592 2292 μηχανώμενος,
1625 2217 1739 2285 ἅμα
1770 2216 1827 2268 δὲ

239 2322 336 2373 καλ⁵
367 2321 479 2380 τοῖς
523 2319 731 2386 ῥήμασι
781 2312 1259 2383 σωφρονεστέρους
1299 2309 1710 2381 ἀπεργάζεσθαι
1736 2307 1826 2359 θέ-

239 2410 375 2470 λων,
431 2408 528 2460 xui.
577 2406 653 2476 μὴ
702 2406 780 2466 είς
836 2405 1032 2470 πεῖραν
1089 2401 1265 2454 ἐλθεῖν
1317 2401 1425 2454 τῶν
1484 2400 1826 2470 πραγμάτων

239 2499 465 2560 αὐτούς.

1933 1956 2052 1998 acta
2075 1962 2090 2012 ;
2113 1945 2322 2012 justitia
2349 1957 2550 2010 autem,
2575 1950 2718 2017 quod
2743 1950 2859 2002 loco
2893 1951 3242 2021 primogeniae
3269 1953 3512 2006 amictio—

1935 2036 2230 2104 uis,quam
2284 2039 2450 2092 subiit
2505 2039 2704 2102 Israel,
2770 2041 3125 2111 primogenita
3188 2059 3374 2097 eorum
3419 2047 3512 2113 qui

1936 2125 2258 2193 alniaerant,
2305 2128 2591 2183 interfecta
2629 2141 2747 2184 sunt
2774 2148 2788 2196 ;
2833 2140 2886 2184 at
2917 2133 3134 2187 bonitas
3164 2137 3215 2188 in
3246 2151 3314 2188 eo
3343 2152 3512 2204 appa—

1938 2227 2040 2282 ret,
2065 2220 2207 2286 qnod
2247 2221 2318 2273 ita
2365 2221 2535 2286 punit,
2576 2232 2628 2274 nt
2663 2223 2821 2276 simul
2851 2237 3068 2291 parcat,
3100 2227 3294 2280 nolens
3330 2223 3512 2281 videli-

1937 2318 2020 2361 cet
2070 2323 2260 2363 omnes
2307 2308 2550 2366 funditus
2592 2311 2840 2368 interire.
2873 2315 2989 2380 Qua
3019 2319 3084 2370 de
3126 2333 3291 2371 causa
3341 2336 3514 2390 neque

1930 2399 2110 2472 prima
2159 2401 2314 2468 plaga
2347 2402 2397 2454 in
2433 2403 2680 2456 homines
2725 2407 2900 2469 saevit,
2932 2423 3106 2475 neque
3134 2410 3251 2462 sine
3288 2427 3512 2476 prauuo-

1937 2491 2142 2544 nitione
2177 2502 2231 2546 et
2283 2493 2636 2559 praedictione
2692 2498 2828 2548 iram
2883 2513 3036 2550 suam
3093 2500 3277 2566 infert,
3314 2503 3514 2572 quippe

240 2593 328 2646 cui
378 2592 714 2660 propositum
751 2598 913 2654 esset,
954 2603 1048 2643 eos
1079 2589 1276 2657 partim
1312 2587 1541 2640 aliorum
1577 2583 1814 2652 periculo
1854 2582 1919 2636 ad
1949 2583 2226 2636 meliorem
2297 2597 2530 2639 mentem
2605 2589 2920 2650 traducere,
2953 2591 3153 2658 partim
3184 2593 3366 2647 verbis
3397 2611 3512 2648 mo-

247 2683 561 2738 deratiores
601 2692 654 2734 et
681 2681 928 2734 saniores
955 2680 1193 2743 efﬁcere,
1237 2689 1294 2732 ut
1345 2693 1416 2733 ne
1464 2678 1707 2745 ipsorqu
1737 2673 2074 2744 ﬂagellorum
2131 2691 2353 2730 sensum
2387 2677 2622 2747 aliquem
2693 2690 2746 2732 et
2813 2682 3247 2750 experimentum
3319 2700 3514 2754 capere

241 2782 547 2843 oporteret.

314 2867 451 2918 Τότε
477 2865 534 2917 δὲ
583 2864 804 2927 πιστοὺς
835 2864 996 2934 μόνον
1041 2865 1122 2925 είς
1157 2862 1497 2931 εὐφροσύνην
1537 2859 1822 2917 συνεκάλει

239 2955 302 3010 τὸ
336 2955 790 3025 τερατούργημα,
833 2955 969 3008 ἀλλά
1008 2955 1104 3007 καὶ
1150 2953 1244 3006 νῦν
1295 2953 1496 3021 μᾶλλον
1540 2953 1710 3021 ἡμᾶς,
1743 2955 1824 3014 οίς

241 3048 384 3101 κατά
403 3045 625 3115 πνεῦμα
661 3047 727 3098 τὰ
768 3045 863 3099 τοῦ
894 3047 1215 3116 γράμματος
1238 3045 1548 3115 θεωρεῖται,
1571 3045 1825 3097 καὶκατὰ

239 3138 506 3208 λαμπρὰν
548 3135 806 3205 ἀλήθειαν
837 3135 906 3187 τὰ
939 3134 1032 3188 τοῦ
1064 3135 1238 3188 τύπου
1270 3135 1364 3186 καὶ
1392 3135 1490 3203 τῆς
1526 3136 1683 3196 σκιᾶς
1717 3135 1821 3202 ἑρ-

242 3229 565 3298 μηνεύεται.
600 3228 706 3277 Καὶ
734 3227 843 3294 γὰρ
864 3225 951 3278 διὰ
984 3225 1220 3296 σταυροῦ
1250 3225 1496 3277 δοθεῖσαν
1528 3226 1660 3293 ἡμίν
1694 3225 1821 3276 θαυ-

242 3321 458 3391 μαστὴν
493 3318 810 3386 ἐλευθερίαν
846 3317 1226 3387 προδείκνυσιν
1264 3319 1297 3386 ἡ
1351 3317 1564 3384 ἱστορία
1604 3317 1694 3368 καὶ
1720 3317 1817 3386 τὴν

240 3413 383 3478 ὑπὲρ
409 3410 570 3480 ἡμῶν
598 3410 814 3476 σφαγὴν
846 3408 940 3459 τοῦ
973 3407 1116 3461 θείου
1164 3407 1386 3476 ’Δμνοῦ,
1416 3405 1513 3458 καὶ
1545 3408 1728 3476 πάσχα
1758 3407 1818 3460 τὸ

239 3501 542 3568 μυστικὸν,
585 3500 678 3551 καὶ
712 3499 811 3564 τὴν
858 3498 1201 3566 παγκόσμιον
1235 3498 1509 3568 σωτηρίαν
1549 3499 1819 3568 ἀριδήλως

238 3591 660 3660 προαναφαίνει.
700 3581 776 3640 Ob
804 3587 914 3656 γὰρ
942 3590 974 3656 ὴ
1006 3587 1212 3657 τυπικὴ
1243 3589 1543 3656 μετάληψις
1577 3586 1723 3656 ζωῆς
1751 3583 1818 3657 ἦν

239 3679 576 3748 φυλακτικὴ,
628 3679 722 3730 καὶ
760 3678 843 3740 είς
887 3677 1202 3747 ἐλευθερίαν
1239 3677 1596 3743 μετεϐίϐαζε,
1628 3679 1817 3731 τούτου

238 3774 458 3833 παντως
492 3773 525 3838 η
553 3770 783 3841 ἀληθινὴ
831 3770 1086 3822 κοινωνία
1141 3768 1235 3821 καὶ
1265 3769 1564 3822 ἀθανασίαν
1595 3769 1686 3822 καὶ
1714 3771 1821 3820 υίο-

235 3865 429 3915 θεσίαν
464 3859 575 3915 οἶδε
622 3862 974 3932 χαρίζεσθαι),
1026 3865 1090 3912 ὲκ
1125 3861 1328 3929 γηίνων
1369 3861 1691 3928 οὐρανίους,
1727 3861 1822 3912 καὶ

239 3954 400 4015 θεοὺς
433 3953 493 4017 ἐξ
525 3951 828 4022 ἀνθρώπων
860 3949 1291 4020 ἀπεργαζομένη
1320 3951 1446 4011 τοὺς
1477 3950 1817 4017 δεχομένους.

240 4047 341 4099 Διά
369 4045 535 4100 τοῦτο
569 4045 701 4112 γοῦν
738 4043 799 4096 τὸ
825 4043 1180 4110 διαϐατήριον
1210 4044 1269 4094 ὲν
1295 4041 1554 4110 Αίγύπτῳ
1585 4043 1820 4094 τελεῖται

236 4137 447 4204 πάσχα,
492 4134 586 4188 καὶ
635 4132 695 4186 τὸ
732 4134 820 4186 διὰ
870 4135 1104 4202 σταυροό
1158 4133 1300 4200 μέγα
1348 4133 1684 4200 σκιαγραφεί
1728 4133 1820 4183 καὶ

235 4227 492 4294 ἀληθινὸν
511 4225 700 4293 πάσχα
717 4224 815 4293 τὴν
840 4223 1212 4293 πνευματικὴι
1237 4223 1507 4276 διάϐασιν.
1533 4223 1742 4276 Γίνεται
1765 4225 1820 4276 δὲ

236 4319 316 4387 τῷ
348 4317 553 4386 πρώτῳ
587 4317 740 4384 μηνὶ,
773 4317 856 4368 ὅτι
893 4315 1062 4377 τύπος
1097 4311 1165 4385 ἦν
1203 4313 1442 4385 Χριστοῦ
1472 4316 1569 4385 τῆς
1602 4316 1820 4370 πάντων

233 4409 433 4479 ἀρχῆς,
469 4410 566 4461 καὶ
592 4409 692 4477 τῆς
722 4411 780 4459 ὲν
829 4407 1052 4476 Χριστῷ
1083 4406 1275 4476 καινῆς
1311 4408 1539 4470 κτίσεως
1568 4411 1704 4478 μετὰ
1729 4409 1820 4461 τὸν

236 4500 482 4569 χειμῶνα
509 4499 608 4566 τῆς
625 4497 901 4562 ἀσεόείας,
922 4496 1110 4566 ὥσπερ
1137 4500 1194 4549 ἐν
1227 4499 1347 4566 ἔαρι
1373 4498 1580 4567 φαιδρῷ
1608 4499 1700 4550 καὶ
1732 4500 1821 4550 εὑο

2002 2856 2071 2909 Et
2104 2867 2230 2907 tunc
2277 2852 2495 2921 quidem
2543 2851 2688 2905 solos
2727 2851 2910 2904 fideles
2967 2852 3270 2920 prodigium
3313 2857 3413 2907 hoc
3448 2855 3514 2904 ad

1926 2946 2170 3000 latitiam
2215 2943 2502 3008 invitabat,
2549 2953 2605 2996 at
2654 2957 2798 2996 nunc
2854 2943 3021 2995 nmlto
3082 2945 3252 3012 magis
3289 2946 3513 2998 advocat

1929 3053 2048 3100 nos,
2102 3036 2195 3105 qui
2240 3035 2437 3102 spiritu
2490 3049 2552 3088 ea
2611 3049 2728 3102 qum
2775 3034 2998 3102 scripta-
3047 3047 3210 3098 sunt,
3267 3047 3512 3087 eontem-

1928 3129 2158 3196 platnur,
2209 3125 2409 3194 quibus
2449 3125 2673 3194 antiqua
2734 3125 2820 3177 illa
2869 3135 3114 3193 Iyporntu
3172 3128 3506 3178 umbrarum-

1928 3235 2030 3289 que
2077 3219 2351 3272 involucra
2385 3218 2684 3286 perspicuae
2737 3219 2984 3270 veritatis
3039 3218 3306 3272 beneﬁcio
3360 3229 3512 3286 pate-

1925 3320 2106 3366 scunt.
2138 3313 2351 3365 Etenim
2397 3325 2710 3364 concessam
2767 3309 2944 3370 nobis,
2993 3311 3171 3362 erm-is
3223 3313 3418 3363 merito
3461 3322 3511 3364 et

1923 3405 2164 3464 munere,
2209 3402 2420 3470 plenam
2487 3401 2843 3452 admiratione
2890 3401 3194 3454 libertatem
3245 3413 3352 3454 tota
3402 3405 3514 3455 lnec

1922 3494 2153 3548 historia
2243 3500 2648 3560 praemonstrat,
2719 3491 3072 3560 divinumque
3142 3492 3356 3559 Aguqu
3415 3508 3513 3561 pro

1922 3585 2078 3638 nobis
2129 3584 2489 3646 immolatum,
2534 3595 2589 3636 et
2649 3584 2935 3651 mysticum
2991 3583 3117 3636 illud
3183 3585 3406 3650 pascha,
3458 3593 3514 3639 et

1923 3677 2085 3728 totius
2139 3674 2318 3727 mundi
2344 3672 2572 3727 salutem
2618 3673 2898 3725 evidenter
2950 3674 3280 3742 prasligurat.
3329 3675 3512 3742 Neque

1921 3771 2061 3822 enim
2099 3769 2398 3835 corporalis
2435 3767 2519 3819 illa
2558 3767 2831 3835 perceptio
2863 3767 3027 3819 vitam
3055 3769 3422 3827 custodit-bat.
3457 3778 3512 3820 rt

1924 3859 1973 3910 in
2006 3857 2309 3911 libertatem
2341 3857 2689 3920 traducebat;
2733 3867 2786 3908 at
2826 3855 2984 3922 hujus
3041 3873 3165 3910 vera
3184 3868 3421 3925 sutuptto
3459 3869 3510 3911 et

1923 3947 2230 4000 conununio
2250 3947 2706 4001 immortalitatem
2726 3957 2778 3999 et
2803 3948 3032 3998 liliorum
3057 3947 3396 4016 adoptionem
3421 3953 3506 4004 d0-

1925 4047 2036 4101 nat,
2078 4047 2133 4090 ct
2172 4053 2236 4090 ex
2273 4037 2625 4091 terrestribus
2653 4038 2926 4101 cwlestes,
2963 4039 3204 4106 deosque
3235 4057 3300 4092 ex
3335 4042 3509 4092 Immi-

1926 4130 2102 4190 ttibus,
2138 4144 2228 4183 eos
2270 4129 2360 4197 qui
2415 4131 2704 4196 accipiunt,
2750 4131 2947 4184 reddit.
3002 4131 3290 4199 Prrpterca
3346 4133 3509 4200 igitur

1925 4225 2124 4290 pascha
2177 4222 2301 4274 illud
2351 4223 2609 4275 transitus
2667 4222 2890 4290 jamjatu
2957 4223 3293 4276 imminentis
3346 4241 3506 4292 argu-

1924 4324 2189 4372 mentum,
2226 4315 2276 4364 in
2306 4311 2542 4381 {Egypto
2594 4314 2889 4382 peragitur,
2924 4315 3167 4382 illudque
3216 4319 3417 4382 grande
3451 4327 3506 4369 et

1925 4421 2109 4458 verum
2144 4406 2193 4458 in
2249 4421 2411 4459 cruce
2452 4406 2756 4467 adumbrat,
2822 4407 2969 4458 illum
3039 4408 3292 4460 videlicet
3351 4410 3505 4477 spiri-

1927 4496 2122 4549 lualem
2163 4497 2470 4548 transitum.
2536 4495 2844 4549 lnstitnitur
2909 4505 3087 4548 autem
3138 4500 3312 4565 primo
3353 4515 3503 4552 men—

234 4593 360 4644 ώδει
381 4591 483 4657 τῆς
500 4592 760 4653 πίστεως,
783 4589 872 4640 καὶ
895 4589 1394 4658 δημιουργηθείσης
1418 4591 1511 4643 καὶ
1524 4590 1817 4660 κληθείσης

1927 4602 2005 4652 se,
2059 4587 2182 4654 quia
2244 4587 2409 4657 ﬁgura
2470 4589 2674 4641 Christi
2707 4601 2844 4652 etat,
2889 4591 2978 4656 qui
3031 4595 3273 4643 oniuium
3323 4609 3501 4646 rerqu

236 4681 342 4733 ὑπὸ
367 4678 605 4751 Χριστοῦ
630 4678 718 4729 διὰ
746 4677 1074 4744 πνεύματος,
1113 4677 1295 4741 καθὼς
1323 4679 1459 4747 πρὸς
1487 4679 1653 4749 αὐτὴν
1677 4681 1813 4733 ἀνω·

236 4775 327 4824 θεν
354 4773 563 4836 ἔλεγεν
591 4767 784 4835 Ἐλθέ,
808 4769 844 4834 ἠ
866 4771 1138 4833 πλησίον
1158 4786 1295 4835 μου,
1328 4769 1486 4834 καλή
1517 4787 1636 4838 μου
1658 4785 1814 4834 περι-

232 4868 438 4931 στερὰ,
461 4865 548 4916 ὅτι
564 4863 694 4916 ίδοὺ
712 4867 743 4916 ό
762 4862 982 4931 χειμὼν
996 4863 1288 4932 παρῆλθε.
1305 4865 1583 4934 Συνετάφη
1592 4885 1688 4935 μεν
1705 4870 1812 4938 γὰρ

231 4957 405 5024 αὐτῷ,
436 4956 530 5006 καὶ
564 4956 960 5022 συνανέστημεν
989 4954 1075 5006 διὰ
1094 4954 1324 5024 λουτροῦ
1353 4958 1773 5024 παλιγγενεσίας
1795 5001 1810 5025 ,

232 5055 327 5100 καὶ
343 5050 442 5116 την
460 5045 802 5113 παλαιότητα
819 5045 909 5096 τοῦ
927 5045 1095 5115 Ἀδὰμ
1115 5046 1441 5115 ἀποθέμενοι
1461 5049 1519 5100 ἐν
1534 5054 1809 5118 καινότητι

233 5141 378 5207 ζωῆς
429 5136 831 5204 πολιτευόμεθα
870 5136 1073 5206 τροφὴν
1104 5137 1261 5201 ἀξίαν
1305 5139 1406 5208 τῆς
1437 5141 1606 5193 ἀϊδίου
1642 5140 1808 5209 ζωῆς,

233 5234 289 5284 τὸ
323 5233 511 5299 πάσχα
554 5229 804 5297 ἀληθινὸν
851 5229 1162 5297 ποιούμενοι
1187 5268 1202 5294 ,
1238 5231 1331 5283 καὶ⁹
1363 5233 1527 5296 σαρκὶ
1557 5231 1689 5284 Θεοῦ
1720 5234 1813 5284 καὶ

233 5325 428 5390 αἵματι
470 5322 820 5392 τρεφόμενοι.

1924 4680 2248 4748 principium
2304 4689 2403 4744 est,
2435 4688 2489 4734 et
2519 4681 2636 4748 ejus
2665 4696 2783 4747 qua:
2818 4683 2867 4734 in
2911 4683 3131 4736 Christo
3191 4693 3296 4747 est,
3356 4703 3504 4739 nom!

1923 4781 2186 4823 creatura:
2222 4778 2340 4838 post
2397 4771 2690 4838 impietatis
2727 4771 2980 4835 hiemem,
3012 4773 3152 4826 velut
3187 4775 3238 4825 iu
3273 4789 3395 4827 vere
3427 4778 3503 4828 ui-

1924 4861 2032 4914 tido
2062 4869 2116 4915 et
2161 4863 2503 4916 suaveolente
2559 4863 2702 4925 ﬁdei,
2754 4865 2986 4917 condita:
3042 4876 3094 4918 et
3150 4875 3416 4920 renovatre
3472 4885 3499 4920 a

1920 4953 2141 5007 Christo
2170 4969 2262 5020 per
2292 4954 2560 5017 spiritum,
2593 4956 3047 5022 quemadmodum
3079 4959 3144 5009 ad
3170 4958 3310 5010 illaut
3338 4975 3501 5024 supra

1921 5046 2129 5098 diccbat
2169 5061 2180 5096 :
2216 5043 2364 5110 Veni,
2387 5046 2627 5112 proxima
2649 5064 2784 5110 mea,
2809 5048 3040 5113 [annosa
3073 5066 3184 5101 mea
3221 5049 3496 5112 columba;

1916 5153 2030 5192 ecce
2077 5139 2237 5191 hiems
2275 5139 2390 5205 jam
2417 5140 2628 5191 transiit
2666 5139 2734 5190 ³⁸.
2781 5139 3098 5208 Cnnstnlti
3133 5143 3275 5194 enim
3312 5158 3498 5196 suuzus

1917 5246 2040 5284 cum
2101 5231 2216 5293 illo,
2263 5240 2316 5283 et
2346 5245 2794 5285 eonsurrexunus
2837 5249 2932 5299 per
2961 5234 3240 5286 lavacrum
3279 5251 3499 5301 regene-

1921 5322 2169 5384 rationis,
2222 5330 2274 5374 et
2327 5323 2566 5390 deposita
2621 5324 2809 5375 Adami
2843 5334 3110 5377 vetustate
3166 5326 3217 5376 in
3259 5328 3497 5379 novitate

233 5420 353 5467 vita:
387 5416 727 5469 ambulamus
771 5454 784 5480 ,
866 5415 1062 5483 quibus
1146 5430 1334 5469 verum
1390 5416 1590 5486 pascha
1656 5417 1971 5470 alimentum
2013 5416 2344 5483 sunpitcrna
2388 5415 2493 5466 vita
2551 5415 2770 5484 dignum
2820 5419 3176 5484 suppeditat;
3228 5419 3497 5470 nutrimur

229 5505 370 5556 enim
406 5519 570 5558 carne
618 5515 672 5560 et
707 5509 973 5577 sanguine
1003 5508 1114 5560 Dei.

303 5590 474 5660 Οὗτος
506 5597 629 5665 ἐμοὶ
666 5604 757 5649 του
792 5599 1012 5668 πρώτου
1054 5601 1218 5668 μηνὸς
1252 5603 1279 5653 ὁ
1329 5600 1509 5668 λόγος,
1550 5593 1610 5652 οὗ
1647 5603 1710 5669 τῇ
1740 5600 1827 5652 δε-

303 5772 347 5799 "
375 5772 532 5825 Cant.
580 5790 640 5834 tt,
675 5775 761 5825 Η.

521 5871 789 5929 ιἰιιιιιιι.
829 5872 940 5924 tiu.
995 5870 1089 5924 (ΣΙ.

1943 5600 2063 5656 llaec
2103 5601 2230 5654 mihi
2290 5600 2448 5668 primi
2500 5601 2700 5656 mensis
2738 5601 2876 5655 ratio
2907 5615 3030 5655 esse
3070 5601 3275 5654 videtur
3310 5617 3318 5650 :
3403 5615 3493 5651 cu-
