4136 6314
679 373 792 439 215

1821 381 2147 453 MAQARII
2187 381 2819 444 CHRYSOCEPHALI

3827 392 3946 458 216

681 489 974 554 servitute,
1008 498 1062 543 et
1093 491 1436 560 conjungens
1468 499 1767 561 utrumque
1797 494 2077 562 populum,
2109 494 2257 562 quasi

2376 492 2476 560 μὲν
2531 491 2623 545 τὸν
2697 493 2917 565 Ἰσραὴλ
2974 494 3070 548 τοῦ
3131 496 3544 561 ἀποκτείνοντας
3593 509 3953 570 γράμματος,

681 581 820 646 lapis
844 581 1146 650 angularia,
1183 582 1235 634 in
1267 597 1430 634 unum
1476 597 1673 636 novum
1713 584 2009 644 hominem.
2074 583 2258 636 Eccle-

679 672 920 730 siamatte
953 672 1164 740 angelis
1217 675 1541 728 cottmcians
1573 675 1624 728 in
1680 690 1842 729 unam
1877 675 2002 729 ﬁdei
2030 687 2257 728 concor—

676 761 845 829 diam,
880 765 934 818 in
965 779 1128 818 unam
1159 766 1334 820 laudis
1378 767 1598 821 divinat.
1639 760 1985 821 concineudre
2018 766 2259 820 modula-

680 854 908 920 tionem,
944 857 1034 922 qui
1076 866 1131 910 et
1158 859 1306 924 prius
1330 857 1380 910 id
1411 859 1557 926 quod
1608 858 1819 912 czeteris
1859 857 2109 912 omnibus
2146 872 2255 910 ma-

673 945 763 1011 jus
794 953 896 1005 est,
934 953 1191 1012 operatus
1246 946 1444 1000 unione
1475 945 1810 1015 bypostatica
1851 948 1990 1001 duas
2033 955 2260 1001 naturas

677 1034 796 1086 sine
828 1032 1150 1089 confusione
1182 1036 1283 1090 sibi
1321 1036 1432 1103 ipse
1469 1036 1669 1102 iunxit,
1721 1037 2061 1092 divinitatem
2113 1039 2257 1104 dico,

678 1133 732 1177 et
770 1125 1188 1179 humanitatem.

759 1301 966 1354 Interea
1018 1301 1219 1356 bellum
1257 1303 1420 1357 Israel
1457 1301 1686 1370 suscipit
1719 1304 1980 1359 adversus
2014 1306 2260 1369 Amalec.

682 1395 773 1446 Det
801 1394 998 1460 pepulo
1036 1394 1086 1446 in
1125 1409 1375 1460 campum
1442 1409 1750 1462 progresso.
1782 1391 1880 1450 Ubi
1920 1396 2126 1467 Moyses
2147 1400 2258 1466 jam

679 1486 807 1537 olim
866 1485 1007 1550 passi
1069 1500 1168 1552 pro
1193 1485 1346 1539 nobis
1415 1485 1641 1554 gloriam
1707 1485 2073 1552 adumbravit,
2135 1504 2262 1542 cru-

678 1591 911 1644 cemque
963 1577 1214 1631 manibus
1239 1578 1503 1642 extensis,
1537 1578 1866 1633 eﬂormavit.
1899 1580 1966 1633 At
1997 1580 2155 1634 Jesus
2183 1590 2262 1650 ty-

680 1687 803 1745 pum
841 1671 1025 1728 ferens
1056 1670 1226 1725 nostri
1257 1669 1380 1726 Jesn
1418 1669 1509 1725 Dei
1536 1681 1587 1725 et
1621 1673 1878 1734 heminis,
1901 1672 2261 1741 alienigenam

677 1761 978 1829 proﬂigavit
1016 1802 1031 1824 ,
1057 1772 1112 1815 et
1145 1775 1334 1815 omnes
1382 1759 1522 1816 tilias
1554 1761 1670 1830 ejus
1697 1762 1752 1815 in
1800 1762 2074 1816 occisione
2102 1763 2261 1834 gladii

680 1852 995 1920 trucidavit,
1030 1867 1258 1922 eamque
1291 1890 1307 1915 ,
1340 1866 1500 1922 quam
1531 1852 1716 1907 fideles
1757 1867 1851 1921 per
1881 1867 2099 1907 crucem
2125 1853 2264 1907 obti-

681 1954 811 2002 nent
847 1946 1132 2000 vict0riam
1170 1985 1185 2006 .
1216 1945 1511 2017 symbolice
1556 1945 1942 2013 praetiguravit.
1971 1944 2086 1999 Nisi
2118 1944 2261 1999 enim

674 2037 784 2104 jam
818 2051 1034 2104 quoque
1065 2035 1328 2091 Dominus
1381 2037 1643 2091 adversus
1675 2050 1798 2089 cum
1854 2036 2097 2100 Amalec,
2167 2036 2259 2102 qui

679 2130 780 2184 sub
813 2130 1231 2198 Intelligentiatn
1284 2129 1452 2188 cadit,
1515 2145 1548 2183 a
1589 2127 1923 2198 generatione
1955 2127 2007 2180 in
2045 2143 2262 2196 genera-

679 2223 894 2286 tionem,
953 2231 1012 2274 nt
1065 2219 1346 2288 Scriptura
1400 2221 1970 2289 Inquitur,pngnaret,
2001 2217 2260 2286 nobisque

681 2314 876 2369 fiducia
931 2325 985 2367 et
1055 2321 1331 2367 armatura
1375 2312 1559 2366 crucis
1592 2310 1987 2370 corroboratis.
2016 2324 2172 2378 opem
2205 2319 2258 2362 et

678 2405 956 2472 suppetias
1009 2404 1251 2470 quotidie
1303 2402 1716 2466 ferret,lru<tra
1762 2399 2260 2464 laboraremus,do-

627 2526 630 2530 -
681 2509 800 2548 mos
861 2495 1123 2548 virtutum
1159 2492 1429 2547 :ediiicare
1465 2491 1716 2561 ingrcssi;
1744 2490 1946 2545 frustra
1970 2491 2131 2543 etiam
2166 2490 2246 2542 vi-

677 2585 993 2654 gilnretntls,
1066 2587 1254 2637 urbem
1285 2583 1508 2652 justitite
1533 2581 1834 2636 Jerusalem
1865 2581 2253 2646 custodientes,

675 2686 731 2729 ot
765 2674 831 2728 ad
863 2689 1156 2742 supernam
1195 2674 1548 2741 metropolim
1571 2681 1946 2742 properantes.

746 2850 998 2904 Posthac
1051 2850 1426 2916 speculatores
1480 2858 1532 2901 et
1594 2851 2021 2914 exploratoresa
2071 2845 2254 2914 Moyse

679 2942 971 2994 mittuntur
1004 2979 1021 3004 ,
1049 2940 1244 3007 quibus
1275 2940 1328 2991 in
1389 2939 1655 2992 mandatis
1679 2939 1839 2991 datur
1880 2946 1937 2990 ιιι
1973 2937 2254 3004 promissae

678 3032 876 3098 popqu
923 3029 1162 3096 regionis
1198 3036 1521 3097 argumenta
1584 3027 1843 3092 afferant,
1873 3028 1925 3080 in
1961 3027 2252 3080 conﬁrma-

675 3123 874 3173 tionem
933 3121 1055 3187 ejns
1109 3119 1278 3184 copia:
1304 3133 1462 3184 quam
1519 3119 1786 3183 recepturi
1828 3125 2007 3171 erant.
2031 3114 2097 3169 Ut
2126 3129 2253 3168 vero
2283 3141 2324 3196 ο

676 3212 1049 3274 reddiderunt,
1078 3210 1255 3263 studia
1293 3211 1346 3262 in
1378 3209 1651 3262 contraria
1688 3208 1887 3263 animis
1924 3207 2081 3262 divisi
2106 3217 2254 3269 sunt;

671 3314 724 3356 et
755 3302 846 3355 alii
905 3302 1123 3371 quidem
1153 3314 1216 3354 ex
1280 3299 1629 3368 improbitate
1663 3308 1719 3352 et
1779 3299 1984 3352 malitia
2025 3339 2039 3361 ,
2071 3297 2261 3350 tristis-

673 3394 814 3446 sima
848 3406 1073 3463 quaeque
1097 3402 1149 3446 et
1174 3391 1364 3445 ﬁctitia
1421 3389 1729 3443 referebant
1754 3405 1768 3442 :
1791 3389 1985 3458 quibus
2006 3403 2126 3441 cum
2151 3402 2262 3440 ma-

675 3499 780 3555 gna
841 3483 1023 3553 populi
1083 3465 1372 3536 multitudo
1398 3495 1560 3536 aures
1611 3481 1900 3549 pra-heret,
1944 3479 2160 3550 Moysen
2192 3477 2258 3530 ad

673 3576 809 3637 iram
871 3573 1284 3628 coaeitavcrunt
1317 3613 1332 3636 ,
1359 3570 1664 3638 ducemque
1711 3571 1806 3638 qui
1866 3583 1959 3622 eos
1994 3569 2046 3621 in
2091 3565 2258 3636 {Egy-

671 3675 822 3730 ptnm
886 3664 1212 3721 reduceret.
1243 3662 1595 3729 quaesierunt.
1633 3656 1794 3713 Jesus
1817 3667 1996 3711 autem
2031 3658 2253 3710 meliora

667 3767 725 3808 et
753 3753 961 3807 veriora
996 3753 1301 3815 nuntiabat,
1338 3749 1720 3815 sublatumque
1749 3763 1816 3801 ex
1852 3747 2134 3802 Palaestina
2161 3748 2256 3799 bo-

666 3854 838 3907 trum,
870 3853 924 3898 et
948 3859 1013 3897 ex
1068 3852 1223 3896 vecte
1252 3855 1578 3910 suspensum
1608 3839 1812 3902 attulit,
1844 3846 2100 3904 tanquam
2131 3851 2255 3903 spe-

668 3937 845 3990 rimen
904 3934 1180 4002 quoddam
1204 3931 1324 4001 ejus’
1348 3931 1639 3992 ubertatis,
1667 3944 1771 3997 qua
1805 3935 1950 3982 terra
1983 3929 2248 3996 promissa

667 4025 922 4093 pollebat.
976 4029 1019 4078 Α
1084 4033 1137 4077 tu
1179 4064 1194 4086 ,
1219 4037 1342 4076 cum
1368 4035 1556 4076 rursus
1576 4018 1763 4074 Iesum
1794 4018 1972 4082 audis,
2009 4018 2060 4069 in
2092 4033 2244 4071 men-

669 4129 776 4168 tcni
835 4131 1027 4169 revoca
1084 4129 1276 4168 verum
1333 4112 1501 4165 Deum
1563 4122 1619 4164 et
1669 4109 2008 4164 Salvatorem
2038 4107 2246 4172 Jesmn,

674 4207 857 4276 magni
887 4206 1103 4261 consilii
1145 4205 1325 4258 l’atris
1379 4202 1641 4268 Angelum
1677 4211 1732 4254 ct
1766 4202 1904 4269 ejus,
1939 4215 2058 4267 qua.
2094 4200 2250 4252 nobis

669 4299 937 4367 promissa
996 4306 1100 4360 est,
1141 4294 1495 4350 beatitudinis
1534 4293 1835 4354 doctorem,
1870 4302 1922 4343 et
1956 4289 2103 4357 regni
2131 4305 2245 4343 caa-

664 4389 818 4446 lestis
860 4389 970 4457 jam
1035 4386 1252 4453 quidem
1317 4381 1531 4448 superis
1562 4382 1612 4432 in
1645 4380 1758 4433 nris
1799 4389 2241 4447 prteparatorem,

2361 582 2546 636 ὶλευθε
2556 582 2667 653 ρῶν
2691 583 2748 637 δὲ
2779 587 2873 638 καὶ
2901 586 2970 639 τὰ
2991 585 3118 656 Ξθνη
3153 588 3253 657 τῆς
3277 588 3386 641 τῶν
3413 588 3644 644 είδώλων
3669 593 3948 657 δουλείας,

2362 674 2452 722 καὶ
2483 672 2770 729 συνάπτων
2823 673 3168 742 ἀμφοτέρους
3230 678 3358 740 τοὺς
3408 677 3592 742 λαοὺς,
3645 681 3720 743 ῶς
3772 684 3950 749 λίθος

2361 760 2806 829 ἀκρογωνιαῖος,
2843 766 2924 826 είς
2950 765 3045 818 ἱνα
3075 768 3262 820 καινὸν
3305 768 3613 838 ἄνθρωπον,
3657 774 3752 826 καὶ⁵
3809 791 3939 827 συν-

2364 851 2580 906 τάττων
2610 851 2866 922 ἀγγέλοις
2900 858 3000 926 τὴν
3067 858 3400 927 Ἐκκλησίαν
3426 861 3506 921 είς
3538 863 3668 931 μίαν
3700 863 3951 928 πίστεως

2363 942 2700 1010 συμφωνίαν,
2727 949 2807 1007 είς
2833 948 2962 1015 μίαν
2982 947 3308 1017 ὕμνολογίας
3337 950 3640 1020 θεολογίαν,
3678 955 3746 1016 ὃς
3760 972 3826 1022 γε
3854 958 3954 1008 καὶ

2366 1032 2472 1101 πρὸ
2502 1033 2694 1086 τούτου
2746 1036 2808 1087 τὸ
2853 1037 3039 1104 μεῖζον
3074 1039 3274 1103 παντὸς
3304 1044 3788 1111 κατεργασάμενος
3818 1046 3953 1098 καθ’

2361 1121 2557 1175 ἕνωσιν
2575 1124 2942 1194 ύποστατικὴν
2965 1129 3064 1192 τὰς
3079 1129 3172 1183 δύο
3193 1132 3394 1200 συνῆψε
3414 1134 3953 1206 φύσεις-ἀσυγχύτως

2364 1214 2420 1264 ἐν
2453 1215 2651 1285 ἐαυτῷ,
2679 1216 2911 1282 θεότητά
2935 1237 3078 1289 φημι
3113 1223 3206 1275 καὶ
3238 1224 3661 1294 ἀνθρωπότητα.

2437 1306 2673 1376 Πόλεμος
2702 1311 2793 1361 ἐπὶ
2819 1311 3026 1374 τούτοις
3047 1313 3126 1383 τῷ
3157 1314 3377 1386 ἶῐσραῆλ
3399 1317 3655 1380 ἐτελεῖτο,
3681 1320 3772 1372 καί
3807 1320 3954 1390 πρὸς

2375 1392 2619 1464 ’Λμαλὴκ
2674 1397 2702 1447 ὁ
2763 1397 2899 1450 Θεοῦ
2966 1400 3092 1462 λαὸς
3153 1405 3550 1473 παρετάττετο.
3631 1408 3954 1461 Κάντεῦθεν

2366 1484 2571 1552 Μωσῆς
2615 1487 2714 1554 μὲν
2750 1489 2914 1541 πάλιν
2940 1490 3034 1543 τοῦ
3086 1493 3349 1557 παθόντος
3389 1497 3529 1565 ὑπὲρ
3563 1497 3718 1565 ἡμῶν
3752 1499 3953 1551 ἐσκια-

2366 1577 2566 1644 γράφει
2598 1576 2775 1643 δόξαν,
2817 1581 2911 1632 καὶ
2941 1583 3171 1651 σταυρὸν
3218 1586 3577 1655 ἐσχημάτιζε,
3606 1589 3704 1652 τάς
3752 1591 3954 1658 χεῖρας

2365 1667 2646 1722 ἐκτείνων.
2693 1670 2899 1740 Ἰησοῦς
2925 1673 2982 1725 δέ
3023 1675 3192 1727 τύπον
3226 1677 3406 1747 φέρων
3434 1679 3526 1732 τοῦ
3567 1681 3945 1751 θεανθρὼπου,

2367 1757 2633 1826 ἐτρέψατο
2654 1760 2743 1812 τὸν
2773 1761 3096 1830 ἀλλόφυλον,
3131 1766 3226 1819 καὶ
3287 1768 3496 1832 πάντας
3554 1773 3679 1834 τοὺς
3741 1775 3952 1835 παῖδας

2366 1849 2532 1902 αὐτοῦ
2588 1851 2645 1903 ἐν
2703 1852 2848 1920 φόνῳ
2903 1853 3173 1924 μαχαίρας
3207 1856 3519 1924 ἀπέκτεινε,
3556 1861 3652 1913 καὶ
3702 1862 3798 1932 τῆς
3831 1865 3951 1923 τῶν

2365 1938 2574 1991 πιστῶν
2601 1939 2958 2011 διὰκσταυροῦ
2991 1943 3145 2011 νίκης
3197 1945 3534 2016 ἐφανεροῦτο
3586 1949 3948 2018 συμϐολικῶς

2360 2028 2426 2080 τὸ
2452 2029 2732 2098 τρόπαιον.
2765 2031 2828 2084 Et
2869 2034 2943 2102 μὴ
2978 2033 3086 2101 γὰρ
3115 2035 3208 2086 καὶ
3268 2035 3361 2088 νῦν
3407 2037 3665 2106 ἐπολέμει
3726 2040 3946 2108 Κύριος

2362 2118 2455 2170 ἀπὶ
2490 2117 2582 2170 τὸν
2619 2121 3128 2191 νοητὸν.Ἀμαλὴκ,
3158 2125 3278 2178 ἀπὸ
3312 2126 3524 2194 γενεᾶς
3568 2131 3658 2194 είς
3704 2131 3947 2198 γενεὰς,

2361 2208 2584 2262 κατὰτὸ
2631 2212 3040 2280 γεγραμμένον,
3077 2214 3202 2268 καθ’
3250 2217 3487 2286 ἑκάστην
3542 2219 3950 2288 ἀντιλαμϐανό-

2363 2313 2520 2364 μενος
2551 2300 2706 2368 ὴμῶν
2731 2301 3131 2370 ἀνδριζομένων
3155 2306 3212 2357 ἐν
3266 2307 3588 2376 πεποιθήσει
3646 2311 3745 2361 καὶ
3797 2327 3946 2363 παν-

2359 2389 2548 2458 τευχίᾳ
2607 2392 2863 2460 σταυροῦ,
2922 2394 3002 2455 είς
3066 2395 3243 2463 μάτην
3305 2395 3405 2465 μὲν
3465 2399 3531 2451 ἂν
3587 2400 3943 2469 ὲκοπιῶμεν,

2359 2478 2542 2542 οίκους
2569 2481 2778 2549 ἀρετῶν
2833 2483 3137 2552 οίκοδομεῖν
3190 2487 3476 2555 ᾑρημένοι,
3514 2490 3596 2551 εἰς
3654 2490 3833 2558 μάτην
3887 2491 3949 2543 δὲ

2359 2571 2449 2621 καὶ
2501 2571 2913 2641 ἠγρυπνοῦμεν,
2972 2575 3129 2626 πόλιν
3178 2575 3523 2644 δικαιοσύνης
3577 2578 3948 2648 Ἰερουσαλὴμ

2359 2657 2740 2725 φυλάσσοντες,
2772 2663 2868 2713 καὶ
2892 2663 3028 2731 πρὸς
3059 2663 3154 2732 τὴν
3181 2663 3291 2716 ἅνω
3315 2667 3650 2735 μητρόπολιν
3673 2669 3946 2720 ἐπισπεύ-

2356 2747 2557 2809 δοντες.

2439 2839 2598 2908 Ἑξῆς
2632 2840 2762 2906 γοῦν
2803 2841 3137 2895 κατάσκοποι
3166 2843 3318 2913 παρά
3346 2844 3594 2904 Μωσέως
3626 2845 3946 2912 πέμπονται

2355 2927 2452 2995 τῆς
2479 2929 2954 2999 ἐπαγγελλομένης
2976 2931 3054 3000 τῷ
3103 2931 3214 3000 λαῷ
3270 2931 3473 3000 χώρας,
3516 2935 3624 2986 ’καὶ
3680 2935 3946 3002 σύμϐολα

2356 3017 2598 3086 νομίζειν
2650 3020 2859 3070 ἐκεῖθεν
2895 3021 3274 3075 ἐπιτάττονται
3308 3021 3418 3074 τῶν
3451 3025 3822 3091 ἐκδεξομένων
3858 3030 3945 3091 είς

2356 3107 2618 3157 πίπτωσιν
2637 3106 2879 3173 ἀγαθῶν,
2933 3108 3019 3168 Ὧς
3053 3110 3108 3162 δὲ
3146 3111 3419 3178 ἐπανῆκον
3450 3103 3619 3175 οὗτοι,
3673 3116 3768 3165 καὶ
3838 3118 3946 3183 τῆς

2365 3197 2660 3257 κατοπτίας
2692 3197 2894 3248 ἐδίδουν
2933 3201 3060 3260 τοῦς
3087 3199 3297 3265 λόγους.
3358 3201 3724 3269 διεμερίζοντο
3787 3221 3947 3272 τηνι-

2363 3287 2536 3339 καῦτα
2559 3289 2676 3349 ταῖς
2715 3287 3129 3354 γνώμαις-καὶ
3190 3292 3239 3342 οί
3301 3290 3400 3357 μὲν
3459 3293 3639 3346 αὐτῶν
3694 3310 3942 3360 κακουρ-

2360 3379 2600 3445 γοῦντες,
2631 3378 2800 3447 ψευδῆ
2855 3382 2946 3430 καὶ
2979 3381 3280 3448 σκυθρωπά
3313 3381 3652 3451 διηγόρευον,
3708 3380 3789 3444 οἷς
3843 3388 3946 3437 καὶ

2360 3469 2718 3537 προσέχοντες
2757 3469 2816 3521 τὸ
2846 3469 2980 3522 πολὺ
3015 3469 3108 3521 τοῦ
3141 3468 3292 3534 λαοῦ,
3323 3470 3392 3522 δι’
3437 3471 3604 3539 ὀργῆς
3656 3473 3944 3528 ἐποιοῦντο

2358 3560 2448 3610 τὸν
2474 3556 2787 3626 νομοθέτην,
2812 3559 2904 3609 καὶ
2936 3558 3025 3609 τὸν
3048 3559 3390 3627 ἡγησόμενον
3419 3560 3518 3627 τῆς
3544 3561 3634 3611 ἐπ’
3655 3561 3942 3627 Αἴγυπτον

2357 3649 2692 3717 ἐπιστροφῆς
2715 3649 2962 3718 ἐζήτουν.
3007 3648 3212 3717 Ἰησοῦς
3245 3650 3300 3702 δὲ
3334 3651 3430 3717 τῆς
3466 3651 3699 3720 ἀληθοῦς
3753 3652 3941 3720 εἴχετο

2357 3740 2451 3792 καὶ
2529 3738 2834 3808 κρείττονος
2885 3738 3162 3806 ἀγγελίας,
3224 3740 3317 3792 καὶ
3371 3741 3515 3793 κατά
3568 3742 3938 3812 Παλαιστίνην

2357 3831 2605 3902 ἐξαίρων,
2635 3830 2829 3898 δεῖγμα
2858 3829 2956 3897 τῆς
2999 3833 3177 3882 ἐκεῖσε
3208 3832 3418 3900 τρυφῆς
3454 3833 3543 3886 τὸν
3590 3836 3684 3887 ἐπ’
3729 3835 3940 3902 ἀναφο-

2357 3923 2496 3992 ρὲως
2523 3921 2883 3990 κομιζόμενον
2945 3921 3142 3990 βότρυν
3202 3924 3462 3976 ἐποιεῖτο.
3532 3923 3604 3975 Σὺ
3665 3923 3718 3976 δὲ
3769 3926 3935 3977 πάλιν

2367 4012 2574 4081 Ἰησοῦν
2629 4011 2867 4076 ἀκούων,
2920 4015 3029 4064 νόει
3063 4029 3152 4080 μοι
3182 4012 3273 4064 τὸν
3332 4012 3587 4076 ἀληθινὸν
3641 4013 3772 4066 Θεὸν
3838 4016 3936 4067 καὶ

2354 4104 2579 4172 Σωτῆρα
2619 4102 2846 4170 Ἰησοῦν,
2874 4120 2966 4155 τον
2991 4103 3088 4171 τῆς
3118 4103 3359 4172 μεγάλης
3383 4105 3577 4173 βουλῆς
3599 4106 3693 4157 τοῦ
3718 4107 3934 4174 Ματρὸς

2356 4193 2638 4260 ΙἌγγελον,
2675 4195 2772 4249 καὶ
2838 4193 2938 4261 τῆς
2999 4196 3056 4247 ἐν
3087 4192 3441 4261 ἐπαγγελίαις
3525 4196 3933 4263 μακαριότητος

2350 4282 2636 4351 ἐξηγητὴν,
2664 4282 2755 4332 τὸν
2777 4282 2880 4348 τῆς
2911 4284 2968 4332 ἐν
2989 4282 3046 4333 οὗ
3057 4281 3202 4349 ρανῷ
3228 4280 3506 4348 βασιλείας
3554 4282 3646 4334 καὶ
3667 4283 3933 4350 ἑτοιμασ-

2347 4375 2444 4443 τὴν
2469 4375 2696 4436 ἄνωθεν,
2723 4375 2816 4424 καὶ
2835 4374 3166 4441 κληροδότην
3193 4374 3382 4426 ὲσύστε
3393 4391 3507 4442 ρον,
3531 4375 3712 4436 τὸν⁸ὼς
3735 4375 3931 4443 βότρυν

666 4489 853 4548 postea
886 4493 1014 4531 vero
1047 4479 1208 4530 etiam
1249 4474 1585 4539 largitorem,
1613 4472 1705 4538 qui
1738 4485 1801 4522 ex
1827 4485 1990 4523 cruce
2015 4484 2243 4534 suspen-

2360 4467 2446 4515 ἐπι
2484 4463 2715 4531 σταυροῦ
2749 4463 3149 4531 κρεμασθέντα,
3185 4465 3278 4516 καὶ
3320 4464 3379 4516 τὸ
3429 4460 3569 4530 αἷμα
3632 4466 3710 4526 εἰς
3767 4465 3932 4518 πόσιν

668 4584 763 4621 sus
835 4565 977 4618 velut
1031 4567 1220 4619 botrus
1275 4561 1582 4628 dependet,
1657 4560 1858 4626 quique
1929 4561 2244 4628 sanguinem

2352 4552 2648 4612 ἀθανασίας
2707 4554 3141 4622 παρασχόμενον,
3197 4551 3270 4613 ὡς
3333 4552 3428 4603 καὶ
3484 4552 3686 4620 Μωσῆς
3763 4552 3930 4615 αὐτὸς

667 4674 823 4713 suum
862 4659 911 4710 in
965 4652 1391 4709 itmnortalitatis
1443 4661 1626 4717 potum
1687 4650 1935 4718 praebuit:
1991 4649 2135 4716 quod
2195 4656 2250 4699 ct

2360 4645 2415 4696 δι’
2448 4645 2770 4711 αίνίγματος
2813 4647 3056 4715 εἴρηκεν,
3113 4645 3194 4697 ὅτι
3219 4638 3362 4711 αἷμα
3395 4643 3718 4711 σταφυλῆς
3742 4644 3930 4694 ἔπινον

667 4748 876 4819 Moyses
927 4747 1216 4815 aenigmate
1248 4745 1478 4812 quodam
1519 4751 1718 4793 tectum
1756 4739 2143 4808 pronuntiavit,
2167 4738 2250 4791 di-

2360 4731 2511 4798 οἶνον,
2547 4737 2611 4789 ἵν’
2635 4737 2776 4789 οὕτω
2807 4739 2865 4790 τὸ
2898 4737 3163 4806 σωτήριον
3193 4733 3556 4802 καταμηνύσῃ
3589 4734 3782 4796 πόθος,
3829 4737 3928 4786 καὶ

669 4855 801 4892 cens
834 4851 929 4890 eos
958 4835 1264 4905 sanguinem
1294 4850 1406 4886 uva:
1447 4832 1493 4864 ”
1520 4831 1744 4891 bibisse,
1787 4839 1843 4881 ut
1873 4829 1972 4882 hoc
1996 4828 2246 4896 loquendi

2360 4827 2447 4897 τὴν
2475 4827 2711 4897 σταυροῦ
2763 4828 3124 4896 εὐφροσύνην.
3194 4823 3320 4896 Ἆρ’
3377 4822 3472 4879 οῦν
3531 4827 3762 4894 σταυρὸν
3825 4827 3927 4891 μὲν

669 4931 830 4982 modo
881 4927 1171 4981 salutarem
1218 4924 1548 4991 passionem,
1601 4931 1655 4973 et
1683 4918 2090 4980 cxaltationem,
2119 4932 2238 4984 qme

2360 4920 2701 4987 τροδιετύπου
2730 4919 2798 4972 τὰ
2831 4919 3107 4988 λεχθέντα,
3145 4917 3236 4970 καὶ
3295 4914 3440 4968 οὕτω
3501 4915 3729 4984 λαμπρά
3765 4932 3822 4965 τε
3857 4912 3927 4982 ἦν

667 5036 734 5072 ex
760 5033 921 5072 cruce
945 5017 1153 5071 exstitit
1189 5016 1530 5079 ,denotaret.
1595 5009 1729 5063 Num
1760 5010 1920 5078 igitur
1951 5010 2088 5071 hiCC,
2123 5023 2241 5074 quae

2360 5013 2438 5063 ιιαὶ
2472 5011 2745 5080 θαύματος
2779 5012 3037 5078 γέμοντα,
3085 5010 3117 5078 ή
3167 5008 3340 5077 σκηνὴ
3385 5007 3463 5066 δὲ.
3495 5009 3586 5058 καὶ
3613 5006 3682 5057 τά
3707 5007 3762 5057 ἐν
3789 5007 3924 5074 αὐτῇ

670 5113 936 5165 bat-tenus
968 5107 1134 5171 dicta,
1161 5121 1376 5160 crucem
1413 5101 1925 5172 przesigniﬁcarunt,
1957 5098 2242 5167 etquidem

2360 5101 2480 5168 ὶγια
2498 5102 2760 5163 τοιούτοις
2789 5103 2888 5154 οὐκ
2940 5100 3052 5171 ἔχει
3085 5117 3179 5153 του
3210 5101 3393 5169 τιμίου
3426 5101 3597 5151 τύπου
3636 5096 3927 5166 συμϐόλοις

670 5215 777 5256 tam
804 5201 1082 5270 splendida
1134 5240 1146 5262 ,
1181 5209 1399 5266 tamque
1450 5197 1835 5250 miraculorum
1869 5193 2043 5261 plena,
2070 5193 2250 5244 taber-

2360 5192 2715 5259 τεμνύνεσθαι
2748 5209 2761 5253 ;

676 5295 928 5349 naculum
991 5302 1294 5358 autem,et
1359 5305 1477 5360 qua:
1522 5290 1574 5344 in
1641 5305 1706 5344 eo
1767 5298 1975 5350 sancta,
2031 5287 2116 5340 bis
2177 5288 2500 5339 venerandis
2559 5287 2780 5354 pretiosi
2857 5286 2965 5357 typi
3058 5287 3310 5354 symbolis
3378 5286 3598 5338 minime
3659 5297 3922 5338 exornata

672 5388 899 5445 fuerint?

745 5477 1026 5543 Quomodo
1079 5477 1295 5530 siientio
1358 5475 1629 5528 involvam
1663 5473 2116 5542 quaoripartitnm
2151 5487 2248 5538 po-

673 5574 856 5641 pulum
890 5608 900 5627 .
933 5569 1268 5622 tabernaculi
1321 5569 1632 5622 ministeriis
1683 5568 2035 5628 dcstiuatmn,
2077 5566 2251 5620 cruci-

744 5750 968 5803 "Dcut.
997 5764 1166 5811 utut,
1212 5749 1292 5801 li.

2437 5469 2543 5522 Καὶ
2578 5467 2693 5527 πῶς
2728 5467 2792 5518 ἂν
2830 5465 3085 5534 παρέλθω
3124 5467 3210 5516 τὴν
3247 5463 3560 5532 τετραμερῆ
3593 5468 3720 5530 περὶ
3753 5463 3926 5529 αὐτὴν

2363 5563 2488 5613 λαὸν
2525 5556 2948 5628 τῆν-σταυρικὴν
2980 5554 3192 5624 ἐκείνην
3232 5553 3560 5623 δορυφορίαν
3623 5555 3716 5606 καὶ
3785 5569 3924 5622 προ-
