4136 6314
182 371 291 431 2ιῖ

1252 373 1335 432 IN
1376 366 1973 432 ΕΧᾸΕΓΛΤΙΟΝΕΜ
2008 373 2070 433 S.
2104 371 2413 441 CRUCIS.

3353 351 3462 418 218

185 485 437 554 πομπὴν,
468 486 568 538 καὶ
591 485 694 553 τὴν
738 479 940 552 μεταξῦ
965 481 1171 534 τούτων
1202 481 1619 549 διαλάμπουσαν
1671 479 1762 532 τοῦ

1869 499 2053 555 gerum
2111 483 2240 537 illttd
2293 481 2606 538 satellitium
2673 478 2980 545 ,illumqne
3038 472 3377 534 comitatum,
3405 480 3460 523 et

181 577 326 629 Θεοῦ
353 576 514 639 δόξαν
546 592 563 639 ;
592 575 713 635 Πῶς
733 575 789 626 δὲ
837 575 954 644 τὴν
976 573 1226 635 κιϐωτὸν,
1266 573 1362 625 καὶ
1415 572 1483 623 τὰ
1513 573 1568 624 ἐν
1632 571 1772 643 αὐτῇ

180 670 563 738 παραδράμω,
594 669 693 736 τὴν
743 666 985 735 στάμνον
1027 663 1120 718 τοῦ
1153 665 1354 734 μάννα,
1411 665 1510 724 τὰς
1559 664 1773 723 πλάκας

177 763 289 829 τῆς
316 762 610 829 διαθήκης,
647 757 710 810 τδ
735 758 1062 827 ίλαστήριον,
1096 756 1195 826 τήν
1236 756 1478 824 λυχνίαν,
1510 754 1609 825 τήν
1641 754 1772 825 τράε·

181 849 388 912 πεζαν,
416 848 480 899 τὸ
539 846 927 916 θυσιαστήριον
984 845 1095 898 τῶν
1145 845 1640 916 ὁλοκαυτωμάτων,
1708 845 1770 898 τδ

181 941 588 1009 Θυσιαστήριον
616 938 714 992 τοῦ
740 940 1104 1008 θυμιάματος,
1138 939 1238 1007 τὴν
1270 938 1520 1007 ἐνδελεχῆ
1550 937 1766 999 θυσίαν,

183 1032 361 1084 τάλια
377 1025 461 1092 οἷς
495 1031 558 1083 τὸ
582 1031 778 1098 σεμνὸν
800 1025 946 1099 εἶχεν
983 1032 1016 1101 ή
1050 1030 1216 1084 πάλαι
1240 1029 1455 1097 λατρία,
1484 1030 1576 1082 καὶ⁸
1602 1029 1669 1081 δι’
1691 1022 1766 1082 ὧν

184 1123 508 1186 ἐδοξάζοπο
532 1123 730 1186 πάντες
757 1125 806 1175 οἱ
832 1123 952 1194 Θεῷ
975 1123 1423 1193 προσανέχοντες,
1446 1122 1766 1186 ἐκολάζοντο

181 1213 246 1264 δὲ
277 1214 328 1264 oi
363 1213 440 1281 μὴ
471 1212 646 1274 οὕτως
677 1214 914 1283 ἔχοντες,
946 1215 1133 1283 ἐπειδὴ
1172 1225 1349 1270 πάντα
1393 1214 1488 1268 τοῦ
1528 1214 1763 1284 σταυροῦ

181 1307 287 1373 τὴν
319 1303 558 1372 δύναμιν
585 1306 1016 1376 προδιέγραφονς
1049 1308 1110 1359 El
1139 1307 1195 1359 δέ
1232 1307 1326 1360 καὶ
1358 1307 1531 1359 ταῦτα
1552 1307 1640 1359 δια
1671 1307 1762 1359 τὸν

179 1393 346 1460 λόγον
378 1396 528 1447 ἐάσω
558 1394 828 1463 φεύγοντα
855 1396 951 1464 τὴν
975 1397 1260 1466 ἀμετρίαν,
1293 1397 1392 1466 τήν
1417 1397 1544 1463 γοῦν
1568 1397 1762 1467 ῥάσδον

197 1486 441 1554 ’Δαρὼν,
477 1487 575 1538 καὶ
607 1487 673 1538 τὰ
724 1487 865 1540 κατὰ
890 1489 988 1556 τὴν
1022 1488 1252 1557 δάμαλιν
1293 1489 1409 1551 πῶς
1478 1489 1760 1555 σιωπήσω,

180 1575 328 1626 οὕτω
360 1576 688 1644 περιφανῶς
724 1577 812 1630 τὸν
870 1580 1103 1648 σταυρὸν
1161 1582 1646 1650 προκηρύττοντα;
1694 1579 1759 1632 Ἦ

185 1664 287 1731 μὲν
320 1666 433 1734 γὰρ
459 1666 607 1719 ἔνδον
646 1667 937 1733 βλαστάνει
971 1669 1070 1735 τῆς
1106 1671 1330 1739 σκηνῆς,
1371 1670 1465 1724 καὶ
1520 1670 1756 1723 δείκνυσι

178 1755 273 1806 τὸν
296 1757 450 1819 ἄξιον
480 1759 651 1826 ίερέα,
672 1760 764 1810 καὶ
793 1759 1134 1827 προδείκνυσι
1157 1759 1249 1810 τὸν
1274 1761 1445 1828 μέγαν
1471 1760 1754 1830 ἀρχιερέα,

1881 591 2001 629 eam
2065 589 2184 643 quae
2214 575 2266 627 in
2334 573 2513 627 medio
2536 573 2728 626 borum
2784 565 3314 631 t-oruacat,divinam
3345 561 3458 629 glo-

1882 665 2042 720 riam?
2087 664 2371 731 Quomodo
2433 662 2845 731 pmtergrediar
2904 671 3124 717 arcam,
3155 662 3211 707 et
3236 668 3354 720 qna:
3401 653 3454 706 in

1879 772 1942 813 ea
1973 758 2400 813 asservabantt-r
2431 797 2446 820 ,
2481 770 2672 810 urnam
2707 753 2980 815 videlicet,
3022 751 3073 804 iu
3103 762 3209 816 qua
3235 760 3454 809 manna,

1877 861 1930 905 et
1965 851 2180 905 tabulas
2234 849 2564 905 Testameuti
2617 888 2634 913 ,
2671 849 3102 918 propitiatorium
3152 887 3168 912 ,
3200 842 3451 899 candela-

1877 945 2053 1005 brutu,
2084 957 2323 996 mensam
2354 981 2368 1003 ,
2392 941 2566 995 altare
2630 941 3090 1000 holocaustorum,
3136 936 3308 990 altare
3365 931 3452 984 in-

1876 1031 2048 1094 censi,
2111 1031 2425 1084 continuutn
2486 1029 2837 1094 sacriﬁcium,
2867 1037 2920 1082 et
2946 1027 3049 1082 alia
3082 1025 3277 1094 quibus
3297 1029 3452 1074 vetus

1875 1123 1964 1176 ille
2027 1124 2204 1177 cultus
2256 1123 2490 1176 maxime
2546 1122 2904 1186 clarescebat,
2943 1131 2998 1175 et
3027 1119 3227 1189 quibus
3260 1129 3451 1170 omnes

1873 1215 1946 1269 illi
1984 1215 2073 1284 qui
2113 1215 2218 1268 Deo
2239 1214 2566 1272 serviebant.
2589 1212 2809 1282 gloriam
2832 1210 3102 1266 consecuti
3135 1217 3294 1272 sunt;
3335 1221 3448 1274 pm-

1872 1321 1996 1360 natn
2046 1321 2173 1359 vero
2198 1307 2232 1359 ii
2290 1306 2379 1374 qui
2415 1305 2574 1358 aliter
2626 1304 2925 1370 comparati
2957 1311 3153 1367 erant;
3190 1315 3308 1366 qua
3338 1314 3448 1351 om-

1870 1400 1960 1454 nia
2022 1398 2202 1453 crucis
2227 1398 2524 1464 potentiam
2555 1395 3048 1464 reprmseutabant?
3071 1393 3224 1460 Quod
3260 1393 3302 1446 si
3331 1406 3448 1444 om-
3484 1424 3486 1426 τ

1868 1491 1954 1542 t‘tia
1993 1491 2126 1544 haec.
2171 1490 2398 1542 vitanda:
2451 1475 2776 1557 prolixitatis
2805 1502 2988 1550 causa,
3017 1495 3354 1554 pratereatn,
3390 1489 3445 1535 at

1865 1584 2072 1650 virgam
2105 1579 2354 1641 ΔΜ·οηὶε.
2383 1590 2435 1633 et
2467 1594 2684 1633 vaccam
2739 1580 2884 1633 illam
2925 1578 3122 1639 rufam,
3163 1575 3254 1645 qui
3280 1575 3444 1628 silen-

1870 1675 1944 1727 tio
2002 1673 2366 1726 transmittam
2399 1714 2414 1736 ,
2441 1687 2565 1725 cum
2602 1682 2707 1724 tam
2746 1671 3027 1740 perspicue
3057 1683 3271 1721 crucem
3303 1680 3442 1735 pra-

1865 1763 2147 1818 nuntient?
2197 1762 2326 1816 Nam
2393 1763 2478 1815 illa
2544 1763 2681 1816 intra
2743 1760 3149 1814 tabernaculum
3205 1756 3438 1814 frondet.

179 1846 280 1896 καὶ
294 1846 394 1911 τήν
414 1847 480 1898 ἐκ
500 1825 593 1898 τοῦ
615 1825 911 1915 οταυρικοῦ
933 1845 1090 1908 ξύλου
1122 1825 1396 1916 σωτηρίαν
1420 1825 1757 1915 εὐαγγελίζε-

1869 1856 2203 1923 ostenditque
2235 1894 2250 1918 ,
2283 1853 2528 1918 quisnam
2587 1853 2779 1922 dignus
2815 1853 2885 1906 sit
2910 1851 3185 1912 sacerdos,
3208 1858 3262 1902 et
3283 1845 3442 1900 simul

177 1954 290 1993 ται.
313 1938 708 2007 Μαρανθέντες
736 1941 844 2008 γὰρ
868 1941 963 1992 καὶ
981 1943 1140 2009 ἡμεῖς
1154 1941 1368 2010 ὑπὸτῆς
1402 1941 1674 2008 ἁμαρτίας
1705 1941 1766 1992 τδ

177 2028 490 2097 καταρχὰς,
516 2027 613 2080 νῦν
631 2029 732 2098 ήδη
751 2031 846 2082 καὶ
867 2030 1259 2100 βλαστάνομεν,
1278 2031 1374 2085 καὶ
1393 2030 1512 2100 Θεῷ
1529 2031 1762 2099 καρπὸν,

176 2116 396 2183 ἀρετῶν
417 2119 998 2188 ἀναφέρομεν,θυσίαν,
1027 2122 1186 2187 ἁγίαν
1213 2125 1525 2191 προσφῦρὰν
1547 2123 1760 2191 δεκτήν,

176 2207 415 2274 εῦοσμον
445 2208 523 2270 ὡς
543 2209 762 2278 ἀληθῶς
784 2211 1053 2279 θυμίαμα.
1087 2212 1217 2266 Ἡδὲ
1239 2213 1466 2282 δάμαλις
1495 2214 1557 2264 τὸ
1589 2215 1765 2282 σωτή-

180 2314 300 2364 ριον
361 2299 461 2351 καὶ
482 2299 623 2366 αὑτὴ
667 2301 1036 2370 προδιέγραφε
1067 2303 1340 2365 πάθος,δι’
1369 2297 1428 2354 οὗ
1454 2303 1762 2374 κατεδλήθη

174 2387 278 2454 τῆς
325 2389 674 2456 παγκοσμίου
722 2391 996 2458 ἁμαρτίας
1023 2394 1082 2444 τὺ
1111 2395 1308 2461 κράτος
1341 2409 1354 2420 ⁸
1384 2392 1461 2461 τῷ
1482 2395 1588 2462 γὰρ
1613 2394 1768 2461 άμω-

177 2490 286 2540 μον
310 2473 488 2542 αὐτὴν
507 2472 648 2527 εἶναι
685 2478 780 2529 καὶ
808 2478 1004 2545 ἄζυγα,
1025 2480 1085 2532 τὸ
1103 2482 1491 2549 ἀναμάρτητον
1511 2482 1762 2549 ὲδηλοῦν-

173 2580 236 2614 το
254 2564 351 2615 τοῦ
382 2565 563 2629 Ἰησοῦ
584 2569 676 2619 καὶ
702 2567 1008 2638 ἐλεύθερον,
1028 2572 1101 2632 ὡς
1126 2571 1376 2640 Υίοῦ.Τῷ
1389 2573 1481 2624 τοῦ
1503 2572 1693 2639 κέδρου
1709 2574 1765 2626 δὲ

177 2657 326 2726 ξύλῳ
371 2659 433 2709 τὸ
474 2662 766 2728 σταυρικὸν
793 2662 1086 2724 είκονίζετο
1118 2664 1293 2726 ξύλον.
1329 2664 1401 2715 Τὸ
1461 2667 1568 2734 γὰρ
1626 2665 1759 2735 ἄση-

175 2764 316 2798 πτον
355 2749 564 2801 ἐκείνου
611 2751 668 2802 τὸ
693 2751 954 2813 ζωοποιὸν
1017 2754 1207 2806 τούτου
1269 2756 1367 2808 καὶ
1419 2755 1517 2824 τὴν
1573 2757 1767 2825 ἀγήρω

178 2839 277 2888 καὶ
307 2839 670 2910 ἀτελεύτητον
705 2842 986 2908 ἐνέργειαν
1017 2843 1346 2912 παρεδήλου,
1373 2850 1468 2897 καὶ
1494 2847 1522 2897 ὀ
1574 2845 1643 2896 δι’
1671 2845 1764 2898 αὺ-

176 2929 273 2981 τοῦ
313 2933 609 3000 ῥαντισμδς
640 2932 738 3004 τὴν
767 2933 860 2984 τοῦ
909 2935 1224 3002 Πνεύματος
1255 2937 1412 3004 χάριν
1462 2936 1764 3003 ὑπέφανεν,

177 3022 237 3086 ἐξ
267 3017 339 3090 ἦς
369 3024 565 3090 ἄφεσις
590 3025 897 3094 ἁμαρτιῶν,
945 3029 1038 3078 καὶ
1066 3027 1330 3090 υἱοθεσία,
1362 3026 1458 3079 καὶ
1487 3026 1766 3096 βασιλείας

174 3111 318 3163 Θεοῦ
356 3113 692 3183 κληρονομία
737 3115 1058 3186 δεδώρηται.

1867 1960 2116 2013 maguum
2166 1945 2505 2002 sacerdotem
2556 1951 2968 2011 praemonstrat,
3013 1941 3348 2008 salutemque
3373 1952 3440 1990 ex

1866 2036 2009 2103 ligno
2059 2037 2236 2090 crucis
2293 2045 2468 2088 ortam
2519 2034 2842 2103 promulgat.
2893 2032 3129 2086 Arefacti
3164 2032 3306 2085 enim
3341 2034 3441 2084 sub

1867 2127 2076 2180 initium
2112 2143 2206 2196 per
2245 2138 2548 2197 peccatum,
2590 2129 2695 2194 iam
2726 2127 2920 2178 iterum
2949 2123 3206 2186 viremus,
3236 2121 3440 2189 germi-

1867 2232 2058 2270 namus
2096 2257 2110 2279 ,
2143 2218 2359 2286 Deoque
2419 2219 2652 2271 fructum
2705 2217 2971 2269 virtutum
3005 2213 3311 2270 referimus.
3339 2211 3438 2264 ho-

1867 2305 2026 2359 stiam
2090 2315 2332 2358 sanctam
2375 2345 2387 2368 ,
2416 2305 2741 2358 oblationem
2783 2303 3168 2371 acceptabilcm
3207 2300 3276 2362 “,
3353 2314 3444 2354 ve-

1869 2410 2030 2462 reque
2062 2395 2184 2448 boui
2210 2393 2391 2449 odoris
2457 2396 2746 2464 thymiama
2781 2393 2853 2448 “.
2886 2391 3061 2448 Vacca
3089 2408 3214 2447 vero
3246 2392 3444 2446 saluta-

1868 2499 1981 2536 rem
2048 2486 2352 2551 passionem
2408 2485 2825 2553 prmdelineabat
2857 2523 2872 2546 ,
2897 2498 3001 2549 qua
3047 2485 3099 2535 in
3131 2484 3441 2535 universum

1869 2573 2124 2625 mundum
2186 2573 2485 2640 grassantis
2532 2586 2597 2641 pe
2632 2574 2740 2626 cati
2772 2572 2851 2626 vis
2883 2581 2937 2625 et
2966 2572 3203 2639 polentia
3236 2571 3444 2636 delecta

1868 2673 1971 2726 est;
2034 2663 2246 2724 macula
2273 2676 2462 2717 carere
2488 2663 2692 2726 debuit,
2722 2673 2775 2714 et
2795 2661 2907 2731 jugi
2934 2676 3127 2728 expers
3150 2674 3288 2714 esse.
3323 2658 3447 2726 Quo

1868 2753 2170 2822 significata
2193 2764 2276 2807 est
2324 2752 2450 2807 Jesu
2488 2753 2789 2807 Salvatoris
2821 2753 2991 2805 nostri
3021 2767 3050 2805 a
3089 2764 3314 2822 peccato
3347 2754 3449 2804 im-

1870 2848 2121 2910 munitas,
2185 2859 2239 2901 et
2270 2858 2326 2901 ut
2362 2848 2477 2910 lilii,
2507 2849 2745 2901 libertas.
2785 2847 3006 2916 Insuper
3043 2848 3185 2915 ligno
3225 2846 3449 2901 cedrino

1869 2933 2069 2998 lignum
2130 2936 2307 2988 erucis
2371 2945 2454 2989 est
2499 2935 2901 2990 adutnbratum.
2943 2935 3072 2988 Nam
3113 2947 3303 2989 natura
3334 2935 3452 3003 ejus

1871 3025 2052 3078 omnis
2121 3026 2530 3094 pum-factionis
2603 3037 2659 3081 et
2687 3028 2852 3080 cariei
2913 3041 3105 3094 expers
3139 3067 3154 3090 ,
3185 3026 3448 3080 vivificatu

1869 3118 1985 3187 ejus
2019 3129 2089 3184 ,et
2119 3133 2215 3171 nec
2247 3119 2420 3180 senio,
2455 3132 2554 3171 nec
2602 3119 2833 3172 termino
2867 3117 3156 3171 obnoxiam
3182 3117 3451 3168 actionem

174 3202 540 3267 praenotabat,
574 3212 627 3255 et
649 3206 891 3270 aspersio
921 3206 1162 3271 perillud
1187 3207 1387 3275 lignum
1422 3204 1586 3267 facta,
1616 3204 1850 3272 Spiritus
1912 3211 2140 3276 gratiam
2191 3207 2468 3267 innuebat,
2533 3207 2688 3276 cuius
2746 3207 3009 3261 beneﬂcio
3079 3207 3454 3266 remissionem

175 3303 528 3362 peccatorum
555 3334 570 3356 ,
599 3296 938 3362 adoptionem
994 3295 1221 3349 filiorum
1252 3337 1267 3355 .
1302 3308 1356 3352 et
1386 3296 1754 3351 brereditatem
1798 3301 1945 3367 regni
1977 3298 2213 3353 caelestis
2247 3299 2522 3351 consecuti
2546 3313 2755 3353 sumus.

272 3385 415 3439 Ἀλλ’
450 3388 497 3437 εί
528 3386 762 3438 δοκεῖτὰ
797 3385 898 3451 τῆς
917 3386 1171 3455 λατρείας
1200 3387 1372 3456 ἑτέρῳ
1398 3387 1762 3453 ταμιευσάμε-

1938 3389 2204 3442 Ceterum
2261 3388 2302 3441 si
2344 3389 2556 3440 videtur
2578 3426 2594 3451 ,
2628 3402 2689 3441 ea
2721 3401 2842 3454 quae
2877 3388 2941 3440 ad
2970 3387 3171 3440 cultum
3204 3397 3257 3440 et
3282 3402 3454 3442 θωνα·-

174 3497 257 3534 νοι
292 3475 473 3546 καιρῷ
497 3492 558 3527 τε
593 3476 688 3528 καὶ
709 3476 854 3544 λόγῳ
882 3478 946 3544 τῇ
973 3477 1390 3546 θαυματουργία
1412 3478 1765 3531 πάλινένδια·

171 3570 490 3640 τρίψωμεν.
526 3566 636 3619 Καὶ
664 3565 844 3618 τοίνυν
877 3565 1207 3633 ἁμαρτάνων
1249 3565 1465 3633 Ἰσραὴλ
1498 3565 1766 3639 obviam;

174 3659 434 3728 συνήθως
465 3657 628 3711 πάλιν
666 3655 1034 3721 ἐταπεινοῦτο,
1086 3657 1183 3709 κα)⁸
1245 3657 1294 3708 οι
1332 3656 1765 3718 ταπεινωθέντες

177 3754 269 3806 διὰ
298 3751 584 3818 δήγματος
633 3747 811 3815 ὄφεων
836 3747 1194 3801 ἐθανατοῦντο
1244 3748 1431 3813 εὐθὺς,
1467 3750 1563 3800 καὶ
1594 3748 1766 3810 οὕτως

174 3842 459 3911 ἐμάνθανε
520 3839 872 3907 δικαιώματα
918 3837 1076 3897 Θεοῦ,
1125 3839 1217 3891 καὶ
1248 3839 1384 3910 πρὸς
1444 3839 1578 3892 Θεὸν
1639 3839 1767 3892 ἐπέ-

175 3921 437 4000 ἇτρεφεν.
456 3929 834 3998 Ἐπιστρέφων
852 3928 908 3982 δὲ
935 3928 1138 3983 ίλεοῦτο
1163 3929 1251 3982 τὸν
1276 3930 1762 3999 πανοικτείρμονα,

173 4040 274 4077 και
312 4024 521 4092 Μωσῆν
557 4020 668 4091 εἶχε
726 4019 1263 4090 θαυματουργοῦντα.
1297 4021 1454 4075 Κατὰ
1493 4020 1625 4087 γοῦν
1652 4021 1762 4073 τῶν

168 4114 487 4166 δακνόντων
517 4112 694 4179 δφεων
746 4110 981 4181 χαλκοῦν
1039 4112 1244 4173 ἐκεῖνος
1273 4110 1394 4178 ὅφιν
1456 4111 1759 4180 εἰργάζετο,

173 4210 316 4274 πρὸς
351 4207 488 4258 θεοῦ
521 4205 852 4266 κελευσθεὶς,
891 4203 1096 4272 ὑψηλοῦ
1130 4220 1189 4255 τε
1246 4203 1337 4255 ἐπὶ
1368 4201 1525 4266 ξύλου
1571 4202 1758 4266 ἐτίθει,

173 4302 268 4352 καὶ
301 4303 413 4361 τοῖς
447 4297 840 4366 πληττομένοις
869 4296 944 4356 ὡς
972 4296 1131 4348 αὑτὸν
1157 4294 1342 4362 ἔλεγεν
1371 4294 1637 4357 ἁτενίζειν
1662 4311 1677 4326 ο
1731 4293 1758 4346 δ

169 4390 237 4458 δὴ
268 4390 366 4441 καὶ
408 4388 647 4456 δρῶντες
678 4385 862 4439 κακῶν
889 4385 1120 4447 ἀπαθεῖς
1154 4385 1492 4448 διεσώζοντο.
1550 4384 1758 4437 Οὐκοῦν

173 4481 311 4548 φέρε
345 4478 624 4546 λέγωμεν,
651 4477 727 4539 ὼς
757 4477 822 4530 ἑκ
851 4476 1025 4529 τύπου
1067 4475 1228 4529 πάλιν
1261 4477 1352 4529 ἐπὶ
1377 4477 1476 4547 τὴν
1497 4466 1757 4546 ἀλήθειαν

176 4569 588 4637 μεταφέροντες
652 4568 710 4618 τὸ
765 4569 1033 4634 διήγημα,
1069 4567 1596 4636 προσκεκρούκαμεν
1661 4569 1756 4619 καὶ

1873 3479 2080 3532 tuonias
2103 3478 2391 3541 pertinent,
2418 3477 2573 3530 alteri
2606 3479 2832 3547 tempori
2864 3485 2917 3532 et
2946 3479 3174 3531 orationi
3206 3493 3453 3532 reserve-

1875 3585 2019 3632 mus,
2049 3579 2102 3621 et
2130 3583 2317 3621 rursus
2357 3569 2424 3621 ad
2455 3569 2820 3638 prodigiorum
2867 3568 3206 3622 effectionent
3243 3585 3337 3622 nos
3364 3584 3451 3623 re-

1872 3660 2163 3727 cipiamus.
2193 3661 2360 3729 Igitur
2383 3677 2504 3714 cum
2532 3660 2718 3724 Israel,
2747 3676 2894 3715 more
2930 3678 3047 3727 suo,
3082 3663 3315 3731 peccatis
3335 3677 3458 3716 sese

1872 3752 2256 3818 obstringeret,
2283 3767 2429 3805 more
2487 3753 2648 3806 solito
2681 3753 2876 3806 iterum
2907 3753 3240 3822 adligebatur
3272 3762 3324 3807 et
3346 3757 3441 3806 tle.

1862 3838 2176 3904 jiciebatur,
2231 3847 2280 3892 ct
2323 3840 2412 3907 qui
2465 3856 2646 3894 morsu
2690 3850 2998 3911 serpentum
3053 3841 3263 3894 fuerant
3334 3842 3456 3906 icti,

1869 3942 1900 3982 e
1931 3928 2156 3994 vestigio
2197 3930 2463 3996 peribant:
2497 3941 2550 3984 et
2578 3931 2656 3985 sic
2703 3932 3120 4000 justilicationes
3155 3933 3246 3984 Dci
3269 3933 3448 3986 disce-

1869 4018 2018 4081 bant,
2049 4027 2102 4071 et
2128 4018 2193 4070 ad
2253 4019 2417 4072 Deum
2472 4025 2898 4076 revertebantur.
2978 4021 3288 4076 Conversus
3317 4036 3451 4074 vero

1867 4108 2227 4162 miserebatur
2285 4109 2539 4172 miseros,
2573 4121 2627 4163 et
2660 4125 2782 4165 mox
2819 4112 3062 4180 Moysen,
3100 4121 3155 4164 ttt
3182 4112 3444 4165 miracula

1865 4207 2127 4268 patraret,
2183 4197 2514 4254 destinabat.
2570 4200 2710 4268 Ergo
2739 4212 2932 4254 contra
2969 4217 3182 4256 morsus
3221 4217 3449 4270 serpen-

1865 4300 1975 4341 tum
2025 4305 2223 4341 aereutn
2283 4289 2371 4344 ille
2396 4303 2702 4358 serpentem
2751 4293 3026 4356 formavit,
3052 4293 3205 4357 jussu
3241 4293 3358 4356 Dei,
3391 4301 3447 4347 et

1860 4394 1925 4433 ex
1979 4382 2232 4447 prmcelso
2279 4383 2423 4451 ligno
2455 4384 2756 4449 suspendit,
2792 4385 3177 4452 mandavitque
3205 4395 3260 4438 ut
3295 4385 3445 4453 quia

1860 4473 2307 4540 serpentibusicti
2345 4484 2549 4535 essent,
2614 4476 2669 4527 in
2715 4489 2837 4527 eum
2889 4477 3246 4544 respicerent,
3301 4479 3444 4544 quod

1861 4578 1981 4615 cum
2034 4562 2296 4628 iacerent,
2360 4565 2627 4619 immunes
2678 4566 2876 4619 amalo
2951 4568 3440 4620 conservabantur.

175 4660 343 4728 ἡμεῖς
372 4657 455 4725 τῷ
473 4659 806 4727 Δημιουργῷ
832 4659 926 4710 καὶ
975 4657 1397 4727 κατηνέχθημεν
1423 4660 1502 4719 είς
1534 4658 1762 4711 θάνατον

1869 4653 2094 4723 Agedum
2120 4670 2248 4721 ergo
2269 4666 2432 4708 totam
2467 4657 2606 4709 hanc
2629 4658 2992 4711 narrationem
3015 4672 3201 4711 rursus
3222 4671 3250 4709 a
3274 4657 3441 4722 ligura

273 4748 370 4801 τοῦ
401 4749 578 4814 aestu;
613 4726 894 4816 συμδουλῇ
923 4765 936 4778 ·
974 4748 1163 4817 δῆγμα
1187 4726 1537 4818 γὰρνάληοῶς
1581 4749 1757 4815 ὄφεως

1869 4746 1918 4799 in
1977 4747 2257 4798 veritatem
2293 4750 2464 4814 ipsam
2533 4746 2940 4801 transferamus.
2993 4746 3154 4800 lnvisi
3189 4761 3442 4814 nosquo-

171 4835 477 4891 δὲπελθὼν
536 4836 614 4904 τῷ
669 4836 974 4907 προπάτορι
1042 4836 1290 4895 θάνατος.
1368 4837 1758 4906 Ἀνεζωοποιή-

175 4931 355 4996 θημεν
383 4928 440 4978 δὲ
473 4925 552 4994 τῷ
601 4929 692 4978 ἐπὶ
721 4926 814 4978 τοῦ
873 4928 1169 4996 σταυρικοῦ
1225 4927 1382 4990 ξύλου
1436 4932 1756 4997 νεκρωθέντι

175 5018 396 5087 Χριστῷ
426 5021 484 5070 ἐν
509 5017 825 5084 ὁμοιώματι
857 5021 1088 5086 σαρκὸς
1114 5021 1426 5086 ἁμαρτιας,
1467 5018 1541 5079 ῶς
1596 5036 1760 5085 φησιν

175 5115 202 5166 ὁ
229 5111 374 5170 θεῖος
415 5110 760 5168 Ἀπόστολος.
805 5108 889 5168 Ὠς
920 5110 1026 5178 γὰρ
1054 5111 1082 5159 δ
1139 5110 1372 5177 χαλκοῦς
1403 5109 1524 5176 ὄφις
1556 5111 1761 5168 ἐκεῖνος

178 5199 412 5267 ίνδαλμα
443 5199 540 5267 μὲν
579 5194 649 5267 ἦν
673 5196 770 5249 τοῦ
801 5197 986 5266 θηρὸς,
1019 5199 1112 5250 τὸν
1157 5198 1493 5251 Θανατοῦντα
1547 5199 1602 5250 δὲ
1660 5199 1757 5250 οὐκ

177 5287 325 5359 εἶχεν
355 5289 451 5349 ἱὸν.
482 5287 626 5341 οὕτω
655 5289 750 5340 καὶ
781 5290 810 5341 ὀ
842 5289 900 5339 ἐν
956 5288 1086 5352 ’τοῖς
1138 5289 1383 5356 ἀνόμοις
1432 5288 1756 5356 λογισθεὶς,

180 5380 250 5432 δι’
272 5380 421 5446 ἡμᾶς
447 5379 852 5447 ἀναμάρτητος,
878 5379 972 5429 καὶ
1004 5377 1145 5430 κατὰ
1175 5379 1338 5444 φύσιν
1369 5379 1572 5446 ἀγαθὸς
1626 5382 1760 5430 Δεσ-

182 5472 350 5535 πότης
388 5470 561 5534 σάρκα
595 5469 694 5536 μὲν
724 5467 975 5528 ἀνέλαϐε,
1033 5469 1126 5520 καὶ
1173 5471 1362 5536 γέγονε
1427 5471 1547 5522 καθ’
1584 5472 1755 5538 ἡμᾶς.

181 5560 274 5613 καὶ
305 5561 550 5626 αμιιρτία
575 5557 809 5626 ἐκλήθη,
846 5557 966 5625 ἦτοι
997 5556 1158 5611 θυσία
1215 5561 1356 5628 ὑπὲρ
1386 5561 1484 5627 τῆς
1514 5576 1757 5626 παγκοσ-

249 5741 293 5772 ⁸⁸
320 5737 464 5799 Rom.
509 5761 609 5809 xu,
644 5743 703 5807 ί,
748 5755 837 5802 ιν,
885 5737 965 5791 16.

1047 5736 1092 5766 επ
1123 5735 1294 5792 Exod.
1342 5752 1463 5804 xxv,
1492 5737 1541 5788 ﬂ.
1623 5740 1664 5768 "
1709 5738 1858 5797 Rom.
1914 5757 2028 5809 vnn,
2073 5745 2122 5798 ὅ.

1868 4853 1970 4904 que
2023 4837 2128 4890 Deo
2152 4878 2166 4902 ,
2196 4839 2419 4894 subdola
2485 4835 2751 4904 serpentis
2807 4837 3081 4898 suasione.
3119 4839 3170 4890 in
3209 4847 3436 4889 mortem

1868 4926 2171 4994 pra‘cipites
2201 4928 2302 4979 acti
2328 4927 2544 4981 fuimus.
2582 4927 2719 4980 Vere
2745 4930 2888 4980 enim
2923 4943 3136 4981 morsus
3163 4929 3438 4996 serpentis

1865 5027 1948 5068 est
1976 5032 2122 5070 mors
2159 5055 2174 5078 ,
2206 5033 2322 5084 qnte
2363 5018 2594 5084 primum
2623 5025 2908 5084 parentem
2946 5028 3186 5069 nostrum
3219 5018 3435 5069 invasit.

1873 5104 2046 5157 Vitam
2101 5120 2228 5158 vero
2281 5106 2582 5172 recepimus
2613 5143 2628 5167 ,
2662 5120 2781 5157 cum
2818 5104 2868 5156 in
2913 5104 3057 5170 ligno
3078 5103 3254 5155 crucis
3280 5101 3440 5154 Chri-

1869 5207 1982 5249 stus
2004 5196 2255 5249 occubuit
2293 5196 2346 5249 in
2400 5197 2744 5248 similitudine
2771 5197 2945 5248 carnis
2966 5196 3185 5263 peccati,
3219 5203 3274 5245 ut
3302 5194 3440 5246 dtcit

1869 5289 2083 5344 divinus
2130 5290 2484 5358 Apostolus"
2538 5288 2996 5354 Quemadmodum
3058 5287 3204 5341 enim
3262 5299 3437 5338 terens

1863 5381 1950 5433 ille
2008 5394 2231 5448 serpens
2307 5381 2657 5435 simulacrum
2715 5391 2832 5434 erat
2891 5377 3430 5436 animantisillius.at

1867 5472 2143 5541 mortifero
2197 5489 2400 5525 veneno
2446 5475 2683 5538 carebat,
2720 5474 2792 5526 ita
2817 5482 2867 5525 cl
2893 5473 2935 5525 is
2966 5473 3056 5540 qui
3086 5480 3301 5537 propter
3329 5485 3428 5522 nos

1867 5577 1988 5612 cum
2045 5564 2241 5622 iniquis
2297 5573 2565 5631 reputatus
2595 5575 2669 5617 est
2697 5565 2764 5629 ”³,
2807 5565 2872 5618 ab
2900 5564 3041 5618 omni
3081 5560 3283 5630 pcccztti
3314 5560 3434 5612 labe

2227 5744 2268 5773 θεν
2300 5741 2402 5798 lsa.
2432 5759 2550 5807 Lill,
2594 5743 2655 5795 12
