4136 6314
690 391 750 454 'il
1595 391 1924 452 JOANNIS
1955 391 2247 453 CALECA

2349 395 2397 456 P.
2438 391 2947 456 PATRIARCHA!

3817 393 3954 458 272

725 504 834 561 Nec
866 520 992 559 vero
1038 507 1174 559 uixit
1205 505 1473 560 Dominus
1506 523 1520 560 :
1559 504 1743 558 Tollat
1774 520 2017 571 crucem,
2073 502 2235 560 abso-

2410 510 2522 560 Οὺκ
2555 504 2676 560 εἷπε
2709 509 2764 562 δὲ
2798 510 2826 561 6
2875 510 3101 579 Κύριος,
3145 501 3278 580 ᾄραι
3311 508 3405 561 τὸν
3440 507 3672 578 σταυρὸν
3702 479 3948 571 ἁπλῶς,

654 599 788 658 luto,
851 600 949 651 sed
1003 614 1208 650 crucem
1266 614 1440 659 suam,
1495 599 1619 661 ait;
1674 597 1778 650 hoc
1844 605 1949 658 est,
2002 597 2239 649 debitam

657 699 910 752 mortem,
968 706 1132 759 quam
1186 697 1405 756 oportet
1449 687 1693 758 quotidie
1727 699 1989 757 oppetere
2045 703 2241 742 unum—

654 795 950 847 quomque,
987 795 1052 831 ex
1094 781 1362 832 sententia
1395 778 1640 845 Apostoli
1678 778 1956 832 dicentis’:
1991 777 2242 841 Quotidie

653 873 856 922 morior
899 872 941 924 ⁸.
980 871 1210 924 Portare
1257 871 1405 924 enim
1433 887 1650 924 crucem
1683 886 1780 926 nos
1808 872 1923 926 vult
1961 873 2240 935 Dominus,

658 971 739 1024 ιιι,
774 962 1126 1014 continenter
1162 962 1383 1029 vigilare
1419 963 1625 1024 animo,
1650 973 1703 1016 et
1733 964 2030 1018 virtutibus
2062 965 2110 1016 in
2135 965 2244 1017 alto

655 1064 824 1115 stare,
871 1069 936 1106 ne
971 1055 1035 1105 de
1074 1069 1240 1106 cruce
1272 1055 1674 1108 descendemus
1732 1072 1746 1109 :
1796 1056 1896 1108 hoc
1930 1067 2028 1119 est,
2059 1057 2244 1110 cunti-

654 1163 786 1203 nere
817 1162 1015 1214 pravas
1040 1146 1377 1209 aﬁectiones,
1401 1147 1571 1198 donec
1603 1148 1982 1201 abstrahamus
2005 1150 2242 1199 animum

656 1254 904 1295 nostrum
971 1258 997 1293 a
1056 1252 1281 1310 peccato
1335 1254 1391 1296 et
1438 1241 1750 1296 aﬂ'ectione.
1785 1255 1839 1296 et
1896 1258 2245 1310 resurgamus

657 1336 914 1399 deinceps
951 1334 1160 1387 invicti.
1203 1335 1348 1387 Crux
1384 1335 1526 1386 enim
1557 1337 1735 1389 omnis
1773 1338 1981 1402 peccati
2017 1337 2246 1389 abolitio

655 1437 760 1478 est.
794 1426 1194 1494 Cruciiigamns
1231 1441 1361 1493 ergo
1417 1428 1807 1493 nosmetipsos,
1871 1426 2069 1480 fratres
2116 1427 2243 1490 mei,

657 1509 1015 1572 ﬂuitat-nuis
1050 1521 1307 1588 negotiis,
1361 1536 1426 1573 ne
1475 1535 1535 1572 ca
1576 1522 1928 1587 attingamus,
1966 1535 2140 1587 neque
2167 1520 2244 1573 eis

655 1613 804 1663 ιιΠίχὶ
855 1613 1260 1665 αιίιιαξγοαιιιυε.
1303 1610 1435 1664 Nam
1492 1614 1596 1664 etsi
1636 1627 1745 1664 non
1810 1612 2053 1664 imminet
2089 1627 2243 1673 crux,

653 1710 747 1754 aut
782 1703 1182 1756 contumeliosa
1215 1717 1383 1765 mors,
1429 1701 1783 1755 aﬂ‘ectionum
1821 1712 1998 1753 tamen
2054 1713 2194 1752 mort
2224 1730 2246 1742 -

655 1795 841 1846 Iit-alio
891 1795 1161 1856 imminet,
1215 1805 1269 1847 et
1332 1793 1535 1847 bellum
1592 1792 1858 1846 adversus
1914 1791 2244 1844 invisibilent

654 1887 936 1938 inimicum
986 1894 1040 1938 et
1108 1887 1348 1947 hostem,
1406 1899 1566 1953 quem
1626 1893 1682 1937 et
1735 1884 1956 1936 vincere
2031 1892 2246 1948 oportet
2284 1869 2320 1920 Β

653 1991 867 2039 omnes,
898 1976 1065 2046 quiin
1091 1977 1366 2030 Christum
1393 1976 1644 2034 credunt,
1668 1986 1721 2026 ut
1751 1975 1924 2042 possit
1951 1975 2248 2041 Unusquis-

653 2084 759 2135 que
794 2069 975 2121 dicere
1013 2084 1027 2122 :
1072 2067 1209 2120 Mihi
1267 2071 1495 2119 mundus
1543 2065 1834 2131 cruciﬁxus
1881 2075 1979 2125 cst,
2049 2077 2095 2116 et
2152 2080 2245 2131 ego

652 2159 847 2212 mundo
877 2159 920 2212 '.
955 2159 1107 2222 Quod
1161 2159 1236 2211 ait
1276 2177 1289 2212 :
1326 2157 1460 2211 Mihi
1519 2155 1749 2209 mundus
1811 2156 2103 2222 cruciﬁxus
2144 2165 2243 2217 est,

655 2251 861 2304 indicat
887 2249 1202 2304 libertatem
1237 2263 1264 2301 a
1304 2249 1544 2316 peccatis
1569 2248 1804 2300 actionis
1834 2263 1848 2310 ;
1883 2246 2012 2299 illud
2061 2261 2189 2300 vero
2232 2263 2246 2300 :

652 2353 701 2394 et
759 2353 854 2411 ego
919 2340 1158 2403 mundo,
1203 2339 1478 2407 signiﬁcat
1526 2340 1858 2391 vacuitatem
1904 2337 2248 2392 aﬂ‘eclicnnm

653 2429 843 2482 animi.
907 2424 1165 2482 ﬂendum
1212 2428 1358 2480 enim
1418 2428 1724 2480 mundanas
1775 2427 2248 2495 concupiscentias

656 2529 818 2572 vocat
860 2536 873 2570 :
908 2527 966 2572 et
1018 2518 1111 2588 qui
1157 2518 1291 2571 vivit
1339 2517 1698 2587 spiritualiter
1723 2517 1994 2586 cruciﬁgit
2022 2532 2138 2582 eas,
2194 2526 2248 2570 et

656 2609 975 2669 mortiﬁcat,
1037 2618 1094 2661 et
1151 2607 1464 2662 inefﬁcaces
1513 2608 1712 2669 reddit,
1778 2617 1835 2659 ut
1898 2623 2003 2660 non
2034 2608 2245 2674 possint

653 2702 831 2770 ipsum
860 2703 1079 2754 vincere
1108 2715 1170 2754 ac
1209 2716 1494 2769 superare,
1521 2710 1573 2754 et
1605 2702 1670 2752 ad
1695 2700 1930 2752 actionis
1960 2709 2242 2767 peccatum

656 2793 902 2860 adigere,
942 2792 1036 2845 sed
1087 2799 1141 2846 et
1175 2791 1292 2859 ipse
1328 2789 1692 2844 mortiﬁcatus
1718 2798 1802 2843 est
1847 2789 2246 2857 concupiscen-

657 2884 769 2947 tiis,
805 2883 857 2936 id
887 2892 992 2946 est,
1029 2897 1135 2936 non
1169 2890 1420 2935 movetur
1447 2879 1516 2933 ab
1540 2879 1640 2932 eis.

2350 598 2485 651 ἀλλὰ
2512 600 2620 651 τὸν
2643 600 2913 667 σταυρὸν
2942 600 3130 654 αὑτοῦ
3168 601 3339 667 λέγει,
3388 599 3636 651 τουτέστι
3659 599 3750 650 τὸν
3775 599 3956 665 ὀφει-

2350 691 2575 757 λόμενον
2609 692 2865 755 θάνατον,
2907 693 2968 744 ὃν
2997 691 3107 760 ἔχει
3140 696 3318 762 χρέως
3368 692 3489 744 καθ’
3528 693 3766 762 ἑκάστην
3789 693 3954 761 πλη-

2352 781 2481 848 ροῦν
2527 781 2785 845 ἕκαστος,
2831 782 2975 834 κατά
3000 783 3091 835 τὸν
3127 783 3270 835 θεῖον
3312 783 3636 836 Ἀπόστολον
3663 785 3906 851 λέγοντα.
3931 799 3950 815 ⁶

2351 873 2491 927 Καθ’
2517 873 2748 940 ἡμέραν
2779 874 3149 941 ἀποθνήσκω
3172 891 3184 904 ·
3226 875 3520 944 βαστάζειν
3545 878 3654 945 γὰρ
3695 875 3955 945 σταυρὸν

2351 967 2500 1034 ἡμᾶς
2536 966 2786 1034 βούλεται
2815 969 2843 1018 6
2877 968 3076 1036 Κύριος
3099 984 3113 998 ο
3139 962 3250 1020 οἷον
3275 967 3540 1031 διηνεκῶς
3563 967 3956 1036 ἐγρηγορέναι

2351 1058 2442 1109 τὸν
2474 1058 2615 1120 νοῦν,
2653 1058 2748 1111 καὶ
2799 1059 2856 1111 ὲν
2891 1062 3010 1121 ταῖς
3058 1059 3288 1126 ἀρεταῖς
3333 1058 3417 1126 ἐφ’
3451 1058 3620 1127 ὕψους
3672 1061 3952 1113 ἵστασθαι

2349 1150 2444 1202 τοῦ
2484 1152 2559 1217 μὴ
2595 1151 2879 1203 κατελθεῖν
2914 1150 3023 1207 ἀπὸ
3056 1150 3150 1202 τοῦ
3203 1150 3464 1219 σταυροῦ,
3514 1151 3794 1204 τουτέστιν
3845 1153 3956 1218 £1-

2354 1241 2718 1308 κρατεύεσθαι
2751 1243 2898 1311 ἡμᾶς
2915 1243 3022 1295 ἀπὸ
3036 1243 3143 1294 τῶν
3166 1244 3376 1305 παθῶν,
3397 1246 3500 1304 ἕως
3522 1239 3581 1295 οὗ
3606 1243 3957 1312 ἆκκόψωμεν

2353 1332 2443 1383 τὸν
2475 1334 2598 1383 νοῦν
2632 1333 2788 1401 ἡμῶν
2841 1334 2948 1384 άπὸ
2993 1335 3090 1403 τῆς
3126 1335 3404 1401 ἁμαρτίας
3454 1334 3548 1386 καὶ
3600 1336 3696 1402 τῆς
3748 1337 3958 1400 ἐμπα-

2354 1422 2522 1487 θείας,
2552 1427 2643 1475 καὶ
2673 1425 2993 1493 ἀναστῶμεν
3018 1427 3208 1477 λοιπον
3231 1429 3512 1495 ἀήττητοι.
3548 1427 3609 1477 ’0
3633 1427 3742 1494 γὰρ
3766 1444 3959 1479 στανδ

2357 1513 2444 1580 ρος
2501 1513 2684 1583 πάσης
2716 1515 2993 1583 ἁμαρτίας
3036 1517 3378 1585 κατάργησίς
3416 1519 3552 1570 ἐστι.
3586 1517 3951 1586 Σταυρώσω-

2357 1622 2454 1672 μεν
2506 1601 2599 1656 οὖν
2657 1607 2908 1669 ἑαυτοὺς,
2971 1608 3192 1674 ἀδελφοί
3246 1627 3373 1677 μου,
3411 1611 3473 1661 ἐκ
3504 1612 3613 1662 τῶν
3645 1611 3953 1678 κοσμικῶν

2354 1700 2718 1765 πραγμάτων,
2776 1698 2868 1750 τοῦ
2921 1700 2996 1769 μὴ
3058 1700 3325 1752 ἅπτεσθαι
3369 1702 3463 1753 καὶ
3523 1701 3950 1770 προσηλοῦσθαι

2352 1790 2530 1848 αὐτοῖς
2553 1804 2564 1815 ”
2605 1789 2686 1840 ὃτι
2721 1793 2814 1843 καὶ
2853 1792 2900 1841 εί
2936 1793 3010 1860 μὴ
3043 1791 3332 1860 πρόκειται
3353 1792 3597 1860 ’σταυρὸς
3641 1794 3760 1862 ήτοι
3795 1796 3952 1844 ἑπο-

2353 1879 2613 1940 νείδιστος
2654 1881 2901 1944 θάνατος,
2935 1881 3070 1932 ἀλλὰ
3094 1881 3283 1933 παθῶν
3311 1884 3579 1952 νέκρωσις
3615 1888 3944 1950 πρόκειται,

2354 1971 2445 2020 καὶ
2470 1956 2496 2018 6
2524 1971 2657 2040 πρὸς
2687 1972 2778 2022 τίν
2808 1973 3039 2038 ἀόρατον
3066 1973 3260 2041 ἐχθρὸν
3289 1975 3379 2024 καὶ
3408 1974 3661 2040 πολέμιον
3691 1991 3950 2044 συγκροο

2352 2059 2617 2125 τούμενος
2650 2061 2907 2130 πόλεμος,
2955 2062 3015 2114 ὃν
3053 2066 3148 2115 καὶ
3189 2065 3408 2133 νικῆσαι
3432 2065 3524 2117 δεῖ
3563 2068 3770 2128 πάντας
3803 2069 3948 2130 τοὺς

2354 2153 2433 2212 είς
2468 2151 2705 2219 Χριστὸν
2737 2153 3118 2219 πιστεύοντας,
3148 2154 3288 2209 ὥστε
3317 2155 3576 2208 δύνασθαι
3600 2158 3780 2224 λέγειν
3803 2159 3949 2210 ἐκα-

2358 2259 2482 2294 στον
2505 2261 2516 2273 ⁸
2564 2246 2722 2312 Ἐμοὶ
2760 2249 2791 2298 ὀ
2835 2261 3062 2314 κοσμος
3096 2247 3485 2316 ἐσταύρωται,
3523 2249 3683 2317 κάγὼ
3715 2249 3797 2314 τῷ
3835 2253 3948 2303 κό-

2354 2348 2512 2399 σμῳ·
2539 2334 2792 2402 ἐμφαίνει
2815 2335 2868 2387 δὲ
2903 2337 2962 2388 τὸ
2988 2337 3106 2405 μὲν,
3126 2337 3287 2403 Ἐμοί
3323 2342 3356 2393 ὀ
3379 2341 3608 2408 κόσμος
3628 2341 3944 2410 ἐσταύρωο

2354 2441 2470 2487 ται,
2501 2425 2600 2493 τὴν
2629 2426 2942 2498 ἐλευθερίαν
2976 2432 3076 2499 τῆς
3106 2431 3248 2484 κατὰ
3294 2431 3493 2500 πρᾶξιν
3523 2433 3800 2502 ἁμαρτίας
3823 2449 3839 2465 ⁸
3878 2436 3946 2486 τὸ

2353 2517 2429 2579 δὲ,
2464 2517 2624 2584 κάγὼ
2660 2517 2738 2581 τῷ
2773 2521 3000 2588 κόσμῳ,
3030 2521 3182 2590 δηλοῖ
3210 2522 3310 2591 την
3337 2523 3481 2575 κατὰ
3515 2523 3756 2576 διάνοιαν
3789 2525 3945 2578 ἁπά-

2356 2606 2526 2661 θειαν.
2570 2609 2789 2677 Κόσμον
2824 2610 2933 2680 γὰρ
2961 2612 3060 2675 τὰς
3101 2613 3376 2680 κοσμικὰς
3418 2613 3711 2680 ἐπιθυμίας
3741 2616 3941 2681 λέγειν

2354 2698 2447 2748 καὶ
2476 2699 2502 2749 6
2535 2696 2645 2759 ζῶν
2677 2701 3066 2766 πνευματικῶς
3096 2705 3326 2772 σταυροῖ
3347 2703 3551 2767 ταύτας
3580 2707 3674 2758 καὶ
3720 2711 3942 2775 νεκροῖ,

2355 2790 2450 2839 καὶ
2489 2790 2666 2857 ἀργὰς
2708 2790 3090 2857 ἀποδείκνυσι,
3124 2795 3199 2863 μὴ
3229 2793 3538 2862 δυναμένας
3570 2797 3801 2867 ηττῆσαι
3836 2801 3942 2850 καὶ

2356 2878 2579 2946 νικῆσαι
2641 2881 2844 2943 αὑτὸν,
2908 2883 3002 2933 καὶ
3061 2884 3124 2952 τῇ
3185 2885 3326 2936 κατὰ
3379 2883 3578 2955 πρᾶξιν
3635 2887 3944 2939 ὑποϐαλεῖν

650 2975 937 3047 ἁμαρτίᾳ·
976 2975 1116 3029 ἀλλὰ
1151 2975 1246 3028 καὶ
1295 2973 1458 3036 αὐτὸς
1507 2973 1704 3034 αὐταῖς
1740 2970 2072 3039 νενέκρωται
2112 2972 2238 3033 ταῖς
2278 2969 2625 3039 ἐπιθυμίαις,
2659 2974 2962 3038 τουτέστιν,
2993 2973 3055 3027 οὑ
3099 2975 3385 3045 κεκίνηται
3420 2979 3556 3047 πρὸς
3627 2980 3942 3049 ἐπιθυμίαν

654 3087 858 3123 αυτων.

726 3160 865 3228 Qui:
915 3174 1045 3213 vero
1075 3157 1190 3212 heri
1243 3168 1446 3228 potest,
1476 3170 1532 3213 nt
1563 3162 1685 3229 quis
1717 3164 1977 3233 patiatur,
2018 3175 2120 3215 nec
2154 3168 2237 3213 ta-

657 3268 782 3306 men
812 3261 1078 3318 sequatur
1109 3251 1417 3316 Christum,
1450 3261 1505 3305 ut
1555 3267 1678 3307 cum
1732 3254 1860 3323 quis
1885 3255 2110 3323 patitur,
2145 3254 2239 3306 sed

655 3357 764 3395 non
792 3355 1014 3410 pr0pter
1043 3338 1322 3395 Christum
1349 3357 1366 3395 :
1396 3342 1601 3397 etenim
1631 3357 1777 3412 saepe
1812 3346 1976 3398 etiam
2010 3342 2241 3397 maleﬁci

657 3433 825 3487 multa
857 3448 1049 3502 aspera
1077 3434 1483 3500 perpetiuntur,
1509 3435 1888 3502 sepulcrorum
1923 3436 2241 3496 eﬂ‘ossores.

660 3524 1118 3597 prastigiatores,
1178 3524 1490 3591 homicida,
1524 3524 1697 3594 fures,
1741 3529 2045 3596 praulones,
2082 3528 2246 3581 latro-

660 3634 758 3673 nes
790 3636 805 3673 :
849 3633 916 3672 ne
957 3619 1080 3685 quis
1109 3617 1392 3671 existimet
1426 3615 1673 3672 snﬂicere
1720 3619 1833 3673 sola
1863 3627 2136 3674 tormenta
2175 3620 2243 3674 ad

659 3709 923 3774 salutem,
961 3709 1112 3762 addit
1150 3708 1411 3763 Christus
1442 3725 1457 3763 :
1503 3707 1773 3779 Sequatur
1798 3727 1901 3776 me,
1934 3721 1992 3764 ut
2043 3711 2245 3766 indicet

658 3810 914 3869 oportere
943 3815 1039 3854 sua
1069 3815 1235 3853 causa
1264 3801 1539 3853 sustinere
1566 3802 1763 3856 acerba
1795 3803 2026 3871 qumvis,
2064 3816 2242 3870 neque

663 3901 876 3945 tantum
922 3893 975 3944 iu
1011 3892 1172 3945 malis
1218 3891 1563 3960 perferendis
1592 3893 1966 3949 fortitudinem
2015 3903 2071 3946 et
2106 3893 2246 3947 tule-

661 3984 893 4054 rautiam
941 3984 1225 4047 adhibere,
1254 3987 1346 4038 sed
1398 3985 1562 4039 etiam
1597 3985 2036 4052 temperantiam,
2077 3987 2246 4052 tequi-

663 4087 852 4140 Iatem,
882 4088 936 4129 et
968 4077 1148 4128 onnnia
1181 4089 1379 4130 cmtera
1434 4077 1688 4129 mandata
1743 4077 1985 4144 exsequi.
2024 4075 2246 4146 Signiﬁ-

660 4178 819 4223 catnr
855 4170 1000 4222 enim
1054 4167 1162 4222 illis
1213 4169 1438 4222 verbis:
1477 4168 1746 4237 Sequatur
1791 4185 1890 4232 me,
1927 4170 1978 4242 iu
2025 4183 2242 4222 omnem

666 4262 918 4313 virtutem
976 4259 1400 4314 inentnbendttm
1433 4274 1575 4314 esse.
1614 4261 1867 4327 Seipsum
1900 4261 2094 4314 deinde
2147 4259 2246 4314 ab-

669 4361 829 4421 negat
881 4353 1024 4419 quis,
1080 4352 1172 4419 qni
1232 4352 1613 4415 lacultatibus,
1657 4353 1856 4421 quibus
1915 4352 2146 4419 pollebat
2193 4360 2246 4405 ct

665 4460 894 4510 quorum
933 4443 1192 4497 dominus
1241 4456 1381 4507 erat,
1415 4445 1697 4512 dispersis,
1729 4454 1782 4498 et
1831 4446 2022 4497 nuntio
2067 4443 2245 4496 omni-

669 4538 768 4586 bus
812 4535 995 4585 carnis
1041 4533 1468 4599 cogitationibus
1518 4533 1764 4595 remisso,
1792 4546 2006 4585 crucem
2050 4533 2244 4592 deinde
2276 4550 2320 4604 ι)

679 4626 837 4689 tollit,
868 4635 1011 4677 totus
1042 4627 1106 4676 ad
1141 4626 1385 4677 coelestia
1419 4627 1555 4677 bona
1584 4640 1899 4689 conversus,
1921 4641 2249 4694 prorsusqno

680 4718 1033 4770 terrestribus
1067 4732 1127 4769 se
1178 4715 1391 4769 abdiCat
1415 4756 1429 4779 ,
1463 4730 1514 4768 et
1549 4717 1794 4784 sequitur
1830 4718 2125 4782 Christum,
2156 4717 2246 4786 qui

675 4823 864 4858 umore
918 4810 1036 4858 boni
1071 4807 1394 4872 honestique
1429 4810 1541 4858 lia'c
1575 4810 1723 4868 lacit,
1762 4822 1865 4859 non
1898 4806 2081 4874 glarize
2109 4811 2246 4860 alte-

672 4899 854 4951 riusve
897 4897 1021 4948 talis
1054 4896 1329 4948 commodi
1362 4896 1558 4964 gratia.
1600 4893 1648 4948 Is
1681 4898 1820 4949 enim
1848 4911 1972 4948 verc
2002 4899 2246 4963 sequitur

678 4986 986 5049 Christum,
1021 5000 1144 5038 cum
1176 4984 1296 5052 ejus
1329 4985 1539 5039 vivendi
1586 4986 1846 5039 rationem
1879 4987 2240 5056 persequitur.

671 5077 779 5128 lter
813 5077 956 5128 cnim
992 5085 1223 5140 rectum,
1256 5091 1365 5146 quo
1393 5075 1596 5131 Christi
1635 5076 1876 5145 vestigiis
1919 5077 2238 5140 insistimus,

667 5182 715 5221 et
745 5169 861 5237 ejus
888 5169 1141 5231 imitatio,
1169 5185 1425 5223 coronam
1458 5183 1671 5238 quoque
1702 5167 1983 5233 conciliat,
2005 5184 2241 5236 sequen-

675 5265 818 5314 tihus
879 5261 1249 5328 promissam:
1293 5271 1348 5314 at
1385 5275 1512 5315 vero
1557 5260 1835 5328 obliquum
1882 5259 2032 5325 illud,
2091 5270 2144 5313 et
2191 5261 2241 5313 in

669 5351 946 5403 .lcxteram
990 5359 1042 5404 ct
1103 5351 1386 5404 sinistram
1435 5349 1742 5413 declinans,
1780 5349 1881 5403 etsi
1918 5350 2114 5403 ducere
2152 5364 2244 5418 per

669 5441 867 5496 Christi
904 5442 1130 5508 vestigia
1159 5439 1396 5505 videtur,
1428 5455 1487 5496 re
1539 5451 1720 5496 tamen
1754 5454 1885 5496 vera
1936 5440 2095 5504 l'allit,
2132 5457 2246 5494 om-

670 5548 900 5604 nemque
926 5548 1150 5602 operam
1187 5535 1386 5602 perdit.

737 5625 844 5691 Qui
870 5627 1005 5680 enim
1032 5626 1254 5679 voluerit
1307 5627 1542 5679 animum
1592 5641 1744 5679 suam
1792 5626 1991 5678 salvam
2041 5624 2237 5692 facere,

739 5803 757 5832 ‘
795 5801 812 5854 Ι
845 5803 972 5858 Cor.
1016 5817 1105 5864 xv,
1137 5802 1229 5855 El.
1309 5803 1326 5835 ’
1357 5800 1532 5855 Calai.
1560 5804 1647 5862 γι,
1694 5800 1779 5852 Ui.

2427 3154 2584 3207 Ἐπεὶ
2613 3152 2670 3206 δὲ
2693 3151 2809 3205 ἐστι
2833 3153 3117 3222 πάσχοντα
3146 3154 3222 3226 μὴ
3243 3154 3560 3212 ἀκολουθεῖν
3581 3139 3657 3228 τῷ
3681 3159 3939 3230 Χριστῷ,

2344 3247 2420 3309 ὡς
2447 3247 2575 3298 ὅταν
2606 3245 2834 3312 πάσχων
2864 3247 2931 3298 τὰ
2979 3246 3055 3318 μη
3089 3247 3162 3299 δι’
3206 3248 3370 3301 αὑτὸν
3405 3252 3640 3318 πάσχει·
3689 3253 3785 3305 καὶ
3817 3256 3938 3324 γὰρ

2347 3335 2436 3387 καὶ
2470 3333 2772 3402 κακοῦργοι
2802 3334 3063 3398 πολλάκις
3107 3335 3281 3389 πολλὰ
3316 3336 3465 3390 δεινᾶ
3499 3342 3792 3410 πάσχουσι,
3834 3347 3938 3396 καὶ

2345 3425 2723 3494 τυμϐωρύχοι,
2753 3428 2846 3479 καὶ
2875 3428 3090 3496 γόητες,
3138 3429 3234 3482 καὶ
3276 3433 3478 3497 φονεῖς,
3522 3433 3627 3496 ,καὶ
3667 3435 3939 3502 κλέπται,

2346 3519 2439 3568 καὶ
2486 3516 2709 3586 λῃσταίο
2747 3518 2832 3568 ῖνα
2868 3519 2943 3586 μή
2970 3535 3050 3579 τις
3090 3520 3288 3590 νομίσῃ
3326 3521 3408 3574 ὅτι
3455 3523 3620 3592 ἀρκεῖ
3669 3526 3836 3591 μόνον
3865 3529 3938 3581 τά

2344 3611 2493 3664 δεινὰ
2544 3612 2683 3681 πρὸς
2721 3614 3037 3680 σωτηρίαν,
3084 3616 3177 3667 καὶ
3235 3615 3319 3681 τὸ,
3354 3615 3778 3672 Ἀκολουθειτω
3797 3638 3936 3690 μοι,

2347 3704 2707 3773 προστίθησιν
2759 3704 2788 3755 6
2842 3706 3096 3773 Χριστὸς,
3145 3705 3362 3768 δεικνὺς
3412 3707 3498 3760 ὅτι
3533 3709 3602 3761 δι’
3640 3710 3804 3764 αὑτὸν
3854 3713 3938 3766 δεῖ

2344 3794 2637 3862 ὑπομένειν
2665 3794 2732 3845 τὰ
2767 3795 2916 3847 δεινά
2970 3796 3206 3861 ᾶπαντα,
3257 3797 3354 3849 καὶ
3383 3797 3465 3850 ὅτι
3509 3797 3570 3850 οὗ
3625 3799 3786 3867 μόνον
3817 3801 3933 3872 χρὴ

2344 3888 2444 3954 τὴν
2473 3887 2534 3938 ιν
2560 3889 2673 3947 τοῖς
2703 3889 2899 3948 δεινοῖς
2945 3888 3205 3956 ἀνδρείαν
3238 3889 3339 3942 καὶ
3383 3891 3683 3961 καρτερίαν
3719 3893 3931 3946 {mhi-

2347 3978 2599 4040 κνυσθαι,
2633 3978 2770 4031 ἀλλὰ
2799 3979 2894 4030 καὶ
2924 3979 3302 4049 σωφροσύνην,
3341 3981 3438 4033 καὶ
3469 3981 3796 4051 ἐπιείκειαν,
3834 3987 3935 4041 καὶ

2349 4067 2528 4120 πᾶσαν
2563 4067 2732 4135 ἄλλην
2763 4069 2985 4137 ἐντολὴν
3019 4068 3409 4138 μετέρχεσθαι·
3449 4070 3610 4124 τοῦτο
3635 4073 3745 4142 γὰρ
3771 4072 3931 4138 δηλοῖ

2345 4158 2405 4210 τὸ
2431 4157 2851 4212 Ἀκολουθείτω
2883 4176 2984 4228 μοι
3013 4199 3028 4224 ,
3075 4162 3136 4213 τὸ
3165 4161 3544 4230 ἐπιμελεῖσθαι
3577 4163 3758 4232 πάσης
3798 4166 3933 4234 άρσο

2345 4248 2467 4318 τῆς.
2505 4249 2957 4319 ’Δπαρνεῖταίτις
2988 4252 3202 4315 ἑαυτὸν,
3239 4254 3268 4305 6
3308 4252 3377 4304 τὰ
3417 4253 3665 4320 παρόντα
3698 4255 3929 4324 σκορπί-

2350 4355 2446 4401 σας
2481 4340 2658 4393 πάντα
2685 4342 2784 4395 ὅσα
2817 4344 3107 4411 ἐκέκτητο,
3143 4345 3236 4396 καὶ
3266 4338 3342 4396 ὧν
3381 4343 3572 4414 κύριος
3600 4347 3694 4398 καὶ
3731 4345 3929 4398 δεσπό-

2347 4450 2446 4500 της
2473 4429 2562 4503 ἦν,
2599 4436 2695 4486 καὶ
2727 4437 2839 4496 τοῖς
2891 4440 3175 4504 σαρκικοῖς
3217 4435 3352 4490 πᾶσι
3393 4438 3738 4508 φρονήμασιν
3787 4439 3926 4490 ἀπο-

2348 4525 2674 4593 ταξάμενος,
2711 4521 2828 4578 εῐτα
2851 4527 2943 4579 τὸν
2977 4529 3212 4597 σταυρὸν
3229 4529 3393 4598 αῖρει,
3428 4530 3548 4590 ὅλος
3575 4530 3684 4583 τῶν
3709 4531 3927 4584 ἐκεῖθεν

2351 4616 2664 4684 γενόμενος,
2721 4623 2812 4669 καὶ
2862 4617 2994 4684 πρὸς
3022 4618 3194 4669 ταῦτα
3245 4618 3299 4670 δὲ
3352 4620 3424 4686 μὴ
3457 4620 3922 4688 ἐπιστρεφόμενος

2348 4704 2626 4755 ὁπωσοῦν·
2680 4708 2770 4756 καὶ
2819 4706 3101 4758 ἀκολουθεῖ
3142 4707 3219 4778 τῷ
3266 4708 3487 4778 Χριστῷ
3517 4712 3544 4761 6
3573 4710 3659 4762 διὰ
3694 4712 3792 4780 τὴν
3819 4710 3920 4763 τοῦ

2349 4792 2559 4860 ἀγαθοῦ
2586 4793 2759 4860 φύσιν
2780 4797 2951 4848 ταῦτα
2994 4799 3183 4858 ποιῶν,
3227 4804 3318 4850 καὶ
3355 4799 3431 4868 μὴ
3463 4798 3551 4852 διὰ
3579 4800 3735 4864 δόξαν
3762 4801 3923 4872 τυχὸν

2348 4887 2442 4938 καὶ
2496 4886 2662 4952 ἀλλην
2687 4889 2807 4938 τινὰ
2858 4889 3209 4957 ἀνθρωπίνην
3254 4894 3552 4960 πρόφασιν.
3605 4887 3774 4956 Οὗτος
3815 4897 3922 4965 γὰρ

2348 4978 2513 5040 ὅντως
2559 4978 2845 5030 ἀκολουθεῖ
2864 4979 2941 5047 τῷ
2983 4977 3222 5049 Χριστῷ,
3252 4984 3351 5051 τὴν
3374 4984 3543 5054 αὐτὴν
3577 4985 3725 5054 αὐτῷ
3773 4987 3920 5039 πολι·

2346 5072 2499 5122 τείαν
2526 5071 2616 5119 καὶ
2646 5069 2805 5130 αὐτὸς
2851 5071 3330 5139 διαπορευόμενος.
3375 5073 3440 5125 Ἥ
3471 5078 3580 5143 γὰρ
3621 5075 3742 5128 κατ’
3775 5079 3918 5146 ῐχνος

2349 5159 2544 5226 πορεία
2580 5159 2670 5209 καὶ
2700 5157 3057 5226 ἀκολούθησις
3093 5157 3185 5210 τοῦ
3221 5158 3462 5227 Χριστοῦ
3496 5161 3588 5212 καὶ
3611 5162 3700 5213 τὸν
3729 5164 3821 5214 ἐπὶ
3849 5166 3915 5232 τῇ

2342 5249 2705 5318 ἀκολουθήσει
2754 5250 3016 5317 στέφανον
3044 5251 3295 5318 προξενεῖ
3314 5268 3327 5281 ’
3358 5251 3812 5320 παραλλάττουσα
3840 5254 3916 5316 δὲ,

2342 5344 2435 5394 καὶ
2460 5343 2538 5405 είς
2566 5344 2633 5394 τὰ
2658 5342 2807 5405 δεξιὰ
2837 5343 2928 5394 καὶ
2951 5343 3032 5403 είς
3076 5345 3144 5392 τὰ
3169 5343 3430 5412 ἀριστερὰ
3457 5345 3916 5413 παρεκκλίνουσα,

2312 5434 2494 5487 ἐἶκαὶ
2551 5434 2974 5487 κατακολουθεῖν
3005 5435 3170 5500 δοκεῖ,
3205 5434 3320 5488 ἀλλ’
3340 5435 3431 5488 οῦν
3454 5435 3669 5505 ἀληθῶς
3691 5454 3918 5507 ματαιο-

2346 5530 2517 5579 πονεῖ.

2428 5624 2531 5686 ὐς
2563 5620 2671 5688 γὰρ
2719 5620 2826 5674 ἐὰν
2879 5617 3023 5685 θέλῃ
3055 5621 3167 5687 τὴν
3214 5618 3430 5689 ψυχὴν
3471 5619 3656 5677 αὑτοῦ
3701 5619 3920 5686 σῶσαι,
