4136 6314
774 316 841 378 97
871 318 909 381 9
1681 332 2201 398 THEOPHA‘NES
2240 341 2650 404 EPISCOPUS
2686 344 3058 406 NlC/ENUS.
3919 349 4034 413 230

779 442 1144 508 perliciamns.
1200 437 1474 495 Habemus
1524 443 1671 496 enim
1726 455 1782 498 et
1831 461 1929 499 nos
1989 459 2350 516 persecutores

2466 455 2607 520 ἡμῖν
2648 456 3009 525 καυχᾶσθαι,
3056 460 3109 509 ει
3137 457 3219 525 μὴ
3262 457 3330 509 ἐν
3357 456 3435 522 τῷ
3460 458 3697 529 σταυρῷ
3754 462 3866 514 τοῦ
3899 461 4027 515 Κυ-

770 549 947 594 acres,
976 532 1282 589 invisibiles
1311 544 1363 587 et
1390 536 1653 601 visibiles,
1696 538 1945 593 inimicos
1968 553 2023 595 et
2048 544 2350 613 11()δῑι·5,ίμιῙ

2453 548 2609 611 ρίου.
2645 547 2829 598 Πάντα
2892 547 3185 615 προθύμως
3240 548 3308 601 τὰ
3362 548 3553 601 τούτου
3607 551 4031 620 προστάγματα

777 639 880 676 nos
911 628 1132 676 turbant
1161 626 1427 691 quotidie,
1462 628 1777 691 molestam,
1801 633 2100 700 exagitant,
2124 642 2176 686 cl
2206 652 2356 689 mau—

769 713 893 765 datu
932 715 1264 783 imperiaque
1296 715 1500 770 Christi
1534 720 1822 785 prohibent
1850 726 2095 793 exquui.
2123 725 2197 780 Ne
2227 742 2356 794 ergo

770 804 1161 870 t-lTeuiuewnr,
1203 810 1453 867 obsecro.
1492 826 1667 878 neque
1696 812 2139 882 languescamus,
2175 834 2354 887 neque

772 898 1032 950 rcdumus
1074 900 1550 956 colluctationibus
1588 906 1725 973 ejus,
1770 910 1861 961 sed
1891 924 2149 977 generose
2180 924 2233 965 et
2276 906 2355 963 vi-

774 988 857 1039 rili
888 1004 1009 1041 cum
1044 993 1224 1057 animo
1277 994 1595 1048 resistamus
1626 1000 1724 1060 cis,
1769 1010 1931 1069 atque
1977 1003 2351 1071 accingamur,

772 1088 828 1129 ut
874 1090 925 1131 et
972 1093 1230 1132 {Dlt‘rllttlll
1283 1084 1507 1150 gloriam
1562 1103 1981 1156 Consequentur,
2035 1093 2087 1145 in
2137 1095 2354 1147 Christo

771 1167 896 1225 Jesu
949 1170 1176 1225 Doruino
1227 1186 1435 1239 nostro,
1486 1179 1572 1231 cui
1610 1178 1779 1247 gloria
1828 1192 1881 1235 et
1955 1184 2237 1251 imperimu
2300 1185 2353 1239 in

769 1262 959 1316 stccula
1015 1267 1360 1319 seculorum.
1398 1271 1593 1324 Amen.

2456 634 2851 705 ἐκτελέσωμεν.
2910 637 3145 706 Ἐχομεν
3176 638 3399 707 γὰρκαὶ
3445 642 3607 707 ἡμεῖς
3658 642 3902 704 διώκτας
3936 658 4032 693 κιο

2456 728 2641 794 κροὺς,
2697 728 2824 789 τοὺς
2882 730 3148 798 ἀοράτους
3202 733 3294 783 καὶ
3342 732 3591 802 ὁρατοὺς,
3652 734 3882 800 ἐχθροὺς
3939 735 4036 786 καὶ

2453 820 2769 887 πολεμίους,
2812 819 3185 888 Θορυόοὓντας
3233 824 3382 892 ἡμᾶς
3442 823 3563 877 καθ’
3601 824 3871 891 ἑκάστην,
3937 830 4036 874 καὶ

2453 909 2760 973 λυποῦντας
2796 912 2893 964 καὶ
2917 912 3378 983 ἐκταράττοντας,
3408 915 3615 973 καὶτὰς
3648 915 3875 977 ἐντολὰς
3934 917 4038 969 καὶ

2451 1002 2516 1053 τὰ
2541 1004 2943 1072 προστάγματα
2974 1006 3067 1057 τοῦ
3118 1006 3355 1074 Χριστοῦ
3416 1008 3721 1071 κωλύοντας
3756 1008 4038 1075 διαπράτ-

2451 1097 2661 1152 τεσθαι.
2699 1098 2789 1166 Μὴ
2852 1098 2947 1150 οὖν
3005 1098 3454 1168 μαλακισθῶμεν,
3501 1102 3832 1170 παρακαλῶ,
3894 1103 4038 1170 μηδὲ

2453 1186 2824 1255 χαυνωθῶμεν
2851 1188 2947 1239 καὶ
2967 1188 3206 1257 ὲνδῶμεν
3240 1192 3355 1252 τοίς
3371 1192 3576 1243 τούτων
3619 1191 4037 1260 παλαίσμασιν,

2453 1279 2589 1331 ἀλλὰ
2611 1280 2876 1346 γενναίως
2913 1282 3051 1349 μετὰ
3094 1281 3348 1351 ἀνδρικοῦ
3384 1284 3478 1336 τοῦ
3537 1288 3900 1354 φρονήματυς
3938 1288 4038 1340 ἀν-

763 1360 1272 1449 τιπαραταξώμεθα
1305 1365 1440 1435 πρὸς
1469 1366 1687 1433 αὐτοὺς,
1752 1372 1847 1423 καὶ
1920 1370 2353 1440 ἀπῳδυσώμεθα,
2413 1373 2501 1425 ἵνα
2560 1375 2659 1427 καὶ
2714 1377 2811 1445 τῆς
2868 1377 3230 1447 ἀτελευτήτου
3301 1378 3548 1443 εὐκλείας
3645 1379 4033 1449 ἐπιτύχωμεν.

765 1458 825 1507 ἐν
878 1438 1099 1529 Χριστῷ
1166 1460 1348 1529 Ἰησοῦ
1400 1462 1476 1531 τῷ
1540 1464 1729 1538 Κυρίῳ
1780 1467 1940 1537 ἡμῶν
2132 1438 2344 1537 ήήδόξα
2420 1472 2517 1523 καὶ
2584 1472 2645 1523 τὸ
2727 1438 2948 1541 κβάτος,
3003 1438 3265 1538 σις’τοὺς
3333 1438 3544 1538 αἰῶνας.
3607 1477 3717 1529 τῶν
3788 1438 4029 1531 nimi-mir.

780 1548 833 1600 Ἀ
847 1554 975 1619 μήν.

788 1778 1015 1825 92;;

966 1782 4022 1830 ’ΞΜ

1961 1988 2133 2031 ANNO
2176 1988 2408 2033 DOMINI
2452 1986 2836 2031 MCCCXLVIII.

1489 2193 3290 2403 THEOPHANES

1343 2566 2017 2685 NICZENUS
2158 2569 3423 2689 ARCHIEPISCOPUS.

1711 3014 2284 3107 MONITUM
2368 3016 3049 3106 EDITORUM.

844 3225 1270 3304 Theophanes
1322 3228 1432 3292 Ill,
1465 3228 1809 3306 episcopus
1848 3229 2169 3298 Nicaenus,
2211 3228 2376 3288 circa
2410 3243 2513 3288 an.
2555 3226 2722 3300 1317,
2756 3230 2867 3289 diu
2922 3234 3071 3306 post
3099 3237 3397 3291 exortum
3430 3228 3706 3290 schisma
3762 3228 4015 3301 ﬂoruit,

770 3328 843 3387 ut
878 3322 1041 3382 bene
1069 3321 1252 3383 docet
1290 3322 1355 3381 P.
1392 3322 1707 3399 Lequien,
1748 3322 1971 3383 Oriens
2006 3324 2386 3395 Christian.,
2431 3331 2477 3383 t.
2511 3324 2559 3394 l,
2600 3342 2655 3399 p.
2693 3322 2833 3394 652,
2868 3340 2991 3384 non
3029 3333 3240 3384 autem
3272 3325 3511 3386 saeculo
3545 3326 3704 3393 Vlll,
3744 3333 3810 3383 ut
3861 3344 4017 3397 pro-

773 3417 921 3479 bare
954 3425 1220 3477 conatus
1253 3424 1347 3476 est
1390 3418 1463 3477 D.
1500 3419 1855 3478 Consalvus
1914 3420 2119 3478 Ponce
2158 3418 2237 3478 de
2297 3419 2491 3488 Leon,
2527 3418 2637 3496 qui
2678 3419 2921 3494 primus
2993 3434 3187 3494 opera
3229 3418 3540 3479 nonnulla
3602 3420 4017 3497 TheOphanis

768 3512 1033 3585 Nicaani,
1095 3529 1175 3573 an
1217 3512 1392 3583 1590,
1435 3515 1679 3585 Romae,
1713 3515 1819 3575 Gr.
1862 3517 1995 3575 Lat.
2022 3514 2244 3583 edidit,
2280 3520 2341 3573 et
2377 3513 2741 3573 testimonia
2770 3520 3057 3571 veterum
3096 3528 3221 3572 non
3263 3530 3459 3588 pauca
3508 3512 3801 3589 conjecit,
3868 3533 4018 3590 qua:

762 3609 839 3668 ad
874 3608 1359 3685 Theophanem,
1395 3610 1517 3668 sub
1546 3608 1934 3685 imperatore
1966 3610 2328 3687 TheOphilo
2356 3611 2559 3687 impio
2594 3610 3000 3681 iconoclasta,
3026 3608 3448 3668 fortissimum
3485 3618 3849 3685 martyrem,
3882 3627 4014 3670 non

762 3705 839 3765 ad
889 3705 1349 3781 Theophanem
1392 3705 1752 3776 Nicrenum,
1791 3706 2124 3766 referenda
2152 3712 2327 3766 sunt.

844 3805 1083 3860 Auctor
1118 3800 1344 3859 harum
1379 3800 1799 3875 epistolarum
1837 3803 2075 3880 passim
2142 3802 2430 3861 insinuat
2493 3799 2761 3859 Nicaeam
2830 3797 2907 3859 ab
2962 3798 3336 3859 inﬁdelibus
3397 3817 3542 3861 esse
3602 3808 4012 3877 occupatam.

764 3898 925 3959 adeo
973 3905 1039 3956 ut
1084 3898 1304 3957 sedem
1338 3912 1520 3955 suam
1558 3897 1736 3958 adire
1777 3914 1908 3957 non
1944 3896 2172 3974 possit,
2203 3904 2328 3964 aut,
2364 3896 2469 3955 vix
2541 3894 2759 3972 possit.
2820 3894 3252 3971 Conqueritur
3307 3912 3385 3955 eo
3432 3898 3606 3973 quod
3660 3913 3812 3956 oves
3875 3914 4016 3956 sum

765 4008 960 4069 supra
996 3992 1259 4052 modum
1315 3999 1655 4065 vexentur,
1692 4000 1751 4053 et
1787 4010 1895 4053 eas
1949 3993 2262 4062 hortatur,
2307 3992 2554 4068 prdlato
2585 3990 2727 4049 Jobi
2788 3990 3108 4065 exemplo.
3149 3990 3223 4049 ad
3259 3989 3620 4051 tolerandas
3679 4008 3826 4051 cum
3896 4008 4012 4066 pa-

774 4088 996 4147 tientia
1030 4077 1219 4147 etiam
1255 4088 1566 4148 maximas
1601 4088 2079 4148 tribulationes.
2136 4087 2388 4146 Alicubi
2458 4086 2691 4147 refellit
2743 4086 3038 4147 heeresim
3078 4086 3522 4147 Palamitarum
3546 4131 3563 4159 ,
3591 4107 3736 4167 quas
3773 4090 4014 4147 saeculo

776 4184 927 4243 XIV
959 4183 1212 4243 tandem
1247 4190 1468 4243 exorta
1501 4190 1617 4243 est.
1648 4184 1795 4243 Haec
1833 4191 2044 4242 autem
2084 4182 2297 4241 omnia
2326 4180 2716 4257 respondent
2754 4181 2918 4239 (elati
2949 4197 3137 4256 quam
3169 4181 3541 4257 Theophani
3576 4183 4011 4258 assignamus,

764 4277 878 4340 sed
911 4278 1208 4354 Opinioni
1246 4278 1797 4342 ConsalviPonce
1832 4277 1910 4337 de
1942 4278 2113 4337 Leon
2143 4294 2219 4337 ex
2252 4276 2521 4336 adverso
2554 4287 2992 4351 cppouuntur.

844 4373 1261 4450 TheOphauis
1296 4372 1625 4433 scribendi
1668 4374 1830 4434 ratio
1863 4381 1960 4433 est
1991 4374 2267 4451 simplex
2305 4382 2365 4432 et
2397 4371 2687 4451 humilis,
2728 4372 2847 4430 etsi
2886 4371 3057 4431 omni
3104 4369 3436 4432 nobilitate
3468 4387 3595 4432 non
3636 4380 3869 4434 careat.

845 4471 916 4530 In
957 4470 1163 4546 prima
1198 4468 1471 4546 epistola
1508 4470 1978 4547 promotionem
2009 4449 2189 4529 suam
2223 4467 2403 4546 gregi
2436 4449 2556 4527 suo
2587 4466 2948 4527 annuntiat.
2984 4474 3041 4524 et
3077 4466 3225 4542 quia
3280 4483 3436 4543 grex
3471 4466 3581 4526 ille
3616 4478 3912 4528 versatur
3948 4469 4009 4528 in

772 4566 929 4624 urbe
964 4564 1211 4640 captiva
1244 4571 1305 4623 et
1340 4579 1673 4640 oeppressa,
1712 4564 1787 4623 ad
1828 4582 2019 4641 quam
2053 4566 2355 4625 accedere
2388 4566 2636 4642 nequit,
2688 4564 3055 4640 patientiam
3090 4574 3149 4623 et
3192 4564 3629 4626 fortitudinem
3682 4567 3879 4628 animi
3942 4569 4008 4629 in

774 4660 1243 4721 teutationibus
1283 4659 1601 4736 praecipue
1639 4664 2069 4720 commendat.
2106 4660 2353 4721 Deinde
2394 4659 2673 4720 ostendit
2708 4659 3038 4718 haereticos
3072 4657 3300 4718 sedulo
3330 4657 3678 4736 fugiendos
3719 4678 3889 4731 esse,
3949 4671 4009 4722 et

774 4756 1110 4817 Palamitas
1150 4753 1409 4815 refellit.
1453 4754 1745 4815 Secunda
1773 4755 2050 4829 epistola
2083 4757 2214 4816 fere
2255 4756 2319 4816 in
2359 4754 2586 4817 eodem
2644 4761 3021 4829 argumento
3086 4752 3445 4813 evolvendo
3511 4761 3631 4813 tota
3690 4764 4005 4817 versatur.

774 4850 996 4910 Eidem
1030 4849 1276 4910 accedit
1312 4848 1659 4926 gratiarum
1692 4848 1883 4919 actio,
1920 4864 1996 4908 eo
2025 4850 2197 4923 quod
2239 4840 2540 4910 liberatus
2571 4849 2765 4908 fuerit
2792 4866 2824 4908 a
2860 4856 3033 4924 peste
3066 4854 3127 4907 et
3156 4864 3190 4907 a
3224 4856 3446 4909 morte.
3485 4849 3697 4909 Tertia
3732 4850 4009 4925 epistola

769 4946 1171 5021 exponendm
1203 4961 1398 5004 sacrm
1428 4945 1737 5005 doctrinm
1766 4952 1825 5002 et
1855 4946 2372 5005 commendanda:
2409 4944 2769 5021 disciplima
2799 4944 3246 5004 ecclesiasticae
3294 4945 3425 5005 fere
3459 4946 3702 5023 integra
3733 4945 4002 5008 adhibe-

772 5050 895 5100 tur.
928 5044 1167 5101 Auctor
1198 5039 1564 5100 sacerdotes
1600 5040 1720 5099 sibi
1759 5039 2082 5117 subjectos
2112 5040 2472 5119 alloquens.
2510 5041 2587 5101 de
2623 5039 3057 5102 incarnatione
3092 5041 3370 5114 Domini,
3404 5041 3482 5101 de
3515 5043 4005 5116 regeneratione

769 5134 1056 5196 ﬁdelium
1091 5134 1255 5195 etde
1289 5132 1531 5193 divinis
1564 5136 1980 5195 sacramentis
2018 5135 2278 5211 c0piose
2312 5135 2597 5196 disserit.
2656 5135 2903 5195 Deinde
2934 5143 3310 5212 potestatem
3346 5134 3747 5213 Spiritualem
3797 5153 4007 5199 sacer-

770 5231 995 5290 dotum
1030 5230 1485 5307 pulcherrimis
1516 5231 1727 5292 verbis
1760 5234 2185 5301 commendat,
2229 5231 2971 5291 transnbstanliationem
3025 5232 3337 5305 agnoscit,
3371 5246 3443 5290 ac
3497 5231 3574 5289 de
3610 5230 3736 5289 vita
3793 5248 4005 5293 sacer-

771 5327 997 5394 dotali,
1030 5326 1188 5404 quid
1223 5325 1472 5387 scilicet
1505 5326 1821 5388 sacerdoti
1867 5327 2259 5397 faciendum,
2299 5326 2455 5402 quid
2494 5325 2873 5403 fugiendum
2900 5325 3004 5391 sit.
3046 5326 3295 5401 prolixe
3333 5331 3601 5385 enarrat.

852 5422 1065 5485 Editio
1102 5420 1235 5482 hrec
1266 5421 1549 5481 Romana
1585 5422 1746 5481 adeo
1776 5437 1909 5481 rara
1957 5430 2073 5492 est,
2112 5430 2179 5482 ut
2222 5420 2683 5499 hibliographis
2721 5420 2850 5480 fere
2884 5418 3191 5480 omnibus
3244 5420 3570 5498 incognita
3605 5418 3689 5480 sit
3731 5419 3829 5480 vel
3876 5436 4001 5483 non

772 5519 931 5582 visa.

850 5614 1083 5676 Prteter
1119 5624 1241 5677 tres
1272 5616 1579 5692 epistolas
1619 5621 1679 5676 et
1712 5615 2066 5676 orationem
2108 5614 2208 5676 hic
2248 5617 2612 5695 impressas,
2659 5624 2906 5676 z-Xstant
2949 5617 3236 5694 ejusdem
3282 5614 3687 5693 't‘heophanis
3722 5615 3785 5676 in
3818 5616 3996 5677 codd.

769 5725 899 5777 ωδε
951 5726 964 5740 ⁸
