4136 6314
214 347 310 410 Ξθι
1625 360 2050 420 pit/trum.
3341 353 3448 422 232

290 463 528 524 Contra
555 465 806 527 Judwos
840 468 985 530 libri
1032 471 1109 531 VI
1176 471 1488 550 (Parisiis
1527 479 1588 532 et
1621 470 1857 532 Oxonii
1890 473 1934 549 ).
1994 472 2270 534 Allatius
2333 472 2406 533 de
2464 470 2696 549 synodo
2757 471 3095 541 Photiana,
3169 487 3222 545 ρ.
3302 471 3441 541 51st,

209 556 426 618 laudat
460 560 875 637 "Theophanis
909 565 1142 626 librum
1175 575 1469 627 octavum
1509 577 1732 627 contra
1753 566 2030 628 Judaos.

287 655 378 712 De
409 654 638 716 lumine
669 658 834 735 quod
865 660 1292 736 apostolorum
1324 662 1534 722 oculos
1563 663 1952 741 perstrinxit
1980 663 2048 724 in
2079 674 2283 722 monte
2317 661 2335 740 (
2369 659 2665 740 Thabor)
2701 659 2856 723 libri
2881 657 2958 722 V.

292 749 528 810 Contra
573 755 858 824 Latinos,
896 755 1153 816 libri'llI

289 846 379 905 De
424 849 758 924 Trinitate,
798 850 960 912 liber
981 852 1028 911 Ι.

293 943 383 999 De
412 943 489 1003 B.
540 945 795 1021 Virgine
816 954 885 1005 .et
927 948 1386 1022 incarnatione,
1429 948 1590 1009 liber
1618 951 1668 1010 1.

291 1038 575 1113 Quatuor
611 1039 842 1101 ultima
870 1051 1205 1104 servantur
1237 1044 1303 1104 in
1337 1045 1670 1106 codicibus
1704 1045 2098 1107 Bodleianis.

949 1191 1211 1247 8.....12
1241 1194 1391 1261 Sept.
1431 1195 1591 1250 issi.

2773 1306 2948 1366 J.-B.
2997 1308 3081 1366 M.

227 1529 3419 1560 mm

1112 1709 2303 1890 THEOPHAN
2314 1715 2508 1890 IS

690 2057 2130 2214 ARCHIEPISCOPI
2280 2064 2984 2219 NICZENI

977 2345 1301 2485 QUAE
1425 2352 2084 2465 EXSTANT
2217 2352 2679 2468 OPERA

799 2569 1010 2632 NUNC
1047 2568 1360 2631 PRIMUM
1399 2571 1508 2630 EX
1539 2571 2065 2633 BIBLIOTHECA
2103 2572 2510 2633 VATICANA
2557 2572 2846 2636 GRECE

483 2693 532 2753 Τ
569 2692 868 2755 LATINE
897 2693 1164 2766 EDITA,
1212 2693 1283 2752 D.
1326 2691 1740 2755 CONSALVO
1790 2695 2042 2757 PONCE
2093 2698 2199 2757 DE
2251 2698 2463 2758 LEON
2512 2697 3035 2780 INTERPRETE,
3079 2700 3218 2774 QUI

1170 2823 1779 2884 ANNOTATIONES
1838 2825 2094 2885 ETIAM
2139 2825 2472 2885 ADDIDIT

602 2947 708 3007 ET
739 2944 1037 3007 VAIUAS
1073 2945 1512 3008 LECTIONES
1556 2946 1666 3006 EX
1711 2947 2103 3008 ALTERIUS
2153 2947 2465 3010 CODICIS
2500 2945 3043 3010 COLLATIONE.

1257 3119 1333 3168 Ex
1355 3116 1582 3180 facultate
1612 3122 1659 3170 et
1689 3117 2064 3180 appprobatione
2096 3119 2432 3181 Superiorum.

1032 3421 1213 3483 Roma,
1245 3423 1372 3484 apud
1453 3423 1764 3474 Franciscum
1841 3423 2338 3486 Zannettam.,l590,
2406 3423 2609 3474 iri-12.

1248 3739 1382 3782 ιι.ιο
1392 3739 1714 3784 STRISSIMO
1771 3742 1848 3786 ET
1887 3737 2437 3784 REVERENDISSIMO

921 3864 985 3906 D.
1031 3863 1271 3906 DOMINO
1315 3863 1506 3906 BERN.
1548 3865 1628 3905 DE
1673 3864 1900 3922 ROIAS,
1952 3866 2242 3909 EPISCOPO
2291 3862 2785 3923 POMPELONENSI

1307 3992 1368 4036 D.
1405 3992 1756 4036 CONSALVUS
1797 3992 1994 4036 PONCE
2023 3994 2100 4036 DE
2132 3991 2293 4035 LEON

1683 4110 1736 4154 S.
1782 4110 1840 4153 Ρ.
1888 4114 1952 4155 1).

287 4447 562 4512 Quantum
592 4460 683 4510 ego
707 4443 920 4496 debeam
951 4439 1286 4508 pientissima!
1320 4439 1586 4516 memoria:
1635 4433 1996 4499 Christopltori
2035 4432 2099 4485 de
2126 4432 2285 4500 Rojas
2317 4436 2687 4501 archiepiscopi
2727 4433 3046 4494 llispalcnsis
3071 4435 3310 4486 avunculi
3337 4437 3438 4500 tm"

219 4545 323 4586 tute
355 4533 591 4584 omnium
623 4530 815 4596 optime
851 4527 1004 4587 nosti,
1038 4525 1304 4577 Bernarde
1360 4522 1596 4589 pontifex
1621 4521 2006 4584 illustrissime;
2056 4533 2103 4574 et
2135 4539 2223 4588 ego
2253 4526 2455 4590 quidem
2490 4526 2588 4576 nisi
2630 4539 2709 4574 me
2733 4523 2887 4590 plane
2925 4523 3197 4589 indignum
3226 4523 3437 4589 fecerim

220 4621 314 4672 hac
345 4623 480 4678 luce,
504 4631 774 4681 nunquam
841 4612 1114 4679 difﬁtebor.
1152 4609 1281 4664 Cum
1327 4611 1460 4662 enim
1510 4609 1829 4668 adolescens,
1863 4607 1965 4658 imo
1993 4609 2076 4660 vix
2105 4610 2310 4675 quidem
2345 4613 2585 4678 pueritia:
2622 4611 2813 4662 limites
2864 4625 3122 4676 egressus,
3155 4613 3439 4665 canonicns

221 4706 392 4773 factus
420 4718 588 4756 essem
621 4699 860 4766 ejusdem
900 4696 1153 4758 ecclesiae,
1187 4711 1343 4747 senex
1386 4694 1615 4760 optimus
1654 4692 1722 4744 ad
1755 4692 1865 4758 ejus
1897 4697 2320 4759 gubernationem
2361 4709 2681 4764 assumptus,
2723 4698 2827 4747 dici
2852 4713 2950 4747 non
2979 4705 3168 4761 potest,
3210 4713 3312 4762 qua
3357 4698 3436 4747 in-

221 4791 510 4856 dulgentia.
541 4803 646 4853 qua
680 4786 875 4854 gratia.
903 4802 1002 4853 quo
1035 4787 1230 4851 favore,
1263 4792 1472 4835 aetatem
1529 4797 1696 4832 meam
1736 4780 1939 4846 foverit,
1977 4783 2260 4841 ornaverit,
2314 4785 2616 4849 protexerit.
2649 4782 2772 4834 Jam
2802 4793 2892 4834 tua
2925 4784 2975 4832 in
3003 4799 3082 4834 me
3109 4785 3317 4844 merita,
3353 4797 3440 4849 qui

225 4859 285 4927 eo
315 4879 430 4939 ipso
463 4883 697 4935 tempore
723 4871 1138 4923 ecclesiasticam
1171 4886 1274 4921 rem
1321 4885 1413 4932 pro
1465 4866 1720 4918 avunculo
1753 4870 2021 4920 tractabas
2062 4868 2322 4936 (doctrina
2353 4887 2528 4935 ntmpe
2556 4886 2788 4932 reqeoas,
2839 4870 3069 4920 moribus
3102 4870 3435 4931 illustrabas,

223 4961 452 5025 exemplo
479 4960 874 5025 componebas),
914 4958 1118 5025 majora
1151 4956 1384 5023 profecta
1407 4962 1547 5014 sunt,
1583 4969 1737 5020 quam
1780 4960 1834 5004 ut
1862 4955 1996 5005 brevi
2032 4957 2274 5017 epistolio
2306 4956 2670 5008 circumscribi
2706 4965 2797 5007 aut
2831 4956 3080 5012 debeant.
3109 4970 3196 5005 aut
3220 4957 3438 5019 possint.

228 5047 380 5100 Nunc
404 5063 525 5100 vero
558 5061 676 5098 cum
723 5047 932 5097 diutina
965 5047 1061 5096 hac.
1090 5044 1512 5112 peregrinatione
1555 5058 1694 5101 mea,
1747 5056 1845 5090 non
1876 5057 1906 5090 a
1941 5051 2042 5092 tua!
2083 5041 2236 5090 istius
2292 5041 2656 5092 benevolentttr
2697 5043 3017 5107 possessione
3055 5041 3238 5106 dejici.
3284 5050 3441 5101 quam

227 5136 347 5186 mihi
393 5145 695 5198 perpetuam
732 5132 1012 5196 pollicetur
1055 5132 1357 5182 humanitas
1390 5141 1502 5191 tua,
1532 5129 1621 5180 sed
1652 5127 1878 5179 numeris
1908 5127 2007 5177 mei
2042 5137 2215 5190 partes
2242 5127 2537 5188 intermitti,
2568 5139 2614 5197 et
2641 5129 2793 5192 quasi
2826 5131 3156 5195 languescere
3181 5128 3438 5186 timerem,

231 5221 389 5273 risum
425 5221 633 5287 quidem
660 5229 760 5279 est,
792 5219 848 5270 id
879 5219 1014 5283 quod
1045 5217 1260 5278 privatis
1305 5218 1371 5267 ad
1405 5225 1452 5268 te
1501 5215 1686 5266 litteris
1721 5213 2020 5281 plerumque
2046 5211 2204 5277 facio.
2244 5214 2452 5279 publico
2482 5223 2815 5265 monumento
2852 5215 3060 5266 testari.
3100 5215 3439 5266 Accesserant

229 5309 291 5357 ad
327 5313 438 5359 Iure
463 5312 702 5374 quantum
737 5306 868 5363 alia.
905 5320 1018 5372 qua’
1050 5319 1148 5365 me,
1196 5301 1333 5370 quod
1382 5302 1473 5352 diu
1510 5302 1635 5352 mihi
1700 5301 1964 5367 pollicitus
2029 5298 2253 5365 fueram,
2317 5305 2410 5352 hoc
2478 5302 2704 5353 maxime
2739 5312 2966 5368 tempore
3011 5310 3066 5353 ut
3110 5311 3438 5379 prtest/arem,

229 5391 570 5457 impulerunt.
602 5389 860 5450 Primum.
907 5391 1033 5440 anni
1070 5404 1192 5440 nove
1224 5389 1466 5439 vertentis
1500 5389 1750 5442 encaenia.
1786 5386 1876 5436 sub
1902 5400 2016 5448 quae
2041 5395 2182 5437 vetus
2214 5385 2362 5438 habet
2412 5389 2756 5447 consuztudo,
2795 5397 2849 5438 ut
2898 5387 3096 5454 aliquid
3143 5396 3439 5438 strenarum

237 5478 439 5529 nomine
470 5478 713 5540 patronis
755 5476 1090 5527 missitemus.
1129 5473 1326 5528 Deinde
1362 5488 1532 5523 rerum
1566 5473 1668 5523 ista
1692 5473 1745 5522 in
1774 5481 1864 5523 tua
1895 5471 2099 5522 dioecesi
2123 5472 2359 5537 difﬁcilis
2394 5475 2643 5525 conditio.
2682 5477 2818 5526 Nam
2849 5475 2942 5526 etsi
2975 5473 3065 5525 Dei
3096 5473 3436 5538 benignitate,

230 5571 276 5613 et
309 5564 444 5632 regis
479 5563 646 5613 nostri
675 5577 845 5629 regum
877 5560 1105 5613 onmium
1131 5570 1182 5611 ut
1218 5559 1434 5610 maximi
1484 5569 1527 5610 et
1557 5558 1913 5623 potentissimi,
1962 5557 2034 5607 ita
2079 5558 2264 5625 optimi
2319 5568 2366 5609 et
2426 5559 2806 5625 religiosissimi
2864 5569 3111 5629 perpetua
3164 5551 3435 5626 vigilantia

234 5655 470 5702 universa
510 5649 772 5714 Hispania
799 5648 861 5699 ab
896 5649 1157 5700 ha’reseon
1188 5648 1542 5702 carcinomate
1575 5646 1914 5709 undequaque
1956 5643 2019 5694 sit
2052 5643 2252 5706 libera;
2289 5653 2342 5694 tu
2377 5654 2547 5695 tamen
2585 5661 2695 5695 eam
2729 5647 2942 5696 sortitus
2975 5661 3026 5695 es
3055 5646 3430 5702 Itwreditutem,

232 5737 376 5798 cuius
400 5736 534 5802 fines
563 5751 594 5786 a
621 5735 910 5787 vicinorum
936 5733 1162 5787 hostium
1189 5733 1578 5789 incursionibus
1603 5733 1710 5788 dies
1745 5741 1791 5786 et
1823 5740 1991 5784 noctes
2031 5734 2183 5799 tueri,
2215 5748 2478 5799 nunquam
2512 5747 2748 5789 securum
2778 5748 2909 5797 esse,
2937 5748 3199 5797 nunquam
3226 5733 3429 5782 nictare
