4136 6314
684 337 792 402 283
1617 338 2125 398 “mammas
2170 337 2585 399 EPISCOPUS
2627 340 3008 403 NHLENUS.
3819 336 3941 407 ω

686 465 958 502 necessum
990 449 1145 513 plane
1177 449 1271 501 tibi
1299 450 1482 516 fuerit.
1511 448 1779 502 "abemus
1814 451 1967 502 isthic
2014 450 2183 499 ardua
2220 448 2616 515 Pyr-cuneorum
2640 448 2793 517 juga,
2829 451 2983 515 quasi
3030 450 3274 518 qua’dom
3308 451 3460 503 orilis
3493 454 3587 506 tui.
3622 454 3726 504 into
3748 453 3946 518 Hispo.

686 536 791 590 nite
823 537 1005 600 totius,
1039 537 1283 590 adversm
1311 535 1672 589 ha'reticorum
1707 536 2115 589 Navarraaorum
2191 537 2387 586 rabiem
2422 538 2769 589 munimenta.
2814 538 2880 589 At
2925 538 3175 606 majorem
3234 540 3378 591 nobis
3420 540 3673 603 fiduciam
3723 550 3942 606 prttstat

689 636 781 677 tua
820 628 1008 683 virtus.
1035 637 1124 677 tua
1162 627 1400 679 solertia.
1442 624 1593 677 [lane
1620 627 1696 694 (ut
1722 624 1888 678 solent
1918 625 2172 678 industrii
2205 625 2383 689 duces)
2412 624 2643 675 omnium
2691 624 3137 688 periculosissimo
3162 628 3215 677 in
3244 628 3357 677 acie
3391 629 3501 677 loco
3539 628 3615 679 uti
3661 627 3942 693 probatio—

686 730 818 771 tem.
862 718 1181 769 constituere
1212 715 1436 767 decrevit
1471 715 1693 768 caelestis
1717 715 1804 767 ille
1833 725 2162 782 wternusque
2198 729 2372 766 rerum
2398 713 2755 764 humanarum
2794 716 3109 780 imperator.
3146 714 3259 783 Ego
3284 716 3448 784 igitur
3477 717 3529 768 in
3574 719 3701 770 meis
3726 719 3943 771 thesau-

688 804 760 855 ris
812 804 866 853 id
924 814 993 855 est
1044 805 1265 870 pauperi
1292 804 1626 863 bibliotheca,
1666 800 1985 872 sc'iiptorum
2027 820 2087 854 ac
2128 799 2552 853 lucubrationum
2589 799 2785 851 levibus
2813 800 3123 861 sarcinulis,
3164 802 3296 852 nihil
3339 801 3498 853 habui
3534 803 3633 854 hoc
3687 814 3944 868 tempore,

686 890 782 941 hoc
810 891 1024 958 inquam
1060 892 1249 942 misero
1281 900 1329 940 et
1358 900 1586 943 extremo
1626 900 1877 955 tempore,
1925 906 2025 954 quo
2055 889 2375 939 commodius
2422 902 2623 953 possem
2665 887 2916 939 adversus
2967 890 3444 951 importunissimos
3495 892 3665 943 hostes
3732 908 3951 943 armen-

690 978 886 1027 tarinm
932 988 1079 1027 tuum
1108 989 1369 1028 instruere
1395 994 1551 1045 quam
1582 978 1920 1043 pientissimis
1958 976 2287 1044 Theophanis
2322 977 2466 1028 urbis
2495 972 2693 1028 Nicena:
2721 973 2962 1040 puerulis
2996 977 3225 1043 scriptis.
3265 975 3465 1029 Docent
3491 978 3694 1043 quidem
3735 978 3829 1030 illa
3864 978 3950 1047 (ut

692 1071 747 1113 tu
781 1062 1002 1131 videbis)
1040 1062 1311 1115 Nictcnum
1347 1064 1619 1131 populum,
1654 1075 1853 1132 quanta
1884 1064 1950 1115 sit
1984 1064 2263 1115 sacerdotii
2296 1079 2325 1114 a
2360 1062 2461 1113 Deo
2492 1062 2723 1113 instituti
2754 1062 3015 1126 dignitas,
3051 1077 3167 1129 qua:
3203 1063 3549 1126 excellentia;
3584 1065 3809 1130 probant
3857 1083 3953 1117 sa-

690 1152 767 1201 cri
803 1151 1002 1203 ordinis
1034 1150 1326 1217 functiones
1360 1158 1511 1217 pene's
1534 1164 1631 1203 ’τοι
1663 1168 1790 1207 esse.
1834 1152 1921 1219 qui
1953 1151 2147 1202 divinis
2195 1149 2590 1202 charactertbus
2624 1149 2863 1215 insigniti
2896 1160 3056 1215 sunt;
3097 1149 3458 1203 demonstrant
3489 1168 3591 1220 qua
3624 1154 3953 1215 innocentia,

686 1240 937 1300 puritate,
975 1240 1332 1291 sanctimonia
1362 1255 1472 1291 esse
1500 1255 1585 1291 eos
1622 1248 1877 1299 oporteat.
1906 1238 1994 1305 qui
2019 1237 2086 1288 ad
2112 1254 2373 1300 suprema:
2404 1237 2563 1304 hujus
2591 1237 2865 1304 dignitatis
2912 1238 3109 1301 apicem
3146 1238 3447 1291 evehuntur.
3485 1237 3588 1291 Isti
3627 1249 3810 1291 contra
3856 1258 3957 1294 sa-

686 1336 959 1376 cramenta
993 1327 1239 1386 irrident,
1272 1328 1495 1393 profano
1526 1327 1711 1392 papula
1768 1342 1946 1378 eorum
1980 1336 2286 1390 potestttent
2353 1328 2631 1384 tribuunt;
2669 1337 3011 1375 sacramenta
3068 1338 3113 1377 et
3163 1341 3193 1376 a
3246 1325 3352 1378 Deo
3391 1327 3645 1379 traditam
3682 1328 3952 1391 εὐταξίαν

688 1411 1040 1475 confundunt.
1080 1411 1154 1463 Eo
1186 1414 1304 1479 quis
1338 1416 1482 1481 apud
1518 1430 1604 1465 cos
1627 1415 1985 1480 pra'stantior,
2015 1430 2115 1479 quo
2152 1415 2428 1477 impurior.
2467 1412 2826 1479 TheOphanem
2858 1412 3053 1464 videbis
3091 1413 3160 1463 ad
3181 1412 3535 1465 Christianam
3576 1418 3953 1477 constantiam,

688 1497 1253 1567 longanimitatemque
1308 1500 1361 1551 in
1396 1499 1671 1553 laboribus
1736 1515 1797 1552 ac
1851 1499 2231 1551 tentatiouibus
2274 1500 2586 1562 habendam,
2649 1498 2896 1565 populum
2930 1515 3083 1551 suum
3118 1499 3531 1561 adhortantem;
3560 1513 3767 1563 contra,
3819 1503 3956 1555 istos

693 1586 1044 1651 blasphemas,
1085 1588 1380 1649 instabi’es,
1416 1588 1583 1653 fontes
1644 1590 1756 1641 sine
1808 1604 1966 1655 aqua,
2006 1586 2221 1639 nebulas
2279 1588 2575 1639 tt-tbinibus
2612 1586 2933 1653 exagitatos.
2972 1584 3331 1649 Theophanem
3384 1589 3519 1655 leges
3551 1588 3618 1639 ad
3653 1590 3957 1655 gratiarum

672 1675 970 1739 actionem,
1020 1674 1081 1726 ob
1106 1676 1266 1741 pestis
1299 1678 1665 1735 cessationem.
1708 1676 1814 1727 Deo
1850 1676 2102 1727 bonorum
2136 1678 2374 1727 omnium
2416 1677 2622 1729 auctori
2654 1676 2999 1737 reddendam,
3029 1676 3229 1742 plebem
3254 1693 3407 1728 suam
3438 1679 3739 1729 inritantem
3768 1695 3785 1739 ;
3823 1687 3957 1731 sunt

692 1769 738 1812 et
773 1762 908 1811 inter
942 1762 1073 1814 istos
1108 1767 1286 1827 (atque
1319 1780 1345 1813 ο
1373 1765 1575 1814 utinam
1598 1779 1698 1814 non
1730 1778 1911 1815 eorum
1940 1778 2063 1828 pars
2095 1763 2283 1830 major,
2316 1773 2364 1815 et
2406 1764 2549 1816 labes
2580 1764 2708 1817 [ιιι-ε,
2748 1781 2777 1816 o
2809 1766 3057 1816 miserum
3084 1780 3273 1827 a’vum,
3302 1764 3440 1827 apud
3494 1780 3578 1816 eos
3602 1765 3832 1831 tantum)
3863 1770 3958 1833 qui

690 1862 853 1898 unum
902 1845 1099 1899 Fatum
1147 1847 1551 1917 Fortunamque
1588 1851 1841 1909 adorant,
1883 1850 1946 1901 iis
1983 1851 2159 1912 litant,
2198 1851 2261 1899 ab
2310 1851 2379 1903 iis
2438 1850 2739 1917 felicitatem
2776 1859 2870 1902 aut
2920 1852 3295 1915 infortunium,
3338 1851 3527 1903 bellnis
3583 1853 3794 1920 quidem
3824 1853 3962 1918 ipsis

690 1936 1031 1999 stupidiores,
1071 1936 1291 1998 pendere
1321 1938 1677 1989 arbitrantur.
1717 1935 2085 2001 Theophanem
2121 1938 2307 1989 audies
2342 1938 2694 1988 humanarum
2730 1954 2904 1989 rerum
2940 1937 3226 1995 levitatem,
3283 1938 3565 1999 miseriam,
3601 1941 3959 1991 caducitatem

689 2034 1117 2089 exaggerantem,
1143 2024 1645 2090 persuadententque
1677 2025 1809 2088 suis,
1844 2032 1899 2074 ut
1929 2025 1992 2075 ab
2022 2025 2089 2075 iis
2122 2024 2191 2074 ad
2247 2026 2378 2076 bona
2414 2024 2606 2086 solida,
2658 2026 2830 2083 beata,
2892 2034 3089 2075 a'terna
3132 2025 3334 2075 animos
3364 2026 3706 2091 transferant.
3744 2024 3845 2076 Isti
3894 2042 3963 2078 ex

690 2109 951 2161 diametro
980 2121 1190 2162 terrena
1232 2112 1468 2175 sapiunt,
1504 2112 1701 2176 seipsos
1729 2122 1933 2173 amant,
1972 2120 2085 2174 post
2108 2127 2320 2163 carnem
2344 2112 2397 2162 in
2456 2112 2807 2163 immunditiae
2834 2111 3255 2177 concupiscentia
3289 2112 3587 2170 ambulant,
3622 2112 3959 2180 voluptatum

693 2214 872 2263 nempe
903 2200 1375 2263 ornatares,magis
1407 2215 1566 2266 quam
1598 2197 1714 2251 Dei.
1752 2198 2084 2262 Theophanes
2117 2214 2218 2250 non
2247 2199 2397 2250 modo
2434 2199 2800 2250 hereticorum
2844 2199 3095 2249 novitates
3128 2208 3175 2247 et
3231 2213 3391 2255 ιιηιινιι
3423 2201 3668 2265 dogmata
3699 2199 3963 2265 fugienda

693 2301 805 2335 esse
851 2286 1021 2337 (locat.
1058 2286 1149 2337 sed
1177 2295 1225 2337 et
1257 2287 1577 2336 consortium
1619 2296 1667 2336 et
1722 2294 2056 2347 ctntspectum
2085 2300 2102 2346 ,'
2152 2297 2204 2335 at
2240 2287 2323 2337 isti
2355 2301 2486 2337 nova
2519 2285 2769 2351 fiqntenta
2828 2293 2878 2337 et
2914 2285 3228 2350 perditionis
3256 2293 3424 2335 sectas
3449 2287 3686 2351 quotidie
3717 2288 3965 2338 introdu-

694 2383 838 2431 cunt,
873 2372 1041 2423 solunt
1078 2375 1153 2441 (at
1183 2374 1350 2439 inquit
1388 2375 1567 2424 beatus
1598 2372 1793 2429 ludas)
1837 2373 2229 2423 Domina’orem
2285 2380 2333 2423 et
2381 2371 2663 2424 Dominum
2702 2381 2939 2422 nostrum
2989 2370 3175 2423 Jesum
3228 2372 3496 2423 Christum
3547 2381 3815 2437 negantes.
3860 2372 3962 2425 ΙΙεε

693 2460 863 2526 igitur
893 2470 968 2513 tu.
1008 2460 1193 2525 llisque.
1232 2458 1504 2511 similibus
1557 2460 1927 2522 spiritualibus
1988 2459 2107 2511 telis
2144 2461 2290 2513 lutet
2337 2460 2471 2510 beati
2507 2459 2738 2525 majores
2782 2460 2858 2509 tui
2889 2460 3228 2510 ecclesiarum
3288 2464 3549 2523 pastores)
3578 2460 3761 2510 irritos
3796 2461 3962 2525 facies

694 2548 1045 2597 adversarum
1078 2548 1311 2610 partium
1351 2558 1398 2597 te
1432 2549 1629 2597 circum
1693 2546 1925 2609 ovileque
1978 2554 2124 2597 tuum
2178 2547 2510 2613 frementium
2550 2555 2705 2612 atque
2740 2545 3063 2596 ululantium
3103 2544 3243 2595 insul
3269 2561 3350 2597 us.
3396 2543 3482 2596 Sic
3509 2562 3631 2596 vero
3661 2561 3747 2597 eos
3776 2547 3964 2598 irritos

694 2632 868 2699 facere
898 2632 1194 2694 conaberis,
1236 2642 1293 2683 ut
1338 2633 1813 2697 pra'sentissintunt
1872 2631 2125 2685 Ecclesia:
2159 2634 2448 2699 periculum
2478 2633 3027 2696 instare,cognoscas.
3072 2627 3211 2680 Nam
3251 2646 3367 2695 qua:
3397 2630 3459 2681 ab
3508 2630 3729 2697 infelicis
3768 2630 3965 2685 Callia:

694 2718 849 2772 malis
882 2720 1118 2771 universo
1152 2721 1264 2770 orbi
1294 2720 1627 2787 impendeant
1680 2719 1841 2781 mala,
1881 2735 2028 2770 nemo
2071 2732 2144 2770 est
2178 2731 2324 2770 tama
2358 2722 2546 2772 misere
2577 2728 2895 2776 occatcatns.
2926 2718 3014 2784 qui
3047 2734 3146 2768 non
3182 2718 3369 2779 videat,
3395 2721 3482 2782 qui
3516 2735 3617 2769 non
3640 2717 3840 2778 doleat,
3872 2720 3967 2784 qui

696 2822 796 2857 non
831 2805 1088 2871 deploret.
1123 2803 1320 2856 Eorum
1374 2821 1493 2856 vero
1559 2807 1872 2865 remedium,
1913 2821 2028 2856 cum
2092 2806 2145 2857 in
2203 2805 2403 2858 caelesti
2459 2822 2520 2856 ac
2557 2806 2732 2856 divino
2763 2805 3017 2871 prasidio
3066 2804 3326 2868 prtecipue
3366 2805 3527 2854 situm
3559 2805 3646 2861 sit,
3680 2807 3729 2853 in
3784 2817 3966 2858 vestra

696 2904 893 2953 tamen,
927 2892 1115 2960 quibus
1151 2893 1332 2959 populi
1362 2893 1659 2945 Christiani
1692 2893 1841 2945 salus
1880 2894 2163 2945 commissa
2190 2904 2287 2954 est,
2320 2893 2455 2944 bona
2489 2906 2551 2942 ex
2580 2899 2729 2948 parte
2772 2890 2997 2948 positum
3041 2904 3172 2949 esse,
3204 2904 3401 2957 qua'so,
3437 2888 3790 2943 arbitremini.
3828 2889 3967 2953 Quis

694 2980 833 3030 enim
865 2980 920 3031 in
959 2980 1150 3032 divinis
1186 2978 1428 3041 Litteris,
1459 2982 1803 3032 conciliorum
1837 2980 2086 3039 decretis,
2122 2978 2348 3031 Patrum
2401 2977 2636 3042 scriptis,
2666 2976 2897 3043 antiquis
2927 2976 3185 3028 historiis.
3230 2976 3550 3043 quotidiani:
3592 2977 3970 3039 erperimentis

700 3078 808 3117 tam
843 3069 1177 3135 peregrinus,
1209 3069 1299 3135 qui
1333 3071 1553 3129 nesciat,
1578 3068 1849 3119 ministros
1882 3067 2179 3119 Christiani
2218 3065 2485 3133 Evangelii
2530 3066 2574 3115 si
2609 3080 2788 3116 eorum
2828 3064 2935 3113 vita
2972 3063 3129 3130 digna
3169 3064 3255 3119 sit.
3290 3064 3531 3114 doctrina
3563 3078 3845 3127 pra-stans,
3882 3068 3971 3117 in-

699 3159 941 3209 nocentia
992 3157 1240 3222 probata,
1290 3160 1549 3208 sanctitas
1616 3166 1876 3223 spectata,
1939 3155 2137 3208 Christi
2189 3152 2381 3223 populo
2439 3150 2723 3216 plurimum
2779 3148 3136 3215 profuturos?
3186 3148 3411 3206 Contra.
3458 3151 3499 3200 si
3535 3151 3620 3200 isti
3654 3149 3826 3215 ofﬁcio
3868 3167 3969 3202 suo

698 3244 888 3297 desint.
922 3245 1155 3294 muneris
1193 3244 1275 3294 sui
1307 3245 1719 3299 oblivisCantnr,
1752 3245 1958 3295 nullum
1987 3245 2038 3293 in
2069 3242 2175 3293 illis
2204 3242 2458 3291 doctrinm
2486 3248 2530 3288 et
2562 3236 2840 3303 probitatis
2883 3235 3141 3297 specimen
3172 3246 3447 3298 appareat,
3478 3236 3821 3286 etlacissintas
3852 3254 3972 3289 esse

699 3333 868 3383 tineas
922 3342 970 3384 et
1013 3333 1329 3397 ferrugines.
1373 3347 1488 3395 qua:
1519 3332 1721 3382 intimis
1750 3346 1923 3381 rernnt
1947 3330 2285 3396 publicarum
2318 3325 2598 3377 visceribus
2636 3324 2981 3381 adharrentes,
3020 3322 3151 3371 lente
3183 3324 3390 3388 quidem
3425 3338 3485 3373 ac
3534 3324 3646 3373 sine
3672 3340 3971 3390 murmure,

700 3421 788 3470 sed
826 3422 1035 3470 tandem
1096 3419 1457 3469 inhumaniter
1492 3434 1581 3469 eas
1625 3418 1911 3468 cot‘rodunt
1952 3434 2011 3466 ac
2043 3418 2366 3481 discerpunt.
2407 3413 2541 3463 Sunt
2585 3410 2792 3477 quidem
2830 3411 2907 3460 ilt’i
2956 3408 3167 3466 mantia,
3219 3425 3279 3459 ac
3343 3413 3743 3475 propugnacula
3802 3411 3970 3476 hujus

701 3518 1054 3556 sacrosancta:
1078 3506 1329 3568 civitatis,
1361 3506 1488 3570 quid
1518 3506 1563 3556 si
1603 3502 1921 3555 collabentia
1975 3504 2168 3567 fuerint
2202 3513 2248 3551 et
2285 3501 2523 3567 ruinoso,
2556 3507 2604 3547 et
2639 3497 2689 3545 in
2714 3498 2982 3561 proprium
3017 3496 3348 3545 commodum
3394 3507 3440 3546 et
3477 3495 3763 3546 utilitatem
3800 3498 3975 3547 decli-

702 3592 786 3642 via
811 3593 836 3643 γ
864 3591 1033 3643 Canes
1079 3591 1161 3642 illi
1195 3593 1346 3643 ovilis
1380 3592 1563 3657 hujus,
1597 3591 1722 3657 quid
1760 3593 1806 3641 si
1832 3589 2172 3640 sotnniculosi
2197 3597 2243 3637 et
2275 3586 2429 3648 muti,
2459 3587 2563 3633 imo
2592 3585 2748 3649 (quod
2780 3581 3086 3639 dolendum)
3118 3580 3446 3645 rapacissimi
3471 3581 3597 3645 lupi,
3630 3580 3973 3645 propriarum

706 3679 884 3730 ovium
912 3680 1114 3731 exuviis
1144 3679 1372 3744 efferati,
1412 3694 1591 3730 eorum
1627 3678 1883 3745 sanguine
1921 3677 2080 3727 rictus
2120 3686 2166 3725 et
2200 3688 2391 3739 ungues
2420 3669 2617 3737 perfusi
2645 3668 2668 3719 ?
2698 3667 2831 3720 Sunt
2866 3671 3125 3717 exercitus
3154 3665 3319 3716 nostri
3343 3666 3675 3732 antesignani
3706 3676 3751 3717 et
3783 3666 3977 3731 primi-

705 3766 800 3830 pili
829 3780 845 3815 :
874 3768 1000 3833 quid
1033 3768 1079 3817 si
1120 3764 1521 3832 transfugarum
1549 3773 1596 3815 cl
1632 3765 2032 3823 exploratorum
2067 3760 2241 3826 officio
2272 3757 2603 3824 fungantur?
2659 3751 3005 3804 l’rtrsentium
3046 3755 3305 3803 malorum
3339 3754 3623 3814 medicina,
3659 3752 3969 3817 futurorum

707 3851 1049 3915 prceseruatio
1074 3868 1189 3902 esse
1217 3851 1428 3902 solent:
1465 3867 1533 3901 an
1590 3852 1752 3917 igitur
1789 3866 2038 3901 iuuenum
2077 3849 2189 3897 loco
2224 3845 2449 3917 antidoti
2483 3842 2630 3893 nobis
2678 3843 3052 3909 ptopinttbnnt,
3082 3851 3274 3905 pestem
3307 3854 3367 3885 ac
3405 3840 3537 3888 luem
3568 3837 3708 3889 intra
3760 3853 3970 3893 nostros

708 3939 933 4005 parietes
962 3940 1289 3992 imminent?
1314 3937 1587 3988 Bonorum
1621 3938 1702 3987 illi
1742 3953 1803 3988 ac
1837 3933 2231 3988 Catholicorum
2265 3932 2575 3998 defensores,
2606 3928 2884 3991 impiorum
2920 3936 2966 3975 et
3006 3926 3326 3989 perﬁdorum
3376 3924 3546 3976 hostes
3584 3940 3691 3975 esse
3728 3925 3916 3978 debent
3948 3942 3971 3989 ;

711 4042 845 4087 anne
874 4026 980 4077 vice
1006 4041 1156 4076 versa
1198 4026 1344 4075 bonis
1375 4034 1421 4073 et
1456 4022 1742 4076 Catholicis
1779 4023 2008 4073 molesta:
2050 4035 2281 4071 noverca'
2320 4027 2491 4075 erunt,
2526 4014 2696 4077 impiis
2750 4024 2795 4064 et
2832 4011 3045 4077 perﬁdis
3098 4011 3419 4074 indulgentes
3479 4021 3524 4060 et
3558 4011 3736 4062 molles
3795 4012 3975 4064 nutri-

713 4114 892 4166 cula'?
927 4111 1158 4178 Denique
1184 4111 1265 4161 illi
1305 4122 1504 4175 patres,
1548 4112 1786 4160 ductores
1832 4119 1878 4187 et
1913 4107 2091 4167 amici,
2127 4106 2252 4167 quid
2287 4106 2491 4155 tantem
2532 4102 2585 4156 si_
2622 4100 3065 4151 iminisertcordes
3102 4102 3335 4151 vitricus.
3373 4101 3419 4148 si
3450 4096 3614 4162 falsos
3655 4099 3967 4163 prophetas,

714 4201 760 4250 si
790 4200 1161 4264 juratissitnos
1203 4200 1375 4249 hostes
1410 4214 1495 4247 eos
1530 4183 2029 4262 ea'pei'iatisI’VQuid
2060 4194 2319 4260 (inquam)
2355 4192 2395 4240 si
2425 4205 2508 4240 eos
2563 4186 2997 4252 temporalia-pro
3031 4194 3263 4245 aternts,
3295 4199 3424 4233 rana
3461 4198 3553 4250 pro
3582 4183 3733 4242 reris,
3765 4184 3968 4236 caduca

714 4303 809 4354 pro
838 4287 1047 4345 solidis,
1084 4286 1302 4337 fallacia
1339 4300 1433 4351 pro
1473 4285 1650 4344 certis,
1682 4283 1896 4350 propria
1923 4298 2017 4349 pro
2053 4279 2298 4346 publicis,
2338 4276 2569 4326 humana
2600 4290 2693 4336 pro
2724 4272 2937 4329 divinis,
2973 4286 3087 4321 cum
3117 4270 3439 4333 deplorando
3481 4270 3619 4319 orbis
3671 4266 3971 4321 Christiani

714 4375 969 4424 sc-tndalo
1002 4384 1326 4424 commutare
1357 4372 1682 4423 uiderimus?
1728 4368 1914 4422 Verum
1968 4369 2077 4420 ha'c
2111 4368 2341 4434 quidem,
2387 4361 2825 4427 pra'stantissime
2856 4359 3078 4424 prtcsul,
3122 4357 3214 4409 alii
3246 4372 3348 4407 non
3380 4372 3493 4424 ego,
3530 4356 3651 4407 aliis
3693 4370 3794 4407 non
3850 4357 3968 4411 tibi.

721 4461 1050 4523 Theophanis
1110 4458 1363 4524 opuscula
1395 4457 1678 4509 habuimus
1706 4457 2029 4524 jamdudum
2080 4468 2143 4504 ea:
2185 4451 2443 4503 Vaticana
2497 4463 2818 4500 summorum
2852 4444 3157 4511 pontiﬁcatu
3200 4444 3532 4495 bibliotheca.
3569 4441 3669 4495 Sed
3694 4460 3810 4494 cum
3846 4442 3970 4509 pla-

719 4546 866 4597 mnis
912 4546 1039 4597 locis
1090 4547 1237 4597 valde
1284 4553 1455 4596 essent
1512 4546 1823 4610 depravata,
1852 4543 2134 4595 editionem
2180 4553 2360 4592 eorum
2409 4538 2677 4603 hucusque
2728 4534 3057 4584 distulimus.
3088 4529 3247 4583 Nunc
3288 4546 3405 4581 vero
3434 4532 3642 4581 tandem
3696 4530 3970 4595 exemplar

724 4638 950 4697 alterum
986 4634 1153 4684 multo
1183 4632 1490 4691 correctius,
1517 4648 1581 4682 ea;
1618 4630 1970 4682 Messanensis
2000 4626 2381 4679 archimandrii
2408 4624 2689 4690 archetypo
2720 4621 3038 4681 descriptum
3065 4620 3227 4680 nacti,
3270 4617 3456 4669 Latine
3490 4634 3519 4669 a
3553 4618 3700 4668 nobis
3737 4618 3969 4679 reddita,

719 4735 761 4772 et
793 4722 1025 4772 brevibus
1060 4720 1195 4770 notis
1230 4730 1389 4769 aucta
1427 4719 1496 4769 ad
1546 4729 1592 4769 te
1623 4719 1908 4770 mittimus.
1946 4716 2131 4769 Cra’ca
2159 4718 2271 4781 ip~a
2300 4703 2327 4765 e
2355 4714 2561 4780 regione
2593 4710 2910 4761 Latinorum
2941 4723 3229 4773 proponere
3257 4707 3413 4770 (quod
3450 4706 3589 4757 vides
3613 4706 3663 4755 in
3694 4706 3790 4755 hoc
3835 4707 3971 4756 Irri-

722 4810 959 4873 ptionunt
987 4822 1172 4872 genere
1203 4815 1255 4855 ut
1287 4805 1576 4871 plurimum
1628 4805 1822 4870 omitti)
1862 4820 1921 4854 eo
1957 4802 2174 4855 consilio
2224 4798 2440 4853 adducti
2468 4813 2673 4857 smnus,
2714 4812 2775 4845 ne
2827 4796 3044 4844 lectores
3078 4808 3196 4844 vera
3254 4792 3345 4842 καὶ
3403 4791 3605 4858 γνησίᾳ.
3638 4789 3969 4856 Theophanis

726 4906 892 4946 mente
921 4893 1329 4960 fraudarentur,
1387 4893 1430 4943 si
1459 4894 1592 4958 forte
1620 4907 1733 4941 eam
1758 4907 1849 4942 nos
1886 4890 2081 4942 alicubi
2118 4890 2288 4940 minus
2322 4890 2549 4940 assecuti
2579 4902 2778 4937 sumus.
2808 4883 2949 4935 Nam
2977 4883 3115 4951 quod
3150 4883 3263 4933 sine
3297 4882 3401 4932 ullo
3429 4882 3547 4945 fuco
3575 4893 3662 4931 aut
3695 4881 3970 4932 mendacio

725 4980 1013 5048 afﬁrmem,
1046 4981 1349 5047 properanti
1380 4980 1537 5030 nimis
1562 4977 1791 5043 calamo,
1833 4994 1893 5029 ac
1918 4978 2067 5044 fessis
2090 4978 2389 5043 plerumque
2415 4976 2632 5027 nimium
2667 4974 2831 5025 oculis
2870 4970 2979 5022 lucc
3007 4971 3341 5021 dictavintus.
3370 4968 3489 5019 Jam
3512 4982 3628 5034 qua:
3658 4968 3721 5018 de
3750 4974 3968 5018 auctore

731 5078 907 5118 nastro
949 5067 1018 5118 ad
1057 5077 1105 5117 te
1140 5066 1394 5133 deferam,
1430 5067 1538 5117 ha'c
1571 5065 1755 5117 habeo.

798 5198 1067 5264 Theophili
1085 5199 1413 5265 imperatoris
1440 5198 1764 5250 iconomachi
1790 5198 2118 5261 temporibus.
2140 5196 2226 5263 qui
2245 5196 2382 5259 patri
2411 5193 2672 5252 .iliuhaeli,
2690 5208 2833 5258 quem
2860 5188 3032 5242 Gra'ci
3058 5185 3289 5238 historici
3308 5183 3535 5250 τριυὶὶν
3559 5183 3968 5250 κλὶάμορῤαῖον

731 5277 939 5347 vocant,
966 5284 1236 5341 successit,
1277 5286 1447 5337 viuere
1471 5287 1660 5352 fratres
1690 5288 1791 5336 duo
1814 5286 2115 5337 Theodorus
2138 5296 2181 5332 et
2203 5282 2555 5349 Theophanes,
2574 5280 2703 5330 clari
2724 5281 2782 5329 ob
2801 5291 3071 5329 sacrarum
3092 5274 3376 5338 imaginum
3405 5275 3648 5321 mtrersus
3672 5271 3889 5335 impium
3917 5282 3965 5323 et

732 5373 1042 5438 sacri!egum
1098 5372 1404 5438 principtiu,
1428 5384 1912 5439 propugnationem.
1950 5368 2085 5421 Nam
2118 5371 2313 5436 frontes
2342 5373 2492 5419 ambo
2517 5367 2677 5434 (quod
2709 5365 2914 5430 quidem
2942 5360 3249 5425 supplicium
3278 5361 3561 5423 imperator
3588 5352 3963 5407 Constantinus

738 5461 816 5511 uti
854 5460 1088 5520 impium,
1121 5458 1407 5524 divianue
1440 5458 1917 5525 pulchritudini,ud
1951 5459 2098 5522 cujus
2129 5457 2518 5508 similitudinem
2562 5454 2789 5502 humana
2810 5450 2970 5515 facies
3010 5446 3235 5514 figurata
3267 5455 3359 5501 est,
3387 5442 3967 5509 contumeliosum,lyge

740 5544 1097 5610 prohibuerat,
1125 5543 1161 5595 I.
1182 5560 1313 5608 xvu,
1335 5543 1476 5597 (ι.υο
1496 5544 1681 5614 pomis)
1706 5546 1978 5612 ejusjussn
2016 5547 2151 5595 notis
2181 5558 2373 5609 compa.

2334 5541 2497 5600 ttncli,
2528 5556 2586 5589 ac
2615 5545 2883 5601 propterea
2909 5533 3057 5598 rte/go
3087 5532 3314 5599 γριπτοὶ
3342 5528 3783 5595 appellttti,variis
3808 5528 3962 5580 etiam

743 5631 865 5683 aliis
890 5620 1384 5700 tormentisuf/licit,
1406 5643 1453 5683 et
1473 5632 1677 5686 tandem
1701 5634 1751 5685 in
1765 5634 2001 5685 exsilium
2022 5630 2315 5699 pulsi,nihil
2333 5644 2358 5680 e
2375 5628 2632 5679 constanti
2661 5622 2999 5689 confessionis
3022 5620 3210 5669 ardore
3228 5617 3550 5668 remiserunt.
3566 5612 3688 5665 Fuit
3712 5614 3780 5700 iis
3811 5616 3969 5682 {quod

754 5728 800 5771 et
828 5719 895 5772 ad
918 5736 1094 5773 eorum
1113 5720 1332 5787 qloriaut
1358 5735 1453 5772 non
1479 5721 1748 5772 minimum
1782 5716 2018 5779 pertinet)
2042 5727 2089 5769 et
2113 5728 2265 5772 a'tate
2296 5732 2387 5775 teat

2336 5714 2535 5775 ηιιηιίε,
2572 5722 2618 5765 ει
2650 5710 2769 5764 [ῖάεὶ
2790 5709 2983 5763 socius,
3012 5721 3226 5770 magnus
3255 5705 3339 5755 ille
3378 5701 3675 5755 Mclhodius
3706 5698 3969 5753 Constan-
