4136 6314
679 357 780 419 281
1595 351 2103 413 THEUPHANES
2140 352 2312 411 ΕΡΙὸ

2317 351 2554 413 COPUS
2588 350 2834 411 ΝΙΕΕΝ
2845 350 2957 410 US.
3314 370 3315 373 ‘
3824 337 3948 402 288

681 482 886 519 ramus.
935 462 1003 518 Ut
1034 481 1137 517 non
1174 464 1305 518 satis
1338 462 1522 518 mirari
1554 465 1761 532 quidem
1793 466 2054 531 possimus
2080 463 2411 518 incredibiles
2444 466 2796 517 humanorum
2831 475 3005 515 rerum
3042 459 3450 523 vicissitudines,
3503 460 3619 513 sive
3654 458 3737 526 (ut
3766 456 3949 513 Chri-
4004 474 4017 497 ἐ

677 554 913 605 stimtum
949 551 1205 603 hominem
1242 550 1385 619 loqui
1418 552 1584 620 decet)
1610 554 1803 604 divina:
1832 552 2103 619 sapientia:
2146 554 2687 616 incomprehensibilia
2733 557 2961 602 decreta.
2998 546 3154 599 Iacet
3190 548 3326 599 enim
3361 563 3496 603 nunc
3532 545 3762 608 Gracia,
3821 545 3949 611 pri-

682 640 836 692 stina!
866 639 1152 691 venustatis
1196 638 1468 705 putridum
1510 638 1753 698 cadaver,
1787 640 2150 692 miserandum
2198 640 2465 703 exuvium,
2509 639 2609 691 vile
2666 636 2910 699 temporis
2964 634 3277 695 ludibrium,
3330 633 3636 686 tenuissima
3685 632 3957 697 praeteriti

681 727 915 790 corporis
951 726 1159 786 umbra,
1194 735 1242 777 et
1278 726 1378 777 nisi
1411 725 1532 777 libri
1568 736 1914 789 superessent,
1964 743 2221 792 nusquam
2275 727 2329 778 in
2376 743 2471 779 suo
2517 726 2633 778 solo
2685 723 3066 792 cognoscenda.
3105 720 3227 775 Non
3274 722 3509 774 omittam
3547 722 3629 791 (ut
3653 722 3825 774 omnis
3864 725 3939 772 de

684 811 1001 873 Theophane
1029 816 1168 878 apud
1202 825 1445 865 auctores
1480 815 1669 865 mentio
1702 812 1981 879 prodatur)
2016 814 2207 865 vixisse
2261 812 2478 875 imperio
2525 807 2714 861 Leonis
2750 810 2963 860 Armeni
2999 803 3369 870 Theophanem
3401 805 3592 862 alium,
3625 806 3946 857 monastica:

687 906 806 957 vitae
842 913 1177 963 sectatorem,
1202 904 1292 971 qui
1321 906 1374 955 in
1406 904 1827 957 Samothraciam
1861 905 2119 971 relegatus
2149 905 2211 957 ob
2243 913 2519 955 sacrarum
2566 896 2692 947 item
2737 894 3027 961 imaginum
3060 891 3283 955 cultum,
3326 892 3527 944 clarus-
3548 892 3621 943 ibi
3654 892 3943 944 miraculis
4024 891 4035 947 Ξ

685 990 839 1044 obiit.
880 989 1006 1042 Fuit
1036 1001 1085 1042 et
1117 990 1456 1055 Theophanes
1494 990 1736 1056 lsaurus,
1768 992 1858 1060 qui
1892 1009 1921 1043 a
1960 988 2256 1043 Maximino
2290 988 2358 1042 ad
2395 985 2750 1052 Nicephorum
2786 982 3124 1050 Logothetem
3173 982 3450 1035 historiam
3494 984 3782 1034 contexuit.
3821 981 3952 1034 Nos
4024 992 4035 1033 ε

688 1078 847 1145 hujus
877 1078 1119 1146 quadam
1153 1078 1401 1130 habemus
1452 1078 1681 1129 nondum
1729 1079 1895 1142 edita,
1942 1093 2061 1147 quin
2117 1078 2263 1131 nobis
2308 1073 2719 1128 communicavit
2779 1068 3101 1122 Frunciscus
3152 1067 3448 1128 Turrianus
3493 1072 3763 1122 societatis
3816 1069 3965 1121 Jesu

692 1168 982 1233 presbyter,
1013 1166 1092 1217 vir
1124 1167 1265 1217 omni
1297 1164 1550 1217 memoria
1586 1166 1929 1229 venerandus,
1964 1180 2085 1217 cum
2115 1179 2216 1232 quo
2250 1179 2378 1229 pene
2410 1156 2727 1229 quotidiana
2758 1158 2905 1211 nobis
2937 1156 3040 1223 fuit
3068 1158 3413 1225 familiaritas
3449 1166 3558 1209 toto
3587 1156 3676 1209 illo
3708 1156 3965 1213 biennio.

688 1262 972 1321 antequam
1010 1253 1077 1303 ad
1110 1252 1377 1304 meliorem
1405 1254 1569 1304 vitam
1602 1255 1897 1306 translatus
1927 1262 2081 1305 esset.
2112 1250 2179 1304 Et
2212 1253 2293 1305 hic
2326 1251 2535 1317 quidem
2575 1247 2757 1299 tertius
2791 1243 3154 1312 Theophanes,
3184 1253 3242 1296 ut
3272 1254 3322 1296 et
3352 1245 3554 1307 priores
3589 1244 3714 1300 duo.
3754 1243 3971 1310 ὁμολο-

693 1342 866 1405 γήτης
902 1338 967 1391 ab
1001 1338 1301 1391 auctaribus
1336 1339 1621 1399 dictus..id
1654 1350 1753 1403 est,
1803 1343 1863 1392 ob
1910 1355 2044 1393 verte
2076 1339 2348 1408 religionis
2385 1334 2765 1401 confessionem
2800 1334 2863 1385 ab
2903 1332 3171 1385 hwreticis
3223 1330 3466 1400 aﬁiictus.
3504 1329 3625 1383 Non
3654 1330 3791 1383 enim
3820 1347 3969 1383 con-

690 1426 860 1494 fessor
890 1425 1257 1488 appellabatur
1302 1424 1467 1478 beatis
1498 1425 1605 1477 illis
1655 1426 2003 1492 temporibus,
2042 1427 2144 1478 nisi
2182 1426 2247 1485 is,
2286 1427 2380 1494 qui
2429 1426 2556 1493 fidei
2596 1438 2758 1475 causa
2818 1431 3079 1474 tomento
3125 1419 3377 1474 subierat.
3436 1419 3503 1472 Et
3540 1420 3663 1473 hinc
3713 1419 3790 1487 (ut
3825 1421 3974 1473 alibi

697 1511 1083 1563 observavimus
1126 1526 1191 1563 et
1242 1512 1498 1564 Antiocho
1531 1513 1810 1582 monacho)
1872 1528 1975 1565 non
2020 1528 2173 1565 rarus
2209 1512 2297 1564 ille
2345 1512 2485 1573 apud
2535 1519 2725 1563 veteres
2771 1506 3035 1561 scribendi
3073 1507 3282 1568 modus,
3333 1522 3453 1560 cum
3500 1507 3564 1560 de
3611 1508 3859 1575 tyrannis
3920 1520 3973 1559 et

699 1595 951 1652 Ecclesia:
982 1598 1402 1663 persecutoribus
1450 1597 1752 1666 loquuntur,
1783 1598 2051 1667 πεποίηκε
2081 1598 2332 1668 μάρτυρα

2421 1597 2666 1666 πεποίηκε
2707 1597 3075 1667 ὁμολογήτην,
3104 1598 3158 1650 id
3190 1606 3289 1662 est,
3321 1597 3449 1652 fecit
3483 1608 3799 1667 martyrem,
3832 1597 3977 1650 fecit
4048 1618 4054 1653 ξ

699 1682 1101 1748 confessorem,
1134 1699 1337 1749 nempe,
1365 1683 1517 1737 illum
1542 1696 1726 1745 morte,
1760 1685 1896 1737 hunc
1930 1686 2247 1739 cruciatibus
2284 1684 2482 1753 aﬁvcit.

772 1769 1075 1823 Orationem
1125 1780 1281 1839 atque
1313 1786 1396 1835 en,
1446 1786 1563 1837 quas
1598 1773 1726 1841 περὶ
1777 1770 1875 1823 τοῦ
1926 1772 2086 1839 λόγου
2127 1772 2181 1825 in
2220 1770 2528 1837 Theophane
2582 1786 2810 1835 censere,
2847 1770 3051 1839 frustra
3096 1772 3277 1839 fuerit,
3327 1788 3443 1825 cum
3478 1771 3978 1825 ecclesiasticarum

704 1870 983 1912 auct-orum
1014 1856 1135 1911 libri
1163 1860 1542 1911 sententiarum
1573 1876 1635 1911 ac
1657 1876 1833 1912 rerum
1857 1876 2017 1913 causa
2046 1860 2248 1928 legendi
2287 1857 2455 1926 magis
2485 1859 2589 1909 sint
2616 1872 2775 1924 quam
2807 1858 3110 1914 verborum.
3149 1857 3475 1912 Charactere
3504 1868 3580 1910 est
3614 1873 3719 1909 non
3746 1856 3975 1917 humili,

702 1957 799 1998 aut
823 1944 1087 2012 depresso,
1129 1944 1220 1997 sed
1261 1934 1433 2012 gravi,
1465 1954 1514 1997 et
1550 1946 1638 2011 qui
1690 1946 2071 1999 sublimitatem
2100 1946 2503 2015 rhythmuntque
2550 1948 2787 2016 aﬁ'ectat,
2826 1960 2880 2003 at
2916 1951 2969 2003 in
3002 1966 3105 2018 quo
3152 1950 3529 2018 syntomicum,
3568 1964 3793 2016 acreque
3829 1948 3977 1999 illud

712 2029 1043 2084 Nazianzeni
1069 2032 1277 2096 .merito
1329 2032 1613 2085 desideres.
1650 2029 1749 2084 Est
1792 2034 1930 2086 enim
1958 2034 2135 2096 laxus,
2171 2044 2218 2086 et
2264 2037 2573 2098 saepiuscule
2603 2040 2719 2102 plus
2772 2041 2933 2094 nimio
2966 2055 3281 2101 excurrens,
3331 2040 3506 2109 qualis
3556 2040 3752 2092 alicubi
3790 2039 3980 2106 Chry-

708 2128 991 2169 sostomus.
1040 2115 1155 2179 Quo
1203 2117 1262 2182 ﬁt
1293 2126 1349 2169 ut
1382 2133 1415 2169 a
1452 2118 1788 2182 periodorum
1818 2120 2189 2181 distractione,
2245 2129 2295 2173 et
2330 2121 2385 2174 in
2420 2124 2587 2177 verbis
2638 2125 2780 2177 haud
2823 2136 2965 2185 recta
3017 2127 3343 2196 ἀκολουθεῖᾳ
3378 2128 3667 2195 implicitus
3698 2128 3791 2186 sit,
3827 2135 3885 2179 et
3921 2136 3980 2177 ut

710 2200 885 2254 (ἐι-α’εὲ
914 2203 1085 2255 critici
1114 2204 1168 2254 in
1196 2203 1292 2255 hoc
1327 2219 1510 2271 genere
1539 2205 1844 2273 loquuntur,
1895 2206 2106 2257 omnino
2138 2207 2374 2277 ἀσαφής.
2437 2210 2606 2265 Verba
2655 2228 2758 2265 non
2803 2214 3047 2275 sordida,
3099 2214 3203 2267 imo
3238 2231 3328 2269 nec
3366 2217 3613 2273 obscura.
3666 2214 3984 2282 frequenter

714 2302 890 2343 tamen
917 2292 1032 2344 ideo
1066 2293 1376 2359 impropria,
1412 2294 1550 2359 quod
1581 2295 1863 2348 translata.
1897 2294 2423 2369 Schematauprwter
2448 2302 2583 2353 hanc
2612 2316 2775 2353 unam
2815 2303 3201 2370 metaphoram,
3232 2302 3342 2369 fere
3378 2302 3545 2355 nulla.
3602 2300 3784 2356 Sacra:
3816 2300 3982 2355 Serio

710 2390 880 2447 pluria
907 2382 1174 2434 sententiis
1214 2381 1437 2448 refertus
1472 2392 1569 2445 est,
1607 2383 1709 2434 imo
1737 2384 1845 2449 fere
1873 2391 2013 2435 totus
2059 2399 2125 2435 ea:
2170 2383 2300 2445 illis,
2332 2388 2560 2440 maxime
2592 2388 2679 2448 iis,
2704 2403 2819 2454 quas
2847 2389 2901 2441 in
2950 2386 3203 2455 Epistolis
3236 2386 3415 2453 Pauli,
3463 2398 3760 2451 contextus,
3796 2398 3859 2442 ut
3893 2391 3977 2441 vel

713 2468 769 2521 in
818 2466 914 2517 hoc
961 2465 1341 2537 Chrysostomi,
1380 2484 1533 2537 quem
1576 2471 1810 2523 studiose
1856 2470 2119 2531 imitatur,
2169 2471 2489 2539 discipulum
2539 2476 2711 2540 possis
2742 2490 3046 2543 agnoscere.
3104 2474 3205 2540 Tu,
3250 2476 3685 2543 praestantissime
3734 2490 3985 2542 (ραι-ονε

717 2554 882 2621 (apud
910 2569 1058 2622 quem
1104 2554 1425 2621 jamdudum
1460 2558 1564 2610 scio
1613 2556 1867 2610 bonorum
1895 2559 2212 2627 scriptorum
2250 2571 2587 2611 monumenta
2617 2577 2819 2614 summo
2858 2576 2969 2614 esse
3026 2560 3165 2624 loco,
3203 2572 3443 2626 nostras,
3489 2577 3833 2628 quwcumque
3867 2562 3986 2615 illa

716 2638 940 2711 fuerint,
970 2640 1367 2695 lucubrationes
1398 2660 1500 2696 non
1532 2644 1761 2710 ultimo),
1804 2644 2109 2697 humaniter
2143 2646 2339 2709 accipe,
2387 2661 2505 2714 qua:
2533 2648 2717 2699 studia
2750 2664 2865 2701 mea
2914 2649 3055 2701 hisce
3082 2648 3267 2700 diebus
3298 2650 3657 2717 pronatalitiis
3690 2648 3787 2699 tibi
3818 2650 3986 2698 desu—

717 2731 941 2782 darunt.
982 2732 1114 2793 Quae
1146 2733 1357 2784 tandem
1387 2734 1432 2784 si
1462 2732 1558 2785 tibi
1608 2734 1825 2799 probari
1874 2748 2181 2801 cognovero,
2232 2731 2523 2784 maximum
2570 2749 2652 2785 me
2704 2734 2886 2799 opellae
2932 2734 3091 2804 hujus
3143 2736 3367 2802 pretium
3417 2734 3601 2801 fecisse
3647 2733 3982 2785 arbitrabor.

718 2816 1153 2885 Fulgentissimus
1190 2818 1381 2883 lucifer
1408 2837 1537 2889 puer
1564 2818 1693 2874 Iesu
1729 2820 2182 2889 (reverendissime
2226 2818 2423 2887 Pater)
2468 2819 2618 2887 cujus
2650 2820 2952 2887 felicissimo
2988 2833 3175 2874 exortu
3202 2821 3507 2889 caliginosa:
3534 2822 3788 2873 scelerum
3827 2828 3984 2871 tene-

721 2905 829 2956 brw
858 2904 1091 2969 depulsa:
1118 2913 1260 2969 sunt,
1292 2918 1513 2958 mentem
1539 2918 1683 2959 tuam
1710 2909 1900 2977 iugiter
1932 2908 2183 2960 illustret.
2221 2906 2318 2961 Ille
2356 2909 2449 2962 tibi
2482 2911 2534 2960 in
2570 2910 2697 2971 ista,
2743 2926 2847 2979 qua
2894 2910 2961 2962 ad
2995 2909 3201 2963 clavum
3236 2920 3371 2974 stas,
3415 2911 3645 2961 muneris
3682 2909 3757 2960 tui
3788 2908 3988 2975 puppi,

722 3001 867 3042 certa
910 2995 979 3043 sit
1013 2991 1216 3054 Helice,
1250 3007 1342 3051 per
1363 3009 1523 3061 quam
1550 2996 1759 3046 tandem
1786 2995 2035 3062 populum
2064 3009 2213 3061 quem
2243 2995 2434 3048 caelesti
2466 3005 2721 3061 potestate
2772 2998 2930 3065 regis,
2967 2998 3035 3047 ad
3063 3008 3275 3049 onerum
3322 2996 3513 3047 salutis
3550 3005 3758 3062 portum
3810 3011 3989 3059 possis

723 3078 1026 3141 perducere.
1085 3077 1264 3132 Romi:
1290 3080 1345 3133 in
1377 3082 1699 3134 monasterio
1732 3081 2148 3139 Prwdicatorum
2178 3091 2380 3137 sancta
2407 3080 2598 3139 Maria:
2632 3100 2785 3148 super
2811 3084 3117 3146 Minervam,
3149 3085 3217 3136 20
3260 3082 3579 3136 Decembris.
3608 3083 3758 3134 Anno
3790 3081 3992 3134 huma-

727 3181 807 3220 na:
834 3166 1024 3220 salutis
1053 3166 1215 3222 1589.

738 3387 1575 3415 W

1593 3390 3967 3415 Μ

1840 3544 2878 3681 ΘΕΟΦΑΝΟΥΣ

1356 3781 2613 3908 ΜΗΤΡΟΠΟΛΙΤΟΥ
2709 3787 3347 3905 ΝΙΚΑΙΑΣ

2052 4004 2685 4098 ΕΠΙΣΤΟΛΑΙ.

1751 4393 2804 4548 THEOPHAN
2812 4391 2989 4545 IS

1536 4682 2600 4801 METBOPOLlT/E
2682 4678 3222 4795 NICfENl

2047 4922 2718 5014 EPISTOL/E.

2340 5140 2415 5156 α

1522 5283 1561 5335 Ι.
2355 5294 2401 5335 Λ
3183 5265 3261 5315 Α·

768 5375 1098 5445 Theophanis
1142 5374 1518 5439 archiepiscopi
1547 5368 2011 5437 NictvniEpistola
2055 5367 2123 5418 ad
2162 5363 2341 5418 Nicae-

2447 5360 2783 5428 Θεοφάνους
2838 5358 3289 5425 μητροπολιτου
3360 5356 3647 5419 Νικαίας,
3704 5350 4005 5415 ἐπιστολὴ

831 5484 945 5530 nos,
975 5464 1167 5518 docens
1198 5462 1405 5533 qualem
1434 5477 1545 5515 esse
1576 5468 1812 5528 oporteat
1858 5473 2036 5511 verum
2082 5454 2343 5508 Ghristia-

2513 5450 2660 5517 πρὸς
2692 5448 2831 5513 τοὺς
2858 5448 3133 5512 Νικαίας,
3162 5446 3540 5500 διδάσκουσα
3570 5442 3693 5509 πῶς
3722 5442 3817 5495 δεῖ
3854 5440 4010 5495 εἶναι

838 5571 965 5610 num
1021 5564 1427 5620 contemptorem
1472 5568 1646 5605 rerum
1697 5550 1931 5603 omnium
1980 5546 2343 5616 priesenium,

2512 5543 2619 5595 τὸν
2668 5538 2867 5607 ἀληθῆ
2926 5540 3292 5605 Χριστιανὸν
3354 5539 3705 5603 ὑπερόπτην
3769 5534 4012 5587 πάντων

848 5648 954 5700 sive
989 5648 1219 5700 tristium
1250 5646 1354 5700 sive
1369 5645 1769 5713 jucundarum;
1818 5656 1977 5708 prope
2035 5639 2192 5707 ﬁnem
2224 5652 2343 5688 vero

2515 5635 2631 5686 τῶν
2658 5633 2971 5700 παρόντων
3002 5630 3101 5683 καὶ
3141 5630 3335 5697 ἡδέων
3370 5630 3464 5682 καὶ
3510 5627 3819 5694 λυπηρῶν,
3860 5632 4010 5693 πρὸς

839 5740 1146 5809 prtrcipiens
1181 5756 1328 5792 omne
1366 5752 1580 5791 prorsus
1615 5735 1939 5787 consortium
1974 5732 2343 5783 lmrcticorum

2520 5727 2581 5775 τι)
2623 5724 2791 5787 τέλος
2836 5720 3237 5790 εἰσηγουμέιή
3286 5719 3560 5781 καθάπαξ
3614 5717 4008 5782 ἐκτρέπεσθαι
