4136 6314
143 432 237 496 2S9

1516 423 1874 483 EPISTOLA
1925 422 1969 483 [.
2050 460 2057 461 ί

3257 418 3361 484 990

199 549 402 604 πᾶσαν
441 550 787 612 κοινωνίαν,
826 547 940 600 τῶν
988 544 1313 615 ιιίρετικὼν.
1350 544 1696 612 Πεμφθεῖσα

1863 541 2167 612 fugiendum
2217 558 2346 595 esse.
2405 538 2572 595 Missa
2636 542 2773 609 fuit,
2823 557 2940 595 cum
2992 542 3217 606 primum
3272 553 3361 595 ue-

200 646 337 707 καίν’
368 645 551 697 αὐτοῦ
588 641 676 695 ἔτι
726 642 897 706 ὄντος
936 640 1288 711 ὐποψηφίσυ
1322 640 1542 704 ταύτης
1590 635 1697 702 τῆς

197 735 459 796 πόλεως.

198 826 261 877 0i
287 826 389 895 τὴν
419 826 582 881 πάλαι
622 826 720 892 μὲν
752 826 1046 891 εὐδαίμονα
1078 827 1171 878 καὶ
1219 826 1696 895 περιφανεστάτην

138 916 238 968 τῶν
266 919 505 982 πόλεων,
537 919 655 971 νυνὶ
676 918 733 970 δὲ
761 918 1117 987 δορυάλωτον,
1136 917 1180 970 ὣ
1209 917 1345 971 Θεοῦ
1375 919 1655 987 χριμάτων
1678 918 1692 971 ι

138 1010 226 1060 καὶ
241 1008 654 1078 δεδουλωμένην
669 1008 949 1071 οἰκοῦντες
973 1010 1004 1077 ἢ
1028 1008 1418 1078 παροικοῦντες
1434 1010 1694 1073 Νίκαιαν,

142 1101 340 1165 μᾶλλον
372 1101 433 1155 δὲ
461 1100 524 1154 τὸ
561 1100 785 1154 εἴδωλον
812 1102 978 1171 αὐτῆς
1006 1101 1265 1170 ἀτεχνῶς,
1296 1103 1359 1153 ἐκ
1392 1102 1557 1171 μόνου
1598 1099 1695 1154 τοῦ

140 1195 403 1263 ὀνόματος
446 1194 538 1246 καὶ
573 1196 673 1259 τῆς
714 1194 1021 1261 ἐπιγραφῆς
1050 1194 1188 1246 κατά
1220 1192 1346 1256 τοὺς
1376 1195 1696 1264 ἀνδριάντας

139 1286 195 1338 τὺ
222 1282 505 1355 γνώριμον
527 1284 781 1353 ἔχουσαν,
812 1285 934 1337 ὅσον
961 1302 1019 1336 τε
1063 1289 1119 1338 ὲν
1158 1285 1427 1352 διαφόροις
1469 1287 1697 1355 βαθμοῖς

139 1377 228 1429 τοῦ
275 1375 557 1447 ἱερατικοῦ
608 1376 945 1444 καταλόγου·
995 1378 1090 1429 καὶ
1142 1377 1190 1428 οῖ
1243 1377 1416 1429 λοιποὶ
1459 1379 1697 1440 ᾰπαντες

141 1468 251 1538 ὅσοι
300 1468 558 1521 καλεῖσθε
613 1469 721 1520 ἀπὸ
760 1469 1019 1537 Χριστοῦ.
1056 1472 1211 1538 χάρις
1252 1471 1379 1537 ὑμῖν
1413 1472 1516 1541 εἴη.
1552 1472 1697 1537 ἔλεος

142 1551 227 1610 καὶ
274 1558 469 1627 είρήνη
508 1558 616 1611 ἀπὸ
646 1558 786 1611 Θεοῦ
838 1560 1045 1629 Πατρὸς
1095 1562 1189 1613 καὶ
1238 1562 1475 1630 Χριστοῦ
1522 1564 1695 1633 Ἰησοῦ

140 1645 228 1698 τοῦ
263 1648 475 1719 Κυρίου
504 1650 679 1717 ἡμῶν.
1385 1672 1389 1677 '

1869 635 2105 685 claratus
2162 640 2236 685 est
2274 631 2429 700 hujus
2459 631 2603 684 urbis
2634 641 2837 700 pastor.

1870 813 1973 879 Qui
2007 813 2214 867 felicem
2261 813 2393 865 olim
2450 821 2503 865 et
2544 812 2905 865 clarissimam
2940 813 3179 873 urbium,
3218 827 3363 866 nunc

1797 919 1926 959 vero
1954 905 2242 972 captivam,
2262 917 2296 956 ο
2326 902 2415 957 Dei
2443 902 2642 968 judicia
2668 903 2681 955 l
2715 914 2766 956 et
2800 903 2849 955 in
2876 903 3188 956 servitutem
3212 904 3368 957 redo-

1797 1000 1937 1045 ctam
1972 990 2225 1043 habitatis
2252 988 2509 1054 Nicaeam,
2544 992 2740 1058 quique
2786 990 2950 1059 ipsius
2986 992 3174 1044 incola:
3193 990 3357 1051 estis,

1800 1082 1909 1135 imo
1952 1092 2008 1134 ut
2058 1083 2245 1136 verius
2291 1083 2489 1143 dicam,
2540 1082 2630 1150 qui
2668 1083 2901 1137 civitatis
2947 1083 3090 1136 illius
3137 1082 3359 1137 simula-

1798 1189 1948 1227 crum
2006 1189 2193 1227 revera
2246 1174 2526 1237 babitotis,
2562 1175 2675 1227 solo
2709 1189 2772 1227 ex
2816 1174 3031 1228 nomine
3072 1183 3126 1228 et
3167 1174 3362 1228 inscri-

1801 1267 2004 1334 ptione,
2041 1274 2099 1320 ut
2132 1267 2183 1321 in
2215 1266 2412 1321 statuis
2444 1267 2558 1321 fieri
2600 1268 2759 1331 solet,
2802 1270 3049 1321 notitiam
3083 1266 3169 1323 sui
3204 1266 3361 1321 exhi—

1798 1358 2008 1424 bentis;
2036 1367 2299 1427 quotquot
2325 1362 2461 1413 estis
2510 1359 2563 1413 in
2598 1360 2760 1413 variis
2804 1360 3058 1428 gradibus
3097 1360 3357 1413 sacerdo-

1797 1452 1920 1504 talis
1974 1450 2180 1504 ordinis
2248 1452 2561 1515 constituti,
2629 1456 2917 1519 caeterique
2977 1463 3203 1515 omnes,
3263 1452 3357 1519 qui

1799 1556 1990 1595 nomen
2024 1557 2053 1594 a
2081 1540 2303 1596 Christo
2330 1542 2656 1609 sumpsistis,
2677 1544 2848 1609 grazia
2886 1542 3037 1595 vobis
3067 1543 3159 1603 sit,
3191 1541 3358 1594 mise-

1798 1629 2029 1683 ricordia
2064 1640 2118 1683 et
2142 1646 2240 1700 pax
2271 1646 2300 1683 a
2323 1632 2427 1685 Deo
2454 1630 2634 1693 Patre,
2661 1631 2949 1687 etChristo
2976 1629 3359 1685 Jesu'Domino

1800 1729 2013 1773 llOSll'O.

205 1829 273 1875 α’.
306 1823 609 1877 Γινώσκειν
663 1825 810 1893 ὑμᾶς
850 1826 989 1891 διον,
1025 1828 1298 1899 ἀγαπητοὶ
1344 1832 1580 1900 ἀδελφοὶ,
1614 1835 1696 1887 ὅτι

1870 1828 1923 1883 1.
1959 1828 2127 1884 Nosse
2146 1842 2242 1884 vos
2262 1838 2496 1899 oportet,
2525 1830 2706 1885 dilecti
2729 1831 2941 1897 fratres,
2962 1847 3047 1887 me
3075 1832 3356 1887 minimum

145 1914 355 1985 εὐδοκία
384 1916 481 1968 καὶ
512 1917 697 1985 χάριτι
725 1916 819 1969 τοῦ
851 1919 1257 1988 παντοδυνάμου
1292 1921 1449 1985 Θεοῦ,
1480 1923 1575 1977 τοῦ
1602 1944 1698 1977 κα-

144 2002 356 2068 λοῦντος
405 2008 475 2059 τὰ
507 2005 583 2075 μὴ
624 2006 753 2059 δντα
787 2006 863 2069 ὡς
906 2008 1034 2060 ὅντα
1062 2011 1183 2062 κατ’
1232 2012 1369 2065 ἰδίαν
1424 2015 1701 2083 πρόθεσιν,

144 2097 292 2163 κοινῇ
321 2095 521 2166 γνώμη
549 2095 644 2149 τοῦ
685 2100 1095 2164 παναγιωτάτου
1127 2102 1159 2169 η
1170 2100 1293 2169 μῶν
1316 2102 1577 2158 δεσπότου
1606 2106 1702 2159 τοῦ

144 2187 524 2251 οῖκουμενικοῦ
563 2188 902 2259 πατριάρχου
936 2191 1033 2265 καὶ
1064 2194 1163 2261 τῆς
1195 2193 1323 2263 περὶ
1364 2195 1525 2248 αὐτὸν
1552 2196 1703 2261 θείας

147 2275 234 2327 καὶ
284 2277 440 2345 ἱερᾶς
471 2279 691 2331 συνόδου
743 2281 1027 2351 προήχθην
1074 2281 1184 2349 ἐγὼ
1213 2285 1241 2336 ὁ
1287 2284 1566 2354 ἐλάχιστος
1615 2290 1703 2343 διά

150 2368 467 2433 μηνύματος
488 2369 571 2429 είς
600 2368 932 2439 ὐποψήφιον,
952 2374 1047 2425 καὶ
1074 2370 1185 2426 οἷον
1213 2376 1385 2430 είπεῖν
1415 2379 1705 2448 μνηστῆρα

149 2456 240 2523 τῆς
267 2458 327 2508 εν
357 2457 490 2526 ὑμῖν
515 2458 681 2525 ἁγίας
701 2458 795 2511 τοῦ
816 2460 951 2514 Θεοῦ
990 2462 1335 2535 Ἐκκλησίας.
1368 2469 1459 2519 Atb
1489 2470 1705 2538 πρῶτον

149 2545 334 2615 δίδωμι
368 2548 500 2617 ὑμῖν
528 2550 629 2620 τὴν
662 2552 722 2603 ιν
753 2551 973 2622 Χριστῷ
1006 2556 1318 2625 εἰρήνην-τε
1344 2560 1435 2610 καὶ
1461 2560 1705 2630 ἀγάπην,

148 2638 212 2708 ἢν
240 2639 433 2710 ὥσπερ
460 2642 585 2693 τινὰ
608 2642 812 2712 κλῆρον
848 2645 1097 2713 πατρῷον
1130 2647 1265 2717 παρ’
1287 2650 1450 2714 αὑτοῦ
1480 2653 1710 2722 εἰλήφα-

154 2746 249 2797 μεν
288 2732 383 2784 τοῦ
426 2733 684 2801 Σωτῆρος
729 2734 887 2803 ἡμῶν
915 2736 1050 2788 Θεοῦ
1078 2755 1090 2767 ·
1120 2732 1185 2808 ἦς
1233 2742 1326 2792 καὶ
1388 2743 1709 2812 μετάσχοιτέ

158 2836 240 2886 μοι
277 2822 521 2889 δαψιλῶς
553 2827 633 2885 είς
678 2826 893 2892 ἑφόδιον
923 2827 1201 2899 ὑπομονῆς
1248 2831 1343 2884 καὶ
1402 2834 1711 2904 μεγαλοψυ-

154 2910 292 2978 χίας,
322 2912 465 2965 ὥστε
510 2913 769 2967 δύνασθαι
799 2918 893 2968 καὶ⁸
936 2916 1197 2985 ἀλλήλους
1223 2923 1579 2990 παρακαλεῖν,
1624 2925 1711 2978 διὰ

153 3002 274 3062 τοὺς
305 3004 685 3071 ἐπικειμένους
718 3006 847 3073 ὑμῖν
876 3007 962 3058 ἀεὶ
994 3010 1361 3076 πειρασμούς.
1396 3012 1709 3082 Παρακαλῶ

100 3105 107 3111 ‘
154 3090 206 3144 δὲ
264 3094 429 3162 ὑμᾶς.
484 3096 731 3162 ἀδελφοὶ.
776 3096 864 3150 διὰ
891 3098 986 3151 τοῦ
1047 3100 1309 3168 ὀνόματος
1359 3103 1452 3155 τοῦ
1502 3106 1708 3177 Κυρίου

1803 1919 1988 1973 divina
2020 1917 2300 1973 voluntate
2346 1929 2400 1972 et
2447 1922 2619 1988 gratia
2666 1922 3055 1989 omnipotentis
3106 1919 3219 1983 Dei,
3253 1922 3350 1990 qui

1799 2009 1955 2076 juxta
1988 2010 2395 2077 dispositionem
2428 2026 2602 2075 suam,
2637 2026 2754 2080 qua:
2788 2027 2892 2066 non
2923 2019 3070 2075 sunt,
3101 2019 3357 2081 tanquam

1806 2114 1869 2155 ea
1894 2115 2018 2168 quae
2048 2110 2195 2165 sunt,
2226 2111 2406 2165 vocat,
2455 2115 2520 2155 ex
2567 2116 2832 2157 consensu
2884 2103 3213 2158 sanctissimi
3258 2104 3357 2158 do-

1806 2190 1935 2244 mini
1970 2196 2140 2245 nostri
2172 2192 2493 2247 tecumenici
2522 2194 2864 2261 patriarchae,
2904 2195 3153 2261 sacrique
3192 2194 3361 2261 ipsius

1807 2296 1870 2333 ac
1896 2282 2063 2335 divmi
2111 2281 2329 2336 concilii
2366 2292 2667 2351 prometum
2730 2298 2873 2349 esse,
2916 2283 3365 2352 declaratumque

1805 2376 1861 2425 ln
1906 2372 2157 2438 electum,
2195 2385 2375 2441 atque,
2419 2384 2480 2428 ut
2527 2375 2596 2428 ita
2638 2378 2833 2439 dicam,
2868 2389 3126 2443 sponsum
3160 2386 3363 2430 sancta:

1810 2473 1997 2516 vestra:
2024 2459 2115 2516 Dei
2146 2462 2413 2517 Ecclesia.
2446 2464 2779 2532 Quapropter
2808 2463 2875 2518 do
2905 2463 3056 2518 vobis
3090 2466 3143 2517 in
3169 2465 3363 2532 primis

1808 2565 1992 2619 pacem
2027 2560 2084 2605 et
2124 2552 2443 2607 charitatem
2486 2552 2539 2605 in
2572 2551 2810 2615 Christo,
2855 2567 3016 2621 quam
3070 2552 3233 2606 veluti
3266 2568 3363 2620 pa-

1810 2652 2014 2695 ternam
2033 2645 2318 2709 quamdam
2342 2644 2709 2697 hatreditatem
2734 2644 2799 2696 ab
2816 2644 2933 2713 ipso
2958 2641 3066 2697 Deo
3086 2641 3366 2695 Sulvatore

1808 2741 1992 2784 nostro
2043 2733 2381 2801 accepimus;
2413 2749 2573 2802 quam
2612 2742 2666 2787 et
2694 2748 2809 2797 vos,
2842 2746 3045 2801 quaeso,
3072 2732 3366 2800 amplecti-

1812 2820 1942 2872 mini
1968 2820 2201 2889 copiose,
2244 2822 2309 2875 ad
2342 2822 2613 2891 patientia:
2648 2821 3181 2890 longanimitatisque
3213 2835 3367 2873 cum-

1812 2920 2046 2961 meatum
2091 2909 2501 2977 acquirendum,
2530 2920 2585 2963 ut
2620 2918 2674 2964 et
2707 2925 2801 2965 vos
2842 2910 2898 2963 in
2945 2909 3158 2962 assidue
3192 2908 3371 2961 immi-

1813 2998 2073 3053 nentibus
2109 3000 2495 3054 tentationibus
2547 3001 2777 3055 invicem
2812 3000 3076 3055 consolari
3122 2998 3367 3068 possitis.

1816 3087 2086 3157 Deprecor
2111 3099 2289 3143 autem
2324 3106 2440 3155 vos,
2475 3108 2507 3147 ο
2540 3091 2756 3156 fratres,
2780 3102 3000 3160 propter
3032 3105 3224 3145 nomen
3264 3089 3372 3143 Do-

154 3184 301 3251 ήμῶν
352 3187 527 3257 Ἰησοῦ
570 3188 838 3257 Χριστοῦ,
876 3191 969 3243 τοῦ
998 3192 1183 3257 δόντος
1210 3194 1405 3246 ἑαυτὸν
1433 3194 1575 3264 ὁπὶρ
1604 3196 1704 3250 τῶν

1814 3179 1945 3234 mini
1993 3182 2164 3235 nostri
2218 3181 2342 3235 Jesu
2398 3182 2623 3247 Christi,
2679 3183 2769 3251 qui
2819 3182 3173 3251 semetipsum
3225 3182 3371 3235 dedit

154 3276 427 3346 ἁμαρτιῶν
449 3280 628 3349 ἡμῶν,
660 3281 809 3344 ὅπως
853 3282 1097 3351 ἐξέληται
1132 3286 1278 3354 ἡμᾶς
1309 3287 1373 3339 ἐκ
1397 3286 1491 3339 τοῦ
1535 3305 1707 3360 πονη-

157 3364 277 3431 ροῦο
335 3370 770 3438 προοιμιάσομαι
821 3371 931 3441 γὰρ
964 3372 1070 3424 ἀπὸ
1122 3377 1218 3442 τῆς
1269 3375 1562 3442 θεσπεσίας
1608 3379 1705 3432 τοῦ

154 3454 359 3510 Παύλου
390 3462 607 3529 φωνῆς·
645 3461 767 3513 ἐπεὶ
805 3462 1058 3526 κάκεῖνος
1096 3466 1241 3533 ὑμᾶς
1269 3466 1337 3517 δι’
1367 3468 1500 3536 ἐμοῦ
1531 3469 1705 3524 ταῦτα

152 3545 319 3599 πάντα
350 3549 678 3618 παρακαλεῖ,
717 3552 803 3604 ἵνα
841 3552 1009 3616 ἀξίως
1030 3555 1124 3611 καὶ
1170 3556 1309 3609 κατά
1342 3558 1471 3621 τοὺς
1510 3561 1707 3630 νόμους

152 3637 237 3689 τοῦ
294 3639 630 3707 Εὑαγγελίου
680 3641 777 3694 τοῦ
826 3644 1062 3715 Χριστοῦ
1119 3646 1500 3717 πολιτεύησοε.
1544 3652 1705 3719 Ὑμῖν

150 3730 253 3797 γὰρ
292 3732 529 3799 μάλιστα
552 3733 633 3787 δεῖ
660 3734 863 3804 πολλῆς
885 3737 1097 3805 νήψεως
1127 3740 1231 3795 καὶι
1248 3742 1541 3811 προσοχῆς,
1568 3721 1704 3811 ἀγαί-

154 3824 326 3889 πητοὶ,
361 3818 452 3875 οἷα
475 3824 538 3891 δὴ
572 3829 1177 3895 συναναστρεφομένοις
1206 3834 1465 3901 πονηροῖς
1495 3836 1705 3904 ἀνθρὼ-

153 3925 282 3975 ποις,
312 3915 537 3968 ἀσεϐέσι
564 3919 657 3969 καὶ
686 3918 1053 3986 ἁμαρτωλοῖς,
1087 3922 1173 3974 ῖνα
1204 3924 1278 3993 μή
1332 3941 1480 3987 τινες
1506 3930 1571 3979 ἐκ
1604 3926 1705 3997 τῆς

154 4002 279 4089 πρὸς
304 4005 549 4068 ἐκείνους
576 4006 857 4077 διηνεκοῦς
890 4011 1129 4078 ὁμιλίας,
1182 4015 1278 4065 καὶ
1311 4015 1525 4085 “Ovili?
1543 4034 1704 4089 συνη-
1752 4064 1753 4067 η

158 4087 293 4153 θείας
323 4098 803 4163 περιτρεπόμενοι.
834 4099 866 4168 ἢ
905 4100 1046 4151 κατὰ
1079 4100 1176 4171 τὴν
1206 4103 1389 4156 πίστιν
1414 4087 1705 4162 ὑποσκελί-

158 4177 339 4243 Came,
374 4184 408 4252 ἢ
448 4190 754 4239 κοινωνοῖεν
792 4193 901 4252 τοῖς
934 4190 1115 4259 ἔργοις
1143 4195 1364 4247 ἐκείνων
1400 4200 1510 4260 τοῖς
1539 4214 1704 4268 πονη-

164 4274 293 4334 poi,"
328 4278 554 4341 ὁμιλίαι
597 4278 725 4347 γὰρ,
781 4282 932 4348 φησὶ,
968 4284 1145 4335 κακαὶ
1190 4287 1540 4354 φθείρουσιν
1583 4290 1701 4361 ἤθη

162 4366 379 4425 κρηστά
400 4380 417 4394 ο
448 4365 541 4415 καὶ
566 4367 696 4435 ῥᾷον
727 4369 1051 4435 μεταλαϐεῖν
1071 4373 1293 4439 κακίας,
1322 4377 1352 4444 ἢ
1384 4378 1586 4447 ἀρετῆς
1612 4397 1704 4447 με-

1813 3280 2035 3339 propter
2078 3280 2261 3324 nostra
2310 3282 2552 3339 peccata,
2607 3280 2662 3326 ut
2722 3286 2823 3326 nos
2874 3286 2903 3324 a
2958 3272 3104 3325 malo
3154 3280 3373 3326 erueret

1817 3362 2096 3431 (incipiam
2141 3363 2286 3415 enim
2322 3376 2351 3416 a
2388 3363 2643 3431 prteclara
2684 3364 2975 3433 divinaque
3017 3362 3168 3417 Pauli
3218 3378 3373 3425 voce,

1812 3467 1938 3507 nam
1969 3462 2024 3508 et
2049 3453 2138 3508 ille
2156 3469 2251 3509 vos
2279 3459 2344 3509 ad
2367 3456 2478 3509 haec
2509 3456 2684 3508 omnia
2707 3470 2799 3521 per
2830 3470 2913 3509 me
2948 3454 3287 3519 adhortatur,
3313 3463 3374 3506 ut

1811 3548 1972 3615 digne
2012 3558 2063 3603 et
2080 3547 2231 3618 juxta
2255 3550 2422 3617 legem
2448 3548 2716 3617 Evangelii
2735 3548 2935 3601 Christi
2954 3546 3369 3599 conversemini.

1814 3638 1981 3693 Vobis
2025 3640 2169 3693 enim
2225 3641 2279 3693 in
2337 3639 2547 3708 primis,
2581 3654 2619 3693 υ
2651 3639 2856 3703 dilecti,
2901 3637 3065 3689 multa
3110 3650 3244 3703 opus
3288 3642 3374 3687 est

1813 3731 2110 3787 sobrietate
2143 3740 2306 3799 atque
2353 3733 2676 3794 attentione,
2715 3731 2914 3798 quippe
2948 3729 3043 3798 qui
3075 3742 3199 3780 cum
3248 3740 3373 3793 pra-

1815 3823 1894 3876 vis
1922 3821 2251 3886 hominibus,
2295 3822 2475 3890 impiis
2516 3832 2570 3876 et
2612 3822 2988 3889 peccatoribus
3032 3819 3259 3886 degatis,
3307 3832 3374 3867 ne

1813 3908 1902 3977 qui
1934 3925 2001 3962 ex
2048 3908 2266 3962 assiduo
2294 3923 2413 3961 cum
2448 3909 2554 3962 illis
2608 3908 2876 3977 colloquio
2918 3908 3188 3973 multaque
3238 3918 3370 3955 cou-

1812 3999 2097 4055 suetudine
2148 3999 2447 4068 depravati,
2488 3999 2569 4052 vel
2604 4002 2656 4052 in
2704 4000 2807 4053 iide
2860 3998 3221 4064 decipiantur,
3285 3999 3370 4049 vel

1814 4093 1968 4145 malis
2008 4106 2193 4145 eorum
2229 4094 2479 4161 operibus
2522 4092 2952 4145 communicent:
2992 4088 3164 4140 Pravo
3202 4091 3372 4149 cnim,

1816 4184 2010 4249 inquit,
2065 4183 2324 4251 colloquia
2378 4182 2537 4236 bonos
2597 4198 2765 4234 mores
2818 4191 3157 4244 corrumpunt
3196 4180 3251 4241 ¹;
3315 4188 3371 4229 et

1814 4275 2024 4330 facilius
2058 4289 2176 4329 esse
2212 4274 2526 4343 pravitatem
2562 4273 2904 4335 contrahere,
2929 4287 3088 4337 quam
3117 4270 3369 4320 Virilllt'lll

1816 4366 2103 4434 impertiri,
2139 4379 2277 4419 sacri
2311 4363 2497 4419 Patres
2536 4364 2826 4418 animiam.
2866 4361 2970 4414 Sed
3006 4372 3058 4414 et
3106 4361 3206 4412 alia
3246 4372 3370 4410 sunt.

166 4452 423 4514 :absﬁvaz,
459 4454 589 4507 θεῖοί
644 4474 778 4524 φασι
830 4459 1097 4529 Πατέρες.
1132 4465 1209 4516 Οὐ
1271 4466 1379 4536 μὴν
1430 4468 1567 4520 ἀλλά
1612 4470 1704 4521 καὶ

1812 4466 2007 4525 praeter
2043 4457 2152 4526 jam
2201 4458 2363 4522 dicta,
2415 4471 2534 4524 qua:
2580 4457 2811 4509 invitare
2856 4462 3079 4522 possunt
3135 4463 3189 4506 et
3221 4453 3369 4505 esci-

162 4541 308 4610 ἒτερά
342 4548 458 4595 ἐστι
491 4547 628 4614 πρὸς
659 4550 769 4608 τοῖς
798 4550 1132 4619 εἰρημένοις,
1168 4555 1236 4606 τὰ
1282 4558 1623 4625 παρακαλεῖν
1647 4576 1705 4612 τε

164 4636 244 4680 καί
286 4634 576 4703 διεγείρειν
609 4636 881 4706 δυνάμενα
933 4642 1073 4708 πρὸς
1101 4644 1198 4710 τὴν
1228 4647 1447 4714 ἀπάτην
1485 4649 1707 4706 ἐκείνων

163 4724 242 4770 καὶ
286 4724 611 4792 μοχθηρίαν,
672 4726 811 4779 ὥστε
862 4729 1165 4784 κλονεῖσθαι
1219 4735 1342 4797 τοὺς
1395 4737 1469 4805 μὴ
1528 4737 1707 4803 καλῶς

166 4830 449 4886 προσίρχον
461 4835 548 4880 τας
577 4820 813 4881 ἑαυτοῖς.
839 4821 1062 4889 Πρῶτον
1085 4825 1188 4892 μὲν
1215 4826 1275 4878 τὸ
1300 4826 1440 4879 λεῖον
1466 4832 1565 4898 τῆς
1588 4831 1707 4901 ἡδο-ι

164 4907 267 4973 γῆς,
297 4913 395 4962 καὶ
439 4912 725 4979 ἀνειμένον
759 4914 938 4983 πάντη
967 4920 1063 4967 καὶ
1094 4917 1393 4971 ἀκόλαστον
1423 4921 1517 4973 τοῦ
1564 4923 1702 4991 βίου,

168 5003 243 5051 καὶ
268 5003 324 5053 τὸ
368 5002 566 5065 ἐξεῖναι
600 5005 784 5056 πᾶσαν
814 5005 1111 5075 ἐπιθυμίαν
1144 5008 1321 5063 τελεῖν
1364 5014 1462 5081 τῆς
1508 5016 1707 5080 σαρκὸς

168 5093 476 5154 ἀκωλύτως
538 5096 678 5159 πρὸς
720 5094 935 5159 τούτοις
969 5099 1241 5153 ἐπίκειται
1300 5102 1395 5155 καὶ
1423 5103 1451 5157 ό
1497 5104 1707 5176 ἀφανὴς

168 5182 333 5251 Ξχέρδς
368 5185 461 5235 καὶ
499 5185 770 5249 ἀντίδικος
803 5187 958 5256 ἡμῶν
986 5188 1233 5253 διάδολος
1272 5193 1413 5260 μετά
1454 5194 1553 5262 τῆς
1584 5198 1707 5247 ὲπι-

168 5274 335 5325 67310:;
386 5276 608 5343 σαρκὸς,
638 5276 911 5344 ὑπηκόους
956 5282 1049 5332 καὶ
1097 5281 1377 5349 ὑπηρέτας
1415 5283 1554 5352 ἔχων
1582 5286 1707 5349 τοὺς

168 5366 449 5429 ἐρωμένους
482 5368 735 5436 εὐμενεῖς
765 5368 992 5438 ἐχθροὺς
1019 5372 1178 5441 ήμῶν
1210 5373 1276 5426 ἀν
1296 5391 1381 5437 τις
1407 5373 1551 5441 εἶπε,
1582 5378 1706 5440 τοὺς

172 5457 524 5520 συνοικοῦντας
589 5460 725 5529 ημῖν
759 5463 850 5512 καὶ
906 5462 1161 5535 καθάπερ
1213 5468 1365 5528 τινὰς
1415 5469 1703 5539 ἀκάρπους

173 5548 409 5612 μελίσσας
428 5552 881 5620 συμμιγνυμὲνας
902 5554 979 5622 τῷ
1008 5555 1100 5608 τοῦ
1125 5556 1361 5625 Χριστοῦ
1384 5561 1701 5627 μελισσῶνι-

171 5639 245 5690 καὶ
273 5644 327 5695 τὺ
364 5644 485 5712 μέλι
531 5644 629 5713 τῆς
668 5645 874 5715 ἀρετῆς
918 5647 1144 5702 ἐκείνων
1176 5651 1447 5720 ὑποσυλᾷν
1498 5670 1703 5725 πειρωη

233 5819 285 5871 ⁸1
320 5822 440 5877 Cur.
472 5838 558 5885 xv,
594 5819 684 5873 '55.

1812 4557 1927 4601 tare
1957 4550 2024 4601 ad
2075 4548 2286 4602 illorum
2320 4547 2536 4601 fraudes
2577 4558 2631 4600 et
2680 4546 2961 4606 malitiam,
2994 4545 3067 4597 ita
3101 4554 3156 4594 nt
3190 4542 3227 4594 ii
3275 4542 3370 4609 qui

1806 4641 1944 4695 bene
1982 4642 2087 4696 sibi
2123 4657 2226 4695 non
2280 4644 2585 4707 attendunt,
2618 4640 2777 4695 facile
2828 4648 3037 4691 nutent.
3088 4640 3154 4691 Et
3190 4637 3366 4707 piiino

1803 4732 2023 4801 quidem
2055 4732 2341 4800 voluptatis
2374 4733 2585 4797 lenitas,
2617 4732 3032 4799 omnimodaque
3082 4731 3365 4793 relaxatio,

1803 4825 2040 4892 vitaeque
2074 4822 2252 4888 luxus,
2284 4833 2337 4878 ct
2370 4824 2581 4878 licentia
2612 4824 2757 4877 nullo
2802 4825 3102 4876 reluctante
3144 4822 3209 4874 ad
3250 4835 3357 4874 0m»

1804 4929 1926 4968 nem
1957 4916 2304 4982 cupiditatem
2346 4916 2526 4970 carnis
2550 4916 2897 4983 explendam;
2926 4916 2991 4968 ad
3034 4914 3147 4967 haec
3188 4914 3363 4966 immi-

1809 5016 1901 5060 net
1943 5005 2236 5060 invisibilis
2288 5017 2469 5059 noster
2514 5007 2765 5060 inimicus
2810 5016 2972 5073 atque
3026 5006 3367 5058 adversarius

1810 5098 2077 5162 diabolus,
2127 5113 2247 5153 cum
2302 5098 2554 5152 iliSidi05:i
2611 5114 2794 5159 carne,
2841 5098 3082 5153 visibiles
3120 5098 3371 5152 subditus

1810 5192 2017 5247 habens
2051 5201 2103 5245 et
2139 5190 2445 5254 ministros,
2478 5192 2660 5245 hostes
2695 5191 2907 5257 quidem
2953 5189 3109 5243 nobis
3138 5191 3368 5251 amicos,

1810 5295 1868 5337 ut
1901 5286 1979 5339 sic
2004 5298 2095 5339 eos
2122 5284 2475 5353 appellemus,-
2510 5284 2883 5338 cohabitantcs
2913 5282 3214 5343 nobiscum,
3250 5281 3367 5347 qui,

1814 5388 1872 5432 ut
1904 5375 2252 5431 infructuosae
2283 5375 2524 5443 quaedam
2558 5391 2706 5442 apes,
2750 5374 2948 5429 Christi
2984 5375 3188 5441 apiario
3214 5390 3364 5425 ςυιιιο

1815 5469 2128 5532 miscentur,
2203 5477 2258 5521 et
2314 5467 2415 5519 mel
2472 5470 2686 5521 virtutis
2732 5482 2915 5519 eorum
2967 5467 3246 5534 subripere
3300 5477 3367 5517 ac

1812 5559 2109 5627 depraedari
2168 5571 2466 5624 conantur;
2520 5559 2767 5612 simulata
2819 5559 3078 5620 amicitia,
3137 5560 3367 5623 ιῑυισκιυσ

1814 5665 1996 5706 amore
2029 5650 2193 5705 noxis
2218 5664 2447 5719 qumque
2477 5664 2688 5718 semper
2735 5650 2837 5704 illis
2870 5649 3155 5704 suadentes
3205 5660 3363 5715 atque
