4150 6312
769 366 870 439 331

1786 364 2280 426 ΤΠΕΟΡΠΑΝΙΞ
2322 364 2669 424 EPI‘SCOPI
2715 364 3001 424 NICENI

3922 370 4033 429 3'32

770 484 1001 553 primum
1043 494 1103 533 ac
1131 478 1425 532 secundum
1456 486 1695 530 ventrem
1729 494 1742 541 ;
1782 488 1930 532 tanto
1962 482 2104 532 enim
2154 494 2346 532 serun-

2453 485 2590 545 μετα
2624 479 2860 539 πίστεως
2893 479 2982 529 καὶ
3017 479 3162 539 υἱοὺς
3198 478 3296 546 μὲν
3329 479 3483 541 θεῖῦ,
3514 480 3772 548 ἀδελφοὺς
3799 479 3857 531 δὲ
3890 481 4003 548 Χρε

769 582 893 640 dus,
928 587 1120 639 nempe
1160 570 1282 624 fons
1312 572 1363 622 in
1405 584 1511 635 quo
1544 583 1949 637 regeneramur,
1989 585 2111 623 cum
2147 570 2343 635 primo,

769 669 858 733 qni
898 664 1105 717 scilicet
1136 672 1188 713 et
1213 660 1377 713 Deum
1416 660 1630 727 excepit
1676 670 1731 711 et
1791 663 2045 728 peperit,
2084 660 2346 725 dignitate

770 755 1219 824 incomparabilis
1250 762 1353 815 εει,
1384 762 1584 818 quanto
1635 749 1893 805 Dominus
1933 751 2025 819 qui
2070 765 2132 802 ex
2171 751 2345 818 primo

771 858 930 901 natus
981 857 1085 911 est,
1135 845 1303 913 major
1329 852 1410 897 est
1441 844 1506 897 iis
1539 843 1629 911 qui
1666 857 1730 896 ex
1760 841 1931 896 altero
1966 851 2344 906 renascuntur,

771 941 878 993 imo
921 952 1050 991 vero
1110 946 1161 988 et
1203 935 1394 1001 magis.
1430 931 1564 985 Nam
1598 932 1687 997 qui
1740 946 1803 985 ex
1838 934 2075 985 secundo
2121 944 2344 995 regene-

772 1041 985 1094 rantnr,
1018 1028 1217 1080 fratres
1244 1026 1411 1091 illitis,
1439 1024 1525 1092 qui
1552 1038 1614 1078 ex
1647 1024 1821 1091 primo
1849 1032 2004 1075 natus
2040 1032 2140 1081 est,
2170 1034 2224 1073 et
2253 1020 2345 1074 Dei

771 1121 864 1175 filii
930 1119 1228 1173 secundum
1292 1114 1522 1183 gratiam
1586 1111 1917 1175 efﬁciuntur,
1970 1120 2025 1162 at
2073 1110 2346 1164 secundus

769 1215 957 1266 alveus
987 1226 1107 1265 cum
1133 1210 1307 1275 primo
1332 1204 1538 1258 nullam
1566 1202 1730 1256 talem
1755 1202 1921 1255 habet
1940 1202 2340 1270 cognationem.

768 1304 908 1370 Quin
945 1304 1053 1355 imo
1080 1301 1221 1352 inter
1248 1312 1365 1350 sese
1397 1296 1467 1348 ita
1498 1293 1773 1358 diﬂerunt,
1803 1303 1860 1345 ut
1894 1292 2111 1359 signum
2140 1290 2349 1344 extrin-

780 1411 962 1449 secnm
1002 1404 1193 1445 natura
1240 1387 1423 1441 diﬂ‘ert
1452 1400 1478 1437 a
1509 1384 1758 1438 veritate.
1804 1382 1902 1437 llla
1933 1383 2073 1443 enim
2102 1388 2185 1433 est
2220 1394 2346 1433 vera

775 1484 869 1539 Dei
899 1481 1089 1545 Mater,
1124 1478 1374 1547 quoniam
1410 1489 1537 1528 vere
1566 1489 1633 1527 ex
1660 1472 1799 1539 ipsa,
1829 1472 1919 1539 qui
1946 1485 2109 1535 supra
2132 1484 2344 1523 onmem

770 1575 1128 1629 substantiam
1175 1576 1278 1630 est,
1320 1565 1557 1631 suscepit
1597 1563 1979 1617 substantiam.
2019 1564 2169 1628 Aqua
2220 1573 2346 1613 vero

772 1670 914 1723 sacri
947 1662 1296 1733 baptismatis
1342 1659 1630 1725 accipitur,
1679 1666 1738 1709 ut
1794 1654 2053 1715 diximus,
2091 1664 2346 1719 tanquam

770 1763 981 1829 signum
1034 1766 1089 1809 et
1140 1754 1310 1821 ﬁgura
1363 1750 1560 1803 vivifici
1616 1747 1759 1800 illius
1816 1760 1881 1798 ac
1952 1743 2042 1798 Dei
2120 1743 2345 1812 hospitis

770 1852 995 1904 ventris.
1042 1847 1141 1900 l’er
1180 1844 1324 1897 illam
1373 1855 1475 1894 nos
1524 1839 1643 1892 sine
1684 1836 1892 1890 carnali
1938 1834 2344 1905 conjunctione,

770 1958 835 1996 ac
876 1940 1086 1993 (veteris
1139 1944 1348 1990 natura:
1393 1930 1668 1997 Operibus,
1704 1929 1754 1981 in
1792 1925 1882 1981 Dei
1932 1926 2070 1979 filios
2119 1925 2348 1978 mirifice

771 2032 1117 2103 rcgencrati,
1176 2025 1598 2090 conformesque
1644 2018 1870 2088 imagini
1929 2015 2191 2069 naturalis
2224 2013 2347 2067 Filii

771 2127 885 2188 lici,
924 2125 1011 2191 qui
1042 2134 1105 2173 ex
1137 2120 1252 2187 ipso
1282 2112 1533 2183 virginali
1603 2110 1917 2177 intactoque
1944 2117 2101 2160 utero
2127 2106 2348 2175 prodiit,
2390 2111 2400 2122 '

770 2219 1051 2276 ellicinmr,
1097 2227 1160 2265 ex
1212 2223 1351 2279 aqua
1399 2218 1529 2259 vero
1572 2202 1707 2257 nihil
1739 2199 2038 2268 accipimus
2089 2203 2230 2266 quod
2283 2198 2352 2253 ad

770 2309 892 2362 novi
935 2304 1169 2359 hominis
1222 2309 1277 2354 et
1322 2299 1620 2365 secundum
1663 2293 1827 2347 Deum
1868 2290 2039 2349 creati
2095 2290 2353 2345 substan-

772 2400 1048 2453 tiationent
1075 2393 1364 2463 pertineat.
1393 2390 1527 2444 Nam
1553 2388 1604 2443 id
1641 2396 1811 2441 totum
1841 2384 1984 2453 quod
2009 2384 2077 2439 ab
2108 2383 2346 2439 secunda

772 2494 875 2544 hac
928 2488 1206 2542 creatione
1261 2492 1422 2551 atque
1470 2477 1883 2551 regeneratione
1938 2482 2268 2544 praestatur,
2314 2487 2345 2527 a

768 2580 1063 2652 praesentia
1092 2576 1270 2631 sancti
1301 2573 1537 2644 Spiritus
1568 2570 1649 2626 ﬁt.

2449 567 2574 619 στοῦ
2612 568 2751 621 κατὰ
2780 568 2938 636 χάριν
2966 570 3053 621 διὰ
3085 570 3146 621 τὸ
3170 570 3366 623 ταυτόν
3395 570 3623 633 πως,ὠς
3657 571 3896 641 εἴρηται,
3917 572 4033 640 τῆς

2449 660 2753 725 γεννήσεως
2780 659 3260 727 ἀπεργαζομένην.
3316 660 3376 711 Εἰ
3416 660 3510 712 καὶ
3536 660 3598 711 τὸ
3632 659 3890 727 διάφορον
3919 658 4028 728 τῆς

2447 748 2669 817 πρώτης
2694 749 2883 817 νηδύος
2914 750 3047 821 πρὸς
3081 749 3178 820 τὴν
3205 749 3489 819 δευτέραν,
3506 747 3627 817 ἦτοι
3647 750 3745 818 τῆς
3770 749 4026 819 θεοδόχω

2448 840 2542 892 καὶ
2569 839 2821 892 θεοτόκου
2855 841 3093 912 γαστρὸς
3146 841 3281 909 πρὸς
3323 839 3419 908 τὴν
3448 839 3834 905 ἀναγεννῶσαν
3870 841 4029 907 ἡμᾶς

2446 931 2852 1000 κολυμϐήθραν,
2899 933 3232 1001 ἀσύγκριτον
3261 932 3376 983 ἐστι
3411 933 3475 1001 τῇ
3510 929 3658 1001 ἀξίᾳ,
3685 930 3882 983 ὁπόσον
3906 933 3936 983 ὁ
3963 932 4034 982 ὲκ

2445 1022 2543 1090 τῆς
2580 1020 2800 1092 πρώτης
2847 1022 3131 1093 γεννηθεὶς
3165 1021 3391 1089 Κύριος,
3444 1023 3581 1090 πρὸς
3612 1026 3739 1083 τους
3791 1022 4037 1087 ἀναγεν-

2446 1112 2721 1180 νωμένου;
2755 1114 2818 1164 ὲκ
2850 1113 2947 1181 τῆς
2979 1114 3258 1182 δευτέρας,
3290 1113 3489 1182 μᾶλλον
3528 1111 3586 1164 δὲ
3616 1113 3709 1164 καὶ
3753 1111 3937 1164 πλέον.
3965 1112 4033 1163 ΟΞ

2446 1201 2555 1269 γὰρ
2586 1203 2650 1253 ὲκ
2676 1202 2776 1270 τῆς
2808 1202 3065 1272 δευτέρας
3092 1201 3561 1270 άναγεννὼμενοι,,
3579 1201 3801 1276 ἀδελφοὶ
3825 1200 3922 1254 τοῦ
3964 1202 4035 1253 ἐκ

2446 1291 2547 1360 τῆς
2577 1292 2801 1363 πρώτης
2825 1292 3177 1361 γεννηθέντος
3212 1291 3346 1345 Υίοῦ
3372 1290 3463 1345 τοῦ
3483 1290 3619 1345 Θεοῦ
3649 1292 4035 1363 χρηματίζου-

2449 1400 2532 1437 σιν
2561 1384 2701 1437 κατά
2732 1387 2890 1454 χάριν
2909 1400 2921 1413 ·
2962 1388 2993 1452 ἡ
3025 1384 3080 1437 δὲ
3127 1385 3356 1454 δευτέρα
3389 1384 3551 1455 νηδὺς
3580 1385 3714 1452 πρὸς
3742 1384 3842 1453 τὴν
3867 1384 4029 1452 πρώ-

2446 1489 2546 1541 την
2592 1473 2848 1541 οὖδεμίαν
2880 1472 3136 1541 τοιαύτην
3199 1475 3525 1539 συγγένειαν
3572 1473 3859 1541 κέκτηται,
3888 1472 4035 1525 ἀλλὰ

2446 1564 2701 1617 τοσοῦτόν
2730 1568 2879 1617 ἐστιν
2914 1565 3161 1634 ἀλλήλων
3204 1562 3409 1633 μεταξὺ
3462 1564 3525 1615 τδ
3569 1563 3849 1630 διάφορον,
3898 1562 4032 1616 ὅσον

2450 1655 2720 1723 σύμϐολον
2764 1656 3089 1726 ὲξωτερικδν
3136 1655 3397 1725 διαφέρον
3428 1658 3494 1723 τῇ
3530 1652 3695 1721 φύσει
3744 1654 3883 1724 πρὸς
3922 1655 4033 1725 τὴν

2447 1745 2729 1814 ἀλήθειαν.
2762 1745 2827 1797 Ἥ
2852 1748 2952 1813 μὲν
2983 1748 3091 1816 γάρ
3118 1748 3265 1799 ἐστιν
3288 1734 3492 1816 ἀληθὴς
3516 1744 3610 1798 τοῦ
3637 1746 3772 1797 Θεοῦ
3796 1747 4027 1816 Μήτηρ,

2447 1836 2535 1889 διὰ
2567 1837 2627 1888 τὸ
2659 1836 2870 1898 ἀληθῶς
2906 1836 2963 1900 ἐξ
2987 1838 3158 1903 αὐτῆς
3186 1838 3523 1905 οὐσιωθῆναι
3547 1837 3639 1889 τὸν
3670 1836 4029 1905 ὑπερούσιον.

2448 1925 2520 1979 Τὸ
2549 1927 2604 1979 δὲ
2633 1927 2776 1996 ὕδωρ
2798 1927 2893 1980 τοῦ
2917 1927 3065 1979 θείου
3093 1928 3496 1997 βαπτίσματος,
3519 1928 3595 1990 ὡς
3624 1927 3900 1996 σύμϐολον
3926 1929 4032 1979 καὶ

2445 2020 2615 2084 τύπος
2648 2021 3146 2090 παραλαμϐάνεται
3198 2022 3297 2089 τῆς
3329 2020 3645 2090 ζωαρχικῆς
3701 2019 3796 2072 καὶ
3844 2019 4034 2072 θεοδό-

2445 2128 2543 2181 χου
2574 2113 2764 2181 νηδύος
2792 2113 3031 2181 ἐκείνης,
3064 2113 3140 2175 ὼς
3162 2112 3396 2181 εἴρηται.
3424 2112 3521 2164 Διά
3554 2111 3616 2164 τὸ
3647 2113 3744 2164 καὶ
3778 2111 3932 2180 ἡμᾶς
3956 2112 4030 2163 ἑκ

2444 2201 2635 2255 τούτου
2685 2204 2854 2272 χωρὶς
2900 2203 3169 2272 σαρκικῆς
3220 2202 3513 2271 συναφείας
3558 2202 3655 2257 καὶ
3698 2204 3809 2257 τῶν
3845 2203 4033 2257 ἄλλων

2445 2292 2543 2362 τῆς
2569 2294 2782 2359 φύσεως
2806 2291 2983 2362 ἔργων
3009 2292 3409 2362 ἀναγεννᾶσθαι
3435 2294 3732 2364 ὑπερφυῶς
3761 2295 3844 2357 είς
3868 2296 4032 2358 υίοὺς

2453 2384 2611 2446 Θεοῦ,
2637 2386 2733 2437 καὶ
2766 2385 3125 2453 συμμόρφους
3172 2383 3273 2453 τῆς
3324 2385 3532 2447 είκόνος
3563 2385 3659 2438 τοῦ
3693 2386 3855 2455 φύσει
3884 2385 4027 2441 Υίοῦ

2451 2476 2545 2527 τοῦ
2591 2476 2727 2529 Θεοῦ
2770 2476 3125 2546 γεννηθέντος
3165 2478 3230 2529 ὲκ
3265 2476 3364 2545 τῆς
3404 2477 3743 2547 παρθενικῆς
3798 2479 4025 2549 ἐκείνης

2442 2567 2538 2620 καὶ
2578 2567 2880 2637 ἀμωμήτου
2911 2568 3150 2637 γαστρός
3171 2581 3185 2596 ·
3217 2567 3281 2619 ὲκ
3314 2565 3423 2638 γὰρ
3473 2566 3567 2621 τοῦ
3613 2568 3805 2631 ὕδατος
3831 2569 4030 2639 ἡμεῖς,

768 2676 921 2731 οὐδέν
958 2692 1011 2727 τι
1064 2670 1423 2741 λαμϐάνομεν
1474 2667 1554 2730 είς
1599 2662 1857 2718 οὺσίωσιν
1905 2659 2001 2715 τοῦ
2037 2660 2228 2717 καινοῦ
2256 2662 2351 2714 καὶ
2388 2661 2532 2714 κατά
2586 2659 2721 2712 Θεδν
2765 2658 3077 2723 κτισθέντος
3124 2658 3438 2730 ἀνθρώπου.
3467 2660 3539 2713 Τὸ
3606 2662 3717 2732 γὰρ
3763 2663 3871 2716 πᾶν
3922 2665 4031 2735 τῆς

767 2770 1024 2841 τοιαύτης
1073 2764 1342 2828 θεοειδοῦς
1394 2759 1811 2831 ἀναγεννήσεώς
1866 2776 1926 2811 τε
1980 2758 2074 2810 καὶ
2127 2755 2508 2823 ἁναπλάσεως,
2587 2756 2620 2824 ἡ
2686 2754 2966 2823 παρουσία
3044 2752 3143 2806 τοῦ
3181 2753 3344 2821 ἁγίου
3379 2752 3703 2824 Πνεύματος
3760 2755 4026 2826 ἀπεργά-

808 2883 944 2919 εται.

808 2883 944 2919 εται.

772 2867 803 2932 ζ
843 2960 896 3013 4.
930 2954 1272 3023 Quapropter
1300 2946 1390 3001 ille
1428 2957 1526 3015 per
1573 2954 1729 2997 suam
1764 2936 2198 2994 incarnationem
2232 2946 2355 3023 quae

771 3021 1007 3100 mentem
1045 3021 1110 3093 ac
1142 3037 1405 3091 rationem
1457 3044 1677 3085 omnem
1732 3034 1975 3094 superat,
2032 3023 2203 3077 nostri
2244 3021 2354 3075 fer-

773 3134 942 3191 menti
986 3128 1296 3199 primitias.
1347 3123 1413 3177 ad
1468 3134 1742 3177 summum
1794 3114 2091 3171 divinitatis
2136 3111 2351 3179 extulit,

770 3225 1012 3282 alliciens
1062 3232 1276 3285 nempe,
1314 3216 1365 3269 id
1405 3214 1552 3283 quod
1598 3226 1627 3263 a
1676 3223 1735 3263 se
1768 3207 1947 3260 fuerat
1986 3210 2347 3271 assumptum,

772 3330 883 3371 sua:
945 3309 1248 3365 divinitatis
1296 3316 1553 3366 consors,
1611 3298 1767 3353 nobis
1834 3296 2029 3352 deinde
2083 3294 2344 3347 unitatem

770 3414 977 3462 naturae
1012 3401 1263 3470 largitus,
1305 3404 1361 3449 et
1408 3407 1596 3457 carne,
1649 3398 1715 3445 et.
1756 3388 2017 3457 sanguine
2065 3385 2347 3440 nobiseum

773 3493 1137 3566 participatis,
1190 3481 1681 3542 consubstantialis
1741 3480 1898 3533 nobis
1959 3474 2185 3531 effectus
2240 3481 2346 3526 est.

774 3589 877 3641 Per
912 3582 1203 3639 secundam
1254 3593 1381 3632 vero
1421 3583 1663 3629 nostram
1716 3571 2050 3626 creationem
2083 3581 2201 3636 qua:
2252 3577 2350 3634 per

772 3679 1099 3748 baptismum
1130 3673 1207 3737 fit,
1238 3668 1445 3736 recepit
1472 3680 1571 3720 nos
1601 3664 1652 3718 in
1697 3663 1894 3717 fratres
1924 3676 1991 3716 ex
2023 3658 2185 3714 simili
2218 3670 2351 3726 quo-

774 3746 895 3822 dam
929 3760 1298 3835 generationis
1352 3756 1533 3820 modo,
1566 3752 1643 3807 uti
1678 3752 1952 3805 diximus:
1993 3748 2164 3802 solum
2204 3746 2348 3799 enim

774 3860 829 3912 in
880 3854 1071 3923 Spiritu
1129 3860 1346 3904 renatos
1399 3848 1741 3900 fraternitate
1816 3842 1999 3906 donat,
2060 3838 2191 3893 deos
2237 3836 2347 3906 jam

772 3964 872 4019 per
897 3945 1134 4017 gratiam
1164 3942 1339 3996 factos
1381 3948 1436 3993 et
1478 3948 1735 4005 tanquam
1780 3937 2001 3988 indutos
2061 3931 2347 3998 imaginem

774 4018 1012 4091 cmlestis
1063 4031 1277 4093 Adami,
1332 4037 1393 4083 ut
1440 4027 1711 4096 quondam
1763 4022 1987 4075 terreni.
2036 4018 2173 4073 Hinc
2203 4018 2348 4071 enim

775 4129 1013 4184 divinam
1064 4124 1296 4177 formam
1339 4119 1634 4187 accipiunt,
1675 4125 1730 4169 et
1771 4114 1837 4167 ad
1880 4113 2046 4181 ipsius
2093 4108 2350 4164 hun‘iani-

778 4220 904 4275 tatis
939 4215 1268 4284 exemplum,
1302 4226 1418 4279 quae
1453 4210 1518 4262 ad
1561 4208 1881 4261 altissimum
1908 4201 2208 4257 divinitatis
2236 4215 2352 4270 gra-

774 4312 900 4363 dum
931 4316 1112 4361 erecta
1140 4313 1243 4366 est,
1280 4298 1626 4354 deificantur.
1661 4293 2003 4362 Quapropter
2032 4306 2138 4346 non
2163 4304 2352 4345 omnes

777 4398 1026 4454 homines
1065 4402 1191 4447 sunt
1244 4390 1440 4443 fratres
1488 4386 1718 4451 Domini,
1768 4385 1862 4439 sed
1911 4385 1947 4438 ii
2000 4389 2210 4438 tantum
2258 4380 2350 4450 qui

778 4498 951 4544 renati
980 4496 1103 4540 sunt
1136 4498 1230 4553 per
1250 4490 1498 4535 sanctum
1537 4478 1885 4547 baptismum,
1918 4486 1973 4530 et
2001 4482 2353 4530 servaverunt

780 4582 1095 4636 deil’ormetn
1133 4572 1590 4645 pulchritudinem
1625 4572 1691 4624 ad
1729 4571 1887 4623 linem
1937 4584 2109 4640 usque
2156 4571 2353 4622 imma-

2524 2935 2588 2989 δ’.
2627 2935 2792 2991 Ὅθεν
2825 2938 2914 2992 διὰ
2944 2940 3044 3009 μὲν
3069 2939 3169 3009 τῆς
3197 2938 3339 3010 ὑπὲρ
3395 2938 3524 2994 νοῦν
3556 2940 3649 2994 καὶ
3674 2939 3832 3009 λόγον
3864 2943 4034 2997 ἐναν-

2454 3022 2794 3097 θρωπήσεως
2858 3029 3046 3097 αὑτοῦ,
3091 3031 3188 3099 τὴν
3245 3029 3346 3099 μὲν
3403 3031 3660 3102 ἀπαρχὴν
3715 3032 3796 3094 είς
3846 3031 4031 3103 ἄκρον

2450 3113 2655 3170 ὲθέωσε
2685 3115 2779 3170 τοῦ
2806 3119 3080 3188 ἡμετέρου
3110 3119 3431 3189 φυράματος
3449 3121 3567 3189 ἦτοι
3594 3120 3654 3173 τὸ
3675 3120 3809 3173 ῐδιον
3845 3122 4031 3191 πρόσ-

2448 3204 2665 3276 λημμα,
2694 3207 2923 3275 όμόθεον
2952 3209 3414 3278 ἀπεργασάμενον
3449 3209 3635 3262 τοῦτο·
3666 3212 3801 3280 ἡμῖν
3850 3211 3909 3263 δὲ
3962 3212 4031 3266 τδ

2447 3294 2692 3364 δμοφυὲς
2752 3295 3091 3366 ἐδωρήσατο,
3155 3300 3495 3367 κοινωνήσας
3540 3300 3671 3367 ήμῖν
3727 3300 4033 3373 παραπλη-

2454 3383 2582 3446 σίως
2616 3385 2817 3449 σαρκὸς
2837 3388 2934 3437 καὶ
2955 3385 3207 3454 αἵματος.
3230 3386 3545 3440 Κάντεῦθεν
3567 3389 3854 3457 ὀμοούσιος
3887 3392 4029 3460 ἡμῖν

2451 3475 2691 3543 γεγονὼς
2717 3476 2806 3529 διὰ
2835 3476 2893 3528 δὲ
2916 3478 3015 3547 τῆς
3045 3478 3405 3542 ἀναπλάσιως
3437 3479 3595 3549 ⁴ἡμῶν
3644 3480 3741 3551 τῆς
3771 3482 3908 3537 κατὰ
3961 3485 4030 3537 τδ

2453 3567 2761 3641 βάπτισμα,
2805 3569 2886 3630 είς
2920 3569 3262 3640 ἀδελφότητα
3300 3572 3621 3641 προσήκατο
3660 3573 3754 3625 καὶ
3773 3574 4028 3644 ἀνήγαγε

2450 3657 2539 3711 διὰ
2560 3659 2618 3710 τὸ
2636 3658 2998 3730 όμοιότροπόν
3027 3676 3167 3726 πως,
3186 3660 3262 3723 ὡς
3286 3660 3527 3730 εἴρηται,
3544 3661 3641 3737 τῆς
3672 3663 3986 3732 γεννήσεως
4010 3682 4027 3698 ·

2450 3749 2575 3812 τοὺς
2600 3751 2711 3820 γὰρ
2740 3752 3226 3819 ἀναγεννωμένους
3264 3753 3322 3804 ὲν
3369 3752 3646 3820 πνεύματι
3697 3755 3895 3823 μόνους
3925 3756 4033 3825 ei”;

2455 3838 2815 3910 ἀδελφότητας
2851 3841 2995 3905 ἀξιοῖ
3045 3842 3205 3905 θεοὺς
3248 3841 3390 3894 κατὰ
3448 3843 3608 3911 χάριν
3650 3842 3907 3896 ἐντεῦθεν
3935 3860 4031 3913 γε-

2455 3933 2843 4001 γεννημένους,
2875 3933 2950 3996 ὡς
2981 3934 3321 4001 φορέσαντας
3378 3934 3478 4004 τὴν
3516 3935 3705 3989 εἰκόνα
3734 3935 3825 3988 τοῦ
3857 3940 4026 3989 ἐπου-

2460 4026 2643 4095 ρανίου
2697 4026 2875 4109 Ἀδὰμ
2921 4025 3112 4098 ὥσπερ
3169 4029 3363 4099 πρώην
3401 4029 3495 4082 τοῦ
3540 4030 3745 4097 χοϊκοῦ.
3798 4032 3871 4083 Τὸ
3918 4034 4031 4104 γάρ

2456 4116 2597 4169 θεῖον
2625 4115 2765 4180 εἶδος
2806 4119 3057 4174 ἐντεῦθεν
3097 4121 3458 4189 λαμϐάνουσι,
3509 4121 3647 4177 καθὸ
3669 4122 3912 4191 γίνονται
3938 4140 4031 4177 τε·

2454 4211 2720 4282 θεωμένοι
2748 4212 2937 4284 ὥσπερ
2989 4217 3067 4277 εἰς
3120 4215 3291 4282 ἄκρον
3335 4212 3542 4286 ὲθεὼθη
3576 4217 3670 4269 καὶ
3720 4217 3782 4269 τὸ
3816 4218 4029 4288 ἀνθρώ-

2454 4317 2607 4354 πινον
2650 4301 2866 4356 τούτου.
2896 4302 2997 4355 Διά
3045 4303 3153 4371 γὰρ
3182 4303 3340 4356 τοῦτο
3383 4305 3444 4355 οὐ
3498 4306 3698 4368 πάντες
3747 4305 4028 4377 ἄνθρωποί

2454 4391 2591 4442 είσιν
2620 4392 2844 4460 ἀδελφοὶ⁵
2872 4392 2965 4444 τοῦ
3011 4392 3244 4461 Κυρίου,
3299 4393 3416 4447 ἀλλ’
3463 4397 3511 4448 oi
3559 4398 4025 4466 ἀναγεννηθέντες

2453 4479 2543 4534 διὰ
2589 4483 2687 4537 τοῦ
2752 4483 2900 4536 θείου
2952 4484 3356 4553 βαπτίσματος,
3417 4489 3511 4539 καὶ
3574 4489 3923 4558 τηρήσαντες
3965 4491 4023 4544 τὸ

2456 4568 2689 4635 θεοειδὲς
2729 4572 2929 4636 κάλλος
2979 4574 3314 4642 ἁκηλίδωτον
3366 4575 3528 4645 μέχρι
3568 4575 3773 4639 τέλους.
3809 4579 4022 4649 Ὥσπερ

781 4672 1038 4727 cnlatam.
1078 4666 1147 4721 Ut
1196 4664 1343 4718 enim
1378 4677 1475 4716 nos
1492 4674 1777 4729 nunquam
1827 4674 2018 4729 equos,
2055 4668 2149 4713 aut
2197 4672 2349 4713 canes

2464 4664 2574 4733 γὰρ
2604 4666 2784 4733 ἡμεῖς,
2810 4665 2872 4717 οὺ
2916 4665 3018 4719 κᾶν
3063 4682 3191 4717 ποτε
3237 4666 3569 4736 καλέσαιμεν
3609 4669 3872 4736 ἀδελφοὺς
3897 4674 4024 4733 τοὺς

780 4776 1104 4818 vocaremus
1137 4758 1359 4821 fratres,
1401 4769 1465 4808 eo
1501 4754 1643 4822 quod
1680 4761 1864 4807 nostra
1911 4767 2061 4818 caro,
2106 4753 2250 4807 sicut
2299 4757 2355 4805 et

781 4854 1018 4915 illorum,
1065 4864 1131 4901 ex
1164 4857 1305 4900 terra
1340 4851 1576 4909 constet,
1623 4840 1970 4909 mortalisque
2002 4842 2074 4895 sit
2099 4847 2153 4893 et
2181 4839 2358 4909 passi-

722 4992 727 4993 ,
782 4945 929 5005 bilis,
977 4939 1230 4994 sensibus
1280 4944 1333 4989 et
1384 4933 1696 5002 sanguineis
1726 4932 1877 4987 venis
1924 4940 2223 4999 compacta,
2277 4937 2358 4983 at-

782 5044 1063 5101 tractoque
1090 5044 1186 5100 per
1208 5027 1517 5097 pulmonem
1547 5038 1672 5079 aere
1695 5022 1851 5092 quasi
1882 5023 1932 5077 in
1960 5038 2017 5077 se
2048 5023 2163 5091 ipsa
2192 5021 2357 5075 vitam

732 5152 737 5155 ι
782 5127 1088 5185 includens,
1122 5123 1214 5176 sed
1252 5118 1561 5188 adiectione
1602 5116 1829 5171 rationis
1880 5115 1946 5168 ab
1981 5115 2193 5168 illorum
2236 5112 2352 5165 alli—

784 5218 947 5269 nitate
978 5229 1039 5266 ac
1067 5212 1411 5265 fraternitate
1439 5207 1762 5272 differimus,
1794 5204 2124 5273 accipientes
2145 5212 2353 5255 tantum

782 5307 835 5359 in
876 5304 1068 5357 horum
1099 5301 1537 5354 communionem
1584 5310 1695 5356 eos,
1749 5295 1838 5363 qui
1890 5294 2099 5347 ratione
2144 5289 2354 5359 praediti

781 5406 946 5459 sunt;
982 5394 1061 5447 sic
1080 5402 1130 5447 et
1154 5391 1406 5446 Salvator
1439 5398 1623 5443 noster
1651 5396 1887 5439 nostram
1919 5401 1985 5438 ex
2019 5385 2195 5448 nobis,
2230 5398 2353 5437 cum

782 5486 1168 5549 assumpsisset
1196 5493 1470 5543 naturam,
1528 5495 1631 5532 non
1666 5477 1807 5531 hanc
1837 5475 2063 5539 nudam,
2095 5483 2185 5528 aut
2210 5474 2352 5528 divi-

783 5597 865 5635 na:
891 5580 1076 5650 gloriae
1116 5585 1389 5643 expertem
1439 5590 1559 5630 esse
1607 5574 1795 5640 voluit,
1833 5574 1924 5626 sed
1969 5588 2088 5626 eam
2140 5588 2201 5624 ex
2234 5573 2346 5641 ipsa

784 5673 1024 5725 unitione
1067 5670 1255 5723 ditavit
1280 5666 1474 5720 divina:
1498 5677 1701 5718 natum
1732 5664 2166 5734 proprietatibus.
2198 5665 2350 5716 ldeo-

784 5777 891 5835 quc
930 5780 1062 5820 .cum
1116 5765 1251 5817 hanc
1314 5759 1419 5812 Deo
1482 5757 1695 5823 dignam
1753 5757 1980 5822 gratiam
2043 5752 2349 5808 hominibus

2454 4756 2656 4818 ἵππους
2707 4755 2801 4807 καὶ
2831 4754 2999 4818 κύνας
3073 4756 3163 4809 διὰ
3218 4757 3277 4808 τὸ
3310 4758 3409 4826 τὴν
3454 4759 3609 4827 ήμῶν
3653 4776 3710 4811 τε
3758 4761 4027 4815 κάκείνων

2459 4847 2639 4917 σάρκα
2672 4846 3073 4918 παραπλησίως
3102 4851 3164 4900 ἐκ
3195 4848 3297 4916 γῆς
3324 4851 3646 4917 ὑφεστάναι,
3681 4851 3777 4903 καὶ
3819 4851 4025 4923 θνητὴν

2456 4938 2701 5001 όσαύτως
2723 4933 2863 4991 εἶναι
2906 4939 2999 4991 καὶ
3028 4938 3300 5009 παθητὴν,
3336 4940 3587 5008 αἰσθήσει
3633 4942 4025 5011 συνδεδεμένην

2458 5025 2553 5077 καὶ
2579 5026 2784 5093 ὀχετοῖς
2811 5026 3060 5094 αἱμάτων
3090 5029 3185 5078 καὶ
3216 5031 3282 5098 τῇ
3314 5028 3400 5081 διὰ
3434 5029 3528 5081 τοῦ
3561 5030 3863 5098 πνεύμονος
3889 5032 4023 5102 ὁλκῇ

2457 5112 2554 5164 τοῦ
2588 5115 2774 5181 αέρος,
2805 5116 2902 5183 τὴν
2935 5115 3078 5183 ζωὴν
3124 5115 3311 5185 ὥσπερ
3344 5120 3400 5169 ὲν
3456 5119 3624 5189 ἑαυτῇ
3680 5122 4029 5189 περικλείου-

2456 5221 2578 5269 σαν,
2604 5206 2742 5258 ἀλλά
2772 5208 2837 5274 τῇ
2887 5206 3177 5278 προσθήκῃ
3236 5207 3328 5260 τοῦ
3386 5208 3604 5276 λογικοῦ
3659 5211 4024 5282 διεστήκαμεν

2453 5295 2553 5357 τῆς
2604 5296 2872 5363 όμοψυϊας
2923 5296 3147 5348 ἐκείνων
3194 5299 3285 5351 καὶ
3352 5298 3731 5369 ἁδελφότητος,
3786 5304 3914 5366 τοὺς
3963 5303 4026 5357 τὸ

2452 5384 2672 5452 λογικὸν
2706 5389 2863 5455 μόνον
2889 5387 3341 5458 πεπλουτηκότας
3372 5393 3451 5452 είς
3500 5393 3780 5444 κοινωνίαν
3819 5394 4027 5448 τούτων

2454 5475 2755 5543 δεχόμενοι,
2804 5475 2947 5528 οὕτω
2998 5479 3093 5529 καὶ
3145 5482 3171 5528 ὁ
3220 5480 3409 5549 Σωτὴρ
3449 5481 3606 5549 ήμῶν
3657 5481 3717 5544 ἐξ
3777 5483 3936 5551 ἡμῶν
3966 5485 4027 5537 τὸ

2460 5566 2737 5634 ἡμέτερον
2767 5568 3232 5637 προσλαϐόμενος,
3270 5573 3327 5622 οὐ
3363 5571 3520 5638 tiri/3w
3552 5574 3735 5641 ἐτήρει
3775 5575 3877 5626 ’καὶ
3920 5574 4024 5645 τῆς

2460 5658 2607 5718 θείας
2639 5658 2795 5725 δόξης
2825 5662 3112 5728 ἀμέτοχον,
3140 5664 3251 5714 ἀλλ’
3283 5664 3341 5727 ἐξ
3391 5666 3561 5732 αὐτῆς
3614 5667 3856 5727 ὲνώσεως
3910 5666 4024 5731 τοῖς

2460 5750 2713 5817 ίδιώμασι
2748 5752 2843 5819 τῆς
2891 5753 3041 5816 θείας
3078 5757 3483 5827 κατεπλοὶτγδσε
3514 5759 3751 5826 φύσεως.
3790 5760 3894 5810 Καὶ
3931 5758 4019 5814 δεᾶ
