4150 6312
111 411 219 475 331

1444 397 1822 461 EPISTOLA
1865 396 1987 457 III.

3271 378 3378 439 338

116 528 283 595 ρίσας
309 526 493 588 αὐτοῖς
526 523 799 594 ἔνεργεῐν,
835 522 930 575 καὶ
959 520 1048 573 διά
1092 519 1249 574 τοῦτο
1300 524 1693 588 χειροτονήσας
1723 563 1726 571 ι

1828 509 2033 565 metum
2060 508 2127 563 ab
2156 506 2260 563 illis
2285 503 2624 561 eﬂieiendum
2658 502 2789 571 ipsis
2819 496 3089 561 attribuit,
3125 510 3189 551 ac
3219 509 3381 566 prop-

116 621 323 682 αὐτοὺς
358 619 548 686 ὥσπερ
578 618 772 678 ἄλλους
827 615 982 676 θεοὺς
1038 613 1133 665 καὶ
1177 609 1569 681 δημιουργοὺς,
1627 609 1692 675 τῇ

116 710 379 780 ἐνεργείᾳ
441 708 536 761 τοῦ
599 706 947 775 παντουργηῦ
1000 702 1319 771 Πνεύματος
1361 699 1695 769 δυναμένους

118 803 308 853 ποιεῖν
368 800 436 853 τὰ
471 798 707 869 μεγίστα
727 799 825 867 τῆς
855 798 1005 859 θείας
1054 797 1336 864 δυνάμεως
1360 795 1519 864 ἔργα.
1587 792 1697 844 Καὶ

119 893 180 958 ἐξ
209 887 289 948 ῶν
337 894 579 963 μάλιστα
608 893 671 944 τό
698 908 758 943 τε
792 890 1036 943 ποικίλον
1058 890 1159 957 τῆς
1190 887 1384 957 σοφίας
1412 887 1507 940 καὶ
1537 884 1700 939 δυνά·

122 1001 274 1053 μεως
298 983 400 1037 τοῦ
434 983 574 1036 Θεοῦ
616 982 862 1051 γνωστὸν
891 984 1122 1049 γίνεται,
1178 980 1271 1033 καὶ
1301 979 1331 1031 ό
1362 978 1461 1047 τῆς
1492 977 1700 1045 ἀγαθόο

120 1093 285 1144 τητος
314 1075 728 1144 ἀνεξιχνίαστος
762 1073 927 1128 αὑτοῦ
964 1072 1197 1135 πλοῦτος
1224 1070 1696 1133 ἀποκαλύπτεται,

122 1162 190 1214 δι’
220 1162 250 1215 δ
306 1164 403 1215 καὶ
443 1164 471 1215 ό
506 1164 651 1226 θεῖος
704 1164 860 1233 ἔλεγε
914 1164 1155 1226 Παῦλοςο
1214 1161 1502 1231 Συγεργοὶ
1552 1159 1700 1215 Θεοῦ

124 1254 343 1321 ἐσμεν.
385 1257 498 1308 Καὶ
533 1256 645 1325 γάρ
677 1257 899 1309 πάντων
931 1255 1038 1308 τῶν
1075 1254 1255 1324 ἔργων
1307 1248 1384 1307 ὧν
1443 1253 1702 1324 ἐποίησεν

122 1347 150 1396 ὁ
190 1346 329 1408 Θεὸς
352 1348 449 1399 καὶ
486 1347 597 1399 τῶν
619 1348 831 1416 νοητῶν
890 1348 986 1400 καὶ
1027 1345 1137 1398 τῶν
1163 1344 1440 1414 αἰσθητῶν
1466 1343 1527 1395 τὸ
1586 1344 1704 1412 μεῖ-

123 1437 219 1500 ζόν
243 1440 398 1491 ἐστιν
446 1440 811 1508 ἀσυγκρίτοις
860 1438 1178 1509 ὑπεροχαῖς,
1224 1441 1256 1507 ή
1313 1438 1435 1492 θεία
1467 1437 1615 1507 ψυχή
1643 1455 1704 1490 τε

126 1528 220 1580 καὶ
242 1529 386 1597 σὰρξ
414 1531 511 1582 τοῦ
543 1532 851 1584 Δεσπότου.
883 1532 947 1584 Τί
970 1531 1078 1599 γὰρ
1108 1529 1293 1599 μεῖζον
1318 1529 1414 1582 τοῦ
1457 1529 1556 1597 τὴν
1577 1528 1702 1581 καθ’

124 1623 274 1688 ἡμᾶς
318 1619 511 1687 φύσιν,
581 1622 675 1674 τοῦ
711 1624 849 1675 Θεοῦ
874 1623 1047 1689 Λόγου
1082 1623 1247 1689 φύσιν
1286 1621 1548 1690 γενέσθαι
1580 1622 1704 1674 καθ’

125 1710 323 1766 ἕνωσιν
357 1713 739 1781 ύποστατικὴν
768 1730 781 1775 ;
813 1713 981 1763 Ὅσον
1000 1710 1107 1779 ἄρα
1133 1711 1382 1781 διαφέρει
1409 1712 1469 1763 τὸ
1498 1711 1707 1779 ἀνθρὼ-

128 1818 285 1855 πινον
315 1803 414 1856 τοῦ
446 1804 704 1870 Σωτῆρος
752 1803 862 1853 τῶν
919 1803 1200 1873 Χερουϐὶμ
1256 1804 1349 1855 καὶ
1409 1803 1704 1872 Σεραφίμ’

130 1895 388 1964 διαφέρει
419 1896 479 1949 δὲ
509 1861 635 1948 ὅσον
674 1861 861 1947 δούλου
885 1861 1195 1962 osor-term:
1232 1861 1496 1947 τοσοῦτον.
1532 1861 1711 1946 καὶ-τὺ
1743 1861 1784 1913 Β

136 1986 298 2055 ἔργον
324 1985 431 2054 τῆς
456 1986 609 2049 θείας
642 1985 974 2055 σαρκώσεως
1005 1987 1281 2054 διενήνοχε
1319 1987 1420 2053 τῆς
1447 1986 1713 2054 δημιουρη

133 2077 258 2141 γίας
292 2076 405 2128 τῶν
432 2076 824 2146 ὑπερκοσμίων
879 2074 1187 2144 δυνάμεων.
1229 2076 1401 2128 Τοῦτο
1444 2075 1627 2128 τοίνυν
1655 2077 1715 2129 τὸ

134 2169 561 2237 ἀνυπέρϐλητον
615 2172 779 2239 ἔργον
852 2172 946 2222 καὶ
993 2172 1105 2231 τοῖς
1145 2169 1468 2232 ἀποστόλοις
1512 2170 1715 2233 ὁμοίως

137 2262 385 2329 ἐνεργεῖν
413 2262 637 2326 δέδωκε,
706 2262 802 2313 καὶ
841 2262 906 2313 δι’
974 2260 1203 2314 ὶκείνων
1252 2261 1379 2322 τοὺς
1436 2259 1716 2327 διαδόχους

140 2354 371 2406 ἐκείνων
407 2352 505 2406 καὶ
536 2352 775 2419 καθεξῆς
803 2355 928 2407 τοὺς
952 2352 1173 2413 λοιποὺς
1207 2352 1370 2422 μέχρι
1403 2352 1500 2419 τῆς
1532 2352 1720 2403 τελευ-

140 2445 237 2511 τῆς
278 2444 377 2497 τοῦ
429 2445 697 2511 παρόντος
736 2444 873 2512 βίου.
911 2446 1116 2513 Ἀρτον
1148 2444 1256 2511 γὰρ
1294 2442 1391 2494 καὶ
1418 2437 1560 2495 οίνον
1582 2442 1721 2509 λαμ-

142 2533 407 2594 ϐάνοντες
434 2536 500 2601 τῇ
537 2534 791 2603 ἐνεργείᾳ
808 2532 902 2584 τοῦ
934 2532 1077 2583 θείου
1100 2532 1440 2599 Πνεύματος,
1461 2533 1541 2593 εἰς
1562 2531 1720 2598 σῶμα

143 2629 233 2676 καὶ
270 2619 417 2705 αἷμα
453 2625 805 2687 Δεσποτικὺν,
866 2618 909 2676 ῶ
944 2626 1037 2676 τοῦ
1102 2624 1411 2691 Θαύματοςί
1452 2622 1723 2691 μεταϐάλ-

144 2716 334 2767 λουσι·
391 2717 487 2768 καὶ
545 2716 693 2768 λύειν
743 2716 839 2768 καὶ
890 2716 1111 2784 δεσμεῖν
1151 2714 1427 2786 ἁμαρτίας
1474 2715 1723 2779 ἐξουσίαν

148 2807 461 2875 εἰλήφασιν,
504 2808 533 2859 ὃ
568 2809 728 2875 μόνου
783 2810 917 2861 Θεοῦ
968 2810 1130 2882 ἔργον
1182 2809 1437 2878 ὑπάρχει.
1474 2808 1583 2859 Καὶ
1635 2809 1729 2860 ἀν-

149 2895 409 2964 θρώπους
458 2896 853 2964 λαμϐάνοντες,
885 2899 972 2951 διὰ
1030 2898 1123 2951 τοῦ
1164 2897 1310 2949 θείου
1348 2895 1726 2966 βαπτίσματος

148 2988 496 3054 ἀναγεννῶσι
520 2990 616 3041 καὶ
646 2989 1083 3042 ἀνατήάττουσιν
1121 2992 1199 3049 εἰς
1238 2992 1387 3051 υἱοὺς
1435 2991 1569 3043 Θεοῦ
1637 2994 1728 3044 καὶ

152 3079 304 3142 θεοὺς
344 3081 489 3131 κατὰ
516 3080 696 3147 χάριν,
724 3080 918 3149 ὥσπερ
986 3081 1051 3133 ἂν
1111 3079 1163 3131 εἴ
1204 3099 1286 3143 τις
1340 3083 1505 3135 ἵππον
1542 3083 1729 3137 λαϐὼν

1806 610 1953 657 terea
1983 599 2189 655 creavit
2226 612 2321 653 eos
2365 596 2533 651 veluti
2558 594 2691 649 deos
2718 601 2772 647 et
2803 600 3105 653 creatores,
3132 595 3380 656 potentes

1804 692 2008 746 virtute
2040 688 2432 756 omnipotentis
2461 685 2701 755 Spiritus
2763 687 2999 737 maxima
3033 679 3381 734 divinarvir-

1805 787 1940 841 tutis
1970 784 2183 840 efﬁcere
2210 798 2395 853 opera.
2431 780 2497 835 Et
2528 795 2656 853 vero
2686 794 2751 833 ex
2796 776 2865 832 iis
2906 772 3254 829 multiformis
3286 770 3380 824 Dei

1806 881 2071 949 sapientia
2127 887 2179 931 et
2230 852 2404 931 virtus
2438 852 2712 946 praciptte
2761 878 3001 938 apparet,
3055 875 3109 920 et
3158 862 3381 917 investi-

1808 973 2012 1043 gabiles
2044 969 2307 1024 bonitatis
2342 967 2510 1035 ipsius
2543 964 2871 1030 detegantur
2898 958 3119 1012 divitiae.
3147 955 3385 1021 Ideoque

1808 1066 1999 1119 beatus
2043 1062 2257 1117 dicebat
2292 1058 2525 1113 Paulus:
2564 1056 2661 1109 Dei
2696 1059 3060 1122 cooperatores
3104 1063 3283 1101 sumus
3317 1046 3384 1097 δ’.

1811 1153 2021 1208 Etenim
2054 1152 2299 1205 omnium
2340 1162 2563 1217 operum
2620 1156 2725 1199 tam
2782 1140 3148 1211 spiritualium
3225 1150 3387 1203 quam

1810 1257 2215 1314 corporeorum,
2241 1254 2362 1308 qua:
2398 1238 2538 1292 Deus
2564 1236 2711 1301 fecit,
2740 1231 3035 1287 maximum
3069 1240 3151 1284 est
3184 1229 3392 1281 incom-

1767 1347 1770 1350 '
1810 1337 2037 1407 parabili
2067 1332 2406 1394 excellentia,
2438 1344 2590 1385 sacra
2617 1327 2795 1381 anima
2854 1334 2909 1378 et
2930 1338 3057 1377 caro
3086 1319 3388 1374 Dominica.

1811 1428 1952 1496 Quid
2005 1427 2151 1482 enim
2212 1424 2385 1491 majus
2448 1432 2550 1484 est,
2618 1434 2777 1489 quam
2840 1425 3079 1470 nostram
3137 1412 3388 1463 naturam

1813 1523 2109 1578 secundum
2129 1518 2384 1574 unionem
2406 1513 2800 1585 hypostaticsm
2824 1508 2935 1562 ﬁeri
2961 1515 3209 1560 naturam
3234 1499 3393 1556 Verbi

1814 1614 1953 1669 Dei?
1997 1613 2269 1678 Quantum
2292 1624 2423 1677 ergo
2448 1614 2667 1675 praetat
2702 1602 2810 1669 (4|)
2845 1597 3158 1653 humanitas
3207 1592 3395 1645 Salva-

1816 1708 1947 1761 toris
1983 1706 2116 1773 ipsis
2150 1700 2443 1759 Cherubim
2484 1708 2536 1750 et
2588 1693 2873 1762 Seraphim
2921 1690 3165 1759 (praestat
3216 1692 3395 1737 autem

1816 1805 2079 1865 quantum
2139 1807 2303 1847 servo
2352 1786 2673 1855 Dominus),
2713 1793 2923 1836 tantum
2981 1779 3145 1834 etiam
3203 1774 3399 1829 divina:

1814 1886 1993 1940 carnis
2053 1883 2333 1954 generatio
2393 1886 2617 1948 superat
2682 1872 3021 1928 creationem
3092 1865 3396 1921 caelestium

1814 1985 2165 2048 potestatum.
2195 1972 2307 2027 lloc
2334 1987 2463 2038 ergo
2498 1968 2757 2023 eximium
2800 1977 2937 2031 opus
2977 1957 3237 2028 apostolis
3268 1970 3401 2025 quo-

1815 2082 1919 2135 que
1963 2065 2327 2121 exercendum
2366 2061 2532 2125 dedit,
2572 2069 2625 2113 et
2672 2072 2767 2125 per
2814 2055 2931 2107 illos
2968 2066 3157 2105 eorum
3190 2060 3408 2102 succes-

1817 2158 2056 2221 soribus,
2094 2166 2150 2210 et
2182 2155 2443 2222 deinceps
2480 2151 2707 2217 reliquis
2748 2160 2920 2216 usque
2961 2146 3027 2197 ad
3059 2154 3409 2195 consumma-

1818 2255 2022 2307 tionem
2057 2250 2219 2317 hujus
2268 2249 2411 2301 vitaa.
2467 2245 2667 2297 Panem
2716 2242 2862 2294 enim
2916 2245 2971 2291 et
3028 2236 3216 2288 vinum
3268 2230 3410 2285 acci-

1822 2349 2052 2415 pientes,
2089 2344 2287 2395 virtute
2336 2340 2574 2407 Spiritus
2636 2334 2807 2388 sancti
2865 2332 2916 2383 in
2969 2342 3166 2396 corpus
3196 2333 3249 2377 et
3284 2338 3411 2378 san-

1822 2439 2038 2509 guinem
2092 2433 2518 2495 Dominicum,o
2576 2443 2686 2481 rem
2747 2419 3167 2479 admirabilem!
3231 2427 3412 2470 trans-

1825 2537 2054 2592 mutant,
2096 2525 2335 2581 solvendi
2390 2522 2552 2576 etiam
2605 2527 2660 2572 et
2713 2515 2910 2584 ligandi
2968 2519 3216 2581 peccata,
3266 2507 3412 2575 quod

1825 2622 2043 2691 quidem
2077 2617 2248 2673 solius
2294 2615 2388 2669 Dei
2427 2623 2509 2668 est
2542 2626 2698 2677 opus,
2740 2610 2840 2677 ipsi
2895 2611 3217 2675 potestatem
3254 2613 3407 2653 acce-

1827 2722 2044 2781 perunt.
2099 2708 2204 2763 Sed
2253 2716 2307 2759 et
2354 2705 2601 2757 homines
2657 2715 2751 2768 per
2807 2711 3024 2751 sacrum
3080 2692 3410 2761 baptismum

1828 2808 2173 2871 regenerant,
2217 2809 2378 2866 atque
2414 2796 2464 2848 in
2509 2794 2597 2847 Dei
2637 2791 2775 2843 hlios
2819 2788 3063 2853 deosque
3111 2782 3411 2838 secundum

1830 2890 2413 2963 gratiam'rel'ormant,
2441 2902 2545 2938 non
2596 2884 2757 2935 aliter
2786 2878 2946 2949 quam
2979 2878 3024 2931 si
3060 2876 3181 2944 quis
3211 2887 3411 2943 equum

1832 2986 1883 3039 in
1912 2993 2158 3040 naturam
2192 2982 2427 3037 hominis
2462 2982 2890 3037 transmutaret;
2946 2972 3058 3024 imo
3087 2983 3211 3022 vero
3246 2964 3415 3019 multo

1834 3081 2040 3147 majora
2092 3077 2203 3129 hme
2266 3081 2389 3126 sunt
2444 3070 2696 3124 omnibus
2728 3067 2795 3120 iis
2825 3079 2944 3133 qua:
2973 3064 3237 3115 hactenus
3270 3059 3415 3112 dicta

154 3171 496 3238 μετέπλασεν
539 3172 619 3233 είς
670 3172 835 3239 φύσιν
896 3171 1207 3241 ἀνθρώπου,
1250 3173 1453 3241 μᾶλλον
1531 3174 1589 3226 δὲ
1643 3175 1726 3226 καΊ

1840 3176 2006 3234 sunt;
2045 3168 2221 3236 majus
2255 3166 2400 3219 enim
2432 3170 2517 3216 est
2558 3174 2751 3227 panem
2800 3167 2853 3211 et
2891 3157 3073 3209 vinum
3122 3153 3174 3205 in
3219 3164 3418 3217 corpus

151 3262 335 3333 πολλῷ
368 3262 546 3332 μείζω
573 3263 749 3317 ταῦτα
778 3262 885 3315 τῶν
914 3264 1124 3316 πολλῶν
1153 3265 1484 3335 εἰρημένων.
1517 3266 1724 3330 Μεῖζον

151 3356 257 3426 γάρ
289 3358 413 3409 ἐστι
445 3357 506 3408 τὸ
537 3357 627 3409 τὸν
674 3357 843 3425 ἄρτον
894 3358 989 3408 καὶ
1037 3351 1181 3410 οἶνον
1224 3358 1301 3419 είς
1372 3357 1535 3427 σῶμα
1582 3358 1727 3411 θεῖον

155 3448 489 3517 μεταϐαλεῖν
512 3448 606 3501 καὶ
629 3448 919 3518 ἄνθρωπον
959 3448 1084 3502 θεὸν
1125 3449 1267 3507 κατά
1294 3450 1455 3521 χάριν
1481 3451 1729 3521 ποιῆσαι,

151 3540 183 3609 ἢ
210 3542 448 3610 οὐρανὸν
486 3541 584 3594 καὶ
617 3541 887 3609 ἀγγέλους
910 3540 1161 3612 ποιῆσαι.

222 3635 288 3698 ζ’.
323 3636 549 3703 Ταύτην
572 3632 690 3699 οὖν,
717 3634 1013 3702 ἀγαπητοὶ,
1062 3636 1162 3703 τὴν
1185 3635 1595 3707 δημιουργικὴν
1639 3639 1733 3690 καὶ

155 3728 406 3781 θεοποιλν
456 3728 617 3797 χάριν
668 3726 760 3778 καλ¹
788 3726 1019 3795 δύναμιν
1082 3726 1175 3779 τοῦ
1231 3728 1441 3795 ἀγαθοῦ
1484 3730 1734 3799 Πνεύμαο

154 3839 243 3885 τος
285 3824 413 3891 ἥτις
467 3821 713 3889 ἐνεργεῖν
771 3818 840 3872 τὰ
911 3819 1085 3888 μείζω
1140 3820 1362 3876 πάντων
1418 3824 1737 3891 κτισμάτων

155 3912 212 3965 ὲν
240 3912 447 3980 ἀκαρεῖ
473 3909 720 3974 δύναται,
752 3910 780 3962 ὁ
822 3910 1021 3979 ίερεὺς,
1044 3903 1104 3979 lii)
1132 3912 1229 3974 τῆς
1274 3913 1404 3981 περὶ
1444 3914 1593 3982 ἡμᾶς
1642 3915 1737 3968 τοῦ

156 4001 293 4055 Θεοῦ
331 4002 514 4065 Λόγου
546 4000 955 4069 φιλανθρωπίας
996 4002 1091 4055 καὶ
1141 4002 1389 4071 δωρεᾶςί
1431 4005 1741 4075 ἀναμφιϐό-

158 4094 261 4156 λως
310 4089 628 4161 κομίζεται,
655 4092 765 4145 Καὶ
790 4091 898 4162 γὰρ
954 4091 1062 4147 καὶ.
1100 4086 1257 4155 οὗτος
1311 4093 1515 4161 ὁμοίως
1575 4095 1741 4164 ἄρτον

161 4190 253 4238 καὶ
294 4180 445 4237 οἶνον
480 4182 799 4251 λαμϐάνων,
837 4185 905 4251 τῇ
956 4184 1244 4256 ὲνοικούσῃ
1296 4184 1476 4255 τούτῳ
1520 4185 1609 4238 διὰ
1647 4187 1742 4239 τοῦ

160 4275 464 4343 χρίσματος
490 4273 585 4339 τῆς
620 4272 921 4340 ἱερωσύνης
966 4273 1087 4343 θεία
1137 4274 1387 4343 δυνάμει,
1446 4277 1527 4339 είς
1585 4278 1743 4347 σῶμα

162 4367 251 4417 καὶ
300 4359 446 4431 αἷμα
474 4362 806 4432 μεταϐάλλει
835 4365 1170 4417 Δεσποτικόν
1201 4380 1215 4397 ν
1256 4366 1447 4435 μεῖζον
1489 4368 1745 4421 ἐντεῦθεν

163 4457 535 4526 ἐργαζόμενος
602 4454 885 4524 ἔργον,ὼς
948 4456 1244 4521 δέδεικται,
1295 4457 1326 4527 ἢ
1368 4458 1528 4528 εἴπερ
1573 4459 1747 4525 ἀγγέ-

1829 3270 2199 3317 transmutare
2229 3258 2469 3311 divinum
2545 3252 2933 3318 hominemque
2987 3246 3151 3301 deum
3201 3244 3418 3297 ellieere

1830 3355 2122 3414 secundum
2149 3352 2401 3424 gratiam,
2431 3359 2592 3419 quam
2618 3345 2816 3401 coelum
2839 3351 2893 3398 et
2917 3339 3136 3409 angelos
3159 3350 3370 3392 creare.

1904 3623 1957 3678 7.
1982 3622 2129 3676 Hane
2173 3616 2354 3685 igitur,
2375 3627 2406 3667 ο
2426 3609 2759 3673 charissimi,
2780 3605 3029 3676 Opiﬁcetu
3073 3617 3136 3655 ac
3162 3600 3422 3657 demean-

1837 3722 1941 3769 tem
1979 3710 2149 3767 sancti
2179 3707 2413 3778 Spirittts
2453 3702 2682 3773 gratiam
2707 3707 2760 3753 et
2782 3697 3061 3761 virtutem,
3088 3693 3282 3763 quain
3308 3692 3421 3745 ictu

1836 3807 1977 3864 oculi
1999 3818 2188 3861 creare
2218 3810 2393 3871 p0test
2414 3838 2427 3862 ,
2456 3796 2689 3850 maxima
2713 3804 2941 3861 quaeque
2963 3796 3340 3843 creaturarum
3368 3786 3425 3856 (ο

1840 3914 2080 3956 amorem
2115 3906 2171 3951 et
2223 3890 2633 3950 beneﬁcentiam
2652 3902 2779 3957 erga
2813 3900 2911 3938 uos
2938 3872 3097 3938 Verbi
3120 3882 3211 3936 Dei
3235 3883 3273 3949 l)
3304 3882 3425 3936 sine

1840 3989 2003 4046 dubio
2036 3987 2236 4052 accipit
2260 3980 2534 4036 sacerdos.
2569 3977 2703 4030 Nam
2738 3986 2791 4029 et
2821 3974 2913 4026 ille
2940 3972 3196 4026 similiter
3224 3984 3423 4039 panem

1842 4090 1893 4139 et
1921 4082 2100 4135 vinum
2134 4074 2405 4142 accipiens
2434 4086 2528 4140 per
2556 4068 2945 4122 iuhathantem
2975 4064 3030 4117 in
3056 4062 3428 4125 se,mediante

1843 4170 2128 4230 sacerdotii
2166 4165 2439 4226 unctione,
2470 4175 2678 4215 sacram
2722 4161 2975 4210 virtutem
3011 4155 3061 4207 in
3102 4166 3321 4209 carnem
3370 4161 3427 4206 et

1845 4260 2162 4330 sanguinem
2183 4262 2479 4310 commutat
2506 4248 2844 4304 Dominicum
2876 4262 2889 4311 ;
2924 4243 3100 4312 majus
3133 4250 3425 4312 propterea

1845 4367 2109 4410 exercens
2159 4365 2315 4418 opus,
2357 4360 2518 4414 quam
2568 4342 2615 4396 si
2667 4339 2889 4410 angelos
2933 4347 2987 4391 et
3019 4338 3200 4405 {caelos
3238 4348 3430 4388 creare

1850 4454 2053 4517 posset.
2105 4440 2311 4497 Deinde
2359 4434 2638 4492 mortalem
2695 4429 2971 4498 accipiens
3020 4426 3293 4481 hominem
3331 4438 3429 4491 per

164 4510 285 4610 te};
322 4510 423 4600 καὶ
449 4510 715 4614 οὐρανοὺς
774 4510 1014 4609 δυνατῶς
1070 4540 1185 4615 εἶχε
1229 4510 1606 4617 δημιουργεῖν.
1626 4510 1726 4599 ,Ιξα

1828 4534 1829 4541 “
1854 4547 2102 4597 sanctum
2123 4534 2472 4599 baptismum,
2490 4526 2579 4579 Dei
2594 4523 2814 4586 Filium,
2837 4520 3110 4589 Deumque
3127 4520 3426 4574 secundum

168 4643 332 4695 πάλιν
362 4639 657 4707 ἄνθρωπον
717 4637 1016 4706 λαμϐάνων
1067 4638 1283 4707 θνητὸν,
1318 4638 1408 4691 διὰ
1459 4639 1556 4691 τοῦ
1606 4640 1765 4699 θείους

172 4731 559 4798 βαπτίσματος
600 4726 717 4781 υἱὸν
744 4728 880 4780 Θεοῦ
919 4729 1013 4782 καὶ
1052 4727 1172 4781 θεὸν
1202 4728 1343 4781 κατά
1377 4728 1541 4799 χάριν
1584 4730 1751 4799 ὲργά-

169 4822 322 4884 ζεται
350 4838 363 4849 ·
410 4818 597 4890 μεῖζον
632 4818 1001 4889 ἐργαζόμενος
1044 4818 1228 4887 ἔργον,
1280 4819 1313 4887 ἢ
1354 4820 1515 4888 εἰπερ
1542 4821 1754 4888 ἀνεγεί-

174 4931 284 4983 ρειν
312 4910 547 4979 νεκροὺς
570 4909 817 4974 ἐδύνατο,
859 4909 1044 4971 καὶτὰ
1090 4910 1452 4983 λελωϐημένα
1502 4914 1596 4965 καὶ
1660 4929 1755 4964 πε-

172 5002 480 5071 πηρωμένα
525 5000 620 5054 τοῦ
646 5000 904 5070 σώματος
937 5001 1074 5070 μέλη
1104 5002 1233 5069 ὑγιᾶ
1264 5002 1357 5055 καὶ
1401 5002 1566 5070 ἄρτια
1593 5002 1754 5056 καθιο

176 5100 304 5165 στᾷν
350 5096 520 5162 λόγῳ.
553 5095 615 5147 Εί
656 5093 751 5146 οὖν
785 5094 895 5145 ἔδει
927 5093 1166 5162 φανῆναί
1213 5111 1337 5147 τινα
1378 5094 1471 5147 sn!
1514 5094 1612 5161 τῆς
1648 5098 1751 5162 γῆς

176 5194 487 5263 ἄνθρωπον,
516 5189 784 5258 ἀγγέλους
803 5188 900 5241 καὶ
927 5189 1192 5257 οὐρανοὺς
1231 5187 1583 5258 δημιουργεῖν
1606 5189 1749 5256 λόγῳ

176 5285 498 5352 δυνάμενον,
523 5282 617 5334 καὶ
644 5282 874 5349 νεκροὺς
902 5280 1209 5349 ἀνεγείρειν
1254 5280 1347 5332 καὶ
1375 5279 1573 5332 ἀνίατα
1600 5279 1746 5349 πάθη

184 5375 391 5435 ἰᾶσθαι,
425 5374 612 5425 ὁποῖον
641 5373 811 5441 ἐχρῆν
849 5370 941 5423 τὸν
984 5371 1226 5424 τοιοῦτον
1282 5368 1422 5423 εἶναι
1452 5387 1465 5436 ;
1494 5371 1750 5439 Ratio:va

181 5468 276 5517 καὶ
333 5467 432 5535 τὴν
481 5465 685 5535 ἀρετὴν
739 5462 1141 5534 ἀπαράμιλλον,
1177 5463 1320 5519 ὥστε
1366 5464 1621 5534 τοιαύτην
1654 5461 1749 5516 τοῦ

240 5645 285 5676 ³³
310 5641 471 5699 lCor.
489 5643 542 5709 ὅ,
573 5644 630 5709 9,

1851 4631 2078 4701 gratiam
2107 4624 2291 4689 efﬁcit,
2326 4620 2497 4689 majus
2527 4616 2767 4671 elliciens
2798 4628 2954 4683 opus,
2990 4628 3151 4682 quam
3185 4612 3228 4665 si
3276 4625 3427 4666 mor-

1854 4732 1973 4775 tuos
1999 4717 2307 4779 suscitaret,
2346 4721 2399 4766 et
2441 4711 2622 4763 luxata
2658 4723 2719 4761 ac
2761 4705 2949 4759 mutila
2976 4704 3221 4774 corporis
3257 4716 3430 4756 mem-

1852 4813 1947 4867 hra
2008 4807 2229 4863 sanitati
2281 4812 2335 4859 et
2377 4800 2680 4871 integritati
2728 4799 2845 4854 solo
2878 4796 3043 4855 verbo
3096 4796 3427 4851 restitueret.

1853 4905 1909 4961 Si
1940 4906 2100 4974 igitur
2133 4903 2271 4955 inter
2295 4908 2395 4953 nos
2424 4900 2586 4952 homo
2637 4901 2802 4958 esset,
2837 4893 2926 4962 qui
2960 4892 3182 4959 angelos
3232 4888 3428 4943 cretos-

1851 5015 1955 5067 que
1974 5000 2137 5052 verbo
2155 5010 2340 5051 creare
2359 4999 2561 5064 posset,
2581 4990 2845 5044 suscitare
2860 4994 3122 5048 mortuos,
3141 4990 3195 5037 et
3215 4983 3435 5035 incura-

1852 5091 2051 5146 bilibus
2084 5086 2288 5143 morbis
2322 5084 2547 5149 mederi;
2580 5081 2792 5151 qualem
2828 5093 2950 5130 eum
2974 5090 3093 5130 esse
3109 5080 3386 5143 oporteret
3410 5073 3439 5127 ?‘

1849 5200 2009 5255 quam
2028 5196 2220 5253 purum
2236 5186 2287 5233 et
2308 5179 2428 5231 vitae
2447 5176 2714 5244 probitate
2732 5180 2855 5226 ante
2873 5182 3060 5222 omnes
3073 5165 3428 5220 excellentem

1848 5292 2038 5345 nempe
2066 5286 2123 5327 ut
2151 5274 2290 5326 hanc
2317 5272 2410 5325 Dei
2432 5271 2686 5323 xirtutem
2740 5270 2904 5330 atque
2946 5257 3239 5328 potentiam
3264 5256 3436 5309 susci—

1856 5377 2007 5438 pcret
2046 5365 2304 5431 ﬁeretque
2335 5370 2459 5429 post
2491 5358 2658 5413 Deum
2701 5357 2837 5409 alter
2880 5350 3129 5407 creator?
3162 5347 3219 5401 Si
3241 5345 3436 5399 millies

1860 5459 2105 5532 profecto
2139 5458 2211 5512 illi
2244 5456 2485 5523 quotidie
2512 5468 2606 5524 pro
2624 5450 2843 5507 Christo
2871 5447 3002 5503 mori
3028 5444 3233 5507 liceret,
3253 5439 3431 5495 adhuc

256 5804 365 5877 (il)
412 5803 660 5860 Prwstat.
719 5798 1018 5857 Vaticanus
1065 5799 1230 5857 habet
1268 5801 1547 5873 διάφορον.
1584 5800 1726 5859 Mess

1828 5798 1955 5859 imis
1989 5797 2237 5869 διαφέρει
