4150 6312
740 452 847 515 339

1773 460 2267 523 TIlEOl‘llANlF.
2301 461 2638 522 EPISL‘OPI
2688 456 2971 518 NlCliNI

3906 455 4019 516 3’50

743 581 921 623 tamen
984 566 1201 623 minime
1260 570 1479 639 dignum
1538 587 1674 640 opus
1734 574 1984 640 faceret,
2018 592 2127 644 quo
2184 580 2315 631 tanti

2423 577 2559 630 Θεοῦ
2600 575 2834 643 δύναμιν
2883 570 3143 637 δέξασθαι
3182 570 3273 622 καὶ
3317 569 3496 635 ἀξίαν,
3534 571 3629 625 καὶ
3670 570 4018 641 δημιουργὸν

740 662 981 717 muueris
1022 663 1249 729 gratiam
1283 676 1682 732 compensaret.
1718 666 1785 721 At
1818 670 2122 726 sacerdotis
2151 686 2310 737 opera

740 758 946 827 majora
982 758 1048 812 iis
1096 758 1262 812 multo
1323 774 1385 812 ac
1433 760 1552 815 sine
1591 762 1695 815 ulla
1728 765 2135 830 comparatione
2180 779 2315 831 prro—

739 851 1007 904 stantiora
1051 863 1191 914 esse,
1225 860 1501 905 ostensum
1555 864 1660 907 cst.
1712 852 1933 920 Qualem
1986 855 2150 923 igitur
2194 869 2315 906 esse

742 944 925 997 deceat
957 957 1081 997 eum
1113 944 1203 1012 qui
1259 946 1551 999 sacerdotii
1589 946 1815 1015 gratiam
1867 949 2095 1015 accepit,
2150 962 2313 1015 quam

743 1034 983 1087 divinum
1029 1050 1092 1091 ac
1122 1050 1259 1104 pene
1288 1036 1594 1102 caelestem,
1628 1039 1753 1094 hinc
1784 1040 2117 1108 perpendere
2163 1040 2312 1095 licet.

741 1124 943 1179 Christi
1001 1138 1150 1181 certe
1196 1142 1315 1182 esse
1353 1130 1512 1182 debet
1562 1132 1995 1199 perfectissimus
2055 1131 2315 1196 imitator,

742 1216 996 1286 illiusque
1031 1218 1083 1271 in
1135 1234 1300 1273 carne
1354 1221 1514 1289 primi
1580 1223 1849 1289 pontiﬁcis
1910 1232 2073 1291 atque
2125 1222 2316 1277 horum

743 1323 1024 1364 sacrorum
1078 1313 1379 1367 sacerdotis
1435 1322 1489 1367 et
1532 1315 1825 1370 initiatoris
1869 1317 2022 1385 sequi
2068 1315 2316 1381 vestigia.

748 1398 1018 1464 Quocirca
1063 1403 1206 1457 haud
1244 1414 1452 1458 erraret
1476 1406 1693 1472 aliquis,
1724 1424 1757 1461 o
1803 1408 2006 1470 dilecti,
2038 1408 2085 1461 si
2116 1409 2319 1462 diceret

743 1492 1106 1546 sacerdotium
1174 1508 1296 1549 esse
1358 1496 1449 1550 Dei
1504 1498 1832 1552 effectricem
1897 1499 2175 1561 virtutem,
2237 1497 2319 1551 vel

743 1583 986 1637 divinam
1017 1586 1301 1640 scientiam
1338 1602 1434 1657 pro
1466 1588 1570 1643 fine
1600 1589 1910 1653 habentem,
1955 1601 2012 1643 ut
2041 1591 2318 1644 hominem

742 1672 939 1728 efﬁciat
993 1675 1154 1731 deum
1200 1678 1496 1731 secundum
1540 1680 1789 1747 gratiam,
1823 1681 2161 1735 eonformem
2194 1694 2320 1734 vero

745 1764 965 1835 imagini
1020 1766 1141 1821 Filii
1199 1768 1288 1821 Dei
1325 1772 1619 1824 secundum
1680 1782 1957 1836 naturam,
2010 1772 2171 1840 idque
2224 1786 2320 1838 per

742 1855 897 1925 signa
957 1859 1203 1923 quaedam
1242 1866 1496 1928 tanquam
1550 1876 1646 1929 per
1677 1863 2062 1927 instrumenta,
2124 1876 2317 1931 panem

740 1960 872 2001 vero
895 1956 951 2002 et
978 1948 1158 2002 viuum
1189 1965 1327 2015 aqua
1384 1952 1729 2005 commistum
1771 1953 1823 2005 iu
1860 1968 2058 2021 corpus
2108 1962 2163 2005 et
2190 1967 2317 2004 sau-

740 2036 958 2105 guinem
1006 2037 1349 2092 Dominicum
1386 2050 1729 2106 trausmutct,
1780 2053 2109 2109 renatosque
2141 2042 2319 2095 homi-

741 2141 837 2181 nes
869 2139 966 2197 per
994 2130 1322 2197 baptismum
1360 2132 1523 2197 capiti
1560 2132 1781 2187 Christo
1814 2144 1872 2187 ut
1902 2135 2139 2187 membra
2187 2150 2315 2186 con-

2417 674 2606 740 ἕτερον
2645 668 2786 721 εἶναι
2842 667 2979 733 μετᾶ
3008 666 3161 728 Θεὸν,
3213 666 3429 727 πάντως
3470 667 3516 717 εί
3579 666 3840 735 μυριάκις
3879 666 4015 733 ἐνῆν

2420 765 2571 831 αὐτῷ
2628 760 2754 815 καθ’
2804 760 3044 827 ἑκάστην
3108 758 3253 819 ὑπὲρ
3310 756 3551 825 Χριστοῦ
3608 758 4014 826 ἀποθνήσκειν,

2420 860 2519 911 οὐκ
2560 858 2625 909 ἂν
2666 854 2888 917 ἐπάξιον
2974 850 3136 919 ἔργον
3200 852 3281 910 εἰς
3342 849 3698 901 ἀνταπόδοσιν
3763 852 3861 915 τῖς
3904 850 4021 902 δω-

2424 950 2553 1019 ρεᾶς
2602 948 2806 1012 ταύτης
2868 944 3183 1014 εἰργάσατο.
3254 941 3412 994 Ἀλλά
3454 944 3521 997 τὰ
3572 941 3718 1010 παρὰ
3780 941 3875 992 τοῦ
3932 943 4017 991 ξε.

2424 1041 2560 1109 ρέως
2593 1036 2896 1105 τελούμενα
2966 1030 3137 1103 μείζω
3162 1032 3269 1085 τῶν
3300 1034 3557 1086 τοιούτων
3580 1032 3759 1101 ἔργων
3820 1028 4017 1096 πολλῷ

2420 1132 2517 1185 καὶ
2572 1129 2893 1197 ἀσυγκρίτῳ
2931 1126 3006 1195 τῷ
3044 1127 3229 1197 μέτρῳ
3277 1124 3551 1177 δεδείκται
3579 1119 3740 1176 εἶναι.
3782 1120 4017 1174 Ὀποῖον

2420 1219 2513 1276 οὖν
2560 1222 2640 1274 δεῖ
2693 1222 2788 1273 τὸν
2838 1218 2937 1288 τὴν
2975 1220 3138 1288 χάριν
3182 1218 3284 1287 τῆς
3346 1216 3646 1287 ἱερωσύνης
3685 1214 4020 1295 ’δεξάμενον

2424 1314 2569 1365 θεῖόν
2599 1329 2723 1365 τινα
2756 1312 2853 1363 καὶ
2900 1309 3159 1380 ὑπερφυῆ
3204 1302 3370 1371 εἶναι,
3436 1309 3703 1377 πάρεστιν
3752 1303 4017 1357 ἐντεῦθεν

2422 1402 2761 1470 λογίζεσθαι,
2811 1402 3028 1463 πάντως
3063 1400 3160 1453 τοῦ
3185 1400 3425 1469 Χριστοῦ
3485 1397 3736 1468 μιμητὴν
3777 1396 4013 1463 ἀκριϐέ-

2425 1512 2641 1558 στατον,
2671 1495 2766 1546 καὶ
2808 1495 2908 1562 τῆς
2958 1495 3013 1545 ὲν
3070 1494 3236 1563 σαρκὶ
3294 1492 3575 1554 πολιτείας
3617 1491 3832 1543 ἐκείνου
3885 1487 4018 1541 κατ’

2426 1588 2572 1656 ἴχνος
2616 1588 2913 1655 ἑπόμενον,
2949 1584 3043 1637 τοῦ
3070 1582 3290 1654 πρώτου
3311 1583 3620 1653 ἀρχιερέως
3658 1583 3752 1635 καὶ
3784 1584 4013 1649 ἱερουρ-

2422 1678 2541 1746 γοῦ,
2573 1677 2680 1730 τῶν
2734 1675 2991 1729 τοιούτων
3028 1677 3121 1728 καὶ
3166 1675 3521 1743 τελετάρχου.
3562 1673 3724 1726 Ὅθεν
3783 1673 3893 1725 οὐκ
3944 1671 4015 1724 ἄν

2422 1785 2506 1830 τις
2565 1768 2805 1835 ἁμάρτοι
2863 1764 2962 1833 τὴν
3007 1762 3335 1832 ἱερωσύνην,
3387 1760 3687 1830 ἀγαπητοὶ,
3742 1758 4019 1828 δημιουρο

2424 1858 2586 1928 γικὴν
2617 1856 2787 1909 είπὼν
2816 1853 3048 1925 δῦναμιν
3074 1854 3166 1907 τοῦ
3216 1852 3377 1915 Οεοῦ,
3411 1853 3445 1921 ἢ
3485 1852 3801 1920 ἐπιστήμην
3827 1851 4013 1912 θείαν,

2423 1949 2575 2010 τέλος
2594 1947 2826 2015 ἔχουσαν
2859 1945 2922 1998 τὸ
2956 1945 3042 1997 διά
3063 1961 3224 1996 τινων
3264 1944 3556 2010 συμϐόλων
3592 1955 3783 2010 ωσπερ
3836 1943 4015 2012 ὀργά-

2432 2059 2563 2103 νων,
2595 2040 2719 2091 θεὸν
2756 2040 2857 2107 μὲν
2890 2038 3033 2091 κατά
3066 2036 3229 2106 χάριν
3254 2036 3347 2087 τὸν
3399 2035 3687 2103 ἄνθρωπον
3749 2035 4015 2102 ἀπεργά.

2424 2129 2615 2191 ζεσθαι
2665 2129 2761 2180 καὶ
2792 2128 3119 2196 σύμμορφον
3172 2126 3270 2192 τῆς
3305 2124 3514 2186 εἰκόνος
3554 2125 3647 2175 τοῦ
3704 2123 3849 2176 κατὰ
3903 2124 4017 2190 φύ-

739 2218 993 2286 glutinet.
1027 2218 1207 2284 Quare
1236 2237 1357 2273 cum
1391 2237 1548 2276 neruo
1585 2225 1766 2278 carnis
1796 2226 2031 2278 vinculis
2067 2225 2315 2280 detentus

2424 2239 2509 2274 σιν
2543 2219 2672 2272 Υἱοῦ
2724 2218 2819 2271 τοῦ
2854 2218 3012 2279 Θεοῦ,
3052 2218 3144 2269 τὸν
3180 2217 3225 2269 δ’
3278 2216 3444 2281 ἄρτον
3503 2214 3598 2267 καὶ
3646 2209 3791 2266 οἶνον
3851 2215 4015 2268 ὕδατι

741 2323 869 2364 vere
916 2309 1110 2379 dignus
1139 2310 1551 2376 administrator
1583 2313 1775 2369 horum
1824 2316 2314 2383 supernaturalium

2422 2312 2863 2378 κεκερασμένον,
2898 2305 2977 2369 είς
3004 2308 3162 2376 σῶμα
3196 2308 3289 2360 καὶ
3335 2300 3475 2373 αἷμα
3522 2304 4012 2375 μεταϐάλλεινΔε-

741 2402 1123 2470 mysteriorum
1180 2401 1413 2455 inveniri
1470 2404 1642 2471 possit
1702 2404 1944 2473 (etenim
2000 2416 2056 2460 et
2109 2407 2315 2473 angelis

2423 2402 2704 2465 σποτικὸν,
2730 2402 2825 2454 καὶ
2868 2401 2995 2462 τοὺς
3042 2397 3511 2466 ἀναγεννηθέντας
3558 2398 3890 2467 ἀνθρώπους
3919 2395 4013 2449 διὰ

742 2492 874 2562 ipsis
920 2503 976 2546 et
1032 2492 1405 2547 desiderabilia
1480 2493 1595 2548 haec
1652 2504 1778 2549 sunt
1825 2506 1878 2551 ct
1930 2495 2313 2566 formidanda),

2424 2493 2805 2564 βαπτίσματος
2840 2491 3230 2559 προσαρμόσαι
3273 2489 3347 2549 ὡς
3381 2488 3518 2557 μέλη
3578 2491 3644 2558 τῇ
3682 2488 3900 2558 κεφαλῇ
3930 2486 4012 2557 τῷ

741 2584 1035 2654 puritatem
1062 2584 1277 2651 saltem,
1299 2598 1459 2654 quam
1486 2587 1770 2654 acquirere
1796 2588 2107 2645 hominibus
2130 2590 2312 2657 datur,

2422 2585 2663 2655 Χριστῷ.
2704 2583 2868 2637 Ὀθεν
2898 2582 3132 2649 ἐπείπερ
3159 2581 3335 2642 οὐδεὶς
3363 2580 3473 2633 τῶν
3504 2580 3605 2649 τῆς
3640 2580 3849 2647 σαρκὸς
3917 2579 4011 2632 δε-

740 2685 1121 2739 contemnere,
1168 2686 1261 2730 aut
1308 2677 1558 2745 rejicere,
1606 2693 1705 2734 nec
1747 2694 1844 2748 pro
1872 2680 2078 2736 viribus
2129 2682 2313 2736 conari

2422 2677 2594 2745 σμίων
2634 2675 2716 2740 ,ὡς
2764 2673 2981 2743 ἀληθῶς
3030 2672 3181 2736 ἄξιος
3236 2671 3519 2741 οἰκονόμος
3575 2672 3684 2724 τῶν
3738 2671 4014 2724 τοιούτων

743 2765 1045 2821 Salvatoris
1102 2766 1154 2821 in
1210 2766 1374 2821 terris
1440 2769 1561 2823 vita:
1618 2769 1927 2823 institutum
1993 2770 2311 2825 imitandum

2422 2768 2716 2839 ὑπερφυῶν
2774 2763 3093 2837 μυστηρίων
3142 2764 3208 2817 ἂν
3261 2763 3552 2833 εὑρεθείη·
3605 2764 3699 2816 καὶ
3748 2765 3860 2833 γὰρ
3906 2768 4012 2817 καὶ

740 2858 845 2913 sibi
879 2872 1202 2928 proponere,
1243 2859 1295 2914 id
1331 2868 1476 2916 certe
1524 2860 1720 2931 ingrati
1755 2862 1862 2916 erit
1898 2862 2067 2916 animi
2102 2862 2313 2916 divina-

2422 2864 2528 2924 τοῖς
2582 2858 2837 2927 ἀγγέλοις
2888 2857 3076 2920 αὐτοῖς
3130 2856 3445 2925 ἐπιθυμητὰ
3502 2856 3572 2909 τὰ
3621 2855 3847 2909 τοιαῦτα
3904 2856 4009 2909 καὶ

740 2963 973 3019 rumque
1031 2964 1214 3005 rerum
1255 2953 1674 3021 contemptoris,
1722 2953 1949 3022 ideoque
1980 2952 2314 3009 intolerabili

2422 2951 2622 3022 φρικτά
2657 2950 3013 3019 καθεστήκει,
3045 2947 3146 3018 τῆς
3175 2946 3307 3015 γοῦν
3355 2947 3718 3018 ἐνδεχομένης
3755 2946 4009 3017 καθαρό-

742 3041 1010 3111 supplicio
1042 3043 1286 3111 dignum.
1320 3044 1420 3098 Cui
1464 3058 1696 3115 namque
1726 3049 1909 3101 datum
1946 3057 2030 3101 est
2061 3047 2311 3112 multum,

2422 3059 2575 3112 τητος
2609 3043 2721 3102 τοῖς
2752 3038 3070 3108 ἀνθρώποις
3107 3038 3480 3106 καταφρονεῖν
3517 3054 3579 3090 τε
3619 3037 3717 3092 καὶ
3747 3037 4008 3090 ἀνασαλ-

740 3130 967 3184 multum
1015 3132 1179 3187 etiam
1221 3134 1468 3204 exigetur
1513 3135 1579 3189 ab
1610 3152 1693 3191 eo.
1740 3139 1817 3191 Ac
1847 3146 2000 3193 vetus
2055 3138 2309 3192 nimirum

2422 3133 2629 3195 λεσθαι,
2656 3130 2752 3182 καὶ
2796 3130 2871 3200 μὴ
2905 3128 3158 3182 σπεύδειν
3185 3130 3285 3198 ὅση
3333 3128 3569 3199 δύναμις
3609 3127 3712 3197 τὴν
3750 3128 3845 3181 ἐπὶ
3895 3126 4011 3195 γῆς

739 3220 871 3276 illud
904 3220 1252 3279 Hebraeorum
1282 3226 1645 3281 sacerdotium
1702 3227 1872 3297 figura
1898 3235 2023 3282 crat
2052 3237 2107 3283 et
2136 3227 2312 3297 imago

2422 3222 2512 3277 τοῦ
2541 3222 2791 3292 Σωτῆρος
2831 3221 3113 3282 πολιτείας
3142 3219 3458 3290 μιμεῖσθαι,
3502 3219 3704 3285 πολλῆς
3733 3220 4010 3285 ἀγνωμοο

738 3315 910 3369 nostri
947 3315 1113 3383 hujus
1157 3317 1406 3373 sublimis
1439 3329 1602 3388 atque
1632 3320 1909 3386 caelestis;
1958 3321 2313 3391 sanguinibus

2422 3315 2582 3383 σύνης
2609 3311 2677 3366 ἂν
2705 3312 2791 3383 εἴη
2808 3310 2905 3365 καὶ
2931 3311 3039 3364 τῶν
3066 3311 3230 3365 θείων
3251 3313 3745 3382 καταφρονήσεως,
3776 3312 3875 3363 καὶ
3907 3311 4007 3365 διὰ

737 3406 880 3460 enim
938 3416 995 3462 et
1048 3409 1361 3463 animalium
1415 3420 1622 3465 tantum
1698 3412 2064 3467 occisionibus
2118 3412 2313 3468 licebat

2422 3406 2572 3460 τοῦτο
2598 3405 2877 3469 κολάσεως
2904 3403 3057 3468 ἄξιον
3080 3404 3384 3474 ἀφορήτου.
3420 3397 3490 3474 Ὦ
3520 3404 3628 3471 γάρ
3649 3402 3807 3473 ἐδόθη
3831 3403 4005 3467 πολὺ,

737 3499 839 3563 illi,
872 3513 976 3553 non
1023 3500 1239 3564 auium,
1288 3502 1382 3555 sed
1414 3505 1660 3573 corporis
1704 3508 1945 3561 maculas
1976 3518 2031 3561 et
2062 3508 2314 3576 inquina-

2422 3498 2553 3551 πολὺ
2620 3498 2717 3550 καὶ
2761 3496 3228 3582 ἀπαιτηθησεται.
3279 3496 3476 3549 Καίτοι
3508 3495 3677 3567 ἡτῶν
3721 3494 4005 3562 Ἐϐραίων

738 3599 915 3644 nieuta
946 3604 1195 3659 purgare.
1234 3589 1305 3646 Ut
1349 3595 1489 3648 enim
1523 3610 1630 3651 uno
1673 3599 1836 3651 verbo
1885 3598 2085 3665 dicam,
2131 3597 2311 3651 omnia

2422 3590 2581 3644 πάλαι
2641 3588 2915 3660 ἱερωσύνη
2972 3588 3142 3652 τύπος
3220 3587 3437 3660 ὑπῆρχε
3488 3589 3584 3643 καὶ
3620 3589 3856 3657 ίνδαλμα
3896 3588 4003 3657 τῆς

735 3694 859 3748 qua:
888 3694 983 3748 per
1012 3681 1146 3736 illud
1194 3682 1415 3749 fiebant,
1450 3684 1641 3740 umbra
1676 3697 1853 3754 erant,
1887 3697 1949 3743 ut.
1992 3688 2211 3743 divinus
2238 3689 2313 3741 ait

2422 3683 2535 3738 καθ’
2562 3685 2712 3754 ἡμᾶς
2744 3682 2951 3750 ταύτης
2973 3682 3184 3751 ὑψηλῆς
3207 3699 3266 3735 τε
3298 3684 3395 3735 καὶ
3425 3685 3683 3754 οὐρανίου
3702 3699 3719 3714 ⁸
3747 3684 3845 3738 καὶ
3883 3684 4002 3755 γὰρ

736 3772 1034 3840 Apostolus
1072 3773 1141 3840 ⁸⁸,
1193 3772 1495 3829 futurorum
1546 3777 1833 3843 bonorum,
1894 3778 2096 3833 nostris
2151 3779 2312 3833 rebus

2422 3777 2609 3846 αἵμασι
2666 3776 2761 3828 καὶ
2824 3776 3065 3842 σφαγαῖς
3129 3774 3293 3843 μόνον
3369 3775 3525 3839 ζώων
3602 3776 3817 3845 ἀλόγων
3862 3775 4001 3844 ἐξῆν

740 3871 893 3917 tanto
926 3862 1173 3929 inferior,
1206 3875 1465 3934 quantum
1517 3866 1673 3923 abest
1724 3883 1753 3921 a
1801 3869 1943 3924 caelo
1986 3877 2149 3924 terra.
2183 3868 2312 3923 ldeo

2422 3869 2583 3941 ταύτῃ
2615 3868 2901 3933 καθαίρειν
2947 3869 3006 3919 οὐ
3054 3866 3155 3936 τῆς
3182 3867 3385 3937 ψυχῆς,
3422 3869 3561 3921 ἀλλὰ
3594 3869 3689 3921 τοῦ
3734 3868 4001 3938 σώματος

736 3968 836 4021 pro
894 3954 1066 4008 nostri
1126 3970 1423 4025 eorumque
1482 3958 1773 4014 sacerdotii
1810 3961 2147 4027 diversitate,
2185 3975 2311 4013 cum

2422 3962 2726 4032 μολυσμοῦς
2752 3961 2845 4013 καὶ
2883 3959 3133 4028 κηλῖδας.
3175 3960 3285 4012 Καὶ
3317 3959 3391 4022 ὡς
3422 3960 3553 4017 ἔπος
3588 3963 3783 4024 εἰπεῖν,
3811 3962 3999 4015 πάντα

738 4044 1053 4101 sacerdotes
1087 4045 1215 4100 item
1246 4046 1417 4100 nostri
1450 4055 1505 4101 et
1556 4048 1771 4102 illorum
1805 4064 1900 4117 pro
1922 4058 2036 4103 rata
2066 4051 2313 4117 portione

2422 4053 2481 4106 τὰ
2503 4050 2803 4120 τελούμενα
2846 4050 2913 4102 δι’
2941 4050 3116 4118 αὐτῆς
3148 4051 3311 4103 σκιὰν
3358 4045 3497 4122 εἶχε,
3522 4051 3665 4106 κατὰ
3708 4052 3799 4105 τὸν
3846 4053 3999 4106 θεῖον

736 4135 993 4192 diﬂ’erant
1017 4137 1300 4209 (quantum
1322 4148 1467 4196 certe
1490 4140 1557 4195 ab
1575 4142 1782 4212 angelis
1800 4142 2049 4198 homines
2066 4142 2310 4209 absunt),

2426 4144 2773 4207 ’Δπόστολον,
2807 4143 2917 4196 τῶν
2964 4141 3267 4213 μελλόντων
3308 4142 3534 4210 ἀγαθῶν
3580 4143 3838 4197 τοσοῦτον
3882 4143 3999 4197 τῶν

739 4239 920 4303 tamen
953 4229 1141 4285 Nadab
1174 4231 1392 4300 quidam
1420 4240 1475 4286 et
1499 4232 1672 4287 Abiud
1705 4233 1823 4300 ﬁlii,
1847 4233 2105 4301 Aaronis,
2130 4250 2313 4291 sacer-

2422 4232 2702 4303 ἡμετέρων
2736 4232 3048 4299 ἐνδέουσαν,
3085 4231 3283 4286 ὁπόσον
3314 4232 3382 4304 γῆ
3417 4233 3558 4304 πρὸς
3611 4234 3702 4287 τὸν
3734 4234 3993 4303 οὐρανόν.

2412 4326 2524 4381 Καὶ
2543 4326 2631 4380 διὰ
2652 4324 2812 4380 τοῦτο
2833 4323 2969 4396 πρὸς
2989 4325 3050 4380 τὸ
3065 4325 3322 4395 διάφορον
3338 4326 3437 4394 τῆς
3458 4325 3619 4395 ήμῶν
3637 4344 3696 4381 τε
3717 4328 3997 4381 κάκείνων

740 4421 888 4477 sent,
915 4412 1039 4479 igne
1094 4411 1271 4466 alieno
1303 4412 1519 4469 adolere
1556 4415 1682 4469 thus
1746 4414 1856 4470 Deo
1910 4418 2172 4485 aggressi,
2198 4417 2313 4474 vio-

2422 4417 2720 4488 ἱερωσύνης
2757 4417 2866 4472 τῶν
2893 4418 3086 4488 ίερέων
3113 4418 3144 4487 ὴ
3155 4416 3269 4486 μῶν
3298 4432 3360 4469 τε
3398 4419 3678 4471 κάκείνων
3705 4418 3993 4486 ἀναλόγως

739 4502 863 4569 lata:
891 4503 1027 4579 legis
1056 4519 1242 4573 pteuas
1273 4505 1478 4576 absque
1504 4520 1654 4560 mora
1690 4506 1995 4573 luerunt",
2028 4509 2095 4563 ab
2121 4510 2310 4566 eodem

2422 4510 2784 4579 διαφερόντων
2826 4509 2997 4578 ῆγουν
3023 4508 3149 4561 ὅσον
3200 4507 3453 4575 ἀγγέλων
3498 4507 3797 4577 ἄνθρωποι,
3840 4509 3995 4577 ὅμως

740 4594 864 4661 igne
917 4594 1065 4648 illico
1100 4595 1404 4661 combusti;
1438 4596 1637 4666 quibus
1672 4612 1775 4653 nec
1812 4607 1967 4667 pater
1997 4600 2179 4655 Aaron
2210 4616 2308 4672 po-

2422 4601 2603 4657 Ναδάϐ
2633 4618 2717 4664 τις
2744 4600 2840 4654 καὶ
2874 4600 3087 4654 Ἀσιοὺδ
3116 4600 3226 4653 υἱοὶ
3269 4599 3482 4672 Ἀαρὼν
3505 4600 3659 4663 ὄντες
3680 4601 3776 4653 καὶ
3799 4601 3991 4671 ίερεῖς,

742 4685 845 4739 tuit
884 4685 1158 4753 opitulari.
1218 4685 1359 4752 Quid
1419 4702 1548 4744 vero
1604 4703 1742 4758 opus
1794 4699 1880 4745 est
1939 4689 2186 4760 pluribus
2228 4694 2310 4756 ",

2422 4693 2652 4763 ίιθεσμόν
2675 4694 2729 4746 τί
2764 4709 2895 4745 ποτε
2930 4691 3372 4763 διαπεπραχότες
3406 4691 3703 4765 (ἀλλοτρίῳ
3727 4692 3836 4762 γάρ
3854 4694 3995 4763 πυρὶ

740 4778 957 4848 quando
996 4788 1050 4834 et
1099 4779 1213 4851 ipse
1267 4781 1447 4837 Aaron
1484 4796 1515 4836 a
1573 4782 1682 4837 Deo
1735 4782 1961 4848 electus,
1994 4792 2050 4838 et
2102 4783 2311 4854 primus

2422 4784 2611 4855 θυμιᾷν
2635 4783 2957 4853 ἐπεχείρουν
2974 4783 3311 4853 παρανόμως
3333 4781 3474 4851 Θεῷ)
3493 4781 3815 4851 παραπόδας
3832 4782 3993 4846 δίκας

741 4871 883 4939 apud
916 4870 1037 4925 illos
1073 4870 1337 4939 pontifex,
1364 4873 1505 4943 apud
1538 4872 1708 4929 Deum
1736 4888 1868 4929 vero
1892 4876 2167 4931 secundus
2191 4886 2311 4946 post

2422 4879 2514 4947 τῆς
2563 4876 2914 4948 παρανομίας
2972 4875 3419 4946 είσπράττονται,
3457 4877 3845 4947 παρανάλωμα
3892 4878 3989 4931 τοῦ

741 4962 1000 5032 Moysem,
1036 4977 1155 5017 cum
1189 4963 1378 5017 leviter
1414 4964 1579 5019 Deum
1611 4965 1957 5030 offendisset,
1984 4967 2309 5022 miserabili-

2422 4970 2583 5038 πυρὸς
2613 4968 2827 5023 ἐκείνου
2873 4968 3161 5036 γεγονότες
3212 4967 3431 5038 ἀθρόον,
3463 4970 3559 5023 καὶ
3601 4970 3715 5022 οὐδ’
3776 4969 3991 5041 ’Δαρὼν

741 5064 824 5107 ter
884 5056 990 5108 vita
1044 5054 1290 5123 privatus
1346 5066 1451 5119 est,
1505 5072 1606 5111 nec
1657 5056 1825 5112 fratre
1854 5058 2074 5125 quidem
2123 5057 2305 5130 Moyse

2422 5062 2615 5133 ᾕρκεσε
2646 5060 2785 5129 πρὸς
2842 5060 3122 5129 σωτηρίαν
3176 5060 3363 5123 αὐτοῖς
3414 5062 3443 5112 ὁ
3490 5060 3697 5134 πατήρ.
3744 5060 3909 5115 Ἀλλά
3940 5060 3993 5113 τί

740 5144 888 5197 illum
940 5157 971 5199 e
1021 5144 1286 5214 Supplicia
1346 5147 1579 5202 liberare
1614 5149 1934 5204 valente"?
1984 5148 2123 5215 Quid
2177 5164 2307 5204 vero

2422 5152 2512 5225 (ρὴ
2540 5155 2667 5225 περὶ
2694 5152 2900 5206 τούτων
2926 5153 3128 5220 λέγειν,
3154 5153 3290 5206 ὅπου
3316 5170 3381 5220 γε
3411 5154 3509 5206 καὶ
3542 5152 3756 5223 ’Δαρὼν
3803 5154 4000 5219 αὐτὸς,

740 5234 936 5293 deinde
968 5234 1082 5289 Heli
1132 5238 1431 5292 sacerdos?
1460 5237 1613 5292 Licet
1654 5239 1741 5295 ille
1783 5240 1959 5297 bonus
1989 5241 2041 5296 in
2072 5256 2130 5297 se
2162 5250 2311 5297 esset

2422 5245 2438 5297 Β
2474 5244 2755 5313 θεόκριτος
2796 5243 2892 5296 καὶ
2940 5244 3157 5312 πρῶτος
3181 5241 3311 5313 παρ’
3326 5243 3555 5306 ἐκείνοις
3585 5244 3913 5315 ἀρχιερεύςο
3961 5246 3991 5298 6

736 5332 792 5377 et
820 5325 1341 5393 irreprehensibilis,
1371 5338 1591 5399 prapter
1620 5331 1790 5385 solam
1829 5347 2049 5387 suorum
2072 5332 2307 5387 filiorum

2422 5336 2518 5404 γὰρ
2553 5335 2829 5397 Μωῦσέως
2867 5334 3017 5405 παρὰ
3060 5332 3181 5405 Θεῷ
3202 5332 3492 5402 δεύτερος·
3528 5334 3731 5405 μικρόν
3764 5351 3819 5387 τι
3855 5352 3990 5405 προ-

736 5416 1079 5485 iuiquitatem
1155 5417 1276 5473 diro
1365 5421 1554 5476 mortis
1620 5436 1817 5492 genere
1871 5423 2036 5478 vitam
2100 5424 2307 5489 ﬁnivit;

2422 5426 2768 5499 σκεκρουκὼς
2793 5426 2871 5497 τῷ
2905 5425 3023 5497 Θεῷ
3052 5428 3151 5497 τῆς
3174 5426 3319 5495 ζωῆς
3352 5426 3605 5490 ἐλεεινῶς
3634 5428 3989 5501 ἀπορρήγνυο

738 5516 901 5575 atque
934 5516 1087 5564 certe
1123 5508 1242 5563 illos
1270 5511 1449 5567 verbis
1500 5529 1643 5581 saepe
1694 5516 2053 5585 corripuerat,
2088 5519 2305 5572 tametsi

2422 5534 2529 5581 ται,
2580 5517 2719 5587 μηδὲ
2779 5517 3025 5581 Μωσέως
3089 5517 3188 5570 τοῦ
3241 5517 3476 5585 ἀδελφοῦ
3524 5510 3850 5587 δυνηθέντος
3906 5520 3989 5586 ἐξ·

738 5613 844 5671 non
899 5614 1086 5655 severe
1136 5612 1190 5656 et
1219 5603 1478 5673 graviter,
1518 5613 1576 5657 ut
1623 5614 1958 5674 Oportuerat,
1989 5608 2303 5679 castigarat.

2422 5609 2637 5663 ελέσθαι
2694 5608 2885 5663 τοῦτον
2951 5612 3051 5678 τῆς
3086 5609 3357 5678 τιμωρίας
3395 5627 3410 5672 ;
3449 5608 3514 5662 Τί
3549 5609 3606 5662 δὲ
3646 5609 3795 5663 Ἠλεὶ
3851 5612 3987 5674 μετὰ

738 5688 796 5744 Si
857 5691 1017 5760 igitur
1069 5692 1449 5763 delinquentes
1494 5695 1569 5749 illi
1627 5698 1719 5765 qui
1780 5698 1881 5753 sub
1930 5698 2063 5770 legis
2114 5700 2304 5756 umbra

2422 5701 2585 5755 ταῦτα
2604 5702 2632 5754 ὁ
2668 5700 2885 5771 ίερεύς;
2918 5700 3094 5755 καίτοι
3135 5699 3257 5754 καθ’
3283 5700 3475 5756 ἑαυτὸν
3498 5701 3704 5769 ἀγαθὸς
3722 5703 3987 5778 ὑπάρχων

742 4319 1028 4389 ὀοιεειιιιε,
1060 4334 1179 4375 cum
1203 4321 1473 4376 nefarium
1510 4322 1782 4391 quoddam
1815 4340 1953 4395 opus
2002 4335 2311 4396 perpetras-

811 5874 857 5908 ³³
924 5870 1235 5942 Coloss.'u,
1275 5876 1361 5931 17.
1464 5877 1507 5910 ⁵²
1540 5877 1711 5937 Levit.
1742 5897 1796 5949 κ,
1830 5882 2029 5953 iscqq.
2108 5880 2452 5952 "Num.xx,
2526 5884 2594 5941 24
2617 5900 2770 5957 seqq.
2850 5886 2894 5918 "
2929 5885 2949 5940 l
2986 5882 3099 5954 Reg
3152 5900 3338 5953 xxxrv,
3374 5884 3395 5939 l
3429 5896 3583 5953 seqq.
