4150 6312
179 337 279 400 341

1530 331 1897 395 EPISTOLA
1935 333 2052 394 III:

3344 326 3453 391 342

180 453 275 506 καὶ
296 453 614 522 ἄμεμπτος,
654 450 745 504 διὰ
786 449 884 520 τὴν
929 450 1036 503 τῶν
1070 448 1279 503 παίδων
1324 447 1485 519 μόνον
1526 466 1767 518 παρανο-

1881 458 2044 513 erant,
2072 460 2125 503 et
2154 447 2432 502 hominum
2460 446 2640 501 adhuc
2670 447 2900 516 spiritali
2961 454 3120 501 azlate
3160 445 3448 499 infantium

187 541 315 611 μίαν
346 542 515 611 δεινῷ
545 542 761 611 θανάτῳ
793 541 1164 611 καταστρέφει
1194 541 1286 593 τὸν
1318 539 1432 609 βίον
1457 556 1473 571 ·
1519 541 1758 609 καίτοιγε

184 630 451 693 πολλάκις
479 632 667 698 λόγοις
694 629 978 699 ἐπιτιμίας
1002 629 1111 682 τῶν
1140 629 1345 682 παίδων
1382 627 1689 698 ἁπτόμενος
1714 630 1763 681 εἰ

185 720 278 771 καὶ
323 719 401 789 μὴ
432 720 681 790 σφοδρῶς
713 719 805 772 καὶ
844 720 920 781 ὡς
957 720 1124 789 ἐχρῆν
1156 720 1525 788 ἐπιπλήττων.
1562 718 1624 770 El
1670 713 1763 771 οὖν

190 811 428 876 ἐκείνοις
453 816 524 883 τῇ
579 814 709 884 σκιᾷ
753 810 1248 883 παρακαθημένοις
1303 812 1398 866 τοῦ
1439 813 1630 881 νόμου,
1671 811 1765 864 καὶ

186 903 402 969 νηπίων
428 902 529 972 τὴν
554 903 938 973 πνευματικὴν
968 904 1189 972 ἠλικίαν
1221 901 1564 964 διδασκάλοις
1592 900 1767 971 ὑπάρο

188 1007 345 1058 χουσι
376 994 476 1045 καὶ
501 998 908 1065 μυσταγωγοῖς,
934 995 1162 1048 τοιαῦτα
1194 994 1408 1063 φοϐερὰ
1437 995 1532 1047 καὶ
1562 994 1768 1047 ἀναπό·

187 1084 397 1150 δραστα
430 1086 818 1157 παρανομοῦσι
865 1087 933 1141 τὰ
978 1088 1259 1155 ἐπιτίμια,
1315 1088 1475 1140 ὁποῖα
1514 1084 1580 1138 ἂν
1634 1080 1765 1147 εἷεν,

190 1174 490 1242 ἀγαπητοὶ,
515 1179 629 1237 τοῖς
662 1175 1069 1246 τελεσιουργοῖς
1102 1176 1209 1228 τῶν
1238 1177 1537 1246 ὑπερφυῶν
1566 1192 1771 1244 μυστη-

191 1264 346 1332 ρίων,
387 1268 484 1318 καὶ
519 1270 633 1331 τοῖς
679 1269 929 1336 ἀγγέλων
989 1269 1457 1339 συλλειτουργοίς,
1496 1269 1591 1320 καὶ
1631 1268 1768 1319 Θεοῦ

190 1359 502 1424 συνεργοῖς.
535 1361 628 1411 καὶ
657 1359 736 1428 τῷ
773 1360 873 1428 τῆς
904 1359 1181 1421 υἱοθεσίας
1226 1358 1500 1428 πνεύματι
1534 1358 1772 1421 τελείους

185 1446 285 1515 τὴν
345 1449 493 1501 κατὰ
526 1450 767 1520 Χριστὸν
826 1452 1043 1520 ἡλικίαν
1106 1451 1459 1506 ἀναδείκνυσι
1506 1451 1633 1513 τοὺς
1682 1449 1772 1504 ὑπ’

186 1535 372 1586 αὐτῶν
406 1537 799 1606 τελουμένους,
834 1542 907 1611 μὴ
939 1543 1000 1594 τὸ
1034 1543 1294 1612 θεουργὸν
1325 1542 1427 1610 τῆς
1470 1542 1772 1612 ἱερωσύνης

182 1625 398 1693 χρίσμα
436 1632 671 1699 τηροῦσι
717 1633 958 1701 καθαρὸν
1004 1636 1097 1687 καὶ
1142 1633 1437 1703 ἀκίϐδηλον
1464 1634 1541 1697 ὠς
1595 1634 1727 1702 ὲνῆν
1758 1677 1771 1699 ,

184 1714 356 1769 Ὅσον
416 1722 525 1791 γάρ
579 1724 641 1775 τὸ
698 1723 961 1793 διάφορον
1015 1728 1135 1779 κατ’
1186 1726 1346 1792 ἀξίαν
1391 1725 1493 1794 τῆς
1542 1727 1774 1795 νομικῆς

1867 541 2115 612 magistri
2148 551 2202 594 et
2238 552 2626 609 praeceptores,
2660 549 2770 593 tam
2802 538 3089 593 horrendis
3120 537 3450 591 inevitabili-

1865 632 2283 702 busqueyomis
2326 631 2532 699 multati
2569 641 2713 695 sunt,
2746 646 2868 699 quae
2902 630 3141 692 tandem,
3168 646 3199 683 ο
3233 628 3444 693 dilecti,

1870 729 2092 775 manent
2133 719 2397 788 supplicia
2430 719 2931 786 supernaturalinm
2977 727 3451 772 sacramentorum

1871 804 2177 877 ministros,
2204 812 2522 881 angelorum
2553 825 2872 875 conservos,
2908 808 3003 865 Dei
3040 818 3452 879 cooperatores,

1869 903 2071 971 quique
2100 916 2191 956 eos
2219 916 2359 970 quos
2406 901 2680 973 mysteriis
2732 900 2974 959 initiant,
3017 914 3113 967 per
3144 898 3454 965 adoptionis

1871 992 2120 1061 spiritum
2164 990 2441 1061 perfectos
2477 990 2779 1045 secundum
2833 990 3036 1044 Christi
3083 999 3296 1044 aetatem
3346 988 3455 1043 efﬁ-

1872 1084 2045 1145 ciunt,
2099 1084 2202 1144 nisi
2262 1084 2511 1137 deificam
2566 1082 2711 1136 illam
2763 1081 3058 1137 sacerdotii
3114 1081 3455 1145 unctionem,

1874 1187 2137 1245 quantum
2173 1177 2287 1230 fieri
2320 1182 2499 1244 potest
2533 1191 2722 1244 puram
2767 1183 2820 1229 et
2855 1175 3230 1243 incorruptam
3277 1186 3456 1227 serva-

1881 1269 2098 1322 t‘erint?
2129 1266 2342 1334 Quanta
2372 1277 2458 1323 est
2486 1268 2631 1321 enim
2665 1267 2851 1335 legalis
2872 1276 2925 1319 et
2955 1265 3251 1320 Christiani
3281 1279 3457 1319 sacer-

1877 1359 2006 1413 dotii
2042 1358 2373 1421 differentia,
2421 1368 2569 1413 tanta
2620 1360 2674 1412 in
2713 1368 2945 1425 utroque
2982 1357 3107 1410 vitae
3156 1354 3363 1424 puritas
3408 1361 3459 1409 et

1876 1449 2205 1503 excellentia
2243 1450 2596 1517 proportione
2633 1449 2971 1517 respondens
3015 1447 3282 1517 exigetur.
3332 1444 3460 1499 Ideo

1878 1550 1932 1595 et
1963 1540 2212 1595 Salvator
2244 1550 2428 1594 noster
2458 1539 2673 1595 dicebat
2707 1558 2719 1594 :
2762 1542 2879 1595 Nisi
2918 1537 3265 1593 abundaverit
3294 1536 3460 1605 justi-

1880 1636 1954 1688 tia
2007 1644 2176 1688 uestra
2219 1633 2501 1702 plusquam
2555 1632 2866 1687 Scribarum
2919 1644 2968 1687 et
3026 1614 3460 1696 .Pltarisa'orum,

1881 1743 1983 1779 non
2009 1726 2277 1779 intrabitis
2307 1728 2363 1780 in
2410 1743 2627 1796 regnum
2650 1728 2896 1780 caelorum
2930 1725 2997 1778 ⁵⁷.

184 1810 493 1882 ἱερωσύνης
519 1816 655 1884 πρὸς
680 1818 776 1889 τὴν
800 1820 941 1872 κατὰ
959 1822 1219 1888 Χριστὸν,
1250 1822 1508 1876 τοσοῦτον
1531 1823 1564 1891 ἠ
1590 1822 1904 1891 καθαρότης
1933 1838 1991 1873 τε
2041 1823 2136 1874 καὶ
2171 1822 2432 1893 ἀκρίϐεια
2502 1821 2595 1875 τοῦ
2665 1822 2782 1891 βίου
2856 1824 2919 1874 ὲν
2964 1821 3250 1887 ἑκατέροις
3323 1818 3463 1872 ἀνα·

183 1903 359 1971 λόγως
380 1906 847 1977 ἀπαιτηθήσεται.
875 1912 964 1965 Διὸ
985 1914 1081 1964 καὶ
1107 1914 1136 1961 ὁ
1160 1913 1353 1984 Σωτὴρ
1374 1914 1534 1984 ἡμῶν
1552 1915 1768 1981 ἐλεγενο
1818 1911 1964 1966 Ἐὰν
2005 1913 2092 1980 μὴ
2167 1912 2557 1981 περισσεύσῃ
2629 1910 2993 1977 δικαιοσύνη
3050 1909 3218 1979 ὑμῶν
3273 1907 3464 1963 πλέον

180 1996 303 2050 τῶν
331 2001 747 2070 Γραμματέων
767 2006 863 2059 καὶ
882 2010 1244 2076 Φαρισαίων,
1289 2011 1362 2063 οὐ
1379 2010 1466 2079 μὴ
1484 2008 1798 2075 εἰσέλθητε
1835 2010 1925 2074 εὶς
1946 2008 2063 2075 τὴν
2088 2009 2419 2079 ,βασιλείαν
2458 2006 2577 2061 τῶν
2606 2003 2904 2073 οὐρανῶν.

251 2086 325 2152 η’.
354 2091 457 2142 Διά
493 2092 654 2144 τοῦτο
690 2098 1043 2164 προσεκτέον,
1071 2100 1365 2167 ἀγαπητοὶ,
1391 2100 1487 2153 καὶ
1516 2096 1780 2169 τηρητέον
1814 2104 1858 2159 Β

179 2180 418 2235 ἕκαστον
450 2185 511 2237 τὸ
535 2187 731 2240 ἑαυτοῦ
758 2190 973 2256 σκεῦος,
1000 2190 1074 2253 ὠς
1101 2193 1127 2243 ὁ
1156 2190 1297 2254 θεῖος
1329 2190 1541 2255 Παῦλος
1577 2209 1771 2261 φησιν,

180 2276 242 2325 ὲν
274 2275 563 2346 ἁγιασμῷ,
597 2280 800 2348 μᾶλλον
832 2281 888 2333 δὲ
915 2281 975 2334 τὺ
1000 2283 1092 2335 τοῦ
1124 2281 1261 2335 Γ)εοῦ
1292 2284 1507 2347 σκεῦος.
1544 2283 1636 2353 Μὴ
1665 2284 1775 2355 γὰρ

181 2365 285 2417 οὐκ
328 2366 485 2419 ἔστιν
519 2370 552 2439 ή
593 2371 685 2423 τοῦ
722 2372 914 2441 ἱερέως
955 2373 1078 2443 χεὶρ
1130 2373 1254 2428 θεία
1284 2374 1443 2438 λαϐὶς
1490 2376 1773 2445 ἁπτομένη

180 2455 277 2508 τοῦ
312 2459 664 2512 Δεσποτικοῦ
690 2461 978 2531 σώματος;
1006 2464 1077 2516 Ἦ
1116 2464 1191 2534 μὴ
1225 2464 1285 2517 τὸ
1321 2466 1497 2535 στόμα
1526 2466 1619 2518 καὶ
1653 2464 1776 2519 ὅλον

182 2548 246 2604 τὺ
278 2550 443 2620 σῶμα
478 2551 738 2623 ποτὴριον
790 2553 935 2624 ίερδν
983 2557 1275 2627 δεχόμενον
1318 2559 1378 2610 τὸ
1408 2557 1503 2611 τοῦ
1537 2558 1775 2628 Χριστοῦ

186 2641 354 2710 σῶμα
381 2645 478 2695 καὶ
504 2639 667 2713 αἷμα,
699 2647 880 2715 πολλῷ
905 2649 1230 2719 τιμιώτερον
1260 2649 1367 2704 τῶν
1396 2649 1619 2719 ἀψύχων
1650 2651 1776 2703 τού-

184 2747 298 2783 των
352 2732 591 2786 λαϐίδων
636 2738 730 2789 καὶ
766 2740 1076 2810 ποτηρίων;
1103 2741 1213 2810 ὅσῳ
1234 2741 1294 2794 τὸ
1315 2740 1448 2795 αὐτὸ
1464 2742 1555 2794 καὶ
1588 2741 1780 2803 σκεῦος

186 2824 281 2875 καὶ
318 2823 485 2890 μέλος
528 2827 591 2879 ἐκ
648 2828 850 2898 μέρους
880 2830 973 2883 τοῦ
1006 2831 1413 2902 ὑποδεχομένου
1447 2833 1541 2886 καὶ
1576 2835 1780 2886 Δεσπο-

185 2913 350 2967 τικοῦ
408 2916 665 2985 σώματος
698 2919 946 2987 γίνεται;
984 2922 1122 2976 Εἰπέ
1169 2941 1263 2993 μοι
1302 2920 1397 2977 οὖν
1430 2923 1568 2996 πρὸς
1606 2925 1775 2977 θεοῦο

186 3004 257 3058 Et
281 3024 368 3069 τις
393 3011 464 3061 τά
496 3010 617 3079 ἱερὰ
639 3010 808 3065 ταῦτα
838 3013 932 3065 καὶ
961 3014 1093 3080 ἅγια
1118 3014 1312 3083 σκεύη,
1337 3013 1435 3084 τὴν
1461 3014 1613 3068 θείαν
1635 3014 1780 3084 λέγω

186 3093 383 3150 λαϐίδα
420 3100 517 3151 καὶ
545 3100 607 3152 τὸ
630 3103 892 3172 ποτήριον
918 3103 1169 3175 τολμηρᾷ
1200 3105 1396 3178 γνώμῃ
1431 3105 1660 3174 μολύναι
1684 3107 1782 3160 καὶ

188 3186 399 3240 ὸπσοῦν
431 3191 840 3260 ἐπιχειρήσειεν
868 3193 1181 3264 ἀκάθαρτόν
1196 3213 1247 3248 τι
1266 3196 1361 3248 καὶ
1387 3196 1583 3267 μιαρὸν
1596 3196 1781 3260 αὐτοῖς

189 3278 475 3347 ἔμϐαλὼν,
507 3283 609 3334 οὐκ
638 3282 705 3336 ἂν
744 3284 998 3348 ἀσεϐείας
1027 3287 1123 3339 καὶ
1155 3288 1253 3354 τῆς
1276 3287 1516 3357 ἐσχάτης
1546 3304 1781 3356 παρανο-

196 3370 327 3439 μίας
351 3366 517 3425 αὐτὸν
552 3375 938 3445 ἐγραψάμεθα,
974 3377 1069 3430 καὶ
1100 3377 1311 3444 μυρίων
1341 3378 1591 3432 θανάτων
1627 3380 1779 3449 ἐκρί-

195 3479 368 3532 ναμεν
440 3463 616 3529 ἀξιον,
650 3466 938 3536 τολμηρῶς
996 3467 1092 3519 καὶ
1151 3466 1331 3530 ἀθέως
1387 3467 1456 3521 τά
1514 3467 1783 3537 ἱερώτατα

196 3553 653 3625 καθυϐρίσαντα;
699 3557 757 3611 Ὀ
792 3558 850 3611 τὸ
880 3558 1161 3611 θειότατον
1201 3559 1309 3624 ἀρα
1345 3560 1448 3631 τὴς
1482 3560 1785 3631 ἱερωσύνης

200 3645 419 3709 σκεῦος,
477 3648 540 3699 τὸ
592 3648 671 3719 τῷ
721 3647 850 3719 θείῳ
910 3652 1332 3723 κεχρυσωμένον
1392 3653 1784 3721 Πνεύματι,τὸ

198 3736 381 3802 πολλῷ
410 3738 520 3791 τῶν
549 3740 771 3809 ἀψύχων
790 3742 954 3808 ἱερῶν
993 3742 1069 3805 ὡς
1099 3743 1316 3814 εἴρηται
1346 3743 1669 3815 τιμιώτερον
1707 3744 1783 3807 ὡς

199 3828 292 3880 καὶ
331 3830 576 3899 Χριστοῦ
636 3834 818 3899 μέλος,
852 3836 1230 3903 καταμιαίνων
1263 3836 1559 3905 μολυσμοῖς
1590 3832 1809 3889 ἄλλοτέ

200 3920 404 3986 ἄλλοις,
445 3922 617 3992 πόσης
652 3922 717 3976 ἂν
747 3925 833 3991 εἴη
862 3926 1141 3990 κολάσεως
1174 3926 1353 3993 ἄξιος;
1400 3927 1510 3980 Καί
1543 3944 1625 3979 τοι
1658 3944 1722 3994 γε
1754 3930 1782 3979 ὁ

203 4010 347 4074 θεῖος
375 4012 680 4078 ἀπόστολος
709 4015 921 4080 Παῦλος
946 4018 1007 4069 ού
1046 4017 1206 4086 μόνον
1248 4018 1379 4089 περὶ
1410 4017 1518 4069 τῶν
1562 4017 1778 4088 ἱερέων,

202 4104 339 4157 ἀλλά
366 4107 495 4172 περὶ
522 4107 742 4159 πάντων
773 4108 961 4172 ἀτελῶς
996 4109 1211 4162 πιστῶν
1254 4109 1492 4163 τοιαῦτα
1528 4110 1781 4180 φοϐερῶς

203 4196 457 4249 ἁπειλεῖο
505 4198 627 4251 Οὐκ
681 4198 884 4252 οἴδατε
917 4200 1047 4268 γὰρ,
1095 4200 1287 4270 φησὶν,
1345 4200 1435 4253 ὅτι
1484 4200 1629 4265 ναὸς
1673 4200 1782 4255 τοῦ

206 4286 356 4340 Θεοῦ
406 4287 572 4354 ἐστε,
631 4290 733 4343 καὶ
773 4290 839 4342 τὸ
876 4293 1117 4359 Πνεῦμα
1163 4290 1269 4344 τοῦ
1317 4289 1467 4344 Οεοῦ
1513 4288 1670 4343 οἰκεῖ
1714 4291 1783 4343 ἐν

204 4377 391 4445 ὐμῑν;
431 4379 502 4432 El
532 4396 622 4446 τις
644 4380 751 4434 τὸν
778 4381 928 4438 ναὸν
962 4382 1069 4437 τοῦ
1106 4382 1254 4436 Θεοῦ
1286 4383 1535 4451 φθείρει,
1582 4383 1791 4451 φθερεῖ

202 4490 227 4524 τ
239 4473 427 4527 οῦτον
457 4475 491 4527 ό
516 4475 680 4540 Θεός.

275 4563 303 4615 θ
316 4601 331 4616 .
348 4564 451 4617 Διά
464 4563 620 4617 τοῦτο
631 4566 731 4628 τὰς
748 4566 847 4634 μὲν
864 4566 1146 4638 ἱερατικὰς
1164 4570 1373 4638 χεῖρας,
1394 4570 1545 4632 θείας
1563 4569 1783 4632 λαϐίδας

207 4655 395 4720 οὔσας,
413 4657 490 4718 ὡς
512 4656 748 4725 εἴρηται,
773 4658 877 4728 χρὴ
896 4658 1221 4729 καθαρεύειν
1241 4660 1422 4730 πάσης
1442 4660 1540 4728 μὲν
1552 4660 1781 4727 κλοπῆς,

1963 2099 2015 2153 8.
2035 2076 2379 2168 Quapropier
2406 2107 2458 2151 et
2492 2099 2892 2161 incumbamus,
2924 2112 2954 2149 o
2986 2096 3189 2160 dilecti,
3224 2106 3278 2151 et
3308 2112 3465 2152 suum

1875 2192 2105 2262 quisque
2132 2205 2249 2254 vas,
2281 2198 2337 2244 ut
2365 2189 2439 2243 ait
2470 2190 2668 2245 beatus
2700 2188 2922 2253 Paulus,
2948 2190 3000 2241 in
3034 2188 3466 2244 sanctificatione

1872 2284 2093 2354 studeat
2129 2297 2476 2347 conservare,
2507 2282 2616 2337 imo
2650 2283 2829 2352 potius
2868 2280 2959 2334 Dei
2998 2296 3094 2336 vas
3124 2282 3192 2334 ⁸⁸.
3229 2281 3309 2334 An
3337 2296 3466 2335 vero

1878 2376 2179 2435 sacerdotis
2205 2389 2401 2431 manus
2428 2390 2533 2428 non
2561 2385 2817 2430 estsacer
2848 2374 3068 2443 quidam
3113 2373 3326 2443 forceps
3357 2373 3466 2429 Do-

1878 2471 2137 2525 minicum
2157 2482 2358 2538 corpus
2376 2467 2730 2538 pertingens?
2753 2466 2942 2521 Nonne
2970 2482 3032 2521 os
3070 2476 3127 2523 et
3152 2474 3325 2522 totum
3351 2481 3467 2522 cor-

1878 2577 1983 2632 pus
2010 2571 2093 2617 est
2113 2562 2334 2630 quidam
2359 2575 2513 2615 sacer
2534 2560 2698 2624 calix,
2727 2560 3016 2614 continens
3043 2558 3243 2615 Christi
3270 2574 3469 2634 corpus

1879 2662 1934 2706 et
1956 2652 2298 2721 sanguinem,
2328 2651 2501 2704 multo
2524 2648 2901 2704 houorabilius
2921 2649 3055 2717 ipsis
3078 2649 3332 2704 inanimis
3355 2647 3469 2703 for-

1880 2743 2094 2812 cipibus
2128 2751 2183 2796 et
2217 2741 2452 2811 poculis,
2482 2756 2601 2795 cum
2645 2740 2786 2794 idem
2824 2746 2880 2796 et
2908 2754 3028 2807 vas,
3065 2749 3122 2796 et
3163 2740 3466 2795 membrum

1883 2835 2060 2903 aliqua
2090 2850 2157 2889 ex
2188 2845 2341 2910 parte
2368 2833 2603 2901 suscepti
2646 2832 2911 2887 Dominici
2941 2824 3197 2902 corporis
3217 2832 3345 2887 flat?
3375 2830 3471 2889 Dic

1883 2941 2012 2997 ergo
2043 2926 2172 2980 mihi
2212 2940 2305 2994 per
2328 2923 2530 2989 Deum,
2561 2924 2605 2978 si
2636 2924 2760 2992 quis
2789 2933 3143 2979 sacrosancta
3176 2922 3291 2978 haec
3314 2936 3467 2988 vasa,

1883 3018 2147 3081 divinum,
2180 3017 2429 3086 inquam,
2464 3015 2729 3084 forcipem
2764 3014 2881 3085 (42)
2947 3024 3002 3071 et
3030 3015 3255 3071 calicem
3278 3015 3471 3071 audaci

1884 3111 2067 3164 animo
2122 3109 2554 3179 coinquinasset,
2600 3116 2654 3162 et
2705 3107 2977 3174 impuram
3013 3120 3128 3161 rem
3154 3106 3473 3175 quampiam

1886 3210 2052 3270 atque
2106 3200 2439 3252 immundam
2476 3212 2643 3251 ausus
2678 3196 2874 3251 fuisset
2918 3196 2973 3251 in
3015 3195 3103 3250 illa
3157 3195 3468 3261 infundere,

1885 3304 2063 3344 nonne
2097 3289 2241 3343 hunc
2270 3288 2566 3356 impietatis
2604 3287 2945 3357 extremique
2986 3285 3211 3343 sceleris
3245 3299 3473 3340 accusa-

1889 3397 2106 3446 rcmus,
2156 3380 2493 3451 dignumque
2522 3380 2917 3451 iudicaremus,
2950 3380 3040 3449 qui
3082 3378 3229 3433 mille
3276 3377 3472 3432 morti-

1888 3476 1990 3529 bus
2022 3473 2195 3528 lueret
2244 3487 2434 3542 ptenas
2459 3472 2604 3541 quod
2635 3472 2937 3527 insolenter
2969 3482 3037 3527 et.
3063 3471 3232 3541 impie
3270 3484 3357 3525 res
3383 3484 3473 3523 sa-

1888 3565 2224 3619 cratissimas
2257 3563 2553 3618 violasset?
2603 3564 2706 3630 Qui
2743 3578 2873 3633 ergo
2926 3563 3339 3618 sanctissimum
3383 3576 3471 3616 sa-

1887 3654 2114 3709 cerdotii
2155 3668 2270 3719 vas,
2313 3652 2455 3722 quod
2488 3662 2571 3708 est
2632 3666 2825 3708 sancto
2859 3654 3068 3722 Spiritu
3123 3654 3470 3715 deauratum,

1887 3746 2142 3814 quodque
2188 3745 2358 3798 multo
2390 3753 2473 3800 est
2505 3744 2904 3809 honorabilius,
2939 3743 3017 3797 uti
3066 3743 3327 3805 diximus,
3355 3744 3473 3796 ina-

1886 3836 2051 3891 nimis
2092 3834 2286 3898 sacris,
2318 3835 2520 3904 quippe
2559 3835 2704 3905 quod
2756 3846 2842 3889 est
2899 3834 3103 3889 Christi
3143 3834 3471 3898 membrum,

1886 3928 2051 3983 variis
2090 3928 2315 3982 maculis
2355 3927 2720 3982 diversimode
2754 3928 3027 3997 inquinat,
3058 3942 3167 3995 quo
3203 3926 3474 3995 supplicio

1885 4018 2081 4087 dignus
2124 4016 2265 4071 erit?
2308 4016 2476 4086 Atqui
2522 4027 2675 4071 certe
2724 4018 2914 4071 beatus
2947 4016 3227 4085 apostolus
3272 4013 3473 4071 Paulus

1885 4123 1994 4162 non
2022 4107 2197 4163 solum
2228 4108 2629 4173 sacerdotibus,
2667 4109 2758 4162 sed
2792 4108 2846 4161 in
2878 4107 3187 4161 universum
3217 4107 3475 4162 omnibus

1886 4199 2161 4265 fidelibus,
2195 4200 2310 4253 hac
2356 4201 2543 4254 eadem
2578 4199 3002 4255 formidabiliter
3038 4201 3469 4255 interminatur:

1889 4290 2120 4344 Nescitis
2152 4292 2314 4353 enim,
2349 4291 2447 4354 ait,
2476 4291 2616 4360 quod
2660 4290 2758 4344 Dei
2800 4291 3052 4359 templum
3100 4292 3249 4355 estis,
3277 4300 3324 4343 et
3355 4290 3475 4358 Spi—

1887 4383 2020 4436 ritus
2057 4381 2155 4436 Dei
2183 4381 2387 4435 habitat
2416 4382 2471 4435 in
2504 4382 2681 4436 vobis?
2709 4380 2770 4437 Si
2795 4384 2914 4451 quis
2947 4382 3200 4450 templum
3221 4379 3320 4435 Dei
3348 4397 3472 4435 cor-

1888 4476 2099 4541 rumpit,
2127 4480 2419 4543 corrumpet
2444 4474 2581 4526 hunc
2603 4473 2743 4527 Deus
2768 4474 2834 4527 ⁸⁹.
3322 4538 3329 4541 _

1960 4567 2015 4622 9.
2060 4564 2186 4619 Ideo
2236 4565 2604 4620 sacerdotales
2648 4580 2862 4630 manus,
2894 4579 3013 4630 quae
3057 4564 3200 4618 sacri
3240 4564 3475 4631 forcipes

1890 4660 2041 4719 sunt,
2076 4666 2133 4711 ut
2165 4657 2369 4710 dictum
2404 4668 2506 4723 est,
2542 4665 2759 4725 Oportet
2813 4672 2977 4723 puras
3032 4670 3154 4709 esse
3205 4656 3273 4709 ab
3323 4658 3472 4709 omni

208 4749 389 4818 πάσης
420 4748 465 4800 δ’
498 4749 756 4819 ἁρπαγῆς
796 4750 893 4802 καὶ⁵
940 4750 1256 4817 πλεονεξίας
1282 4765 1297 4778 ⁸
1340 4752 1475 4822 μηδὲ
1526 4752 1604 4821 τῷ
1629 4751 1781 4821 θυμῷ

1892 4748 2055 4813 furto,
2088 4748 2155 4802 ab
2195 4749 2341 4801 omni
2395 4748 2583 4816 rapina
2650 4749 3006 4815 improhaque
3053 4746 3346 4813 cupiditate
3377 4745 3475 4801 bo-
3512 4782 3516 4787 η

212 4842 238 4910 ἧ
269 4843 338 4913 τῇ
372 4840 650 4912 ἐπιθυμία
697 4840 1238 4910 ἑξυπηρετουμένας,
1290 4842 1479 4906 κακῶς
1517 4842 1786 4897 ἅπτεσθαι

1896 4856 2087 4894 norum
2116 4839 2441 4906 alienorum,
2479 4856 2654 4910 neque
2696 4841 3059 4894 iuservieutes
3092 4840 3210 4905 irae,
3246 4845 3340 4892 aut
3380 4837 3475 4893 de-

309 5047 331 5079 ⁷
358 5046 554 5102 Matth.
586 5063 640 5112 ν,
684 5046 777 5101 20.
853 5045 944 5099 ⁵⁸1
980 5044 1177 5101 Thess.
1208 5062 1281 5111 ιν,
1306 5048 1360 5101 4.
1394 5080 1405 5089 -
1446 5044 1492 5077 ⁵⁸
1517 5044 1536 5097 Ι
1559 5043 1687 5100 Cor.
1715 5059 1793 5110 Ill,
1826 5042 1914 5098 16.

303 5256 396 5325 Ω)
430 5253 731 5323 Forcipem.
778 5253 1012 5309 Utuntur
1052 5254 1224 5309 (ἱνωοί
1268 5255 1628 5325 instrumento
1655 5267 1789 5325 quo-

214 5328 331 5381 dam
360 5323 471 5381 tum
493 5327 561 5379 ad
582 5325 947 5379 extrahendas
971 5338 1001 5377 e
1017 5326 1182 5377 calice
1214 5323 1457 5391 corporis
1475 5324 1787 5389 particulas,

218 5409 325 5448 tum
355 5396 425 5451 ad
456 5394 972 5448 subministrandam
993 5394 1393 5448 Eucharistiam
1428 5391 1648 5461 populo,
1682 5394 1786 5447 sub

215 5476 439 5531 utraque
456 5463 639 5533 specie
669 5463 1119 5528 communicanti;
1157 5463 1301 5517 illius
1323 5461 1493 5533 forma
1517 5469 1600 5515 est
1631 5463 1694 5514 ad
1718 5464 1785 5515 Ii-

1886 5262 2095 5308 stamus
2128 5253 2328 5324 λογχὴν
2360 5255 2656 5310 lanceolam
2686 5271 2884 5311 vocare
2929 5256 3171 5320 videtur,
3216 5254 3258 5307 si
3309 5254 3471 5310 modo

1889 5326 1957 5377 tie
1995 5323 2401 5396 hoeintelligit,
2429 5335 2482 5379 es
2511 5340 2614 5379 non
2643 5326 2710 5381 de
2736 5327 2846 5389 illa,
2867 5342 2972 5396 qua
2999 5336 3123 5380 ante
3143 5324 3471 5380 sacrificium

1893 5394 2050 5461 panis
2086 5392 2445 5465 fermentatus
2479 5396 2529 5448 in
2561 5397 2860 5463 particulas
2884 5392 3091 5465 'postea
3142 5408 3473 5465 consecran-

1883 5458 1980 5517 das
2015 5464 2300 5529 scinditur,
2348 5458 2467 5531 quae
2508 5458 2650 5518 nunc
2696 5458 2924 5519 formam
2955 5462 3343 5530 habetgcultri,
3382 5464 3472 5517 fit-

216 5530 796 5615 gulsesitni'litudinem,
827 5533 983 5615 itaut
1003 5533 1286 5615 intinctam
1305 5530 1785 5615 sangttine‘co‘rpus
1888 5548 2020 5615 que_
2048 5535 2149 5588 hoc
2181 5533 2230 5586 in
2257 5530 2477 5615 parvula
2509 5535 2739 5615 quadam
2775 5550 3185 5615 mensa,_qu_am
3222 5534 3319 5615 ipsi
3350 5547 3473 5615 pro;

217 5619 400 5672 capere
420 5612 476 5657 et
506 5603 745 5657 retinere
769 5603 957 5670 possit,
977 5612 1276 5671 vocantquc
1304 5602 1376 5655 illi
1404 5600 1546 5656 nunc
1570 5600 1781 5666 λαϐίδα,

1885 5589 2084 5682 tiiesm
2112 5589 2377 5682 vocant.“
2402 5589 2571 5682 Verba
2635 5589 3053 5682 Cnrysostomi,‘
3080 5606 3133 5659 in
3187 5589 3476 5682 principio

216 5671 336 5748 utet
354 5681 561 5748 noster:
590 5672 723 5748 Quae
745 5671 960 5739 quidem
985 5687 1236 5748 vox_ttova
1254 5672 1482 5748 videtur,
1508 5686 1615 5748 non
1639 5672 1779 5725 enim
1880 5672 2137 5748 Liturgiae
2158 5682 2304 5736 sunt,
2330 5672 2398 5726 Et
2424 5674 2660 5748 incidens
2690 5671 2932 5748 laitceola
2956 5671 3289 5748 signaculum
3311 5672 3470 5741 panis

219 5743 267 5798 iu
282 5745 513 5815 antiquis
526 5741 785 5799 Patribus
804 5755 921 5799 eam
934 5742 1158 5811 reperiri
1174 5741 1517 5800 crediderim.
1543 5742 1777 5810 Chrysoo

1898 5746 1951 5801 in
1969 5754 2198 5809 quatuor
2213 5752 2389 5809 partes
2417 5746 2468 5800 in
2489 5744 2711 5809 liquram
2736 5747 2929 5800 crucis.
