4150 6312
266 440 376 501 3Ξ9

1666 440 2037 501 EPISTOLA
2077 442 2132 501 Il
2151 444 2193 503 Ι.

3417 437 3519 510 350

269 552 366 603 καὶ
407 550 696 620 μαντειῶν,
726 543 808 614 οἷς
839 550 959 604 οὐδὲ
996 553 1119 613 τοὺς
1180 552 1472 620 λογισμοὺς
1514 550 1649 615 ὅλως
1713 554 1837 605 ἐπιε-

1962 556 2235 622 tiacasque
2292 553 2687 607 incantationes
2780 565 2841 606 ac
2916 552 3313 617 divinationes,
3389 568 3520 620 quas

271 639 500 694 ϐάλλειν
527 643 795 712 προσήκει
845 641 941 695 καὶ
984 640 1082 709 τὴν
1115 641 1345 711 καρδίαν
1374 644 1441 711 τῇ
1504 644 1692 713 μνήμῃ
1742 658 1842 695 κα-

270 732 698 798 ταρρυπαίνειν
745 734 808 785 ’0
828 732 1079 797 ,ϐλέπων
1139 734 1269 803 γὰρ,
1333 734 1515 801 φησιν,
1583 732 1843 800 γυναῖκα

271 824 431 891 πρὸς
460 825 529 877 τὸ
561 824 931 893 ἐπιθυμῆσαι
954 825 1169 892 αὐτὴν,
1195 825 1312 892 ἤδη
1348 824 1709 894 ἐμοίχευσεν
1736 826 1845 879 αὺ-

272 908 393 976 τήν
427 919 496 963 ἐν
516 909 590 977 τῇ
614 911 827 980 καρδίᾳ
856 915 1069 968 αὑτοῦ.
1118 913 1261 983 Πρὸς
1288 914 1514 968 θάνατον
1535 913 1591 967 δέ
1651 916 1843 984 ἀμαρ-

272 998 392 1050 τίαι
415 1000 630 1069 εἴρηται
657 1001 725 1052 τὰ
753 1001 997 1067 τοιαῦτα,
1037 1002 1117 1055 ὅτι
1142 1003 1235 1055 τὸν
1268 1001 1470 1057 ἁλόντα
1494 1004 1724 1071 τοιούτῳ
1740 1004 1847 1056 τινὶ

276 1089 447 1142 πάθει
477 1092 565 1142 καὶ
599 1091 1035 1161 πλημμελήματι
1086 1094 1238 1163 ἱερέα
1288 1092 1549 1147 ἀδύνατόν
1603 1097 1721 1148 ἐστι
1750 1096 1847 1164 τὴν

277 1179 589 1248 ἱερωσύνην
617 1180 787 1246 ἀξίως
812 1182 1137 1253 κεκτῆσθαί,
1168 1182 1273 1236 κᾶν
1333 1184 1562 1254 νεκροὺς
1612 1184 1849 1254 ἀναστή-

282 1286 421 1324 σειε.
474 1273 584 1326 Καὶ
618 1274 792 1327 ταῦτα
824 1274 924 1344 μέν
952 1278 1065 1337 τοῖς
1102 1275 1341 1344 ἰερεῦσιν
1373 1276 1561 1337 ἁπλῶς
1597 1276 1732 1331 πᾶσι
1755 1274 1851 1328 καὶ

275 1363 397 1425 τοῖς
435 1362 646 1425 λοιποῖς
677 1352 862 1427 ἄλλοις
892 1366 1005 1426 τοῖς
1030 1365 1123 1418 τοῦ
1176 1367 1324 1422 θείου
1375 1366 1706 1437 ἠξιωμένοις
1758 1366 1852 1436 βή-

283 1469 481 1522 ματος.
527 1454 808 1508 Ἐπείηκαί
858 1457 1068 1518 τούτοις
1108 1458 1316 1518 σκοπδς
1340 1458 1477 1527 πρὸς
1508 1459 1602 1511 τδν
1647 1458 1852 1511 τέλειόν

284 1542 500 1611 βαθμὸν
529 1544 627 1610 τῆς
660 1543 963 1613 ἱερωσύνης
1008 1546 1362 1619 ἀναδραμεῖν.
1390 1547 1499 1600 Καὶ
1558 1547 1647 1601 διὰ
1693 1545 1854 1600 τοῦτο

274 1633 387 1703 χρὴ
434 1636 545 1695 τοῖς
577 1636 890 1704 εἰρημένοις
950 1624 1274 1706 ἰδρὼσιῗὶαὶ
1333 1638 1519 1699 πόνοις
1570 1637 1855 1708 παραπλτ-

282 1718 421 1779 σίως
470 1720 585 1779 τοῖς
631 1720 1029 1790 πρεσϐυτέροις
1078 1724 1459 1794 ἐγκαρτερεῖν,
1515 1724 1611 1779 καὶ
1645 1725 1855 1788 τούτοις

276 1809 515 1870 εὐτόνως
564 1812 1057 1879 συναγωνίζεσθαιο
1106 1819 1172 1869 Ol
1254 1816 1367 1885 γὰρ
1425 1817 1650 1884 καλῶς,
1697 1818 1853 1886 φησὶ,

288 1897 793 1968 διακονήσαντες,
842 1905 1085 1969 βαθμὸν
1140 1907 1380 1974 ἑαυτοῖς
1438 1910 1629 1963 καλὸν
1699 1922 1857 1979 περι-
1889 1886 1928 1939 Β

283 1991 620 2055 ποιοῦνται,
657 1993 754 2046 καί
789 1996 1034 2062 πολλὴν
1060 1999 1407 2066 παρῤησίαν
1435 2001 1505 2054 ἐν
1528 2000 1727 2054 πίστει
1780 1997 1856 2067 τῇ

281 2080 359 2134 ἐν
384 2082 619 2149 Χριστῷ
656 2082 883 2151 Ἰησοῦ.
913 2088 977 2139 Οἱ
1003 2087 1057 2140 δέ
1095 2089 1391 2159 λογισμοὺς
1417 2083 1727 2160 ἀνθρώπων
1761 2090 1856 2144 καὶ

286 2169 481 2239 ψυχῶν
510 2172 924 2243 ἀρρωστήματα
953 2178 1087 2243 προς
1112 2178 1189 2247 τῷ
1220 2178 1319 2248 τῆς
1374 2180 1670 2249 ἱερωσύνης
1704 2183 1858 2252 χαρί-

283 2278 453 2330 σματι
488 2262 817 2333 θεραπεύειν
864 2266 1125 2339 λαχόντες
1180 2269 1332 2324 λύειν
1373 2289 1431 2325 τε
1485 2271 1580 2325 καὶ
1636 2271 1858 2342 δεσμεῖν

283 2351 566 2419 ἁμαρτίας
586 2353 853 2418 ’ἐξουσίαν
880 2356 1162 2427 εἰληφότες
1196 2362 1346 2430 παρὰ
1368 2360 1630 2432 Χριστοῦ,
1664 2362 1857 2416 ἔτικαὶ

287 2442 540 2506 πλείονος
575 2444 931 2515 δεηθήσονται
980 2449 1076 2518 τῆς
1136 2453 1398 2520 σπουδῆς,
1439 2456 1535 2508 καὶ
1574 2454 1682 2506 τῶν
1735 2452 1859 2506 κατ’

285 2533 493 2602 ἀρετὴν
548 2534 790 2605 ἱδρώτων
839 2539 934 2591 καὶ
993 2540 1192 2604 πόνων,
1268 2543 1379 2611 ὅσῳ
1452 2545 1549 2596 καὶ
1610 2542 1858 2613 μείζονος

255 2620 554 2706 ⁸ἠξίωνται
581 2626 790 2695 δωρεᾶς
844 2646 902 2682 τε
933 2634 1026 2683 καὶ
1054 2632 1232 2701 δόξης.
1264 2632 1375 2688 Καὶ
1414 2634 1503 2689 διὰ
1536 2636 1696 2689 τοῦτο
1726 2637 1857 2690 πολ-

286 2715 391 2785 λὴν
434 2717 537 2786 μέν
572 2718 821 2784 ἐξέτασιν
865 2723 960 2775 καὶ
1012 2726 1243 2798 μελέτην
1288 2729 1566 2797 ὀφείλουσι
1594 2730 1859 2800 διηνεκῶς

287 2810 563 2862 ποιεῖσθαι
593 2810 702 2863 τῶν
754 2813 915 2881 ἰερῶν
962 2817 1055 2867 καὶ
1089 2816 1250 2870 Θείων
1280 2820 1540 2888 κανόνων,
1575 2820 1715 2875 ὥστε
1749 2840 1858 2891 μη-

292 2898 452 2951 δέντι
474 2899 683 2954 τούτων
706 2901 863 2965 ἐκτὸς
892 2905 1096 2975 τολμᾷν
1114 2906 1568 2979 διαπεπραχέναι,
1599 2912 1735 2967 ἀλλὰ
1756 2930 1858 2966 κα-

291 2987 401 3051 θὼς
431 2988 500 3043 ἂν
529 2990 730 3044 ἐκείνοι
757 2993 1126 3063 διαγορεύοιεν
1159 2996 1259 3061 τὰς
1287 2999 1394 3053 τῶν
1424 3001 1730 3071 ἀνθρώπων
1749 3003 1858 3072 ψυ-

291 3079 394 3148 χὰς
425 3080 759 3150 θεραπεύειν
802 3084 1200 3154 ἐπιμελεῖσθαι.
1230 3089 1342 3158 Πρδ
1380 3090 1437 3143 δέ
1460 3091 1666 3145 τούτων
1690 3092 1856 3162 ἐργά-

1942 646 2159 714 quidem
2188 658 2288 699 nec
2320 644 2650 714 cogitatione
2672 643 2952 713 complecti
2987 644 3161 706 decet,
3197 652 3292 696 aut
3335 658 3521 697 earnm

1944 735 2202 791 memoria
2221 750 2314 789 cor
2332 736 2619 804 coinquina
2630 750 2705 799 re,
2722 734 2923 789 dictum
2948 744 3032 789 est
3051 735 3197 789 enim
3218 753 3230 787 :
3254 734 3360 799 Qui
3383 736 3521 788 nide-

1944 823 2013 876 rit
2045 822 2313 895 mulierem
2336 822 2405 875 ad
2426 820 2900 888 concupiscendum
2934 838 3070 885 eam,
3089 822 3207 890 jam
3232 822 3520 875 mare/tatus

1943 922 2021 966 est
2063 929 2179 967 eam
2210 914 2265 965 in
2296 913 2453 965 corde
2498 928 2592 966 suo
2636 914 2702 967 ".
2743 912 2809 966 Et
2865 914 2981 967 hac
3025 914 3243 981 quidem
3292 924 3515 983 peccata

1948 1003 2223 1057 mortifera
2290 1004 2496 1068 dicunt,
2550 1018 2615 1058 eo
2661 1003 2808 1072 quod
2859 1005 3202 1059 sacerdotem
3274 1006 3518 1073 ejusmo-

1947 1096 1999 1149 di
2036 1096 2220 1166 aliquo
2269 1095 2459 1149 morbo
2488 1095 2754 1150 delictove
2796 1104 3137 1165 corruptum,
3187 1094 3523 1164 impossibile

1948 1186 2020 1244 sit
2066 1186 2431 1241 sacerdotium
2487 1186 2646 1252 digne
2676 1185 2975 1253 possidere,
3033 1186 3251 1238 etiamsi
3283 1194 3523 1237 mortuos

1948 1277 2255 1333 suscitaret.
2279 1275 2405 1330 Haec
2422 1290 2548 1329 vero
2579 1276 2829 1329 omnibus
2852 1276 3252 1339 sacerdotibus,
3282 1289 3527 1328 cominu-

1951 1366 2092 1419 niter
2132 1364 2271 1417 dicta
2302 1362 2438 1426 sint,
2499 1364 2819 1429 cmterisque
2862 1362 3004 1425 aliis,
3037 1361 3127 1431 qui
3161 1362 3301 1415 sacri
3334 1360 3525 1415 altaris

1952 1456 2175 1534 gradum
2202 1454 2476 1508 consecuti
2511 1454 2803 1507 sunt.Nam
2835 1462 2891 1507 et
2937 1454 3056 1508 istis
3106 1467 3301 1518 scopus
3339 1458 3423 1505 est
3456 1451 3523 1503 ad

1952 1548 2255 1617 perlectum
2281 1546 2573 1601 sacerdotii
2598 1547 2823 1613 gradum
2851 1547 3153 1612 pervenire.
3176 1542 3240 1595 Et
3266 1545 3383 1597 ideo
3408 1542 3530 1597 illos

1953 1643 2166 1702 oportet
2202 1632 2489 1687 sudoribus
2535 1642 2694 1698 atque
2718 1630 2997 1684 laboribus
3024 1644 3177 1697 teque
3207 1644 3268 1681 ac
3292 1628 3525 1697 presby-

1958 1736 2103 1781 teros
2153 1738 2274 1780 sese
2308 1725 2457 1787 dare,
2484 1733 2538 1777 et
2571 1737 2672 1775 una
2697 1737 2818 1775 cum
2857 1721 2995 1790 ipsis
3029 1730 3253 1775 strenue
3274 1729 3485 1773 certare
3513 1733 3529 1770 :

1958 1817 2062 1883 Qui
2088 1818 2231 1869 enim
2258 1816 2381 1868 bene
2423 1814 2842 1866 ministraverint
2898 1812 3033 1879 (49),
3075 1810 3271 1877 inquit,
3307 1808 3533 1877 gradum

1958 1903 2151 1957 bonum
2193 1903 2294 1956 sibi
2344 1902 2633 1970 nequirent,
2666 1911 2713 1951 et
2764 1898 2987 1951 multam
3034 1897 3290 1963 ﬁduciam
3323 1898 3375 1948 in
3405 1895 3531 1963 ﬁde,

1958 2008 2074 2062 qua:
2106 2000 2179 2043 est
2211 1990 2265 2043 in
2305 1986 2517 2042 Christo
2545 1986 2672 2040 Jesu
2692 1985 2994 2051 ".Quibus
3021 1999 3146 2038 vere
3176 1983 3536 2053 cogilatiOnes

1959 2082 2237 2137 hominum
2288 2081 2697 2144 animarumque
2723 2078 2941 2131 morbos
2974 2076 3259 2130 sacerdotii
3282 2076 3425 2129 dono
3453 2089 3538 2129 sa-

1958 2186 2093 2227 nare
2120 2171 2305 2225 datum
2339 2146 2528 2233 est,'et
2561 2166 2801 2222 solvendi
2839 2174 3081 2236 peccata,
3110 2176 3163 2221 et
3198 2166 3397 2234 ligandi
3433 2181 3535 2235 po-

1955 2271 2209 2319 testatem
2236 2260 2505 2315 aChristo
2545 2266 2891 2327 acceperunt,
2932 2257 3121 2327 majori
3166 2257 3329 2310 etiam
3372 2271 3538 2311 cona-

1960 2365 2029 2424 tu,
2065 2371 2138 2419 ac
2201 2355 2382 2417 studio
2460 2353 2796 2422 indigebunt,
2859 2349 3266 2419 majoribusque
3320 2348 3541 2404 virtutis

1959 2446 2251 2502 sudoribus
2281 2459 2345 2499 ac
2373 2443 2670 2507 laboribus,
2707 2452 2915 2513 quanto
2942 2441 3137 2510 majori
3166 2442 3310 2497 dono
3340 2450 3395 2495 et
3426 2441 3545 2511 glo-

1959 2537 2038 2593 ria
2079 2536 2229 2607 digni
2256 2534 2426 2590 habiti
2453 2543 2601 2588 sunt.
2634 2533 2811 2603 Atque
2846 2533 2968 2587 ideo
3005 2531 3236 2585 multam
3284 2544 3541 2600 perscru-

1961 2610 2221 2683 tationem
2250 2641 2312 2681 ac
2348 2624 2755 2679 meditationem
2806 2637 3091 2677 sacrorum
3124 2622 3545 2688 divinorumque

1959 2733 2224 2775 canonum
2264 2717 2524 2772 adhibere
2564 2715 2781 2769 assidue
2832 2715 3056 2779 debent,
3089 2723 3145 2769 ut
3173 2712 3310 2767 nihil
3347 2720 3546 2783 praeter

1959 2814 2079 2869 illos
2113 2812 2348 2867 audeant
2376 2809 2580 2872 facere,
2616 2809 2710 2863 sed
2737 2808 2890 2876 juxta
2938 2820 3126 2861 eorum
3169 2814 3376 2860 statuta
3422 2804 3545 2859 aui-

1958 2905 2062 2960 mis
2112 2898 2395 2958 hominum
2459 2899 2718 2956 curandis
2762 2897 3105 2953 incumbant.
3161 2898 3302 2950 Ante
3358 2896 3542 2951 omnia

1960 3011 2088 3052 vero
2117 2993 2425 3065 apem-ium
2453 3005 2575 3047 esse
2600 2998 2809 3058 oportet
2840 2987 3396 3058 irreprebensibilem,
3422 3000 3542 3043 sese

1960 3087 2078 3143 aliis
2092 3089 2288 3142 bonum
2302 3082 2581 3152 exemplar
2598 3082 2962 3142 exhibentem.
2984 3081 3049 3134 ad
3069 3081 3367 3135 docendum
3388 3093 3549 3149 para-

293 3189 400 3239 την
422 3172 857 3243 ἀνεπαίσχυντον
887 3171 1047 3243 εἰναι,
1077 3179 1247 3232 τύπον
1284 3180 1449 3235 καλὸν
1502 3183 1699 3235 ἐαυτὸν
1745 3185 1859 3247 τοίς

1965 3191 2102 3241 tum,
2134 3176 2477 3248 hospitalem,
2504 3174 2757 3237 amicum.
2794 3173 3093 3229 dolentium
3122 3172 3544 3236 consolatorem,

295 3264 479 3327 ἄλλοις
516 3265 846 3334 παρέχοντα,
890 3266 1224 3332 διδακτικόν,
1288 3271 1591 3339 φιλόξενον,
1654 3273 1859 3326 λυπου-

1962 3270 2135 3325 verba
2166 3266 2562 3323 exhortationis
2586 3280 2800 3335 semper
2830 3264 2935 3319 sibi
2967 3265 3313 3327 retinentem,
3350 3278 3550 3333 paupe-

297 3357 484 3424 μένοις
515 3356 968 3427 παραμυθητικόν
994 3372 1007 3387 ’
1032 3360 1392 3431 ἀντεχόμενον
1416 3364 1501 3417 ἀεὶ
1553 3363 1646 3416 τοῦ
1700 3365 1861 3432 λόγου

292 3447 398 3516 τῆς
422 3446 849 3518 παρακλήσεως,
901 3451 1227 3519 πενομένοις
1280 3453 1668 3523 μεταδοτικδν,
1702 3455 1865 3525 εὐθη-

292 3539 581 3607 νουμένοις
625 3538 1026 3609 χαλιναγωγδν,
1081 3541 1155 3612 μὴ
1240 3543 1519 3614 πάροινον,
1584 3544 1863 3599 τουτέστιν

294 3629 589 3713 ὕδριστὴν,
626 3631 764 3685 κατὰ
812 3631 909 3701 τὴν
930 3632 1026 3685 τοῦ
1076 3633 1220 3686 θείου
1266 3635 1481 3689 Παύλου
1516 3636 1861 3706 παραίνεσιν,

298 3718 375 3790 μὴ
407 3719 677 3789 πλήκτην,
713 3719 789 3789 μὴ
834 3721 1220 3793 αἰσχροκερδῆ,
1255 3724 1373 3778 ἀλλ’
1438 3726 1684 3795 ἐπιεικῆ,
1724 3726 1866 3796 ἅμα·

293 3827 411 3881 χον,
445 3812 505 3863 ἐν
563 3810 837 3879 πραότητι
882 3811 1205 3867 παιδεύοντα
1264 3814 1391 3880 τοὺς
1433 3816 1865 3888 ἀντιδιατιθεμέ-

295 3918 447 3967 νους,
494 3900 570 3972 μή
600 3918 736 3954 ποτε
762 3902 836 3971 δῷ
864 3904 1047 3967 αὐτοῖς
1100 3906 1128 3957 ό
1160 3896 1292 3969 Οεδς
1324 3906 1620 3976 μετάνοιαν
1644 3910 1722 3971 εἰς
1753 3910 1869 3961 ἐπί-

294 4010 503 4059 γνωσιν
558 3992 840 4063 ἀληθείας,
876 3996 971 4048 καὶ
1005 3996 1352 4066 ἀνανήψωσιν
1383 3998 1447 4050 ἐκ
1478 3998 1581 4066 τῆς
1632 3998 1727 4051 τοῦ
1755 4000 1870 4053 δια-

294 4081 456 4135 δόλου
480 4075 732 4150 παγίδος,
750 4082 1129 4153 ἐζωγρημένοι
1164 4084 1256 4136 ὑπ’
1283 4085 1449 4139 αὐτοῦ
1481 4087 1561 4149 εἰς
1579 4086 1639 4139 τὸ
1660 4086 1868 4140 ἐκείνου

296 4171 538 4242 θέλημα.
575 4172 761 4228 Ταῦτα
820 4174 1001 4228 πάντα
1062 4174 1361 4239 ποιοῦντές,
1422 4176 1721 4246 ἀγαπητοὶ,
1774 4178 1871 4232 καὶ

297 4262 445 4333 ὗμᾶς
478 4263 677 4328 αὐτοὺς
711 4262 941 4329 σώσετε,
1007 4263 1105 4319 καὶ
1154 4266 1279 4329 τοὺς
1323 4265 1621 4331 ἀκούοντας
1694 4269 1870 4339 ὑμῶν.

298 4354 677 4425 Προσεύχεσθτ
706 4353 764 4407 δέ
792 4355 888 4408 καὶ
912 4358 1040 4417 περὶ
1076 4355 1258 4425 ἡμῶν,
1326 4357 1419 4411 ῑνα
1451 4359 1519 4412 τά
1550 4354 1705 4413 ’καθ”
1725 4360 1873 4430 ἡμᾶς

298 4447 379 4509 εἰς
406 4442 699 4512 προκοπὴν
724 4441 822 4495 τοῦ
856 4442 1190 4512 Εὑαγγελίου
1214 4444 1309 4498 τοῦ
1328 4445 1568 4515 Χριστοῦ
1595 4450 1872 4518 προέρχη-

1971 3360 2123 3414 ribus
2162 3359 2498 3428 largitorem,
2525 3356 2811 3424 opulentos
2853 3354 3195 3415 fraenautem,
3243 3366 3347 3407 non
3396 3352 3550 3408 vino-

1972 3451 2202 3515 lentum,
2224 3450 2275 3503 id
2294 3457 2378 3504 est
2395 3446 2657 3517 injurium
2679 3445 2813 3515 (50),
2829 3443 2983 3513 juxta
3001 3445 3111 3499 divi
3128 3442 3280 3498 Pauli
3305 3443 3550 3498 adhorta-

1974 3547 2175 3599 tionem
2200 3542 2267 3607 ",
2302 3556 2408 3595 non
2442 3553 2844 3608 percussorem,
2882 3552 2989 3591 non
3025 3536 3200 3606 turpis
3231 3535 3366 3590 lucri
3395 3535 3552 3605 cupi-

1972 3638 2123 3698 dum,
2169 3634 2265 3689 sed
2297 3629 2507 3697 mitem,
2553 3630 2671 3685 sine
2698 3627 3060 3685 contentione
3113 3641 3237 3682 cum
3285 3626 3549 3681 modestia

1973 3725 2358 3795 corripientem
2409 3736 2504 3778 eos
2536 3723 2627 3791 qui
2672 3721 2936 3776 resistunt
2966 3722 3208 3785 veritati,
3240 3736 3309 3775 ne
3336 3721 3552 3788 quando

1975 3820 2120 3874 Deus
2146 3819 2236 3871 det
2282 3816 2391 3870 illis
2416 3813 2794 3883 pmnitentiam
2828 3812 2942 3884 (5i)
3002 3813 3076 3877 ad
3115 3809 3550 3881 cognoscendam

1974 3910 2286 3974 veritatem,
2311 3917 2367 3961 et
2427 3905 2752 3974 resipiscant
2800 3919 2829 3959 a
2871 3905 3078 3959 diaboli
3112 3903 3344 3973 laqueis,
3384 3918 3412 3955 a
3443 3918 3551 3971 quo

1976 4002 2177 4071 captivi
2210 4009 2464 4056 tenentur
2508 3999 2576 4053 ad
2614 3997 2785 4066 ipsius
2810 3997 3171 4053 voluntatem.
3209 3995 3339 4050 Haec
3371 3995 3553 4049 omnia

1978 4094 2265 4157 facientes,
2299 4100 2330 4146 ο
2356 4090 2565 4156 dilecti,
2608 4098 2664 4144 et
2694 4102 2793 4143 vos
2824 4088 2974 4158 ipsos
3027 4086 3333 4150 salvabitis,
3377 4095 3431 4141 et
3460 4099 3556 4140 eos

1977 4186 2069 4255 qui
2106 4199 2203 4239 vos
2233 4182 2481 4237 audiunt.
2514 4180 2679 4236 Orate
2737 4190 2920 4235 autem
2954 4188 3009 4235 et
3059 4193 3157 4247 pro
3191 4176 3346 4231 nobis
3367 4170 3553 4239 etiam,

1977 4276 2116 4332 utin
2176 4276 2294 4331 dies
2358 4287 2447 4330 res
2493 4283 2690 4331 nostra:
2720 4273 2786 4327 ad
2833 4273 3228 4328 incrementum
3277 4262 3555 4339 Evangelii

1976 4366 2180 4424 Christi
2234 4366 2373 4422 bene
2438 4364 2757 4436 procedant,
2808 4372 2977 4433 utque
3020 4363 3269 4432 expedite
3322 4376 3417 4431 per
3460 4374 3559 4430 pa-

1981 4458 2235 4513 tientiam
2269 4456 2604 4526 propositum
2638 4456 2800 4510 nobis
2821 4468 3218 4525 percurramus
3252 4460 3554 4520 certamen,

298 4552 391 4590 ται
428 4533 553 4587 καθ’
580 4535 843 4605 ἑκάστην,
893 4539 991 4589 καὶ
1039 4536 1189 4599 ὅπως
1223 4536 1505 4601 εὐσταλῶς
1564 4538 1635 4591 δι’
1666 4538 1863 4608 ὑπομο·

1980 4552 2337 4622 inspicientes
2374 4549 2426 4603 in
2467 4548 2588 4603 tldei
2621 4556 2899 4602 auctorem
2959 4556 3014 4601 et
3059 4550 3553 4601 eonsummatoretn

299 4631 400 4700 γῆς
452 4628 740 4699 τρέχωμεν
761 4629 852 4681 τὸν
902 4628 1260 4699 προκείμενον
1287 4631 1421 4701 ἡμῖν
1477 4630 1685 4699 ἀγῶνα,
1740 4632 1876 4701 ἀφο-

304 4722 514 4792 ρῶντες
544 4720 625 4781 εἰς
662 4718 754 4773 τὸν
777 4719 876 4788 τῆς
905 4722 1145 4778 πίστεως
1171 4721 1419 4791 ἀρχηγὸν
1467 4723 1560 4775 καὶ
1586 4724 1878 4795 τελειωτὴν

299 4808 519 4880 Ἰησοῦν
549 4809 811 4878 Χριστὸν,
845 4810 923 4874 ὡς
948 4810 1015 4865 ἂν
1045 4811 1143 4865 καὶ
1172 4813 1429 4881 ποιμένες
1482 4814 1578 4868 καὶ
1623 4814 1875 4886 ποίμνιον

304 4900 407 4968 τῆς
442 4901 503 4952 ἐν
539 4899 862 4969 παραδείσῳ
922 4902 1165 4972 μάνδρας
1214 4901 1588 4973 ἀξιωθείημεν
1627 4906 1686 4959 ἐν
1724 4906 1874 4975 αὐτῷ

306 4990 529 5062 Χριστῷ
554 4989 633 5061 τῷ
661 4990 851 5063 Κυρίῳ
883 4992 1061 5062 ήμῶν,
1084 4985 1127 5061 ᾧ
1158 4994 1334 5063 ήδόξα
1365 4996 1461 5047 καὶ
1490 4996 1550 5048 τὸ
1574 4997 1773 5065 κράτος
1796 5000 1876 5059 εἰς

308 5086 429 5149 τοὺς
460 5084 669 5148 αἰῶνας
695 5085 804 5141 τῶν
829 5088 1063 5142 αἰώνων.
1119 5091 1311 5159 ⁹Δμὴν.

1975 4644 2159 4700 Jesum
2211 4640 2513 4705 Christum,
2580 4648 2637 4693 ut
2683 4647 2738 4693 et
2796 4647 3051 4707 pastores
3094 4647 3150 4692 et
3196 4635 3336 4690 ovile
3394 4631 3556 4690 simul

1976 4734 2187 4791 ctelesti
2216 4732 2501 4789 mansione
2531 4730 2675 4798 digni
2727 4728 2921 4793 simus,
2953 4730 3006 4784 in
3054 4728 3171 4798 ipso
3199 4726 3417 4782 Christo
3447 4723 3558 4780 Do-

1978 4826 2131 4881 mino
2174 4832 2386 4890 nostro,
2446 4823 2533 4876 cui
2577 4821 2745 4891 gloria
2787 4829 2841 4875 et
2876 4818 3192 4890 imperium,
3242 4817 3297 4872 in
3356 4814 3556 4871 arcula

1984 4916 2328 4973 saeculorum.
2360 4914 2558 4970 Amen.

378 5267 422 5299 "
453 5264 647 5319 Matth.
690 5264 867 5330 v,-28.
943 5265 1039 5321 "1
1063 5264 1206 5323 Tim.
1247 5286 1337 5335 ut,
1366 5270 1454 5324 l3.
1533 5269 1578 5302 ’⁸
1607 5269 1627 5323 1
1654 5268 1798 5324 Tim.
1830 5285 1913 5337 ιιι,
1936 5269 1993 5335 '5,
2035 5266 2169 5333 4;“
2198 5264 2344 5320 Tim.
2378 5280 2438 5331 tt,
2465 5264 2558 5319 25.

382 5398 494 5469 (49)
528 5397 635 5463 Qui
680 5398 806 5453 bene
855 5402 1365 5461 administraverint.
1422 5404 1627 5462 Alludit
1666 5409 1733 5463 ad
1764 5408 1881 5463 dia-

307 5484 492 5531 conos,
526 5482 668 5538 quos
711 5470 846 5526 bene
880 5472 1187 5529 ministrare
1220 5477 1451 5531 nominis
1496 5478 1579 5532 sui
1615 5493 1882 5532 memores

308 5538 615 5619 (διακονέω,
663 5540 928 5619 ωἱηὶξρνο)
992 5555 1224 5619 oportet.
1262 5545 1462 5619 Eadem
1500 5547 1880 5619 etbytnologiae

310 5609 516 5682 r_at_ione
542 5609 858 5682 CEQOI}._37
888 5609 1102 5665 concilii
1159 5628 1211 5667 tv
1260 5609 1725 5682 Carthaginensis,
1757 5609 1881 5671 εἷιν

310 5676 551 5754 Toletan.
584 5678 677 5754 ἷξε),
694 5678 849 5754 jubet
875 5682 954 5754 eis
1001 5682 1278 5754 ministros
1298 5699 1355 5738 se
1378 5676 1517 5749 esse,
1565 5676 1878 5754 agnoscere.

377 5746 488 5816 (50)
522 5746 816 5821 Iniurium.
878 5748 997 5805 Non
1028 5755 1098 5821 ita
1138 5751 1301 5815 facile
1346 5746 1675 5809 invenias'in
1716 5771 1882 5821 expo-

312 5821 565 5875 sitoribus
587 5817 740 5874 Pauli
771 5832 957 5876 vocem
986 5820 1264 5895 πάροινον.
1308 5822 1655 5883 iniuriosum.
1685 5817 1876 5883 contu-

1977 5403 2288 5465 meliosum,
2309 5401 2423 5456 sive
2455 5398 2860 5455 convitiatorem
2899 5399 3071 5467 reddi;
3105 5408 3159 5453 at
3209 5414 3312 5453 non
3338 5398 3553 5464 quidem

1981 5472 2366 5541 Theophanes,
2406 5470 2482 5541 uti
2514 5470 2689 5540 sentio
2733 5468 2970 5541 ar.me
3003 5470 3233 5541 σκόπου,
3289 5484 3410 5521 nam
3448 5468 3553 5523 viui

1980 5542 2024 5596 is
2054 5536 2173 5663 οἱδὶ
2208 5542 2347 5597 solet
2384 5536 2708 5604 euectusmt
2746 5539 2811 5595 ad
2844 5536 3021 5609 jurgia
3051 5539 3133 5617 vel
3163 5540 3395 5593 inermes
3428 5552 3550 5606 pro-

1980 5622 2065 5663 tru
2108 5619 2180 5663 at.

1980 5619 2180 5666 trudat.

2052 5681 2165 5751 (51)
2204 5678 2598 5733 Paenitentiam.
2630 5675 2851 5751 Mutilus
2876 5685 2928 5751 et
2960 5677 3287 5751 depravatus
3319 5676 3546 5751 habetur

1989 5746 2079 5805 hic
2102 5746 2251 5804 locus
2272 5751 2325 5804 in
2349 5759 2580 5817 utroque
2603 5746 2923 5816 exemplari.
2977 5747 3081 5801 Sed
3104 5763 3224 5817 cum
3252 5749 3419 5817 verba
3444 5747 3543 5803 sitr'

1985 5819 2249 5885 Apostoli,
2284 5832 2348 5874 ex
2373 5832 2441 5875 eo
2484 5816 2848 5885 sttpplcvitnus
2886 5826 2940 5873 et
2979 5816 3413 5873 emenda-vimus.
