4150 6312
655 356 762 419 355

1897 351 2283 415 NICOLAUS
2310 350 2678 412 CABASILA

3824 354 3929 416 356

657 468 797 525 visci
834 468 995 535 solet,
1033 465 1721 538 incompreltensibilesquc
1756 474 1874 521 tuas
1924 466 2233 521 miseratio-

2367 467 2684 536 ινησίκακον
2718 463 3037 533 ἀγαθότητά
3076 481 3194 529 σου,
3236 462 3486 528 καὶτοὺς
3533 464 3933 535 ἁπερινοὴτους

664 576 783 628 nes,
827 558 1281 630 superlaudabilis
1332 565 1386 611 et
1432 556 1827 627 supergloriose
1875 555 2121 622 Domine,
2153 555 2245 626 qni

658 664 969 708 creaturam
997 660 1139 704 tuam
1172 648 1498 719 corripiens,
1523 649 1713 703 deinde
1744 665 1905 703 sanas
1934 666 1948 703 :
1975 647 2247 715 Quoniam

662 762 768 800 non
786 742 1079 798 secundum
1111 749 1328 808 peccata
1372 751 1553 795 nostra
1588 740 1762 809 fecisti
1801 740 1971 801 nobis.
2003 738 2245 803 Domine,

662 853 825 900 neque
864 836 1151 890 secundum
1184 834 1491 900 iniquitates
1546 845 1754 887 nostras
1798 832 2096 886 retribuiin
2157 848 2249 884 uo-

664 930 811 992 bis‘,
863 928 957 983 sed
995 940 1240 979 amorem
1275 940 1401 994 erga
1440 924 1684 978 homines
1730 924 1875 991 justo
1919 922 2126 991 judicio
2156 930 2251 976 tuo

660 1030 993 1087 temperans,
1024 1018 1116 1070 ine
1150 1026 1254 1071 tum
1276 1016 1414 1071 falce
1438 1024 1735 1080 contracta,
1767 1031 1867 1069 nos
1896 1030 2087 1069 rursus
2105 1015 2252 1069 velo-

660 1114 804 1166 citer
832 1110 1098 1178 propitius
1132 1120 1293 1177 atque
1322 1107 1587 1176 benignus
1622 1106 1909 1174 respexisti
1932 1146 1947 1170 ,
1972 1116 2026 1158 et
2060 1106 2254 1160 intole-

664 1200 915 1256 rabiliter
948 1214 1048 1253 nos
1081 1200 1463 1267 depascentem
1499 1199 1757 1265 impetum
1802 1197 2100 1264 mortisque
2134 1196 2251 1265 pla-

668 1309 791 1363 gam
846 1290 1163 1353 cohibuisli,
1218 1290 1506 1357 increpans
1552 1304 1670 1341 eam
1705 1295 1762 1340 ut
1796 1302 1945 1340 mare
1976 1290 2251 1356 quondam

669 1392 725 1434 et
757 1388 969 1435 ventos.
1000 1378 1127 1433 Ideo
1149 1391 1435 1447 precamur
1456 1386 1524 1442 te,
1550 1390 1583 1429 ο
1609 1376 1922 1430 misericors
1947 1385 2001 1429 et
2026 1376 2255 1445 benigne

672 1472 921 1535 Domine,
957 1479 1017 1523 ut
1049 1484 1144 1523 eos
1171 1469 1265 1537 qui
1299 1467 1605 1535 eprmsenti
1639 1467 1746 1520 vita
1812 1467 2084 1535 rebusque
2116 1477 2255 1520 tem-

675 1559 932 1630 poraueis
960 1559 1321 1628 emigrarunt,
1357 1558 1408 1611 in
1442 1557 1706 1612 relucenti
1743 1556 1865 1611 loco
1903 1558 2252 1627 requiescere

679 1654 883 1717 facias;
916 1650 1034 1705 loco
1065 1652 1285 1718 inquam
1323 1664 1562 1715 amteno,
1596 1649 1716 1704 loco
1743 1663 1981 1719 pascuae,
2021 1649 2136 1703 loco
2175 1663 2261 1702 re-

680 1742 957 1807 fectionis,
1010 1758 1037 1794 a
1073 1757 1179 1810 quo
1213 1742 1365 1796 dolor
1398 1744 1572 1795 omnis
1598 1782 1612 1805 ,
1643 1743 1867 1797 tristitia
1915 1741 2261 1812 gemitusque

670 1834 975 1904 aufuginnt.
1008 1809 1168 1887 Effice
1200 1833 1319 1887 illos
1356 1834 1626 1902 voluptate
1650 1848 1811 1901 quam
1840 1834 1893 1886 in
1923 1809 1981 1887 te
2004 1834 2221 1900 capiant
2247 1874 2261 1897 ,
2296 1809 2335 1862 Β

686 1936 743 1981 et
783 1926 1123 1980 beatitudine
1164 1928 1390 1995 dignos;
1436 1942 1533 1980 nos
1564 1941 1692 1979 vero
1725 1928 1817 1993 qui
1854 1927 2030 1979 adhuc
2071 1940 2261 1991 super-

676 2032 891 2080 sumus,
925 2017 1018 2084 qui
1057 2017 1288 2070 stadium
1324 2016 1447 2070 vitae
1482 2017 1641 2085 hujus
1676 2016 1958 2070 doloribus
1998 2016 2263 2069 scatentis

684 2108 1058 2178 percurrimus
1082 2149 1097 2173 ,
1130 2108 1376 2162 contorta
1418 2110 1617 2164 virtute
1654 2119 1755 2161 tum
1795 2108 2134 2163 fortitudinis
2161 2149 2174 2172 ,
2208 2118 2267 2160 nt

680 2201 893 2255 insidiis
922 2200 1120 2252 diaboli
1155 2200 1563 2267 insurgentique
1618 2210 1803 2254 contra
1831 2216 1927 2255 nos
1949 2202 2263 2269 passionum

685 2291 1132 2357 exteriorumque
1175 2298 1533 2345 Ientationum
1574 2293 1849 2362 tyrannidi
1899 2307 2021 2346 cum
2054 2294 2265 2361 patien-

687 2385 761 2439 tia
816 2394 870 2438 ct
920 2383 1335 2451 longanimitate
1385 2398 1648 2453 generose
1684 2384 2024 2449 resistamus,
2067 2392 2125 2435 ut
2172 2398 2269 2452 per

688 2475 945 2529 invictam
975 2486 1141 2542 atque
1169 2474 1569 2528 auxilintricem
1602 2475 1884 2529 dexteram
1906 2481 2058 2527 tuam
2091 2473 2266 2526 victo-

690 2581 777 2620 res
800 2567 993 2620 borum
1028 2565 1180 2629 facti,
1215 2566 1514 2619 elliciamur
1536 2566 1683 2635 digni
1710 2566 1866 2621 bonis
1898 2566 2267 2636 sempiternis,

691 2675 812 2726 quae
854 2659 1169 2727 praeparasti
1196 2668 1321 2713 ante
1354 2660 1539 2713 mundi
1574 2660 2019 2715 constitutionem
2048 2658 2273 2728 diligen-

696 2749 837 2803 libus
870 2758 942 2813 te,
984 2750 1239 2818 precibus
1269 2760 1432 2819 atque
1489 2751 1832 2806 orationibus
1882 2750 2273 2822 superbenedi-

690 2850 791 2897 cla:
823 2849 926 2893 tua:
959 2838 1142 2894 Matris
1180 2841 1419 2894 Dominae
1447 2852 1645 2896 nostra
1677 2840 1918 2909 Deipara:
1943 2855 2270 2910 semperque

697 2930 938 2998 Virginis
975 2930 1160 2985 Mariae
1184 2972 1197 2997 ,
1237 2935 1590 3001 omniumque
1645 2946 1860 2987 tuorum
1913 2941 2225 2987 sanctorum
2255 2969 2270 2994 ,

690 3024 817 3090 quia
869 3023 1182 3077 benedictus
1252 3032 1305 3076 et
1352 3024 1618 3092 gloriosus
1670 3037 1730 3077 es
1784 3038 1909 3077 cum
1984 3022 2145 3076 Patre
2180 3032 2272 3077 tuo

2352 577 2445 612 σου
2477 558 2796 628 οἱκτιρμοὺς
2824 557 3182 627 ὑπερύμνητε
3207 559 3300 610 καὶ
3330 556 3654 627 ὑπερένδοξε
3697 558 3874 626 Κύριε
3905 559 3935 608 6

2352 651 2625 705 παιδεύων
2670 651 2731 702 τὸ
2792 648 3020 718 πλάσμα
3072 666 3166 701 σου
3206 648 3301 701 καὶ
3354 648 3516 701 πάλιν
3568 647 3820 717 ἰώμενος,
3850 648 3935 699 ὅτι

2355 746 2437 798 Οὐ
2461 746 2611 796 κατὰ
2643 742 2903 811 ἀνομίας
2928 740 3097 810 ἡμῶν
3120 742 3419 806 ἐποίησας
3445 739 3610 808 ἡμῖν,
3635 738 3932 800 Δέσποτα,

2354 836 2497 890 οὐδὲ
2560 835 2710 889 κατὰ
2768 835 2875 898 τὰς
2932 835 3221 902 ἁμαρτίας
3276 832 3445 899 ἡμῶν
3502 830 3936 895 ἀνταπέδωκας

2355 927 2520 995 ἡμῖν,
2580 925 2713 979 ἀλλὰ
2747 927 2812 994 τῇ
2840 924 3212 993 δικαιοκρισίᾳ
3245 940 3339 976 σου
3382 924 3483 992 τὴν
3520 919 3937 990 φιλανθρωπίαν

2357 1035 2450 1069 σου
2512 1016 3023 1085 συγκερασάμενος,
3058 1016 3151 1066 καὶ
3184 1013 3245 1065 τδ
3294 1012 3564 1083 δρέπανον
3618 1011 3718 1077 τῆς
3763 1010 3940 1078 ὀργῆς

2356 1109 2705 1170 ἀναστείλας,
2746 1108 2904 1169 ἵλεως
2947 1107 3081 1174 ἡμῖν
3126 1104 3289 1156 πάλιν
3341 1103 3547 1172 ταχέως
3590 1100 3807 1161 ὲπείδες
3841 1100 3942 1151 καί⁵

2358 1202 2617 1271 εὐμενὴς,
2648 1202 2741 1252 καὶ
2794 1199 2892 1267 τὴν
2920 1200 3164 1268 ἀσχέτως
3206 1200 3516 1266 νεμομένην
3562 1196 3710 1267 ἡμᾶς
3758 1194 3943 1264 ὁρμὴν

2358 1296 2453 1347 καὶ
2486 1292 2713 1362 θραῦσιν
2747 1290 2981 1359 ἔστησας
3020 1288 3113 1342 τοῦ
3155 1290 3410 1352 Θανάτου,
3438 1287 3774 1355 ἐπιτιμήσας
3800 1285 3940 1353 αὐτῇ

2360 1385 2543 1447 καθώς
2577 1402 2705 1437 ποτε
2733 1387 2799 1455 τῇ
2828 1384 3072 1454 Θαλάσσῃ
3106 1384 3200 1435 καὶ
3229 1385 3341 1444 τοῖς
3376 1382 3619 1451 ἀνέμοις.
3650 1381 3741 1434 Διὸ
3772 1381 3948 1434 δυσω-

2363 1476 2574 1545 ποῦμέν
2606 1493 2687 1541 σε,
2717 1475 3061 1543 εὓσπ).αγχνε
3089 1476 3183 1527 καὶ
3213 1472 3564 1542 φιλάνθρωπε
3591 1474 3785 1541 Κύριε,
3817 1473 3947 1534 τοὺς

2366 1568 2463 1638 μὶν
2498 1567 2875 1637 μεταστάντας
2904 1562 3003 1617 τοῦ
3032 1563 3301 1632 παρόντος
3338 1562 3455 1632 βίου
3488 1562 3595 1614 καὶ
3623 1562 3733 1615 τῶν
3771 1578 3949 1632 προσ-

2365 1657 2580 1728 καίρων
2631 1655 2952 1709 ἀνάπαυσον
3000 1655 3057 1705 ὲν
3123 1653 3274 1719 τόπῳ
3328 1649 3617 1721 φωτεινῷ,
3670 1652 3728 1702 ὲν
3793 1652 3949 1722 τόπῳ

2364 1748 2593 1819 χλοερῷ,
2645 1749 2703 1800 ὲν
2754 1748 2907 1817 τόπῳ
2941 1744 3255 1813 ἀναψύξεως
3285 1782 3299 1807 ,
3352 1742 3480 1796 ἔνθα
3529 1742 3742 1811 ἀπέδρα
3794 1745 3949 1796 πᾶσα

2365 1840 2549 1907 ὀδύνη,
2592 1839 2737 1907 λύπη
2770 1840 2865 1891 καὶ
2896 1837 3219 1903 στεναγμός.
3258 1836 3364 1888 Καὶ
3385 1835 3484 1903 τῆς
3511 1836 3567 1886 ὲν
3602 1836 3686 1886 σοὶ
3718 1834 3943 1904 τρυςρῆς

2366 1932 2461 1983 καὶ
2504 1930 2914 1999 μακαριότητος
2962 1926 3302 1991 καταξίωσον
3328 1940 3343 1954 ο
3376 1926 3525 1995 ημᾶς
3575 1925 3633 1977 δὲ
3675 1926 3803 1986 τοὺς
3866 1924 3951 1977 ἔτι

2370 2021 2660 2092 περιόντας
2711 2020 2789 2089 τῷ
2844 2018 2942 2087 βίῳ
2972 2016 3169 2085 τούτῳ,
3208 2019 3304 2069 καὶ
3335 2016 3397 2068 τὸ
3446 2015 3663 2069 στάδιον
3716 2014 3817 2084 τῆς
3853 2031 3954 2067 πο-

2367 2113 2623 2166 λυοδὺνου
2656 2110 2859 2179 ταύτης
2906 2109 3049 2177 ζωῆς
3086 2109 3397 2176 τρέχοντας,
3451 2107 3839 2173 ὲνδυνάμωσον
3871 2106 3953 2173 τῷ

2370 2206 2560 2272 κράτει
2593 2204 2691 2272 τῆς
2746 2203 2844 2270 σῆς
2899 2202 3107 2269 ἰσχύος,
3146 2199 3334 2265 στῆναι
3372 2198 3634 2265 γενναίως
3667 2196 3801 2265 πρὸς
3850 2198 3955 2259 τὰς

2372 2295 2655 2365 μεθοδεέας
2676 2292 2772 2346 τοῦ
2804 2293 3074 2355 διαϐόλου,
3107 2290 3202 2343 καὶ
3223 2290 3321 2359 τὴν
3350 2288 3785 2359 ὲπεγειρομένην
3815 2289 3955 2357 ἡμῖν

2369 2390 2479 2441 τῶν
2511 2388 2699 2441 παθῶν
2738 2386 2971 2441 καὶτῶν
3015 2384 3212 2448 ἔξωθεν
3266 2382 3589 2450 πειρασμῶν
3632 2382 3954 2450 τυραννίδα,

2375 2479 2495 2549 μεθ’
2518 2479 2796 2548 ὑπομονῆς
2828 2480 2922 2531 καὶ
2964 2474 3370 2546 μακροθυμίας,
3394 2473 3541 2534 ὅπως
3578 2472 3799 2540 νικηταὶ
3820 2470 3955 2524 τού-

2370 2587 2479 2625 των
2512 2571 2886 2641 γενόμενοιτῇ
2939 2569 3137 2638 ἀμάχῳ
3183 2567 3274 2620 καὶ
3315 2565 3585 2636 προμάχῳ
3634 2581 3729 2615 σου
3772 2563 3951 2634 δεξιᾷ,

2373 2662 2803 2729 καταξιωθῶμεν
2825 2660 2935 2713 τῶν
2964 2658 3195 2713 αἰωνίων
3222 2674 3313 2709 σου
3340 2656 3582 2723 ἀγαθῶν,
3619 2648 3693 2707 ὦν
3718 2654 3958 2724 ἡτοίμαο

2376 2770 2473 2814 σας
2500 2752 2605 2822 πρὸ
2634 2750 2939 2818 καταῦολῆς
2968 2749 3173 2816 κόσμου
3202 2749 3312 2808 τοῖς
3338 2744 3597 2814 ἀγαπῶσι
3630 2760 3711 2809 σε,
3761 2744 3957 2810 εὐχαῖς

2374 2860 2434 2896 τε
2495 2844 2590 2895 καὶ
2622 2841 2853 2901 ἱκεσίαις
2891 2839 2991 2907 τῆς
3023 2838 3543 2908 ὑπερευλογημένης
3574 2852 3669 2887 σου
3722 2831 3953 2901 Μητρὸς

2376 2934 2675 3002 Δεσποίνης
2712 2931 2867 3001 ἡμῶν
2891 2930 3152 2982 Οεοτόκου
3175 2930 3267 2982 καὶ
3301 2928 3665 2995 ἀειπαροένου
3705 2922 3955 2993 Μαρίας,

2378 3026 2470 3079 καὶ
2506 3024 2722 3075 πάντων
2758 3037 2850 3072 σου
2884 3019 2992 3072 τῶν
3022 3018 3216 3085 ἁγίων,
3244 3020 3326 3070 ὅτι
3357 3015 3646 3083 εὐλογητὸς
3679 3015 3772 3066 καὶ
3804 3012 3955 3065 δεδο-

707 3114 951 3183 principii
982 3124 1226 3185 experte,
1266 3117 1720 3185 sanctissimeque
1748 3118 1902 3171 ‘bono
1950 3131 2012 3169 ac
2057 3114 2264 3169 viviﬁcc

2381 3114 2643 3183 ξασμένος
2685 3112 2950 3179 ὑπάρχεις
2993 3110 3089 3161 σὺν
3135 3108 3211 3178 τῷ
3236 3109 3457 3178 ἀνάρχῳ
3500 3124 3590 3160 σου
3632 3107 3824 3176 (largi,
3856 3104 3958 3156 καὶ

700 3217 793 3261 tuo
831 3206 1059 3277 Spiritu,
1093 3222 1236 3263 nunc
1274 3217 1329 3262 et
1370 3208 1425 3262 in
1458 3208 1653 3265 saecula
1697 3208 2043 3264 szeculorum.
2077 3208 2269 3261 Amen.

778 3435 799 3469 ⁸
828 3438 972 3493 Psal.
1007 3454 1103 3509 cn,
1138 3439 1224 3494 l0.

700 3611 835 3668 lebri
871 3609 1039 3663 divini
1085 3609 1296 3664 timoris
1329 3609 1523 3679 elogio,
1555 3612 1695 3678 quod
1727 3624 1794 3665 ex
1823 3608 2024 3679 Basilio
2062 3607 2281 3679 desum-

704 3684 814 3752 psit
843 3680 1116 3734 Maximus
1151 3677 1449 3752 monachus
1481 3696 1494 3729 :
1534 3677 1600 3733 Ut
1641 3683 1729 3749 qui
1761 3682 1949 3747 inﬁxas
1985 3677 2137 3752 [iubet
2167 3692 2284 3752 cor-

702 3746 817 3822 pori
841 3752 1035 3809 clavos,
1063 3752 1131 3799 ad
1157 3748 1357 3822 nullum
1388 3766 1514 3814 opus
1548 3746 1833 3822 est_uptus,
1858 3748 1994 3818 quod
2013 3746 2281 3798 doloribus

705 3820 849 3875 tutus
881 3829 1195 3887 occupetur;
1230 3821 1308 3871 sic
1334 3822 1423 3887 qui
1458 3831 1595 3873 metu
1627 3820 1835 3872 Domini
1860 3825 2147 3879 coercetur,
2179 3831 2282 3867 non

718 3995 2300 4037 ξπῂσ-
2316 4022 2353 4029 .-
2380 4013 3892 4029 .—____—_—__—————_———___——.a-_——-——

2061 4022 2300 4033 ...α-σ-

2380 3207 2458 3276 τῷ
2489 3206 2738 3273 παναγίῳ
2772 3204 2867 3255 καὶ
2897 3200 3085 3270 ἀγαθῷ
3111 3202 3202 3253 καὶ
3240 3199 3487 3269 ζωοποιῴ
3518 3216 3611 3251 σου
3646 3196 3955 3265 Πνεύματι,

2377 3292 2472 3347 νῦν
2504 3292 2596 3344 καὶ
2618 3289 2703 3343 ἀεὶ
2736 3288 2831 3342 καὶ
2859 3289 2940 3350 εἰς
2966 3288 3087 3350 τοὺς
3112 3287 3313 3350 αἰῶνας
3340 3288 3449 3339 τῶν
3478 3286 3711 3340 αἰώνων.
3752 3283 3959 3353 Ἃμήν.

2389 3607 2539 3661 oculo
2582 3615 2758 3660 utetur
2802 3610 2869 3656 ad
2924 3621 2984 3656 ea
3025 3618 3140 3672 qua?
3181 3617 3281 3652 non
3337 3602 3575 3672 decent,_
3603 3615 3704 3650 non
3766 3612 3959 3672 manus

2391 3678 2684 3731 admovebit
2735 3666 3256 3735 actionibns'rctitis,
3295 3669 3422 3721 nihil
3459 3669 3677 3736 denique
3717 3666 3798 3719 vel
3856 3666 3961 3717 mi-

2392 3750 2588 3801 nimum
2628 3747 2703 3799 vel
2730 3747 3017 3796 maximum
3053 3752 3235 3793 contra
3268 3740 3485 3807 oﬁicium
3514 3738 3779 3804 suscipiet.

3661 4013 3904 4023 ...σι-..-

1979 4168 2152 4212 ΔΝΝΟ
2187 4165 2417 4211 ΒΟΜΙΝΙ
2457 4164 2681 4209 MCCCL.

1169 4352 2254 4615 NICOLAUS

2411 4336 3546 4528 CABASILA.

2063 4822 2608 4915 NOTITIA.

1639 5018 1857 5080 (ΡΑιιιιιυ.
1878 5016 2034 5066 Haut.
2062 5013 2355 5065 Bibliotheca
2378 5017 2565 5075 erca,
2600 5018 2633 5062 ι.
2663 5015 2721 5076 Χ,
2753 5026 2799 5074 ρ.
2828 5012 2917 5061 459

795 5329 1052 5384 Nicotaus
1106 5324 1379 5383 Cabasila.
1412 5324 1513 5377 Nili
1551 5324 1815 5378 Cabasilm
1848 5324 2359 5380 Thessalonicensis
2393 5343 2458 5379 cx
2495 5325 2665 5379 fratre
2690 5338 2878 5395 nepos,
2902 5322 3272 5394 ejusdemque,
3308 5323 3549 5380 defuncti
3581 5324 3713 5388 vita,
3751 5324 3805 5379 in
3856 5342 3981 5381 mu-

723 5432 857 5472 nere
915 5429 1201 5469 successor
1261 5411 1385 5465 fuit.
1441 5411 1575 5464 Cum
1625 5422 1817 5479 patruo
1866 5428 2005 5481 srepe
2062 5413 2321 5467 confundi
2378 5416 2536 5467 solet.
2592 5415 2800 5466 Claruit
2854 5413 3001 5465 circa
3039 5427 3091 5466 a.
3131 5411 3289 5465 i350.
3338 5411 3579 5465 Primum
3612 5409 3830 5479 quidem
3876 5416 3980 5469 fuit

727 5504 911 5556 sacelli
977 5502 1274 5570 imperialis
1328 5509 1570 5564 curator,
1632 5514 1737 5561 quo
1791 5514 2017 5551 munere
2075 5501 2426 5568 perfungens,
2469 5502 2666 5555 missus
2717 5510 2797 5555 est
2829 5515 2857 5553 a
2912 5498 3144 5560 Joanne,
3192 5499 3503 5567 patriarcha
3553 5498 3864 5560 CPolitauo,
3917 5517 3972 5553 a.

726 5594 861 5645 circ.
900 5590 1056 5655 1546,
1100 5590 1166 5643 ad
1202 5589 1639 5642 Cantacuzenum
1694 5589 1823 5655 imp.
1879 5597 1936 5639 ut
1970 5602 2093 5641 eum
2128 5588 2195 5640 ad
2242 5589 2533 5657 imperium
2576 5588 2954 5655 deponendum
3009 5586 3338 5650 adduceret;
3375 5601 3519 5640 auuo
3550 5595 3729 5641 autem
3778 5588 3910 5641 1547
3944 5605 3975 5643 a

793 5746 863 5805 (ι)
893 5745 1135 5811 Praeterea
1159 5742 1412 5811 Fabricius
1434 5743 1607 5811 eodem
1634 5748 1764 5791 tomo
1789 5743 1846 5811 Χ,
1869 5757 1948 5803 pp.
1977 5742 2217 5811 2l9,__2ii,
2243 5745 2350 5803 251,
2370 5746 2490 5811 2⁷8,
2516 5746 2606 5793 280
2629 5752 2681 5794 et
2707 5745 2796 5811 35?.
2820 5746 3002 5811 indicat
3035 5746 3263 5795 bomilias
3295 5745 3357 5795 de
3398 5745 3541 5796 festis
3570 5746 3758 5796 Domini
3785 5750 3836 5795 et
3860 5758 3977 5796 san-

722 5816 916 5863 Horum
939 5820 1046 5866 qun;-
1079 5808 1126 5854 in
1149 5805 1398 5855 codicibus
1420 5818 1534 5853 mss.
1562 5806 1799 5856 hactenus
1833 5809 1985 5854 latent
2004 5813 2054 5854 et
2083 5805 2283 5856 Nicolao
2304 5805 2538 5858 Cabasilue
2559 5808 2751 5856 auctori
2786 5806 3115 5856 ascribuutur.
