4150 6312
233 383 343 442 357
1679 371 1872 430 NUTI'

1836 371 2011 429 [ΤΙΛ.
3314 430 3333 438 ,
3370 366 3475 431 358

230 490 618 543 Cantacuzmio
647 487 851 540 CPolin.
876 501 1069 540 recens
1103 495 1460 553 expugnatam
1491 483 1758 551 ingresso,
1794 484 1857 530 ait
1889 481 2102 547 Anuam
2134 475 2534 544 itnpcratriccm
2572 474 2628 528 in
2658 474 2921 545 palatium
2960 475 3172 545 legatus
3207 488 3308 540 est,
3345 490 3402 530 ut
3429 482 3478 532 ei

234 577 388 641 pacis
441 575 776 627 conditiones
820 591 846 626 a
897 576 1100 626 victore
1138 574 1216 626 illi
1275 574 1411 624 latas
1463 574 1812 638 proponeret.
1845 565 1999 617 Conl'.
2037 565 2210 631 ipsum
2244 563 2617 617 Cantacuzen.
2663 564 2806 617 Hist.
2855 563 3170 631 Byzantina:
3219 567 3312 621 lib.
3365 582 3489 629 xiv,

235 677 358 724 cap-
394 663 483 723 '59,
513 672 647 722 etc.,
681 677 740 714 ac
775 660 1026 713 Lambcc.
1053 660 1358 714 Comment.
1403 657 1466 718 V,
1497 670 1548 724 p.
1586 655 1689 707 589
1720 670 1842 722 sqq.
1877 651 1970 705 Vir
2001 651 2102 705 fuit
2136 653 2357 705 omnino
2386 652 2579 706 doctus
2623 661 2676 706 et
2701 654 2903 706 multos
2952 653 3123 706 edidit
3153 654 3355 722 ingenii
3394 655 3483 708 sui

237 746 418 808 fctus;
454 762 682 811 qum-nm
718 758 894 798 tamen
933 745 1118 812 paucis
1155 745 1328 796 lucem
1367 742 1609 808 aspicere
1645 740 1795 792 licuit
1822 753 1916 806 per
1946 737 2206 791 invidiam
2239 745 2294 792 et
2343 739 2487 806 quod
2525 738 2846 794 Latinorum
2899 754 3005 793 non
3042 749 3161 792 erat
3191 752 3479 809 patronus,

239 841 434 882 contra
472 846 655 882 eorum
692 835 989 883 acerrimus
1018 846 1144 883 osor
1173 846 1188 884 :
1227 843 1539 896 quanquam
1587 827 1687 880 hac
1736 827 1788 878 in
1820 840 1898 888 re,
1928 833 1982 879 et
2017 839 2143 877 num
2173 834 2363 878 contra
2417 825 2475 879 S.
2509 823 2771 879 Thomam
2822 827 3144 896 Aquinatem
3179 827 3480 893 scripserit,

242 932 349 967 non
388 932 579 968 omnes
601 919 948 968 consentiunt
975 916 1087 969 VV.
1122 914 1228 967 DD.
1263 914 1328 967 V'.
1361 915 1638 975 Allatium,
1669 912 1934 980 imprimis
1966 909 2162 974 Oudin.
2191 910 2548 970 Commentar.
2579 913 2642 964 de
2689 913 2937 979 scriptor.
2992 913 3120 966 eccl.
3157 911 3252 972 111,
3284 927 3336 979 p.
3374 911 3482 966 985

242 1018 364 1069 sqq.
391 1004 482 1054 ubi
520 1004 681 1054 vitam
705 1003 1016 1069 scriptaque
1049 1001 1252 1055 Nicolai
1284 1001 1548 1054 Cabasilte
1596 1001 1700 1052 late
1737 999 2103 1066 persequitur.
2131 999 2286 1052 Adde
2319 999 2387 1052 de
2421 999 2540 1067 ejus
2580 1001 2852 1069 praecipue
2887 1001 3108 1068 scriptis
3132 999 3297 1052 Henr.
3319 999 3482 1053 War-

243 1097 335 1138 ton
366 1101 421 1138 ct
454 1088 674 1141 Robert.
712 1086 934 1140 Gerium
978 1088 1043 1141 ad
1069 1087 1214 1143 Guil.
1243 1086 1387 1140 Cave
1411 1085 1606 1152 Script.
1651 1086 1802 1150 eccl.,
1836 1087 1941 1140 vol.
1977 1085 2044 1152 ll,
2081 1100 2134 1155 p.
2177 1087 2268 1151 5|,
2293 1087 2382 1152 55,
2398 1096 2450 1140 et
2486 1088 2564 1142 Du
2613 1087 2730 1142 Pin.
2773 1086 2920 1141 Hist.
2965 1095 3174 1152 eccles.,
3211 1090 3319 1142 vol.
3362 1086 3479 1148 XII.

242 1188 299 1240 p.
336 1173 427 1235 89,
464 1183 570 1231 etc.

318 1258 536 1327 Scripta
577 1270 683 1312 tam
729 1259 873 1312 edita
918 1272 1080 1325 quam
1117 1259 1318 1311 inedita
1350 1273 1411 1311 ea
1444 1273 1562 1326 quae
1587 1267 1908 1325 sequuntur,
1939 1261 2006 1314 ab
2033 1258 2236 1315 Allatio
2281 1269 2335 1313 ct
2370 1259 2619 1314 Fabricio
2667 1260 2732 1312 ad
2783 1259 2962 1323 illum,
3009 1259 3076 1313 ab
3109 1257 3324 1314 Oudino
3354 1261 3483 1314 reli-

240 1347 476 1413 quisque
507 1354 1027 1398 commemorantur.
1059 1342 1322 1411 Excerpta
1361 1354 1488 1397 sunt
1517 1343 1819 1419 in’Niceph.
1850 1345 2102 1415 Gregorae
2129 1345 2270 1399 Hist.
2307 1345 2637 1416 Byzantina.

324 1433 625 1501 Ἐρμηνεὶαι
655 1431 1054 1499 κεφαλαιώδης,
1087 1442 1191 1484 etc.
1225 1431 1609 1498 Compendiosa
1632 1432 1963 1498 interpretati

1847 1434 1990 1486 etalio
2032 1434 2087 1486 in
2126 1436 2363 1486 divinum
2396 1425 2634 1502 officium
2671 1449 2712 1486 s.
2745 1431 3070 1502 Liturgiam.
3105 1433 3350 1486 Primum
3381 1431 3486 1485 La-

138 1555 143 1560 -
243 1521 378 1584 tine,
434 1522 728 1584 interprete
778 1515 1044 1570 Gentiano
1093 1516 1440 1581 llervetiano,
1477 1518 1621 1571 edita
1669 1516 1858 1572 Venet.
1897 1520 2053 1585 1548,
2105 1520 2171 1584 8;
2207 1521 2400 1574 deinde
2445 1522 2500 1572 in
2549 1518 2794 1587 Liturgia
2829 1518 2928 1572 SS.
2963 1517 3211 1582 Patrum,
3247 1529 3486 1572 curante

241 1607 334 1662 Jo.
371 1606 434 1660 S.
481 1606 721 1668 Andrea,
753 1604 1016 1656 canonico
1042 1604 1298 1657 Ecclesiae
1333 1604 1484 1657 Paris
1516 1641 1532 1666 ,
1564 1604 1726 1657 theol.
1755 1602 1929 1659 Paris.
1963 1605 2120 1668 1560,
2144 1605 2239 1658 fol.
2275 1620 2387 1659 rec.
2422 1605 2472 1657 in
2493 1606 2625 1658 edit.
2659 1606 2724 1658 ad
2761 1604 3123 1658 Parisiensem
3173 1603 3315 1658 facta
3372 1605 3486 1656 Διι-

244 1694 489 1760 twerpiaa
521 1690 682 1752 1562,
715 1689 767 1754 8,
798 1699 850 1742 et
882 1691 934 1742 in
965 1688 1098 1744 Bibl.
1128 1692 1357 1742 Patrum
1388 1689 1748 1756 Lugdunensi,
1781 1703 1910 1748 tom.
1938 1692 2126 1758 XXVI,
2157 1710 2209 1762 p.
2243 1693 2364 1746 175.
2396 1694 2534 1751 Add.
2561 1694 2613 1746 in
2652 1693 2772 1746 Cat.
2801 1692 2940 1747 Bibl.
2974 1691 3277 1753 Leidensis,
3313 1708 3363 1758 p.
3391 1691 3484 1754 55,

242 1780 394 1832 citat.
413 1779 540 1833 edd.
563 1776 784 1830 Graecus
815 1784 997 1830 textus
1025 1776 1261 1844 primum
1290 1790 1354 1828 ex
1379 1776 1535 1829 codd.
1567 1776 1742 1830 Paris.
1767 1793 1896 1830 cura
1927 1777 2216 1832 Frontonis
2252 1780 2429 1831 Duca-i
2463 1779 2664 1846 prodiit
2693 1779 2743 1830 in
2805 1778 3060 1832 Auctario
3088 1775 3204 1829 PP.
3227 1778 3485 1832 Bibliotlt.

242 1875 498 1928 ceterum,
536 1865 695 1923 1624,
735 1874 866 1916 tom.
906 1861 967 1926 ΙΙ,
1001 1879 1054 1931 p.
1086 1862 1223 1926 200,
1251 1864 1371 1916 dein
1402 1863 1455 1916 in
1489 1874 1618 1916 tom.
1649 1863 1741 1917 Xll
1778 1864 1920 1918 Bibl.
1963 1865 2315 1922 Morellianae.
2356 1864 2575 1920 Fabric.
2631 1866 2682 1918 in
2721 1876 2844 1918 nota
2879 1867 2944 1918 ad
2984 1865 3243 1918 Allatium
3293 1879 3347 1933 p.
3395 1865 3485 1928 72,

241 1952 358 2006 Hoc
389 1967 543 2020 opus,
569 1952 765 2019 inquit,
793 1950 1004 2002 videtur
1024 1950 1184 2002 etiam
1221 1949 1494 2016 respicere
1527 1944 1773 2016 Allatius,
1803 1953 2018 2018 quando
2057 1967 2176 2020 pag.
2221 1952 2346 2017 125,
2381 1961 2568 2004 contra
2607 1949 2987 2020 Hottingerum
3021 1989 3034 2013 ,
3069 1951 3212 2003 inter
3243 1951 3485 2013 Graecos,

242 2041 335 2108 qui
388 2042 455 2094 de
503 2040 709 2109 azymis
757 2046 945 2091 contra
998 2035 1218 2090 Latinos
1240 2038 1530 2104 scripsere,
1578 2037 1859 2092 Nicolaum
1907 2038 2210 2092 Cabasilam
2267 2038 2471 2091 laudat.
2512 2037 2587 2090 Ex
2613 2035 2877 2092 Cabasihn
2907 2037 3253 2104 expositione
3305 2037 3490 2092 Missa:

243 2127 448 2194 passim
481 2126 594 2179 loca
630 2125 878 2191 producit
901 2123 956 2176 in
986 2123 1175 2176 eodem
1208 2124 1363 2186 libro,
1392 2139 1445 2190 p.
1481 2123 1567 2188 76,
1598 2125 1666 2180 89
1695 2142 1807 2194 sq.,
1844 2126 1882 2178 1t

1853 2126 1944 2180 109
1972 2141 2080 2194 δτι,
2115 2127 2236 2188 134,
2273 2125 2391 2190 145,
2423 2127 2545 2192 155,
2575 2126 2703 2188 201,
2746 2137 2853 2180 etc.
2895 2125 3128 2189 Quando
3163 2126 3395 2180 Allatius
3423 2127 3492 2182 de

243 2211 383 2266 Nilis
419 2220 603 2280 negat,
633 2210 937 2264 Cabasilam
970 2208 1037 2262 de
1072 2209 1417 2277 processione
1446 2209 1688 2278 Spiritus
1735 2215 1906 2266 sancti
1939 2221 2129 2266 contra
2179 2212 2236 2265 S.
2269 2213 2532 2268 Thomam
2570 2222 2624 2266 et
2668 2210 2975 2265 Romanam
3013 2209 3321 2266 Ecclesiam
3353 2214 3493 2267 scri-

245 2300 460 2367 psisse,
506 2295 725 2358 Fabric.
779 2296 833 2347 in
886 2304 1012 2347 nota
1055 2310 1104 2350 o.
1154 2309 1207 2363 p.
1261 2294 1350 2356 75,
1399 2297 1802 2360 animadvertit,
1873 2299 1924 2353 id
1970 2308 2154 2359 tamen
2183 2298 2439 2352 Allatium
2486 2298 2645 2352 fateri
2694 2297 2746 2351 in
2801 2297 2942 2350 libro
2992 2312 3031 2351 tt
3088 2297 3168 2351 De
3212 2313 3490 2359 consensu.

247 2399 300 2450 p.
337 2383 445 2437 858
477 2398 563 2448 sq.
593 2383 791 2447 Atque.
819 2387 957 2434 teste
986 2378 1280 2434 Montfauc.
1321 2383 1371 2432 in
1401 2380 1539 2433 Bibl.
1566 2383 1802 2436 biblioth.
1849 2399 1977 2438 mss.
2006 2383 2046 2447 1,
2079 2399 2132 2452 p.
2160 2384 2263 2438 470
2287 2384 2349 2447 D,
2381 2394 2558 2440 exstat
2585 2385 2637 2436 in
2672 2385 2807 2438 Bibl.
2833 2382 3036 2438 Veneta
3055 2384 3248 2448 Marci,
3269 2385 3494 2456 Cydanii

238 2468 436 2524 contra
461 2468 776 2542 Cabasilam,
799 2481 893 2530 pro
922 2465 981 2520 S.
1015 2465 1210 2520 Tlioma
1238 2477 1288 2520 et
1311 2469 1642 2534 processioue
1699 2469 1925 2536 Spiritus
1983 2470 2174 2523 sancti.
2208 2468 2363 2533 lbid.,
2401 2482 2454 2534 p.
2488 2467 2592 2522 469
2623 2468 2688 2534 A,
2723 2479 3056 2523 memoratur
3090 2472 3214 2525 cod.
3251 2472 3492 2538 ejdsdem

251 2564 383 2615 bibl.
423 2560 679 2613 Barlaam
709 2567 757 2611 et
790 2548 1037 2610 Cabasila
1079 2558 1144 2609 de
1192 2558 1526 2623 process-iane
1558 2557 1789 2612 Spiritus
1832 2559 2002 2611 sancti
2031 2560 2082 2611 in
2118 2557 2348 2624 favorem
2377 2555 2700 2610 Grecorum.
2738 2556 2878 2610 Add.
2917 2558 3038 2612 Cat.
3091 2559 3254 2612 codd.
3295 2557 3490 2613 Venet.

251 2649 420 2702 Marc.
455 2661 575 2714 pag.
610 2644 678 2698 84
709 2645 775 2697 de
804 2647 923 2697 cod.
957 2642 1058 2696 152
1088 2654 1141 2696 et
1170 2659 1290 2712 pag.
1322 2643 1429 2696 28l
1455 2647 1520 2698 de
1548 2649 1666 2699 cod.
1704 2645 1827 2710 526,
1857 2660 1890 2699 ct

1857 2646 1977 2699 coll.
2011 2645 2113 2698 cel.
2148 2643 2386 2698 Morcllio
2413 2643 2466 2694 in
2495 2642 2631 2696 Bibl.
2661 2657 2759 2695 ms.
2790 2641 2884 2696 Gr.
2912 2650 2968 2695 et
2997 2642 3120 2696 Lat.
3156 2642 3196 2708 I,
3232 2659 3355 2712 pag.
3398 2644 3488 2698 92.

252 2765 321 2776 —
356 2735 585 2799 Insuper
630 2730 1007 2797 lnterpretatio
1055 2730 1111 2781 in
1154 2728 1454 2799 Liturgiam
1500 2742 1674 2786 exstat
1724 2735 1774 2785 in
1809 2733 2048 2799 pluribus
2078 2731 2232 2784 codd.
2279 2745 2408 2782 mss.
2441 2755 2513 2768 —
2543 2728 2858 2783 Secundum
2904 2728 3205 2784 Montl‘auc.
3244 2732 3295 2784 in
3343 2731 3496 2785 Bibl.-

251 2823 496 2875 btbliOth.
523 2835 649 2871 mss.
666 2819 704 2881 I,
727 2818 903 2883 p.186
922 2817 988 2881 Β,
1010 2829 1062 2870 et
1079 2833 1202 2885 pag.
1226 2818 1323 2872 191
1356 2818 1416 2883 Β,
1440 2817 1622 2872 Romae
1649 2820 1703 2871 in
1727 2821 1845 2872 cod.
1877 2818 2130 2872 Ottobon.
2150 2816 2246 2872 Gr.
2270 2855 2284 2881 ,
2307 2831 2358 2884 p.
2383 2815 2517 2880 502;
2544 2817 2594 2868 in
2619 2817 2827 2870 duobus
2876 2818 3031 2871 codd.
3066 2818 3200 2874 bibl.
3233 2818 3491 2873 Ambros.

257 2909 550 2962 Hediolan.
606 2921 660 2973 p.
699 2903 797 2956 707
837 2903 906 2964 D,
941 2906 994 2955 in
1023 2903 1153 2958 bibl.
1187 2904 1482 2960 Sl'ortiana.
1513 2935 1582 2945 --
1625 2905 1844 2960 Venetiis
1881 2908 1931 2958 in
1963 2907 2082 2958 cod.
2123 2903 2257 2957 Bibl.
2301 2901 2468 2956 Marc.
2521 2902 2644 2966 506,
2677 2903 2809 2956 ,Nic.
2856 2901 3123 2957 Cabasila:
3166 2904 3489 2959 Encomium

259 2997 318 3058 S.
353 2993 665 3054 Theodore,
699 2992 876 3058 ejusd.
907 2989 1188 3055 lnterpret.
1223 2991 1278 3043 in
1323 2989 1638 3060 Liturgiam,
1686 3002 1731 3044 et
1767 2995 1821 3044 in
1874 2992 1932 3047 S.
1974 2992 2312 3046 Demetrium.
2351 2989 2412 3044 V.
2471 2990 2590 3044 Cat.
2645 2990 2804 3044 codd.
2851 2988 2946 3045 Gr.
3003 2991 3172 3046 Marc.
3238 2994 3366 3046 271.
3423 3027 3493 3043 -ρ

256 3080 391 3135 Ibid.
441 3080 495 3131 in
544 3077 666 3131 cod.
700 3075 944 3129 Naniano
977 3074 1101 3139 116,
1139 3091 1192 3128 n.
1229 3077 1263 3129 4
1295 3085 1350 3130 et
1377 3077 1431 3140 5,
1463 3091 1516 3132 et
1552 3078 1676 3143 117,
1700 3079 1824 3132 ιι.5.
1867 3079 1895 3133 γ

1867 3079 1923 3133 V.
1949 3080 2070 3134 Cat.
2103 3081 2258 3134 codd.
2289 3078 2384 3133 Gr.
2410 3078 2546 3132 Nan.
2581 3093 2631 3145 p.
2663 3073 2768 3132 256
2803 3091 2856 3130 et
2876 3077 3133 3132 257.—ln
3165 3079 3284 3134 Cat.
3329 3083 3492 3136 codd.

254 3173 349 3227 Gr.
385 3170 738 3233 Taurinens.,
765 3184 818 3235 p.
859 3167 983 3228 108,
1007 3166 1350 3232 observatur,
1388 3169 1439 3220 in
1501 3170 1622 3222 cod.
1660 3170 1746 3233 50,
1802 3168 1894 3220 lol.
1943 3167 2069 3230 219,
2116 3179 2239 3218 esse
2299 3166 2455 3216 totius
2499 3163 2755 3233 Liturgia:
2797 3166 2994 3218 Crazcte
3033 3167 3494 3234 explanationem,

252 3263 348 3316 sed
379 3262 496 3315 sine
529 3259 685 3310 ullius
717 3257 955 3310 auctoris
981 3257 1221 3310 nomine.
1261 3256 1549 3311 Enimvero
1583 3259 1782 3312 Christ.
1813 3254 2005 3308 Matth.
2042 3253 2196 3317 Plaﬂ‘,
2230 3254 2284 3307 in
2317 3252 2550 3318 Epistola
2587 3254 2652 3307 de
2687 3255 2930 3323 catalogo
2964 3271 3094 3310 mss.
3152 3259 3316 3310 ’codd.
3349 3257 3493 3313 Bibl°

253 3348 480 3401 Taurin.
521 3346 574 3398 in
623 3345 777 3398 novis
811 3346 942 3396 actis
977 3345 1240 3400 eruditor.
1274 3343 1420 3411 Lips.
1459 3345 1618 3409 1752,
1657 3363 1707 3414 p.
1735 3345 1861 3411 447,
1891 3345 2036 3396 illum
2070 3342 2306 3396 libellum
2358 3356 2541 3396 inonet
2589 3358 2713 3397 esse
2755 3343 2959 3398 Nicolai
2991 3345 3278 3408 Cabasilm,
3315 3345 3490 3400 Thes-

252 3437 427 3490 Salon.
464 3461 533 3473 —-
574 3431 744 3484 Paris.
805 3431 856 3482 in
893 3439 1015 3483 oeto
1045 3433 1200 3484 codd.
1246 3431 1380 3484 bibl.
1417 3432 1564 3499 pubi.
1593 3459 1665 3474 --
1698 3431 1751 3485 lu
1797 3437 1918 3487 cod.
1951 3431 2172 3485 Coislin.
2220 3429 2346 3496 515,
2403 3446 2527 3484 cum
2579 3431 2698 3484 aliis
2747 3433 2930 3485 multis
2978 3434 3195 3502 scriptis
3250 3434 3488 3489 Cabaail.

257 3521 319 3574 ν.
347 3519 644 3575 Montfauc.
681 3518 824 3570 Bibl.
852 3515 1076 3571 Coislin.
1113 3533 1167 3585 p.
1203 3518 1329 3572 427.

325 3610 594 3663 Monnchii
623 3610 675 3661 in
709 3608 871 3660 codd.
895 3606 1085 3660 Bavar.
1117 3607 1204 3672 59,
1241 3609 1364 3673 107,
1397 3607 1512 3673 112,
1549 3609 1650 3662 115
1673 3619 1725 3662 et
1761 3608 1878 3661 1%.
1904 3605 1964 3659 Υ.

1848 3610 1878 3660 1.
1904 3605 1967 3659 V.
1989 3606 2104 3661 Cat.
2140 3607 2298 3661 codd.
2320 3605 2416 3661 Gr.
2449 3604 2642 3658 Btv'ar.
2669 3622 2720 3672 p.
2759 3605 2842 3668 1'7,
2877 3605 2964 3668 41,
2992 3605 3080 3665 43,
3113 3605 3180 3658 44
3214 3619 3266 3660 et
3295 3608 3364 3661 53

255 3728 327 3740 —-
367 3698 698 3750 V'iudobona:
730 3694 781 3746 in
816 3697 936 3748 cod.
972 3694 1174 3748 Caesar.
1202 3695 1329 3758 9.61,
1357 3699 1408 3748 in
1443 3711 1553 3762 quo
1585 3697 1748 3748 multa
1781 3706 1894 3749 emt

1853 3704 1996 3749 Stant
2024 3693 2142 3747 Nic.
2177 3697 2371 3748 Cabas.
2423 3695 2638 3759 scripta,
2688 3711 2739 3744 ιι.
2777 3693 2862 3746 18.
2915 3721 2984 3731 ——
3023 3694 3148 3756 268,
3183 3695 3269 3758 55,
3305 3714 3356 3750 n.
3394 3699 3485 3757 56,

258 3785 564 3853 Explicatio
597 3781 792 3849 duplex
822 3797 1099 3834 sacrarum
1133 3782 1354 3835 vestium
1401 3784 1454 3834 in
1489 3784 1666 3836 divina
1717 3781 1961 3850 Liturgia
2012 3783 2328 3835 usitatarum
2365 3790 2412 3834 et
2461 3796 2659 3842 eorum,
2693 3796 2807 3848 qua:
2855 3782 2908 3832 in
2957 3779 3193 3849 Liturgiu
3234 3793 3487 3850 aguntur.

263 3873 324 3926 γ.
351 3871 608 3924 Lambec.
639 3879 931 3922 comment.
963 3866 1026 3930 V,
1066 3884 1116 3935 p.
1149 3869 1276 3933 455,
1309 3868 1503 3935 445,ει
1534 3872 1634 3922 vol.
1675 3868 1810 3932 VIII,
1848 3885 1898 3937 p.

1848 3885 1898 3937 p.
1934 3868 2090 3922 10%|.
2128 3894 2195 3910 —-
2227 3865 2400 3920 Oxon.
2428 3867 2478 3918 in
2508 3865 2641 3918 Bibl.
2683 3866 2866 3920 Bodlei
2897 3867 2946 3918 in
2981 3871 3100 3921 cod.
3131 3866 3356 3924 Barocc.
3401 3871 3487 3932 75,

259 3958 538 4026 Expositio
569 3957 766 4019 missae,
799 3970 916 4023 cap.
951 3954 1042 4019 45,
1075 3956 1208 4008 etin
1244 3959 1366 4013 cod.
1413 3946 1534 4022 107,
1566 3957 1756 4025 incipit
1795 3974 1808 4010 :
1837 3959 1895 4006 Δι

1850 3958 1936 4008 ita
1965 3955 2017 4008 τί
2052 3955 2125 4024 μὴ
2154 3955 2212 4019 ἐξ
2244 3955 2434 4023 ἀρχῆς.
2473 3981 2541 3989 -·
2574 3953 2632 4005 lu
2669 3957 2787 4006 coJ.
2846 3952 2934 4016 91,
2974 3955 3133 4023 cujus
3173 3957 3291 4009 init.
3334 3959 3489 4010 Μετὰ

255 4045 314 4097 δὲ
349 4045 446 4115 τὴν
503 4043 832 4110 δοξολογιαν.

331 4131 408 4184 De
437 4143 542 4183 vita
568 4132 622 4182 in
650 4129 858 4184 Christo
897 4127 1020 4180 libri
1046 4143 1157 4191 sex,
1197 4143 1291 4183 seu
1327 4131 1508 4198 potius
1540 4140 1774 4200 septem,
1804 4132 1856 4184 in
1885 4128 2077 4198 quibus
2100 4125 2371 4194 praecipue
2398 4125 2577 4192 agitur
2619 4127 2685 4178 tle
2719 4126 3010 4193 baptismo,
3039 4139 3190 4182 sacra
3235 4130 3492 4184 unctione

257 4228 314 4273 et
354 4219 722 4272 Eucharistia.
760 4215 866 4268 Sex
909 4213 1029 4266 libri
1069 4213 1260 4268 Latine
1294 4199 1633 4284 prodierunt,
1666 4219 1956 4285 interprete
1987 4211 2105 4265 Jac.
2149 4199 2391 4264 Pontano
2424 4210 2494 4280 (c)
2524 4225 2644 4268 cum
2678 4211 2911 4296 Philippi
2952 4213 3190 4267 Solitarii
3232 4211 3490 4284 Dioptra,

258 4318 307 4356 s.
347 4300 552 4369 Regula
592 4301 668 4352 rei
700 4298 1024 4353 Christianae
1053 4300 1118 4349 ad
1149 4297 1409 4353 Callicum
1446 4301 1791 4365 monachum,
1848 4299 2068 4356 Joannis
2100 4299 2379 4368 Carpathii
2426 4301 2769 4359 Docusuentis
2821 4302 3217 4369 spiritualibus,
3263 4315 3315 4356 et
3367 4320 3488 4357 cum

256 4389 518 4442 Cabasilac
555 4387 1034 4442 Orationecontra
1049 4383 1405 4450 fmueratores
1424 4388 1514 4456 (de
1537 4403 1639 4457 qua
1661 4399 1844 4457 postea
1871 4401 2048 4442 sermo
2064 4388 2216 4453 erit),
2236 4386 2522 4454 Ingolstad.
2544 4384 2700 4450 1604,
2730 4386 2796 4451 4;
2827 4387 2971 4456 dein,
3010 4388 3062 4440 in
3095 4386 3233 4442 Bibl.
3268 4387 3491 4442 Patrum

259 4462 630 4543 Lugdunensi,
670 4483 800 4526 tom.
838 4473 1028 4540 XXVI,
1069 4491 1121 4541 p.
1155 4475 1288 4538 136;
1321 4475 1373 4527 in
1397 4473 1538 4527 Bibl.
1562 4475 1789 4542 Patrum
1848 4473 2036 4530 Colon.
2067 4484 2119 4527 et
2148 4473 2473 4526 Morellianae
2498 4471 2810 4543 Appendice
2833 4475 2930 4542 (1).
2955 4471 3035 4530 Ex
3073 4486 3307 4541 quatuor
3349 4491 3494 4543 prio-

259 4563 408 4615 ribus
437 4563 592 4616 libris
622 4562 921 4627 fragmenta
958 4563 1200 4630 quasdam
1248 4560 1454 4628 profert
1501 4561 1558 4614 L.
1590 4563 1842 4625 All-alius,
1881 4563 2138 4615 adversus
2170 4560 2478 4625 Creighton,
2530 4575 2581 4627 p.
2631 4560 2735 4612 422
2784 4576 2903 4628 sqq.
2944 4560 3080 4624 5m;
3132 4563 3257 4613 item
3302 4573 3492 4614 contra

259 4645 662 4715 Hottingerntn,
699 4662 752 4724 p.
789 4646 856 4699 49
886 4663 968 4715 sq.
1002 4646 1093 4711 97,
1137 4646 1269 4712 108;
1320 4655 1374 4699 et
1401 4646 1547 4700 Petr.
1580 4649 1865 4712 Arcadius,
1901 4648 1977 4700 De
2008 4648 2316 4709 concordia,
2346 4648 2440 4701 lib.
2491 4661 2551 4709 Il,
2587 4662 2636 4698 c.
2671 4647 2731 4706 2|
2769 4656 2819 4700 et
2869 4649 3088 4714 passim.
3135 4647 3385 4710 Codices,
3438 4650 3492 4700 in

259 4741 456 4807 quibus
491 4740 674 4793 insunt
700 4739 1012 4794 libri'mem.
1051 4739 1306 4806 praecipui
1337 4737 1652 4802 laudantur,
1695 4740 1918 4794 Vindob.
1956 4739 2006 4787 ill
2037 4736 2192 4799 .Btbl.
2226 4736 2364 4790 C128-
2415 4735 2538 4789 ϐοά.
2571 4734 2696 4799 366.
2740 4749 2793 4786 η·
2832 4733 2888 4796 ἳ,
2924 4735 3044 4787 libri
3089 4737 3350 4803 quinque.
3399 4741 3492 4788 sed

259 4828 518 4882 Lambec.
542 4841 746 4881 comm.
774 4827 842 4892 Υ,
876 4842 929 4896 p.
959 4827 1089 4889 414,
1120 4829 1344 4886 adnutat
1373 4826 1570 4880 librum
1600 4829 1772 4889 illum.
1799 4829 1888 4894 qui
1928 4831 1980 4884 in
2007 4829 2108 4881 hoc
2163 4823 2286 4879 cod.
2314 4831 2394 4876 est
2423 4825 2662 4891 quintus,
2697 4823 2747 4874 in
2780 4822 3003 4876 Pontani
3036 4823 3169 4878 edit.
3198 4822 3315 4876 Lat.
3349 4836 3495 4876 recte

260 4914 520 4981 appellari
550 4923 602 4966 et
637 4925 822 4966 revera
852 4928 970 4967 esse
997 4912 1198 4976 librum
1231 4921 1487 4978 sextum;
1523 4914 1579 4973 in
1613 4917 1734 4969 eod.
1768 4915 1890 4970 cod.
1933 4933 1987 4970 n.
2039 4914 2104 4979 Χ,
2139 4913 2278 4966 liber
2302 4911 2545 4980 quintus,
2593 4909 2665 4963 Ds
2694 4911 2797 4962 vita
2825 4911 2879 4962 iu
2915 4909 3148 4974 Christo,
3177 4925 3286 4978 quo
3318 4912 3496 4978 agitur

336 5098 413 5166 (α)
457 5095 518 5148 ιιι
544 5093 667 5166 cod.
700 5094 804 5166 156
834 5102 886 5146 et
912 5093 1030 5166 _157
1079 5091 1239 5166 catal.
1277 5093 1438 5148 codd.
1481 5089 1575 5148 Gr.
1632 5091 1820 5166 Venet.
1925 5110 1975 5166 ru

1925 5103 2050 5166 runt
2103 5111 2173 5148 ιιι,
2224 5092 2330 5146 Jul.
2366 5121 2431 5166 _—
2467 5088 2774 5166 Dec.uann.
2809 5087 3090 5166 _1803_,met_
3286 5089 3498 5166 priores

262 5155 432 5221 sibi.
467 5180 518 5232 p.
558 5163 647 5224 89,
683 5162 1065 5234 υὶιιςυιιΐεςιοι
1093 5163 1224 5234 Cat.
1263 5167 1432 5224 adtlit,
1466 5174 1593 5215 rust.
1637 5165 1822 5216 haberi
1924 5165 2056 5216 l'asc.
2088 5167 2350 5234 (ιυινειιιιιι
2377 5164 2430 5214 in
2462 5159 2708 5234 inanibus
2735 5160 2927 5234 habeo)
2961 5155 3115 5218 1804,
3142 5155 3273 5234 δτι..
3296 5159 3492 5234 fasci,

263 5241 315 5290 in
340 5227 721 5290 codfbarocc.
765 5231 834 5288 90
863 5244 915 5284 et
952 5232 1004 5285 in
1035 5232 1161 5286 bibl.
1193 5233 1460 5287 Ca-sarea.
1744 5299 1753 5302 _
1785 5301 1791 5302 γ

1924 5227 2160 5302 1804,’ρ.
2181 5233 2272 5296 25,
2303 5235 2384 5283 est
2413 5230 2511 5283 cod
2560 5228 2651 5298 54,
2678 5230 2768 5302 qui
2797 5230 2922 5282 olim
2951 5227 3341 5302 uulnerabatur
3371 5231 3491 5302 107,

333 5307 408 5376 (ὁ)
451 5303 761 5376 Secundum
796 5317 989 5376 novam
1024 5307 1616 5376 classem.novumque
1657 5299 1818 5376 codd.
1922 5297 2248 5376 dill‘ert'hic
2326 5306 2447 5354 cod.
2499 5303 2565 5352 ab
2633 5297 2767 5352 edit.
2835 5313 2887 5365 p.
2951 5297 3042 5363 54,
3098 5299 3150 5349 in
3217 5302 3339 5351 cod.
3401 5300 3495 5364 58,

262 5371 508 5434 ordinem
550 5374 610 5424 in
629 5373 760 5427 bibl.
789 5371 984 5424 Bavar.
1027 5374 1196 5424 multo
1221 5372 1526 5438 diligentius
1553 5372 1819 5422 curatius-
1927 5375 2051 5425 olun
2100 5373 2218 5426 I12.
2449 5377 2454 5379 ‘

261 5459 368 5513 que
417 5443 577 5513 codd.
625 5442 1134 5513 describerecmpit
1176 5443 1276 5492 cel.
1310 5434 1419 5511 ign.
1467 5440 1639 5513 lla‘rdt‘
1658 5441 1754 5513 _i_u-
1781 5437 1818 5497 l.
1999 5443 2067 5513 (ς)
2096 5445 2171 5495 Ex
2201 5441 2319 5513 cod.
2344 5440 2533 5492 Bavar.
2566 5437 2654 5492 59.
2677 5435 2735 5490 ν.
2763 5434 2938 5501 Calai.
2963 5438 3125 5493 codd.
3155 5436 3249 5494 Gr.
3269 5435 3492 5504 Bavar.,

260 5503 392 5568 Chr.
439 5513 504 5564 L.
543 5508 665 5564 Bar.
691 5509 772 5564 De
809 5511 1012 5563 Aretiu.
1043 5503 1472 5578 Beytrdgenv'sttr
1515 5506 1820 5562 Geschichte
1925 5526 1978 5578 p.
2006 5503 2102 5564 '11.
2203 5503 2214 5518 ’

261 5583 368 5636 und
413 5582 733 5644 Litteratur;
763 5596 990 5650 quorum
1038 5597 1127 5634 sex
1176 5595 1385 5646 priores
1413 5579 1545 5632 fasc.
1593 5580 1811 5646 prodie-

322 5737 395 5799 tl)
425 5739 592 5788 Graece
619 5737 774 5789 edidit
796 5737 857 5787 D'
909 5736 984 5786 W.
1008 5738 1124 5790 Cass
1167 5735 1457 5788 Gteil‘swatd
1483 5734 1615 5795 1849,
1639 5733 1709 5792 8',
1731 5747 1790 5783 ex
1826 5731 2014 5782 duobus
2045 5731 2182 5781 codd.
2213 5728 2481 5781 Vindobon.
2504 5735 2552 5778 et
2577 5727 2726 5778 tertio
2751 5708 3043 5777 llonsceusi.
