4150 6312
658 369 769 433 359
1899 366 1947 426 Ν
1963 366 2275 427 lCOLAUS
2313 367 2694 430 CABASILA.
3814 375 3923 436 πο

663 478 730 531 de
759 473 1168 530 consecratione
1194 473 1401 529 altaris.
1425 471 1699 543 (Latnbec.
1724 472 1791 540 V,
1821 487 1876 542 ι).
1899 474 2048 542 417.)
2083 505 2146 515 -
2179 474 2235 527 ln
2279 478 2398 531 cod.
2441 478 2565 541 267,
2615 496 2666 530 n.
2700 478 2792 542 20,
2828 479 2879 529 in
2911 491 3017 545 quo
3071 484 3274 547 Septem
3304 489 3426 530 sunt
3459 478 3578 532 libri
3611 479 3682 534 De
3722 483 3830 534 vita
3864 486 3917 535 in

657 561 1188 629 Christo;septimus
1206 570 1385 614 autem
1416 560 1652 613 nondum
1677 570 1760 621 est
1790 575 1889 614 nec
1915 559 2012 615 Gr.
2043 577 2142 615 nec
2177 560 2289 616 Lat.
2325 566 2524 628 editus,
2547 568 3010 618 anitnadvertente
3039 564 3286 618 Lambec.
3322 564 3383 625 γ.
3422 580 3472 630 p.
3504 566 3634 631 135,“
3655 583 3734 635 sq.
3763 598 3816 606 —
3857 570 3916 621 In

657 651 785 706 'cod.
814 649 919 722 356
949 651 1072 704 libri
1104 651 1364 717 quinque.
1405 648 1592 702 Lamb.
1630 648 1692 714 ν,
1727 663 1778 716 ρ.
1814 648 1922 703 626
1946 664 2100 715 sq.—-
2137 647 2254 702 libri
2283 649 2436 712 vuin
2467 652 2589 704 cod.
2630 651 2923 706 Sfortiano.
2950 651 3013 704 ν.
3045 649 3337 716 Montfauc.
3372 652 3423 704 in
3456 650 3595 725 Bibl.
3626 653 3688 706 Β.
3713 669 3841 707 mss.
3873 655 3912 719 1,

663 757 716 808 p.
750 740 855 793 703
883 739 943 792 C.
977 768 1042 777 —
1076 737 1226 792 Libri
1255 747 1460 806 septem
1493 739 1545 812 in
1582 740 1714 799 cod.
1751 739 1977 792 Coislin.
2012 739 2139 800 515,
2172 738 2261 805 qui
2292 739 2531 790 continet
2567 738 2684 792 Nic.
2732 738 2927 792 Cabas.
2949 737 3244 806 Opuscula,
3277 739 3409 805 iquze
3455 724 3701 793 recenset
3741 739 3918 793 Mont-

661 824 806 877 fauc.
828 827 893 877 'in
930 823 1070 877 Bibi.
1099 823 1267 877 Coist.
1296 841 1346 891 p.
1375 823 1480 877 426
1504 840 1624 894 sqq.
1655 823 1813 878 Conl.
1859 824 2270 878 Casauboniana
2297 839 2322 876 a
2367 824 2453 879 Jo.
2483 826 2759 893 Christplt.
2796 825 2989 878 Wolﬁo
3016 826 3283 894 evulgata.
3324 823 3621 892 :Iamburg.
3663 827 3822 890 1710,
3859 828 3915 891 8,

659 925 713 977 p.
739 911 806 965 59
843 924 927 978 sq.
951 927 965 974 ;
993 920 1048 964 et
1075 910 1381 964 Casauboni
1415 911 1748 964 Exercitatio
1781 909 1897 961 XVI
1930 912 1995 962 ad
2061 907 2258 963 Baron‘.
2293 925 2347 963 n.
2379 912 2468 972 50.
2503 914 2588 963 ubi
2629 911 2904 965 Lemmata
2945 922 3148 979 septem
3188 913 3376 965 libror.
3400 910 3473 964 De
3499 914 3601 966 vita
3622 913 3676 965 in
3698 913 3917 968 Christo

660 998 848 1053 Gtzece
877 998 1124 1065 producit
1163 997 1250 1049 ille
1285 1012 1314 1049 e
1343 998 1466 1051 cod.
1504 999 1670 1066 regio,
1694 1006 1747 1050 et
1772 1011 1964 1064 magna
1995 999 2432 1066 cumvoluptate
2464 1014 2488 1049 a
2519 1013 2577 1051 se
2614 998 2781 1050 lectos
2815 1007 3073 1051 testatur.

735 1085 846 1138 Nic.
882 1083 1082 1137 Cabas.
1117 1083 1388 1151 Expositio
1419 1085 1472 1136 in
1508 1084 1760 1136 visionem
1793 1082 2104 1146 Ezechielis,
2132 1086 2424 1150 prapbetaa,
2480 1084 2530 1134 in
2569 1099 2670 1150 qua
2697 1098 2858 1150 super
2886 1093 3116 1152 quatuor
3148 1084 3402 1138 animalia
3440 1087 3739 1140 similitudo
3767 1088 3918 1140 thro-

663 1174 714 1226 ni
747 1181 800 1241 et
853 1187 1015 1240 super
1062 1173 1467 1225 similitudinem
1525 1172 1729 1234 throni,
1787 1170 2086 1224 similitudo
2145 1170 2307 1222 veluti
2366 1169 2531 1236 ipsius
2561 1170 2813 1228 hominis,
2863 1181 2970 1220 etc.
3009 1169 3239 1235 incipit:
3280 1171 3438 1220 Πᾶσα
3466 1173 3773 1245 προφηςεία
3810 1175 3911 1225 καὶ

663 1258 887 1326 Θεωρία,
913 1268 1094 1311 ctc.—
1127 1259 1259 1310 Tum
1291 1259 1391 1310 alia
1427 1257 1766 1323 Expositioin
1804 1258 2069 1310 visionem
2097 1256 2286 1321 proph.
2320 1253 2643 1316 Ezechielis,
2683 1256 2733 1305 in
2769 1268 2872 1321 qua
2899 1269 3017 1307 ossa
3048 1255 3322 1305 hominum
3359 1255 3505 1307 arida
3546 1257 3780 1322 priorem
3822 1273 3918 1313 re-

664 1345 868 1411 cipiunt
897 1345 1161 1409 speciem;
1186 1344 1291 1394 inc.
1327 1362 1340 1397 :
1374 1344 1484 1411 Τὴν
1511 1343 1604 1394 τοῦ
1637 1344 1780 1394 Θείου
1805 1343 1938 1412 πρὸς
1957 1343 2080 1401 τοὺς
2112 1341 2303 1412 ἀνθρώ

2278 1360 2428 1403 κτους
2449 1343 2762 1409 ἐπιδημίαν,
2786 1351 2914 1400 ctc.,
2949 1353 3002 1394 et
3029 1343 3180 1394 tertia
3209 1342 3484 1410 Expositio
3510 1343 3730 1410 (Allatio
3763 1350 3917 1398 inco-

663 1430 830 1497 gnita)
862 1430 912 1482 in
947 1431 1218 1497 prophetae
1276 1429 1540 1482 Ezechiel.
1570 1431 1830 1482 visionem
1859 1444 1871 1480 :
1913 1434 2031 1484 init.
2057 1451 2069 1486 :
2097 1433 2250 1483 Πᾶσα
2286 1447 2302 1480 1

2286 1429 2589 1496 προφητεία
2617 1429 2709 1478 καὶ
2741 1428 2930 1496 ὅρασις
2956 1428 3162 1489 εἰκόνες
3196 1424 3358 1497 ἦσαν,
3389 1438 3492 1483 etc.
3528 1429 3662 1483 Tres
3700 1432 3779 1483 hae
3804 1431 3916 1483 Ex-

666 1518 962 1586 positiones
988 1525 1204 1570 exstant
1243 1516 1571 1570 Vindobona:
1606 1518 1657 1570 in
1683 1521 1801 1572 cod.
1832 1519 2033 1573 Caesar.
2058 1519 2182 1583 267,
2222 1534 2306 1571 nr.
2337 1516 2390 1576 9,
2428 1515 2626 1579 10,11.
2663 1513 2937 1582 (Lan.bec.
2973 1516 3078 1568 vol.
3135 1514 3194 1576 V,
3230 1531 3282 1583 p.
3313 1516 3408 1567 451
3475 1516 3581 1584 sq.)
3617 1529 3669 1569 et
3703 1518 3752 1570 in
3785 1521 3915 1571 cod.

662 1603 827 1658 Coisl.
864 1603 989 1667 315,
1027 1602 1117 1654 l'ol.
1158 1603 1259 1655 155
1288 1618 1407 1672 sqq.
1447 1604 1786 1671 (Montl‘auc.,
1848 1605 1987 1661 Bibl.
2019 1606 2206 1670 Coisl.,
2238 1621 2290 1672 p.
2317 1604 2442 1668 427)
2480 1631 2545 1641 —-
2581 1617 2682 1657 nec
2720 1618 2824 1654 non
2885 1602 2936 1653 in
2980 1602 3100 1654 cod.
3157 1600 3328 1654 Paris.
3364 1602 3495 1654 bibl.
3533 1602 3689 1670 publ.
3750 1603 3915 1666 1215,

662 1705 748 1741 nr.
788 1688 954 1751 9,10,
990 1689 1074 1741 11.
1112 1718 1182 1729 -—
1221 1689 1339 1760 ,Una
1372 1691 1640 1758 expositio
1674 1693 1802 1745 ibid.
1841 1693 1914 1746 in.
1940 1697 2060 1747 cod.
2098 1693 2258 1756 1612,
2291 1708 2346 1745 η.
2379 1690 2466 1744 10.
2499 1719 2566 1728 ——
2602 1688 2727 1741 Duae
2759 1688 2969 1756 priores
3003 1688 3055 1738 in
3089 1689 3208 1740 cod.
3239 1688 3439 1741 Czesar.
3470 1689 3596 1753 266,
3630 1705 3684 1742 ιι.
3721 1689 3754 1742 5
3781 1697 3833 1741 et
3858 1689 3913 1742 (Ξ.

663 1774 942 1845 (L‘ambec.
980 1773 1044 1839 V,
1089 1789 1142 1843 p.
1176 1775 1280 1848 415
1313 1785 1421 1844 sq.)
1459 1808 1526 1817 —
1555 1777 1806 1833 Secutrda
1838 1779 2026 1834 Venet.
2060 1782 2110 1833 in
2137 1781 2260 1833 cod.
2295 1779 2459 1832 Marc.
2489 1776 2591 1830 506
2642 1777 2739 1829 sub
2766 1777 2858 1828 fin.
2890 1773 2977 1841 (ν.
3011 1774 3131 1828 Cat.
3165 1776 3322 1827 codd.
3348 1774 3444 1828 Gr.
3472 1773 3638 1829 Marc.
3667 1792 3717 1844 p.
3757 1776 3915 1846 271.)

735 1862 1011 1917 Orationes
1042 1863 1091 1931 1)
1122 1864 1174 1915 in
1215 1851 1509 1929 passionem
1538 1864 1594 1918 J.
1617 1865 1739 1920 Chr.
1770 1868 1907 1923 -inc.:
1939 1866 2398 1934 Ἀκουε,οὑρ;ινέ,
2429 1873 2559 1929 etc.;
2593 1863 2770 1916 locum
2802 1861 2926 1916 inde
2964 1861 3210 1929 producit
3237 1861 3464 1916 Altatius
3488 1873 3677 1916 contra
3711 1863 3915 1932 Creyg—

663 1951 908 2011 thnnum,
943 1965 996 2017 p.
1032 1949 1242 2017 125.,2,
1285 1950 1351 2003 In
1389 1951 1760 2004 Ascensionem
1795 1952 1854 2006 J.
1905 1953 2061 2016 Chr.,
2085 1955 2192 2008 inc.
2240 1971 2252 2006 :
2290 1974 2302 2004 Α

2290 1953 2352 2004 Αἱ
2376 1953 2609 2018 Χάριτες
2642 1949 2742 2017 μὲν
2774 1950 2866 2000 ἐπὶ
2902 1948 3014 2000 τῶν
3046 1950 3328 2018 προτέρων
3364 1949 3596 2017 χρόνων,
3625 1961 3728 2003 ctc.
3755 1950 3806 2017 5)
3843 1949 3914 2001 In

666 2035 1018 2088 Nativitatem
1048 2035 1108 2090 S.
1144 2034 1380 2103 Maria?"
1410 2041 1585 2105 princ.
1619 2041 1728 2091 Καὶ
1783 2040 1979 2108 πρῶτα
2017 2041 2114 2108 μὲν
2148 2040 2239 2092 τὸν
2266 2041 2305 2092 Θ

2279 2039 2397 2092 Θεὸν
2437 2036 2669 2089 ἐνταῦθα
2704 2036 2986 2102 καλῶμεν.
3015 2035 3069 2103 4)
3105 2034 3171 2086 1η
3201 2036 3673 2088 Atmuntiationem
3707 2034 3766 2090 S.
3795 2039 3918 2090 Ma.

662 2125 801 2184 rim,
838 2123 980 2176 init.:
1017 2123 1084 2174 Ei
1115 2140 1244 2178 ποτε
1275 2125 1354 2175 δεῖ
1384 2125 1592 2193 χαίρειν
1627 2126 1934 2192 ἄνθρωπον.
1969 2126 2024 2194 5)
2061 2124 2122 2178 In
2157 2143 2301 2195 magn

2274 2142 2403 2177 ‘num
2449 2131 2737 2190 martyrem
2772 2121 3121 2184 Demetrium,
3170 2123 3545 2174 miraculorum
3593 2122 3913 2188 effectorem,

659 2209 768 2264 inc.
808 2226 822 2262 :
851 2209 1066 2262 Πόλλων
1098 2209 1268 2263 ὅντων
1300 2213 1396 2262 καὶ
1431 2211 1706 2279 μεγάλων.
1746 2212 1918 2265 locum
1948 2226 2013 2266 ex
2038 2214 2140 2266 hac
2192 2228 2298 2264 ora:

2273 2223 2334 2265 ιι.
2368 2210 2768 2264 alfertAllatius
2803 2218 2993 2262 contra
3032 2207 3356 2276 lluttinger.,
3393 2225 3445 2277 p.
3479 2209 3605 2262 205.
3638 2211 3717 2280 6.)
3750 2211 3806 2263 In
3843 2209 3912 2265 S.

663 2294 1012 2361 Theodoram,
1041 2297 1412 2352 miraculorum
1441 2298 1785 2365 effectricem;
1815 2299 1920 2352 inc.
1955 2317 1966 2353 :
2014 2299 2166 2368 Ἐμοὶ
2195 2300 2302 2366 γὰρ

2275 2315 2305 2366 ρ
2338 2297 2546 2350 πολλῶν
2573 2296 2640 2348 τὰ
2677 2297 2744 2348 σὰ
2771 2295 3186 2362 θαυμαζόντων,
3226 2295 3394 2348 edidit
3424 2311 3542 2358 eam
3583 2295 3677 2350 Gr.
3709 2307 3761 2350 et
3786 2296 3911 2352 Lat.

661 2382 913 2438 Godlrid.
950 2383 1324 2439 Henschenius
1385 2385 1436 2438 in
1472 2385 1620 2452 Actis
1650 2384 1749 2437 SS.
1782 2387 1867 2438 die
1914 2385 1946 2438 5
1981 2386 2148 2453 April.
2197 2386 2406 2439 tom.'l.
2439 2381 2638 2436 Locum
2681 2382 2806 2440 inde
2847 2381 3177 2448 produxerat
3210 2378 3436 2432 Allatius
3479 2387 3669 2434 contra
3702 2380 3919 2435 llottin-

656 2487 798 2540 gen,
833 2488 884 2540 p.
917 2471 1044 2524 205.
1077 2498 1145 2510 --
1177 2471 1228 2538 7)
1259 2469 1445 2524 Oratio
1472 2474 1524 2524 in
1556 2482 1656 2525 (res
1693 2471 1996 2540 Theologos,
2024 2472 2306 2533 Basiliam,
2343 2470 2656 2538 Gregorium
2703 2478 2751 2520 et
2784 2466 2872 2518 Jo.
2925 2465 3389 2534 Chrysostomum;
3426 2483 3587 2535 quatn
3620 2477 3759 2522 orat.
3797 2483 3916 2522 non

656 2573 779 2615 esse
814 2559 975 2626 hujus
1007 2556 1272 2611 Cabasilae
1311 2557 1481 2613 fetum
1511 2597 1524 2623 ,
1564 2561 1655 2612 sed
1688 2557 1956 2613 Pliilotltei
2007 2561 2304 2613 orationem
2337 2558 2390 2610 in
2426 2565 2534 2608 tres
2583 2556 2707 2608 illos
2751 2555 2944 2607 Patres
2995 2555 3096 2621 legi
3126 2555 3175 2607 in
3227 2555 3346 2607 cod.
3402 2553 3670 2608 Vat'cano
3694 2554 3818 2622 809,
3851 2573 3913 2624 p.

667 2645 790 2710 100,
831 2644 1108 2700 contendit
1141 2643 1390 2699 Labbeus
1417 2645 1473 2698 in
1506 2643 1646 2698 Diss.
1684 2645 1873 2696 histor.
1905 2647 1972 2700 de
2003 2645 2362 2713 scriptoribus
2390 2645 2588 2697 eccles.
2617 2651 2754 2695 tom.
2788 2641 2852 2703 11,
2894 2655 2949 2708 p.
2985 2641 3103 2693 114.
3141 2640 3432 2695 Enimvero
3478 2640 3692 2695 Fabric.
3748 2658 3800 2709 p.
3840 2644 3913 2696 76

657 2733 722 2785 ad
753 2724 916 2784 Attat.
954 2742 1066 2796 not.
1104 2747 1157 2800 y,
1201 2726 1352 2785 decet
1391 2731 1657 2785 Philotbei
1705 2731 1855 2784 Orat.
1886 2729 1982 2784 Gr.
2024 2733 2088 2785 ac
2118 2731 2231 2784 Lat.
2269 2745 2372 2783 una
2409 2745 2529 2785 cum
2561 2730 2784 2798 Dioptra
2825 2726 3059 2796 Philippi
3090 2728 3324 2782 Solitarii
3355 2737 3468 2781 .ctc.
3504 2729 3704 2782 editam
3733 2745 3764 2782 a
3789 2729 3908 2785 Jac.

657 2817 921 2880 Pontano,
955 2815 1266 2886 lngolstadii
1300 2817 1458 2879 1601,
1495 2819 1561 2885 4,
1603 2829 1654 2870 et
1686 2817 1809 2870 hinc
1842 2820 1891 2870 in
1928 2820 2184 2872 Anetario
2213 2819 2500 2878 Ducmano,
2533 2813 2705 2867 Paris.
2767 2814 2924 2875 1621,
2965 2825 3095 2867 tom.
3128 2812 3193 2876 ll,
3229 2830 3350 2882 pag.
3379 2815 3504 2878 515,
3535 2827 3588 2869 et
3618 2816 3739 2869 Lat.
3771 2826 3908 2874 tom.

659 2904 827 2958 XXVI
873 2903 1012 2956 Bibl.
1054 2903 1300 2968 Patrum,
1342 2905 1510 2975 Lugd.
1545 2921 1596 2974 p.
1633 2905 1757 2969 217,
1790 2905 2055 2958 diversam
2090 2920 2208 2958 esse
2239 2905 2307 2958 ab
2334 2904 2593 2958 Oratione
2639 2901 2905 2955 Cabasilaz
2962 2903 3014 2955 in
3047 2902 3266 2955 eosdem
3321 2917 3510 2957 sacros
3557 2904 3907 2966 triumviros,

655 3007 776 3061 quae
801 3008 904 3046 ms.
938 3004 1022 3047 est
1050 2994 1104 3047 in
1139 2994 1273 3047 bibl.
1303 2993 1548 3048 Caesarea
1601 2993 1748 3064 (cod.
1775 2993 1899 3048 267.
1937 3009 2019 3046 nr.
2052 2993 2136 3057 14,
2169 3004 2221 3046 ct
2267 2992 2522 3045 Lambec.
2552 2990 2656 3042 vol.
2698 2987 2761 3052 γ,
2798 2981 2870 3058 p‘.’
2887 2988 3036 3060 435).
3068 2988 3341 3043 Labbeum
3368 2990 3479 3060 jam
3512 2991 3787 3054 refutavit,
3822 2997 3908 3046 vel

654 3094 720 3134 ex
747 3074 916 3134 initiis
933 3080 1096 3136 Orat.
1129 3081 1398 3135 Philothei
1434 3091 1596 3151 atque
1624 3085 1724 3137 0r.
1763 3082 1931 3136 Nicol.
1961 3067 2172 3136 Cabasi
2204 3080 2624 3134 demonstrando
2669 3079 2950 3147 utriusque
2981 3077 3130 3132 Orat.
3171 3077 3538 3132 diversitatem
3599 3077 3908 3136 Fabricius.

656 3165 926 3221 Praeterea
956 3178 1011 3222 et
1047 3169 1115 3222 ab
1150 3169 1293 3233 aliis,
1325 3169 1523 3237 inquit,
1547 3168 1817 3222 laudatam
1851 3183 1972 3222 esse
2017 3169 2160 3220 illam
2196 3169 2476 3221 beatorum
2529 3169 3045 3236 doctorum‘trigam
3074 3166 3332 3221 aJoanne
3365 3167 3758 3221 Euchaitarum
3789 3185 3909 3223 tne-

658 3258 931 3324 tr0polit‘a,
963 3257 1051 3323 (γ.
1075 3257 1261 3310 ‘Atlat.
1292 3271 1414 3325 pag.
1443 3256 1567 3319 112,
1599 3258 1663 3310 de
1700 3253 2014 3311 Simeonum
2041 3255 2280 3324 scriptis)
2313 3254 2600 3308 Theodoro
2631 3251 2918 3309 Metochita
2955 3264 3011 3306 et
3034 3253 3287 3308 Matthaeo
3313 3253 3619 3307 Camariota
3650 3256 3905 3324 aliisque,

654 3343 1014 3396 observarunt
1045 3345 1142 3396 viri
1193 3343 1513 3398 doctissimi.
1540 3344 1740 3398 Confer
1797 3345 1926 3397 Acta
1956 3342 2065 3397 SS.
2097 3352 2228 3395 tom.
2254 3341 2317 3407 ll,
2343 3343 2494 3409 Jun.,
2527 3359 2646 3412 pag.
2672 3343 2777 3398 9'55
2807 3359 2924 3412 seq.
2955 3342 3048 3396 ubi
3084 3343 3148 3395 de
3183 3340 3342 3404 testo,
3377 3341 3521 3409 quod
3553 3342 3604 3394 in
3641 3345 3905 3399 honorem

654 3444 995 3485 communem
1039 3430 1242 3494 Basilii,
1270 3419 1596 3483 Nazianaeni
1628 3439 1682 3483 et
1713 3429 2083 3498 Chrysostomi
2113 3446 2139 3481 a
2181 3427 2405 3493 Grmcis,
2440 3431 2526 3483 die
2551 3431 2621 3483 50
2653 3428 2877 3486 Januar.
2916 3429 3246 3493 celebratur,
3281 3438 3503 3483 auctore
3556 3426 3767 3483 Joanne
3795 3446 3907 3484 me-

656 3517 906 3583 tropolita
939 3514 1318 3588 Eucliaitatum
1356 3519 1690 3586 temporibus
1719 3518 1890 3571 Alexii
1921 3515 2204 3580 Conttteni,
2243 3515 2387 3568 litem
2420 3517 2783 3579 ambitiosam,
2836 3523 2971 3584 quae
3012 3515 3152 3570 inter
3195 3514 3469 3580 Basilitas,
3507 3514 3823 3586 Gregoritas
3852 3527 3910 3571 ct

654 3602 938 3657 Joannitas
973 3615 1086 3654 orta
1127 3604 1321 3667 fuerat,
1355 3605 1426 3658 ita
1479 3616 1852 3674 componentc,
1891 3612 1950 3658 ut
1985 3604 2210 3666 diceret,
2259 3612 2367 3656 tres
2404 3605 2524 3658 illos
2565 3605 2727 3657 simul
2780 3604 2883 3656 sibi
2920 3603 3065 3656 visos
3109 3603 3321 3667 adesse,
3361 3611 3611 3667 testatos,
3644 3618 3703 3656 se
3735 3619 3904 3658 unum

655 3707 780 3745 esse
811 3692 947 3757 apud
977 3691 1173 3754 Deum,
1201 3691 1383 3759 itaque
1413 3706 1509 3745 nec
1539 3708 1633 3746 sua
1659 3707 1822 3746 causa
1850 3692 2277 3747 contetnlendum
2304 3693 2371 3745 de
2399 3691 2776 3760 praerogativa,
2812 3691 2903 3744 sed
2927 3689 3126 3743 cultum
3153 3689 3390 3756 ipsorum
3419 3702 3764 3742 communem
3793 3707 3905 3747 uno

654 3779 740 3832 dte
772 3778 1230 3845 conjungendnm.
1265 3779 1467 3832 Confer
1515 3780 1677 3835 etiam
1711 3779 1916 3834 Nicolal
1975 3779 2152 3849 ltayaei
2185 3789 2474 3831 tractatum
2507 3777 2932 3845 praeliminarem
2969 3776 3117 3830 Actis
3146 3775 3248 3828 SS.
3280 3785 3409 3829 tom.
3443 3775 3510 3838 ll,
3539 3775 3709 3840 Junii,
3759 3796 3905 3848 pra:-

662 3864 913 3918 missum.
956 3861 1230 3920 Hactenus
1267 3865 1481 3921 Fabric.
1520 3896 1590 3906 —
1615 3867 1884 3923 Pliilotbei
1916 3877 1968 3922 et
1998 3865 2082 3921 Jo.
2127 3865 2511 3919 tticltaitaruttt
2569 3864 2851 3932 utetropol.
2888 3864 3066 3922 Oratt.
3098 3862 3153 3916 in
3187 3873 3293 3917 tres
3319 3864 3438 3917 illos
3461 3864 3671 3928 Patres,
3702 3877 3872 3935 atquc

655 3951 834 4005 Nicol.
893 3951 1160 4006 Cabasila:
1213 3957 1460 4022 quaedam
1516 3965 1705 4009 contra
1755 3956 1997 4019 Latinos,
2033 3964 2159 4037 sun;
2201 3953 2388 4007 Romae
2419 3953 2558 4007 inter
2584 3952 2743 4008 codd.
2774 3951 3022 4006 Vatican.
3066 3950 3524 4018 teste,.\10ntl‘auc.
3558 3954 3611 4005 in
3654 3951 3792 4008 Bibt.
3828 3955 3907 4007 bi-

663 4039 902 4092 bibliozh.
942 4038 1098 4092 MSS.
1136 4053 1190 4109 p.
1235 4039 1338 4106 12;
1402 4040 1466 4093 D.
1507 4042 1569 4096 Β.
1606 4041 1784 4096 Nicol.
1840 4042 2041 4096 (labos.
2105 4043 2388 4096 Orationes
2431 4040 2677 4106 quadam
2722 4054 2854 4093 mss.
2914 4039 3100 4094 Roma.-
3152 4040 3205 4091 iu
3253 4039 3382 4092 bibl.
3450 4037 3775 4107 Barberina;
3812 4044 3904 4097 sed

656 4145 900 4197 quautam
929 4133 1059 4192 sint,
1091 4145 1197 4182 non
1234 4132 1451 4185 additur
1484 4131 1538 4185 in
1570 4131 1870 4186 Montfauc.
1906 4121 2035 4185 b'ihl.
2056 4134 2150 4185 cit.
2177 4146 2230 4199 p.
2259 4128 2361 4182 175
2394 4127 2462 4182 E‘.
2484 4127 2593 4182 Nec
2619 4125 2910 4182 Montl'auc.
2940 4127 3034 4181 lib.
3056 4128 3148 4181 cit.
3177 4127 3227 4180 in
3247 4124 3426 4183 Indice
3459 4129 3616 4183 codd.
3656 4127 3901 4184 Vatican.

657 4215 904 4279 adduxit,
937 4231 1041 4270 nec
1079 4217 1310 4271 Allatius
1336 4232 1430 4273 eos
1457 4218 1616 4273 codd.
1650 4219 2043 4288 pervestigans,
2099 4218 2340 4285 reperire
2378 4217 2558 4285 potuit
2599 4216 2873 4271 orationes
2924 4215 3016 4278 88,
3053 4231 3187 4284 quas
3217 4216 3309 4269 alii
3342 4217 3394 4269 in
3430 4219 3618 4271 codice
3665 4212 3898 4286 quodam

633 4301 826 4358 .Vatic.
858 4314 1075 4358 exstare
1108 4306 1472 4372 scripserunt,
1500 4315 1576 4371 et,
1605 4316 1662 4359 ut
1693 4306 1855 4360 Allat.
1879 4307 2048 4371 addit,
2082 4306 2290 4368 Nilone,
2319 4319 2388 4356 an
2414 4302 2632 4356 Nicolao
2660 4288 3005 4371 assignandae
3050 4303 3179 4365 sittt,
3206 4303 3305 4372 ipsi
3343 4304 3593 4358 viderint.
3631 4304 3818 4359 Romae
3852 4311 3902 4360 in

655 4389 786 4443 bibl.
816 4390 1036 4458 Cbiggia
1072 4391 1186 4444 Nic.
1215 4391 1349 4444 Cab.
1379 4386 1661 4447 Orationes
1687 4396 1959 4460 quaedam.
1988 4393 2078 4447 Sic
2106 4395 2282 4446 minus
2307 4406 2492 4448 curate
2525 4395 2654 4448 citat
2689 4395 2812 4447 cod.
2844 4391 3188 4448 Montfaucon
3222 4396 3276 4447 in
3309 4394 3496 4447 Diario
3523 4390 3650 4448 Ital.
3685 4411 3733 4464 p.
3770 4397 3900 4450 238.

652 4502 723 4544 5-
747 4476 884 4527 Atld.
922 4477 1026 4528 vol.
1065 4476 1158 4542 1K,
1194 4492 1246 4545 p.
1290 4477 1376 4542 72,
1413 4478 1620 4544 90,95,
1654 4480 1776 4542 112,
1805 4479 2056 4546 114,117
2089 4481 2356 4546 vet.edit.,
2387 4482 2479 4539 sed
2513 4483 2631 4534 aliae
2665 4482 2846 4549 plures
2874 4480 3081 4534 Nicolai
3106 4480 3369 4535 Cabasila:
3388 4479 3563 4535 Oratt.
3598 4485 3665 4538 ab
3701 4485 3902 4539 Allutio

655 4563 1054 4630 praetermissa,
1091 4566 1262 4616 latent
1289 4566 1340 4617 in
1377 4566 1535 4618 codd.
1571 4566 1701 4618 bibl.
1740 4565 1917 4620 Paris.
1949 4576 2111 4634 atque
2137 4567 2427 4620 Cmsarew.
2478 4566 2697 4620 Fabric.
2738 4568 2789 4619 in
2823 4578 2939 4621 not.
2981 4578 3022 4629 t,
3062 4584 3112 4636 p.
3150 4569 3238 4631 74,
3279 4569 3520 4622 adAllat.
3553 4570 3756 4624 Cra-cis
3781 4589 3905 4626 ver-

660 4650 766 4712 bis,
800 4664 901 4701 Una
933 4665 1058 4701 cum
1091 4650 1260 4704 initiis
1295 4652 1631 4720 singularum
1669 4654 1863 4706 multas
1892 4654 2077 4707 refert.
2110 4655 2250 4708 Ade].
2283 4654 2495 4708 Caveus
2529 4665 2690 4722 atque
2717 4653 3127 4724 Oudinusilocis
3181 4657 3384 4710 citatis.
3417 4655 3495 4712 Ex
3528 4656 3706 4712 Catal.
3739 4659 3904 4729 igitur

659 4736 940 4802 supplebo,
981 4751 1182 4802 easque
1212 4751 1346 4804 quas
1381 4755 1446 4791 ex
1497 4739 1695 4792 Allatio
1744 4743 2045 4808 numeravi,
2091 4741 2246 4794 simul
2283 4743 2566 4809 attingam.
2601 4740 2776 4797 Paris.
2809 4743 2859 4795 in
2882 4740 3041 4809 .Bibl.
3077 4742 3222 4811 publ.
3251 4744 3372 4796 cod.
3407 4743 3566 4808 1215,
3601 4749 3900 4799 serundum

652 4820 769 4874 Cat.
813 4824 969 4875 codd.
1007 4822 1307 4892 (IL-Paris.
1349 4834 1479 4880 tom.
1518 4823 1584 4888 11,
1614 4842 1665 4894 p.
1692 4827 1818 4892 251,
1855 4843 1953 4881 suo
1986 4841 2208 4896 qumque
2236 4830 2428 4881 ordine
2454 4839 2579 4880 sunt
2609 4843 2773 4896 supra
2813 4838 3125 4882 memoratae
3158 4839 3295 4882 orat.
3332 4844 3384 4881 η.
3423 4831 3475 4891 5.
3508 4831 3561 4895 4,
3603 4834 3653 4895 1,
3679 4834 3732 4897 2,
3767 4835 3817 4894 5,
3844 4850 3902 4903 6,

657 4906 705 4957 7.
745 4908 1008 4962 ΡΠΓΗΞΙἘΕ
1053 4912 1396 4977 reperiuntur
1429 4915 1478 4964 in
1511 4915 1700 4965 eodem
1738 4916 1924 4968 codice
1956 4915 2071 4967 Nic.
2106 4917 2302 4969 Cibas.
2338 4915 2582 4967 llomilia:
2611 4917 2665 4984 1)
2727 4915 2793 4967 In
2827 4917 3037 4967 laudem
3089 4915 3149 4969 S.
3181 4913 3396 4968 Nicolai
3429 4932 3442 4981 ;
3479 4917 3670 4982 (etiam
3699 4923 3748 4972 in
3773 4927 3898 4973 cod.

658 4993 817 5063 1258)
844 4996 918 5062 (9.)
953 4995 1016 5060 in
1043 4990 1425 5049 Dormitionem
1483 4999 1756 5066 Dcipurw;
1784 5002 1836 5068 5)
1862 5001 1926 5053 In
1955 5004 2236 5054 Andreum.
2267 5003 2553 5068 juniorem,
2579 5004 2669 5071 qui
2698 5001 3084 5071 Hierosolymis
3107 5010 3311 5071 martyr
3335 5005 3501 5069 obiit;
3525 5004 3580 5074 4)
3614 5007 3697 5057 Ad
3714 5004 3900 5059 Iesum

656 5079 939 5149 Christum.
982 5081 1035 5152 5)
1068 5082 1218 5143 Orat.
1253 5086 1320 5135 ad
1352 5085 1644 5154 Augustam
1688 5087 1762 5140 De
1817 5092 2030 5154 usuris;
2061 5094 2112 5155 ii)
2145 5092 2224 5140 Att
2255 5090 2610 5154 Athenienses,
2648 5089 2722 5143 De
2770 5106 2879 5143 ara
2935 5088 3347 5155 misericordia;
3384 5092 3436 5158 7)
3484 5091 3745 5146 Aduersus
3772 5093 3903 5147 Gre-

757 5237 829 5306 td)
876 5237 1104 5314 Notante
1138 5239 1387 5314 Fabricio
1431 5257 1549 5310 pag.
1587 5242 1654 5295 75
1682 5257 1795 5311 seq.
1826 5243 2007 5296 Oratio
2040 5244 2088 5294 in
2122 5247 2212 5314 faz-
2320 5247 2401 5299 vit
2457 5248 2668 5302 Simon.
2709 5245 3044 5309 Simonides,
3083 5246 3348 5302 Samoscii
3383 5245 3542 5310 1604,
3597 5247 3649 5300 4.
3696 5247 3801 5303 Sed
3844 5265 3899 5304 tn

657 5310 1060 5382 nerawresLGr.
1118 5315 1291 5382 lucem
1332 5313 1486 5375 vitltt,
1521 5310 1771 5380 quamvis
1807 5317 1950 5367 haud
1981 5310 2208 5382 integra,
2319 5315 2571 5379 Janozki,
2620 5317 2938 5374 Nachricht.
2976 5335 3074 5370 von
3108 5321 3269 5370 denen
3307 5320 3361 5371 in
3395 5320 3489 5369 der
3515 5315 3901 5374 Zatuskischen

652 5383 905 5450 augusta:
929 5379 1325 5458 Xttttlcl.,1_595,
1357 5379 1553 5458 edente
1574 5383 1769 5437 Davide
1799 5379 2119 5458 lluescltcl-o,
2143 5402 2205 5458 ex
2317 5386 2578 5452 Buchern,
2613 5399 2749 5453 part.
2784 5404 2836 5452 v,
2877 5387 2980 5438 217
3016 5402 3164 5455 seqq.
3205 5395 3518 5441 recensetur
3559 5390 3778 5458 quidem
3809 5391 3901 5443 illa

651 5463 772 5529 f‘ou.
794 5450 1148 5529 tumultuanti
1188 5452 1477 5529 Marguni‘i.
1508 5454 1773 5529 Integrinn
1807 5470 1928 5529 cunt
1955 5454 2104 5508 Orat.
2145 5457 2201 5508 ὃ.
2316 5450 2830 5529 ιερίριιειιιίἱόωιὶυ,
2856 5468 2910 5509 at
2945 5450 3174 5510 nulla'tit
3201 5460 3402 5512 mentio
3424 5450 3747 5515 Nic.Cabas.
3773 5474 3900 5513 ora-

650 5514 934 5586 Eptphanii
968 5521 1020 5571 in
1050 5514 1374 5589 sepulturam
1409 5514 1764 5586 ChristﬂGr.
1791 5543 1851 5576 ac
1875 5523 1991 5576 Lat.
2026 5530 2208 5592 vnlga-
2323 5514 2483 5579 tinnis
2520 5529 2592 5579 illi
2630 5514 2915 5594 adiunctae.

718 5655 812 5727 (2).
840 5655 1123 5733 SECU‘DdOn-l‘
1149 5660 1359 5733 Nessel_i_i
1403 5663 1717 5733 Catalognm,
1750 5672 1888 5727 parte
1917 5665 1953 5733 l,_
2006 5677 2099 5733 p-tg
2125 5666 2254 5733 .563,
2283 5679 2357 5733 eo.

2283 5668 2391 5733 cod.
2414 5667 2528 5733 262,
2554 5683 2600 5733 rt.
2631 5670 2645 5716 l
2668 5670 2703 5716 1.
2733 5668 2909 5729 incipit
2937 5685 2948 5717 :
2983 5671 3133 5731 Οἶμαί
3156 5688 3206 5732 γε
3231 5673 3326 5718 τῶν
3354 5672 3694 5733 ἐννομωτάτων
3717 5674 3798 5720 καὶ
3833 5673 3894 5726 δι·

647 5721 912 5768 καιοτάιων
939 5721 1072 5769 εἶναι.
1091 5723 1283 5774 Fannio.
1311 5725 1465 5774 Hanc.
1492 5735 1522 5775 t.
1551 5721 1675 5775 V‘lll.
1699 5721 2041 5779 in'rerensionc
2070 5721 2099 5775 F’
2115 5721 2286 5777 iturum

1629 5727 1675 5775 1.
1699 5721 2041 5779 in'rerensionc
2070 5721 2291 5777 “turum
2310 5731 2364 5777 S.
2394 5721 2599 5796 Jommi;
2627 5721 2968 5790 Chrqsosiomi.
3050 5721 3058 5731 ’
3165 5721 3174 5732 ’
