4150 6312
197 357 300 421 3m
1645 346 1836 411 NOTI'

1804 349 1970 410 lTl.‘..
3336 350 3443 417 362

198 483 342 534 gone
363 466 639 519 delirantis
663 466 898 528 somnia;
921 465 972 526 8)
998 461 1148 517 Orat.
1175 479 1276 529 qua
1307 460 1588 530 Pyrrhonis
1620 463 1681 512 de
1720 462 1954 514 veritatis
1984 461 2192 514 criterio
2219 460 2473 514 srnlentia
2507 463 2844 530 impugnatur
2865 468 2891 522 ;’
2911 457 2964 528 9)
2991 461 3043 511 in
3068 457 3275 510 laudem
3305 458 3448 512 Mut-

202 561 328 612 tltaei
354 558 721 614 Cantacuzeni
758 557 892 621 lilii;
928 557 1014 618 10)
1044 554 1108 614 In
1140 556 1352 608 laudem
1382 555 1550 607 Anim:
1621 552 2012 626 I’olwologinw,
2042 557 2243 622 impera
2279 556 2425 609 rit-is.
2476 585 2538 594 —
2573 556 2628 607 In
2657 554 2776 610 cod.
2815 553 3064 608 Czrsareo
3087 553 3194 608 266
3231 564 3356 608 sunt
3381 569 3446 609 ex

203 647 406 700 Allatio
429 646 543 714 jam
576 645 868 711 designatzt-
896 643 1068 696 Orstt.
1101 657 1153 694 n.
1192 642 1245 704 5,
1279 641 1329 703 4,
1366 640 1421 694 6.
1462 639 1516 693 lu
1545 639 1634 693 illo
1671 631 1794 692 cod.
1832 649 1886 694 et
1921 642 2043 695 cod.
2077 643 2202 704 267,
2236 659 2288 694 ιι.
2316 642 2406 706 25,
2437 651 2610 695 exstat
2637 657 2853 710 quoque
2885 639 2999 694 Nic.
3025 639 3290 695 Caliasila:
3319 657 3448 694 ora-
3545 666 3551 673 ε

203 734 282 786 tio
333 734 438 803 (uti
491 733 715 796 dicitur,
748 733 951 799 pariter
982 731 1034 783 ln
1057 740 1165 783 rat.
1199 722 1360 786 codd.
1393 731 1490 783 Gr.
1530 727 1703 782 Paris.
1741 729 1793 781 in
1828 729 1948 782 cod.
1979 729 2084 782 970
2128 729 2401 792 Ilomilin;
2435 730 2486 782 in
2549 734 2670 783 cod.
2707 739 2886 782 autem
2915 729 3050 783 1215
3113 745 3273 782 mem.
3307 733 3451 793 Opu—

199 820 434 887 sculutn)
476 820 547 873 De
578 835 740 872 usura
765 828 949 871 contra
983 819 1309 885 feneratores
1341 817 1614 887 (Latnbcc.
1659 816 1721 881 V,
1755 832 1804 883 p.
1844 814 1946 868 4.16
1983 816 2163 885 seqq)
2208 816 2396 868 Latino.
2435 831 2649 865 versam
2686 814 2854 867 edidit
2905 815 3049 866 illam
3083 814 3201 868 Jac.
3241 814 3444 869 Ponta-

200 923 304 959 nus
332 922 455 960 cum
488 905 748 959 Cabasilm
780 905 933 959 libris
965 904 1045 960 Vl.
1085 905 1154 959 De
1186 906 1288 959 vita
1324 909 1375 956 in
1402 904 1628 964 Christo,
1653 902 1768 955 Lat.
1801 903 1984 955 etiam.
2020 902 2240 967 lngolst.
2280 902 2434 965 160.5,
2464 903 2518 953 4ο
2550 902 2695 971 (d)-—
2721 902 2921 954 Contra
2957 903 3010 954 iu
3045 904 3166 955 cod.
3200 903 3448 956 Gtt-sarem

197 993 305 1046 267
334 1003 550 1047 exstant
578 990 754 1044 Oratt.
790 1007 853 1043 ex
888 991 1086 1044 Allatio
1115 1007 1142 1043 a
1184 1007 1265 1045 me
1295 991 1494 1050 citatzo,
1545 991 1643 1042 hoc
1689 991 1836 1042 ordiu

1811 1003 1900 1047 ne.
1933 1005 1985 1040 ιι.
2022 988 2075 1047 2,
2112 991 2167 1052 5,
2208 988 2259 1047 4,
2297 991 2344 1048 1.
2378 989 2427 1048 5,
2454 989 2504 1042 6.
2532 991 2580 1041 7.
2615 988 2835 1055 Insuper
2860 989 3110 1053 leguntur
3176 989 3229 1042 in
3260 990 3447 1044 eodem

200 1080 326 1131 cod.
355 1078 532 1131 Oratt.
573 1091 637 1129 ex
669 1077 788 1129 cod.
817 1075 1045 1129 Parisin.
1086 1077 1315 1129 laudata:
1345 1091 1399 1128 ιι.
1433 1077 1482 1137 1,
1505 1075 1558 1134 2.
1593 1075 1647 1129 5.
1681 1076 1732 1135 4,
1772 1073 1823 1136 5,

1811 1113 1823 1136 ,
1849 1073 1899 1133 ϐ,
1925 1068 1955 1125 7
2004 1075 2055 1126 8.
2085 1072 2221 1125 Tum
2261 1075 2312 1126 in
2345 1077 2464 1126 rod.
2505 1076 2625 1126 co-l.
2658 1073 2930 1132 Οιυςτηθο,
2959 1090 3009 1126 ιι.
3052 1073 3137 1136 15,
3168 1075 3450 1129 Att/acuti.)

201 1165 272 1215 ad
330 1161 388 1216 S.
416 1163 720 1231 martyrcm‘
745 1161 1084 1215 Demetrium.
1152 1161 1214 1215 V.
1243 1160 1495 1214 Lambec.
1539 1160 1597 1216 ν.
1629 1176 1680 1226 p.
1713 1160 1816 1214 4‘28
1872 1176 2023 1228 seqq.
2068 1162 2155 1227 qui
2183 1161 2364 1229 jetiam
2419 1161 2622 1228 reliqua
2674 1159 2769 1213 Nic
2827 1160 3094 1213 Cabasila:
3130 1177 3246 1230 qua:
3277 1166 3327 1216 in
3357 1166 3448 1217 ill.)

203 1251 391 1304 codice
421 1258 709 1314 supersunt
738 1288 750 1309 ,
783 1249 1049 1315 Opuscula
1079 1250 1211 1303 ibid.
1250 1250 1525 1320 recenset;
1559 1262 1657 1314 ego
1683 1262 1806 1301 vero
1839 1245 1942 1314 iam
1980 1264 2135 1314 supra
2193 1258 2485 1299 memorata
2523 1250 2806 1299 ntuittam:

280 1335 434 1388 Liber
457 1337 522 1386 de
558 1336 968 1402 magistratuum
1005 1335 1246 1388 civilium
1279 1335 1472 1402 iniquis
1501 1336 1643 1386 ausis
1666 1335 1804 1386 circa
1837 1351 1913 1384 res
1954 1350 2165 1398 sacras.
2194 1335 2287 1386 Est.
2319 1348 2532 1400 queque
2567 1336 2615 1384 iu
2641 1334 2800 1387 codd.
2836 1335 3011 1388 Paris.
3067 1339 3171 1392 970
3203 1347 3254 1390 et
3287 1338 3447 1393 1215.

279 1441 582 1495 Solutiones
623 1442 1135 1510 argumentationum
1159 1443 1382 1510 quinque
1405 1451 1591 1493 contra
1636 1440 1946 1492 rhetoricam
1979 1457 2024 1492 s.
2076 1449 2239 1491 artem
2270 1441 2495 1492 dicendi.
2535 1440 2750 1507 Legitur
2794 1447 3014 1511 quoque
3044 1445 3093 1495 itt
3122 1446 3239 1498 col.
3273 1442 3449 1500 Paris.

218 1528 380 1582 1213.

293 1616 564 1670 Tredecint
602 1619 981 1684 epigrammata
1007 1619 1234 1670 versibus
1266 1619 1483 1671 heroicis
1510 1659 1524 1683 ,
1547 1633 1664 1684 qua:
1686 1616 1890 1684 singula
1929 1621 2207 1666 recensent
2254 1610 2503 1665 Lambec.
2541 1611 2603 1676 V,
2633 1629 2680 1679 p.
2703 1613 2826 1677 459,
2855 1623 2908 1668 et
2945 1615 3157 1668 Fabric.
3191 1619 3254 1669 ad
3287 1619 3451 1674 Allat.

208 1717 262 1769 p.
297 1703 386 1764 77,
420 1713 534 1754 unt.
562 1704 612 1754 ὁ.
647 1701 759 1755 Huc
783 1702 920 1756 refer
950 1706 1045 1757 cod
1095 1703 1264 1759 Paris.
1302 1704 1576 1756 laudatum
1633 1704 1792 1762 1215,
1839 1701 1950 1762 ubi,
1979 1718 2031 1752 ιι.
2060 1699 2148 1759 εκ.
2203 1709 2283 1751 est
2343 1699 2461 1752 Nic.
2493 1700 2784 1754 Cabassilae
2817 1702 3175 1768 Epitaphium,
3203 1705 3451 1759 versibus

207 1789 470 1853 heroicis,
502 1787 603 1842 Nili
627 1789 943 1843 Thessalon.
980 1805 1099 1843 cum
1135 1791 1341 1857 aliquot
1372 1790 1608 1859 ejusdem
1642 1787 1844 1841 Nicolai
1892 1788 2385 1854 epigrammatihus.
2423 1784 2479 1838 In
2508 1787 2627 1840 cod.
2660 1787 2883 1840 Coislin.
2921 1789 3106 1856 5l5(in
3166 1806 3275 1859 quo
3327 1801 3455 1846 sunt

208 1790 470 1853 heroicis,
502 1790 603 1842 Nili
627 1790 943 1843 Thessalon.
980 1805 1099 1843 cum
1135 1791 1341 1857 aliquot
1372 1790 1608 1938 :jt/tsd‘etn
1642 1790 1844 1841 Nicolai
1892 1790 2385 1854 epigrammatibus.
2423 1790 2479 1838 In
2508 1790 2627 1840 cod.
2660 1790 2883 1840 Coislin.
2921 1790 3106 1856 5l5(in
3166 1806 3275 1859 quo
3327 1801 3454 1846 sunt

208 1886 504 1930 memorata
540 1875 750 1943 aliaque
779 1875 948 1928 Nicol.
977 1874 1238 1929 Cabasilze
1256 1873 1390 1942 Opu.
1443 1877 1527 1928 ula
1558 1886 1610 1926 et
1635 1875 1905 1942 Epistolae)
1939 1872 2162 1925 Heroicn
2212 1871 2461 1923 Carmina
2513 1873 2562 1924 in
2599 1875 2930 1939 sepulturam
2967 1876 3251 1943 avunculi;
3283 1878 3334 1929 in
3365 1895 3454 1933 se-

209 1961 459 2028 pulcrum
508 1962 827 2029 patriarchz
857 1960 1051 2014 Isodori
1083 1972 1136 2014 et
1161 1963 1262 2014 alia
1296 1943 1536 2020 carmina
1568 1962 1617 2013 in
1650 1960 2050 2013 translationem
2081 1959 2428 2026 reliquiarum
2453 1958 2510 2012 S.
2533 1958 2849 2022 Tlientlorrc,
2885 1961 3232 2017 inventionem
3267 1963 3325 2017 S.
3349 1965 3455 2020 De-

209 2047 414 2109 metrii,
464 2057 517 2100 et
544 2049 668 2106 alia.
709 2058 843 2103 teste
876 2049 1164 2102 Moulfnttc.
1201 2048 1406 2112 iit/bibl.
1442 2049 1606 2102 Coisl.
1643 2064 1695 2116 p.
1728 2049 1852 2101 428.

284 2133 472 2185 Oratio
505 2136 942 2188 encomiasticain
988 2138 1352 2204 imperatorem
1413 2134 1726 2204 (Amlrouic.
1753 2134 2150 2202 Pttlteolugum).

287 2209 536 2284 Epistula:
562 2223 854 2284 sexdecim;
885 2224 1061 2276 inch
1107 2234 1284 2276 autem
1322 2223 1521 2277 Caesar.
1544 2211 1648 2275 266
1680 2261 1695 2283 ,
1727 2219 1840 2274 n99
1866 2255 1881 2279 ,
1913 2233 1926 2268 ε

1814 2219 1840 2271 9
1866 2255 1881 2279 ,
1913 2226 2035 2268 sunt
2063 2227 2169 2268 tres
2206 2217 2461 2283 cpistnltn.
2498 2217 2592 2286 (γ.
2621 2216 2808 2272 Lamb.
2848 2220 2885 2271 V
2916 2234 2968 2287 p.
3023 2221 3172 2291 416.)
3223 2223 3282 2276 In
3333 2227 3453 2280 cod.

205 2303 377 2362 Coisl.
410 2308 625 2360 laudato
657 2321 781 2362 sunt
829 2311 1254 2376 quatttot‘decitn.
1314 2317 1368 2362 et
1419 2308 1686 2377 Cytlones.
1758 2302 1991 2372 Epistola
2033 2302 2095 2353 ad
2124 2302 2452 2357 Cabasilatn.
2486 2333 2545 2344 --
2578 2304 2885 2370 Florentim,
2936 2307 2987 2360 in
3021 2309 3143 2364 cod.
3196 2309 3454 2366 Laurent.

215 2397 304 2460 15,
344 2413 400 2448 ιι.
434 2395 505 2446 24
537 2411 657 2462 sqq.
691 2395 823 2460 plut.
856 2394 944 2452 75.
968 2406 1090 2448 sunt
1118 2394 1365 2463 Epistulae
1404 2403 1637 2462 quatuor
1673 2401 1727 2442 et
1766 2381 1866 2444 Nili
1898 2389 2161 2443 Cabasilze
2211 2387 2530 2444 Tltessalon.
2564 2391 2801 2458 Epistula
2830 2393 2896 2446 ad
2923 2393 3096 2449 Nicol.
3127 2396 3455 2454 Cabasilant.

220 2479 286 2533 ν.
317 2480 551 2534 Bandin.
583 2478 700 2532 Cat.
727 2472 884 2533 codd.
914 2479 1008 2533 Gr.
1045 2479 1205 2533 Laur.
1241 2480 1294 2543 5,
1327 2495 1371 2546 p.
1419 2479 1541 2534 107.
1575 2507 1641 2518 --
1665 2477 1717 2528 lu
1754 2477 1848 2529 cod

1813 2477 1872 2528 id.
1921 2474 2094 2528 Paris.
2128 2475 2283 2539 1215,
2330 2493 2382 2528 ιι.
2411 2475 2465 2541 8,
2533 2477 2770 2543 Epistola
2804 2479 2868 2530 ad
2923 2478 3101 2533 Nilum
3133 2479 3452 2538 Thessalon.

209 2576 264 2620 et
294 2585 350 2618 ιι.
374 2566 465 2624 9.1.
513 2567 674 2620 variae
707 2565 978 2633 Epistoltc.
1025 2567 1184 2635 (Quot
1215 2580 1344 2620 vero
1373 2567 1478 2620 sint
1523 2575 1576 2618 et
1610 2566 1674 2618 ad
1707 2576 1967 2632 quosnam
2013 2562 2248 2629 scriptae,
2279 2577 2386 2616 non
2422 2564 2691 2617 indicatur
2736 2565 2788 2616 in
2824 2565 2942 2618 Cat.
2981 2566 3140 2621 codd.
3184 2567 3357 2624 Paris.
3387 2569 3454 2632 11,

214 2655 430 2722 p.255).

285 2739 476 2793 Libell.
508 2740 572 2790 de
602 2739 935 2809 syllogismo.
967 2743 1024 2792 In
1057 2743 1181 2792 cod.
1211 2739 1600 2799 Cmsar.‘266,n.
1631 2737 1724 2794 21.
1747 2731 1924 2802 incipit

1817 2737 1972 2802 :ipit:
2011 2735 2247 2804 Ἀτομόν
2286 2738 2425 2800 ἐστι,
2479 2737 2536 2789 ca
2568 2737 2626 2789 ἓν
2669 2738 2909 2808 ἀρ;ομῷ,
2973 2735 3086 2792 οἷον
3133 2742 3221 2794 ὅδε
3275 2745 3303 2796 ὁ
3361 2745 3456 2798 ἆν-

213 2826 457 2892 Ερωπος·
487 2826 539 2877 in
567 2827 683 2878 cod.
726 2835 907 2878 autem
941 2825 1192 2878 Ambros.
1223 2823 1439 2878 Mediol.
1475 2834 1692 2877 notante
1717 2824 1852 2876 Allal

1819 2822 1936 2888 ilio,
1977 2839 2098 2891 pag.
2142 2825 2228 2888 79,
2286 2825 2498 2876 initium
2552 2835 2668 2877 est:
2699 2826 2905 2887 Σκοπὸς
2948 2827 3066 2880 ἐστι
3097 2829 3175 2897 τῷ
3227 2831 3458 2899 συντάγ-

221 2929 354 2979 ματι
384 2911 593 2976 διδάξαι
623 2912 680 2962 τὸ
709 2908 846 2973 εἶδος
877 2912 983 2962 τῶν
1014 2911 1413 2979 συλλογισμῶν,
1448 2925 1603 2978 quem
1642 2925 1767 2963 vero
1814 2910 1860 2961 al

1820 2910 1901 2963 alii
1941 2910 2181 2962 tribuunt
2214 2908 2330 2962 Nilo
2376 2907 2697 2965 Thessalon.
2732 2909 2796 2964 V.
2834 2927 2993 2980 supra
3034 2913 3136 2982 θη
3182 2916 3249 2969 de
3306 2919 3459 2971 codi-

213 2997 372 3050 cibus
403 3000 454 3049 in
486 2998 647 3049 catal.
679 2997 831 3054 codd.
854 2997 1074 3065 Anglia.
1109 3006 1215 3051 etc.
1240 2998 1365 3064 ll,p.
1387 2997 1454 3051 60
1475 3013 1526 3050 ιι.
1548 2995 1706 3061 2:238,
1735 2999 1873 3049 unde
1895 2997 2132 3050 citantur
2202 2999 2342 3050 inter
2373 2998 2523 3053 codd.
2555 2999 2800 3052 Vossian.
2834 2998 3142 3068 Syllogismi
3171 3001 3456 3060 Cabasila'.

290 3085 374 3135 Ab
397 3084 596 3135 Allatin
627 3083 798 3136 adhuc
831 3097 1237 3137 memorantur:

290 3167 418 3222 Nic.
444 3167 716 3222 Cabasilw
757 3168 947 3220 Κανὼν
979 3168 1228 3236 ἰαμϐικὸς
1268 3171 1406 3237 μετὰ
1434 3170 1660 3239 σκολίων
1683 3173 1748 3239 τῇ
1782 3173 1929 3242 ἑορτῇ

842 3168 947 3220 νὼν
979 3168 1228 3236 ἰαμϐικὸς
1268 3171 1406 3237 μετὰ
1434 3170 1660 3239 σκολίων
1683 3173 1748 3239 τῇ
1782 3173 1940 3242 ἑορτῇ
1982 3177 2092 3225 τῶν
2123 3174 2478 3242 Θεοφανείων.

290 3256 486 3322 Eiusd.
519 3257 656 3309 alius
684 3273 847 3309 canon
876 3258 1129 3309 iambicus
1165 3271 1284 3308 cum
1325 3257 1536 3310 scholiis
1571 3258 1624 3309 in
1650 3257 1810 3325 festos
1844 3261 1976 3314 dies.

296 3346 486 3414 Ejusd.
513 3345 770 3414 ἐξήγησις
812 3347 864 3396 in
899 3345 1091 3396 librum
1136 3346 1349 3397 tertium
1388 3361 1589 3413 magnw
1618 3348 1935 3399 constructio

1820 3347 2022 3399 tctionis
2054 3347 2343 3400 Ptolemwi.
2386 3346 2496 3400 lnc.
2545 3349 2616 3398 Ev
2671 3347 2726 3399 δὲ
2771 3350 2944 3418 τούτῳ
2985 3350 3063 3419 τῷ
3122 3349 3459 3424 συντάγματι

215 3433 418 3491 σκοπός
447 3433 617 3483 ἐστιν·
670 3431 809 3484 Edit.
845 3447 946 3484 una
985 3447 1104 3484 cum
1150 3447 1341 3500 magna
1376 3431 1596 3502 Syulaxi
1642 3433 1912 3488 Ptolemaei
1939 3450 1999 3484 at:
2026 3434 2263 3485 Theonis
2314 3434 2467 3486 Alex.
2504 3432 2781 3488 Graecisin
2810 3433 3154 3490 Ptolemmtttn
3186 3454 3461 3493 commen-

217 3529 321 3570 tar.
377 3518 541 3572 Basil.
573 3517 712 3571 1558
743 3518 835 3570 fol.
869 3534 920 3586 p.
960 3517 1054 3570 151
1093 3532 1177 3585 sq.
1214 3517 1277 3572 V.
1311 3532 1468 3586 supra
1496 3519 1562 3573 ad
1608 3520 1711 3573 vol.
1751 3521 1810 3580 V,
1839 3518 2025 3585 p.284,
2077 3517 2183 3569 vol.
2215 3517 2297 3587 Ν,
2335 3533 2386 3584 p.
2423 3519 2562 3579 ‘215;
2595 3527 2646 3570 et
2683 3519 2785 3570 vol.
2823 3516 2913 3579 IX,
2953 3534 3003 3586 p.
3054 3521 3151 3573 176
3173 3537 3255 3590 sq.
3294 3525 3462 3576 adito:

220 3612 351 3655 t..ta.
389 3603 568 3657 Oxon.
597 3603 650 3657 in
683 3604 815 3656 Bibl.
850 3603 1026 3656 Bodlei
1071 3605 1211 3656 inter
1238 3604 1395 3658 codd.
1443 3604 1608 3658 Henr.
1642 3605 1848 3667 Savilii,
1902 3623 1954 3658 ιι.
1987 3603 2128 3656 6572
2150 3619 2269 3672 sqq.
2321 3614 2494 3657 exstat
2529 3602 2569 3655 ll
2628 3603 2813 3657 Savilii
2851 3609 3017 3658 versio
3073 3605 3268 3661 Latina
3291 3611 3461 3676 partis

215 3689 539 3758 Almagesti,
578 3698 630 3740 et
659 3689 1183 3742 Commentariorum
1215 3688 1453 3744 Theonis
1483 3699 1537 3744 et
1581 3691 1860 3754 Cabasilte.
1895 3691 1992 3744 tol.
2022 3689 2111 3743 Ill.
2631 3743 2636 3748 .

292 3774 347 3826 lu
381 3779 505 3831 cod.
537 3776 707 3829 Paris.
735 3775 867 3827 Bibl.
904 3776 1048 3842 puhl.
1086 3776 1333 3850 1575,’n.
1365 3776 1419 3837 6,
1453 3778 1638 3831 incdit.
1683 3777 1882 3845 Opusc.

1824 3793 1882 3832 te.
1955 3777 2028 3830 De
2079 3780 2275 3831 anima.
2314 3779 2477 3845 Incip.
2521 3778 2715 3840 Δισσὸς
2742 3778 2959 3846 λέγεται
2989 3781 3190 3852 ἡψυχὴ
3216 3823 3229 3843 ,
3263 3793 3316 3836 et
3354 3784 3463 3836 fra-

218 3874 499 3931 gtncntum
537 3862 680 3915 illitis
722 3864 773 3912 in
801 3864 918 3916 co'l.
965 3861 1120 3923 1589,
1153 3878 1207 3917 u.
1241 3863 1292 3915 5.
1320 3891 1387 3901 -
1419 3861 1476 3916 In
1508 3865 1628 3918 cod.
1655 3864 1853 3926 1591,ι

1839 3879 1892 3916 tt.
1933 3865 2022 3926 i5,
2087 3865 2158 3916 De
2184 3881 2338 3917 sacra
2368 3865 2528 3926 stola.
2569 3865 2636 3917 de
2669 3880 2771 3932 qua
2829 3866 2942 3934 jam
2977 3883 3136 3937 supra
3176 3870 3240 3922 ad
3273 3885 3411 3937 Opus
3446 3890 3463 3925 :

222 3949 506 4017 Interpret.
549 3946 826 4016 Liturgia’,
865 3949 953 4002 lin.
985 3950 1224 4018 quaedam
1259 3949 1537 4002 adnotavi:
1573 3959 1624 4003 et
1650 3951 1823 4004 Caveo
1849 3949 2054 4002 videtur
2083 3964 2200 4003 esse
2227 3951 2502 4018 Appendix
2553 3953 2796 4017 quaedam
2835 3953 2901 4004 ad
2948 3967 3083 4021 Opus
3131 3954 3462 4021 liturgit‘tttn.

215 4037 297 4088 Ah
322 4038 512 4088 eodem
543 4033 719 4088 Caret)
745 4036 984 4088 citantur
1013 4049 1044 4087 e
1076 4036 1229 4086 codd.
1270 4033 1563 4102 Responsio
1586 4038 1649 4088 ad
1709 4039 2205 4107 interrogationem,
2242 4039 2372 4102 Quis
2401 4039 2467 4090 sit
2497 4038 2619 4104 finis
2682 4039 3072 4093 incarnationis
3124 4040 3466 4097 Dominicw.’

215 4149 286 4160 ~—
311 4119 590 4189 Expositio
618 4121 902 4174 verborum
944 4119 1189 4186 Gregorii
1224 4120 1588 4175 Nazianzeni:
1625 4123 1688 4175 Ὦ
1718 4124 1817 4192 τῆς

1858 4125 2048 4192 καινῆς
2111 4123 2408 4192 μίξεως,ὣ
2468 4124 2566 4190 τῆς
2622 4124 2930 4192 παραδόξου
2991 4127 3281 4196 κράσεως.
3320 4129 3465 4197 (quae

218 4205 487 4258 habentur
539 4206 591 4258 iu
626 4208 869 4259 oratione
898 4205 988 4264 '58.
1022 4215 1150 4258 tum.
1199 4203 1241 4267 l,
1279 4221 1403 4274 opp.
1437 4208 1531 4261 Gr.
1558 4207 1679 4262 Lat.
1728 4211 1856 4264 edit.
1894 4212 2063 4264 Paris.
2099 4226 2150 4279 p.
2184 4210 2334 4280 620.)
2381 4208 2854 4278 Interpretatioues
2911 4213 2968 4266 in
3017 4226 3136 4268 acta
3179 4214 3461 4270 concilior.

199 4285 268 4345 ﬁt
293 4290 389 4345 SS.
417 4291 638 4344 Patrum
670 4306 925 4354 canones,
958 4305 1062 4344 etc.
1103 4289 1206 4345 Sed
1237 4291 1348 4347 ltznc
1381 4295 1682 4350 suﬂiciautt
1724 4326 1791 4336 —
1816 4297 2041 4352 Allatius
2071 4296 2124 4350 in
2160 4298 2265 4351 line
2296 4296 2493 4365 adjecit
2542 4297 2758 4351 tertium
2792 4296 3122 4354 Demetrium
3153 4298 3464 4356 Cabasilam

216 4375 401 4440 itidem
438 4377 1011 4432 Thessalonicensem.

570 5795 840 5853 l‘nnou.
883 5798 995 5852 (in.
1046 5789 1168 5854 CL.
3035 5803 3115 5869 12
