4150 6312
772 314 876 377 3G3
1960 322 2330 380 NiCUl..ii.'S
2371 324 2791 384 (γλυκυμις.
3903 334 4014 395 36!

799 471 1261 481 ν-μ--Ηνῌη,
1486 470 2461 482 οᾙ-νῄα--οιν--μο-ιυΑ

800 486 1153 497 --.υ-..-γ---.η
1233 488 1271 495 --.
1298 485 2235 499 ,ιηνΑ-*ιν--α-,ημ--ι--ι-...ι-

1455 655 2227 808 NICOLAI
2325 657 3288 811 CABASlL/E

1196 940 1375 1050 DE
1462 942 1965 1057 DlVlNO
2031 944 2628 1062 ALTARIS
2709 943 3551 1061 SACRlFlClO.

1828 1170 2091 1230 (Gentiano
2122 1170 2337 1217 Herreto
2370 1169 2571 1218 Aurelio
2604 1170 2917 1232 interprete.)

2501 476 2745 485 -α

3700 486 3971 498 ...μ-...α

1550 1480 1696 1564 AD
1774 1480 2406 1566 LECTOREM
2483 1444 3209 1571 ADMONITIO.

837 1838 915 1898 Ex
956 1838 1203 1905 plurimis
1249 1839 1312 1890 de
1355 1838 1614 1905 religione
1663 1848 1842 1891 nostra
1897 1837 2302 1899 controversiis,
2341 1850 2457 1900 quae
2506 1849 2531 1883 a
2581 1837 2955 1889 racodmmone
3031 1838 3242 1905 capitali
3296 1839 3512 1891 humani
3572 1841 3785 1906 generis
3836 1841 3995 1892 lto-lc

770 1927 974 1976 nostris
1024 1923 1359 1988 temporibus
1387 1925 1634 1977 excitatae
1666 1931 1813 1983 sunt,
1853 1922 1993 1974 nulla
2042 1921 2232 1988 major,
2282 1924 2423 1973 nulla
2450 1922 2776 1977 Christianae
2812 1926 3112 1990 reipublicze
3144 1926 3495 1993 perniciosior
3526 1942 3647 1979 csse
3680 1927 3895 1985 videtur
3929 1948 3989 1979 ea

768 2026 885 2076 quae
917 2012 968 2063 itt
1002 2011 1066 2063 iis
1096 2025 1216 2078 quae
1248 2010 1313 2062 ad
1346 2010 1679 2063 sanctissimi
1718 2010 1923 2062 Domini
1956 2008 2126 2061 nostri
2160 2010 2401 2074 corporis
2428 2019 2478 2059 et
2508 2007 2778 2073 sanguinis
2823 2010 3131 2077 mysterium
3183 2012 3469 2077 pertinent,
3524 2027 3552 2064 a
3611 2014 3989 2079 receptissima

765 2096 1003 2149 omnium
1042 2097 1273 2149 ﬁdelium
1308 2096 1658 2162 persuasione
1682 2095 1855 2148 aliena
1894 2094 2120 2146 invehit.
2145 2093 2275 2145 Cuut
2308 2095 2448 2147 enim
2476 2096 2742 2162 pra:cipua
2770 2104 2926 2163 atque
2956 2096 3087 2149 adeo
3120 2107 3227 2149 tota
3259 2098 3445 2151 salutis
3477 2111 3671 2149 nostrm
3694 2114 3839 2162 spes,
3867 2116 3991 2164 tum:

763 2194 821 2236 ut
852 2193 933 2236 est
962 2182 1290 2243 certissima,
1325 2181 1398 2233 ita
1436 2182 1702 2233 neminem
1736 2180 2039 2239 confundit,
2064 2194 2127 2231 ex
2158 2180 2259 2231 hoc
2295 2179 2543 2247 pendeat,
2576 2178 2620 2231 si
2650 2190 2698 2232 et
2731 2181 2933 2233 Cbristi
2966 2182 3204 2247 corpori,
3238 2192 3490 2253 tanquam
3524 2184 3761 2237 membra
3792 2186 3986 2253 capiti,

762 2269 1015 2321 uniantur
1044 2279 1094 2319 et
1154 2270 1484 2319 uberrimum
1543 2268 1629 2335 qtti
1665 2282 1728 2319 ex
1765 2267 1879 2333 ejus
1924 2268 2174 2331 passione
2217 2266 2525 2333 percipitur,
2561 2264 2791 2318 fructum
2830 2263 3324 2335 decerpamusfqui
3366 2268 3607 2321 alterutri
3638 2270 3843 2335 aliquid
3893 2272 3991 2325 de-

761 2357 944 2419 trahit,
979 2363 1070 2407 aut
1094 2356 1157 2407 de
1184 2369 1247 2407 eo
1280 2356 1418 2407 male
1452 2354 1635 2415 sentit,
1672 2365 1721 2405 ut
1759 2369 1966 2407 summo
2018 2352 2228 2404 crimini
2271 2361 2354 2403 est
2412 2351 2580 2403 ailinis
2605 2390 2620 2413 ,
2672 2351 2741 2404 ita
2791 2352 2955 2403 etiam
2991 2352 3155 2405 exitio
3193 2354 3260 2405 sit
3296 2356 3597 2421 proxitnus,
3631 2356 3728 2407 nisi
3777 2358 3985 2424 resipi—

758 2452 893 2505 scat,
944 2454 1166 2493 necesse
1195 2451 1297 2493 est.
1334 2442 1508 2508 Atque
1546 2454 1731 2493 comm
1765 2439 1981 2505 quidem
2020 2440 2109 2506 qui
2146 2440 2417 2491 ltOtllcrttiS
2470 2437 2797 2504 temporibus
2844 2453 2871 2489 a
2926 2449 3183 2505 perpetuo
3225 2452 3279 2493 et
3333 2442 3491 2495 ιιιιιιο
3541 2440 3793 2495 Ecclesiae
3844 2459 3982 2498 con-

756 2544 915 2581 sonsu
963 2542 1021 2580 se
1065 2528 1439 2593 sejunxerunt,
1490 2529 1553 2579 de
1590 2526 1691 2579 hac
1732 2541 1794 2579 re
1817 2527 2099 2578 sententiae
2131 2527 2181 2577 in
2233 2525 2363 2579 duas
2407 2542 2464 2579 se
2517 2537 2693 2593 partes
2771 2527 3090 2580 diviserunt.
3140 2526 3611 2597 OEcolautpadiani
3652 2531 3823 2594 enim,
3888 2548 3985 2585 seu

756 2613 1084 2684 Z'uingliani,
1114 2623 1226 2678 aut,
1253 2622 1313 2667 ut
1337 2616 1493 2682 vulgo
1518 2628 1611 2682 per
1658 2612 1989 2678 antiphrasin
2016 2614 2287 2675 dicuntur,
2315 2612 2757 2675 Sacramentarii,
2780 2615 2920 2681 quod
2955 2625 3411 2669 sacramentorum
3434 2600 3680 2684 dignitati
3709 2628 3983 2685 quantum

760 2713 979 2768 possunt
1014 2702 1322 2764 detrahunt,
1362 2701 1522 2769 idque
1567 2701 1667 2752 sibi
1705 2700 1848 2752 laudi
1900 2715 2022 2753 esse
2056 2700 2275 2764 durunt,
2320 2700 2378 2761 ii,
2425 2704 2664 2768 inquam,
2696 2701 3162 2769 (ilicolantpadiani
3200 2714 3435 2757 veterem
3473 2704 3778 2771 Bereogarii
3823 2721 3983 2757 erro-

758 2806 869 2844 rem
906 2800 1246 2852 revocantes,
1273 2789 1324 2841 itt
1352 2789 1706 2842 Eucharistiae
1742 2799 2085 2840 sacramento
2114 2784 2230 2841 esse
2262 2797 2467 2839 tantum
2502 2793 2744 2856 corporis
2780 2799 2833 2841 et
2860 2788 3138 2855 sanguinis
3170 2791 3401 2854 signum,
3438 2806 3540 2843 non
3575 2802 3750 2844 autem
3785 2808 3981 2843 verum

754 2892 953 2946 corpus
982 2886 1037 2929 et
1067 2876 1379 2945 sanguinem
1413 2882 1662 2929 asserunt
1702 2888 1715 2924 :
1763 2874 1909 2942 quod
1947 2884 2122 2928 autem
2157 2873 2245 2925 ﬁat
2278 2874 2440 2927 ullum
2476 2876 2524 2926 itt
2565 2875 2721 2930 altari
2763 2875 3109 2937 sacriﬁcium,
3149 2875 3297 2927 nullo
3338 2892 3423 2926 nio
3450 2882 3493 2928 'o
3525 2878 3832 2928 admittunt.
3875 2876 3985 2929 [ιιι-

759 2964 969 3018 tlterani
1005 2975 1210 3028 autem,
1246 2981 1369 3018 cum
1404 2966 1456 3017 in
1493 2964 1598 3016 ltoc
1631 2976 1752 3013 cum
1789 2960 2103 3013 orthodoxis
2133 2960 2389 3023 sentiant,
2426 2962 2563 3029 quod
2598 2961 2648 3014 in
2682 2963 2785 3015 hoc
2817 2973 3154 3016 sacramento
3197 2964 3266 3016 sit
3314 2978 3502 3015 verum
3550 2979 3743 3030 corpus
3773 2973 3825 3015 cl
3856 2981 3985 3017 san-

754 3056 871 3124 guis
910 3052 1133 3115 Christi,
1180 3061 1233 3105 et
1276 3055 1417 3118 quod
1466 3051 1517 3102 in
1566 3048 1723 3101 altari
1777 3057 2063 3114 peragatur
2094 3047 2440 3109 sacriﬁcium,
2473 3047 2522 3099 in
2554 3064 2619 3100 eo
2650 3063 2835 3101 rursus
2866 3056 2997 3111 toto,
3039 3057 3095 3101 ut
3121 3050 3289 3113 aiunt,
3331 3050 3466 3102 ccelo
3498 3051 3772 3114 aberrant,
3810 3055 3963 3118 quod

756 3158 949 3210 partem
987 3152 1042 3194 et
1076 3142 1254 3194 vinum
1288 3141 1446 3194 simul
1488 3156 1607 3191 cum
1642 3137 1842 3191 Christi
1876 3150 2103 3201 corpore
2143 3146 2395 3187 remaner

2339 3146 2423 3185 ere
2455 3133 2798 3199 existimant;
2837 3147 2956 3186 cum
2992 3144 3241 3197 constet,
3280 3146 3409 3202 post
3464 3145 3941 3188 (TUIISt‘t'I'aUtHHHH
3968 3190 3978 3199 ,

754 3242 872 3295 quae
905 3242 1093 3294 panem
1128 3235 1179 3279 ct
1214 3226 1395 3279 vinum
1431 3226 1483 3276 in
1512 3214 1709 3289 corpus
1745 3233 1800 3276 et
1852 3222 2164 3289 sanguinem
2204 3219 2487 3277 convertit,
2536 3217 2895 3285 symbolormn
2926 3234 3018 3272 seu
3051 3220 3328 3287 signarunt
3356 3221 3500 3274 solas
3535 3236 3816 3276 remanere
3849 3240 3981 3292 spe-

754 3314 887 3375 cies,
922 3327 1184 3365 conversa
1216 3311 1331 3379 jam
1363 3323 1415 3364 et
1447 3321 1647 3364 mutata
1682 3325 1868 3363 eorum
1899 3308 2220 3362 substantia.
2257 3305 2454 3359 Deinde
2490 3307 2631 3372 quod
2670 3306 2841 3358 soltntt
2876 3304 3048 3357 laudis
3076 3317 3129 3359 et
3158 3307 3449 3371 gratiarum
3485 3308 3711 3359 actionis
3757 3313 3979 3363 sacriﬁ-

754 3401 897 3451 cium
936 3412 1055 3451 esse
1089 3406 1306 3464 putant,
1340 3412 1461 3448 eum
1496 3395 1928 3459 pratter‘laudem
1964 3402 2013 3446 et
2054 3393 2349 3459 gratiarum
2386 3394 2674 3452 actionem,
2709 3392 2780 3445 sit
2812 3395 2970 3443 etiam
3010 3408 3190 3447 verum
3220 3404 3273 3449 et
3309 3394 3671 3459 expiatorium
3706 3411 3803 3462 pro
3838 3413 3979 3465 pee-

756 3490 894 3541 catis
928 3484 1278 3539 sacriﬁcium.
1309 3486 1527 3537 Accedit
1556 3485 1643 3546 iis,
1674 3484 1813 3549 quod
1850 3497 1948 3533 nec
1983 3488 2291 3532 sanctorum
2328 3479 2380 3528 in
2410 3492 2474 3528 eo
2510 3479 2822 3530 memoriam
2845 3478 2977 3541 ﬁeri,
3009 3494 3105 3530 nec
3144 3494 3238 3543 pro
3255 3480 3517 3531 defunctis
3546 3486 3709 3543 orari,
3744 3498 3842 3533 In‘c
3878 3500 3977 3551 pro

682 3600 685 3601 ν
756 3572 867 3625 ullo
901 3571 1120 3623 homine
1168 3571 1423 3639 privatim
1450 3583 1643 3636 preces
1672 3569 1724 3620 in
1754 3582 1821 3621 eo
1854 3566 2001 3619 fundi
2034 3565 2194 3618 velint
2228 3582 2241 3617 :
2272 3572 2322 3615 et
2370 3564 2489 3615 idco
2534 3565 2930 3618 sanctissimum
3001 3565 3177 3618 Missa:
3240 3577 3523 3631 canonem,
3562 3576 3816 3634 tanquam
3856 3587 3973 3623 rem

754 3656 969 3724 impiam
1002 3666 1055 3710 et
1092 3656 1485 3709 exsecrandam
1517 3654 1887 3712 detestantur,
1919 3650 2060 3717 quod
2089 3648 2347 3705 oﬁ'eremli
2396 3652 2654 3705 vocabulo
2683 3661 2885 3716 utatur,
2917 3663 3227 3706 sanctorum
3275 3655 3325 3705 in
3362 3669 3427 3705 eo
3460 3658 3714 3709 memoria
3752 3668 3971 3723 agatur,
4020 3672 4027 3675 ‘

754 3759 851 3811 pro
884 3743 1154 3799 defunctis
1194 3753 1249 3795 et
1282 3740 1572 3808 separatim
1611 3753 1707 3804 pro
1739 3736 1876 3789 vivis
1910 3736 2199 3801 aliquibus,
2233 3745 2286 3787 et
2318 3736 2386 3788 iis
2422 3738 2654 3788 maxime
2693 3752 2787 3804 pro
2819 3740 3012 3804 quibus
3040 3741 3184 3792 orati
3214 3738 3362 3805 jubet
3396 3740 3611 3801 Paulus,
3644 3757 3851 3795 oteutr.
3890 3746 3971 3795 Ai:

753 3846 939 3883 eorum
974 3840 1151 3881 autem
1181 3826 1537 3881 confutandos
1574 3838 1787 3877 errores
1848 3822 1939 3875 alii
1971 3822 2075 3875 alia
2105 3860 2119 3885 ,
2156 3830 2209 3874 ιιι
2244 3823 2530 3889 unicuique
2576 3839 2760 3876 eorum
2795 3827 2963 3893 magis
2993 3825 3247 3892 expedire
3274 3829 3444 3878 visam
3478 3838 3576 3887 cst,
3605 3828 3685 3879 via
3736 3829 3969 3896 ittgteSsi

753 3926 877 3970 sunt
909 3930 922 3965 :
960 3914 1047 3966 alii
1084 3914 1226 3965 enim
1263 3911 1542 3979 productis
1574 3925 1740 3963 sacra:
1775 3908 2069 3975 Scriptura:
2113 3908 2454 3971 testimoniis,
2486 3910 2570 3961 alii
2602 3909 2903 3963 efﬁcacibus
2948 3914 3279 3977 argumentis
3311 3912 3602 3980 solidisque
3642 3915 3967 3978 rationibus,

754 4005 842 4055 alii
877 3999 1383 4068 antiquissimorum
1421 4013 1635 4065 quoque
1668 4005 1723 4050 et
1759 3996 2263 4064 probatissimorum
2296 3997 2574 4049 doctorum
2604 3999 3016 4050 auctoritatibus
3048 4002 3301 4051 adversus
3334 4014 3427 4050 eos
3449 4001 3815 4052 dC(Ct'I.lll'llttl.
3856 4004 3968 4052 bin.

753 4092 896 4142 xima
941 4096 1087 4140 certe
1118 4085 1277 4139 laude
1302 4101 1491 4139 omnes
1520 4085 1664 4150 digni
1706 4092 1851 4147 sunt,
1884 4082 1971 4148 qui
2007 4084 2206 4136 nostris
2234 4083 2560 4134 adversariis
2591 4083 2796 4150 (quidni
2841 4087 2982 4136 enim
3032 4084 3366 4137 adversarios
3402 4101 3607 4148 vocent,
3644 4089 3731 4151 qui
3775 4088 3968 4152 rttjus-

755 4176 1121 4238 modicunque
1173 4172 1283 4225 sint
1309 4186 1494 4224 eorum
1528 4171 1965 4239 protestationt-s,
2004 4184 2099 4221 sua
2130 4179 2277 4221 certe
2309 4168 2494 4222 relicta
2526 4171 2755 4221 statione
2795 4172 3070 4224 nobiscum
3105 4172 3332 4238 amplius
3365 4188 3468 4223 non
3506 4177 3709 4238 stant?)
3743 4189 3829 4240 qui
3868 4192 3967 4226 nm

750 4264 897 4321 stris,
926 4264 1164 4328 inquam,
1195 4259 1517 4311 adversariis
1549 4258 1924 4319 ostenderunt,
1958 4271 2014 4309 se
2045 4271 2147 4308 non
2180 4255 2333 4307 modo
2364 4258 2442 4309 eis
2484 4257 2585 4308 ulla
2618 4273 2679 4310 ex
2713 4271 2861 4324 parte
2890 4260 3102 4319 (cdere,
3140 4262 3231 4311 sed
3266 4261 3486 4313 veritate
3515 4271 3561 4310 (ιι
3606 4263 3809 4312 misum.
3839 4278 3964 4311 (κη.

751 4352 827 4401 eis
862 4350 1024 4401 etiam
1061 4348 1216 4414 longe
1248 4344 1579 4411 superiores.
1611 4342 1738 4395 Mihi
1769 4343 1832 4394 ad
1862 4357 2046 4394 eorum
2082 4341 2472 4407 reprimendum
2515 4354 2565 4395 ct
2608 4344 2949 4413 frangendum
2982 4344 3287 4408 audaciam,
3316 4360 3688 4412 summamque
3720 4349 3963 4413 pervica-

751 4438 888 4487 ciam
920 4434 1137 4501 penitus
1169 4431 1572 4491 inﬁrtnandant,
1608 4440 1663 4484 et
1695 4434 1759 4481 ad
1792 4430 2045 4498 p0pulum
2076 4431 2128 4481 itt
2168 4428 2269 4481 ﬁde
2299 4440 2352 4481 et
2379 4428 2557 4481 ofﬁcio
2589 4432 2997 4493 continendum,
3047 4430 3179 4481 nihil
3231 4431 3420 4482 melius
3468 4440 3522 4481 et
3569 4433 3793 4483 validius
3838 4452 3961 4485 (μευ

756 4524 993 4583 videtur,
1028 4535 1186 4586 quam
1227 4520 1268 4570 si
1301 4519 1512 4570 unicum
1554 4526 1605 4569 et
1638 4524 1957 4585 pctpetuum
1995 4516 2231 4568 omnium
2267 4517 2527 4583 gentium,
2563 4532 2677 4584 qua:
2717 4518 2932 4569 Christo
2964 4517 3157 4569 nomen
3191 4517 3483 4579 dederunt,
3519 4516 3615 4567 hac
3646 4518 3695 4566 iu
3734 4533 3799 4569 ru
3827 4536 3959 4569 ron-

753 4623 973 4661 scnsmn
1011 4607 1289 4657 nobiscum
1327 4603 1508 4656 facere
1542 4604 1880 4655 ostendatur.
1910 4600 2165 4663 Quamvis
2196 4602 2337 4653 enim
2364 4603 2426 4654 ad
2461 4603 2787 4668 probandum
2821 4604 2944 4670 quid
2981 4596 3031 4654 in
3078 4602 3141 4654 iis
3192 4617 3308 4669 qua:
3349 4603 3413 4654 de
3448 4601 3548 4653 ﬁde
3597 4611 3648 4653 et
3697 4604 3959 4669 religione

750 4694 1067 4745 exoriuntur
1107 4689 1517 4748 controversiis,
1558 4686 1887 4753 sequendum
1930 4687 2021 4748 sit,
2046 4686 2166 4751 jure
2195 4688 2386 4742 debeat
2425 4692 2662 4743 suﬁicerc
2692 4704 2892 4743 sancta:
2930 4692 3182 4743 Romanae
3214 4690 3465 4742 Ecclesia:
3492 4693 3801 4753 auctoritas,
3834 4708 3958 4759 qme

754 4782 893 4846 quod
924 4795 950 4830 a
980 4778 1104 4829 divo
1150 4774 1308 4826 Petro
1345 4776 1712 4841 apostolorum
1750 4774 1993 4840 principe
2027 4772 2334 4841 Christique
2366 4779 2569 4829 rit-ario
2603 4787 2685 4829 cst
2738 4780 3011 4837 traditum,
3050 4788 3299 4844 perpetua
3351 4785 3427 4829 tot
3469 4776 3773 4843 pontiﬁcum
3816 4780 3959 4831 serie

752 4882 858 4918 uno
890 4875 941 4923 et
981 4865 1165 4916 eodem
1200 4872 1383 4912 tenore
1415 4874 1629 4924 semper
1664 4860 1918 4922 servavit,
1943 4868 1997 4912 et
2026 4874 2052 4910 a
2086 4873 2211 4926 qua,
2245 4869 2495 4929 tanquam
2540 4880 2564 4914 :t
2598 4866 2939 4918 saneti5~itno
2966 4875 3132 4917 totrus
3162 4865 3309 4916 orbis
3336 4864 3575 4927 oraculo,
3608 4866 3673 4917 de
3707 4865 3864 4917 rebus
3889 4869 3953 4915 ad

752 4954 906 5005 ﬁdem
954 4948 1347 5017 pertinentibus
1378 4947 1418 4998 si
1449 4947 1553 4997 ulla
1590 4958 1776 4997 exorta
1820 4954 1962 4999 esset
1997 4945 2280 5009 dubitatio,
2310 4966 2561 5018 reSponsa
2611 4951 2660 5000 in
2713 4949 3026 5001 hodiernum
3062 4964 3227 5015 usque
3254 4950 3391 5000 diem
3423 4951 3540 5001 data
3583 4960 3740 5010 sunt;
3774 4962 3954 5003 tamen

744 5043 999 5109 quoniam
1038 5041 1227 5094 harum
1260 5050 1531 5090 sectarum
1566 5046 1837 5098 auctores,
1876 5051 1968 5089 sua
2009 5047 2117 5088 tum
2148 5039 2359 5090 demum
2391 5040 2604 5088 decreta
2648 5036 2801 5093 ﬁrma
2845 5046 2898 5088 et
2943 5035 3151 5086 stabilia
3195 5038 3307 5087 tore
3337 5035 3730 5095 existimantes,
3773 5036 3816 5087 si
3866 5052 3956 5103 pe-

748 5145 883 5184 tram
914 5144 1012 5183 suo
1044 5130 1159 5181 loco
1194 5128 1507 5187 movissent,
1538 5140 1653 5177 eam
1692 5125 1889 5177 frustra
1920 5127 2156 5193 quidem,
2194 5132 2285 5176 sed
2320 5139 2511 5187 magno
2546 5131 2721 5173 tamen
2754 5130 2946 5172 conatu
2986 5120 3310 5172 labefactare
3340 5122 3515 5171 conati
3542 5131 3686 5179 sunt,
3732 5133 3952 5173 externa

744 5219 1165 5271 etiam-evocare
1197 5214 1393 5265 auxilia
1440 5228 1545 5264 non
1580 5210 1746 5263 fuerit
1792 5212 2047 5272 alienum,
2098 5218 2197 5262 non
2234 5212 2372 5277 quod
2419 5227 2519 5261 non
2565 5210 2696 5265 satis
2743 5222 2838 5275 per
2886 5222 2940 5257 se
2989 5207 3157 5272 possit
3188 5215 3333 5274 petra
3377 5221 3535 5273 super
3581 5215 3806 5273 petram,
3852 5208 3954 5261 hoc

743 5315 846 5367 est,
895 5315 1058 5368 supra
1099 5299 1368 5352 Christum
1408 5292 1653 5357 fundata,
1681 5297 1919 5348 omnium
1953 5296 2327 5347 luerent-orum
2370 5298 2798 5363 quantismtnque
2828 5292 3014 5357 copiis,
3049 5292 3181 5343 dure
3206 5291 3444 5351 Christo,
3480 5292 3565 5357 qui
3600 5305 3720 5343 eam
3752 5291 3946 5347 funda-

743 5398 842 5452 VIt,
874 5388 1161 5447 resistere;
1199 5384 1288 5435 sed
1332 5392 1388 5435 ut
1418 5397 1537 5435 cum
1576 5382 1825 5433 universo
1873 5385 2072 5433 mundo
2112 5384 2327 5450 planum
2364 5383 2561 5434 [artum
2601 5382 2788 5442 luet-it,
2825 5394 3011 5429 (llllllt‘S
3056 5379 3145 5443 qui
3189 5376 3385 5429 ChriSti
3420 5377 3576 5429 ﬁdem
3620 5378 3814 5444 ubique
3847 5388 3952 5432 ter-

745 5489 929 5526 rarum
961 5480 1338 5537 susceperunt,
1370 5478 1514 5521 recte
1544 5467 1817 5521 nobiscum
1850 5469 2085 5529 sentire;
2114 5479 2161 5521 et
2197 5468 2430 5521 lmrctit‘i
2462 5482 2573 5521 stite
2598 5465 2859 5519 vecordia:
2894 5463 3541 5528 morbumagnoscentes,
3574 5464 3744 5516 donec
3772 5464 3951 5517 adhuc

738 5572 824 5615 εει
855 5556 1130 5612 medicina:
1164 5558 1333 5617 locus,
1380 5556 1446 5607 ad
1496 5558 1753 5619 optimum
1789 5552 2085 5615 medicum,
2137 5572 2233 5605 mm
2264 5570 2326 5621 pe
2350 5553 2648 5611 Christum,
2688 5556 3045 5610 revertantur;
3076 5557 3127 5599 et
3156 5548 3241 5612 qui
3275 5548 3446 5614 primo
3473 5548 3685 5615 quitlein
3731 5564 3949 5616 aspectu

738 5646 1124 5705 probabilibus,
1163 5642 1255 5696 sed
1292 5656 1394 5694 non
1426 5640 1601 5693 minus
1650 5637 1931 5688 venenatis
1966 5653 2121 5703 quam
2156 5641 2420 5703 lntt'iltus,
2452 5640 2492 5691 si
2528 5647 2669 5690 recte
2701 5636 3090 5704 ponderentur,
3125 5646 3311 5685 eorum
3357 5633 3686 5701 argumentis
3710 5632 3953 5697 adducti,
