4150 6312
623 332 723 393 367
1438 392 1443 395 _
1829 331 2052 391 NiCOL
2075 330 2145 387 Ai
2194 328 2579 388 CADASILE
3730 324 3847 388 363

628 448 775 497 tieret
810 441 1105 503 conversio,
1144 456 1244 493 non
1291 442 1439 494 fieret
1470 444 1753 495 conversio
1784 444 1940 509 panis
1971 451 2094 495 ante
2128 445 2539 497 conversionem
2577 444 2705 497 vini.
2740 442 2872 495 Nam
2923 450 3042 510 post
3080 441 3358 508 utriusque
3406 440 3844 495 benedictiom-in

622 542 673 582 et
703 531 1025 589 orationem,
1056 528 1269 580 tandem
1307 528 1435 581 dicit
1486 529 1776 579 sacerdos:
1814 528 2027 581 Mittam
2066 529 2266 594 Spiritu
2300 539 2389 583 tuo
2428 540 2650 594 sancto;
2696 540 2749 582 et
2784 540 2958 581 tamen
3014 530 3057 583 si
3102 544 3224 581 vera
3258 538 3380 581 sunt
3409 543 3526 595 qua:
3560 530 3707 588 dicit,
3748 548 3795 591 μγ
3823 544 3845 576 ι’

550 606 559 611 ’
621 618 923 668 orationem
963 615 1258 667 sacerdotis
1293 613 1440 665 fieret
1472 613 1698 665 mutatio
1730 623 1836 665 tam
1874 617 2026 680 panis
2058 631 2216 683 quam
2247 617 2353 668 vini
2386 619 2433 669 in
2467 632 2565 669 suo
2594 616 2803 669 ordine.
2842 615 2969 684 Ejus
3003 618 3184 682 itaque
3216 616 3483 682 espositio
3518 629 3614 667 nec
3648 630 3838 666 St‘t‘lllil

624 705 754 755 satis
788 711 1080 763 constaret,
1113 715 1286 768 neque
1316 699 1517 753 Christi
1553 701 1674 752 ritni
1706 710 1759 753 et
1806 701 1978 753 ordini
2017 704 2358 755 consecratio
2407 704 2740 763 Grrecorum,
2776 703 2820 756 si
2869 718 2927 757 ea
2965 714 3111 756 esset
3144 702 3431 768 eiusmodi,
3464 701 3840 769 resp0tttli‘ret.

621 791 711 855 qui
749 791 898 855 prius
932 804 1081 839 suum
1108 801 1303 855 corpus
1334 801 1456 839 vere
1482 787 1735 847 confecit,
1760 786 1953 840 deinde
1978 790 2315 853 sanguinein,
2342 806 2445 843 non
2471 802 2697 857 utraque
2725 790 2908 841 simul.
2937 789 3225 845 Dicendum
3251 799 3328 840 est
3360 804 3487 855 ergo
3517 786 3705 839 Latino
3743 804 3836 839 uin

621 888 673 926 ιιι
724 876 1029 927 Gt'ﬂ‘t‘ttl‘lllll
1079 887 1197 926 esse
1242 881 1496 931 mentem,
1558 883 1614 923 ut
1662 874 1850 925 eodem
1894 875 2173 926 veritatem
2226 890 2260 926 ci

2226 877 2653 928 consecrationis
2698 874 2953 940 referant,
2996 874 3196 941 alioqui
3248 890 3427 928 sermo
3473 874 3675 927 Christi
3721 892 3751 925 ιι
3782 894 3831 924 ιιι

620 973 757 1014 essm
794 962 995 1028 οιιὶιῖτκ,
1031 970 1083 1010 ιιι
1117 964 1184 1010 ait
1215 960 1657 1025 Chrysostomus,
1687 976 1845 1026 quem
1874 962 2088 1026 quidem
2125 962 2335 1013 adducit
2370 961 2618 1015 Cabasila
2666 971 2917 1029 tanquam
2951 977 3061 1014 suae
3088 961 3324 1027 opinioni
3354 960 3706 1019 contrarium,
3739 977 3791 1009 ιι·
3815 976 3845 1012 c

620 1053 735 1117 ejus
791 1061 967 1101 ι.ιιιιι·ιι
1026 1051 1329 1100 auctoritati
1370 1050 1420 1099 in
1460 1048 1711 1099 diluendo
1756 1050 1885 1101 satis
1920 1048 2066 1101 facit.
2107 1047 2235 1100 Nam
2278 1048 2416 1113 quod
2453 1048 2645 1099 attinet
2683 1050 2747 1099 ad
2797 1049 2899 1099 vitii
2936 1048 3224 1100 verborum
3257 1065 3269 1098 :
3306 1046 3531 1098 Crescite
3558 1054 3605 1097 et
3639 1048 3843 1096 multi-

618 1136 913 1199 plicmuini,
943 1135 1137 1203 quibus
1174 1135 1359 1187 utalia
1392 1134 1657 1186 addantur
1717 1135 2030 1199 requiritur,
2084 1149 2273 1197 nempe
2320 1132 2741 1193 matrimonium,
2776 1132 3090 1185 alimentum
3144 1140 3196 1184 et
3223 1140 3461 1201 caetera;
3499 1131 3547 1182 id
3584 1133 3636 1183 in
3674 1144 3844 1180 causa

620 1232 719 1282 est,
756 1223 897 1289 quod
929 1236 988 1273 ea
1017 1221 1080 1273 ad
1117 1220 1353 1273 futurum
1394 1218 1722 1277 referantur.
1751 1230 1803 1272 et
1830 1236 1946 1285 quin
1980 1220 2417 1289 requirebautur,
2449 1219 2798 1273 includerent.
2835 1216 2929 1271 llic
2958 1230 3162 1281 autem,
3192 1216 3436 1269 Christus
3464 1231 3642 1269 veram
3674 1226 3727 1266 et
3759 1208 3870 1265 ιιι--⁴

620 1308 733 1372 ipsa
766 1308 1147 1360 subsistentem
1196 1305 1277 1359 sui
1307 1304 1568 1373 {corporis
1619 1306 1961 1373 priesentiam
2013 1304 2356 1373 significavit,
2388 1309 2545 1367 ct,ita
2602 1319 2658 1359 ut
2694 1309 2807 1377 ipse
2835 1307 2981 1369 fecit,
3015 1307 3127 1360 ﬁeri
3167 1307 3351 1375 jussit,
3407 1317 3463 1357 ut
3512 1320 3688 1357 sermo
3721 1305 3847 1369 ejus

618 1392 965 1445 essetellicax
1000 1401 1053 1445 et
1072 1406 1304 1459 operans
1321 1406 1385 1445 eo
1409 1389 1811 1459 ipsornomento
1843 1392 2183 1459 quodicitur,
2212 1407 2317 1444 non
2350 1395 2563 1461 quando
2591 1392 2701 1461 jam
2742 1394 2980 1457 transiit,
3015 1404 3072 1446 ut
3104 1392 3313 1445 videtur
3339 1392 3541 1445 sentire
3566 1390 3843 1442 Cabasda.

621 1477 727 1531 Nec
755 1480 934 1531 obsmt
964 1477 1106 1545 quod
1136 1479 1187 1530 in
1220 1480 1379 1530 missa
1411 1479 1786 1546 Clirysostomi
1835 1488 1887 1530 et
1928 1478 2131 1541 Basilii,
2177 1488 2297 1546 post
2330 1480 2682 1546 prolationem
2730 1482 3014 1535 verborum
3089 1480 3315 1542 Christi,
3338 1479 3489 1533 ‘dicit
3540 1479 3797 1531 sacerdos
3831 1495 3846 1528 :

624 1564 744 1616 Fiat
778 1581 990 1629 corpus,
1024 1565 1117 1631 fiat
1182 1566 1416 1632 sanguis,
1480 1573 1582 1616 etc.
1623 1562 1737 1616 Non
1772 1575 1853 1618 est
1899 1565 2040 1617 enim
2077 1564 2478 1633 intelligendum
2515 1576 2641 1620 tunc
2675 1567 2904 1634 primum
2956 1566 3069 1620 fieri
3103 1565 3538 1625 conversionem,
3575 1579 3691 1629 quae
3716 1564 3836 1630 jam

618 1650 773 1714 pauit)
804 1660 929 1703 ante
964 1652 1106 1702 laeta
1136 1662 1235 1714 est,
1267 1651 1362 1703 sed
1398 1660 1451 1703 ut
1487 1652 1806 1704 ostendatur
1847 1652 1987 1719 quod
2024 1653 2146 1705 licet
2182 1666 2359 1705 sermo
2386 1653 2581 1707 Christi
2634 1655 2686 1708 in
2722 1670 2848 1708 voce
2896 1656 3190 1715 transierit,
3248 1664 3424 1707 tamen
3463 1660 3704 1704 remanet
3755 1651 3844 1702 el-

618 1736 789 1789 l‘ectus
817 1738 1069 1804 potentia:
1098 1736 1215 1803 ejus
1259 1736 1359 1789 sub
1390 1738 1649 1805 symbolis
1683 1752 1778 1788 seu
1818 1739 2099 1803 Speciehus
2137 1738 2288 1805 panis
2318 1747 2369 1789 et
2405 1739 2537 1791 vini.
2590 1738 2796 1793 Sintilis
2842 1742 3032 1793 modus
3078 1741 3329 1807 loquendi
3364 1740 3641 1792 invenitur
3672 1737 3844 1789 Marci

616 1822 823 1888 quinto,
854 1822 917 1873 de
953 1822 1177 1874 muliere
1232 1822 1491 1889 proﬂuvio
1523 1823 1799 1887 sanguinis
1836 1822 2127 1884 laborante,
2166 1838 2281 1890 quae
2310 1835 2667 1894 posteaquam
2708 1840 2735 1877 a
2761 1825 2976 1880 Christo
3004 1837 3188 1879 sanata
3220 1836 3299 1879 est
3329 1828 3451 1888 lide,
3496 1833 3549 1877 et
3579 1826 3694 1891 ejus
3724 1826 3846 1875 liui-

618 1910 748 1961 bl'liB
801 1909 1101 1961 vestimenti
1153 1918 1425 1969 contactu,
1464 1922 1491 1960 a
1544 1907 1758 1960 Christo
1821 1907 2163 1959 nihiiominus
2217 1911 2384 1962 audiit
2442 1928 2455 1963 :
2514 1911 2641 1964 Esto
2688 1928 2818 1966 sana
2862 1929 2892 1965 a
2938 1912 3094 1981 plaga
3146 1922 3279 1975 tua;
3336 1927 3453 1979 quae
3501 1920 3675 1964 tamen
3728 1912 3845 1976 jam

617 2004 807 2045 sanata
839 1992 1031 2048 fuerat.
1069 1995 1172 2047 Sed
1214 1995 1313 2047 hoc
1340 1992 1519 2045 dicere
1556 1992 1727 2044 voluit
1766 1990 2034 2055 Christus,
2090 2003 2150 2046 ut
2192 1990 2313 2048 licet
2369 2005 2540 2051 tactus
2591 1998 2811 2051 ﬁmbriae
2844 2000 3161 2059 transiisset,
3214 1998 3439 2051 eli'ectus
3493 2007 3667 2049 tamen
3712 1998 3844 2049 inde

616 2090 938 2134 consecutus
970 2089 1361 2146 perseveraret.
1414 2078 1549 2132 Cum
1589 2079 1768 2141 itaque
1818 2077 2063 2131 Cabasila
2105 2080 2486 2148 interpretatur
2525 2086 2696 2136 locum
2747 2084 2893 2136 illum
2937 2087 3160 2139 canonis
3213 2083 3478 2138 Ecclesiae
3509 2083 3731 2143 Latinae,
3766 2089 3843 2134 ita

618 2179 676 2220 ut
705 2185 803 2222 suo
839 2171 1021 2221 sensui
1058 2178 1341 2236 congruat,
1374 2169 1423 2220 id
1457 2168 1681 2220 dissidet
1713 2168 1778 2218 ab
1809 2166 2162 2234 intelligentia
2193 2167 2501 2221 Latinorum
2541 2173 2628 2237 qui
2664 2172 2713 2223 id
2746 2171 2907 2225 aliter
2950 2173 3247 2239 accipiunt.
3286 2171 3415 2223 Nam
3449 2170 3691 2237 perferri.
3723 2171 3843 2218 sivi-

614 2271 827 2307 sursum
875 2256 1024 2321 ferri,
1060 2256 1467 2321 interpretatur,
1503 2255 1720 2305 mutari.
1760 2252 1934 2306 Latini
1988 2262 2165 2307 autem
2213 2255 2516 2324 intelligunt
2566 2256 2748 2311 ollerri
2784 2274 2891 2325 per
2944 2260 3134 2311 manus
3178 2256 3349 2311 sancti
3394 2257 3596 2324 Angeli,
3634 2255 3841 2308 Christi

614 2342 845 2403 scilicet,
879 2342 969 2409 qui
1002 2350 1083 2393 est
1115 2340 1293 2407 magni
1332 2338 1541 2392 consilii
1574 2339 1811 2406 Angelus
1839 2355 1852 2402 ;
1896 2339 1976 2391 vel
2007 2341 2169 2392 etiam
2204 2343 2399 2408 angeli,
2440 2357 2531 2395 seu
2585 2326 2922 2411 angelorum.
2957 2345 3047 2413 qui
3103 2346 3385 2398 orationes
3410 2351 3463 2396 et
3492 2352 3612 2395 vota
3647 2354 3837 2395 nostra

618 2428 724 2479 Deo
759 2426 1010 2489 oll’erunt,
1047 2436 1102 2479 ut
1137 2426 1330 2495 legitur
1375 2430 1424 2479 in
1457 2426 1590 2479 libro
1625 2426 1824 2487 Tobiae,
1872 2437 1923 2479 et
1966 2428 2085 2480 Act.
2127 2443 2177 2479 ιι.
2221 2426 2515 2491 Postremo,
2549 2430 2690 2495 Quod
2733 2429 2864 2484 dicit
2907 2439 3029 2498 post
3073 2445 3377 2498 sermonem
3424 2428 3646 2491 Christi,
3699 2428 3844 2481 dona

615 2514 823 2577 altaris,
857 2528 1045 2580 panem
1075 2520 1128 2566 et
1163 2494 1346 2566 vinum
1384 2514 1561 2566 adhuc
1599 2515 1809 2572 vocari,
1841 2513 1891 2564 id
1924 2513 2138 2581 quidem
2176 2527 2358 2566 verum
2401 2523 2504 2576 est,
2540 2494 2603 2568 de
2654 2514 2779 2567 vino
2827 2494 3006 2569 autem
3046 2514 3148 2569 lion
3182 2494 3366 2568 itidem
3406 2515 3656 2568 invenio:
3694 2514 3843 2567 calix

612 2600 755 2651 enim
792 2609 1014 2652 vocatur
1049 2599 1101 2650 in
1133 2599 1293 2651 missa
1325 2597 1696 2665 Chrysostomi
1756 2609 1808 2652 et
1834 2598 2037 2651 Basilii.
2064 2599 2322 2664 Quamvis
2342 2611 2519 2654 autem
2553 2603 2602 2653 id
2632 2616 2817 2656 verum
2849 2610 3012 2666 esset,
3044 2602 3171 2654 nihil
3209 2611 3385 2654 tamen
3418 2602 3676 2663 obstaret,
3707 2615 3837 2652 cum

613 2702 699 2738 res
732 2687 781 2736 in
812 2700 946 2752 quas
977 2686 1094 2737 alia:
1126 2696 1541 2749 convertuntur,
1593 2688 1805 2741 soleant
1848 2686 2079 2739 retinere
2113 2688 2327 2740 nomina
2377 2702 2563 2740 earum
2624 2702 2739 2754 qua:
2772 2703 3045 2743 conversa:
3077 2698 3203 2741 sunt
3231 2706 3245 2752 ;
3300 2700 3353 2741 ut
3385 2696 3530 2755 patet
3580 2688 3631 2739 in
3678 2690 3835 2754 virga

612 2767 883 2833 Mosis,'et
914 2788 1050 2840 aqua
1084 2774 1134 2825 in
1174 2772 1353 2825 vinum
1388 2788 1681 2837 conversa,
1722 2772 1876 2826 Joan.
1930 2788 1987 2825 ιι.
2025 2772 2136 2825 lino
2172 2789 2296 2827 vero
2328 2776 2487 2828 etiam
2522 2773 2695 2827 Latini
2736 2776 3001 2829 interdum
3045 2787 3241 2828 vocant
3290 2776 3471 2828 vinum
3514 2773 3841 2841 sanguinem

612 2860 837 2912 Christi.
872 2860 961 2924 Ajt
987 2861 1129 2914 enim
1163 2870 1383 2914 sanctus
1422 2861 1744 2930 Cyprianus.
1780 2860 1873 2915 lib.
1921 2875 1979 2921 ll,
2034 2858 2231 2924 Ephes.
2270 2876 2367 2913 Ill:
2409 2879 2425 2909 ι
2460 2860 2741 2924 Quomodo
2770 2870 2949 2914 autem
3000 2869 3265 2914 creatura:
3313 2862 3378 2913 de
3413 2870 3682 2923 creatura,
3712 2861 3844 2912 vitis

617 2965 813 3003 novum
841 2954 1019 3003 vinum
1054 2966 1175 3004 cum
1214 2951 1434 3005 Christo
1484 2953 1534 3004 in
1569 2966 1733 3020 regno
1766 2948 1939 3003 Patris
1982 2951 2245 3008 bibemus,
2276 2948 2316 2999 si
2348 2947 2399 2998 in
2429 2946 2695 2999 sacriﬁcio
2729 2947 2818 3001 Dei
2870 2946 3045 3000 Patris
3091 2947 3274 2997 vinum
3311 2959 3415 2998 non
3445 2944 3772 2999 ollerinius?
3816 2966 3834 2995 ι

616 3038 677 3089 Ει
711 3038 1087 3107 Hieronymus,
1124 3054 1179 3107 q.
1213 3038 1269 3101 2,
1301 3038 1365 3090 ad
1400 3037 1679 3091 lleilihiatn
1710 3055 1720 3089 :
1762 3056 1779 3087 ι
1817 3037 1975 3090 Panis
2008 3036 2103 3103 qui
2134 3036 2198 3088 de
2228 3039 2365 3092 caelo
2399 3038 2684 3091 descendit
2735 3053 2930 3106 corpus
2965 3048 3049 3091 est
3106 3035 3339 3099 Domini,
3384 3043 3437 3090 et
3472 3036 3653 3089 vinum
3684 3036 3836 3103 quod

614 3130 894 3197 discipulis
920 3130 1087 3193 dedit,
1120 3130 1342 3197 Sanguis
1371 3129 1514 3181 illius
1555 3138 1637 3180 est
1666 3128 1787 3180 novi
1817 3126 2171 3180 Testamenti.
2212 3143 2229 3175 ι
2272 3126 2391 3178 Haec
2423 3134 2602 3177 autem
2635 3140 2754 3192 qua:
2788 3124 3002 3191 ajnobis
3033 3124 3171 3176 dicta
3204 3132 3351 3185 sunt,
3385 3126 3671 3176 conlirmat
3696 3138 3832 3174 con-

613 3220 796 3273 cilium
838 3219 1228 3278 Florentinuui,
1260 3219 1402 3284 quod
1436 3216 1712 3269 Armeniis
1742 3214 1888 3274 dedit
1920 3213 2148 3273 formam
2184 3222 2237 3265 et
2265 3213 2421 3265 ritum
2456 3211 2810 3264 consecrandi
2846 3210 3101 3263 Ecclesiae
3134 3208 3339 3261 Latinis
3370 3225 3383 3260 ε
3419 3222 3580 3275 quem
3615 3209 3835 3273 quidem

616 3314 953 3375 receperunt,
985 3304 1118 3373 ipsis
1151 3303 1355 3358 Graecis
1389 3316 1723 3370 nequaquam
1757 3297 2198 3353 reclamantibus.
2236 3298 2357 3351 lliec
2387 3299 2555 3350 visum
2585 3308 2667 3351 est
2701 3297 3011 3358 admouere,
3062 3310 3127 3347 ne
3156 3295 3277 3361 quis
3307 3294 3645 3347 exiStituaret
3670 3292 3825 3346 Grai-

613 3412 799 3450 corum
830 3411 1067 3461 sensum,
1100 3389 1241 3464 quod
1277 3394 1341 3446 ad
1374 3388 1615 3461 corporis
1648 3400 1701 3445 et
1733 3390 2018 3457 sanguinis
2054 3386 2264 3442 Domini
2315 3385 2708 3464 coniectionem
2746 3384 2959 3443 attinet,
2992 3397 3021 3433 a
3052 3380 3364 3435 Latinorum
3399 3379 3686 3439 sententia,
3723 3381 3828 3432 huc

614 3493 697 3538 est
730 3485 797 3538 ab
821 3482 1073 3538 Ecclesia
1103 3462 1349 3542 veritate,
1400 3480 1661 3533 dissidere
1690 3496 1703 3531 :
1736 3478 1878 3547 quod
1915 3485 2123 3544 posset
2170 3474 2399 3527 fortasse
2452 3462 2723 3538 quispiam
2770 3484 2833 3521 ex
2887 3468 2967 3521 his
3015 3468 3224 3521 duobus
3255 3467 3523 3534 capitibus
3555 3465 3840 3533 colligere.

618 3572 822 3625 Cit-tera
855 3581 1032 3624 autem
1067 3585 1186 3639 quae
1212 3579 1334 3621 sunt
1366 3569 1420 3620 in
1452 3570 1549 3620 hoc
1576 3566 1779 3627 libello,
1816 3573 1944 3617 sunt
1973 3563 2259 3628 ejusmodi,
2306 3566 2364 3611 ut
2402 3558 2533 3610 nihil
2568 3557 2737 3623 magis
2786 3555 2930 3622 pium
2977 3569 3073 3607 nec
3110 3554 3281 3622 magis
3313 3552 3669 3639 christianum
3724 3552 3839 3606 dici

619 3666 706 3708 aut
738 3658 862 3725 tingi
896 3638 1093 3724 possit.
1116 3655 1185 3707 Ea
1217 3657 1421 3721 itaque,
1450 3654 1688 3706 studiose
1718 3652 1908 3715 lector,
1937 3650 2019 3702 fac
2051 3648 2218 3715 legas,
2244 3657 2298 3699 et.
2320 3645 2455 3711 aequi
2484 3642 2717 3710 bonique
2768 3639 3019 3694 consulas
3045 3657 3059 3705 ;
3090 3649 3142 3694 et
3173 3640 3216 3693 si
3248 3640 3373 3707 quid
3403 3638 3659 3707 spiritalis
3686 3653 3842 3690 com-

617 3745 757 3797 modi
790 3724 853 3796 ex
889 3724 978 3797 eis.
998 3742 1280 3810 percipias,
1321 3741 1423 3793 Deo
1448 3738 1625 3792 oiunis
1658 3738 1778 3790 boni
1805 3734 2017 3789 auctori
2051 3744 2104 3788 et
2138 3732 2310 3787 datori
2346 3745 2443 3800 age
2470 3730 2694 3797 gratias.
2722 3726 2850 3779 Vale
2880 3739 2935 3781 et
2974 3728 3171 3781 fruere.

768 3901 2484 4181 Nuceria—576?
2520 3901 3675 4167 ΜᾙΑΑ

1929 4239 2493 4327 ΕΡΜΗΝΕΙΑ

1086 4474 1089 4477 γ
1160 4395 1493 4519 ΤΗΣ
1573 4388 2071 4523 ΘΕΙΑΣ
2131 4382 3279 4519 ΛΕΙΤΟΥΡΓΙΑΣ.

1174 4628 1177 4629 ξ
1321 4715 2079 4869 ΝιρΟι-Αι
2167 4608 2813 4866 ᾆΑΒΑδι

1490 4715 2079 4869 [ρΟι-Αι
2167 4608 3129 4866 simsum

1563 4967 2053 5077 SACBZE
2163 4964 2888 5078 LITUBGIXE

1730 5158 2755 5292 IN'I‘ERPRETATIO.

3142 3874 3835 3909 mw

653 3878 3139 3919 Μ

1281 5406 1430 5463 CAP.
1466 5407 1503 5461 Ι.
2882 5402 2920 5453 Κ

2882 5400 3131 5453 ΚΕΦΑΛ.
3167 5397 3242 5454 A’.

669 5502 808 5569 Quid
827 5503 927 5557 sibi
964 5501 1071 5556 vult
1114 5501 1170 5554 in
1199 5516 1402 5555 summa
1442 5498 1740 5557 universum
1774 5494 2112 5562 sacri/icium.

1966 5494 2112 5546 ciunt.
2518 5495 2575 5545 Tl
2598 5494 2887 5557 ,βούλεται
2922 5495 3185 5547 καθόλου
3212 5494 3605 5546 όλόκιιυστον.

681 5596 894 5649 Sancta:
967 5608 1244 5647 sacrorum
1326 5588 1702 5660 mysteriorum
1786 5583 2167 5638 celebrationis

2348 5580 2459 5648 Τῆς
2485 5582 2641 5647 ἁγίας
2672 5581 2891 5649 τελετῆς
2938 5580 3047 5632 τῶν
3103 5581 3260 5647 ιερῶν
3300 5581 3610 5648 μυστηρίων
3678 5581 3843 5648 (pre?

609 5701 745 5758 Opus
788 5697 841 5741 et
868 5686 1094 5742 cll’cctus
1135 5684 1351 5755 quidem
1389 5689 1469 5736 est
1519 5681 1779 5733 donorum
1816 5675 1871 5729 in
1919 5676 2157 5729 divinum

2275 5671 2371 5741 μὲν
2411 5674 2441 5742 ἡ
2468 5672 2571 5725 τῶν
2603 5671 2789 5741 δώρων
2825 5673 2903 5735 εἰς
2933 5672 2990 5724 τὸ
3019 5671 3160 5723 θεῖον
3182 5671 3338 5741 σῶμα
3369 5671 3460 5724 καὶ
3504 5664 3637 5737 αἷμα
3672 5687 3844 5740 μετα-
