4150 6312
183 448 298 509 3ἒ3

1378 450 1778 514 LITURGIIE
1819 448 2245 512 EXPOSlTIO.

3319 451 3419 508 ἷίἶίί

182 556 459 623 ευξδμεθα
490 554 612 609 καθ’
643 555 789 621 ὂδεῖ,
816 556 915 609 οὐκ
940 555 1182 627 οἴδαμεν·
1217 577 1236 611 ι
1277 560 1371 611 καὶ
1403 561 1492 613 ἵνα
1520 560 1595 627 μὴ
1625 558 1755 629 p1:-

1872 578 1909 612 n
1948 575 2080 628 pace
2114 573 2276 615 orare
2313 568 2549 629 oportet.
2593 558 2731 625 Quid
2762 573 2890 628 ergo
2924 568 3043 627 post
3083 559 3438 628 gloz-iticatiu-

183 648 529 717 τολογῶμεν,
557 648 799 701 διδάσκει
820 649 969 718 ἡμᾶς
992 648 1028 702 ἃ
1050 648 1131 701 δεῖ
1158 652 1288 719 περὶ
1312 650 1410 716 τῆς
1464 649 1648 720 εὐχῆς·
1674 650 1766 702 καὶ

185 736 410 805 πρῶτον
436 738 526 790 τὸν
557 738 755 807 τρόπον
785 740 866 791 δτι
899 740 956 790 ὲν
1009 741 1202 810 εἰρήνῃ
1252 738 1530 809 εὔχεσθαι.
1584 739 1649 791 Τί
1674 734 1767 791 οῦν

187 827 334 895 μετὰ
366 828 467 895 τὴν
490 828 801 895 δοξολογίαν
825 828 985 892 εὐθὺς
1009 828 1279 882 αἰτεῖσθαι
1300 828 1606 892 ἐκέλευσεν,
1637 830 1763 882 οὔτε

184 916 763 986 ὲξομολογησαμένους
807 920 1088 990 πρότερον,
1123 919 1246 973 οὔτε
1276 920 1767 991 εὐχαριστήσαντας

185 1007 264 1079 τῷ
290 1010 416 1080 Θεῷ
444 1028 461 1076 ς
499 1010 620 1063 Ὅτι
650 1012 705 1063 ἐν
765 1011 844 1082 τῷ
871 1013 1043 1063 εἰπεῖν
1072 1012 1169 1079 τὴν
1232 1011 1475 1081 εἰρήνην,
1543 1011 1770 1065 κάκεῖνοι

182 1100 541 1170 περιέλαϐεν,
604 1100 658 1153 εί
693 1117 778 1163 τις
830 1101 1043 1169 άληθῶς
1083 1100 1262 1154 ἐθέλει
1317 1103 1563 1155 σκοπεῖν.
1632 1100 1769 1154 Οὔτε

184 1191 297 1259 γὰρ
351 1192 378 1243 ὁ
412 1191 861 1260 ἀπαρεσκόμενος
897 1194 1009 1255 τοῖς
1045 1191 1431 1262 συμϐαίνουσιν
1463 1190 1607 1260 αὐτῷ
1632 1191 1770 1245 κατὰ

186 1278 280 1329 τὸν
314 1278 454 1347 βίον,
504 1280 738 1333 δύναται
782 1281 1011 1353 εἰρήνην
1037 1284 1093 1335 ὲν
1140 1281 1319 1351 ἐαυτῷ
1363 1280 1531 1350 ἔχειν,
1577 1280 1691 1333 ἀλλ’
1742 1282 1771 1333 ὁ

186 1369 493 1437 εὐγνώμων
534 1373 631 1424 καὶ
662 1374 719 1423 ὲν
746 1373 908 1426 παντί
968 1373 1309 1443 εὐχαριστῶν
1340 1373 1482 1427 κατά
1530 1372 1625 1425 τὸν
1672 1370 1769 1424 τοῦ

186 1462 467 1529 μακαρίου
530 1461 737 1515 Παύλου
787 1463 970 1531 νόμον·
1004 1463 1127 1516 οὔτε
1159 1464 1188 1516 ὸ
1226 1464 1300 1533 μὴ
1345 1462 1582 1525 συνειδὸς
1634 1462 1772 1532 ἔχων

187 1548 457 1615 καθαρόν·
489 1552 728 1614 συνειδὸς
755 1552 813 1603 δὲ
836 1552 1073 1622 καθαρὸν
1116 1552 1286 1624 χωρὶς
1335 1553 1772 1625 ἐξομολογήσεως

186 1637 478 1707 ἀμήχανον
520 1636 684 1695 εῖναι.
720 1640 889 1694 Ὠστε
917 1644 1065 1713 μετά
1106 1644 1327 1714 εἰρήνης
1350 1644 1661 1715 εὐχόμενος,
1684 1648 1773 1698 εὐ-

187 1728 566 1797 χαριστοῦσαν
582 1733 691 1784 ’καὶ
721 1732 1227 1804 ἐξομολογουμένην
1257 1734 1522 1806 πρότερον
1538 1735 1659 1806 εσχε
1675 1736 1774 1808 τὴν

186 1819 400 1888 ψυχήν.
435 1821 559 1873 Ἐτι
587 1821 644 1873 δὲ
691 1822 1022 1893 καὶβίτησις
1076 1825 1145 1894 ήν
1178 1824 1477 1891 αἰτοῦνται,
1521 1826 1773 1897 εὐχαρισ-

1868 667 1992 705 ιιιιω
2023 652 2208 706 statim
2249 650 2415 719 jussit
2451 660 2633 719 petere
2661 666 2756 706 eos
2798 651 2891 719 qui
2921 665 3097 719 neque
3125 652 3271 718 prius
3302 665 3436 705 cou-

1868 740 1995 796 fessi
2037 748 2163 795 sunt
2223 754 2401 808 neque
2432 740 2540 794 Deo
2568 741 2771 809 gratias
2822 752 3046 810 egerunt
3071 740 3094 792 ἲ
3123 740 3261 807 Quia
3311 742 3439 795 dum

1875 847 2059 900 pacem
2092 832 2253 896 dixit,
2282 831 2371 885 illa
2400 831 2565 884 ctiam
2606 831 3033 901 comprehendit,
3068 833 3112 885 si
3150 830 3283 894 Aquis
3317 831 3457 893 velt,

1870 935 2060 978 exacte
2090 922 2434 977 considerare
2495 922 2679 989 Neque
2712 922 2854 975 enim
2899 921 2992 990 qui
3037 935 3143 975 non
3185 930 3266 974 cst
3307 934 3439 974 cou-

1870 1021 2049 1066 tentus
2081 1011 2146 1064 iis
2194 1025 2313 1078 quae
2341 1012 2444 1065 sibi
2488 1011 2542 1064 in
2591 1009 2696 1063 vita
2753 1009 3028 1067 eveniunt.
3066 1015 3245 1079 potest
3283 1005 3335 1058 in
3379 1020 3442 1058 se

1871 1116 2055 1171 pacein
2105 1101 2324 1164 habere.
2371 1102 2461 1156 sed
2508 1101 2597 1170 qui
2633 1110 2715 1163 est
2758 1109 2944 1169 gratus
2976 1108 3030 1152 et
3088 1098 3142 1149 in
3187 1096 3440 1149 omnibus

1871 1196 1980 1264 agit
2013 1194 2241 1262 gratias,
2280 1203 2341 1249 ut
2382 1194 2681 1263 praescribit
2719 1193 2799 1247 ilex
2834 1194 2976 1246 beati
3015 1190 3186 1253 Pauli,
3222 1204 3317 1242 nec
3346 1189 3437 1256 qui

1874 1301 1981 1339 non
2014 1286 2174 1339 habet
2220 1298 2409 1354 puram
2459 1282 2893 1345 conscientiam;
2944 1281 3056 1335 fieri
3114 1290 3292 1331 autem
3335 1292 3439 1328 non

1873 1385 2053 1444 potest
2088 1385 2142 1428 ut
2170 1377 2237 1430 sit
2268 1390 2403 1450 pura
2432 1373 2763 1428 conscientia
2799 1372 2916 1425 sine
2945 1369 3303 1424 caiifcssiouc.
3336 1364 3439 1431 Qui

1871 1478 2000 1534 ergo
2027 1474 2145 1518 orat
2172 1478 2295 1518 cum
2324 1478 2474 1532 pace,
2515 1462 2713 1531 gratias
2749 1472 2993 1532 agentem
3024 1467 3077 1513 et
3097 1458 3439 1513 conﬁtentem

1874 1554 2020 1624 prius
2055 1554 2240 1608 habuit
2279 1554 2538 1619 animam.
2568 1554 2649 1607 Ad
2682 1554 2799 1607 bac
2836 1563 3020 1607 autem
3053 1551 3216 1603 etiam
3255 1547 3441 1613 petitio

1873 1661 2035 1716 quam
2073 1644 2304 1709 faciunt,
2352 1660 2446 1701 eos
2477 1654 2530 1700 et
2558 1646 2762 1714 gratias
2781 1652 3005 1712 agentes
3030 1650 3083 1696 et
3118 1639 3442 1693 conﬁtentes

1875 1737 2132 1793 ostendit.
2172 1734 2311 1803 Quid
2356 1736 2501 1793 enim
2546 1734 2792 1802 'petunt?
2821 1731 3281 1787 misericordiam.
3319 1725 3442 1780 llaac

1876 1839 2053 1882 autem
2078 1838 2159 1883 est
2191 1827 2380 1898 petitio
2401 1840 2584 1881 eorum
2604 1827 2693 1895 qui
2727 1825 2802 1878 rei
2834 1832 3084 1893 aguntur,
3105 1821 3195 1889 qui
3228 1820 3443 1887 quando

187 1910 426 1974 τοῦντας
457 1914 549 1965 καὶ
577 1892 1110 1983 ἐξομολογουμένους
1132 1915 1330 1978 αὐτοὺς
1355 1892 1675 1987 παρίστησιξ
1702 1918 1767 1971 Τί

1872 1919 2015 1975 omni
2044 1918 2131 1974 sui
2170 1916 2487 1972 defendendi
2540 1892 2749 1970 ratione
2795 1892 2995 1977 ablata,
3047 1911 3180 1964 nihil
3220 1916 3443 1977 possunt

183 2002 303 2068 γὰρ
377 2000 691 2068 αἰτοῦνταις
750 2003 1056 2075 ἐλεηθῆναι.
1124 2005 1295 2059 Τοῦτο
1340 2005 1401 2060 δὲ
1462 2007 1765 2063 καταδίκων

186 2091 344 2142 ἐστὶν
367 2090 599 2160 αἴτημα,
635 2094 684 2147 οῖ
717 2095 844 2148 ὅταν
879 2096 1065 2149 πᾶσαν
1090 2091 1386 2165 ἀπολογίαν
1417 2100 1762 2171 περιῃρημέ-

186 2197 294 2245 νοι,
342 2182 617 2253 μηδεμίαν
656 2185 858 2254 ἔχωσιν
892 2185 1066 2239 εἰπεῖν
1113 2186 1503 2255 δικαιολογίαν,
1558 2188 1765 2259 ταύτην

184 2272 425 2341 ἔσχατον
454 2276 650 2343 ἀφιᾶσι
690 2276 789 2344 τὴν
826 2275 1007 2346 φωνήν
1033 2276 1168 2346 πρὸς
1213 2277 1303 2330 τὸν
1355 2277 1632 2349 δικαστὴν,
1664 2281 1764 2334 οὐκ

189 2365 303 2417 ἀπὸ
332 2366 441 2418 τῶν
488 2368 736 2431 δικαίων,
759 2369 879 2422 ἀλλ’
908 2371 1017 2424 ἀπὸ
1066 2371 1165 2441 τῆς
1191 2373 1402 2425 ἑκείνου
1462 2372 1767 2443 ιριλανθρω⁶

186 2456 350 2521 πίας,
396 2449 475 2510 ὧν
502 2457 712 2511 δέονται
757 2462 939 2529 τυχεῖν
995 2461 1421 2530 προσδοκῶντες.
1479 2460 1649 2516 Τοῦτο
1707 2461 1764 2517 δέ

187 2549 317 2599 ἐστι.
374 2548 813 2618 μαρτυρούντων,
872 2552 949 2620 τῷ
991 2552 1091 2621 μὲν
1139 2552 1368 2623 δικαστῇ
1422 2554 1765 2623 χρηστότητα

194 2638 430 2709 πολλήν
461 2640 677 2704 ἑαυτοῖς
690 2640 769 2708 δὲ,
790 2636 1188 2712 πονηρίαν·ὧν,
1214 2645 1275 2696 τὸ
1305 2643 1402 2712 μὲν
1433 2642 1764 2714 ἐξομολογή-

201 2743 367 2791 σεως,
400 2728 544 2781 τὸδὲ
593 2730 941 2801 εὐχαριστίας
994 2732 1125 2784 ἐστί.
1172 2730 1546 2801 Προτρέπεται
1598 2731 1655 2785 δὲ
1706 2732 1765 2799 LE

188 2820 371 2889 ἀρχῆς
400 2822 431 2873 ὁ
470 2821 647 2889 ἱερεὺς
691 2822 782 2875 τὸν
810 2822 936 2876 λαδν
968 2825 1047 2885 εἰς
1096 2821 1193 2893 τὴν
1216 2821 1381 2893 εὐχὴν
1407 2826 1763 2891 τεταγμένος.

188 2913 287 2962 καὶ
320 2910 411 2963 διὰ
440 2912 598 2965 τοῦτο
624 2911 716 2965 τοῦ
754 2912 881 2967 λαοῦ
910 2914 1349 2984 προϐεϐλημένος
1376 2915 1559 2979 αὐτός’
1596 2914 1715 2970 ἀλλ’
1734 2917 1765 2969 ὁ

199 3000 327 3069 μὲν,
358 3000 432 3063 ὡς
466 3002 806 3073 πρεσϐευτὴς
844 3003 1025 3056 αὐτῶν
1053 3003 1151 3061 καὶ
1175 3002 1424 3073 μεσίτης,
1482 3004 1568 3058 ῖνα
1599 3003 1762 3059 αὑτοῦ

188 3090 379 3161 δέησις
414 3092 780 3164 ἐνεργουμένη
814 3094 946 3148 πολὺ
984 3095 1166 3166 ἰσχύῃ,
1198 3095 1500 3165 καθάπερὸ
1529 3096 1764 3150 ἀπόστο-

1868 2012 2079 2065 discere
2115 2024 2223 2079 quo
2264 2023 2325 2063 se
2364 2007 2686 2076 justiﬁeent,
2721 2015 2775 2059 et
2809 2017 3028 2057 causam
3064 2015 3220 2056 suam
3254 2009 3443 2052 tuean-

1869 2110 1977 2164 tur,
2022 2100 2162 2155 ltanc
2186 2113 2368 2155 vocem
2394 2107 2671 2166 postremo
2690 2097 2756 2149 ad
2776 2094 3013 2163 judicent
3039 2093 3312 2148 emittunt,
3335 2102 3439 2140 non

1862 2190 2014 2261 iure,
2053 2190 2149 2246 sed
2194 2204 2258 2245 ex
2301 2187 2420 2256 ejus
2480 2186 2767 2242 clementia
2813 2200 2878 2240 ea
2932 2182 3130 2251 quibus
3200 2180 3444 2249 indigent

1866 2282 2080 2353 assequi
2120 2289 2518 2350 exspectantes.
2570 2278 2684 2333 Hoc
2734 2287 2914 2333 autem
2965 2282 3049 2329 est
3100 2288 3288 2328 eorum
3345 2271 3439 2339 qui

1866 2371 2090 2425 multam
2135 2370 2351 2441 quidem
2394 2371 2593 2440 judicis
2618 2383 2739 2424 esse
2773 2367 3162 2437 benignitatem
3222 2373 3277 2417 et
3330 2361 3440 2415 cle-

1866 2462 2168 2526 mentiam,
2225 2477 2474 2532 magnam
2527 2472 2711 2517 autem
2784 2474 2907 2514 esse
2972 2472 3130 2511 suam
3182 2454 3440 2524 improbi—

1867 2561 2033 2606 tatem
2110 2552 2412 2621 vitiumque
2465 2559 2752 2605 testantur.
2805 2548 3048 2614 Quorum
3126 2547 3229 2599 ltoc
3303 2540 3442 2612 qui-

1863 2642 1986 2698 dem
2007 2652 2093 2697 est
2126 2641 2508 2704 confessionis,
2531 2640 2657 2695 illud
2691 2654 2819 2693 vero
2847 2638 3145 2708 gratiarum
3180 2633 3437 2688 actionis.

1865 2730 2129 2789 Hortatur
2155 2741 2337 2787 autem
2367 2730 2624 2789 sacerdos
2662 2731 2730 2785 ab
2754 2731 2907 2783 initio
2938 2727 3188 2798 populum
3221 2726 3287 2779 ad
3318 2739 3415 2778 ora

1867 2824 2091 2887 tionem.
2107 2832 2167 2877 ut
2184 2823 2274 2890 qui
2302 2820 2424 2876 talis
2452 2821 2524 2876 sit
2546 2821 2639 2891 qui
2658 2822 2723 2876 ad
2744 2819 3005 2877 orandum
3031 2828 3114 2873 est
3133 2818 3438 2876 ordinatus.

1864 2922 1920 2969 et
1949 2915 2077 2969 ideo
2115 2913 2186 2969 sit
2220 2913 2405 2985 populi
2454 2912 2762 2982 propositus
2802 2911 3135 2966 intercessor
3161 2919 3213 2961 et
3237 2906 3437 2960 media-

1868 3011 1971 3068 tor,
2014 3013 2071 3056 ut
2127 3003 2245 3073 'cjus
2284 3016 2518 3072 operans
2569 3000 2745 3057 oratio
2800 3001 3026 3053 nmltum
3058 2997 3258 3059 valeat,
3295 2994 3440 3049 sicut

1865 3094 2003 3151 dixit
2029 3093 2265 3149 Iacobus
2286 3093 2582 3163 apostolus:
2615 3089 2889 3159 Operatur
2911 3090 3053 3143 enim
3077 3087 3252 3142 oratio
3288 3084 3437 3151 justi.

188 3181 283 3285 λος
339 3183 592 3247 Ἰάκωϐος
630 3182 803 3239 εἶπεν
856 3187 1163 3257 ἐνεργεῖται
1205 3187 1322 3255 γάρ
1375 3187 1627 3258 ήδέησις
1670 3186 1764 3242 τοῦ

1872 3182 2084 3253 quando
2111 3182 2190 3236 illi
2241 3182 2404 3236 etiam
2456 3181 2682 3237 omnino
2705 3193 2803 3246 pro
2826 3178 3026 3246 quibus
3064 3186 3251 3244 preces
3280 3172 3435 3233 liunt,

189 3275 425 3340 δικαίου,
451 3276 577 3328 ὅταν
615 3277 858 3330 κάκεῖνοι
886 3277 1088 3340 πάντες
1121 3278 1259 3350 ὑπὲρ
1285 3271 1358 3334 ὧν
1386 3279 1421 3350 ή
1458 3278 1664 3347 δέησις,
1695 3280 1767 3335 τὰ

189 3365 321 3434 παρ’
351 3365 558 3418 ἑαυτῶν
592 3366 922 3436 εἰσφέρωσιν
968 3367 1206 3423 ἅπαντα·
1239 3368 1584 3441 χρηστότητα
1640 3370 1767 3438 τρόσ

190 3470 333 3520 πων,
380 3454 571 3525 εὐχάς,
605 3458 926 3524 ἐπιείκειαν,
982 3459 1079 3513 καὶ
1114 3458 1222 3530 ὅτῳ
1278 3458 1423 3529 ἄλλῳ
1466 3459 1613 3518 ἴσασι
1648 3461 1769 3530 χαί-

192 3562 359 3614 ροντα
390 3546 482 3601 τὸν
517 3548 672 3602 Θεόν.
710 3549 774 3601 Τί
795 3549 854 3603 δὲ
888 3550 951 3604 τὸ
976 3552 1187 3622 αἴτημα
1230 3551 1292 3605 τὸ
1325 3552 1541 3623 πρῶτον
1568 3553 1693 3606 εὑθὸ
1749 3553 1765 3621 ξ

198 3634 378 3707 Ὑπὲρ
428 3637 530 3707 τῆς
559 3637 766 3693 ἄνωθεν
797 3642 1043 3711 εἰρήνης,
1075 3643 1171 3696 καὶ
1205 3646 1305 3714 τῆς
1337 3644 1613 3717 σωτηρίας
1659 3646 1769 3701 τῶν

187 3724 380 3796 ψυχῶν
403 3727 580 3797 ἡμῶν·
611 3727 826 3793 διδάξας
872 3729 1135 3803 πρότερον
1181 3733 1329 3796 ὅπως
1353 3733 1572 3804 ἔχοντας
1617 3733 1771 3807 εὐχε-

190 3819 317 3873 σθαι
354 3821 458 3883 δεῖ,
490 3819 583 3873 νῦν
606 3821 871 3892 διδάσκει,
906 3824 999 3878 καὶ
1038 3824 1091 3878 τί
1122 3823 1205 3878 δεῖ
1232 3825 1448 3896 πρῶτον
1477 3828 1765 3881 αἰτεῖσθαι’

190 3910 410 3981 πρῶτον
435 3912 533 3980 τήν
586 3912 863 3982 βασιλείαν
910 3914 1004 3993 τοῦ
1032 3916 1193 3983 Θεοῦ,
1229 3918 1325 3971 καὶ
1364 3919 1463 3990 τὴν
1490 3919 1768 3981 δικαιοσύ-

188 4010 289 4063 νην
329 3994 521 4048 αὐτοῦ·
554 3998 654 4067 τήν
688 3997 786 4066 μὲν
816 3996 927 4067 γάρ
951 3997 1229 4068 βασιλείαν
1258 4001 1291 4071 ή
1315 4000 1426 4054 τῶν
1456 4000 1645 4071 ψυχῶν
1669 4019 1770 4056 σω-

120 4162 127 4168 .
191 4085 383 4155 τηρία,
418 4086 453 4157 ἡ
478 4084 535 4139 δὲ
562 4085 771 4140 ἄνωθεν
801 4086 994 4159 εἰρήνη
1022 4089 1121 4159 τὴν
1138 4089 1232 4143 τοῦ
1259 4089 1397 4144 Θεοῦ
1422 4091 1768 4162 δικαιοσύνην

193 4176 476 4247 σημαίνει·
507 4176 635 4247 περὶ
661 4171 729 4247 ἦς
758 4174 879 4231 εἰπε
907 4178 1140 4243 Παῦλος,
1178 4199 1198 4233 ι
1245 4180 1453 4252 Εἰρήνη
1482 4181 1575 4235 τοῦ
1601 4180 1761 4249 Θεοῦ,

191 4269 225 4335 ή
261 4267 610 4337 ὑπερέχουσα
663 4269 844 4325 πάντα
890 4268 1035 4334 νοῦν,
1070 4288 1089 4323 ι
1141 4271 1262 4342 ήνδ
1312 4271 1515 4342 Κύριος
1557 4274 1769 4343 ἀφῆκεν

192 4359 303 4419 τοῖς
328 4355 671 4422 ἀποστόλοις,
717 4358 1020 4413 ἀναϐαίνων
1070 4359 1206 4431 πρὸς
1238 4359 1327 4414 τὸν
1362 4362 1595 4432 Πατέρα,
1627 4382 1645 4416 ι
1681 4363 1769 4418 Εἰ-

192 4448 387 4517 ρήνην,
422 4447 611 4511 εἰπὼν,
633 4448 835 4520 ἀφίημι
868 4450 1015 4520 ὑμῖν,
1048 4452 1270 4522 εἰρήνην
1295 4452 1395 4520 τὴν
1424 4453 1561 4523 ἐμὴν
1576 4454 1762 4524 δίδωμι

1868 3290 1932 3330 ex
2005 3288 2064 3329 se
2093 3272 2274 3327 omnia
2325 3271 2676 3336 contulerint,
2721 3283 2930 3323 morum
2962 3266 3285 3326 bonitatem,
3319 3275 3440 3330 pre-

1869 3380 1962 3419 ces
1997 3406 2012 3430 ,
2042 3363 2316 3417 leuitatem
2373 3371 2430 3415 et
2465 3360 2772 3430 aequitatem
2812 3398 2827 3420 .
2864 3366 2920 3411 et
2955 3342 3280 3426 quocunque
3330 3351 3440 3405 alio

1868 3456 2048 3512 sciunt
2107 3454 2271 3508 Deum
2345 3450 2625 3506 delectari.
2695 3448 2827 3515 Qua:
2887 3456 2969 3504 est
3007 3454 3186 3500 autem
3245 3457 3436 3498 eorum

1870 3547 2043 3617 prima
2083 3546 2330 3614 protinus
2380 3541 2605 3613 petitio?
2639 3539 2745 3595 Pro
2770 3554 3004 3609 superna
3031 3550 3182 3608 pace,
3239 3542 3295 3589 et
3351 3548 3442 3589 sa-

1869 3637 1981 3693 lute
2042 3637 2345 3690 animarum
2396 3639 2727 3688 nostrarum.
2775 3629 2912 3683 Cum
2970 3630 3121 3697 prius
3171 3625 3440 3680 docuisset

1869 3726 2141 3798 quomodo
2203 3720 2551 3779 se'ltabentes
2604 3734 2763 3775 orare
2830 3724 3064 3788 oportet,
3107 3728 3252 3770 nunc
3275 3713 3439 3768 etiam

1870 3817 2024 3872 docet
2076 3813 2207 3884 quid
2234 3813 2306 3870 sit
2357 3813 2594 3882 primum
2614 3809 2931 3880 petendum,
2966 3820 3199 3877 superna
3232 3802 3442 3858 scilicet

1871 3922 1997 3976 pax,
2045 3915 2100 3960 et
2152 3905 2458 3958 animarum
2522 3901 2691 3958 salus.
2727 3902 2800 3954 ita
2832 3899 2975 3953 enim
3005 3897 3170 3966 jussit
3187 3894 3440 3949 Christus

1870 3993 2336 4067 petereprimum
2386 4006 2609 4062 regnum
2665 3988 2756 4044 Dei
2805 3996 2860 4043 ct
2888 3986 3172 4056 justitiam.
3197 3982 3473 4052 Regnum.

1870 4087 2015 4142 enim
2057 4085 2202 4140 salus
2248 4083 2597 4147 animarum;
2656 4094 2891 4149 superna
2952 4087 3131 4132 autem
3187 4088 3289 4143 pax
3345 4070 3441 4127 Dei

1865 4178 2131 4249 justitiam
2205 4176 2496 4243 signiﬁcat.
2530 4173 2606 4229 De
2655 4187 2762 4243 qua
2807 4171 2943 4225 dixit
2993 4166 3239 4223 Paulus:
3276 4182 3297 4217 ι
3328 4160 3445 4219 Pax

1874 4269 1990 4335 Dei,
2022 4282 2143 4337 qua:
2172 4267 2541 4337 supereminet
2562 4280 2777 4320 onmem
2817 4268 3075 4323 mentem,
3103 4275 3122 4310 ι
3156 4270 3318 4327 quam
3340 4255 3445 4311 Do-

1870 4357 2051 4414 minus
2118 4357 2341 4425 reliquit
2392 4355 2700 4425 discipulis,
2750 4353 3051 4408 ascendens
3097 4350 3164 4404 ad
3192 4347 3440 4408 Patrem,

1876 4469 1896 4503 ι
1927 4449 2144 4514 Pacem,
2200 4450 2409 4513 dicens,
2439 4448 2685 4516 relinquo
2734 4444 2917 4510 vobis;
2943 4456 3132 4513 pacem
3158 4453 3335 4494 meam
3374 4452 3443 4491 ao

194 4539 380 4605 ὕμῖν.ι
417 4539 628 4608 Ὠσπερ
684 4539 790 4608 γὰρ
814 4538 875 4592 se
905 4540 1076 4611 ὄνομα
1133 4544 1230 4613 τῆς
1272 4542 1619 4613 δικαιοσύνης
1648 4546 1768 4600 ἐκεῖ

1877 4541 2075 4595 vobis.»
2106 4539 2259 4595 Sicut
2309 4542 2454 4594 enim
2484 4539 2594 4593 illic
2636 4552 2832 4593 nomen
2860 4534 3109 4605 iustitiae,
3144 4546 3252 4586 non
3278 4529 3445 4601 signi-

194 4629 253 4681 οὐ
282 4631 383 4699 τὴν
416 4629 508 4681 τοῦ
532 4630 647 4683 ῐσου
674 4630 935 4701 διανομὴν
961 4630 1214 4702 σημαίνει
1240 4632 1420 4701 μόνον,
1451 4633 1767 4697 amanto;

194 4721 394 4778 παντὸς
426 4719 622 4789 ἀρετῆς
658 4720 830 4782 εἴδους
865 4719 1159 4792 δηλωτικόν
1187 4724 1333 4775 ἐστιν
1364 4740 1378 4754 ⁸
1410 4723 1549 4777 οὕτω
1580 4723 1676 4777 καὶ
1711 4724 1770 4777 τὸ

192 4814 291 4880 τῆς
349 4811 570 4880 εἰρήνης
624 4811 878 4874 ἐνταῦθα,
942 4812 1172 4865 καθόλου
1232 4813 1287 4867 τί
1339 4817 1473 4867 ἔστι·
1512 4815 1606 4867 καὶ
1660 4815 1768 4886 γάρ

197 4905 346 4955 ἐστιν
378 4901 605 4955 ἁπασῶν
652 4902 872 4969 ἀγαθῶν
904 4904 1038 4971 ὁμοῦ
1099 4904 1191 4957 καὶ
1222 4905 1400 4973 πάσης
1449 4903 1770 4975 φιλοσοφίας

197 4993 433 5060 καρπός·
467 4993 529 5044 οὐ
587 4994 699 5063 γάρ
730 4993 876 5046 ἔστιν
904 4995 1129 5063 εἰρήνην
1195 4995 1407 5049 τελείαν
1465 4996 1769 5066 κτήσασθαι

194 5087 284 5138 τὸν
321 5085 514 5147 ἐνδεῶς
563 5084 753 5154 ἔχοντα
808 5086 935 5154 μιᾶς
979 5101 1123 5148 τινος
1149 5085 1370 5156 ἀρετῆς
1414 5086 1528 5140 ἀλλ’
1557 5086 1771 5157 ἀνάγκη

201 5178 292 5229 τὸν
323 5176 667 5246 εἰρηνεύσειν
697 5176 965 5245 μέλλοντα
998 5178 1089 5231 διὰ
1120 5179 1312 5232 πασῶν
1340 5177 1652 5246 ἀφικέσθαι.
1682 5182 1774 5237 Δεῖ

195 5272 373 5325 τοίνυν
391 5271 582 5324 ἀσκεῖν
609 5270 835 5331 ἑαυτοὺς
864 5270 1002 5334 πρὸς
1023 5272 1122 5341 τὴν
1154 5272 1376 5341 εἰρήνην
1417 5270 1632 5341 πρῶτον
1661 5273 1774 5335 τοῖς

198 5348 505 5430 ἀνθρώποις
537 5362 787 5431 δυνατήν⁹
847 5359 967 5416 εἷτα
1001 5362 1272 5415 αἰτεῖσθαι
1318 5360 1469 5430 παρὰ
1509 5360 1645 5415 Θεοῦ
1676 5362 1773 5432 τὴν

198 5452 361 5505 αὐτοῦ
413 5452 659 5522 εἰρήνην,
698 5452 947 5524 καθάπερ
1000 5453 1097 5505 καὶ
1152 5452 1235 5522 ἐφ’
1269 5451 1511 5521 ἑκάστης
1572 5454 1774 5522 ἀρετῆς

197 5541 336 5611 ἔχει.
367 5540 527 5595 Ἐστι
564 5540 674 5612 γάρ
699 5542 1020 5612 σωφροσύνη
1049 5541 1138 5595 διὰ
1165 5542 1450 5612 ἀσκήσεως
1488 5541 1771 5611 γινομένη,

198 5630 290 5683 καὶ
319 5628 439 5682 εστι
471 5628 795 5701 σωφροσύνη
824 5630 975 5700 παρὰ
1003 5630 1138 5683 Θεοῦ
1180 5633 1248 5700 τῇ
1300 5629 1445 5699 ψυχῇ
1486 5629 1769 5699 διδομένη,

200 5724 289 5775 καὶ
307 5721 524 5791 ἀγάπη,
556 5724 652 5777 καὶ
672 5723 833 5792 εὐχὴ,
861 5723 957 5777 καὶ
979 5723 1161 5794 σοφία,
1195 5724 1292 5777 καὶ
1318 5725 1410 5777 ἐπὶ
1456 5724 1564 5776 τῶν
1594 5722 1772 5777 ἄλλων

195 5813 283 5868 τὸν
310 5812 477 5867 αὑτδν
500 5813 721 5884 τρόπον.
757 5814 852 5867 Διὰ
874 5814 1032 5867 τοῦτο
1059 5815 1153 5868 καὶ
1194 5815 1221 5867 ὸ
1270 5813 1447 5885 ἱερεὺς
1496 5815 1619 5885 περὶ
1670 5812 1770 5883 τῆς

446 5908 721 5971 ΡΔτιιοι..
759 5905 876 5966 Gn.
907 5906 1000 5966 CL
1022 5944 1040 5963 .

1876 4634 2004 4686 licat
2033 4631 2206 4685 solum
2266 4630 2384 4699 ejus
2426 4629 2568 4699 quod
2611 4642 2825 4697 aquum
2848 4634 2949 4689 est,
2974 4621 3439 4686 distributionem,

1875 4726 1969 4780 sed
2017 4725 2261 4778 absolute
2328 4736 2491 4776 omne
2546 4735 2718 4790 genus
2748 4719 2968 4774 virtutis
3002 4755 3019 4781 ,
3050 4715 3128 4769 ita
3151 4714 3238 4768 hic
3278 4714 3439 4767 etiam

1879 4833 2073 4871 nomen
2116 4816 2267 4886 pacis
2319 4824 2400 4870 est
2449 4812 2579 4882 quid
2631 4809 2981 4872 universale;
3036 4816 3122 4861 est
3152 4805 3298 4859 enim
3327 4818 3445 4857 om-

1878 4909 2025 4962 nium
2087 4907 2249 4963 simul
2312 4906 2572 4963 virtutum
2647 4912 2702 4956 et
2755 4902 3020 4955 universa:
3086 4893 3467 4965 philosophia!

1880 4994 2109 5049 fructus.
2159 4992 2344 5060 Neque
2386 4992 2529 5047 enim
2555 4988 2669 5042 ﬁeri
2700 4994 2872 5056 potest
2899 4995 2956 5038 ut
2981 4996 3168 5049 pacem
3204 4978 3441 5049 perfecte

1881 5085 2075 5138 habeat
2113 5082 2240 5148 ,tcui
2272 5082 2353 5135 vel
2409 5093 2514 5132 una
2570 5078 2747 5145 aliqua
2775 5075 2948 5127 virtus
2974 5070 3176 5135 deﬁcit,
3206 5069 3301 5124 sed
3344 5083 3441 5122 ne-

1876 5184 2032 5225 cesse
2096 5178 2178 5224 est
2221 5209 2234 5230 .
2268 5176 2326 5221 ut
2351 5167 2442 5235 qui
2483 5157 2707 5233 pacat'us
2754 5169 2840 5215 est
2867 5157 3101 5218 futurus,
3133 5168 3227 5223 per
3254 5166 3444 5207 omnes

1880 5259 2102 5325 veniat;
2133 5264 2348 5326 oportet
2394 5269 2524 5320 ergo
2574 5252 2782 5319 seipsos
2816 5247 3048 5317 primum
3082 5255 3337 5297 exercere
3375 5240 3443 5294 ad

1881 5356 2063 5417 pacem
2104 5359 2221 5414 quae
2254 5350 2432 5412 potest
2478 5339 2664 5393 haberi
2722 5336 2789 5388 ab
2819 5332 3147 5417 hominibus,
3178 5328 3374 5417 deinde
3412 5343 3441 5378 a

1883 5414 1990 5489 Deo
2015 5441 2198 5502 petere
2256 5442 2406 5482 suam
2480 5437 2666 5492 pacem
2700 5461 2729 5486 ,.
2752 5422 2890 5474 sicut
2920 5432 2980 5471 se
3011 5416 3172 5471 liabet
3193 5415 3353 5467 etiam
3389 5414 3443 5466 in

1882 5533 2206 5590 unaquaque
2258 5504 2475 5570 virtute.
2532 5510 2625 5565 Est
2680 5509 2823 5561 enim
2880 5506 3256 5573 temperantia,
3323 5516 3442 5569 qua:

1881 5617 2100 5678 paratur
2119 5618 2212 5673 per
2233 5598 2699 5659 exercitationem,
2725 5604 2775 5647 et
2798 5604 2881 5648 est
2898 5591 3252 5660 temperantia
3269 5604 3388 5657 quae
3411 5603 3442 5640 a
3510 5628 3522 5637 .

1881 5700 1989 5753 Deo
2006 5697 2164 5752 datur
2186 5693 2402 5757 animae,
2431 5700 2484 5745 et
2507 5680 2763 5750 c'liaritas,
2791 5698 2843 5740 et
2865 5684 3060 5747 o‘ratio,
3080 5690 3132 5736 et
3154 5682 3442 5748 sapientia.

1879 5798 1934 5843 et
1973 5786 2024 5839 in
2051 5784 2173 5838 aliis
2214 5782 2402 5836 eodem
2452 5779 2629 5832 modo.
2681 5774 2971 5843 Propterea
2993 5774 3153 5826 etiam
3188 5768 3442 5822 sacerdos

2893 5886 2964 5945 l3
