4150 6312
715 466 826 529 395

1983 456 2298 519 NICOLAI
2327 453 2714 514 CABASILJE

3844 443 3979 507 396

708 581 775 632 de
825 589 952 645 pace
1010 573 1094 627 illa
1146 572 1320 641 primo
1364 569 1599 640 loquitur
1630 584 1747 639 qua:
1765 584 1845 624 est
1879 571 1930 624 in
1964 581 2146 624 nostra
2180 585 2268 637 po-

2377 568 2602 636 εἰρήνης
2639 565 2853 633 ἐκείνης
2894 563 3113 645 πρώτης
3142 562 3271 631 ἡμῖν
3305 559 3608 627 διαλέγεται
3644 556 3740 625 τῆς
3771 555 3862 624 ἐφ’
3899 555 3978 624 ἠ·

710 670 922 731 tes‘tate,
953 675 1005 720 et
1040 682 1069 719 a
1092 664 1246 718 nobis
1278 673 1424 717 recte
1449 663 1560 729 geri
1594 670 1645 714 et
1676 661 2051 715 administrari
2073 673 2274 729 potest:

706 771 756 813 et
796 775 916 811 cum
956 773 1016 811 ea
1066 757 1220 824 jubet
1250 758 1314 808 ad
1350 755 1510 807 Deum
1543 752 1718 807 facere
1749 754 2048 814 orationes,
2079 753 2274 806 deinde

705 853 771 902 de
795 863 857 901 ea
885 862 1003 916 quae
1048 861 1076 899 a
1110 846 1218 899 Deo
1276 844 1457 909 datur,
1501 852 1554 897 et
1583 858 1682 913 pro
1711 857 1773 897 ea
1809 844 2074 905 hortatur,
2111 842 2272 894 Deum

704 954 860 990 orare
888 978 903 1000 ,
942 956 959 987 ‹
990 936 1238 999 Oremus,
1286 934 1472 987 dicens
1501 971 1515 997 ,
1548 948 1644 1001 pro
1678 948 1910 1002 superna
1949 949 2100 1002 pace.
2136 952 2152 983 ι
2177 931 2277 984 Pa-

705 1045 820 1080 cem
859 1038 1038 1080 autem
1086 1024 1242 1085 dicit;
1280 1038 1382 1076 non
1410 1037 1527 1076 eam
1567 1023 1735 1076 solam
1755 1036 1873 1091 qua:
1898 1033 1983 1076 est
2016 1023 2157 1075 inter
2187 1021 2273 1073 in-

703 1118 897 1171 vicem.
950 1112 1164 1181 quando
1204 1111 1333 1164 nulli
1397 1108 1534 1163 male
1568 1108 1834 1173 volumus,
1872 1124 1968 1162 nec
1999 1108 2160 1162 ullius
2184 1124 2273 1162 su-

705 1223 823 1258 mus
864 1203 1071 1274 injuriae
1108 1216 1397 1262 memores,
1421 1200 1513 1254 sed
1544 1214 1663 1253 eam
1693 1198 1853 1253 etiam
1895 1213 2014 1264 qua:
2044 1208 2126 1252 est
2147 1213 2271 1268 erga

704 1297 984 1362 ausipsos,
1017 1293 1229 1361 quando
1261 1306 1357 1345 eor
1388 1300 1634 1343 nostrum
1674 1305 1781 1344 non
1807 1290 2130 1343 condemnat
2155 1306 2271 1345 nos.

703 1385 889 1453 Magna
952 1393 1032 1435 est
1097 1390 1278 1434 autem
1347 1378 1496 1448 pacis
1523 1379 1753 1445 utilitas,
1781 1380 1864 1434 vel
1896 1381 2071 1446 potius
2106 1396 2167 1433 ea
2190 1392 2273 1433 est

700 1475 916 1525 cu-iaino
939 1471 1258 1525 necessaria.
1295 1469 1359 1524 Ut
1396 1468 1707 1538 perturbata
1748 1470 1890 1524 enim
1927 1486 2078 1526 meus
2147 1486 2269 1525 cum

706 1568 810 1615 lico
865 1562 1151 1615 conveniat
1180 1599 1194 1623 ,
1239 1560 1459 1612 minime
1518 1558 1631 1611 fieri
1667 1568 1862 1626 potest;
1892 1560 2120 1625 primum
2152 1565 2271 1627 qui-

702 1658 842 1714 dem,
868 1664 1081 1718 propter
1106 1650 1272 1715 ipsam
1293 1649 1714 1718 perturbationis
1748 1658 2015 1703 naturam.
2073 1651 2269 1716 Quem-

704 1743 988 1796 admodum
1042 1742 1186 1794 enim
1209 1756 1309 1807 pax
1350 1741 1546 1793 multos
1577 1732 1739 1792 u'num
1782 1738 1982 1801 reddit,
2014 1741 2267 1797 itaetiam

703 1831 1039 1896 perturbatio
1100 1846 1265 1882 unum
1324 1828 1489 1883 multa
1557 1828 1737 1881 ellicit.
1800 1827 2086 1892 Quomodo
2141 1844 2269 1899 ergo

2384 662 2494 727 μῖν,
2524 658 2622 725 τῆς
2644 657 2909 725 ὑφ’ήμῶν
2940 654 3401 722 κατορθουμένης,
3449 651 3545 708 καὶ
3580 648 3718 718 μετὰ
3741 648 3974 715 ταύτης

2379 748 2587 800 κελεύει
2618 749 2717 809 τὰς
2764 746 2900 816 πρὸς
2927 748 3018 797 τὸν
3075 746 3207 797 Θεὸν
3239 741 3505 795 ποιεῖσθαι
3530 742 3763 809 δεήσεις
3832 732 3973 788 εἶτα

2378 838 2507 907 περὶ
2538 838 2635 904 τῆς
2674 840 2735 891 ἐκ
2767 836 2899 889 Θεοῦ
2931 836 3233 904 διδομένης.
3262 834 3355 886 καὶ
3395 833 3598 900 ταύτης
3628 830 3791 882 ἕνεκα
3824 828 3969 895 δεη-

2376 926 2536 994 θῆναι
2565 925 2654 977 τὸν
2680 926 2811 977 Θεὸν
2840 924 3116 993 παραινεῖ,
3155 943 3173 973 ι
3206 922 3521 992 Δεηθῶμεν,
3547 920 3743 987 λέγων,
3796 918 3959 985 ὑπὲρ

2374 1016 2472 1085 τῆς
2500 1014 2703 1068 ἄνωθεν
2752 1016 2970 1084 ἀρετῆς.
3008 1032 3024 1063 ι
3067 1015 3305 1083 Εἰρήνην
3341 1012 3509 1079 λέγει,
3571 1012 3630 1063 οὐ
3678 1010 3777 1078 τὴν
3808 1009 3971 1076 πρὸς

2375 1108 2633 1175 ἀλλήλους
2669 1108 2849 1177 μόνον,
2879 1108 3005 1159 ὅταν
3032 1107 3164 1175 πρὸς
3197 1104 3454 1171 ἀλλήλους
3486 1103 3561 1173 μὴ
3596 1100 3969 1172 μνησικακᾷ-

2377 1213 2494 1265 μενο
2527 1197 2661 1249 ἀλλὰ
2684 1200 2774 1249 καὶ
2823 1198 2921 1266 τήν
2954 1197 3089 1265 πρὸς
3141 1198 3289 1265 ἡμᾶς
3323 1195 3538 1256 αὐτούς’
3568 1195 3692 1245 ὅταν
3728 1194 3760 1261 ή
3806 1207 3967 1260 καρο

2372 1286 2459 1339 δία
2502 1288 2657 1357 ήμῶν
2686 1289 2760 1355 μὴ
2794 1286 3177 1356 καταγινώσκῃ
3210 1287 3384 1355 ήμῶν.
3416 1284 3556 1337 Πολὺ
3585 1283 3641 1334 δὲ
3669 1282 3727 1333 τὸ
3753 1281 3963 1347 ὄφελος

2372 1376 2577 1444 ταύτης
2603 1377 2701 1445 τῆς
2726 1378 2972 1447 εἰρήνης’
3017 1376 3215 1444 μᾶλλον
3239 1376 3293 1429 δὲ
3324 1376 3537 1445 ἀνάγκη
3595 1372 3796 1440 ταύτης
3847 1370 3967 1440 τῆς

2373 1469 2577 1538 ἀρετῆς
2606 1470 2738 1537 ἡμῖν
2771 1469 3072 1537 πανταχοῦο
3109 1470 3199 1520 τὸν
3229 1468 3335 1536 γὰρ
3376 1465 3772 1536 θορυΰούμενον
3795 1462 3960 1514 vat-iv:

2374 1557 2494 1625 Θεῷ
2553 1549 2826 1611 συνελθεῖν
2887 1560 3165 1620 παντελῶς
3198 1560 3475 1622 ἀδύνατον,
3528 1556 3597 1609 δι’
3630 1556 3802 1624 αὐτὴν
3848 1553 3962 1621 τὴν

2373 1648 2535 1716 φύσιν
2571 1649 2661 1702 τοῦ
2703 1648 2956 1716 θορύϐου.
2990 1650 3259 1718 Καθάπερ
3290 1648 3395 1714 γὰρ
3437 1649 3470 1717 ή
3498 1648 3688 1716 είρήνη
3739 1661 3960 1697 παντα-

2371 1738 2465 1808 χοῦ
2493 1742 2618 1798 τοὺς
2647 1738 2873 1802 πολλοὺς
2904 1739 3000 1791 ἕνα
3024 1739 3286 1800 δείκνυσι,
3324 1737 3493 1798 οὕτως
3552 1738 3580 1787 ὁ
3610 1734 3836 1801 θόρυϐος
3857 1734 3962 1785 τὸν

2370 1830 2464 1879 ἕνα
2486 1828 2712 1890 πολλοὺς
2743 1830 2903 1882 ποιεῖ.
2939 1828 3060 1891 Πῶς
3077 1824 3171 1880 οὖν
3206 1827 3514 1897 ἐφαρμόσαι
3552 1826 3839 1893 δυνήσεται
3871 1822 3962 1892 τῷ

710 1922 952 1991 adaptari
983 1930 1036 1975 ct
1074 1919 1362 1973 convenire
1402 1920 1600 1989 poterit
1668 1919 1757 1971 uni
1791 1929 1843 1972 et
1874 1918 2103 1987 simplici
2129 1896 2268 1975 Ι)εοῖ

2374 1920 2455 1970 ινι.
2484 1918 2576 1970 καὶ
2606 1917 2763 1988 ἁπλῷ
2787 1916 2942 1987 ea};
2981 1918 3155 1971 ἔπειθ’
3182 1919 3263 1971 ὅτι
3320 1896 3442 1970 οὐδὲ
3481 1916 3738 1982 εὔξασθαι
3780 1916 3957 1967 δύνα-

701 2012 990 2080 Propterea
1046 2011 1190 2077 quod
1253 2024 1428 2078 neque
1476 2018 1625 2063 recte
1657 2022 1835 2073 orare,
1873 2022 2047 2075 neque
2071 2008 2270 2077 aliquid

702 2105 825 2158 boni
848 2117 910 2157 ex
932 2101 1179 2158 oratione
1208 2100 1462 2167 consequi
1485 2109 1682 2167 potest,
1714 2101 1805 2168 qui
1833 2109 1954 2151 orat
1975 2099 2092 2152 sine
2119 2113 2269 2163 pace.

704 2192 832 2246 Sive
891 2191 1033 2245 enim
1098 2189 1178 2242 ira
1211 2189 1479 2242 hominem
1509 2190 1811 2255 perturbat,
1835 2198 1888 2242 et
1923 2196 2158 2257 accepta!
2189 2188 2269 2241 in-

695 2282 856 2353 juria:
905 2278 1162 2333 memoria
1216 2292 1400 2346 pacem
1432 2292 1495 2331 ex
1521 2279 1698 2330 anima
1728 2277 1912 2345 ejccit,
1956 2292 2055 2331 nec
2081 2291 2272 2345 pecu-a-

702 2382 875 2423 torum
943 2368 1159 2435 quidem
1226 2368 1435 2418 veniam
1466 2364 1703 2418 inveniet
1745 2380 1807 2418 ex
1844 2366 2110 2429 oratione,
2156 2375 2271 2418 tan-

700 2475 815 2514 tum
883 2463 1031 2513 abest
1066 2466 1125 2510 ut
1168 2457 1326 2509 ullam
1384 2456 1546 2509 aliam
1583 2457 1812 2523 gratiam
1842 2466 2177 2526 assequatur.
2213 2461 2268 2511 Si

690 2552 825 2618 quis
856 2558 1197 2618 peccatorum
1231 2560 1454 2599 suorum
1508 2561 1669 2600 causa
1693 2561 1722 2599 a
1763 2544 2090 2601 conscientia
2132 2564 2271 2616 pun-

703 2642 866 2708 gitur,
904 2652 959 2693 et
1007 2640 1167 2693 habet
1228 2654 1322 2692 cor
1358 2638 1503 2706 quod
1544 2654 1662 2692 eum
1719 2649 1963 2705 accusat,
1990 2649 2045 2692 et
2066 2652 2126 2691 ea
2152 2655 2271 2708 per-

691 2730 1010 2783 «turbatione
1035 2728 1290 2795 agitatur,
1342 2726 1488 2781 omni
1523 2728 1662 2795 apud
1693 2727 1856 2781 Deum
1892 2727 2140 2781 libertate
2159 2729 2270 2793 pri-

661 2884 665 2891 .
703 2834 858 2877 Vallis
923 2830 1003 2875 est
1043 2860 1057 2883 ,
1086 2831 1141 2872 ιιι
1190 2821 1265 2871 ait
1300 2819 1536 2871 divinum
1564 2818 1833 2888 eloquium
1866 2833 1881 2872 :
1915 2836 1932 2868 ι
1954 2819 2018 2870 Ει
2052 2820 2269 2887 quando

701 2923 842 2971 orat,
899 2911 1015 2964 sine
1073 2910 1322 2963 libertate
1373 2908 1605 2977 loquitur
1632 2946 1647 2969 ,
1686 2926 1703 2959 ι
1737 2909 1838 2961 hoc
1858 2917 1960 2973 est,
1994 2911 2109 2962 sine
2146 2908 2267 2962 fide.

608 3000 609 3005 “
697 3002 803 3065 Qui
840 3011 1017 3054 autem
1072 2999 1188 3051 sine
1257 2998 1359 3050 fide
1402 3004 1541 3059 orat,
1578 2996 1776 3050 frustra
1807 3006 1947 3060 orat,
1982 3010 2079 3049 nec
2110 2996 2269 3049 ullam

701 3113 765 3150 ex
830 3111 893 3150 co
924 3095 1087 3147 sentit
1117 3092 1430 3144 utilitatem.
1461 3090 1755 3159 Propterea
1804 3090 2057 3158 iubemur
2105 3091 2266 3144 etiam

703 3198 823 3237 cum
881 3197 1010 3250 pace
1055 3181 1220 3234 Deum
1261 3194 1440 3243 orare,
1472 3187 1526 3232 et
1563 3186 1686 3231 ante
1755 3178 1931 3231 omnia
1981 3192 2263 3245 supernam
2294 3207 2339 3263 ο

602 3322 609 3328 ,
699 3289 889 3341 pacem
937 3285 1157 3341 petere:
1197 3282 1383 3340 postea
1439 3276 1619 3323 autem
1669 3270 1832 3323 etiam
1867 3284 1964 3337 pro
1990 3272 2107 3322 aliis
2136 3271 2268 3325 lihe-

702 3366 888 3419 ralitcr
923 3378 1107 3432 preces
1169 3362 1410 3424 fundere,
1439 3376 1542 3414 non
1572 3361 1743 3415 solum
1793 3360 2065 3423 Ecclesiae,
2091 3372 2141 3414 et
2171 3362 2267 3413 im-

700 3459 877 3528 perio,
938 3467 992 3510 et
1052 3454 1329 3520 utriusque
1377 3450 1669 3521 praefectis,
1710 3450 1791 3504 vel
1830 3450 1892 3503 iis
1928 3451 2016 3517 qui
2056 3461 2175 3504 sunt
2214 3454 2265 3505 in

702 3546 985 3614 periculis,
1037 3553 1092 3597 et
1114 3546 1276 3596 rebus
1338 3541 1583 3594 adversis
1618 3543 2017 3609 opprimuntur,
2050 3542 2140 3593 sed
2173 3558 2268 3609 pro

699 3637 956 3690 omnibus
998 3635 1222 3689 omnino
1270 3633 1579 3687 hominibus
1632 3632 1893 3685 universae
1926 3640 2099 3684 terrm.
2138 3632 2267 3686 «ιντο

702 3738 835 3792 pace
867 3723 1008 3775 enim
1036 3761 1051 3786 ,
1085 3720 1280 3787 inquit,
1318 3719 1549 3771 universi
1583 3717 1801 3781 mundi;
1834 3734 1851 3767 ι
1886 3716 2117 3770 maxime
2150 3719 2269 3785 qni-

706 3813 849 3875 dem,
886 3812 1010 3880 quia
1051 3809 1228 3863 sciunt
1253 3823 1405 3862 suum
1436 3807 1719 3862 Dominum
1760 3823 1880 3863 esse
1923 3824 2263 3862 communem

702 3903 942 3955 omnium
1009 3899 1313 3962 Dominum,
1371 3908 1424 3952 et
1459 3898 1599 3965 quod
1671 3899 1851 3951 ntunia
1896 3896 2114 3951 cicurce
2143 3908 2268 3951 sunt

696 3998 958 4056 tanquam
999 4000 1161 4052 opera
1204 4000 1322 4037 sua:
1361 3993 1411 4037 et
1442 3985 1485 4036 si
1506 3984 1627 4049 quis
1648 3998 1841 4035 eorum
1883 3997 2066 4035 curam
2092 3992 2263 4047 gerat,

700 4072 890 4141 magis
918 4085 1040 4124 eum
1097 4070 1228 4121 colit
1268 4106 1283 4131 ,
1310 4084 1468 4137 quam
1520 4069 1561 4119 si
1591 4069 1637 4119 ei
1681 4068 1963 4122 sacriﬁcet.
1999 4067 2263 4121 Prmterea

702 4172 905 4224 autem,
951 4172 1009 4212 ut
1063 4158 1226 4212 sentit
1272 4159 1461 4211 beatus
1490 4156 1708 4216 Paulus.
1736 4168 1790 4210 ut
1824 4174 1917 4211 nos
1950 4159 2048 4210 sub
2078 4171 2262 4211 eorum

700 4246 1093 4316 tranquillitate
1176 4247 1410 4313 quietam
1472 4244 1634 4297 vitam
1698 4261 1941 4314 agamus,
2011 4248 2062 4300 in
2116 4248 2261 4300 omni

676 4340 922 4405 spictate,
952 4346 1005 4389 et
1042 4338 1341 4389 honestate.
1389 4335 1453 4388 Et
1485 4350 1590 4388 non
1627 4336 1796 4389 solum
1824 4352 1920 4404 pro
1944 4337 2009 4390 iis
2040 4352 2159 4405 qum
2194 4337 2261 4389 ad

689 4428 940 4481 animam
974 4425 1263 4478 conferunt
1289 4463 1303 4487 ,
1337 4424 1427 4479 scd
1456 4425 1619 4479 etiam
1652 4440 1749 4493 pro
1790 4426 1944 4479 bonis
1971 4426 2257 4494 corporali-

703 4603 972 4656 fructuum
1018 4612 1175 4655 terrae
1212 4601 1505 4656 fertilitate.
1545 4602 1611 4657 Ut
1633 4603 1866 4657 sciamus
1887 4617 2008 4656 esse
2025 4604 2260 4657 omnium

703 4703 974 4744 auctorem
1017 4700 1071 4743 et
1099 4691 1555 4759 suppetlitatorem
1612 4691 1799 4753 Deum,
1822 4700 1876 4745 et
1907 4692 1972 4744 ad
1997 4691 2141 4744 illum
2171 4706 2261 4747 so-

698 4782 808 4832 lum
834 4780 1206 4848 respiciamus,
1232 4782 1485 4848 quoniam
1512 4781 1672 4834 etiam
1717 4795 1906 4846 panem
1939 4781 2007 4835 ab
2042 4783 2157 4850 ipso
2174 4797 2263 4851 pc-

698 4874 1201 4943 tcrequotidiattttm
1243 4888 1363 4926 cum
1397 4873 1517 4928 aliis
1547 4872 1707 4939 jussit
1743 4872 1857 4941 ipse
1882 4874 2156 4929 Christus.

1400 5074 1551 5129 CAP.
1579 5074 1718 5131 Xlll.

853 5164 989 5230 Quid
1027 5163 1124 5216 sibi
1155 5164 1260 5216 vult
1280 5166 1646 5239 misericordiae
1675 5168 1859 5238 ubique
1884 5170 2083 5235 petitio.

758 5257 896 5310 illud
916 5269 1126 5323 quoque
1146 5255 1490 5321 qumrendum
1530 5267 1630 5319 est,
1656 5274 1811 5325 quam
1838 5262 1904 5311 ob
1935 5276 2147 5312 causam
2179 5276 2264 5314 sa-

687 5346 885 5399 cerdos
924 5343 1136 5410 quidem
1187 5341 1341 5409 jubet
1370 5356 1531 5396 orare
1583 5359 1678 5413 pro
1714 5346 1896 5400 multis
1926 5355 1978 5401 et
2010 5348 2258 5403 diversis.

686 5434 1107 5490 circumstantes
1165 5440 1344 5484 autem
1404 5432 1587 5489 fideles
1618 5445 1807 5503 rogant
1849 5438 2019 5491 solum
2051 5442 2263 5493 miseri-

692 5526 930 5578 cordiam
970 5562 985 5587 ,
1026 5531 1080 5573 et
1133 5536 1248 5574 eam
1316 5522 1483 5575 solam
1531 5526 1749 5579 omnino
1783 5541 1960 5580 vocem
1985 5532 2049 5582 ad
2091 5529 2258 5584 Deum

688 5612 962 5664 emittunt.
1020 5608 1259 5661 Prin-unt
1322 5613 1541 5680 quidem
1606 5630 1705 5667 vox
1752 5615 2056 5682 ejusmodi,
2091 5634 2145 5673 ut
2180 5623 2260 5673 rii-

686 5714 835 5758 ctum
864 5710 966 5761 est,
1005 5701 1294 5768 gratiarum
1328 5705 1469 5756 actio
1514 5716 1675 5757 emet
1708 5709 2103 5763 confessionem
2126 5728 2256 5765 con-

680 5792 844 5844 tinet.
870 5792 1069 5843 Deinde
1134 5802 1161 5839 a
1204 5786 1307 5842 Dco
1345 5802 1524 5860 patere
1562 5797 2111 5865 misericordiam,cst
2138 5806 2253 5872 ejus

2360 4464 2453 4501 και
2480 4464 2786 4503 σεμνοτητι·

705 4448 940 4481 τιιιιιηςιηι
974 4448 1263 4478 cmrwruut
1289 4463 1303 4487 ν
1337 4448 1427 4479 N‘U
1456 4448 1619 4479 ενὸΙΙΙΙ
1653 4448 1749 4493 pro
1790 4448 1944 4479 υυιιιδ
1971 4448 2257 4494 (ΣυΓρυΓίΙΙΙο

703 4520 802 4570 bus
858 4514 1178 4567 necessariis
1241 4526 1462 4566 oramus
1496 4550 1511 4575 ,
1541 4512 1679 4566 bona
1727 4513 1868 4567 aeris
1910 4514 2169 4582 temperie
2210 4524 2264 4567 et

2369 4448 2453 4501 καὶ
2480 4452 2742 4520 σεμνότητ

2369 4553 2472 4588 των
2505 4538 2682 4588 μόνον.
2717 4541 2742 4588 ἀ

2370 2025 2463 2061 ται
2501 2006 2705 2070 καλῶς,
2747 2010 2865 2062 οὐδὲ
2899 2007 3201 2061 ἀπολαῦσαί
3247 2025 3299 2059 τι
3336 2008 3429 2076 τῆς
3486 2008 3650 2077 εὐχῆς
3695 2006 3878 2067 καλῶς
3923 2007 3959 2059 ὁ

2373 2099 2538 2165 χωρὶς
2570 2099 2789 2169 εἰρήνης
2844 2099 3157 2169 εἰχόμενος.
3196 2100 3316 2152 Εῐττ
3362 2099 3472 2169 γὰρ
3496 2098 3636 2170 ὀργή
3674 2101 3951 2169 ταράττει

2370 2186 2462 2237 τὸν
2525 2188 2831 2256 ἄνθρωπον,
2886 2189 2981 2241 καὶ
3049 2189 3384 2257 μνησικακία
3437 2188 3534 2258 τὴν
3568 2189 3788 2258 εἰρήνην
3846 2188 3955 2258 τῆς

2370 2276 2546 2346 ψυχῆς
2578 2277 2847 2344 ἐξέϐαλεν,
2881 2279 2999 2330 οὐδὲ
3034 2279 3323 2349 συγνῶμην
3355 2281 3577 2349 εὑρήσει
3622 2280 3733 2332 τῶν
3759 2280 3957 2349 πλημ-

2375 2368 2699 2438 μελημάτων
2724 2368 2828 2421 ὑπὸ
2860 2370 2955 2439 τῆς
2979 2370 3162 2438 εὐχῆς,
3195 2371 3373 2440 πολλῷ
3404 2371 3603 2440 μᾶλλον
3627 2372 3746 2424 οὐδὲ
3775 2371 3956 2441 ἄλλην

2371 2460 2491 2511 τινὰ
2522 2460 2747 2529 λήψεται
2768 2460 2951 2530 χάριν.
2991 2462 3114 2513 Εἴτε
3142 2463 3556 2532 ἁμαρτημάτων
3586 2464 3786 2532 ἑτέρων
3831 2464 3957 2516 ἔνε-

2374 2567 2463 2611 κα,
2506 2551 2610 2602 ὑπὸ
2655 2551 2750 2603 τοῦ
2782 2552 3081 2612 συνειδότος
3116 2556 3407 2617 κεντείται,
3443 2556 3534 2605 καὶ
3564 2553 3659 2621 τήν
3715 2555 3955 2621 καρδίαν

2370 2639 2482 2706 ἔχει
2546 2634 3052 2708 κατηγορουμένην,
3105 2641 3197 2692 καὶ
3261 2642 3447 2693 τοῦτον
3486 2641 3793 2712 θορυϐεῖται
3853 2643 3955 2696 τὸν

2371 2727 2618 2797 θόρυϐον,
2647 2729 2742 2796 τῆς
2778 2730 2911 2797 πρὸς
2932 2729 3020 2780 τὸν
3039 2728 3170 2781 Θεὸν
3198 2733 3374 2800 πάσης
3397 2732 3767 2803 ἀπεστέρηται
3796 2754 3836 2786 τε
3854 2739 3953 2804 τῤ-

2373 2818 2586 2885 ρησίας,
2621 2818 2759 2870 κατὰ
2796 2819 2860 2869 τὸ
2885 2819 3083 2885 λόγιον,
3142 2837 3160 2870 ι
3195 2821 3302 2873 Καὶ
3336 2822 3462 2873 ὅταν
3490 2821 3734 2893 εὔχηται,
3771 2827 3952 2894 χωρὶς

2373 2910 2679 2978 παρρησίας
2720 2908 2963 2978 εὔχεται,
3004 2910 3188 2963 »τοῦτ’
3211 2910 3349 2975 ἔστι,
3381 2915 3551 2982 χωρὶς
3583 2915 3836 2978 πίστεως.
3884 2918 3954 2969 Ὀ

2369 2997 2422 3049 δὲ
2456 3000 2621 3068 χωρὶς
2676 3001 2913 3063 πίστεως
2967 3003 3274 3072 εὐχόμενος,
3311 3005 3488 3075 μάτην
3538 3005 3774 3077 εὔχεται,
3845 3012 3955 3062 καὶ

2371 3095 2448 3154 είς
2469 3093 2619 3145 οὐδὲν
2652 3094 2856 3161 δφελος.
2894 3096 2990 3148 Διὰ
3010 3097 3182 3149 ταῦτα
3234 3100 3589 3168 κελευόμεθα,
3620 3166 3625 3169 δ
3653 3104 3748 3154 καὶ
3797 3106 3951 3171 μετὰ

2370 3183 2466 3252 τῆς
2504 3186 2723 3253 εἰρήνης
2750 3186 2839 3238 τοῦ
2871 3187 3002 3238 θεοῦ
3031 3188 3258 3251 δεῖσθαι,
3321 3194 3413 3242 καὶ
3448 3191 3550 3261 πρὸ
3581 3193 3798 3245 πάντων
3828 3196 3948 3265 τὴν

2373 3274 2574 3328 ἄνωθεν
2611 3276 2828 3347 εἰρήνην
2847 3279 3134 3331 αἰτεῖσθαι’
3164 3277 3387 3349 μετέίόὲ
3410 3282 3637 3347 τούτων,
3670 3284 3763 3337 καὶ
3791 3286 3951 3356 ὑπὲρ

2369 3364 2476 3415 τῶν
2504 3365 2677 3417 ἄλλων
2708 3366 3022 3434 φιλωγάθως
3044 3368 3255 3437 δεήσεις
3282 3371 3569 3436 ποιεῖσθαι,
3592 3374 3652 3426 οὐ
3682 3377 3779 3444 τῆς
3813 3376 3951 3429 Ἐκ-

2372 3454 2598 3521 κλησίας
2632 3461 2810 3524 μόνον,
2850 3458 2939 3508 καὶ
2979 3460 3073 3527 τῆς
3107 3458 3401 3527 βασιλείας,
3435 3456 3529 3515 κάι
3561 3463 3669 3517 τῶν
3695 3483 3949 3535 προστα-

2370 3547 2473 3599 τῶν
2495 3547 2783 3616 ἑκατέρων,
2817 3550 2907 3600 καὶ
2931 3549 3038 3601 τῶν
3065 3552 3120 3601 ἐν
3142 3552 3404 3613 κινδύνοις
3436 3553 3531 3605 καὶ
3553 3558 3944 3624 περιστάσεσι,

2369 3641 2457 3689 καὶ
2500 3641 2803 3706 συμφοραῖς
2849 3640 3033 3703 ὄντων,
3089 3641 3205 3693 ἀλλ’
3228 3642 3411 3704 ἁπλῶς
3442 3645 3694 3698 ἁπάντων
3723 3647 3944 3718 ἀνθρώ-

2368 3746 2484 3779 πων
2514 3729 2609 3797 τῆς
2640 3730 2962 3799 οἰκουμένης
3017 3732 3252 3795 ἁπάσης.
3283 3753 3301 3784 ι
3326 3734 3496 3805 ’Υπὲρ
3554 3737 3650 3805 τῆς
3707 3740 3943 3807 εἰρήνης

2367 3820 2495 3888 γὰρ,
2514 3816 2664 3889 ensi,
2691 3820 2783 3871 τοῦ
2813 3821 3120 3889 σύμπαντος
3149 3822 3411 3892 κόσμου’»
3442 3826 3673 3895 μάλιστα
3697 3831 3812 3897 μὲν,
3845 3834 3940 3887 ὅτι

2366 3909 2453 3961 τὸν
2476 3910 2675 3961 ἑαυτῶν
2710 3911 2981 3979 Δεσπῧτην
3013 3915 3158 3964 ίσασι
3213 3917 3386 3966 κοινὸν
3415 3917 3663 3970 ἁπάντων
3684 3920 3804 3971 δντα
3826 3909 3939 3975 Κε-

2367 3999 2585 4068 σπότην,
2610 4001 2703 4052 καὶ
2734 4002 2813 4054 ὃτι
2851 4002 3004 4069 μέλει
3036 4004 3250 4056 πάντων
3273 4007 3420 4076 αὐτῷ
3468 4008 3542 4070 ὡς
3606 4011 3937 4081 δημιουργῷ

2363 4089 2470 4141 τῶν
2490 4090 3002 4160 δημιουργημάτων·
3037 4095 3136 4146 κᾶν
3164 4113 3242 4159 τις
3273 4097 3452 4150 αὐτῶν
3483 4101 3731 4170 κήδηται,
3768 4104 3939 4173 θερα-

2364 4176 2520 4231 πεύει
2544 4179 2700 4231 αὑτὸν
2724 4182 2944 4249 μᾶλλον,
2980 4184 3010 4250 ἢ
3038 4183 3199 4236 θύων·
3239 4186 3425 4241 ἔπειτα
3455 4193 3596 4246 κατὰ
3621 4196 3710 4245 τὸν
3744 4199 3934 4264 μακά-

2366 4284 2479 4336 ριον
2509 4269 2740 4333 Παῦλον,
2783 4272 2868 4324 ἵνα
2903 4274 2993 4324 καὶ
3026 4277 3185 4343 ἡμεῖς
3215 4278 3270 4329 ὲν
3306 4280 3369 4348 τῇ
3408 4281 3615 4354 γαλήνῃ
3647 4285 3714 4337 αύ
3728 4288 3823 4338 τῶν
3866 4291 3934 4359 ᾖ-

2365 4376 2529 4452 ρεμον
2552 4360 2641 4411 καὶ
2669 4361 2889 4431 ἡσύχιον
2921 4362 3036 4430 βίον
3062 4365 3354 4437 διάγωμεν,
3386 4372 3445 4422 ὲν
3474 4374 3627 4442 πάσῃ
3666 4376 3933 4452 εὐλαϐείᾳ

2844 4455 2936 4506 καὶ
2964 4457 3061 4525 οὐχ
3107 4456 3246 4526 ὑπὲρ
3274 4459 3380 4512 τῶν
3413 4463 3492 4526 εἰς
3520 4465 3697 4537 ψυχήν
3728 4474 3928 4539 φερόν.

2504 4538 2682 4631 μόνον,
2717 4540 2852 4593 ἀλλὰ
2881 4544 2975 4595 καὶ
3005 4544 3115 4596 τῶν
3153 4549 3477 4616 σωματικῶν
3506 4553 3726 4620 ἀγαθῶν
3763 4538 3928 4631 uixd-

2368 4626 2505 4694 μεθα
2558 4628 2667 4682 τῶν
2711 4632 3046 4698 ἀναγκαίων,
3095 4637 3392 4704 εὐκρασίας
3428 4642 3626 4711 ἀέρων,
3662 4626 3929 4717 εὐφορνίας

2363 4717 2470 4769 τῶν
2519 4720 2750 4787 καρπῶν
2807 4723 2907 4790 τῆς
2955 4724 3079 4792 γῆς·
3136 4727 3202 4778 ἵν’
3233 4730 3462 4799 είδῶμεν
3502 4736 3717 4790 πάντων
3746 4741 3925 4795 αἴτιον

2364 4807 2487 4897 purga
2520 4812 2614 4861 καὶ
2652 4812 2885 4881 χορηγὸν
2917 4814 3005 4866 τὸν
3037 4814 3169 4868 Θεὸν
3232 4820 3323 4871 καὶ
3347 4822 3482 4890 πρὸς
3520 4826 3724 4879 ἐκεῖνον
3755 4832 3927 4897 μόνον

2363 4894 2599 4963 ὁρῶμεν
2639 4899 2757 4950 ἐπεὶ
2785 4900 2878 4951 καὶ
2908 4901 3072 4970 ἄρτον
3106 4904 3371 4960 αίτεῖσθαι
3400 4910 3528 4978 παρ’
3546 4914 3710 4967 αὐτοῦ
3749 4894 3927 4991 καθηε-

2369 4988 2583 5054 μερινὸν
2616 4993 2750 5057 μετὰ
2778 4992 2884 5043 τῶν
2917 4993 3089 5077 ἄλλων
3115 4996 3280 5059 αὐτὸς
3311 4999 3591 5054 ἐκέλευσεν
3616 5007 3641 5057 ὀ
3664 4988 3922 5077 Χριστός.

2923 5076 3169 5138 ΚΕΦᾹΛ.
3214 5086 3313 5140 ιιν.

2442 5169 2500 5221 Τί
2524 5170 2816 5233 βούλεται
2845 5175 2881 5239 ἡ
2918 5174 3161 5242 αἴτησις
3188 5177 3294 5231 τοῦ
3317 5179 3493 5236 ἐλέου
3510 5188 3842 5255 πανταχοῦ.

2435 5260 2703 5327 Ζητητέον
2741 5263 2794 5313 δὲ
2826 5263 3071 5330 κάκεῖνο,
3123 5266 3266 5331 τίνος
3317 5270 3477 5340 χάριν
3538 5276 3565 5325 ό
3592 5275 3695 5341 μὲν
3737 5278 3922 5348 ἱερεὺς

2365 5348 2492 5416 περὶ
2516 5350 2723 5403 πολλῶν
2753 5351 3006 5421 εὔχεσθαι
3027 5356 3235 5410 κελεύει
3259 5357 3529 5429 διαφόρων
3551 5379 3566 5393 ’
3621 5366 3670 5417 οἱ
3724 5365 3780 5420 δὲ
3822 5387 3924 5422 πε·

2366 5436 2656 5501 ριεστῶτες
2683 5442 2865 5493 πιστοὶ
2916 5442 3205 5513 ἐλεηθῆναι
3275 5449 3434 5516 μόνον
3485 5450 3754 5521 εὗχονται,
3822 5464 3923 5513 καὶ

2361 5530 2563 5598 ταύτην
2593 5532 2759 5599 μόνην
2783 5534 2874 5585 ἐπὶ
2926 5537 3080 5601 πᾶσι,
3120 5537 3229 5603 ,καὶ
3280 5538 3414 5606 μίαν
3446 5542 3582 5612 πρὸς
3637 5546 3726 5600 τὸν
3754 5549 3922 5605 -Θεὸν

2363 5620 2557 5686 ἀφιᾶσι
2587 5622 2789 5691 φωνήν.
2834 5624 3055 5693 Πρῶτον
3091 5627 3191 5695 μὲν
3224 5629 3305 5682 ὅτι
3335 5634 3559 5704 τοιαύτη
3611 5638 3762 5709 φωνή
3813 5658 3923 5695 κα-

2361 5713 2536 5777 θάπερ
2574 5716 2787 5803 εἴρηται
2828 5718 3176 5786 εὐχαριστίαν
3198 5722 3289 5774 καὶ
3324 5723 3715 5800 ἐξομολόγησιν
3758 5750 3923 5803 περ;-

2362 5807 2491 5873 ἔχει.
2534 5797 2761 5858 ’Ἑπέιτα
2795 5807 2851 5859 τὸ
2900 5808 3044 5870 ἔλεος
3073 5813 3220 5881 παρὰ
3248 5814 3343 5866 τοῦ
3401 5816 3537 5870 Θεοῦ
3572 5823 3761 5889 αἰτεῖν,
3814 5832 3921 5898 τήν
