4150 6312
709 314 812 373 415

707 428 823 482 sive
854 426 1055 495 dicere,
1083 427 1195 483 sive
1218 428 1404 484 audire
1429 429 1633 500 aliquid
1664 447 1725 486 ex
1754 433 1926 488 sacris
1954 433 2258 502 oportebit;
2295 441 2337 497 Α

707 529 764 573 et
807 519 909 574 hoc
940 520 1173 588 primum
1200 521 1430 589 signum
1466 524 1750 576 ostendere
1803 522 1966 592 hujus
2014 524 2180 578 studii
2209 532 2263 579 et

710 612 1053 676 reverentiae,
1086 612 1333 681 corpmis
1366 615 1715 679 erectionem,
1756 629 1815 672 ut
1845 632 1951 669 non
1984 617 2258 683 sedentes,

709 704 804 755 sed
838 702 970 756 recti
1017 702 1117 756 hoc
1161 719 1403 773 agamus.
1437 702 1584 758 Talis
1628 715 1710 760 est
1758 708 1900 760 enim
1951 707 2167 762 habitus
2208 716 2265 763 ct

712 791 881 857 ﬁgura
930 793 1255 861 supplicum,
1290 796 1415 848 talis
1450 796 1668 851 habitus
1717 812 2020 857 servorum.
2056 797 2149 867 qui
2194 797 2263 852 ad

708 888 898 931 nutum
952 879 1298 937 dominorum
1347 901 1561 939 onmem
1608 893 1842 941 mentem
1884 898 2117 944 erectam
2169 890 2264 944 ha-

713 969 860 1031 bent,
894 978 953 1022 ut
983 971 1162 1024 statim
1201 972 1265 1023 ad
1320 973 1708 1039 ministerium,
1735 985 2019 1046 postquam
2048 978 2262 1048 jussum

711 1060 1060 1128 arripuerint,
1091 1072 1238 1117 recta
1283 1076 1537 1131 currant;
1570 1082 1669 1121 nos
1696 1076 1875 1122 autem
1923 1084 2113 1123 sumus
2158 1070 2265 1125 Deo

712 1150 778 1200 de
827 1152 1084 1206 maximis
1128 1156 1398 1223 supplices
1444 1164 1498 1210 et
1550 1159 1695 1212 omni
1746 1157 2025 1212 servitutis
2070 1174 2268 1225 genere

712 1242 875 1296 servi.
910 1241 974 1297 Et
1000 1244 1189 1298 horum
1223 1246 1441 1315 quidem
1470 1249 1756 1303 verborum
1785 1249 1900 1305 haec
1929 1260 2013 1305 est
2039 1250 2195 1306 ratio.

1307 1446 1456 1503 CAP.
1506 1447 1669 1503 XXII.

856 1536 931 1589 De
963 1537 1182 1592 lectione
1202 1537 1597 1606 Scripturarum
1622 1551 1668 1595 et
1698 1542 1881 1596 ordine
1907 1558 2116 1607 earum,

1255 1620 1302 1660 et
1330 1608 1729 1677 signiﬁcatione.

784 1694 914 1752 Post
948 1708 1029 1753 ter
1057 1708 1303 1753 sanctum
1338 1699 1620 1769 hymnum,
1652 1701 1847 1770 legitur
1890 1701 2026 1756 liber
2054 1712 2270 1772 aposto-

713 1786 883 1851 licus;
929 1788 1124 1843 deinde
1157 1787 1542 1857 Evangelium,
1589 1769 1789 1860 hymno
1837 1796 1991 1864 prius
2043 1769 2151 1848 Deo
2200 1796 2269 1850 ab
2300 1769 2342 1823 Β

715 1876 959 1933 Ecclesia
995 1886 1231 1933 cantato.
1261 1879 1373 1934 Cur
1400 1889 1581 1935 autem
1617 1890 1742 1937 ante
1789 1884 2048 1940 lectiones
2088 1900 2273 1941 sacra-

715 1982 838 2021 rum
894 1969 1307 2038 Scripturarum
1385 1971 1553 2027 Deum
1622 1973 1945 2031 laudamus?
2000 1977 2153 2042 Quod
2219 1979 2272 2032 in

719 2058 976 2114 omnibus
1020 2069 1237 2129 oportet
1270 2061 1372 2116 hoc
1419 2062 1617 2128 facere,
1650 2066 1846 2133 quibus
1888 2066 1979 2122 ille
2021 2082 2122 2122 nos
2155 2082 2275 2136 per-

717 2157 880 2217 petuo
914 2153 1098 2214 donat,
1153 2152 1386 2206 maxime
1416 2162 1592 2207 autem
1630 2164 1854 2224 propter
1876 2159 2273 2213 assecutionem

720 2236 898 2305 magni
934 2238 1167 2307 alicujus
1212 2240 1357 2304 boni,
1397 2243 1555 2311 quale
1581 2252 1665 2298 est
1695 2244 2003 2301 divinorum
2035 2249 2277 2317 eloquio-

721 2342 841 2380 rum
914 2328 1142 2382 auditio.
1207 2329 1312 2385 Sed
1360 2332 1415 2384 in
1461 2332 1722 2400 Apostolo
1762 2337 1999 2405 quidem,
2042 2338 2276 2409 hymnus

720 2429 844 2466 eum
901 2414 1317 2483 supplicatione.
1364 2419 1595 2474 Additur
1645 2425 1788 2477 enim
1831 2424 2004 2481 illud:
2056 2446 2075 2479 ι
2119 2428 2278 2483 illise-

720 2517 859 2555 rere.
888 2521 906 2555 ι
952 2503 1008 2556 Ιή
1047 2505 1336 2575 Evangelia
1374 2518 1552 2564 autem
1589 2524 1779 2577 puram
1822 2526 1849 2564 a
1885 2512 2277 2582 supplicatione

721 2593 954 2649 l'acimus
1009 2596 1377 2665 hymnodiam,
1432 2607 1491 2653 ut
1550 2604 1790 2656 sciamus
1837 2605 1981 2672 quod
2027 2604 2277 2659 Christus

722 2698 817 2749 per
844 2683 1194 2754 Evangelium
1223 2686 1563 2758 signiﬁcatur
1590 2708 1604 2755 ;
1636 2705 1795 2759 quem
1827 2693 1919 2754 qui
1948 2694 2275 2755 invenerint,

721 2777 790 2830 iis
818 2791 981 2832 omne
1019 2778 1163 2844 quod
1208 2782 1473 2849 quaeritur
1515 2792 1596 2837 est
1659 2784 1711 2837 in
1761 2784 2027 2839 manibus.
2067 2786 2277 2841 Etenim

724 2867 871 2921 intus
905 2876 988 2921 est
1020 2870 1286 2937 Sponsus,
1320 2882 1374 2928 et
1415 2890 1523 2929 non
1570 2891 1707 2943 opus
1741 2886 1823 2933 est
1858 2881 1940 2935 eis
1977 2882 2041 2936 de
2083 2882 2191 2936 ulla
2220 2897 2279 2936 re

724 2957 1052 3025 supplicare,
1096 2975 1217 3017 eum
1254 2965 1438 3018 omnia
1483 2965 1738 3023 habeant.
1792 2970 1947 3024 Sicut
1999 2986 2099 3025 nec
2147 2987 2278 3027 con-

726 3055 1050 3102 sentaneum
1066 3051 1319 3128 jejunare
1347 3053 1487 3111 ﬁlios
1514 3055 1734 3125 Sponsi,
1764 3060 2004 3129 quandiu
2045 3068 2127 3115 est
2156 3077 2276 3115 cum
2302 3082 2348 3145 ο

724 3138 805 3192 eis
833 3137 1077 3208 Sponsus
1098 3182 1113 3207 ,
1152 3145 1246 3198 sed
1272 3158 1393 3199 eum
1425 3155 1631 3202 tantum
1665 3151 1911 3204 venerari
1940 3160 1993 3207 et
2016 3152 2272 3219 laudare,

727 3230 1159 3300 quandoquidem
1182 3248 1236 3290 et
1256 3239 1569 3306 angelorum
1592 3241 1845 3310 hymnus,
1865 3243 2077 3313 qualem
2100 3244 2276 3315 ipsum

728 3320 1003 3388 prophetae
1030 3324 1246 3384 docent,
1270 3336 1491 3395 propter
1514 3331 1757 3385 eamdem
1789 3333 2079 3396 rationem,
2101 3334 2277 3387 solum

729 3414 961 3477 hymnus
986 3421 1068 3468 est
1099 3416 1170 3469 ab
1195 3417 1344 3470 omni
1387 3422 1782 3487 supplicatione
1813 3424 1968 3479 liber.
2012 3423 2115 3478 Sed
2150 3426 2278 3493 quid

726 3500 827 3553 sibi
875 3504 988 3555 vult
1040 3504 1125 3559 hic
1158 3522 1437 3562 sacrarum
1476 3509 1801 3565 Litterarum
1851 3514 2044 3568 lectio?
2097 3514 2152 3569 Si
2196 3517 2280 3572 vis

726 3592 945 3657 quidem
980 3609 1133 3649 nsunt
1178 3599 1342 3659 scire,
1383 3601 1587 3655 dictum
1630 3615 1732 3657 est.
1760 3602 1870 3657 Nos
1901 3606 2043 3658 enim
2074 3621 2279 3676 praepa-

729 3694 845 3738 rant
895 3694 945 3738 et
1010 3700 1354 3757 rumpat-gent
1409 3703 1535 3749 ante
1597 3711 1843 3762 magnam
1898 3699 2276 3767 mysteriorqu

726 3774 1234 3835 sanctiﬁcationem.
1257 3781 1352 3835 Sin
1378 3792 1555 3837 autem
1583 3786 1780 3853 qumris
1805 3787 2279 3856 signiﬁcationem,

731 3863 939 3918 Domini
967 3867 1458 3926 manifestationem
1487 3874 1811 3943 significant,
1836 3892 1941 3945 qua
1968 3876 2293 3937 manifestae,

727 3963 816 4008 tus
858 3964 941 4011 est
970 3958 1225 4026 paulatim
1265 3973 1389 4031 post
1429 3967 1817 4019 ostensiouem.
1859 3966 2100 4022 Primum
2136 3968 2278 4023 enim

726 4047 1032 4102 ostenditur
1060 4051 1444 4120 complicatum
1479 4054 1855 4126 Erangelium,
1896 4056 2039 4128 quod
2066 4055 2281 4114 Domini

727 4138 1127 4204 apparitionem
1156 4144 1443 4213 signiﬁcat,
1462 4162 1573 4248 iper
1603 4163 1764 4216 quam
1799 4149 1975 4217 ipsum
2010 4157 2279 4205 tacentem

730 4224 888 4248 h---_
927 4236 1000 4248 Δλ.
1044 4246 1069 4248 μ
1091 4230 1155 4248 1--
1222 4247 1225 4248 ,
1379 4235 1393 4248 ι
1486 4237 1517 4248 .-
1629 4238 1659 4248 ..
1686 4237 1724 4248 ..
1760 4239 1773 4248 .
2150 4241 2181 4248 ..

730 4224 888 4279 Pater
920 4230 1178 4295 ostendit,
1210 4235 1432 4302 quando
1460 4224 1551 4290 ille
1588 4237 1724 4292 nihil
1758 4239 1987 4308 loquens
2019 4241 2280 4309 praedica-

730 4316 1023 4374 toristvoce
1060 4335 1198 4387 opus
1247 4324 1459 4380 habuit.
1500 4325 1624 4381 llaec
1668 4336 1847 4382 autem
1902 4331 2277 4398 perlectiorem

1951 318 2257 380 NICOLAI
2293 317 2679 381 CABASILJ!

3854 308 3997 369 416

2367 432 2471 483 είτε
2495 431 2595 489 καὶ
2620 428 2837 481 ἀκούειν
2867 444 2918 480 τι
2943 428 3125 497 δεήσει
3160 426 3321 496 ίερῶν
3344 441 3359 456 ⁶
3402 426 3493 479 καὶ
3525 426 3748 495 σημεῖον
3782 422 3993 475 τοῦτο

2367 520 2580 591 πρῶτον
2605 518 2881 574 δεικνύναι
2910 519 3005 589 τῆς
3040 520 3274 587 σπουδῆς
3321 516 3543 583 ταύτης,
3577 518 3670 568 καὶ
3706 519 3824 583 τῆς
3875 515 3987 567 εὖ-

2362 582 2605 675 λάἓείας,
2632 611 2729 677 τὴν
2775 582 3007 681 ὄρθωσιν
3052 607 3145 660 τοῦ
3182 582 3454 678 σωματος,
3480 582 3541 658 το
3575 607 3647 675 μὴ
3684 582 3990 673 καθημέ-

2364 721 2505 767 νους.
2558 703 2671 758 ἀλλ’
2718 703 2954 765 ἑστῶτας
2992 699 3147 756 τοῦτο
3183 699 3355 751 ποιεῖν
3386 713 3400 728 ο
3454 696 3693 749 τοιοῦτον
3734 698 3877 763 γὰρ
3918 696 3988 745 τὸ

2366 795 2548 865 σχῆμα
2579 793 2685 847 τῶν
2721 793 3093 855 ἱκετευόντων,
3122 790 3361 844 τοιοῦτον
3381 790 3443 841 τὸ
3472 788 3654 857 σχῆμα
3676 787 3792 838 τῶν
3829 788 3988 839 δού-

2365 885 2494 946 λων,
2524 886 2574 937 οἳ
2610 885 2745 953 πρὸς
2778 884 2836 935 τὸ
2868 882 3044 950 νεῦμα
3096 881 3203 935 τῶν
3232 880 3536 943 Δεσποτῶν,
3571 877 3793 932 ἅπαντα
3868 879 3989 930 τον

2367 976 2490 1029 νοῦν
2520 975 2755 1045 ἔχουσιν,
2787 974 2877 1028 ἵνα
2904 974 3039 1042 πρὸς
3069 974 3165 1042 τὴν
3191 972 3465 1026 διακονίαν
3498 970 3754 1038 ἑτοίμως,
3787 970 3990 1020 ἐττει-

2370 1069 2465 1120 δὰν
2494 1067 2553 1119 τὸ
2584 1066 2871 1121 κελευσθὲν
2903 1066 3212 1135 ἀρπάσωσι,
3237 1064 3397 1127 εὐθὺς
3415 1063 3697 1134 δράμωσιν
3728 1076 3743 1091 '
3773 1062 3987 1130 ἡμεῖς

2368 1158 2425 1211 δὲ
2460 1158 2547 1212 καὶ
2588 1158 2764 1210 ίκέται
2800 1155 2876 1225 τῷ
2907 1156 3025 1223 Θεῷ
3069 1157 3195 1225 περὶ
3230 1154 3337 1205 τῶν
3369 1152 3661 1220 μεγίστων,
3691 1150 3790 1202 καὶ
3822 1150 3988 1201 δοῦ-

2369 1250 2454 1301 λοι
2482 1249 2574 1307 καὶ
2628 1247 2874 1300 δουλείαν
2924 1245 3295 1316 παντοδαπὴν.
3330 1244 3440 1297 Καὶ
3483 1243 3593 1295 τῶν
3630 1241 3737 1311 μὲν
3760 1243 3985 1313 ῥημά-

2369 1355 2478 1393 των
2505 1336 2711 1392 τούτων
2741 1330 2896 1399 οὗτος
2921 1338 2948 1390 ὁ
2977 1336 3154 1402 λόγος.

2959 1445 3214 1498 ΚΕΦΛΛ.
3245 1443 3373 1498 KB'.

2373 1538 2507 1607 Περί
2540 1536 2643 1605 τῆς
2659 1536 3070 1615 ’ἀνατνῴσειως
3098 1534 3215 1615 τῷν
3244 1534 3525 1615 ζραςρῶν,
3562 1539 3661 1615 καί
3704 1539 3823 1607 τῆς
3859 1540 3988 1594 td-

2649 1609 2797 1672 ξεως
2825 1605 3043 1666 αὐτῶν.
3076 1605 3174 1657 καί
3205 1605 3313 1672 τῆς
3336 1610 3668 1673 σημασίας.

2445 1697 2599 1753 Μετά
2619 1697 2677 1750 δὲ
2700 1697 2791 1749 τὸν
2830 1694 3114 1779 τρθσάγιον
3144 1695 3335 1764 ὕμνον,
3364 1696 3722 1751 ἀποστολικὸν
3750 1699 3987 1766 ἀναγι-

2370 1788 2677 1855 γνώσκει-αι
2712 1786 2913 1857 βιὸλίον
2939 1806 2952 1817 ·
2977 1781 3097 1842 εἶτα
3121 1786 3180 1837 τὸ
3206 1787 3537 1855 Εὐαγγέλιον
3564 1788 3720 1855 αὐτὸ,
3744 1791 3985 1859 πρότε-

2377 1897 2467 1949 ρον
2496 1879 2665 1949 ὖμνου
2700 1878 2778 1946 τῷ
2810 1876 2929 1947 Θεῷ
2976 1876 3129 1946 παρά
3166 1876 3269 1947 τῆς
3305 1868 3630 1947 Ἕκκλησίάς
3658 1878 3979 1949 ᾀσθέντος,

2373 1972 2472 2025 Διά
2499 1970 2629 2024 τίδὲ
2671 1968 2778 2038 πρὸ
2817 1967 2925 2020 τῶν
2976 1965 3338 2035 ἀναγνώσεων
3369 1966 3533 2038 ίερῶν
3561 1967 3827 2041 Γραφῶν,
3864 1970 3981 2023 τὸν

2373 2064 2504 2116 Θεὸν
2532 2060 2851 2133 ὑμνοῦμενς
2885 2059 3009 2111 Ὀτι
3034 2057 3131 2110 ἐπὶ
3172 2058 3304 2109 πᾶσι
3334 2055 3490 2109 τοῦτο
3522 2055 3608 2121 δεζ
3638 2058 3843 2119 ποιεῖν,
3874 2054 3979 2121 οἷς

2373 2157 2578 2217 ἐκεῖνος
2611 2154 2757 2223 ἡμᾶς
2789 2152 3049 2205 ἑκάστοτε
3099 2147 3438 2218 δωρούμενος
3481 2148 3751 2201 διατελεῖ·
3787 2149 3985 2218 μάλι-

2376 2265 2483 2300 στα
2501 2247 2557 2300 δὲ
2592 2249 2648 2299 ἒν
2679 2244 2953 2308 ἐπι-τεύξει
2983 2243 3218 2313 μεγάλου
3250 2240 3391 2302 τινος
3416 2240 3625 2305 ἀγαθοῦ
3647 2256 3661 2270 ·
3692 2234 3805 2293 οἷόν
3830 2243 3977 2294 ἐστι

2375 2340 2407 2407 ἡ
2457 2338 2565 2389 τῶν
2613 2336 2772 2390 οείων
2820 2335 3016 2403 λογίων
3062 2333 3327 2404 ἀκρόασις
3356 2346 3371 2362 ·
3400 2330 3519 2384 ἀλλ’
3566 2332 3658 2384 ἐπὶ
3695 2329 3797 2397 μὲν
3857 2331 3980 2387 τοῦ

2387 2425 2712 2479 ’Λποστόλου
2743 2425 2878 2493 μετά
2902 2422 3112 2483 ἱκεσίας
3146 2420 3332 2487 ὕμνος.
3368 2418 3830 2488 Πρὸσκειταιγάρ
3867 2419 3971 2483 τὸ,

2382 2533 2401 2566 ι
2458 2514 2730 2583 Ἐλέησον.
2766 2530 2784 2563 ι
2833 2512 2955 2566 Ἐπὶ
2978 2510 3042 2563 ’δὲ
3073 2508 3166 2562 τοῦ
3199 2507 3534 2576 Εὖαγγελίου
3562 2505 3805 2576 καθαρὰν
3834 2506 3979 2567 ἱκε-

2377 2606 2497 2657 σίαν
2544 2604 2842 2673 ποιούμεθα
2893 2601 2995 2670 τὴν
3034 2600 3322 2669 ὑμνῳδίαν,
3362 2598 3450 2651 ἵνα
3506 2595 3769 2667 μάθωμεν
3812 2598 3976 2659 ὼς-ὁ

2376 2695 2608 2765 Χριστὸς
2646 2694 2732 2747 διὰ
2778 2692 2870 2747 τοῦ
2926 2691 3259 2759 Εὐαγγελίου
3295 2690 3669 2760 σημαίνεται·
3722 2687 3783 2740 ὃν
3832 2692 3973 2750 τοῖς

2375 2784 2647 2855 εὐροῦσιν,
2675 2787 2819 2839 ἅπαν
2850 2783 2907 2838 τὸ
2948 2783 3277 2852 ζητούμενον
3318 2783 3375 2834 ὲν
3403 2780 3608 2850 χερσίν.
3636 2779 3745 2831 Καὶ
3776 2778 3901 2849 γὰρ
3938 2781 3977 2831 ὁ

2377 2874 2628 2944 Νυμφίος
2678 2874 2847 2933 ἔνδον.
2885 2873 2979 2926 καὶ
3013 2874 3074 2926 οὐ
3104 2873 3260 2941 χρείά
3320 2871 3592 2924 ἱκετεύειν
3616 2869 3778 2923 αὑτὸν
3811 2870 3970 2938 περὶ

2377 2969 2608 3031 οὐδενὸς,
2637 2968 2814 3020 πάντα
2846 2967 3085 3036 ἔχοντας.
3111 2966 3319 3034 Ὥσπερ
3340 2962 3462 3015 οὐδὲ
3486 2961 3969 3032 νηστεύεινυεοὺς

2378 3058 2472 3110 τοῦ
2508 3058 2817 3128 Νυμφῶνος
2873 3057 3040 3121 εἰκὸς,
3077 3054 3163 3123 ἐφ’
3194 3057 3318 3107 ὅσον
3364 3054 3483 3123 μετ’
3513 3052 3693 3105 αὐτῶν
3730 3053 3907 3103 ἐστιν
3936 3055 3973 3105 ὁ

2379 3148 2631 3215 Νυμφίος
2656 3164 2671 3178 ⁸
2714 3147 2849 3201 ἀλλά
2885 3146 3043 3199 τοῦτο
3088 3146 3269 3213 μόνον,
3316 3144 3494 3197 σέϐειν
3527 3142 3688 3195 αὐτὸν
3715 3143 3810 3194 καὶ
3846 3144 3969 3210 ὑμ-

2380 3239 2527 3291 νεῖν’
2562 3238 2685 3290 ἐπεὶ
2724 3237 2820 3291 καὶ
2856 3240 2883 3290 ὁ
2906 3237 3016 3289 τῶν
3050 3236 3297 3303 ἀγγέλων
3324 3234 3511 3305 ὕμνος,
3558 3229 3670 3287 οἷον
3701 3233 3873 3285 αὐτὸν
3911 3235 3967 3286 οί

2381 3326 2662 3398 προφῆται
2715 3327 3050 3391 διδάσκουσι,
3094 3326 3183 3378 διά
3221 3325 3312 3381 τὸν
3368 3326 3529 3378 αὑτὸν
3571 3323 3751 3389 λόγον,
3799 3324 3972 3376 τοῦτ’

2381 3418 2513 3471 αὐτὸ
2574 3417 2733 3486 μόνον
2806 3417 2973 3487 ὕμνος
3019 3417 3166 3475 ἐστὶν
3219 3417 3429 3478 ἱκεσίας
3497 3415 3965 3485 ἀπηλλαγμένος.

2394 3508 2557 3561 Ἀλλὰ
2586 3509 2638 3560 τί
2664 3507 2914 3576 βούλεται
2956 3506 3189 3560 ἐνταῦθα
3232 3509 3264 3578 ή
3309 3506 3615 3575 ἀνάγνωσις
3640 3505 3749 3557 τῶν
3784 3505 3969 3575 ἱερῶν

2382 3597 2643 3667 Γραφῶν;
2674 3599 2733 3651 El
2764 3599 2862 3666 μὲν
2893 3599 2990 3669 τὴν
3014 3599 3204 3668 χρείαν
3235 3597 3413 3667 βούλει
3451 3597 3666 3666 μαθεῖν,
3688 3595 3918 3665 εἴρηται
3946 3612 3964 3627 ⁶

2384 3691 2868 3761 παρασκευάζουσι
2908 3694 3015 3761 γὰρ
3054 3692 3219 3760 ἡμᾶς,
3251 3691 3344 3742 καὶ
3379 3690 3811 3759 προωθαίρουσι
3843 3690 3966 3759 προ

2380 3783 2477 3836 τοῦ
2516 3783 2753 3853 μεγάλου
2808 3783 2915 3834 τῶν
2954 3784 3268 3852 μυστηρίων
3314 3772 3612 3849 ἀγιέασμοῦ.
3651 3782 3711 3833 Ei
3739 3781 3797 3833 δὲ
3845 3782 3960 3849 τὴν

2383 3875 2659 3944 σημασίαν
2706 3874 2907 3942 ζητεῖς,
2935 3873 3032 3945 τὴν
3062 3873 3367 3942 φανέρωσιν
3393 3873 3486 3924 τοῦ
3514 3872 3720 3942 Κυρίου
3750 3872 3960 3941 δηλοῦ-

2382 3983 2490 4030 σιν,
2530 3966 2596 4035 ἢν
2643 3964 2974 4039 ἐφανεροῦτο
3006 3964 3146 4018 κατὰ
3196 3965 3391 4033 μικρὸν
3424 3964 3561 4033 μετὰ
3590 3964 3689 4031 τὴν
3734 3964 3961 4015 ἀνάδει-

2382 4057 2481 4122 ξιν.
2531 4056 2751 4124 Πρῶτον
2800 4055 2899 4125 μὲν
2932 4054 3038 4125 γάρ
3084 4054 3145 4107 τὸ
3192 4053 3526 4121 Εὑαγγέλίον
3567 4053 3960 4107 ἀναδείκνυται

2382 4148 2845 4216 συνεπτυγμένον,
2886 4146 2981 4215 τὴν
3017 4144 3339 4213 ἐπιφάνειαν
3368 4142 3462 4196 τοῦ
3502 4143 3711 4213 Κυρίου
3742 4146 3958 4214 σημαῖ-

2380 4253 2470 4291 νον
2496 4252 2511 4268 ο
2539 4236 2664 4289 καθ’
2695 4236 2760 4304 ἢν
2803 4233 3095 4288 σιωπῶντα
3132 4233 3293 4287 αὐτὸν
3324 4236 3350 4286 ὁ
3388 4232 3580 4303 Πατὴρ
3638 4232 3953 4296 ἀνεδείκνυ,

2380 4329 2470 4383 ὅτε
2515 4327 2668 4380 οὐδὲν
2726 4329 2932 4388 ἐκεῖνος
2965 4325 3357 4393 φθεγγόμενος,
3406 4324 3505 4394 τῆς
3555 4323 3649 4377 τοῦ
3695 4325 3951 4394 κήρυκος

729 4406 1222 4466 ntanilestatiOuem
1274 4413 1635 4483 signiﬁcant:
1698 4434 1793 4487 per
1836 4434 2000 4489 quam
2069 4420 2280 4488 publice

2382 4419 2552 4473 ἐδεῖτο
2584 4419 2785 4487 φωνῆς.
2815 4416 2999 4469 Ταῦτα
3043 4416 3099 4468 δὲ
3133 4417 3231 4485 τῆς
3280 4413 3643 4485 φανερώσεώς
3691 4417 3809 4467 ἐστι
3842 4432 3953 4495 ση-

719 4512 850 4550 ~eum
891 4500 1148 4557 omnibus
1183 4508 1629 4570 conversahatur,
1657 4519 1707 4563 et
1746 4511 1984 4578 seipsum
2033 4513 2279 4566 ostende-

728 4589 839 4652 bat,
874 4606 981 4645 non
1011 4593 1182 4647 solum
1208 4610 1273 4648 ex
1313 4596 1377 4650 iis
1428 4613 1547 4667 quae
1598 4601 1713 4668 ipse
1737 4602 1969 4667 dicebat,
1999 4602 2092 4656 sed
2114 4604 2277 4657 etiam

728 4693 795 4731 ex
852 4679 917 4732 iis
975 4696 1095 4749 quae
1140 4683 1326 4739 docuit
1375 4690 1653 4755 apostolos
1683 4692 1886 4754 dicere,
1937 4691 2157 4747 mittens
2184 4709 2280 4748 eos

728 4766 794 4816 ad
830 4779 960 4820 oves
1013 4784 1133 4838 quae
1185 4773 1461 4841 perierant
1510 4777 1704 4832 domus
1751 4777 1936 4834 Israel.
1989 4780 2279 4851 Propterea

729 4856 983 4924 leguntur
1030 4861 1246 4930 quidem
1294 4864 1485 4919 litterae
1544 4869 1872 4937 apostolicae,
1921 4871 2118 4941 legitur
2175 4887 2280 4926 au-

730 4958 834 5001 tem
900 4949 1079 5018 ipsum
1139 4968 1357 5035 quoque
1401 4955 1776 5027 Evangelium.
1821 4962 1934 5016 Cur
1995 4978 2101 5018 non
2146 4976 2279 5033 ergo

728 5039 960 5104 primum
994 5039 1382 5111 Evangelium?
1412 5045 1549 5110 Quia
1592 5049 1930 5116 perfectioris
1968 5052 2283 5107 manifesta-

728 5127 890 5180 tinuis
916 5128 1071 5197 signa
1102 5140 1254 5197 sunt,
1280 5149 1401 5202 qua:
1442 5150 1536 5202 per
1562 5136 1734 5204 ipsum
1769 5137 2082 5205 Dominum,
2118 5158 2278 5211 quant

725 5212 847 5286 qua:
892 5234 991 5289 per
1038 5223 1314 5290 apostolos
1360 5225 1639 5282 dicuntur.
1673 5228 1807 5293 Quia
1842 5242 2019 5285 autem
2053 5248 2157 5285 non
2193 5247 2281 5287 re-

727 5318 909 5378 pente,
935 5322 990 5368 et
1030 5329 1140 5368 uno
1182 5316 1346 5371 simul
1392 5326 1633 5387 tempore
1682 5323 1934 5389 apparuit
1968 5323 2282 5385 hominibus

730 5401 994 5459 Dominus
1035 5417 1242 5480 quanto
1292 5417 1411 5463 erat
1472 5411 1669 5465 robore
1700 5420 1753 5464 et
1797 5424 1996 5480 quanta
2044 5415 2283 5473 bonitate

730 5496 859 5563 (hoc
879 5496 1027 5551 enim
1064 5474 1149 5553 es;
1178 5499 1402 5560 secundi
1427 5502 1546 5572 ejus
1577 5502 1886 5571 adventus),
1908 5504 2004 5559 sed
2036 5507 2117 5559 via
2154 5524 2276 5576 pro-

726 5586 950 5650 cedens,
990 5588 1057 5641 ab
1084 5604 1149 5643 eo
1172 5589 1320 5658 quod
1341 5602 1423 5645 est
1452 5593 1629 5647 minus
1661 5605 1928 5661 apertum,
1960 5598 2024 5649 ad
2059 5597 2108 5650 id
2137 5599 2281 5666 quod

731 5687 815 5731 cal
847 5678 1188 5750 manifestius
1215 5684 1479 5750 processit
1508 5703 1520 5740 :
1558 5702 1619 5741 ea
1645 5688 1707 5740 dc
1732 5702 1896 5742 causa
1923 5704 2015 5745 eos
2048 5690 2137 5757 qui
2165 5691 2282 5759 ejus

2384 4506 2620 4578 μαντικὰ
2667 4507 2763 4576 τῆς
2808 4506 3204 4575 τελειωτέραςο
3254 4505 3377 4559 καθ’
3403 4505 3470 4576 ἢν
3499 4506 3739 4575 δημοσίᾳ
3778 4507 3955 4559 πᾶσιν

2379 4604 2598 4671 ὡμίλει,
2630 4604 2722 4656 καὶ
2751 4604 2943 4656 ἑαυτὸν
2964 4603 3258 4668 ἐδείκνυεν,
3279 4601 3340 4655 οὐ
3367 4602 3527 4668 μόνον
3559 4600 3617 4666 ἐξ
3646 4594 3720 4654 ὧν
3752 4600 3949 4669 ἔλεγεν

2381 4696 2566 4759 αὐτὸς,
2601 4695 2738 4751 ἀλλά
2775 4696 2867 4748 καὶ
2892 4695 3049 4757 ὂντας
3099 4693 3431 4755 ἀποστόλους
3461 4692 3705 4746 ἐδίδασκε
3736 4693 3947 4759 λέγειν,

2380 4786 2612 4855 πέμπων
2643 4785 2843 4847 αὐτοὺς
2877 4784 2955 4847 είς
2982 4782 3050 4837 τὰ
3076 4782 3322 4851 πρόϐατα
3349 4782 3418 4833 τὰ
3447 4780 3765 4835 ἀπολωλότα
3791 4780 3951 4835 οίκου

2393 4876 2633 4948 Ἰσραήλ.
2671 4875 2770 4927 Διά
2812 4874 2969 4927 τοῦτο
3012 4872 3451 4939 ἀναγινώσκεται
3492 4871 3593 4938 μὲν
3635 4872 3947 4943 γράμματα

2387 4964 2741 5029 ἀποστολικὰ,
2772 4964 3206 5031 ἀναγινώσκεται
3235 4962 3292 5014 δὲ
3324 4962 3453 5013 αὐτὸ
3488 4960 3547 5013 τὸ
3588 4961 3941 5027 Εὐαγγέλιον.

2383 5059 2449 5110 Τί
2479 5057 2572 5110 οὖν
2605 5057 2679 5128 μὴ
2707 5056 2927 5127 πρῶτον
2977 5054 3037 5108 τὸ
3088 5052 3455 5121 Εὐαγγέλιονς
3490 5053 3614 5105 ’Ότι
3664 5049 3948 5106 τελειωτέ-

2386 5167 2481 5219 ρας
2512 5149 2626 5201 ἐστὶ
2673 5149 3033 5219 φανερώσεως
3082 5146 3365 5217 σημαίνειν
3404 5145 3469 5196 τὰ
3515 5144 3585 5197 δι’
3632 5142 3798 5195 αὐτοῦ
3848 5143 3942 5195 τοῦ

2384 5238 2612 5308 Κυρίου,
2642 5239 2674 5309 ἦ
2708 5239 2795 5291 διὰ
2839 5238 2947 5297 τῶν
2996 5237 3313 5289 ἀποστόλων
3360 5234 3649 5302 λεγόμενα.
3691 5233 3844 5286 Ἐπεὶ
3887 5234 3944 5286 δὲ

2383 5329 2484 5381 οὐκ
2517 5329 2713 5397 ἀθρόον
2748 5328 2922 5396 ἐφάνη
2970 5329 3081 5388 τοῖς
3117 5324 3423 5395 ἀνθρώποις
3466 5327 3494 5376 ὁ
3524 5322 3720 5392 Κύριος
3756 5324 3943 5393 ἡλῐκος

2383 5414 2450 5489 ἢν
2479 5419 2576 5488 τὴν
2633 5420 2806 5487 ἰσχὺν,
2838 5420 2931 5471 καὶ
2980 5415 3089 5479 οἷος
3118 5416 3216 5485 τὴν
3274 5413 3589 5484 ἀγαοότητα
3622 5413 3802 5483 (τοῦτο
3833 5415 3941 5482 γὰρ

2384 5510 2480 5577 τῆς
2507 5508 2769 5577 δευτέρας
2802 5506 2966 5560 αὑτοῦ
2996 5507 3348 5583 παρουσίας),
3372 5504 3606 5573 ἀλλ’ὁδῴ
3633 5504 3941 5574 προϐαίνων

2386 5600 2492 5652 ἀπὸ
2521 5599 2613 5651 τοῦ
2634 5593 2638 5597 ’
2659 5598 3027 5666 ἀφανεστέρου
3066 5599 3159 5650 ἐπὶ
3187 5596 3247 5648 τὸ
3274 5594 3653 5667 φανερώτερον
3702 5596 3896 5664 προῄει
3926 5609 3939 5624 ·

2387 5692 2574 5745 τούτου
2602 5693 2761 5763 χάριν
2787 5691 2881 5760 τὴν
2910 5691 3178 5756 ἀνάδειξιν
3204 5688 3366 5742 αὑτοῦ
3394 5690 3532 5742 κατὶ
3568 5687 3764 5756 μικρδν
3791 5703 3941 5753 γενο-
