4150 6312
132 434 239 496 ιιι
1334 435 1733 496 muneras
1777 406 1873 493 Ex
1888 426 2205 493 rosmo.
3269 427 3375 491 tts

135 551 313 617 μένην
363 547 643 601 δεικνύναι
686 546 1058 616 βουλομένοις,
1110 548 1178 600 τὰ
1227 547 1566 601 ἀποστολικά
1601 549 1707 617 πρὸ

1819 546 2184 601 ostensionem
2230 543 2486 614 paulatim
2522 543 2689 598 fuisse
2724 542 2920 597 factam
2964 542 3152 598 volunt
3187 555 3367 598 osten-

130 641 249 691 τῶν
288 639 643 707 anm).th
699 638 1135 706 ἀναγιγνώσκειν
1185 638 1350 700 είκός.
1399 639 1499 690 Διά
1548 639 1706 691 τοῦτο

1815 636 1957 703 dere,
1985 637 2287 705 apostolica
2333 636 2510 705 legere
2544 646 2667 687 ante
2690 633 2985 716 ⁸ΕνιιηευΙὶει
3020 643 3103 688 est
3144 649 3371 689 consen-

132 731 271 800 γὰρ,
310 733 402 784 καὶ
435 730 503 781 τά
535 732 637 798 τῆς
687 730 898 791 τελείας
942 728 1269 792 ἀναδείξεως
1296 726 1460 781 αὑτοῦ
1502 747 1709 797 σημαν-

1815 737 2056 782 laneum.
2085 728 2380 796 Propterea
2410 727 2552 781 enim
2586 726 2748 780 etiam
2779 741 2897 795 quze
2932 725 3220 794 perfectam
3252 726 3373 795 ejus

133 821 292 885 τικὰ,
330 820 619 872 τελευταῖα
660 819 1018 887 φυλάττεται,
1060 819 1135 881 ὡς
1163 819 1220 871 ἐν
1247 821 1359 882 τοῖς
1401 816 1527 889 ἑξῆς
1555 820 1705 873 ἔσταν

128 910 324 981 δῆλον.

707 1002 956 1056 ΚΕΦΑΛ.
1017 998 1146 1057 ΚΓ.

278 1096 416 1164 Περὶ
445 1092 567 1148 τῶν
588 1093 743 1163 μετὰ
775 1095 839 1147 τὸ
873 1089 1240 1164 ΕὐαγγέλιΟΥ
1263 1096 1582 1164 αἰτήσεων.

211 1188 371 1242 Μετά
400 1188 455 1239 δὲ
489 1186 573 1245 τὸ.
600 1186 662 1239 τὸ
700 1185 1033 1253 Εὑαγγέλιον
1063 1187 1500 1257 ἀναγνωσθῆναι,
1546 1187 1706 1253 εὔξα-

136 1280 264 1331 σθαι
300 1276 520 1330 κελεύει
568 1275 629 1328 τὺ
656 1276 859 1345 πλῆθος
900 1277 928 1327 δ
959 1276 1225 1339 διάκονος.
1255 1275 1487 1346 Εὔχεται
1527 1277 1582 1329 δὲ
1612 1274 1707 1329 καὶ

134 1370 301 1430 αὐτὰ
338 1368 517 1436 ἱερεὺς
567 1365 717 1419 ἔνδον
768 1365 889 1419 καθ’
919 1365 1114 1419 ἑαυτὸν
1156 1349 1353 1437 ἡσυχῆ,
1402 1368 1499 1431 τὰς
1542 1368 1707 1437 εὐχὰς

136 1458 371 1510 ἐκείνων
404 1457 512 1511 ὑπὸ
536 1457 633 1510 τοῦ
665 1456 801 1510 Οεοῦ
830 1458 1254 1528 προσδεχθῆναι.
1285 1456 1420 1536 Εἶτα
1452 1462 1545 1512 τὸν
1574 1460 1707 1514 Θεὸν

134 1549 503 1618 δοξολσγήσας
538 1548 754 1620 μεγάλῃ
779 1547 897 1618 βοῇ,
933 1551 1227 1613 κοινωνοὺς
1260 1551 1353 1603 καὶ
1378 1550 1578 1619 αὐτοὺς
1603 1551 1707 1620 τῆς

132 1635 454 1705 δοξολογίας
480 1637 778 1704 λαμϐάνει.
824 1638 919 1701 Τίς
949 1638 1006 1690 δὲ
1042 1640 1075 1709 ἡ
1107 1640 1258 1710 παρά
1291 1641 1509 1695 πάντων
1550 1640 1705 1711 εὐχὴ,

139 1727 381 1795 μάλιστα
408 1730 442 1799 ἡ
471 1731 611 1806 μετᾶά
643 1729 705 1782 τδ
728 1727 1055 1797 Εὐαγγέλιον
1075 1733 1356 1803 πρέπουσα
1383 1747 1398 1797 ;
1430 1732 1586 1802 ἡτῶν
1614 1749 1706 1803 τη-

136 1818 382 1885 ρούντων
412 1818 476 1870 τδ
517 1819 872 1886 Εὐαγγέλιον,
907 1821 1016 1873 τῶν
1050 1822 1446 1891 μιμησαμένων
1490 1822 1589 1892 τὴν
1621 1838 1709 1889 φι-

1810 820 2179 885 οειρηείοιιοηι
2211 817 2541 887 signiﬁcant.
2571 817 2758 871 ultima
2784 828 3093 883 servantur,
3122 829 3181 871 ut
3208 817 3358 870 tnaui~

1809 907 2005 963 festum
2042 908 2148 963 erit
2176 910 2226 961 in
2263 909 2331 962 iis
2364 923 2486 977 quae
2519 914 2965 974 consequuntur.

2399 999 2550 1056 CAP.
2588 997 2776 1052 XXIII.

2090 1092 2165 1147 De
2195 1092 2534 1161 petitionibus
2578 1074 2695 1160 post
2731 1089 3094 1161 Evangelium.

1878 1188 2169 1255 Postquam
2210 1190 2390 1237 autem
2430 1183 2628 1236 lectum
2675 1189 2761 1234 est
2808 1180 3180 1249 Evangelium,
3216 1180 3375 1249 jubet

1807 1280 2073 1335 diaconus
2102 1277 2361 1345 populum
2387 1288 2566 1329 orare.
2593 1270 2724 1327 Orat
2767 1280 2945 1325 autem
2973 1271 3121 1325 intus
3149 1271 3264 1340 ipse
3289 1286 3375 1324 sa-

1808 1373 2001 1425 cerdos
2030 1382 2123 1438 per
2148 1382 2228 1430 se,
2256 1374 2314 1419 ut
2336 1380 2525 1435 preces
2551 1363 2769 1417 illorum
2792 1360 2957 1417 a-Deo
2981 1361 3374 1430 suscipiantur.

1817 1458 2024 1521 Deinde
2067 1471 2191 1511 cum
2224 1456 2393 1511 Deum
2425 1469 2627 1524 magna
2668 1469 2798 1509 voce
2831 1453 3188 1523 glorilicavit,
3227 1452 3375 1521 ipsos

1810 1565 2029 1619 quoque
2063 1548 2245 1604 socios
2273 1557 2327 1603 et
2367 1547 2673 1617 participes.
2702 1544 3109 1616 gloriﬁcationis
3147 1544 3369 1613 accipit.

1809 1641 2113 1708 Quamnam
2149 1650 2330 1694 autem
2374 1637 2679 1692 orationem
2714 1636 2783 1692 ab
2818 1635 3069 1690 omnibus
3108 1633 3226 1687 ﬁeri
3259 1650 3377 1688 ma-

1809 1733 1954 1787 xime
1994 1732 2251 1786 convenit
2295 1740 2418 1799 post
2453 1726 2834 1797 Evangelium,
2878 1726 2983 1782 nisi
3024 1740 3121 1795 pro
3161 1726 3229 1779 iis
3278 1726 3373 1796 qui

1812 1834 2035 1881 servant
2068 1825 2445 1895 Evangelium,
2475 1825 2567 1893 qui
2597 1823 2792 1877 imitati
2825 1832 2955 1877 sunt
2982 1821 3372 1892 benignitatem

133 1908 493 1977 λανθρωπίαν
522 1910 617 1963 τοῦ
659 1911 749 1963 διὰ
787 1910 879 1962 τοῦ
907 1911 1249 1979 ,Εύαγγελίου
1303 1910 1705 1982 σημαινομένου

1815 1925 1864 1971 et
1894 1916 2293 1971 humanitatem
2321 1915 2544 1979 Christi,
2566 1914 2656 1983 qui
2681 1928 2777 1982 per
2804 1912 3155 1981 Evangelium
3204 1912 3374 1980 signi-

136 1998 406 2068 Χριστοῦ.
432 2002 696 2062 Καὶτίνες
727 1995 869 2054 οὗτοι
893 2018 908 2065 ;
937 2004 996 2055 Oi
1024 2004 1327 2072 προστάται
1346 2003 1443 2074 τῆς
1479 2003 1708 2074 Ἐκκλη-

133 2090 282 2153 aia;
320 2089 370 2141 οῖ
392 2089 544 2141 λαῶν
578 2092 858 2160 ποιμένες,
886 2092 934 2144 οἱ
963 2091 1059 2161 τὴν
1086 2092 1362 2145 πολιτείαν
1398 2093 1703 2156 τάττοντες.

132 2172 297 2232 Οὗτοι
334 2179 469 2246 γὰρ,
494 2178 543 2229 εί
572 2177 805 2240 σώζουσι
828 2179 928 2247 τὴν
967 2178 1321 2247 ἐπαγγελίαν,
1356 2179 1422 2231 τὰ
1474 2180 1592 2231 ἐκεῖ
1618 2194 1708 2246 γεο

136 2268 450 2337 γραμμένα
480 2267 711 2336 τηροῦσι
760 2268 942 2331 καλῶς
985 2268 1081 2320 καὶ
1120 2268 1452 2333 διδάσκουσι,
1504 2269 1596 2321 καὶ
1648 2267 1708 2320 τὸ

135 2358 432 2428 ὑστέρημα
447 2358 541 2410 τοῦ
562 2358 821 2427 Χριστοῦ,
849 2358 989 2410 κατά
1006 2359 1094 2411 τὸν
1111 2357 1446 2423 Ἀπὸστολον,
1460 2356 1711 2424 ,ἀναπλη-

137 2446 305 2515 ροῦσι
352 2446 474 2515 μετ’
502 2448 709 2499 ἐκεῖνον
746 2446 844 2515 τὴν
890 2445 1055 2498 αὐτοῦ
1080 2447 1314 2514 ποίμνην
1349 2446 1469 2497 κατ’
1502 2446 1709 2497 ἐκεῖνον

138 2537 560 2604 ποιμαίνοντες.
595 2537 717 2590 Ἔτι
754 2536 809 2589 δὲ
833 2538 928 2590 καὶ
961 2536 1177 2588 κτίσται
1212 2535 1372 2606 ἱερῶν
1398 2536 1583 2597 οἴκων,
1618 2535 1711 2588 καὶ

135 2628 505 2699 ἐπιμεληταὶ,
540 2627 635 2681 καὶ
690 2627 892 2700 ἀρετῆς
941 2610 1274 2690 διδάσκαλοι,
1329 2629 1425 2680 καὶ
1480 2631 1532 2680 sl!
1566 2645 1711 2691 τινες

135 2720 394 2772 ὁπωσοῦν
432 2718 517 2790 τῷ
550 2717 715 2787 κοινῷ
752 2718 853 2787 τῆς
893 2716 1223 2787 Ἐκκλησίας
1268 2719 1361 2771 καὶ
1404 2720 1515 2781 τοῖς
1550 2719 1711 2789 ἱεροῖς

134 2810 445 2872 λυσιτελεῖς
508 2810 670 2872 εἰσιν,
729 2809 811 2870 είς
846 2809 1057 2860 ἐκεῖνον
1109 2810 1361 2861 τάττουσι
1394 2812 1479 2863 τὸν
1529 2812 1708 2879 χορὸν,

138 2900 239 2952 καὶ
267 2899 381 2951 τῶν
406 2899 604 2951 κοινῶν
630 2899 769 2949 είσιν
790 2897 931 2960 ἄξιοι
961 2896 1249 2965 τυγχάνειν
1276 2898 1464 2967 εὐχῶν.
1489 2899 1713 2952 Μέλλων

138 2988 185 3041 δ’
243 2988 343 3042 ιπι
401 2976 504 3058 τὴν
556 2987 750 3041 θυσίαν
802 2987 902 3057 ήδη
956 2988 1179 3056 χωρεῖν,
1219 2982 1252 3058 ᾖ
1288 2992 1540 3058 παρεῖναι
1587 2989 1713 3049 τοὺς

140 3082 433 3151 ἀμυήτους
463 3079 525 3132 ού
562 3079 752 3149 θέμις·
794 3078 888 3140 οὓς
929 3076 1381 3147 κατηχουμένους
1411 3081 1489 3132 ἔτι
1522 3080 1715 3133 καλοῦ-

143 3188 271 3239 μεν,
304 3171 389 3223 ὃτι
420 3170 619 3239 μέχρις
648 3170 841 3237 ἀκοῆς,
871 3167 968 3221 καὶ
990 3167 1111 3220 ὅσον
1142 3168 1462 3223 διδασκαλία
1490 3170 1712 3222 δύναται

142 3264 336 3331 μόνον,
382 3260 475 3313 τὸν
504 3261 932 3331 Χριστιανισμδν
965 3261 1291 3327 ὑπεδέξαντο
1321 3276 1338 3294 ’
1372 3260 1595 3325 τούτους
1628 3264 1714 3313 ἐκ·

141 3354 337 3405 ϐάλλει
366 3350 457 3405 τοῦ
502 3350 668 3422 χοροῦ
719 3350 828 3405 τῶν
863 3352 1211 3419 Χριστιανῶν
1266 3353 1491 3413 πιστῶν.
1550 3350 1714 3421 εὐχὴν

141 3448 289 3519 ὑπὲρ
316 3446 498 3499 αὐτῶν
526 3445 796 3514 ἀναγνοὺς
818 3446 1108 3517 πρότερον.
1141 3444 1204 3500 Ἦ
1228 3444 1283 3498 δὲ
1314 3445 1470 3515 εὐχὴ,
1496 3444 1715 3497 τελειω-

141 3538 312 3609 θῆναι
360 3538 562 3599 αὐτοὺς
612 3536 708 3590 τοῦ
747 3535 1130 3606 βαπτίσματος
1185 3536 1515 3603 ἀξιωθέντας
1570 3537 1714 3590 κατά

140 3628 371 3699 καιρόν·
401 3627 438 3696 ἡ
479 3626 536 3679 δὲ
568 3626 721 3679 αἰτία
759 3628 859 3696 τῆς
909 3628 1094 3697 εὐχῆς,
1151 3626 1186 3695 ἠ
1235 3624 1329 3680 τοῦ
1386 3624 1521 3679 Θεοῦ
1558 3625 1709 3691 δόξα,

146 3735 168 3769 ι
212 3718 338 3770 Ἵνα
374 3714 474 3771 καὶ
502 3716 680 3780 αὐτοὶ,
706 3718 866 3787 φησὶ,
896 3718 994 3771 σὺν
1019 3718 1154 3789 ἡμῖν
1195 3715 1461 3782 δοξάζωσι
1491 3716 1553 3769 τὸ
1579 3716 1714 3770 πάν-

139 3827 305 3880 τιμον
329 3808 435 3863 ut
474 3809 892 3881 μεγαλοπρεπὲς
929 3809 1101 3879 ὄνομά
1144 3825 1273 3862 σου’
1327 3827 1348 3861 ι
1379 3808 1446 3879 ἢν
1494 3808 1589 3861 καὶ
1639 3808 1714 3870 ὡς

137 3897 461 3965 δοξολογίαν
521 3896 852 3967 ἀναϐοήσας,
916 3898 1009 3950 καὶ
1044 3898 1334 3959 κοινωνοὺς
1385 3895 1566 3949 λαϐὼν
1614 3896 1713 3966 τῆς

135 3989 478 4055 δοξολογίας.
505 3985 566 4039 τὺ
597 3983 800 4056 πλῆθος
826 3985 937 4039 τῶν
972 3986 1200 4051 πιστῶν,
1231 3982 1400 4055 ἀλλην
1427 3985 1592 4055 εὐχὴν
1619 3985 1714 4038 εῦ-

141 4096 328 4149 χεται,
368 4076 431 4128 ἐν
472 4070 509 4147 ᾗ
560 4070 777 4144 πρῶτον
832 4075 934 4144 μιν
964 4074 1283 4145 εὐχαριστεῖ
1324 4073 1403 4144 τῷ
1435 4073 1579 4143 οεῷ,
1631 4072 1712 4125 ὅτι

141 4171 282 4231 ὅλως
332 4164 543 4237 ἡξιώοη
602 4163 833 4219 ἐνώπιον
879 4163 1045 4219 αὐτοῦ
1094 4167 1308 4235 στῆναι,
1357 4166 1453 4217 καὶ
1523 4164 1712 4233 χεῖρας

142 4262 329 4330 αἱρεῖν
361 4256 500 4327 πρὸς
560 4254 746 4321 αὐτὸν,
798 4254 936 4324 ὑπὲρ
966 4252 1166 4307 ἑαυτοῦ
1215 4254 1312 4307 καὶ
1352 4252 1461 4307 τῶν
1504 4253 1709 4307 ἄλλων

144 4352 345 4404 ἔπειτα
393 4346 631 4401 ἱκετεύει
699 4343 1019 4413 ἀξιωθῆναι
1037 4343 1194 4397 τοῦτο
1234 4346 1410 4398 ποιεῖν
1445 4345 1534 4398 ἀεὶ
1577 4345 1714 4415 μετὰ

143 4440 392 4513 καθαροῦ
426 4437 742 4499 συνειδότος.
790 4438 855 4489 Ἦ
886 4436 941 4489 δὲ
968 4436 1118 4490 αἰτία
1148 4435 1244 4506 τῆς
1282 4436 1447 4507 εὐχῆς
1482 4435 1709 4506 ταύτης.

1796 2008 2040 2079 _ﬁcatur?
2079 2008 2141 2062 Et
2177 2008 2269 2077 qui
2319 2017 2448 2062 sunt
2484 2004 2540 2059 hi
2569 2005 2595 2058 ?
2628 2004 2892 2060 Praesules
2950 2003 3227 2066 Ecclesiae,
3274 2018 3375 2073 po-

1809 2100 2071 2169 pulorum
2119 2106 2383 2169 pastores,
2423 2096 2517 2166 qui
2556 2096 2949 2165 rempublicam
2997 2094 3274 2149 ordinant.
3308 2093 3371 2147 lli

1808 2190 1976 2254 enim,
2036 2189 2083 2243 si
2145 2196 2366 2242 servant
2416 2188 2561 2257 quod
2619 2186 2849 2256 professi
2908 2175 3218 2255 suun-qum
3260 2185 3373 2238 illic

1810 2280 2008 2347 scripta
2056 2288 2186 2332 sunt
2220 2279 2444 2346 pulchre
2476 2287 2717 2333 servant
2751 2286 2806 2332 et
2858 2277 3074 2340 docent,
3125 2284 3199 2330 et'
3226 2275 3372 2344 qucd

1811 2369 1966 2422 deest
2013 2364 2255 2431 Christo,
2310 2376 2370 2420 ut
2429 2376 2615 2421 censet
2678 2366 2992 2440 Apostolus,
3049 2365 3373 2434 adimplcnt.

1813 2466 1933 2528 post
1974 2458 2151 2522 illum,
2191 2458 2340 2512 illius
2370 2464 2581 2527 gregem
2616 2456 2691 2510 illi
2718 2455 3106 2510 convenienter
3148 2470 3376 2524 pascen-

1813 2558 1913 2603 tcs.
1971 2546 2241 2603 Praeterea
2297 2557 2474 2601 autem
2533 2548 2693 2601 etiam
2748 2560 3030 2600 sacrarum
3082 2544 3371 2599 domorum

1810 2646 2181 2692 exstructores
2224 2646 2280 2690 et
2317 2646 2624 2699 curatores,
2653 2644 2703 2689 et
2756 2634 2971 2686 virtutis
3014 2632 3285 2697 doctores,
3319 2641 3376 2685 et.

1813 2726 1859 2781 si
1892 2727 1987 2781 ulli
2015 2728 2503 2797 quomodocunque
2534 2725 2810 2781 communi
2840 2723 3097 2779 Ecclesiae
3122 2732 3176 2778 et
3200 2722 3375 2778 sacris

1812 2830 1939 2874 sunt
1967 2818 2149 2884 utiles,
2183 2818 2250 2872 ad
2294 2833 2416 2872 eum
2448 2833 2736 2871 numerum
2771 2816 3104 2877 referuntur,
3131 2824 3183 2869 et
3220 2828 3373 2869 com—

1814 2924 2009 2964 munes
2056 2923 2245 2977 preces
2285 2908 2502 2978 assequi
2539 2907 2684 2977 digni
2726 2916 2872 2961 sunt.
2916 2907 2994 2958 Ad
3046 2904 3373 2960 sacriﬁcium

1814 3010 1992 3053 autem
2022 2999 2132 3068 jam
2166 3014 2547 3068 processurus,
2571 2999 2656 3052 cui
2690 2999 2843 3053 nct‘as
2871 3008 2949 3052 est
2986 2998 3251 3051 interesse
3278 3012 3375 3052 eos

1815 3091 1906 3160 qui
1939 3105 2045 3145 non
2079 3098 2208 3145 sunt
2236 3090 2511 3162 mysteriis
2554 3089 2777 3152 initiati,
2812 3104 2949 3157 quos
2986 3104 3084 3143 nos
3122 3090 3377 3143 catechu-

1816 3194 2006 3235 menos
2028 3180 2213 3235 adhuc
2244 3194 2524 3245 vocamus,
2555 3179 2700 3247 quod
2739 3179 2802 3233 ad
2837 3178 3171 3233 auditionem
3201 3191 3375 3245 usque

1813 3280 1866 3327 et
1904 3280 2164 3341 quantum
2200 3270 2446 3325 doctrina
2479 3270 2654 3325 solum
2689 3270 2861 3325 licuit.
2893 3268 3374 3322 Christianismum

1814 3372 2201 3434 susceperunt,
2242 3378 2338 3418 eos
2388 3362 2537 3431 ejicit
2584 3377 2649 3415 ex
2692 3363 2861 3415 choro
2910 3359 3183 3425 ﬁdelium,
3237 3359 3377 3413 lecta

1814 3452 1971 3521 prius
2013 3464 2114 3519 pro
2160 3450 2240 3505 eis
2287 3451 2556 3504 oratione.
2594 3448 2783 3502 Oratio
2823 3459 3003 3502 autem
3047 3456 3152 3508 est.
3183 3455 3248 3517 ut
3274 3446 3376 3515 ipsi

1816 3538 2195 3609 perficiantur,
2222 3548 2436 3606 tempus
2472 3536 2731 3607 baptismi
2773 3536 3037 3591 assecuti.
3073 3536 3381 3591 Causaau-

1788 3635 1921 3680 'tem
1974 3626 2244 3681 orationis
2272 3636 2356 3680 est
2386 3626 2482 3680 Dei
2517 3626 2687 3696 gloria
2718 3644 2731 3680 :
2760 3616 2789 3677 ἰ
2827 3625 2893 3680 Ut
2923 3634 2977 3679 et
3021 3625 3143 3694 ipsi,
3182 3625 3376 3693 inquit,

1816 3715 2101 3769 nobiscum
2134 3706 2440 3785 gloriﬁcent
2468 3715 2618 3769 omni
2648 3730 2711 3768 ex
2740 3724 2893 3784 parte
2919 3713 3289 3768 venerandum
3324 3723 3380 3768 et

1817 3805 2165 3875 magniﬁcum
2199 3820 2395 3860 nomen
2426 3813 2597 3858 tuum.
2631 3823 2653 3865 ι
2684 3804 2857 3870 Quam
2895 3814 3183 3875 postquam
3212 3804 3378 3859 etiam
3434 3854 3437 3855 ν

1817 3904 2072 3965 tanquam
2102 3895 2549 3966 gloriﬁcationem
2579 3895 2914 3958 inclamavit,
2938 3903 2991 3950 et
3014 3895 3253 3950 ﬁdelium
3282 3912 3381 3965 po—

1818 3987 2007 4055 pulum
2036 3986 2452 4055 gloritlcationis
2483 3986 2802 4057 participem
2838 3985 3075 4055 accepit,
3101 3987 3262 4040 aliam
3296 3986 3381 4039 fa-

1816 4076 1891 4131 cit
1939 4078 2269 4143 orationem,
2308 4077 2360 4133 in
2409 4092 2515 4146 qua
2561 4076 2797 4146 primum
2831 4075 3065 4145 quidem
3118 4076 3228 4130 Deo
3269 4079 3381 4147 agit

1817 4165 2045 4237 gratias,
2085 4164 2233 4236 quod
2265 4165 2462 4236 dignus
2492 4165 2722 4220 omnino
2751 4166 2968 4220 habitus
3000 4164 3071 4220 sit
3102 4180 3283 4221 coram
3315 4180 3380 4222 eo

1817 4264 1985 4322 stare,
2031 4263 2088 4310 et
2132 4270 2329 4311 manus
2368 4255 2434 4309 ad
2478 4268 2601 4309 eum
2652 4255 2844 4311 tollere
2889 4269 2989 4324 pro
3029 4272 3089 4311 se
3134 4265 3189 4311 et
3227 4256 3380 4324 aliis;

1820 4353 2084 4415 praeterea
2137 4355 2279 4411 orat,
2336 4353 2395 4399 ut
2444 4345 2640 4415 dignus
2696 4359 2912 4415 semper
2958 4346 3223 4401 habeatur
3279 4346 3383 4401 hoc

1827 4436 2009 4491 facere
2040 4450 2164 4491 cum
2194 4449 2332 4505 pura
2373 4434 2729 4491 conscientia.
2770 4435 2950 4491 Causa
2993 4444 3174 4489 autem
3219 4436 3383 4507 hujus

141 4538 174 4605 ἡ
209 4532 309 4587 τοῦ
366 4528 504 4583 Οεοῦ
544 4527 703 4592 δόξαο
739 4545 759 4579 ι
811 4528 934 4581 Ὀτι
985 4527 1067 4580 σοὶ
1113 4526 1336 4593 πρέπει,
1375 4527 1532 4598 φησι,
1567 4530 1712 4581 πᾶσα

1822 4540 2039 4597 quoque
2063 4525 2331 4581 orationis
2371 4534 2456 4581 est
2491 4526 2583 4580 Dei
2615 4526 2811 4594 gloria.
2853 4545 2872 4578 ι
2899 4526 3168 4592 Quoniam
3208 4537 3259 4582 te
3286 4528 3383 4581 de-

142 4625 296 4690 δόεαο
328 4641 349 4674 ι
371 4620 471 4673 καὶ
500 4617 643 4672 οὕτω
686 4618 828 4671 κατά
853 4617 914 4671 τὸ
940 4617 1127 4680 εἰωθὸς
1172 4617 1309 4687 μετά
1350 4616 1443 4669 τοῦ
1474 4615 1716 4686 πλήθους

141 4712 541 4783 δοξολογήσας,
569 4710 735 4763 πάλιν
758 4710 847 4778 ἐφ’
868 4709 1056 4763 ἑαυτὸν
1077 4709 1105 4759 ὁ
1136 4709 1313 4778 ἱερεὺς
1338 4706 1554 4777 εὔχεται
1577 4706 1716 4776 ὑπὲρ

143 4808 356 4867 αὐτῶν,
389 4800 606 4856 καὶτοῦ
632 4802 891 4872 πλήθους,
943 4799 1085 4852 ὥστε
1145 4798 1307 4853 αὐτὸν
1350 4799 1717 4867 ἀκατάκριτον

147 4896 508 4968 παραστῆναι
547 4897 610 4962 τῇ
649 4894 782 4963 ἁγίᾳ
808 4891 1091 4962 τραπέζῃ,
1149 4888 1387 4957 καθαρὸν
1435 4885 1717 4956 μολυσμοῦ

149 4988 360 5058 σαρκὸς
403 4986 496 5037 καὶ
544 4982 881 5053 πνεύματοςο
915 4980 1039 5043 τοὺς
1068 4980 1124 5033 δὲ
1167 4979 1597 5048 συνευχομένους
1633 4995 1719 5031 πι-

149 5080 318 5140 στοὺς
349 5078 463 5130 τῶν
516 5072 831 5143 μυστηρίων
863 5070 1155 5141 μετασχεῖν
1201 5061 1517 5137 ἀξιωθῆναι,
1551 5068 1719 5138 χωρὶς

150 5174 349 5241 ὲνοχῆς
404 5168 502 5221 καὶ
553 5163 953 5234 κατακρίσεως,
1015 5164 1108 5216 καὶ
1162 5160 1297 5230 πρὸς
1355 5158 1567 5221 τούτοις
1621 5158 1718 5226 τῆς

155 5260 443 5332 βασιλείας
476 5256 586 5311 τῶν
619 5255 865 5325 οὐρανῶν
894 5254 1297 5322 κληρονομῆσαι
1319 5264 1338 5281 σ
1380 5251 1473 5302 καὶ
1574 5250 1721 5303 αίτία

150 5329 253 5423 ﬁ;
279 5352 450 5421 εὐχῆς
479 5350 641 5413 πάλιν
680 5351 715 5417 ἡ
748 5346 842 5401 τοῦ
873 5345 1008 5399 Θεοῦ
1053 5344 1199 5409 δόξα,
1231 5346 1307 5407 είς
1343 5342 1411 5400 ἦν
1451 5344 1479 5394 δ
1513 5329 1722 5404 ΙΊαῦλος

153 5443 439 5503 ἐκέλευσε,
474 5440 649 5506 λέγων
671 5451 687 5467 ⁸
725 5455 743 5489 ι
790 5436 973 5489 Πάντα
998 5426 1075 5497 εἷς
1107 5432 1263 5498 δόξαν
1295 5429 1429 5483 Οεοῦ
1463 5432 1715 5483 ποιεῖτε.»

156 5534 331 5587 Τοῦτο
367 5533 499 5601 ἡμῖν
534 5530 676 5581 ἔστω
705 5524 981 5595 πανταχοῦ
1016 5524 1240 5586 σκοπὸς,
1280 5525 1434 5590 φησὶ,
1467 5520 1557 5572 τὸν
1589 5518 1722 5571 Θεὸν

157 5622 503 5690 δοξάζεσθαι.
538 5619 605 5672 Οί
637 5618 875 5688 γεωργοὶ
900 5616 1056 5679 τέλος
1084 5612 1360 5666 ποιοῦνται
1389 5610 1497 5662 τῶν
1527 5610 1719 5673 πόνων,

159 5718 259 5785 τὴν
292 5711 471 5783 φορὰν
500 5710 610 5763 τῶν
647 5709 898 5780 καρπῶν,
937 5708 1023 5776 ἐφ’
1059 5700 1139 5768 οἷς
1183 5702 1463 5771 αἱροῦνται
1501 5703 1683 5753 πονεῖν
1707 5714 1722 5728 ο

159 5809 252 5861 καὶ
281 5807 328 5859 οῖ
364 5804 598 5875 ἔμποροι
626 5803 687 5854 τὸ
727 5800 937 5875 κέρδος,
974 5799 1068 5851 καὶ
1101 5798 1258 5857 ἄλλος
1289 5795 1417 5849 ἄλλο
1451 5806 1524 5847 τι’
1564 5793 1721 5862 ὑμεῖς

1817 4626 1924 4678 cet.
1975 4615 2174 4685 inquit,
2220 4616 2400 4671 omnis
2446 4616 2650 4686 gloria;
2680 4635 2698 4669 ι
2732 4626 2786 4671 et
2826 4618 2898 4671 ita
2948 4627 3231 4687 postquam
3281 4632 3381 4687 pro

1820 4721 1972 4762 more
1997 4720 2120 4771 cum
2151 4706 2354 4776 populo
2383 4705 2730 4776 glo‘riﬁcavit,
2768 4723 2963 4763 rursus
2993 4708 3134 4777 apud
3166 4723 3223 4763 se
3262 4712 3385 4763 Orat

1818 4811 1920 4866 pro
1955 4796 2139 4864 seipso
2195 4806 2247 4851 et
2293 4797 2512 4867 populo,
2543 4803 2603 4850 ut
2646 4798 2888 4867 seipsum
2929 4798 3147 4861 quidem
3182 4808 3383 4854 sancta:

1818 4898 2022 4939 mensas
2071 4898 2180 4937 non
2226 4883 2697 4938 condemnandum
2749 4883 3023 4947 exhibeat,
3073 4898 3266 4951 purum
3314 4883 3384 4937 ab

1822 4974 2239 5041 inquinamento
2281 4959 2465 5028 ean-nis
2504 4982 2558 5027 et
2600 4974 2879 5042 spiritus:
2925 4988 3020 5036 eos
3066 4985 3248 5026 autem
3288 4975 3381 5043 qui

1821 5078 1929 5118 una
1962 5072 2279 5133 precantur,
2313 5063 2519 5127 ﬁdeles.
2565 5072 2622 5117 ut
2650 5078 2771 5118 esse
2803 5064 3185 5133 mysteriorum
3212 5066 3385 5133 panti-

1822 5156 1971 5224 cipes
2001 5154 2149 5225 digni
2187 5155 2509 5217 habeantur,
2542 5156 2746 5223 absque
2784 5162 2934 5208 reatu
2968 5162 3021 5207 et
3054 5154 3387 5207 condemna-

1823 5250 1991 5311 tione,
2018 5259 2072 5302 et
2100 5256 2360 5316 praeterea
2388 5247 2650 5301 caelorum
2675 5260 2844 5316 regno
2877 5244 3023 5314 digni
3056 5244 3380 5304 habeantur.

1824 5339 1890 5394 Et
1923 5338 2187 5392 orationis
2221 5352 2411 5391 rursus
2438 5352 2601 5391 causa
2629 5345 2713 5391 est
2757 5337 2853 5391 Dei
2900 5336 3097 5404 gloria,
3130 5336 3185 5388 in
3217 5350 3382 5405 quam

1824 5429 2007 5484 omnia
2054 5428 2232 5484 iacere
2281 5427 2437 5495 jubet
2483 5427 2708 5493 Paulus,
2746 5428 2977 5482 dicens:
3033 5445 3051 5477 ι
3082 5426 3279 5482 Omnia
3325 5428 3382 5480 in

1826 5520 2057 5591 gloriam
2089 5519 2181 5572 Dei
2218 5510 2403 5573 facit'e.
2435 5534 2453 5570 ι
2498 5516 2597 5572 Hic
2629 5518 2723 5582 sit,
2749 5517 2943 5587 inquit,
2975 5518 3132 5573 nobis
3169 5530 3389 5585 semper

1826 5625 2049 5681 secpus,
2078 5609 2249 5665 Deum
2296 5608 2626 5681 gloriﬁcare.
2671 5607 2935 5679 Agricola:
2984 5606 3386 5662 laborumrsibi

1828 5701 1989 5755 ﬁnem
2041 5704 2353 5769 proponunt
2383 5698 2677 5757 fructuum
2699 5698 3132 5768 productionem,
3168 5708 3388 5769 propter

1828 5794 1964 5859 quos
1994 5790 2224 5847 libenter
2252 5788 2542 5858 laborant;
2581 5799 2912 5847 mercatores
2941 5800 3122 5845 autem
3148 5790 3399 5863 lucrum,
