4150 6312
752 433 855 493 627

2008 420 2233 481 NICOL
2250 422 2313 477 \l
2354 420 2494 477 CAP-
2514 419 2739 478 \SIL.’E

3888 424 4003 487 428

752 547 1007 598 tionem.»
1039 538 1153 594 Non
1186 537 1439 607 jussi=sct
1466 546 1645 589 autem
1696 535 1891 598 facere,
1923 535 2021 589 nisi
2051 542 2192 587 esset
2230 548 2297 600 po

2426 541 2505 587 εις
2558 533 2647 598 τὴν
2680 528 2819 596 ἐμὴν
2852 528 3185 594 ἀνάμνησιν,
3219 546 3236 579 ι
3275 529 3372 583 οὐκ
3418 530 3482 583 ἂν
3531 532 3786 595 κελεύσας
3836 537 4003 585 τοῦτο

750 640 1004 687 testatem
1046 630 1299 693 daturus,
1332 637 1390 682 ut
1423 638 1644 697 possent
1668 626 1771 679 liot:
1802 624 1999 679 facere.
2056 623 2120 677 Et
2158 636 2316 692 ‘quze—

752 738 876 777 nam
908 731 991 776 est
1056 719 1341 789 potestas?
1385 718 1620 787 Spiritus
1678 727 1925 782 sanctus,
1963 716 2051 785 qui
2106 731 2168 769 ex
2213 716 2320 767 alto

751 814 1031 885 apostolos
1076 814 1329 873 armavit,
1405 812 1542 865 sicut
1575 825 1604 864 a
1662 809 1890 863 Domino
1924 807 2055 878 ipsis
2115 807 2318 861 dictum

748 915 873 959 est:
914 903 1141 957 tSedete
1162 902 1217 954 in
1242 900 1461 955 civitate
1513 898 1838 959 Jerusalem,
1897 899 2071 951 donec
2128 896 2322 949 indua-

746 996 880 1049 mini
915 995 1115 1049 virtute
1148 1008 1211 1047 ex
1230 994 1388 1047 altoa
1420 990 1532 1045 Hoc
1554 1000 1635 1045 est
1665 1006 1800 1059 opus
1826 989 1971 1042 illius
2000 987 2316 1042 descensus.

746 1085 863 1140 Non
894 1085 1037 1140 enim
1068 1084 1235 1137 semel
1270 1082 1571 1145 descendit,
1610 1082 1803 1135 deinde
1835 1095 1932 1134 nos
1963 1079 2201 1147 reliquit,
2227 1078 2321 1131 sed

750 1188 837 1232 est
871 1178 1045 1232 eterit
1075 1190 1290 1244 semper
1318 1174 1624 1227 nobiscum.
1656 1171 1951 1240 Propterea
2001 1171 2145 1223 enim
2197 1183 2319 1222 eum

748 1268 1194 1331 inisitServator,
1230 1277 1285 1320 ut
1331 1265 1615 1319 nobiscum
1670 1271 1888 1316 maneat
1945 1262 1997 1314 iu
2036 1270 2319 1314 internum.

744 1360 813 1413 Et
871 1360 1077 1422 alium,
1115 1358 1312 1427 inquit,
1374 1358 1692 1411 advocatum
1753 1354 1961 1407 mittam
2032 1353 2206 1415 vobis,
2265 1360 2324 1405 ut

744 1462 965 1507 maneat
988 1451 1270 1504 vobiscum
1316 1452 1366 1502 in
1393 1457 1678 1511 arternum,
1712 1464 1729 1497 ‹
1755 1445 2017 1514 Spiritum
2048 1443 2317 1506 veritatis,

744 1560 908 1614 quem
944 1543 1178 1597 mundus
1203 1558 1311 1596 non
1345 1549 1521 1610 potest
1546 1540 1811 1605 accipere,
1878 1536 2005 1605 quia
2043 1552 2148 1590 non
2180 1537 2324 1590 videt

746 1638 948 1705 ipsum,
983 1650 1081 1689 nec
1114 1633 1393 1702 cognoscit
1427 1631 1601 1700 ipsum
1626 1644 1747 1683 :vos
1772 1639 1952 1683 autem
1987 1628 2320 1697 cognoscitis

744 1728 949 1795 ipsum,
990 1724 1117 1794 quia
1148 1724 1288 1792 apud
1328 1738 1423 1777 vos
1454 1732 1652 1783 manet,
1698 1730 1751 1775 et
1785 1730 1865 1775 est
1920 1721 1970 1773 in
2024 1720 2233 1775 vobis.»
2271 1719 2322 1773 ls

670 1804 671 1807 6
743 1832 842 1885 per
872 1831 1089 1869 manum
1110 1824 1165 1868 et
1192 1816 1425 1884 linguam
1463 1814 1806 1868 sacerdotum
1840 1814 2157 1884 mysterium
2192 1829 2317 1883 per-

744 1909 876 1978 agit.
905 1908 1094 1976 Neque
1120 1920 1251 1959 vero
1299 1906 1561 1974 Spiritum
1616 1904 1791 1959 solum
1822 1905 1971 1959 misit
1992 1905 2057 1958 ad
2088 1919 2185 1958 nos
2219 1904 2318 1956 Do—

743 2000 947 2062 minus,
979 2003 1039 2050 ut
1072 2004 1289 2048 maneat
1315 1994 1600 2049 nobiscum
1630 2012 1645 2049 ι
1702 1994 1792 2048 sed
1827 1993 1941 2063 ipse
1972 1994 2130 2047 etiam
2167 1994 2319 2064 polli-

744 2089 883 2141 citus
911 2094 1012 2151 cst,
1052 2100 1110 2141 se
1138 2086 1423 2139 nobiscum
1456 2100 1777 2139 mansurum
1838 2100 2011 2149 usque
2064 2086 2130 2138 ad
2182 2100 2315 2139 con-

743 2176 1165 2231 summatiouem
1186 2174 1368 2227 saeculi
1395 2188 1410 2226 :
1436 2172 1527 2226 sed
1556 2170 1871 2225 Paracletus
1906 2171 2125 2240 quidem
2163 2170 2315 2225 adest

743 2267 1083 2320 invisibiliter
1133 2265 1261 2332 quia
1286 2265 1399 2332 ipse
1415 2277 1611 2334 corpus
1634 2278 1739 2317 non
1772 2265 2022 2331 gestavit.
2056 2262 2313 2317 Dominus

740 2372 918 2413 autem
942 2356 1156 2410 videtur
1177 2367 1229 2408 et
1251 2364 1620 2408 contrectatur
1646 2369 1743 2422 per
1765 2355 2071 2408 veneranda
2093 2364 2310 2408 etsacra

741 2450 1016 2519 mysteria,
1057 2458 1115 2501 ut
1156 2448 1247 2516 qui
1276 2458 1516 2501 nostram
1551 2455 1797 2507 naturam
1835 2457 1885 2501 et
1908 2445 2230 2515 susceperit,
2258 2454 2312 2499 et

739 2541 879 2595 ferat
928 2541 983 2593 in
1052 2549 1335 2593 aeternum.
1377 2537 1497 2598 llaec
1559 2548 1644 2593 est
1693 2537 1983 2592 sacerdotii
2042 2546 2306 2605 potestas,

740 2631 829 2685 hic
860 2643 943 2685 est
978 2628 1257 2684 sacerdus.
1286 2626 1496 2682 Etenim
1551 2628 1643 2696 qui
1672 2628 1909 2695 seipsum
1958 2628 2125 2681 semel
2152 2628 2310 2681 obtu-

740 2722 803 2776 lit
832 2732 885 2775 et
916 2718 1263 2783 sacriﬁcavit,
1312 2732 1343 2770 a
1396 2716 1704 2771 sacerdotio
1775 2731 1880 2771 non
1926 2717 2182 2782 cessavit,
2216 2716 2307 2771 sed

740 2820 1061 2881 perpetuum
1118 2811 1219 2863 hoc
1272 2809 1521 2861 sacrilicii
1583 2823 1785 2862 munus
1832 2808 1989 2862 nobis
2037 2808 2173 2871 obit,
2214 2821 2309 2877 per

739 2904 885 2972 quod
924 2902 1087 2955 etiam
1115 2911 1195 2953 est
1260 2899 1559 2953 advocatus
1596 2913 1694 2967 pro
1744 2900 1902 2953 nobis
1928 2900 1995 2953 ad
2045 2897 2221 2953 Deum
2252 2899 2307 2953 in

739 2993 1169 3055 :etcrnumuQua
1201 2990 1265 3043 de
1294 3006 1457 3043 causa
1487 2991 1537 3044 ei
1570 2990 1775 3045 dictum
1826 2998 1944 3045 est:
1985 2988 2095 3044 «Tu
2132 3006 2189 3045 es
2216 3006 2307 3045 sa-

740 3084 932 3138 cerdos
960 3082 1011 3134 in
1037 3090 1357 3135 aeternum.»
1416 3080 1711 3150 Propterea
1752 3081 1900 3134 nulla
1937 3090 2021 3136 est
2055 3082 2307 3136 ﬁdelibus

2423 623 2619 682 ποιεῖν,
2662 621 2707 671 εἰ
2736 619 2809 687 μὴ
2848 618 3079 688 δύναμιν
3112 620 3359 688 ἐνθήσειν
3401 621 3610 691 ἔμελλε,
3642 624 3779 675 ὥστε
3832 623 4003 676 δύνα-

2427 713 2551 763 σθαι
2586 710 2746 763 τοῦτο
2774 713 2967 763 ποιεῖν.
2998 713 3206 772 Καὶτίς
3232 716 3263 780 ἡ
3319 714 3586 782 δύναμις
3639 713 3711 766 T6
3761 714 4000 782 Πνεῦμα

2421 804 2479 856 τὸ
2525 802 2700 871 ἆγιον,
2749 803 2781 872 ἡ
2814 803 2869 867 ἐξ
2895 802 3059 871 ὕψου-ς
3090 804 3215 866 τοὺς
3240 805 3566 867 ἀποστόλους
3606 806 3875 858 ὁπλίσασα
3907 808 4004 857 δύ-

2423 912 2603 963 ναμις,
2629 894 2768 945 κατά
2792 894 2849 945 τὸ
2888 886 3177 964 εἰρημένον
3215 895 3352 963 πρὸς
3376 897 3569 958 αὖτοὺς
3624 898 3727 948 ὑπὸ
3752 898 3849 949 τοῦ
3879 900 3999 950 Κυ-

2429 990 2565 1057 ρίου-
2599 1005 2616 1037 ι
2658 986 2847 1053 Ὑμεῖς
2874 984 2926 1036 δὲ
2950 985 3205 1037 καθίσατε
3239 988 3295 1037 ὲν
3330 989 3394 1055 τῇ
3424 987 3575 1039 πόλει
3629 972 3999 1056 Ιερουσαλὴμ,

2425 1078 2527 1137 ἕως
2560 1072 2620 1130 οὗ
2648 1076 2936 1143 ἐνδύσησθε
2976 1074 3208 1143 δύναμιν
3234 1076 3292 1141 ἐξ
3322 1075 3509 1143 ὕψους.
3548 1097 3565 1128 ι
3594 1078 3765 1129 Τοῦτο
3813 1079 3874 1129 τδ
3908 1079 4005 1146 ἐρ-

2428 1183 2525 1235 γον
2548 1167 2763 1233 ἐκείνης
2791 1165 2889 1231 τῆς
2932 1164 3187 1218 καθόδου.
3236 1166 3310 1217 Οὐ
3353 1166 3459 1233 γὰρ
3516 1164 3777 1216 κατελθὸν
3820 1164 3999 1230 ἅπαξ,

2426 1250 2546 1307 εἶτα
2570 1254 2933 1307 ἀπολέλοιπεν
2970 1256 3143 1324 ἡμᾶς,
3179 1253 3314 1305 ἀλλὰ
3340 1253 3460 1322 μεθ’
3488 1255 3646 1322 ἡμῶν
3708 1254 3849 1316 ἔστι,
3898 1259 4003 1308 καὶ

2425 1346 2578 1400 ἔσται
2614 1348 2776 1417 μέχρι
2807 1346 3026 1409 παντός.
3070 1347 3170 1398 Διά
3203 1345 3361 1399 τοῦτο
3403 1347 3511 1415 γάρ
3550 1348 3796 1415 ἔπεμψεν
3858 1349 4002 1400 αὐτὸ

2425 1436 2452 1487 6
2481 1437 2692 1505 Σωτὴρ,
2745 1436 2831 1487 ῖνα
2874 1436 3008 1506 μένῃ
3042 1434 3161 1503 μεθ’
3196 1433 3353 1503 ἡμῶν
3380 1437 3457 1495 είς
3507 1436 3597 1487 τὸν
3635 1437 3831 1498 αἰῶνα,
3870 1455 3888 1487 ι
3934 1437 4000 1487 τὸ

2427 1526 2649 1597 Πνεῦμα
2688 1530 2790 1595 τῆς
2818 1527 3094 1596 ἀληθείας·
3126 1526 3152 1577 6
3181 1528 3207 1577 6
3250 1527 3450 1595 κόσμος
3509 1527 3568 1578 οὗ
3604 1526 3829 1579 δύναται
3892 1528 3999 1579 λα.-

2425 1619 2559 1681 6εἰν,
2593 1619 2675 1670 ὅτι
2704 1618 2767 1670 οὐ
2788 1602 2983 1688 θεωρεῖ
3008 1618 3160 1679 αὐτὸ,
3189 1617 3307 1668 οὐδὲ
3351 1617 3611 1685 γινώσκει
3641 1619 3792 1683 αύτδ,
3830 1620 4001 1687 ὑμεῖς

2424 1708 2479 1760 δὲ
2519 1707 2814 1775 γινώσκετε
2867 1709 3018 1769 αὐτὸ,
3069 1709 3165 1760 ὅτιε
3210 1710 3340 1776 παρ’
3376 1709 3506 1776 ὑμῖν
3559 1710 3727 1775 μένει,
3786 1712 3881 1762 καὶ
3941 1713 4001 1762 ὲν

2427 1798 2554 1866 ὑμῖν
2590 1799 2703 1851 ἔστι
2769 1816 2787 1847 ι
2825 1797 2993 1879 Τρῦτο
3014 1797 3103 1849 διὰ
3133 1798 3232 1866 τῆς
3253 1799 3434 1867 χειρὸς
3479 1799 3573 1851 καὶ
3604 1801 3699 1867 τῆς
3738 1799 4000 1868 γλώσσης

2422 1889 2529 1941 τῶν
2560 1890 2749 1959 ἱερέων
2801 1889 2868 1941 τά
2902 1891 3183 1959 μυστήρια
3234 1889 3626 1957 τελεσιουργεῖ,
3682 1891 3788 1942 Καὶ
3834 1893 3895 1941 οὔ
3942 1894 4003 1943 1:6

2420 1978 2573 2045 ἅγιον
2608 1978 2833 2046 Πνεῦμα
2883 1979 3042 2047 μόνον
3069 1977 3312 2047 ἔπεμψεν
3342 1979 3370 2029 6
3405 1978 3604 2047 Κύριος
3641 1979 3795 2047 ἡμῖν,
3846 1969 4001 2031 ὥστε

2422 2070 2603 2137 μένειν
2636 2069 2753 2139 μεθ’
2779 2069 2958 2137 ἡμῶν,
2978 2068 3111 2121 ἀλλὰ
3138 2071 3230 2121 καὶ
3258 2069 3420 2129 αὐτὸς
3447 2071 3474 2121 6
3496 2067 3699 2137 Κύριος
3730 2068 4001 2137 ἐπηγγεί-

2415 2157 2545 2211 λατο
2588 2161 2769 2228 μένειν
2825 2158 2943 2226 μεθ’
2980 2160 3158 2227 ἡμῶν,
3209 2159 3317 2220 ἕως
3390 2160 3487 2226 τῆς
3538 2158 3851 2222 συντελείας
3898 2159 4000 2231 τοῦ

2416 2248 2634 2312 αίῶνος·
2660 2249 2777 2301 ἀλλ’
2804 2251 2831 2301 6
2861 2249 2957 2317 μὲν
2990 2248 3345 2318 Παράκλητος
3394 2248 3643 2316 ἀοράτως
3674 2250 3998 2318 πρόσεστιν,

2413 2342 2495 2393 ὅτι
2522 2341 2679 2409 σῶμα.
2704 2342 2863 2403 αὐτὸς
2886 2342 2986 2393 οὐκ
3012 2343 3295 2409 ἐφόρεσεν.
3334 2338 3392 2392 Ὀ
3427 2340 3481 2392 δὲ
3518 2339 3718 2410 Κύριος
3751 2341 3842 2393 καὶ
3863 2342 4000 2410 όρᾶ-

2411 2450 2523 2497 ται,
2555 2434 2649 2485 καὶ
2692 2434 2837 2501 ἀφῇς
2865 2432 3134 2500 ἀνέχεται,
3164 2431 3253 2483 διά
3277 2431 3385 2483 τῶν
3424 2431 3666 2500 φρικτῶν
3711 2432 3806 2482 καὶ
3832 2416 4000 2499 ίερῶν

2416 2522 2748 2591 μυστηρίων,
2795 2520 2867 2581 ὠ,
2895 2520 2960 2573 ἄν
2995 2519 3092 2589 τὴν
3124 2522 3401 2589 ἡμετέραν
3445 2520 3607 2588 φύσιν
3641 2524 3733 2575 καὶ
3764 2521 4002 2591 δεξάμε-

2411 2630 2519 2677 νος,
2546 2615 2639 2664 καὶ
2665 2612 2844 2679 φέρων
2877 2613 2955 2672 είς
2988 2612 3079 2663 τὸν
3120 2612 3308 2664 αἰῶνα.
3371 2611 3517 2681 Αὕτη
3550 2611 3650 2680 τῆς
3683 2614 3999 2682 ἱερωσύνης

2407 2698 2659 2775 ὥνάμις,
2690 2700 2842 2766 οὗτος
2874 2707 2900 2755 6
2936 2704 3137 2774 ἱερεύς.
3169 2706 3242 2757 Οὐ
3276 2708 3381 2775 γάρ
3415 2704 3561 2769 ἅπαξ
3596 2707 3786 2758 ἑαυτὸν
3820 2724 4001 2775 προσ-

2416 2798 2641 2865 αγαγὼν
2690 2798 2785 2849 καὶ
2852 2795 3039 2857 θύσας,
3074 2797 3352 2849 ἐπαύσατο
3387 2799 3481 2865 τῆς
3507 2798 3775 2867 ἱερωσύνη
3813 2840 3827 2861 ,
3854 2800 3999 2851 ἀλλά

2410 2890 2633 2958 διηνεκῆ
2678 2888 2883 2957 ταύτην
2940 2889 3247 2957 λειτουργεῖ
3295 2890 3392 2958 τὴν
3438 2890 3781 2961 λειτουργίαν
3832 2891 3989 2959 ἡμῖν.

2408 2982 2531 3035 καθ’
2552 2982 2619 3051 ἢν
2649 2981 2742 3032 καὶ
2776 2981 3125 3050 παράκλητος
3148 2984 3280 3050 ἡμῖν
3306 2984 3425 3035 ἐστι
3455 2984 3591 3052 πρὸς
3619 2983 3709 3033 τὸν
3755 2982 3889 3035 Θεὸν
3926 2982 3997 3034 δι’

2409 3074 2626 3138 αἰῶνος,
2654 3065 2715 3125 οὗ
2744 3073 2905 3142 χάριν
2923 3074 3139 3140 είρηται
3167 3073 3300 3142 πρὸς
3328 3074 3514 3138 αὑτὸν,
3551 3092 3569 3123 ι
3593 3073 3664 3125 Σὺ
3696 3074 3882 3144 ἱερεὺς
3912 3075 3996 3135 είς

740 3176 808 3230 de
840 3178 1107 3228 donorum
1130 3170 1560 3226 sanctiﬁcatione
1612 3172 1899 3240 dubitatio,
1952 3187 2051 3227 nec
2084 3173 2151 3228 de
2194 3172 2310 3227 aliis

2416 3167 2505 3218 τὸν
2541 3164 2736 3219 αἰῶνα.
2777 3183 2795 3217 ι
2829 3166 2928 3217 Διά
2972 3165 3131 3218 τοῦτο
3159 3164 3383 3232 οὐδεμία
3434 3166 3547 3225 τοῖς
3600 3165 3809 3226 πιστοῖς
3862 3167 3996 3231 περὶ

740 3264 1036 3335 mysteriis,
1078 3265 1122 3316 si
1147 3262 1440 3318 secundum
1493 3264 1828 3331 pr0positum
1854 3274 1909 3317 et
1961 3262 2308 3318 sacerdotum

738 3370 929 3427 preces
962 3361 1308 3423 peragautur.
1335 3354 1398 3407 Et
1431 3351 1543 3407 haec
1571 3352 1785 3421 quidem
1811 3354 2097 3408 hactenus.

1265 3617 1419 3673 CAP.
1451 3617 1620 3673 xxut
1672 3619 1774 3688 (l).

739 3729 817 3787 De
869 3732 935 3785 iis
967 3732 1020 3784 in
1061 3732 1247 3793 quibus
1306 3730 1486 3783 Latini
1543 3747 1639 3785 nos
1684 3730 2105 3800 reprehendunt,
2150 3740 2200 3788 et
2235 3732 2305 3788 ad

1135 3800 1582 3868 reprehensionem
1614 3803 1904 3871 responsio.

810 3893 910 3947 llic
948 3904 1127 3946 autem
1179 3892 1356 3945 Latini
1387 3893 1604 3961 quidam
1654 3902 1840 3947 nostra
1870 3894 2302 3963 reprehendunt.

739 3986 936 4040 Dicunt
968 3986 1134 4047 enim,
1167 3993 1288 4053 post
1324 3986 1549 4039 verbum
1585 3984 1823 4048 Domini,
1868 3986 2161 4068 «Accipite,
2212 4002 2304 4043 co—

739 4078 988 4141 medite,»
1025 4086 1079 4128 et
1110 4091 1229 4143 quae
1258 4083 1583 4145 sequuntur,
1620 4075 1687 4129 ad
1731 4076 1831 4128 lioc
1867 4084 1925 4129 ut
1952 4076 2300 4132 sanctiﬁcen-

739 4179 826 4222 tur
859 4168 1021 4232 dona,
1074 4166 1219 4219 nulla
1254 4166 1484 4235 amplius
1512 4181 1650 4235 opus
1710 4167 1912 4221 habere
1946 4168 2214 4233 oratione,
2245 4180 2305 4224 ut

737 4274 856 4325 qua:
893 4274 921 4310 a
960 4258 1121 4311 verbo
1167 4258 1379 4310 Domini
1422 4257 1659 4326 perfecta
1692 4264 1837 4314 sint:
1870 4268 2156 4328 propterea
2211 4262 2303 4330 qui

738 4358 1023 4417 postquam
1055 4349 1170 4400 lizec
1194 4347 1354 4400 verba
1383 4348 1643 4411 dixerint,
1679 4361 1874 4417 panem
1910 4348 2179 4411 et.vinum
2207 4365 2305 4403 no-

737 4442 1055 4501 minant,.et
1089 4448 1345 4507 tanquam
1382 4438 1622 4492 nondum
1679 4439 2029 4493 sanctiﬁcatis
2082 4454 2305 4509 precan-

2409 3254 2503 3308 τοῦ
2530 3253 2802 3325 ἅγιασμοῦ
2838 3254 2949 3308 τῶν
2978 3254 3166 3326 δώρων
3207 3252 3527 3321 ἀμφιϐολία,
3570 3252 3689 3305 οὐδὲ
3721 3254 3850 3321 περλ⁵
3882 3254 3995 3305 τῶν

2410 3347 2585 3401 ἄλλων
2614 3347 2872 3411 τελετῶν,
2905 3348 2953 3399 εἰ
2981 3345 3121 3399 κατά
3154 3344 3252 3414 τὴν
3282 3342 3544 3413 πρόθεσιν
3572 3344 3664 3396 καὶ
3693 3344 3790 3405 τὰς
3819 3344 3994 3414 εὐχὰς

2408 3438 2517 3501 τῶν
2594 3438 2787 3509 ἱερέων
2843 3437 3252 3492 ἀποτελοῦνται.
3322 3437 3433 3489 Καὶ
3484 3428 3660 3490 ταῦτα.
3734 3435 3834 3504 μὲν
3909 3437 3994 3497 είς

2408 3527 2679 3581 τοσοῦτον.

3010 3616 3255 3672 ΚΕΦΔΛ.
3293 3616 3386 3670 ΚΘ
3405 3654 3418 3669 .

2408 3730 2551 3800 Περὶ
2571 3726 2660 3785 ὧν
2692 3730 2837 3801 ἡμῖν
2861 3729 3120 3801 ἐνταῦθά
3153 3746 3311 3795 τινες
3342 3729 3585 3785 Λατῖνοι
3620 3730 3988 3799 μέμφονται.

2763 3801 2859 3852 καί
2882 3805 3028 3868 πρὸς
3044 3800 3276 3867 μέμψιν
3309 3801 3627 3865 ἀπολογία.

2479 3888 2744 3944 Ἐνταῦθα
2770 3890 2827 3944 δέ
2853 3908 2996 3951 τινες
3024 3892 3239 3944 Λατῖνοι
3269 3890 3380 3943 τῶν
3411 3891 3700 3962 ἡμετέρων
3728 3892 3974 3966 ἐπιλαμ-

2406 3976 2681 4033 ϐάνονται.
2712 3979 2849 4031 Φασὶ
2872 3980 3002 4048 γάρ,
3044 3980 3181 4047 μετά
3210 3981 3299 4031 τὸν
3322 3980 3418 4033 τοῦ
3445 3982 3650 4050 Κυρίου
3702 3983 3887 4049 λόγον,
3920 3986 3984 4036 τὸ

2409 4085 2431 4121 ι
2469 4070 2699 4132 Λάϐετε,
2736 4070 2959 4137 φάγετε,
2997 4088 3017 4122 t
3056 4071 3148 4121 καὶ
3179 4071 3247 4121 τὰ
3276 4070 3423 4139 ἑξῆς,
3456 4074 3591 4141 πρὸς
3620 4071 3681 4123 τδ
3708 4073 3954 4143 ἁγιασθῆ

2408 4178 2496 4215 ναι
2529 4164 2597 4214 τά
2646 4162 2819 4228 δῶρα,
2868 4162 3142 4231 μηδεμιᾶς
3172 4161 3333 4231 εὐχῆς
3389 4161 3470 4215 ἔτι
3498 4162 3728 4227 δεῖσθαι,
3756 4164 3832 4225 ὼς
3884 4166 3991 4218 ὑπὸ

2406 4254 2499 4306 τοῦ
2533 4254 2812 4321 Κυριακοῦ
2853 4254 3009 4320 λόγου
3040 4254 3364 4321 τελούμενα.
3430 4255 3531 4307 Διὰ
3567 4256 3725 4310 τοῦτο
3760 4259 3807 4309 οἱ
3844 4259 3989 4327 μετά

2405 4345 2466 4397 τὸ
2487 4348 2729 4399 ἀνειπεῖν
2775 4344 2945 4398 ταῦτα
2975 4345 3042 4397 τά
3074 4345 3317 4414 ῥήματα,
3361 4344 3522 4414 άρτον
3564 4347 3656 4398 καὶ
3685 4342 3826 4399 οἶνον
3850 4365 3987 4401 κατ-

2404 4434 2785 4502 ονομάζοντες,
2819 4434 2911 4485 καὶ
2963 4433 3039 4495 ὠς
3086 4434 3256 4502 μήπω
3306 4435 3640 4501 ἀγιασθεῖσιν
3694 4435 3982 4505 εὐχόμενοι

740 4543 825 4585 tur
857 4530 1364 4595 sauctilicationeui,
1393 4538 1589 4598 praeter
1615 4529 1667 4583 id
1694 4529 1840 4597 quod
1878 4529 2198 4583 inﬁdelitate
2228 4534 2306 4582 Ia-

2414 4525 2498 4576 τὺν
2554 4525 2849 4593 ἀγιασμὺν,
2888 4525 3023 4594 πρὸς
3052 4524 3130 4593 τῷ
3184 4524 3413 4595 ἀπιστίᾳ
3446 4528 3645 4591 νοσεῖν,
3678 4528 3828 4593 φασὶ,
3888 4531 3982 4581 καὶ

740 4624 953 4683 borant,
974 4620 1245 4688 inquiunt,
1286 4634 1475 4671 vanam
1504 4617 1793 4687 quamdam
1832 4634 1946 4671 rem
1971 4627 2025 4671 et
2046 4632 2306 4687 superva-

739 4726 961 4765 caucam
997 4710 1224 4763 faciunt.
1261 4708 1414 4773 Quod
1450 4716 1630 4762 autem
1669 4709 1770 4763 hoc
1801 4709 2027 4763 verbum
2058 4708 2306 4776 estquod

739 4802 877 4853 dona
935 4799 1163 4868 perﬁcit,
1195 4798 1409 4863 beatus,
1451 4798 1723 4865 inquiunt,
1769 4799 2188 4868 Chrysostmnus
2229 4807 2307 4853 te-

740 4888 1144 4952 s'atur,diccns,
1179 4886 1321 4955 quod
1373 4888 1825 4955 quemadmodum
1864 4887 2045 4956 opifex
2102 4904 2303 4953 sermo,

740 4979 828 5033 hic
888 4979 1112 5041 scilicet,
1170 4978 1441 5032 ICI'CSCilC
1486 4988 1542 5033 et
1589 4978 2077 5047 multiplicamini,»
2126 4979 2306 5033 semel

739 5086 769 5124 a
807 5069 912 5123 Deo
950 5069 1126 5123 dictus
1146 5079 1250 5133 cst,
1276 5084 1489 5139 semper
1527 5078 1708 5123 autem
1741 5080 2018 5138 operatur,
2045 5071 2116 5123 ita
2144 5070 2304 5125 etiam

738 5161 843 5214 hoc
893 5161 1143 5222 verbum,
1186 5160 1353 5213 semel
1380 5175 1408 5212 a
1464 5161 1751 5213 Servaturc
1779 5162 2007 5225 dictum,
2044 5170 2304 5230 perpetuo

737 5258 1013 5319 operatur.
1059 5249 1161 5311 Qui
1195 5265 1321 5317 ergo
1354 5264 1462 5301 sua:
1501 5250 1731 5305 orationi
1789 5253 1960 5317 magis
1992 5250 2295 5317 conﬁdunt,

737 5356 898 5409 quam
930 5342 1095 5394 verbo
1149 5339 1383 5401 Domini,
1441 5344 1675 5409 primum
1736 5344 1955 5411 quidem
1982 5359 2105 5397 eum
2137 5360 2300 5398 accu-

809 5518 883 5587 (1)
914 5516 1028 5570 Duo
1057 5518 1171 5571 haec
1197 5518 1405 5585 integra
1430 5520 1626 5584 capita,
1662 5535 1850 5587 nempe
1874 5519 1943 5573 29
1969 5528 2021 5571 et
2050 5521 2140 5585 50,
2172 5536 2288 5575 me-

736 5590 843 5642 rito
869 5590 920 5639 iu
956 5597 1125 5640 totum
1147 5598 1331 5640 essent
1353 5588 1739 5658 expungeuda;
1768 5606 1891 5643 nam
1921 5591 2117 5644 delirat
2140 5591 2293 5644 Grie-

738 5673 836 5710 cus
866 5660 969 5709 iste
1001 5658 1406 5719 schisntuticus,
1430 5660 1751 5710 existimans
1806 5674 1911 5712 non
1948 5663 2082 5714 solis
2115 5664 2299 5715 verbis

736 5728 898 5781 istius
926 5727 1352 5779 consecrationis
1379 5728 1571 5779 conﬁci
1603 5728 2023 5793 l‘lucliaristiam,
2059 5730 2151 5783 sed
2184 5730 2305 5783 aliis

742 5815 978 5873 quoque,
1022 5813 1140 5864 qua;
1200 5798 1605 5849 excitet-urunt
1659 5798 1912 5867 Liturgiis
1936 5810 2303 5869 apponuntur.

2414 4617 2642 4687 μάταιόν
2671 4634 2726 4669 τι
2762 4620 2855 4669 καὶ
2889 4616 3160 4687 παρέλκον
3190 4618 3423 4686 πρᾶγμα
3466 4618 3733 4671 ποιοῦσιν.
3776 4618 3897 4673 Ὀτι
3926 4623 3981 4673 δὲ

2409 4704 2566 4769 οὗτός
2597 4710 2746 4760 εστιν
2780 4710 2807 4759 6
2832 4708 3008 4773 λόγος,
3032 4709 3061 4759 6
3082 4706 3151 4759 τὰ
3180 4708 3328 4775 δῶρα
3357 4708 3600 4773 τελειῶν,
3632 4712 3659 4761 ὁ
3688 4710 3979 4778 μακάριος.

2410 4803 2562 4869 φασὶ,
2614 4800 3001 4869 Χρυσόστομος
3042 4802 3311 4868 μαρτυρεῖ
3367 4799 3541 4866 λέγων
3590 4802 3673 4853 ὅτι
3728 4804 3915 4854 καθάπ
3952 4818 3981 4868 ρ

2409 4894 2437 4943 6
2468 4892 2861 4961 δημιουργικδς
2896 4891 3074 4957 λόγος,
3106 4890 3188 4954 τὸ,
3227 4909 3243 4940 ι
3272 4889 3578 4955 Αὺξάνεσθε
3636 4894 3729 4944 καὶ
3769 4894 3989 4961 πληθύ-

2410 4981 2588 5043 νεσθε,
2621 5000 2641 5032 ι
2674 4981 2888 5051 εἴρηται
2915 4980 3013 5047 μὲν
3047 4980 3195 5046 ἅπαξ
3222 4980 3325 5032 ὑπὸ
3357 4981 3451 5032 τοῦ
3480 4982 3638 5046 Θεοῦ,
3672 4984 3979 5051 ἐνεργεῖται

2405 5072 2462 5124 δὲ
2488 5074 2595 5124 ἀεί’
2623 5071 2766 5125 οὕτω
2798 5072 2892 5137 καὶ
2921 5070 3077 5138 λόγος
3116 5065 3270 5133 οὗτος
3299 5071 3444 5136 ἆπαξ
3498 5072 3682 5143 ῥηθεὶς
3733 5075 3835 5126 ὐπό
3880 5076 3978 5127 τοῦ

2406 5163 2680 5233 Σωτῆρος,
2713 5163 2802 5215 διά
2827 5163 3027 5223 παντὸς
3070 5164 3301 5230 ἐνεργεῖ.
3339 5163 3402 5215 Οἱ
3452 5164 3630 5216 τοίνυν
3664 5168 3729 5234 τῇ
3767 5166 3980 5219 ἑαυτῶν

2406 5256 2537 5324 εὐχῇ
2566 5254 2889 5324 θαρροῦντες
2921 5253 3118 5321 μᾶλλον
3146 5255 3177 5321 ἣ
3210 5253 3285 5321 τῷ
3320 5256 3579 5324 Κυριακῷ
3626 5257 3791 5326 λόγῳ,
3820 5259 3974 5326 πρῶ.

2403 5361 2494 5397 τον
2526 5346 2622 5413 μὲν
2679 5345 2963 5398 ἀσθένειαν
3002 5344 3165 5395 αὑτοῦ
3210 5348 3731 5415 καταγινώσκουσιν,
3786 5348 3980 5402 ἔπειτα.

2400 5519 2597 5594 Verum
2636 5519 2839 5594 [indum
2884 5523 3044 5575 istum
3101 5520 3411 5576 Graecorum
3463 5537 3708 5577 errorem
3744 5525 3970 5594 egregie

2405 5591 2766 5645 conlutarunt
2801 5592 3087 5645 Bcssarion
3139 5595 3431 5647 cardinalis
3462 5594 3731 5658 Nicaemis,
3768 5591 3974 5649 libJ‘De

2407 5662 2572 5713 verbis
2631 5661 3061 5720 consecratio’nis,
3094 5672 3147 5713 et
3199 5662 3285 5713 alii
3356 5666 3621 5715 innumeri
3666 5666 3974 5719 Ol'llltttIOXl.

2416 5730 2545 5803 Vide
2588 5731 2990 5792 Btildl'lllillum,
3028 5733 3118 5784 lib.
3167 5747 3218 5785 tv
3255 5733 3326 5784 De
3350 5732 3708 5794 liurlmristia,
3736 5752 3856 5803 cap.
3893 5736 3975 5797 ii,

2418 5802 2505 5865 15,
2548 5804 2628 5854 H.
