4150 6312
242 388 354 453 .m

1446 402 1846 501 LlTUliGhﬁ
1882 400 2317 463 EXPOSITIO.

3413 392 3521 456 434

241 509 453 562 τιθέναι
490 509 581 561 τἰν
612 508 797 576 ἄρτον,
835 508 908 579 τῷ
942 507 1098 581 {Epig
1134 513 1446 580 ἁγιάζεται,
1480 517 1507 569 δ
1557 519 1621 588 δὴ
1664 520 1838 589 μύρον

1945 516 2254 570 conﬁcitur.
2291 513 2560 568 Prteterea
2605 521 2787 567 autent
2843 521 3192 581 peccatorum
3240 512 3526 567 remissio-

240 601 335 653 διὶ
362 601 469 651 τῶν
494 600 665 671 εὐχῶν
691 601 1177 671 τελεσιουργεῖται.
1203 608 1321 659 Ἔτι
1350 609 1403 661 δὲ
1428 611 1520 664 καὶ
1546 612 1832 682 ἁμαρτιῶν

243 691 449 758 ἄφεσιν
480 692 565 754 τίς
598 693 731 760 ἡμῖν
761 691 924 746 δώσει
957 694 1209 764 βεϐαίως,
1250 698 1358 752 τῶν
1390 701 1579 769 ἱερέων
1611 706 1702 756 καὶ
1733 706 1833 775 τῆς

244 782 433 834 αὐτῶν
479 782 714 853 δεήσεως
761 786 1287 858 ἀμφιδαλλομένωνς
1343 793 1454 846 Καὶ
1504 793 1656 847 οὐδὲν
1706 796 1836 850 ἄλλο

243 878 458 943 ὶοιπδν,
504 880 534 948 ἦ
569 882 747 933 nivea
780 882 871 935 τὸν
910 885 1339 957 Χριστιανισμδν
1380 890 1441 942 ἐκ
1475 890 1640 959 μέσου
1674 892 1833 961 ποιῆ-

250 987 362 1029 σαι,
398 976 514 1032 ταῖς
544 975 918 1044 καινοτομίαις
951 977 1379 1042 ἀκολουθοῦντας
1407 982 1610 1036 αὐτῶν.
1640 984 1832 1037 Φαίνε-

242 1075 337 1109 ται
395 1061 579 1111 τοίνυν
623 1063 696 1125 ῶς
732 1064 961 1127 ἐκείνοις
1007 1067 1208 1135 μᾶῖσλον
1251 1069 1300 1122 οἳ
1347 1071 1520 1124 ταῦτα
1565 1073 1830 1138 ἀξιοῦσιν,

248 1150 305 1196 in
348 1149 650 1222 ἀμςιεολὲᾳ
682 1156 857 1206 κεῖται
892 1158 960 1210 τὰ
992 1159 1087 1226 τῆς
1122 1160 1346 1231 ἀρετῆς,
1384 1163 1479 1215 καὶ
1514 1164 1679 1218 πολὺν
1720 1166 1833 1235 ἔχει

244 1237 309 1286 τη.
343 1240 582 1305 πρᾶγμα
612 1240 875 1306 κὲνδυνον,
908 1244 1167 1317 ἀλλότρια
1194 1249 1302 1301 τῶν
1337 1254 1621 1321 πατρικῶν
1654 1272 1834 1321 παρα·

242 1326 451 1379 δίσκον
490 1332 583 1381 καὶ
641 1328 738 1398 τῆς
800 1336 857 1385 έν
920 1337 1110 1400 αὑταῖς
1158 1334 1458 1407 ἀσφαλείᾶς
1502 1344 1831 1401 ἐπινοοῦσιν.

246 1418 373 1469 Ὅτι
410 1421 508 1486 μὲν
541 1421 648 1490 γὰρ
682 1426 709 1474 ὀ
740 1423 871 1483 Θεὸς
906 1427 1199 1495 εὐχόμενος
1228 1431 1487 1495 ἐπινεύει,
1528 1435 1624 1486 καὶ
1647 1435 1833 1492 δίδωσι

246 1508 475 1577 Πνεῦμα
508 1511 660 1579 ᾶγιον
694 1517 806 1577 τοῖς
834 1518 1079 1571 αἰτοῦσιν
1110 1521 1297 1586 αὐτὸν,
1332 1526 1425 1581 καὶ
1458 1526 1611 1578 οὐδὲν
1642 1527 1838 1581 ἀδυνα-

241 1600 331 1650 τεῖ
375 1603 488 1662 τοῖς
520 1604 659 1668 μετὰ
691 1605 926 1667 πίστεως
952 1606 1115 1661 αὑτοῦ
1154 1610 1453 1679 δεομένοις,
1490 1614 1652 1676 αὖτδς
1683 1608 1836 1669 εἶπεν

242 1693 274 1742 ὁ
330 1691 461 1755 θεός
540 1696 634 1747 καὶ
675 1697 900 1768 οὐδεμία
940 1703 1157 1773 μηχανὴ
1204 1704 1298 1756 τοῦ
1348 1704 1423 1777 μὴ
1465 1706 1641 1777 ἀληθῆ
1684 1708 1836 1762 ταῦτ’

243 1778 408 1837 εἶναι.
440 1785 565 1839 Ὀτι
598 1787 651 1841 δὲ
684 1789 1063 1862 διηγουμένοις
1094 1796 1274 1850 ὁτιοῦν
1302 1798 1409 1851 τῶν
1440 1799 1639 1868 λογίων
1700 1820 1839 1873 συμ-

243 1876 424 1929 6αίνει
465 1896 516 1931 τι
546 1880 804 1949 τοιοῦτον,
829 1886 1041 1955 οἰδαμῆ
1066 1888 1309 1956 λέγεςεαι.
1340 1893 1447 1945 Καὶ
1468 1893 1529 1945 τὸ
1551 1894 1653 1963 μὲν
1705 1898 1836 1966 εὐχῇ

244 1966 314 2018 τὰ
357 1973 603 2036 μυστικὰ
630 1973 807 2028 τελεῖν
831 1977 881 2028 οἱ
921 1978 1163 2049 Πατέρες
1197 1983 1527 2051 παρέδοσαν,
1585 1986 1695 2041 ἀπὸ
1732 1989 1840 2043 τῶν

244 2058 570 2150 αποστόλων
604 2067 699 2117 καὶ
736 2067 844 2119 τῶν
882 2068 1124 2135 ἐκείνους
1168 2073 1544 2143 ἐκδεξαμένων
1585 2081 1840 2150 παραλα-

245 2147 475 2214 εόντεςο
510 2153 580 2206 τά
616 2169 675 2207 τε
716 2156 875 2223 ἄλλα,
920 2159 1174 2231 καθάπερ
1221 2162 1381 2236 ἔφην,
1420 2169 1513 2221 καὶ
1545 2169 1645 2240 τὴν
1672 2147 1843 2240 *ἱερὰν

244 2242 628 2315 εὐχαρίστιαν,
652 2250 806 2316 ,μετὰ
841 2252 1073 2318 πολλοὺς
1099 2254 1295 2320 ἄλλους
1328 2259 1423 2311 καὶ
1463 2261 1638 2331 μέγας
1675 2264 1840 2317 Βασί-

244 2337 412 2399 λειοςι,
448 2341 546 2391 καὶ
585 2339 837 2413 Ἰωάννης
877 2344 907 2397 ό
938 2347 1353 2419 Χρυσόστομος,
1386 2351 1436 2404 oi
1474 2352 1701 2421 μεγάλοι
1743 2357 1847 2427 τῆς

258 2427 593 2492 Ἐκκλησίας
635 2432 943 2489 διδάσκαλοι
968 2451 982 2466 ⁸
1014 2432 1095 2500 οἷς
1131 2438 1258 2503 τοὺς
1300 2440 1688 2509 ἀντιλέγοντας
1722 2447 1843 2499 οὐδὲ

245 2518 415 2585 λόγου
452 2521 599 2585 τινος
638 2522 822 2587 ἀξιοῦν
856 2525 986 2596 χρὴ,
1022 2528 1145 2592 τοὺς
1176 2530 1423 2588 εὐσεϐεῖν
1455 2533 1837 2606 βουλομένους.

248 2614 357 2667 Τὸν
392 2615 450 2667 δὲ
486 2615 581 2669 τοῦ
626 2618 832 2690 Κυρίου
869 2622 1001 2692 περὶ
1030 2622 1140 2676 τῶν
1189 2625 1510 2696 μυστηρίων
1560 2626 1740 2697 λόγον,
1784 2632 1847 2684 ἂν

246 2707 383 2760 εῖδει
429 2709 739 2780 διηγήσεως
763 2711 1078 2781 λεγόμενον,
1114 2715 1251 2786 πρὸς
1296 2716 1387 2771 τὸν
1416 2718 1691 2788 ἁγιασμόν
1733 2723 1843 2777 τῶν

245 2798 444 2869 δώρων
490 2802 718 2871 ἀρκεῖν,
765 2803 980 2870 οὐδεὶς,
1032 2804 1162 2861 οὔτε
1212 2806 1322 2862 τῶν
1364 2810 1683 2867 ἁπόστολων,
1718 2811 1843 2867 οὔτε

248 2889 364 2942 τῶν
415 2891 757 2949 διδασκάλων
809 2895 981 2951 εἰπὼν
1004 2898 1255 2967 φαίνεται
1284 2916 1300 2931 ·
1324 2900 1544 2956 ἀλλ”ὄτι
1569 2905 1668 2974 μιν
1693 2905 1844 2974 ἅπαξ

248 2983 358 3037 ὗπδ
388 2984 486 3038 τοῦ
515 2986 723 3056 Κυρίου
749 2987 986 3059 λεχθεὶς,
1011 2990 1158 3063 αὖτῷ
1184 2992 1262 3062 τῷ
1310 2994 1405 3048 ὑπ’
1436 2996 1645 3050 ἐκείνου
1689 2998 1844 3067 λέγε-

252 3076 405 3142 οθιι,
454 3078 531 3142 ὡς
571 3080 599 3132 ό
636 3080 1035 3151 δημιουργικδς
1077 3083 1233 3154 λόγος
1271 3086 1359 3141 ἀεὶ
1403 3088 1639 3159 ινεργεῖ,
1687 3092 1783 3144 καὶ
1813 3092 1846 3147 ό

254 3171 529 3241 μακάριός
547 3189 679 3244 φησι
724 3174 1002 3246 Ἰωάννης.
1033 3177 1161 3233 Ὅτι
1189 3180 1247 3234 δὲ
1279 3178 1376 3235 νῦν
1401 3180 1507 3235 ὑπὸ
1530 3182 1625 3236 τοῦ
1650 3183 1842 3253 ίερέως

249 3261 571 3330 λεγόμενος,
636 3264 726 3319 διὰ
779 3266 841 3319 τὸ
904 3268 996 3320 ὑπ’
1060 3269 1273 3323 ἐκείνου
1330 3270 1620 3339 λέγεσθαι,
1670 3270 1833 3326 τοῦτο

246 3352 497 3421 δύναται,
527 3355 827 3425 οὐδαμόθεν
879 3358 997 3411 ἔστι
1044 3359 1239 3429 μαθεῖν
1266 3375 1282 3390 ⁸
1311 3361 1434 3415 ἐπεὶ
1459 3360 1569 3416 οὐδ’
1602 3360 1768 3425 αὐτὸς
1804 3363 1832 3416 ό

1949 624 2072 662 nem
2103 610 2229 678 quis
2262 606 2522 661 sacerdos
2551 604 2712 659 nobis
2744 611 2896 659 certo
2937 604 3110 668 dabit,
3151 604 3196 657 si
3230 604 3299 657 de
3331 617 3522 657 eorum

1942 700 2195 754 oratione
2241 696 2573 752 dubitetur?
2605 698 2668 750 Et
2702 696 2837 748 nihil
2887 695 3114 749 omnino
3168 693 3315 748 aliud
3357 702 3526 747 restat

1948 808 2114 861 quam
2147 799 2207 845 ut
2240 804 2462 843 omnem
2492 788 2983 842 Christianismum
3018 786 3085 839 de
3114 785 3294 839 medio
3324 784 3524 837 tollant

1943 883 2037 948 qui
2074 896 2266 935 eorum
2293 880 2563 934 novitates
2599 885 2928 947 sequuntur.
2964 874 3190 928 Videtur
3220 888 3350 941 ergo
3380 871 3526 941 quod

1946 974 2055 1027 illis
2093 974 2304 1041 pOtiuS,
2338 972 2381 1025 si
2416 973 2488 1045 ita
2518 978 2771 1037 censent,
2806 973 2860 1023 in
2890 968 3054 1023 dubio
3078 968 3253 1021 virtus
3289 967 3389 1020 sita
3418 974 3524 1027 est,
3614 1040 3623 1049 .

1945 1080 2143 1133 resque
2174 1066 2225 1117 in
2256 1080 2451 1133 magno
2478 1064 2723 1134 periculo
2743 1070 2993 1117 versatur
3021 1062 3195 1129 iisqni
3226 1075 3254 1111 a
3285 1057 3529 1127 paternis

1946 1155 2341 1210 traditionibus
2378 1165 2431 1209 et
2462 1172 2582 1226 quae
2630 1158 2683 1209 in
2739 1157 2805 1209 iis
2834 1166 2919 1212 est
2974 1154 3295 1215 securitate,
3348 1152 3527 1205 aliena

1945 1248 2285 1318 excogitant.
2325 1248 2478 1311 Quod
2521 1249 2667 1302 enim
2724 1247 3071 1300 orationibus
3114 1243 3256 1297 Deus
3311 1244 3527 1305 annuit,

1946 1352 1999 1397 et
2029 1343 2119 1395 dat
2177 1343 2446 1411 Spiritum
2496 1352 2747 1396 sam:tum
2781 1339 2850 1393 iis
2878 1340 2972 1407 qui
3007 1339 3185 1406 ipsum
3224 1345 3439 1406 petunt,
3472 1343 3527 1389 et

1944 1434 2081 1487 nihil
2110 1434 2183 1488 sit
2212 1434 2558 1503 impossibile
2592 1434 2656 1487 iis
2684 1434 2777 1502 qui
2805 1449 2929 1487 cum
2962 1433 3064 1486 (ide
3089 1432 3269 1499 ipsum
3307 1437 3523 1498 rogant,

1948 1527 2063 1596 ipse
2098 1528 2236 1581 dixit
2270 1528 2455 1592 Deus;
2492 1542 2590 1592 nec
2626 1527 2732 1581 ulla
2782 1527 2999 1580 ratione
3042 1524 3156 1577 ﬁeri
3190 1531 3369 1592 potest
3392 1522 3524 1591 quin

1948 1619 2066 1674 tunc
2107 1635 2232 1674 vera
2269 1618 2401 1673 sint.
2434 1619 2592 1684 Quod
2631 1627 2815 1673 autem
2851 1618 2959 1672 tale
2998 1616 3129 1685 quid
3162 1615 3413 1671 evenerit
3458 1614 3529 1670 iis

1945 1711 2042 1779 qui
2073 1711 2357 1780 quidpiam
2382 1727 2444 1766 ex
2471 1710 2711 1780 eloquiis
2736 1719 2984 1774 narrant,
3006 1724 3276 1777 nusquam
3301 1707 3522 1765 dicitur.

1946 1800 2011 1855 Et
2047 1804 2298 1857 oratione
2323 1802 2544 1872 quidem
2580 1812 2926 1857 sacramenta
2962 1816 3244 1871 peragere,
3275 1800 3527 1853 tradide-

1947 1903 2077 1949 runt
2112 1893 2304 1951 l’at‘res
2326 1936 2339 1960 ,
2366 1896 2459 1964 qui
2492 1895 2561 1948 ab
2593 1895 2857 1964 apostolis
2885 1904 2937 1949 et
2973 1896 3063 1963 qui
3102 1896 3182 1948 eis
3212 1909 3529 1949 successso-

1952 1996 2101 2051 runt,
2150 1994 2506 2053 acceperunt,
2548 1996 2604 2044 et
2665 1986 2773 2040 alia
2820 1987 2965 2040 sicut
3012 1986 3170 2052 dixi;
3205 1995 3261 2040 et
3310 2000 3525 2040 sacram

1952 2078 2384 2142 Eucharistiam,
2420 2087 2546 2148 post
2595 2078 2798 2135 multos
2841 2077 2981 2132 alios
3012 2087 3067 2132 et
3108 2093 3339 2148 magnus
3372 2075 3527 2131 Basi-

1948 2171 2057 2226 lius
2105 2180 2159 2227 et
2210 2151 2955 2241 Jdannes-Chrysostomus,
3008 2184 3218 2237 magna:
3267 2168 3528 2224 Ecclesiae

1949 2261 2233 2325 doctores,
2268 2261 2479 2329 quibus
2506 2262 2600 2330 qui
2637 2260 3049 2320 contradicunt.
3084 2273 3276 2314 eorum
3315 2258 3523 2311 nullam

1951 2352 2222 2424 rationein
2269 2352 2471 2407 ducere
2514 2358 2731 2419 oportet
2776 2366 2873 2405 eos
2909 2350 3000 2419 qui
3037 2348 3109 2418 pii
3142 2364 3267 2404 esse
3315 2349 3523 2402 volunt.

1950 2444 2111 2511 Quod
2157 2455 2339 2499 autem
2377 2458 2562 2499 sermo
2600 2442 2844 2508 Domini,
2880 2442 2975 2511 qui
3025 2441 3091 2495 de
3140 2442 3414 2511 mysteriis
3472 2442 3525 2495 in

1952 2538 2128 2593 forma
2184 2536 2522 2601 narrationis
2572 2534 2816 2599 dicitur,
2867 2532 3104 2589 sufﬁciat
3154 2533 3224 2589 ad
3256 2532 3527 2587 donorum

1951 2628 2483 2691 sanctiﬁcationem,
2551 2627 2735 2680 nullus
2797 2639 2978 2694 neque
3046 2622 3363 2693 apostolus,
3427 2638 3530 2677 nee

1949 2720 2141 2774 doctor
2180 2718 2382 2773 dixisse
2415 2716 2684 2773 cernitur.
2722 2714 2828 2770 Sed
2861 2713 3005 2783 quod
3038 2714 3209 2769 semel
3235 2730 3263 2768 a
3295 2712 3545 2782 Domino.

1949 2806 2149 2870 dictus,
2183 2820 2248 2860 eo
2278 2804 2399 2877 ipso
2428 2803 2575 2874 quod
2602 2805 2667 2857 ab
2698 2804 2793 2859 illo
2831 2803 3015 2859 dictus
3044 2806 3135 2867 sit,
3165 2804 3311 2860 sicut
3343 2805 3527 2874 epilex

1951 2913 2174 2963 sermo,
2228 2912 2447 2967 semper
2493 2903 2777 2967 oneratur,
2826 2905 2883 2951 et
2934 2896 3072 2952 dicit
3114 2898 3279 2952 etiam
3337 2898 3530 2954 beatus

1949 2978 2214 3049 Joannes.
2249 2991 2405 3058 Quod
2438 3000 2625 3046 autem
2657 3005 2807 3045 nunc
2843 2991 3029 3046 dictus
3063 3006 3092 3044 a
3128 2991 3437 3057 sacerdote,
3465 3006 3533 3047 eo

1950 3087 2094 3157 quod
2117 3086 2187 3142 ab
2211 3086 2331 3157 ipso
2356 3084 2598 3149 dicatur,
2618 3083 2723 3137 boc
2756 3082 2951 3153 possit,
2981 3084 3131 3139 nullo
3153 3099 3220 3138 ex
3253 3084 3373 3140 loco
3401 3084 3529 3139 sciri

1951 3187 2130 3249 potest
2150 3194 2166 3245 ς
2186 3175 2632 3248 quandoquidem
2660 3190 2760 3230 nec
2779 3174 2894 3242 ipse
2926 3189 3105 3229 sermo
3137 3174 3316 3243 opifex
3341 3190 3537 3245 opera-

1950 3277 2063 3332 tur.
2097 3270 2243 3340 quod
2272 3270 2327 3324 in
2358 3283 2694 3338 unoquoque
2711 3281 2902 3323 eorum
2930 3281 3055 3337 quae
3079 3266 3323 3332 ﬁunt,ab
3345 3268 3533 3336 aliquo

1943 3361 2167 3416 homine
2196 3362 2439 3426 dicatur,
2473 3361 2568 3417 sed
2598 3358 2741 3428 quod
2785 3358 2952 3413 semel
2993 3374 3022 3412 a
3070 3357 3179 3414 Deo
3213 3359 3396 3413 dictus
3429 3359 3525 3415 sit.

246 3452 643 3520 δημιουργικδς
671 3450 829 3521 λόγος
860 3453 1096 3523 ἐνεργεῖ,
1124 3455 1205 3509 ὅτι
1245 3456 1330 3525 ἐφ’
1365 3456 1613 3511 ἑκάστων
1638 3456 1954 3527 γενόμενος,
2001 3457 2107 3511 ὑπό
2145 3474 2289 3521 τινος
2319 3454 2612 3526 ἀνθρώπου
2657 3454 2900 3522 λέγεται,
2933 3453 3050 3507 ἀλλ’
3089 3455 3172 3508 ὅτι
3203 3454 3351 3507 ἐστὶν
3380 3455 3531 3523 ἅπαξ

249 3545 357 3599 ὑπὸ
392 3545 488 3600 τοῦ
518 3546 723 3616 Κυρίου
754 3548 1062 3620 εἰρημένος.

857 3642 1104 3701 ΚΕΦΑΔ.
1156 3646 1238 3701 A'.

256 3753 502 3810 ὀτίκαὶ
522 3754 598 3823 τῇ
619 3756 953 3829 Ἐκκλησία
970 3761 1245 3813 Λατίνων
1262 3759 1300 3828 ἠ
1324 3758 1536 3829 τελετή
1560 3757 1713 3815 κατὰ
1734 3760 1843 3819 τὸν

571 3827 761 3879 αὐτὸν
803 3826 952 3895 ἡμῖν
975 3828 1234 3883 τελεῖται
1266 3826 1518 3899 τρόπον.

331 3919 399 3970 Ὃ
446 3917 506 3971 δὲ
558 3919 837 3983 παντελῶς
883 3919 1084 3985 αὐτοὺς
1127 3923 1493 3994 ἑπιστομίζει,
1537 3926 1620 3981 ὅτι
1670 3926 1764 3983 καὶ
1808 3928 1842 3997 ή

258 4010 510 4063 Λατίνων
548 4011 865 4081 Ἐκκλησία,
892 4013 982 4077 είς
1015 4016 1081 4085 ἢν
1104 4016 1402 4085 ἀναφέρειν
1433 4016 1670 4085 δοκοῦσι,
1707 4021 1847 4091 μετὰ

253 4101 348 4155 τὸν
377 4102 473 4156 τοῦ
505 4104 713 4173 Κυρίου
751 4104 935 4172 λόγον,
964 4104 1222 4177 εὔχεσθαι
1258 4107 1398 4179 ὑπὲρ
1426 4109 1536 4163 τῶν
1564 4111 1754 4182 δώρων
1783 4113 1844 4167 οὐ

258 4195 675 4267 παραιτοῦνται.
716 4197 985 4252 Δανθάνει
1029 4198 1088 4253 δὲ
1129 4199 1350 4264 αὐτοὺς,
1398 4202 1482 4255 ὅτι
1529 4203 1631 4257 οὐκ
1684 4205 1846 4271 εὐθὺς

258 4287 399 4355 μετα
421 4288 513 4341 τὸν
538 4286 697 4356 λόγον
720 4288 995 4360 εὔχονται,
1026 4289 1124 4344 καὶ
1148 4291 1232 4345 ὅτι
1263 4290 1324 4345 οὐ
1357 4292 1543 4362 σαφῶς
1573 4294 1846 4363 ἁγιασμδν

255 4380 559 4447 αἰτοῦνται,
578 4386 671 4436 καὶ
694 4381 997 4454 μεταϐολὴν
1021 4385 1100 4446 είς
1117 4382 1478 4463 τίχΚυριακδν
1500 4385 1663 4457 σῶμα
1680 4426 1696 4451 ,
1726 4366 1844 4441 ἄλλ’

256 4472 472 4543 ἑτέροις
496 4474 735 4545 χρῶνται
758 4474 987 4544 όνόμασι
1010 4475 1148 4545 πρὸς
1179 4476 1337 4528 τοῦτο
1371 4475 1619 4546 φέρουσι,
1651 4477 1746 4530 καὶ
1774 4477 1845 4532 τὰ

2550 3643 2706 3700 CAP.
2750 3642 2923 3699 XXX.

2017 3764 2173 3833 Quod
2201 3763 2364 3818 etiam
2398 3740 2796 3833 fulminantur
2838 3759 3077 3833 Ecclesia
3143 3762 3325 3833 eodem
3357 3776 3461 3830 quo

2060 3838 2205 3905 apud
2236 3851 2329 3888 nos
2351 3832 2507 3886 modo
2534 3848 2741 3885 sacrum
2775 3830 3075 3885 celebratur
3095 3832 3425 3901 mysterium.

2017 3929 2173 3998 Quod
2216 3937 2397 3981 autem
2450 3940 2513 3978 os
2562 3924 2643 3978 eis
2692 3924 2919 3977 omnino
2971 3921 3233 3983 obstruit,
3268 3930 3355 3977 est
3383 3925 3530 3992 quod

1947 4024 2115 4079 etiam
2149 4020 2474 4075 Latinorum
2508 4015 2780 4081 Ecclesia,
2819 4016 2885 4068 ad
2920 4030 3083 4083 quam
3119 4029 3177 4069 se
3211 4008 3421 4071 referre
3447 4020 3530 4069 vi-

1948 4116 2168 4177 dentur,
2205 4120 2328 4181 post
2357 4109 2583 4165 verbum
2618 4107 2859 4169 Domini,
2905 4122 3007 4176 pro
3036 4106 3199 4160 donis
3227 4122 3390 4162 orare
3419 4122 3528 4163 non

1948 4212 2191 4259 recusat.
2244 4202 2283 4257 li
2333 4210 2515 4255 autem
2554 4198 2681 4254 ideo
2711 4198 2999 4265 falluntur,
3028 4198 3174 4267 quod
3210 4198 3387 4254 Latini
3418 4214 3526 4255 non

1945 4300 2130 4356 statim
2168 4304 2294 4367 post
2340 4294 2556 4351 Domini
2591 4294 2866 4362 prolatum
2902 4305 3213 4347 sermonem
3257 4300 3440 4358 orant,
3471 4301 3528 4348 ct

1945 4390 2091 4461 quod
2138 4404 2247 4443 non
2284 4396 2472 4457 aperte
2515 4395 2709 4455 petunt
2760 4382 3253 4437 sanctiﬁcationem
3297 4392 3352 4437 et
3407 4398 3529 4437 mu-

1943 4480 2205 4535 tationem
2243 4479 2296 4531 in
2330 4493 2533 4547 corpus
2586 4475 2954 4539 Dominicum,
2995 4474 3087 4527 sed
3139 4474 3264 4528 aliis
3297 4482 3527 4530 utuntur

254 4563 402 4618 αὒτὰ
422 4563 764 4633 δυναμένοις.
792 4563 887 4625 Τίς
913 4564 970 4618 δὲ
995 4564 1126 4634 εὐχή
1150 4582 1165 4630 ;
1198 4582 1217 4616 ι
1245 4566 1518 4619 Κέλευσον
1544 4567 1833 4638 ἀνενεχθῆ-

1945 4570 2256 4627 nominibus
2282 4585 2347 4625 eo
2377 4568 2773 4631 ferentibus,et
2798 4581 2921 4634 qnze
2950 4567 3289 4619 tantumdem
3316 4565 3523 4623 valent.

255 4673 344 4711 ναι
370 4656 439 4710 τὰ
464 4655 613 4726 δῶρα
638 4654 814 4709 ταῦτα
846 4655 904 4708 ὲν
925 4656 1072 4727 χειρὶ
1102 4657 1364 4725 ἀγγέλου,
1398 4661 1477 4721 είς
1508 4658 1569 4712 τὸ
1598 4657 1839 4728 ὕπερον-ν

259 4746 453 4817 ράνιόν
478 4764 571 4799 σου
594 4746 1010 4817 θυσιαστήριον.
1042 4766 1060 4799 ι
1093 4749 1417 4816 Λεγέτωσαν
1452 4750 1580 4820 γὰρ,
1605 4750 1658 4803 τί
1691 4753 1839 4805 ἐστιν

255 4838 392 4895 αὐτὸ
414 4838 495 4903 τὸ,
520 4856 539 4889 ι
575 4838 935 4908 ἀνενεχθῆναι
960 4838 1029 4892 τὰ
1054 4839 1201 4908 δῶρα
1226 4841 1430 4904 ταῦτας
1459 4860 1477 4905 ι
1509 4843 1579 4895 Ἦ
1611 4842 1720 4913 γὰρ
1752 4859 1840 4895 το-

255 4929 427 4999 πικὴν
451 4929 741 4997 μετάθεσιν
759 4928 1229 4999 αὑτοῖςζεῦχονται,
1249 4932 1358 4985 ἀπὸ
1381 4934 1476 5001 τῆς
1496 4932 1597 5003 γῆς
1615 4934 1709 4986 καὶ
1729 4933 1837 4987 τῶν

256 5019 411 5074 κάτω
440 5018 620 5071 τόπων
655 5020 733 5081 εἰς
762 5018 855 5071 τὸν
893 5019 1147 5089 οὐρανὸν,
1180 5020 1212 5091 ἢ
1245 5021 1409 5085 ἀξίαν
1434 5024 1577 5086 τινὰ,
1613 5025 1708 5076 καὶ
1737 5024 1838 5095 τὴν

256 5112 369 5166 ἀπὸ
392 5109 501 5162 τῶν
526 5111 932 5181 ταπεινοτέρων
956 5111 1048 5164 ἐπὶ
1078 5112 1147 5165 τὰ
1174 5113 1490 5187 ὑψηλότερα
1512 5114 1833 5184 μεταϐολήν.

257 5200 405 5257 “me
427 5204 476 5254 el
508 5201 607 5269 μὲν
632 5202 693 5254 τδ
725 5203 1014 5271 πρότερον,
1040 5203 1095 5257 τί
1132 5205 1326 5273 ὄφελος
1349 5206 1554 5278 ταύτης
1582 5209 1715 5277 ἡμῖν
1737 5210 1835 5280 τῆς

257 5295 429 5364 εὐχῆς
453 5290 546 5362 ἀφ’
570 5293 731 5364 ἡμῶν
748 5293 985 5364 ἀρθῆναι
1016 5298 1085 5349 τὰ
1110 5296 1264 5365 ἅγια,
1290 5298 1327 5351 ἃ
1360 5301 1487 5370 παρ’
1518 5301 1649 5369 ἡμῖν
1673 5296 1833 5366 εἶναι,

257 5387 355 5440 καὶ
376 5387 433 5439 ὲν
466 5386 599 5455 ἡμῖν
627 5385 835 5454 μένειν,
862 5387 958 5439 καὶ
991 5388 1267 5458 εὐχόμεθα
1324 5391 1421 5444 καὶ
1470 5390 1834 5461 πιστεύομεν,

253 5477 332 5543 ὡς
364 5478 522 5531 τοῦτο
545 5476 607 5530 ὂν
639 5478 701 5531 τὸ
734 5474 878 5532 εἶναι
908 5478 999 5531 τὸν
1046 5480 1284 5551 Χριστὸν
1334 5474 1455 5552 μεθ’
1493 5471 1677 5553 ἡμῶν,
1727 5483 1836 5547 ἕως

257 5569 359 5638 τῆς
393 5568 709 5633 συντελείας
744 5571 839 5625 τοῦ
889 5571 1126 5639 αἱῶνος;
1187 5573 1311 5637 Πῶς
1351 5574 1407 5627 δὲ
1447 5575 1506 5628 οὐ
1547 5574 1835 5629 πιστεύου-

259 5676 369 5723 σιν,
390 5659 441 5713 εί
470 5659 635 5729 σῶμα
664 5660 905 5731 Χριστοῦ
936 5661 1098 5716 τοῦτο
1131 5664 1557 5733 γιγνώσκουσιν,
1621 5667 1704 5720 ὃτι
1735 5668 1833 5720 καὶ

258 5753 319 5803 ἐν
349 5752 483 5821 ἡμῖν
513 5754 652 5819 ἐστι,
686 5754 781 5807 καὶ
807 5753 1205 5825 ὑπερουράνιόν
1248 5760 1385 5821 ἔστι,
1441 5762 1532 5811 καὶ
1568 5761 1626 5811 ὲν
1682 5760 1834 5830 δοξιᾷ

254 5842 352 5897 ,τοῦ
380 5844 598 5915 Πατρδς
624 5845 861 5917 κάθηται
894 5888 909 5917 ,
935 5832 1137 5921 τρόπον
1175 5850 1234 5903 ὃν
1269 5848 1409 5905 οἶδεν
1467 5853 1623 5918 αὐτός
1659 5868 1673 5920 ;
1710 5854 1831 5917 Πῶς

1942 4662 2075 4729 Quae
2111 4671 2196 4717 est
2236 4670 2418 4716 autem
2452 4659 2681 4715 oratio?
2716 4677 2734 4709 ι
2777 4657 2918 4712 Jube
2950 4672 3177 4717 sursum
3210 4655 3339 4711 ferri
3379 4656 3523 4713 dona

1941 4752 2059 4807 haec
2081 4752 2132 4805 in
2157 4765 2322 4805 manu
2354 4750 2529 4819 angeli
2563 4750 2628 4803 ad
2656 4748 3051 4819 supercceleste
3087 4756 3237 4801 tuum
3266 4749 3461 4803 altare.
3500 4768 3519 4801 ι

1940 4844 2136 4901 Dicant
2156 4843 2326 4909 enim,
2352 4842 2481 4912 quid
2512 4843 2611 4896 hoc
2631 4851 2737 4903 est,
2766 4861 2783 4892 ι
2806 4840 3037 4895 Sursum
3064 4842 3207 4896 dona
3232 4842 3431 4896 deferri
3455 4842 3477 4896 ἲ
3498 4862 3516 4895 ι

1939 4934 2036 4991 νει
2056 4935 2197 4989 enim
2218 4934 2447 4988 localem
2473 4934 2552 4987 eis
2571 4932 2990 4987 translationem
3012 4943 3309 5002 precantur
3324 4949 3352 4987 a
3378 4946 3521 4989 terra

1938 5034 1995 5082 et
2028 5025 2385 5081 inferioribus
2413 5026 2551 5080 locis
2579 5028 2630 5079 in
2657 5026 2880 5090 cadum,
2918 5026 2998 5079 vel
3033 5024 3253 5092 dignam
3283 5024 3520 5095 aliquam

1939 5128 1993 5173 et
2032 5117 2099 5171 ab
2147 5116 2533 5171 humilioribus
2578 5118 2641 5170 ad
2687 5117 2880 5170 altiora
2916 5118 3301 5172 mutationem.
3336 5118 3441 5173 Sed
3475 5120 3521 5173 si

1939 5207 2176 5277 primum
2208 5208 2455 5278 quidem,
2479 5196 2609 5277 quid
2642 5210 2742 5262 hac
2778 5210 2943 5264 nobis
2982 5212 3239 5264 oratione
3264 5226 3405 5279 opus
3434 5220 3523 5264 est

1938 5308 1997 5354 ut
2049 5316 2078 5353 a
2134 5301 2289 5356 nobis
2327 5303 2589 5356 tollantur
2618 5309 2828 5365 sancta,
2860 5316 2983 5369 qua:
3020 5302 3161 5367 apud
3217 5317 3318 5355 nos
3373 5317 3521 5369 esse,

1937 5401 1993 5446 et
2028 5393 2082 5447 in
2120 5392 2278 5449 nobis
2310 5408 2533 5448 manere
2574 5406 2627 5445 et
2676 5407 2895 5445 oramus
2923 5402 2976 5445 et
3032 5391 3308 5447 credimus
3348 5433 3360 5457 ,
3394 5402 3523 5445 lan-

1938 5500 2101 5553 qnam
2137 5486 2238 5540 hoe
2285 5485 2376 5543 sit.
2412 5500 2531 5539 esse
2583 5484 2862 5539 Christum
2904 5483 3189 5537 nobiscum
3238 5498 3409 5551 usque
3451 5484 3518 5537 ad

1938 5578 2465 5630 consummationem
2536 5574 2756 5630 smculil
2813 5574 3099 5640 Quomodo
3167 5582 3349 5629 autem
3408 5588 3519 5628 non

1939 5670 2191 5737 credunt,
2218 5669 2261 5723 si
2286 5669 2388 5723 hoc
2419 5669 2620 5723 Christi
2654 5683 2853 5737 corpus
2884 5676 3225 5737 cognoscunt
3246 5706 3259 5730 ,
3285 5667 3430 5733 quod
3466 5677 3521 5720 ct

1940 5760 1992 5814 in
2032 5762 2189 5815 nobis
2221 5770 2324 5825 est,
2361 5773 2416 5815 ct
2447 5774 2531 5815 est
2582 5760 2998 5829 superewleste,
3029 5768 3083 5813 ct
3113 5759 3268 5812 sedet
3293 5757 3358 5811 ad
3391 5758 3522 5812 dex-

1939 5865 2109 5910 teram
2143 5853 2344 5923 Patris,
2372 5870 2480 5925 quo
2516 5854 2630 5925 ipse
2685 5852 2837 5911 novit
2866 5852 3073 5908 modo?
3102 5849 3388 5919 Quomodo
3416 5864 3518 5904 au~
