4150 6312
730 361 834 419 1.33
865 329 868 336 “

1990 373 2290 438 NICOLM
2333 366 2718 438 (l.-lBASlL.E

3867 385 3982 446 .ξέξῇ

727 483 837 522 tem
886 473 1049 525 l'uetit
1077 477 1220 542 quod
1273 480 1514 534 nondum
1548 494 1650 548 est,
1684 490 2076 556 supercaeleste
2122 491 2282 558 ipsutr

2389 493 2538 544 s'av
2571 493 2656 561 εἴη
2707 493 3102 562 ὑπερουρὰνιον
3129 493 3188 545 τὸ
3256 493 3424 563 μήπω
3487 494 3775 564 γενόμενον
3833 503 3978 549 αὐτὴ

727 578 925 651 corpus
961 567 1186 632 Christi,
1235 574 1375 640 quod
1418 582 1502 626 est
1549 581 1976 645 supercozleste?
2009 581 2294 655 Quomodo

729 666 906 710 autem
939 660 1100 712 etiam
1133 678 1348 716 sursum
1384 665 1592 720 feretur
1631 671 1684 723 in
1723 687 1884 724 mauu
1928 674 2128 741 angeli,
2154 672 2294 740 quod

731 763 895 814 super
925 765 1140 806 onmem
1170 755 1531 826 principatum
1567 771 1622 814 et
1684 772 2008 831 potestatem
2049 775 2103 818 et
2133 765 2296 818 virtu-

728 845 834 890 tem
865 849 916 892 et
946 856 1108 896 omne
1147 860 1346 901 nomen
1397 852 1540 918 quod
1567 855 1921 909 nominatur?
1962 857 2056 910 Sin
2112 868 2292 910 autent

726 931 943 997 dignam
975 934 1212 1004 aliquam
1241 949 1294 992 et
1342 940 1394 992 in
1446 944 1640 1000 melius
1698 947 2054 1001 mutationem
2113 958 2291 1010 orant,

725 1035 836 1073 non
870 1024 1024 1077 video
1054 1030 1329 1095 quomodo
1359 1048 1466 1087 non
1502 1035 1613 1089 sint
1655 1037 1851 1106 insigni
1892 1040 2169 1108 impietate
2207 1041 2291 1093 fu-

727 1116 853 1178 turi,
885 1116 930 1170 si
957 1118 1122 1172 etiam
1159 1121 1335 1190 ipsum
1356 1140 1477 1180 esse
1497 1125 1695 1182 Christi
1717 1144 1914 1198 corpus
1941 1141 2289 1199 cognoscant,

723 1217 776 1257 ct
808 1208 873 1259 ad
934 1211 1132 1265 melius
1170 1215 1300 1282 quid
1351 1226 1405 1271 et
1456 1221 1700 1273 sanctius
1761 1221 1813 1274 id
1840 1232 2122 1276 venturum
2176 1237 2293 1277 esse

725 1298 976 1353 credunt.
1013 1300 1166 1357 Unde
1194 1307 1537 1362 manifestum
1566 1321 1650 1364 est
1679 1327 1772 1365 eos
1802 1315 2029 1366 omnino
2065 1315 2204 1368 scire
2229 1329 2291 1366 ea

727 1389 903 1442 adhuc
936 1406 1059 1446 esse
1097 1409 1292 1462 panem
1327 1407 1378 1450 et
1407 1400 1591 1452 vinum
1639 1417 1758 1468 quze
1807 1403 2286 1458 sanctilicatiouem

727 1480 966 1533 nomium
1006 1498 1383 1553 susceperunt,
1419 1498 1471 1542 et
1503 1504 1753 1559 proptera
1784 1508 1881 1562 pro
1907 1495 2040 1562 ipsis
2070 1497 2286 1563 quidem

723 1584 902 1638 orant,
943 1587 1000 1627 ut
1023 1593 1142 1643 qua:
1170 1579 1414 1634 oratione
1433 1581 1610 1636 adhuc
1631 1585 1890 1654 indigent.
1913 1585 2078 1640 Orant
2107 1597 2284 1640 autem

723 1673 784 1714 ut
827 1679 888 1716 ea
933 1683 1150 1721 sursum
1187 1670 1452 1736 ferantur,
1483 1684 1540 1728 ut
1571 1691 1689 1744 qua!
1720 1678 1896 1731 adhuc
1925 1679 2149 1733 inferius
2180 1681 2284 1733 sita

723 1757 853 1810 sint,
884 1767 935 1809 et
987 1760 1050 1811 ad
1083 1763 1269 1822 altare,
1311 1773 1367 1817 ut
1406 1782 1526 1833 quae
1552 1770 1792 1819 nondum
1826 1767 1935 1820 sint
1958 1769 2282 1832 sacriﬁcata,

2397 588 2456 637 τι
2507 587 2666 660 σῶμα
2729 588 2821 638 τοῦ
2881 585 3140 654 Χριστοῦ,
3191 586 3250 637 τὸ
3310 587 3746 656 ὑπερουράνιονς
3838 589 3975 649 Πῶς

2397 677 2452 728 δὲ
2524 678 2616 728 καὶ
2672 676 3090 744 ἁνενεχθήσεται
3146 675 3204 725 ὲν
3247 676 3390 744 χειρὶ
3427 673 3685 740 ἀγγέλου,
3726 675 3786 726 τὸ
3821 676 3976 742 ὑπὲρ

2401 772 2580 820 πᾶσαν
2625 770 2797 835 ἀρχὴν
2840 770 2932 819 καὶ
2969 766 3237 833 ἐξουσίαν,
3299 766 3392 818 καὶ
3417 766 3644 834 δύναμιν
3699 766 3792 818 καὶ
3852 768 3974 817 πᾶν

2395 861 2564 928 ὄνομα.
2624 858 3026 927 ὀνομαζόμενον
3071 859 3177 920 :El
3242 857 3297 910 δὲ
3367 857 3524 921 ἀξίαν
3585 856 3706 909 τινὰ
3773 856 3972 917 αὐτοῖς

2397 952 2643 1023 εὖχονται
2716 955 2808 1005 καὶ
2858 952 2956 1020 τὴν
2983 951 3072 1002 ἐπὶ
3107 951 3167 1001 τὸ
3210 949 3423 1017 βέλτιον
3476 947 3800 1015 μεταϐολὴν,
3860 945 3969 997 οὐκ

2395 1040 2513 1096 οἶδα
2544 1043 2729 1093 είτινα
2755 1042 3170 1107 καταλείψουσιν
3199 1038 3453 1095 ἀσεϐείας
3477 1036 3802 1104 ὑπερϐολὴν,
3826 1037 3968 1100 εἴγε

2395 1137 2487 1186 καὶ
2522 1134 2650 1186 αὐτὸ
2674 1133 2734 1184 τὸ
2760 1132 2913 1199 σῶμα
2951 1130 3044 1183 τοῦ
3077 1130 3283 1200 Κυρίου
3317 1129 3554 1198 Χριστοῦ
3585 1123 3720 1178 εἶναι
3763 1128 3969 1189 ἀναγι-

2396 1226 2684 1287 νώσκουσι,
2718 1225 2812 1277 καὶ
2848 1226 2939 1275 ἐπὶ
2970 1223 3030 1275 τὸ
3064 1223 3269 1290 βέλτιον
3295 1224 3390 1274 καὶ
3441 1219 3742 1288 ἁγιώτέρον
3806 1219 3982 1283 ἥξειν

2395 1320 2531 1372 αὐτὰ
2562 1316 2927 1370 πιστεύουσιν.
2967 1313 3130 1366 Ὅθεν
3153 1314 3299 1382 δῆλοι
3325 1313 3540 1372 πάντως
3569 1311 3728 1373 εἰσιν,
3791 1311 3966 1374 ἄρτον

2393 1411 2472 1463 ἔτι
2513 1411 2606 1463 καὶ
2637 1406 2778 1460 οίνον
2804 1408 2967 1476 μήπω
2994 1406 3264 1474 δεξάμεναι
3289 1404 3380 1455 τὸν
3409 1401 3699 1470 ἁγιασμδν,
3756 1400 3966 1460 εἰδότες

2392 1502 2528 1555 αὑτὰ
2554 1517 2567 1531 °
2594 1501 2688 1552 καὶ
2716 1500 2802 1551 διὰ
2831 1498 2989 1551 τοῦτο
3021 1496 3274 1565 εὖχονται
3311 1495 3410 1564 μὲν
3459 1493 3601 1562 ὑπὲρ
3647 1493 3846 1552 αὐτῶν,
3886 1491 3965 1552 ὡς

2392 1592 2472 1644 ἔτι
2513 1591 2785 1658 δεομένων
2811 1589 3000 1659 εὐχῆς,
3058 1586 3388 1656 εὖχονταιδὲ
3444 1583 3826 1652 ἀνενεχθῆναι,
3884 1584 3962 1643 ὡς

2391 1683 2468 1734 ἔτι
2502 1682 2728 1750 κείμενα
2762 1682 2931 1740 κάτω,
2961 1680 3053 1732 καὶ
3080 1681 3160 1740 είς⁵
3189 1678 3247 1729 τὸ
3269 1675 3660 1745 θυσιαστήριον
3681 1674 3756 1734 ὡς
3787 1676 3961 1744 μήπω

2389 1771 2704 1838 τεθυμένα,
2738 1760 2824 1822 Na
2864 1771 2981 1820 ἐκεῖ
3045 1767 3268 1819 τεθέντα
3322 1765 3550 1818 τυθῶσι.
3604 1765 3784 1816 Δεῖται
3847 1765 3968 1830 γὰρ

724 1854 782 1897 ut
819 1847 925 1900 illic
987 1853 1162 1912 posita
1204 1855 1601 1908 sacrilicentur.
1653 1858 1796 1924 Opus
1849 1869 2030 1912 autem
2088 1860 2282 1914 habent

2389 1861 2622 1926 ἀγγέλου
2691 1860 2872 1928 χειρδς
2931 1858 3006 1919 ὡς
3055 1860 3150 1924 τῆς
3215 1857 3474 1925 δευτέρας
3532 1854 3814 1922 ίεραρχίας
3856 1855 3962 1919 τῆς

723 1951 886 1996 manu
941 1941 1134 2008 angeli,
1183 1959 1373 2010 nempe
1424 1945 1568 2011 quod
1601 1946 1848 1999 secunda:
1883 1947 2132 2002 humanae
2175 1951 2285 2003 hic-

724 2030 976 2094 rarchie,
1008 2043 1063 2083 ut
1099 2033 1213 2085 vult
1253 2035 1470 2087 divinus
1500 2035 1814 2105 Dionysius.
1856 2054 1882 2091 τι
1923 2041 2094 2107 prima
2121 2056 2287 2108 augeo

721 2119 902 2176 lorum
956 2121 1263 2178 hierarchia
1322 2128 1586 2179 auxilium
1654 2128 1878 2182 feratur.
1926 2129 2050 2184 Haac
2112 2134 2288 2186 oratio

726 2211 860 2265 nihil
901 2213 1045 2267 aliud
1106 2214 1316 2269 confert
1372 2217 1528 2272 donis
1602 2235 1761 2288 quam
1823 2223 2178 2275 mutationem
2233 2225 2284 2276 iu

723 2317 924 2372 corpus
953 2313 1006 2359 et
1041 2309 1358 2375 sanguinem
1400 2307 1632 2362 Domini.
1668 2309 1784 2363 Non
1828 2315 1972 2365 enim
2009 2313 2162 2367 locus
2192 2330 2276 2368 su-

721 2409 820 2463 per
851 2396 1016 2451 caelos
1048 2397 1158 2450 Deo
1183 2411 1466 2465 separatus
1491 2401 1542 2452 in
1571 2416 1678 2469 quo
1711 2412 1924 2470 oportet
1953 2405 2284 2470 sacrilicare,

719 2484 889 2538 altare
942 2486 1072 2540 illud
1135 2489 1559 2543 exiStimandum
1613 2501 1712 2545 est.
1752 2491 1823 2546 Ea
1873 2493 2016 2546 enim
2077 2496 2286 2550 ratione

719 2589 828 2628 non
855 2577 1083 2630 multum
1113 2578 1427 2633 diﬂ‘eremus
1446 2581 1601 2634 abiis
1621 2581 1711 2650 qui
1747 2584 1800 2636 iu
1821 2593 2001 2638 monte
2026 2585 2286 2640 Samaria:

720 2667 908 2721 dicunt
951 2684 1071 2723 esse
1101 2669 1277 2723 locum
1318 2671 1406 2724 ubi
1445 2682 1659 2741 oportet
1695 2673 1946 2740 adorare,
1984 2678 2067 2729 vel
2094 2678 2283 2730 Hiero-

719 2758 961 2828 solymis.
995 2761 1099 2814 Sed
1128 2763 1412 2830 quoniam,
1439 2772 1496 2816 ut
1524 2770 1599 2817 alt
1629 2765 1820 2818 beatus
1845 2764 2066 2831 Paulus,
2093 2784 2111 2818 ι
2144 2782 2284 2824 unus

721 2845 886 2910 Deus,
917 2865 1057 2904 unus
1084 2851 1247 2904 etiam
1282 2852 1612 2907 intercessor
1651 2852 1744 2908 Dei
1785 2863 1839 2908 et
1883 2856 2165 2910 hominum
2197 2855 2285 2910 Je-

717 2953 814 2994 sus
844 2939 1118 3004 Christus,
1153 2961 1169 2992 ι
1206 2944 1388 2997 omnia
1413 2959 1532 3011 qua!
1559 2943 1929 3000 intercedendi
1959 2948 2064 3000 vim
2086 2945 2284 3001 habent

715 3041 772 3086 et
815 3035 1299 3089 sanetilicationem
1325 3037 1488 3092 nobis
1531 3039 1790 3106 praebent,
1843 3033 1996 3094 solus
2035 3048 2119 3092 est
2171 3042 2284 3108 ipse

718 3121 996 3179 Servator.
1054 3125 1313 3192 Quantam
1369 3142 1501 3195 ergo
1557 3139 1682 3182 sunt
1734 3145 1854 3198 qua:
1913 3131 2278 3185 intercedendi

720 3217 831 3269 vim
894 3217 1091 3272 habent
1140 3227 1194 3272 et
1257 3218 1648 3274 sanetilit-ant?
1718 3221 2003 3283 Sacerdos,
2080 3223 2279 3286 hostia,

721 3306 910 3362 altare.
946 3306 1158 3363 Etenim
1187 3317 1240 3363 et
1287 3311 1458 3365 altare
1487 3312 1809 3378 sanctificat,
1867 3322 1922 3366 ut
1960 3313 2071 3366 vult
2104 3328 2282 3368 sermo

721 3397 956 3452 Domini.
979 3416 998 3449 ι
1023 3399 1206 3452 Altare
1235 3401 1402 3465 enim,
1430 3401 1627 3469 inquit.
1653 3411 1736 3455 est
1755 3402 1900 3469 quod
1927 3402 2126 3455 donum
2157 3419 2284 3457 sane

715 3489 970 3545 ctilicat.»
997 3491 1133 3560 Ergo
1151 3492 1408 3560 quoniam
1434 3494 1585 3546 solus
1607 3493 1720 3561 ipse
1742 3495 1930 3563 estqui
1957 3496 2277 3561 sanctiﬁcat,

716 3581 871 3635 solus
890 3579 1050 3634 fuerit
1076 3581 1332 3636 sacerdos
1351 3589 1405 3636 et
1429 3583 1604 3637 hostia
1634 3591 1690 3637 et
1714 3583 1901 3638 altare.
1931 3585 1994 3639 Et
2019 3586 2162 3653 quod
2189 3601 2281 3639 sa-

717 3673 913 3728 cerdos
955 3675 1176 3743 quidem
1238 3684 1292 3730 et
1326 3675 1525 3741 hostia,
1574 3676 1688 3744 ipse
1717 3674 1898 3730 dixit:
1939 3695 1956 3728 ι
2012 3675 2116 3731 Pro
2149 3677 2280 3746 ipsis

715 3767 900 3844 cnim,_
921 3765 1117 3836 inquit,
1174 3781 1272 3837 ego
1302 3769 1582 3824 sanetilico
1614 3771 1903 3838 mcipsum.
1944 3788 1962 3819 ι
1996 3767 2152 3834 Quod
2183 3785 2282 3834 au-

716 3865 823 3911 tem
851 3859 1014 3911 etiam
1051 3857 1243 3921 altare,
1289 3860 1672 3915 sanctissimus
1705 3869 1932 3915 testatur
1966 3862 2278 3931 Dionysius,

714 3948 902 4003 dicens
926 3949 979 4002 in
1009 3948 1150 4002 libro
1189 3948 1265 4002 De
1311 3961 1574 4018 unguento
1606 3967 1624 4004 :
1669 3969 1687 4002 ι
1731 3953 1788 4005 Si
1823 3952 1966 4005 enim
2003 3963 2089 4006 est
2137 3953 2279 4005 divi-

715 4040 1007 4095 nissimum
1052 4049 1304 4096 nostrum
1338 4043 1511 4098 altare
1532 4043 1715 4105 Jesus,
1747 4043 1930 4097 divina
1968 4043 2277 4097 divinarum

717 4131 978 4184 mentium
1026 4133 1388 4197 consecratio,
1448 4133 1500 4186 in
1532 4147 1666 4203 quo,
1711 4142 1770 4187 u:
1822 4134 1936 4185 vult
1982 4133 2278 4202 eloquium,

712 4225 1016 4279 consecrati
1046 4234 1100 4279 et
1133 4226 1359 4294 mystice
1393 4235 1653 4296 tanquam
1682 4226 2062 4281 holocaustum
2103 4227 2279 4281 sacri-

714 4315 860 4368 licati
897 4316 1229 4371 oblationem
1269 4317 1552 4382 habemus,
1603 4321 2070 4387 supermundanis
2103 4319 2278 4374 oculis

712 4407 1042 4476 aspiciamus
1084 4408 1260 4476 ipsum
1301 4410 1703 4466 divinissimum
1750 4411 1940 4464 altare.
1984 4428 2004 4461 ι
2043 4410 2122 4463 Ad
2176 4410 2279 4464 hoc

2391 1951 2758 2020 ἀνθρωπίνης,
2784 1949 2922 2001 κατὰ
2944 1949 3030 2000 τὸν
3048 1948 3221 2015 μέγαν
3245 1946 3540 2002 Διονύσιον,
3563 1943 3668 1995 ὑπὸ
3684 1946 3781 2013 τῆς
3804 1943 3962 2012 πρὼ-

2387 2059 2484 2107 της
2521 2043 2805 2109 ίεραρχίας
2828 2039 2935 2090 τῶν
2969 2039 3219 2104 ἀγγέλων
3244 2034 3633 2104 βσηθουμένων
3669 2048 3684 2063 ο
3734 2033 3877 2098 αὑτὴ
3927 2034 3960 2099 ἡ

2390 2133 2522 2200 εὐχὴ
2551 2131 2702 2184 οὐδὲν
2738 2130 2925 2200 ἕτερόν
2958 2130 3072 2179 ἐστι
3112 2126 3385 2192 δυναμένη
3417 2127 3530 2186 τοῖς
3553 2124 3767 2193 δώροις,
3801 2125 3832 2191 ἢ
3859 2123 3962 2189 τὴν

2388 2226 2467 2285 είς
2495 2225 2552 2274 τὸ
2586 2223 2859 2292 Κυριακὺν
2889 2221 3046 2286 σῶμα
3083 2220 3174 2270 καὶ
3207 2213 3342 2287 αἷμα
3374 2218 3695 2284 μεταῦολήν,
3732 2217 3805 2268 Οὐ
3845 2219 3966 2284 γὰρ

2387 2317 2450 2385 δὴ
2479 2317 2643 2366 τόπον
2672 2313 2791 2365 τινὰ
2819 2313 2960 2381 ὑπὶρ
2989 2313 3077 2363 τδν
3105 2309 3335 2380 οὐρανὸν
3385 2309 3743 2380 ἐξῃρημένον,
3806 2309 3864 2358 ὲν
3913 2301 3966 2372 ᾧ

2386 2407 2466 2458 δεῖ
2499 2405 2665 2467 θύειν,
2705 2403 2764 2454 τὸ
2788 2403 3180 2469 θυσιαστήριον
3208 2402 3385 2452 ἐκεῖνο
3425 2399 3732 2467 νομιστέον.
3794 2397 3963 2451 Οὕτω

2388 2496 2573 2566 γὰρού
2605 2493 2738 2545 πολὺ
2789 2492 3102 2560 διοισόμεθα
3149 2489 3257 2543 τῶν
3307 2491 3364 2540 ὲν
3409 2487 3806 2556 Ἰεροσολύμοις
3870 2487 3965 2538 λε-

2389 2584 2652 2655 γόντωνῆ
2691 2586 2743 2635 ὲν
2772 2581 2847 2651 τῷ
2890 2583 3005 2652 ὄρει
3035 2583 3132 2650 τῆς
3169 2579 3484 2649 Σαμαρείας
3527 2581 3614 2633 τὸν
3666 2582 3832 2632 τόπον
3872 2576 3959 2632 εἴ·

2387 2695 2474 2730 ναι
2503 2679 2635 2730 ὅπου
2663 2676 2740 2727 δεῖ
2767 2674 2896 2726 Θεὸν
2935 2674 3280 2744 προσκυνεῖν.
3329 2671 3472 2723 Ἀλλ’
3507 2669 3648 2733 ιπεὶ,
3683 2669 3824 2723 κατὰ
3859 2670 3970 2720 τὸν

2389 2769 2654 2837 μακάριον
2689 2765 2919 2826 Παῦλον,
2969 2782 2987 2814 ι
3020 2758 3098 2826 εἷς
3124 2763 3276 2826 Θεὸς,
3308 2757 3388 2824 εἷς
3423 2761 3516 2813 καὶ
3555 2762 3778 2830 μεσίτης
3812 2758 3954 2812 Θεοῦ

2385 2861 2478 2910 καὶ
2512 2855 2813 2926 ἀνθρώπων
2867 2854 3075 2924 Ἰησοῦς
3135 2854 3391 2925 Χριστὸς,
3429 2870 3448 2902 ι
3480 2853 3656 2906 πάντα
3694 2850 3760 2903 τὰ
3795 2868 3959 2918 μεσι-

2384 2949 2532 3001 τείαν
2562 2949 2859 3015 δυνάμενα,
2883 2945 2974 2998 τὸν
3014 2945 3287 3013 ἁγιασμδν
3315 2946 3448 3013 ἡμῖν
3500 2943 3719 3014 ἔχοντα,
3788 2943 3955 3010 μόνος

2385 3041 2532 3092 ἐστὶν
2566 3039 2726 3101 αὐτὸς
2753 3039 2780 3089 6
2807 3038 3016 3107 Σωτήρ,
3044 3038 3178 3089 Τίνα
3195 3037 3248 3089 δὲ
3287 3037 3355 3088 τὰ
3381 3035 3657 3104 μεσιτείαν
3688 3036 3953 3102 συνάγον-

2384 3147 2470 3195 τα,
2497 3129 2591 3180 καὶ
2606 3127 2855 3196 ἁγιάζειν
2882 3129 3152 3194 δυνάμενα
3179 3144 3192 3190 ;
3236 3129 3434 3197 Ἱερεὺς
3455 3168 3469 3182 .
3498 3128 3714 3196 ἱερεῖον,
3755 3126 3956 3178 θυσια-

2388 3227 2625 3295 στήριον.
2651 3223 2761 3276 Καὶ
2789 3222 2896 3290 γὰρ
2921 3223 2980 3274 τὸ
3013 3220 3397 3290 θυσιαστήριον
3423 3219 3662 3286 ἁγιάζει,
3687 3219 3831 3272 κατὰ
3855 3220 3954 3272 τὸν

2386 3317 2586 3387 Κυρίου
2604 3316 2779 3382 λόγον,
2803 3313 2860 3366 τὸ
2877 3311 3251 3380 θυσιασθῆναι·
3280 3329 3298 3361 ι
3320 3310 3392 3363 Τὸ
3413 3311 3675 3378 θυσιαστή
3687 3295 3962 3379 ριονῖγὰρε

2384 3408 2617 3478 «malth
2642 3406 2864 3475 ἁγιάζον
2888 3405 2947 3458 τὸ
2969 3405 3192 3473 δῶρον.)
3225 3404 3430 3455 οὐκοῦν
3455 3405 3576 3458 ἐπεὶ
3602 3403 3760 3472 μόνος
3785 3402 3955 3464 αὐτός

2383 3503 2532 3552 ἐστιν
2557 3499 2584 3547 6
2607 3496 2877 3564 ἁγιάζων,
2909 3495 3073 3564 μόνος
3098 3495 3162 3546 ἂν
3194 3495 3280 3561 εἴη
3311 3493 3338 3544 6
3373 3495 3572 3564 ἱερεὺς,
3611 3495 3706 3547 καὶ
3738 3495 3950 3563 ἱερεῖον

2382 3597 2477 3644 καὶ
2508 3591 2914 3657 θυσιαστήριον.
2947 3586 3054 3638 Καὶ
3081 3587 3162 3638 ὅτι
3189 3585 3292 3655 μὲν
3315 3586 3342 3637 6
3370 3587 3550 3655 ἱερεὺς
3589 3587 3681 3637 καὶ
3723 3585 3948 3653 ἱερεῖον,

2382 3683 2542 3745 αὐτὸς
2567 3677 2738 3734 εἶπενο
2765 3698 2785 3731 ι
2806 3679 2977 3750 ’Υπὲρ
3017 3677 3194 3732 αὐτῶν
3222 3677 3352 3747 γὰρ,
3381 3681 3568 3747 φησιν,
3595 3677 3704 3744 ἐγὼ
3732 3674 3953 3742 ἁγιάζω

2382 3774 2615 3842 ἐμαυτόν
2631 3788 2643 3804 ·
2659 3790 2677 3824 ι
2704 3772 2783 3825 ὅτι
2801 3770 2856 3824 δὲ
2877 3771 2967 3823 καὶ
2991 3769 3402 3838 θυσιαστήριον,
3440 3770 3468 3819 6
3491 3767 3787 3838 ίερώτατος
3807 3785 3952 3835 μαρ-

2381 3881 2444 3916 τυ
2456 3865 2538 3930 ρεῖ
2564 3861 2858 3922 Διονύσιος,
2884 3859 3058 3926 λέγων
3088 3861 3144 3910 ὲν
3166 3857 3243 3926 τῷ
3266 3856 3402 3925 Περὶ
3426 3857 3531 3910 τοῦ
3553 3858 3746 3925 μύρου
3763 3857 3910 3922 λόγῳ
3933 3870 3946 3884 ο

2389 3973 2406 4006 ι
2441 3955 2504 4007 Et
2526 3954 2635 4022 γάρ
2666 3957 2781 4006 ἐστι
2815 3953 2874 4006 τδ
2908 3951 3252 4004 θειότατατον
3291 3949 3451 4018 ἡμῶν
3499 3949 3892 4018 θυσιαστήριον
3923 3951 3954 4001 6

2381 4044 2589 4114 Ἰησοῦς
2613 4085 2628 4110 ,
2665 4047 2697 4113 ή
2721 4043 2988 4113 θεαρχικὴ
3018 4043 3125 4095 τῶν
3166 4041 3327 4094 θείων
3349 4040 3486 4094 νὸων
3533 4041 3851 4110 ἀφιέρωσις,
3889 4041 3954 4092 ἐν

2380 4131 2426 4205 ᾧ
2459 4137 2599 4190 κατὰ
2622 4137 2681 4189 τὸ
2709 4135 2889 4203 λόγιον
2914 4134 3327 4205 ἀφιεροὺμενοι,
3359 4135 3454 4188 καὶ
3496 4132 3769 4201 μυστικῶς
3824 4132 3952 4182 ὀλο.

2371 4226 2757 4295 νκαυτούμενοι,
2781 4224 2879 4294 τὴν
2905 4224 3272 4293 προσαγωγὴν
3294 4224 3518 4293 ἔχομεν,
3549 4221 3949 4290 ὑπερκοσμίοις

2380 4319 2679 4387 ὀφθαλμοῖς
2711 4315 3141 4384 ὲποπτεύσωμεν
3175 4316 3234 4367 τὸ
3257 4315 3537 4368 θειότατον
3574 4313 3708 4366 αὐτὸ
3757 4312 3946 4365 θυσια-

2385 4413 2625 4482 στήριον,
2669 4429 2686 4460 ρ
2718 4411 2811 4471 Et;
2833 4409 2992 4463 τοῦτο
3024 4409 3084 4461 τὸ
3109 4407 3495 4477 θυσιαστήριον
3544 4407 3606 4459 τὸ
3636 4407 3949 4475 ὑπερουρά-

713 4502 1101 4569 δυρετειειεειε
1161 4501 1330 4554 altare
1378 4510 1499 4554 orat
1556 4502 1814 4557 sacerdos
1871 4502 2011 4556 dona
2053 4517 2274 4557 sursum

2385 4521 2495 4557 νιον
2541 4503 2610 4554 τὰ
2658 4502 2807 4573 δῶρα
2825 4499 3040 4571 εὔχεται
3078 4500 3431 4569 ἀνενεχθῆναι
3465 4500 3492 4550 6
3547 4500 3746 4568 ἱερεὺς,
3807 4498 3953 4564 ὅπερ

714 4592 867 4654 ferri,
900 4595 1042 4659 quod
1073 4600 1157 4645 est
1197 4592 1548 4654 sanctillcari,
1585 4594 1638 4646 in
1675 4595 1851 4662 ipsum
1885 4593 2276 4661 superemleste

709 4685 909 4739 Christi
942 4701 1140 4753 corpus
1173 4685 1372 4738 mutari
1420 4703 1433 4738 :
1467 4700 1576 4739 non
1613 4687 1793 4739 locum
1831 4685 2115 4751 mutantia,
2164 4693 2217 4740 et
2246 4700 2277 4740 θ

713 4789 852 4829 terra
889 4776 1152 4829 translata
1188 4776 1239 4828 in
1291 4775 1489 4830 cmlum
1531 4791 1543 4827 :
1579 4776 1838 4846 quoniam
1879 4775 2125 4830 videmus
2160 4775 2274 4842 ipsa

712 4868 892 4922 adhuc
922 4868 1064 4936 apud
1101 4883 1198 4923 nos
1221 4883 1363 4930 esse,
1397 4877 1450 4922 et
1492 4876 1614 4936 post
1651 4869 1952 4921 orationem
1987 4868 2157 4921 nihilo
2188 4883 2277 4920 se-

711 4963 848 5012 cius.
915 4958 1187 5024 Quoniam
1251 4961 1395 5014 enim
1444 4960 1612 5014 altare
1661 4959 1967 5014 sanctiﬁcat
2021 4960 2163 5012 dona
2224 4958 2274 5011 ei

715 5052 1162 5122 superimposita,
1211 5053 1351 5106 idem
1388 5061 1472 5107 est
1531 5067 1690 5106 orare
1751 5063 1811 5106 ut
1861 5053 2001 5106 dona
2037 5052 2277 5106 sanctili-

714 5153 928 5209 centur,
980 5155 1034 5200 et
1083 5145 1136 5198 in
1201 5144 1356 5198 altari
1415 5146 1589 5213 posita
1649 5159 1789 5198 esse.
1823 5142 1954 5207 Quae
1983 5150 2065 5197 est
2095 5151 2275 5196 autem

711 5236 1111 5298 sanctiﬁcatio,
1164 5250 1286 5304 quae
1345 5235 1520 5289 altare
1581 5234 1930 5289 sanctiﬁcat?
1968 5233 2116 5288 Dona
2170 5234 2275 5285 im-

709 5329 888 5397 posita
930 5337 984 5381 et
1037 5341 1146 5396 quo
1185 5328 1300 5395 ipse
1350 5328 1609 5381 sacerdos
1672 5327 1910 5392 seipsum
1975 5326 2278 5380 sanctiﬁca-

711 5421 787 5474 \‘it
823 5460 836 5482 ,
878 5421 1054 5474 oblata
1111 5433 1234 5474 esse
1287 5415 1397 5474 Deo
1441 5419 1582 5472 dona
1642 5427 1694 5472 et
1746 5419 2068 5473 sacrilicata.
2125 5417 2274 5481 Quo-

710 5515 854 5564 niam
899 5511 1043 5564 enim
1093 5510 1235 5564 idem
1281 5520 1365 5564 est
1412 5521 1465 5565 et
1523 5511 1801 5572 sacerdos,
1859 5520 1912 5562 et
1975 5510 2169 5572 altare,
2221 5515 2278 5562 et

715 5602 911 5665 hostia,
945 5602 1085 5655 idem
1115 5611 1196 5656 est
1243 5612 1296 5654 et
1326 5617 1355 5654 a
1387 5608 1674 5655 sacerd0te
1724 5600 2089 5654 sacriﬁcatum
2130 5613 2273 5664 esse,

711 5701 760 5743 rt
800 5691 854 5744 in
883 5691 1116 5746 hostiam
1144 5692 1288 5745 illam
1315 5699 1578 5744 mutatqu
1607 5705 1745 5752 esse,
1781 5698 1831 5743 et
1866 5689 1918 5742 in
1952 5688 2044 5741 illo
2076 5702 2269 5756 super-

714 5781 918 5840 cmlcsti
979 5781 1330 5853 altat-iposita
1376 5793 1427 5839 et
1479 5783 1721 5838 dit-dicata
1778 5796 1919 5837 esse.
1977 5780 2274 5850 Propterea

2383 4599 2531 4649 ἐστιν
2560 4593 2908 4661 ἁγιασθῆναι,
2937 4595 3016 4655 εἰς
3066 4592 3198 4646 αὐτὸ
3223 4593 3284 4644 τὸ
3340 4592 3732 4660 ὑπερουρὰνιον
3785 4591 3948 4658 σῶμα

2379 4688 2473 4742 τοῦ
2510 4687 2712 4756 Κυρίου
2763 4685 3170 4754 μεταϐληθῆναι
3203 4701 3218 4716 ο
3275 4685 3335 4738 οὐ
3382 4685 3550 4738 τόπον
3605 4684 3950 4754 ἀμείψαντα,

2381 4774 2475 4832 καὶ
2532 4778 2638 4830 ἀπὸ
2683 4776 2784 4844 τῆς
2830 4779 2932 4846 γῆς
2958 4776 3224 4844 γενόμενα
3267 4777 3346 4839 εἰς
3397 4776 3490 4828 τὸν
3536 4777 3782 4844 οὐρανὸν,
3820 4777 3950 4828 ἐπεὶ

2377 4867 2595 4937 ὁρῶμεν
2629 4865 2765 4918 αὺτὰ
2794 4866 2922 4933 παρ’
2962 4867 3096 4933 ἡμῖν
3126 4864 3253 4917 ὄντα
3301 4863 3405 4928 ἔτι,
3431 4864 3522 4916 καὶ
3557 4864 3694 4932 μετὰ
3719 4863 3816 4933 τὴν
3851 4866 3946 4915 es-

2381 4958 2479 5026 χὴν
2508 4957 2659 5010 οὺδὶν
2687 4951 2871 5027 ἦττον.
2910 4955 3063 5008 Ἐπεὶ
3090 4955 3196 5026 γὰρ
3223 4956 3283 5007 τὸ
3337 4956 3723 5025 θυσιαστήριον
3783 4956 3945 5022 ἁγιὰ-

2374 5035 2461 5112 ’ζει
2486 5051 2552 5101 τὰ
2601 5047 2824 5105 τεθέντα
2852 5046 3000 5115 αὐτῷ
3028 5046 3196 5116 δῶρα,
3231 5047 3429 5100 ταύτόν
3465 5049 3634 5110 ἐστιν,
3679 5045 3946 5112 εὗξασθαι

2378 5144 2487 5202 τοῖς
2519 5140 2710 5206 δώροις
2743 5139 3088 5210 ἁγιασθῆναι,
3121 5141 3212 5192 καὶ
3239 5142 3295 5191 ὲν
3327 5141 3405 5209 τῷ
3436 5139 3806 5208 θυσιαστηρίῳ
3846 5156 3945 5192 τε-

2379 5233 2558 5298 θῆναι.
2583 5231 2678 5290 Τίς
2703 5230 2759 5282 δὲ
2797 5233 2824 5283 6
2853 5232 3124 5300 ἁγιασμὸς
3155 5231 3213 5282 ὃν
3263 5231 3482 5298 ἁγιάζει
3532 5232 3593 5283 τι
3643 5233 3945 5304 ﬂuctuati;—

2381 5337 2528 5391 ριον;
2563 5323 2642 5374 Τὰ
2699 5322 2920 5373 τεθέντα
2959 5323 3106 5392 αὑτῷ
3139 5323 3320 5392 δῶρα’
3357 5325 3414 5376 ὃν
3473 5326 3635 5388 αὐτὸς
3685 5327 3712 5377 6
3761 5327 3942 5395 ίερεὺς

2379 5415 2606 5482 ἡγίασεν
2660 5413 2874 5477 ἑαυτὸν,
2927 5413 3002 5481 τῷ
3063 5414 3492 5483 προσενεχθῆναι
3544 5415 3622 5484 τῷ
3671 5414 3791 5484 Θεῷ
3847 5417 3943 5470 καὶ

2379 5504 2620 5573 τεθῆναι.
2696 5505 2851 5556 Ἐπεὶ
2899 5505 3008 5574 γὰρ
3055 5506 3083 5557 6
3136 5505 3298 5568 αὑτός
3344 5507 3459 5559 ἔστι
3490 5508 3813 5577 καὶίεριὺς,
3845 5508 3944 5560 καὶ

2379 5595 2770 5664 θυσιαστήριον
2803 5596 3136 5666 καὶίερεϊον,
3170 5597 3364 5649 ταυτὸν
3400 5600 3566 5663 ἐστιν,
3592 5599 3697 5650 ὑπὸ
3733 5598 3827 5652 τοῦ
3862 5600 3947 5650 ιι-

2385 5686 2520 5754 ρὲως
2573 5687 2782 5738 ἐκείνου
2838 5688 3282 5758 ίερουργηθῆναι,
3346 5690 3441 5741 καὶ
3495 5691 3574 5752 εἰς
3621 5689 3680 5742 τὸ
3745 5692 3948 5756 ίερεῖον

2381 5780 2556 5831 ἐκεῖνο
2577 5779 3002 5850 μεταϐληθῆναι,
3025 5782 3114 5833 καὶ
3146 5782 3203 5833 ὲν
3235 5780 3313 5850 τῷ
3345 5781 3716 5852 θυσιαστήρέῳ
3749 5783 3946 5854 ἐκείνῳ
