4150 6312
720 197 825 259 Δόῗί

1299 312 1449 365 CAP.
1496 312 1712 367 XXXII.

720 422 797 477 De
832 426 1099 494 sacriﬁcio
1136 429 1269 494 ipso,
1300 438 1349 482 ct
1380 429 1504 511 quid
1526 440 1613 512 est
1638 433 1776 499 quod
1812 431 2140 501 sacriﬁcium
2172 449 2293 486 uu-

1434 509 1582 567 cipit.

790 587 865 640 De
896 588 1016 658 ipso
1050 599 1229 651 autem
1266 591 1540 645 sacriﬁcio
1563 606 1741 660 Opera:
1778 592 2011 662 pretium
2051 602 2133 665 est
2160 593 2291 648 illud

714 692 981 743 qumrere.
1019 677 1155 743 Quia
1193 680 1340 733 enim
1396 696 1506 733 non
1556 681 1742 751 ﬁgurae
1798 683 2078 749 sacriﬁcii,
2118 699 2292 753 neque

717 771 1008 840 sanguinis
1046 772 1246 840 imago,
1280 772 1377 826 sed
1424 787 1550 827 vere
1590 784 1673 828 est
1704 776 1959 829 mactatio
2000 786 2053 830 et
2085 776 2293 831 sacriﬁo

717 860 883 925 cium,
934 877 1244 931 quan-amns
1283 863 1414 932 quid
1455 872 1539 919 est
1574 865 1968 929 sacriﬁcatum,
2018 866 2175 933 panis
2222 881 2288 918 an

716 968 918 1022 corpus
945 953 1202 1009 Domini?
1240 956 1488 1011 videlicet
1523 956 1743 1024 quando
1792 957 1933 1011 dona
1977 957 2292 1012 sacriﬁcan-

720 1057 830 1109 tur,
875 1048 1195 1116 priusquam
1233 1050 1345 1103 sint
1376 1050 1768 1113 sanctiﬁcata,
1817 1066 1884 1103 an
1917 1062 2123 1119 postea.
2158 1049 2289 1104 Etsi

719 1134 877 1201 panis
903 1136 1122 1203 quidem
1159 1148 1240 1192 est
1274 1139 1417 1207 quod
1451 1139 1816 1200 sacriﬁcatur,
1868 1140 2103 1208 primum
2169 1140 2291 1207 qui-

719 1226 837 1278 detn
866 1226 1136 1293 quodnam
1171 1227 1336 1282 fuerit
1371 1230 1524 1297 panis
1560 1230 1922 1284 sacriﬁcium:
1958 1230 2152 1284 deinde
2180 1244 2286 1283 non

717 1325 800 1367 cst
833 1316 936 1372 hoc
961 1318 1118 1373 nobis
1143 1320 1481 1389 mysterium,
1508 1320 1693 1375 videre
1735 1335 1927 1389 panem
1967 1329 2286 1383 mactatum,

717 1407 811 1460 scd
849 1408 1061 1473 Agnum
1092 1408 1205 1474 Dei,
1234 1412 1325 1479 qui
1356 1427 1451 1465 sua
1479 1419 1649 1465 morte
1674 1411 2047 1480 tollitpeccata
2077 1411 2283 1464 mundi.

719 1496 813 1550 Sin
847 1510 1029 1553 autem
1062 1500 1238 1568 ipsum
1294 1499 1638 1555 Dominicum
1690 1516 1891 1570 corpus
1926 1502 2284 1564 sacriﬁcatur,

717 1588 819 1641 hoc
875 1599 1019 1641 certe
1050 1605 1118 1643 ne
1153 1580 1267 1643 ﬁeri
1320 1592 1538 1660 quidem
1577 1602 1775 1660 potest.
1817 1591 1935 1646 Non
1971 1595 2114 1646 enim
2163 1607 2285 1646 am-

1978 205 2275 269 NlCOL.\i
2323 211 2408 270 CA
2424 213 2702 273 BASILE

3844 148 4091 287 mi

2984 328 3235 382 ΚΕΦᾹᾹ.
3278 328 3362 380 AB
3387 367 3399 381 .

2405 440 2545 507 Περὶ
2581 440 2689 507 τῆς
2728 441 2945 505 θυσίας
2985 440 3197 504 αὐτῆς,
3240 441 3337 491 καὶ
3380 441 3435 492 τί
3463 440 3591 492 ἐστι
3620 438 3683 492 τὸ
3720 437 3949 507 δεχόμε

2922 527 3034 563 γον
3064 510 3178 576 τὴν
3207 511 3449 564 θυσίαν.

2476 603 2609 671 Περὶ
2636 603 2690 655 δὲ
2721 603 2819 671 τῆς
2861 601 3050 665 θυσίας
3098 602 3269 669 αὐτῆς
3338 602 3489 665 ἄξιον
3540 605 3715 654 ἐκεῖνο
3758 604 3946 670 ζητεῖν

2402 695 2556 747 Ἐπεὶ
2612 696 2719 765 γὰρ
2771 695 2833 747 οὐ
2864 694 3033 757 τύπος
3083 693 3274 757 θυσίας
3321 696 3442 748 οὐδὲ
3490 694 3721 763 αἵματος
3781 694 3967 755 εἰκὼν,

2403 786 2537 839 ἀλλά
2568 786 2799 855 ἀληθῶς
2828 787 3012 856 σφαγὴ
3041 786 3136 839 καὶ
3166 786 3350 849 θυσία,
3389 784 3640 854 ζητῶμεν
3668 784 3719 837 τί
3752 786 3811 837 τὸ
3842 784 3964 836 Oud-

2404 894 2590 946 μενον,
2628 877 2655 928 6
2687 878 2849 947 άρτος
2887 875 2919 945 ἢ
2978 876 3039 928 τὸ
3090 874 3183 929 τοῦ
3236 876 3439 946 Κυρίου
3486 876 3679 944 adma;
3720 874 3970 944 δηλονότι

2401 968 2532 1020 πότε
2563 968 2631 1020 τὰ
2663 968 2811 1029 δῶρα
2842 966 3052 1030 θύεται,
3100 967 3207 1036 πρὸ
3236 965 3330 1018 τοῦ
3362 966 3711 1034 ἀγιασθῆναι,
3743 964 3775 1034 ἦ
3826 965 3970 1033 μετά

2398 1060 2458 1112 τὸ
2494 1058 2861 1127 ἀγιασθῆναι;
2900 1060 3009 1113 Καὶ
3059 1060 3106 1110 εί
3147 1058 3245 1126 μὲν
3291 1060 3318 1110 6
3355 1058 3517 1125 ἀρτος
3566 1056 3627 1109 τὸ
3675 1056 3967 1123 θυόμενον,

2401 1152 2615 1220 πρῶτον
2644 1150 2740 1219 μὲν
2774 1150 2853 1206 τίς
2878 1151 3042 1219 άρτου
3071 1150 3229 1202 θυσία
3261 1149 3456 1214 γένοιτ’
3483 1150 3547 1203 άν
3574 1166 3587 1212 ;
3613 1148 3870 1207 Ἔπειτα,
3906 1146 3966 1196 οὗ

2396 1240 2553 1293 τοῦτο
2590 1242 2719 1311 ἡμῖν
2756 1242 2872 1293 ἐστι
2900 1240 2958 1292 τὸ
2995 1240 3316 1310 μυστήριον,
3350 1240 3514 1307 ἀρτον
3560 1240 3688 1292 ἰδεῖν
3726 1237 3965 1304 σφαττέ-

2399 1344 2580 1395 μενον,
2615 1328 2750 1380 ἀλλὰ
2792 1327 2883 1379 τὸν
2932 1328 3126 1396 Ἀμνδν
3162 1326 3252 1379 τοῦ
3303 1325 3459 1389 Θεοῦ,
3508 1326 3601 1379 τὸν
3634 1326 3863 1395 αἴροντα
3898 1326 3967 1392 τῇ

2398 1421 2582 1489 σφαγῇ
2614 1418 2715 1489 τὴν
2746 1419 3022 1489 ἁμαρτίαν
3047 1418 3140 1471 τοῦ
3172 1418 3399 1487 κόσμου.
3432 1418 3495 1471 Εἰ
3526 1418 3583 1470 δὲ
3609 1417 3739 1471 αὐτὸ
3771 1416 3966 1468 θύεται

2394 1511 2453 1564 τὸ
2486 1511 2765 1579 κυριακὸν
2794 1510 2976 1579 σῶμα,
3013 1510 3250 1579 μάλιστα
3280 1509 3377 1577 μὲν
3406 1509 3525 1563 οὐδὲ
3548 1508 3808 1563 δυνατόν’
3841 1507 3968 1560 οὖδέ

2394 1602 2502 1672 γὰρ
2558 1600 2833 1670 σφαγῆναι
2868 1603 2948 1654 ἔτι
2982 1600 3017 1670 ἢ
3063 1600 3337 1669 πληγῆναι
3389 1600 3647 1663 δύναται,
3685 1599 3968 1668 ἀκήρατον

716 1679 859 1745 plius
883 1680 1061 1733 occidi
1083 1683 1165 1733 vel
1193 1682 1402 1750 percuti
1436 1692 1632 1751 potest,
1666 1698 1789 1736 cum
1818 1683 1929 1752 jam
1964 1684 2034 1738 ab
2064 1684 2285 1738 interitu

2391 1695 2489 1764 ἥδη
2521 1696 2614 1747 καὶ
2649 1693 2918 1746 ἀθάνατον
2954 1693 3268 1763 γενόμενον.
3298 1694 3357 1745 Εἰ
3382 1693 3439 1745 δὲ
3472 1692 3599 1761 ἐξῆν
3632 1709 3684 1743 τι
3715 1690 3967 1743 τοιοῦτον

715 1776 767 1816 et
792 1769 1140 1836 corruptione
1187 1770 1421 1823 alienum
1460 1779 1509 1825 et
1562 1772 1872 1824 immortale
1900 1770 2151 1826 eﬁ'ectum
2191 1774 2287 1827 sit.

715 1856 871 1921 Quod
905 1860 950 1913 si
987 1861 1099 1914 ﬁeri
1156 1872 1336 1929 posset
1369 1873 1426 1915 ut
1455 1862 1637 1917 adhuc
1687 1863 1893 1933 aliquid
1920 1865 2025 1919 tale
2074 1872 2291 1934 patere-

717 1956 828 2015 tur,
852 1960 1131 2017 oporteret
1183 1968 1303 2008 esse
1340 1963 1392 2007 et
1440 1953 1531 2023 qui
1575 1955 1974 2023 cruciﬁgerent,
2010 1964 2065 2010 et
2106 1956 2289 2010 omnia

716 2040 821 2095 alia
856 2042 1153 2098 convenire
1186 2059 1303 2113 qua:
1337 2045 1468 2099 illud
1501 2045 1828 2099 sacriﬁcium
1861 2046 2183 2111 eﬁecerunt,
2210 2045 2285 2099 si-

648 2122 651 2123 ν
716 2134 938 2204 quidem
973 2149 1080 2187 non
1126 2136 1295 2205 ﬁgura
1330 2137 1696 2199 mactationis,
1745 2137 1839 2190 sed
1876 2152 2002 2191 vera
2032 2138 2289 2203 mactatio

717 2240 840 2279 csse
863 2225 1103 2293 ponitur.
1146 2225 1351 2281 Deinde
1370 2242 1485 2297 quo
1516 2228 1681 2282 modo
1704 2226 1962 2283 Christus
2007 2228 2176 2283 semel
2206 2236 2292 2284 est

720 2326 992 2381 mortuus,
1053 2328 1107 2372 et
1172 2320 1490 2385 suscitatus,
1550 2334 1657 2373 non
1687 2320 1919 2389 amplius
1953 2320 2202 2385 moritur,
2237 2329 2290 2376 ct

716 2411 882 2464 semel
932 2426 1125 2479 passus
1154 2420 1238 2466 est
1277 2412 1333 2466 in
1370 2413 1844 2468 consummatione
1872 2414 2079 2475 saeculi,
2124 2422 2177 2468 et
2205 2429 2292 2468 se-

713 2503 819 2558 mel
860 2502 1061 2559 dicitur
1088 2504 1324 2571 oblatus,
1360 2516 1419 2559 ut
1448 2507 1743 2561 multorum
1779 2517 2001 2575 peccata
2029 2506 2289 2560 offerret?

717 2595 773 2650 Si
803 2598 951 2653 enim
987 2599 1041 2652 in
1101 2614 1431 2669 unaquaque
1480 2600 1727 2670 mysterii
1768 2599 2139 2655 celebratione
2174 2599 2291 2667 ipse

715 2688 1079 2755 sacriﬁcatur,
1136 2690 1383 2758 quotidie
1445 2692 1697 2745 moritnr.
1720 2689 1859 2756 Quid
1896 2691 1962 2745 ad
1996 2690 2111 2746 lucc
2159 2696 2291 2760 er'go

717 2780 1008 2834 dicendum
1041 2791 1126 2837 est
1149 2784 1170 2835 ἵ
1195 2782 1540 2836 Sacriﬁcium
1580 2797 1761 2852 neque
1796 2792 2088 2851 antequam
2133 2781 2290 2851 panis

717 2873 1108 2938 sanctiﬁcetur,
1169 2889 1349 2942 neque
1404 2884 1695 2944 postquam
1755 2884 1836 2929 est
1899 2874 2289 2939 sanctiﬁcatus,

716 2964 1019 3033 peragitur,
1040 2967 1134 3018 sed
1162 2980 1226 3019 eo
1248 2966 1363 3035 ipso
1388 2974 1633 3034 tempore
1656 2980 1761 3035 quo
1780 2966 2176 3021 sanctiticatur.
2200 2965 2289 3019 Sic

2391 1785 2522 1838 αὐτὸ
2545 1788 2818 1854 ἐνεγκεῖν,
2856 1785 2965 1837 ἔδει
2988 1783 3080 1837 καὶ
3113 1784 3239 1846 τοὺς
3279 1783 3648 1853 σταυροῦντας
3676 1778 3835 1846 εἶναι,
3869 1782 3968 1833 καὶ

2390 1877 2561 1931 τάλλα
2594 1876 2870 1930 συνελθεῖν
2904 1876 3142 1937 άπαντα,
3185 1875 3221 1929 ά
3250 1874 3348 1945 τὴν
3380 1873 3571 1927 θυσίαν
3605 1874 3820 1941 ἐκείνην
3850 1873 3968 1939 εἰρ-

2390 1967 2665 2036 γάσαντο·
2735 1967 2850 2034 εἴγε
2916 1966 2978 2019 οὐ
3035 1965 3205 2029 τύπος
3266 1967 3502 2033 σφαγῆς,
3575 1964 3712 2016 ἀλλά
3778 1964 3967 2030 σφαγὴ

2390 2059 2594 2129 ἀληθὴς
2655 2058 2939 2111 ὑπόκειται
2999 2053 3163 2111 εἶναι.
3217 2056 3450 2109 Ἔπειτα
3497 2055 3614 2115 πῶς
3663 2057 3690 2107 6
3726 2054 3967 2123 Χριστὸς

2391 2150 2535 2215 ἅπαξ
2567 2149 2825 2213 ἀπέθανε,
2851 2151 2945 2203 καί
2970 2150 3237 2217 ἐγερθεὶς,
3266 2148 3453 2202 οὐκέτι
3483 2146 3841 2215 ἀποθνήσκει,
3868 2148 3969 2197 καὶ

2390 2242 2542 2309 άπαξ
2585 2241 2789 2296 ἔπαθεν
2822 2244 2916 2294 έπὶ
2949 2242 3235 2312 συντελείᾳ
3280 2241 3375 2293 τοῦ
3410 2240 3629 2304 αἰῶνος,
3675 2237 3769 2289 καὶ
3816 2237 3969 2300 ἅπαξ

2390 2334 2608 2402 λέγεται
2663 2332 3069 2403 προσενεχθεὶς.
3122 2334 3204 2396 είς
3251 2332 3313 2385 τὸ
3376 2331 3589 2383 πολλῶν
3644 2330 3975 2396 ἀνενεγκεῖν

2392 2427 2665 2497 ἁμαρτίας
2692 2442 2709 2491 ;
2739 2425 2801 2479 Et
2830 2426 2939 2495 γάρ
2969 2424 3091 2478 καθ’
3125 2424 3363 2493 ἑκάστην
3398 2424 3617 2491 τελετὴν
3651 2421 3813 2483 αὐτὸς
3842 2420 3971 2473 θύε-

2390 2535 2504 2582 ται,
2550 2516 2672 2569 καθ’
2707 2515 2944 2583 ἑκάστην
2974 2513 3334 2583 ἀποθνήσκει.
3373 2512 3438 2566 Τί
3484 2510 3578 2565 οὖν
3622 2510 3757 2580 πρὸς
3788 2509 3969 2561 ταῦτα

2392 2609 2539 2661 εστιν
2575 2608 2777 2671 εἰπετνς
2817 2605 2885 2661 Ἦ
2914 2604 3072 2659 θυσία
3101 2604 3227 2658 οὒτε
3258 2602 3366 2674 πρὸ
3390 2602 3485 2656 τοῦ
3517 2600 3853 2671 ἀγιασθῆναι
3878 2600 3973 2652 τὸν

2391 2698 2576 2769 άρτον,
2608 2695 2731 2749 οὔτε
2766 2695 2905 2766 μετά
2954 2696 3015 2750 τὸ
3050 2694 3381 2765 ἀγιασθῆναι
3417 2692 3675 2758 τελεῖται,
3736 2689 3856 2745 ἀλλ’
3911 2692 3975 2742 έν

2392 2787 2540 2857 αὐτῷ
2586 2787 2663 2856 τῷ
2719 2785 3064 2855 ἀγιάζεσθαι.
3117 2786 3273 2840 Οὕτω
3313 2786 3426 2861 γὰρ
3478 2784 3692 2854 ἀνάγκη
3754 2782 3971 2844 πάντας

2395 2878 2779 2949 συντηρεϊσθαι
2804 2880 2931 2942 τοὺς
2954 2895 3021 2931 πε
3033 2879 3085 2949 pi.
3107 2879 3272 2947 αὐτῆς
3295 2876 3718 2947 πιστευομένους
3744 2874 3964 2945 λόγους.

2393 2971 2488 3023 καὶ
2525 2970 2729 3039 μηδένα
2758 2970 2999 3022 πίπτειν.
3027 2969 3194 3032 Τίνας
3228 2970 3292 3039 δὴ
3320 2968 3465 3035 λέγω
3496 2967 3724 3036 λόγους;
3762 2966 3837 3020 Τὸ
3866 2966 3974 3036 τὴν

716 3055 861 3108 enim
911 3069 1134 3111 necesse
1177 3064 1260 3109 est
1307 3056 1494 3110 omnia
1530 3071 1654 3126 qua
1706 3056 1774 3110 de
1818 3054 1931 3110 Deo
1967 3057 2285 3120 creduntur,

2394 3066 2584 3118 θυσίαν
2638 3063 2845 3134 ταύτην
2903 3062 2977 3133 μὴ
3017 3062 3199 3116 εἰκόνα
3246 3062 3339 3115 καὶ
3367 3063 3534 3116 τύπον
3564 3056 3703 3115 εἶναι
3748 3060 3971 3123 Θυσίας,

715 3148 1049 3209 conservari,
1077 3158 1129 3202 et
1160 3148 1295 3202 nihil
1326 3149 1554 3203 omnino
1589 3148 1863 3205 excidere.
1906 3148 2165 3214 Quaenam
2194 3161 2291 3201 au-

718 3249 829 3292 tem
856 3255 918 3294 ea
950 3240 1115 3295 sunt?
1159 3240 1508 3296 Sacriﬁcium
1541 3243 1642 3296 hoc
1687 3255 1797 3296 non
1829 3256 1950 3295 esse
1994 3240 2285 3310 imaginem

716 3341 771 3385 et
802 3332 1029 3399 ﬁguram
1091 3332 1369 3397 sacriﬁcii,
1402 3333 1495 3388 sed
1530 3347 1717 3387 verum
1776 3332 2104 3388 sacriﬁcium
2131 3348 2146 3395 ;
2179 3346 2287 3387 non

716 3438 838 3479 esse
866 3439 1062 3493 panem
1095 3425 1144 3479 id
1169 3425 1314 3494 quod
1347 3425 1715 3491 sacriﬁcatur,
1752 3427 1844 3480 sed
1880 3426 2057 3495 ipsum
2085 3423 2290 3479 Christi

717 3531 918 3583 corpus
947 3555 962 3580 ,
998 3525 1055 3570 et
1083 3525 1345 3586 praeterea
1369 3531 1538 3570 unum
1562 3530 1683 3573 esse
1706 3516 1841 3586 Agni
1860 3515 2207 3579 sacriﬁcium,
2235 3523 2292 3570 et

716 3607 859 3675 quod
882 3608 1048 3662 semel
1071 3605 1278 3661 factum
1298 3616 1400 3663 est.
1429 3606 1491 3661 Et
1520 3608 1753 3675 primum
1777 3607 2160 3672 videamus,an
2182 3622 2288 3661 non

717 3700 913 3769 ﬁgura,
964 3699 1057 3753 sed
1098 3698 1279 3769 reipsa
1310 3699 1636 3755 sacriﬁcium
1667 3700 1738 3755 sit
1761 3700 1999 3770 mysterii
2045 3698 2289 3753 celebra-

720 3791 813 3872 tio.
837 3788 991 3855 Quod
1009 3789 1153 3843 enim
1177 3799 1262 3844 est
1286 3790 1404 3843 ovis
1423 3788 1775 3854 sacriﬁcium,
1795 3804 1918 3857 qure
1960 3790 2027 3842 ab
2048 3802 2111 3841 e0
2145 3786 2287 3856 quod

718 3898 824 3938 non
851 3890 935 3939 est
953 3882 1177 3937 omnino
1199 3881 1439 3937 occisum
1468 3882 1520 3935 in
1547 3880 1789 3936 occisum
1824 3879 1884 3934 ﬁt
1906 3878 2156 3942 mutatio,
2185 3878 2288 3932 hoc

717 3974 881 4027 ctiam
927 3974 1013 4028 hic
1058 3972 1136 4027 ﬁt.
1187 3970 1355 4027 Panis
1401 3971 1549 4027 enim
1582 3972 1676 4041 qui
1724 3982 1809 4027 est
1861 3969 2283 4031 insacriﬁcatus,

718 4072 962 4119 mutatur
987 4073 1117 4117 tunc
1144 4062 1199 4116 iu
1232 4062 1285 4116 id
1320 4064 1463 4131 quod
1494 4070 1579 4116 est
1602 4062 2012 4117 ’sacriﬁcatum.
2040 4060 2288 4114 Mutatur

715 4156 861 4209 enim
898 4170 926 4207 a
959 4168 1098 4220 pane
1129 4167 1238 4207 non
1271 4160 1511 4206 mactato
1545 4153 1598 4205 in
1627 4153 1805 4221 ipsum
1826 4166 2028 4221 corpus
2057 4152 2285 4216 Christi,

716 4248 862 4317 quod
908 4261 1033 4301 vere
1083 4254 1377 4300 mactatum
1428 4253 1531 4298 est.
1569 4242 1719 4298 Unde
1744 4244 2199 4314 quemadmodum
2231 4244 2283 4297 in

2391 3156 2527 3209 ἀλλά
2558 3154 2752 3208 θυσίαν
2799 3154 3081 3222 ἀληθινὴν,
3126 3154 3185 3207 τὺ
3221 3152 3295 3224 μὴ
3343 3154 3505 3223 άρτον
3540 3147 3681 3205 εἶναι
3712 3151 3772 3204 τὺ
3802 3151 3967 3203 τεθυ-

2393 3245 2577 3315 μένον,
2611 3243 2726 3297 ἀλλ’
2753 3243 2884 3297 αὐτὸ
2913 3242 2972 3295 τὸ
3002 3241 3098 3294 τοῦ
3125 3241 3359 3311 Χριστοῦ
3384 3243 3446 3295 τὸ
3474 3241 3634 3310 σῶμα
3655 3256 3667 3269 ·
3702 3242 3796 3293 καὶ
3826 3239 3965 3309 πρὸς

2389 3343 2622 3401 τούτοις,
2666 3336 2728 3389 τδ
2776 3336 2905 3405 μίαν
2957 3330 3099 3388 εἶναι
3153 3337 3252 3404 τὴν
3298 3334 3390 3387 τοῦ
3457 3333 3656 3402 Ἀμνοῦ
3686 3332 3781 3386 τοῦ
3824 3332 3966 3386 Θεοῦ

2391 3431 2604 3489 θυσίαν.
2628 3430 2722 3483 καὶ
2755 3428 2905 3494 ἅπαξ
2928 3427 3323 3499 γεγενημένην.
3350 3428 3458 3480 Καὶ
3487 3426 3702 3496 πρῶτον
3734 3426 3963 3493 ἴδωμεν,

2388 3525 2438 3577 εἰ
2469 3524 2543 3594 μὴ
2571 3522 2762 3585 τύπος,
2798 3519 2931 3572 ἀλλά
2960 3520 3194 3589 πρᾶγμα
3221 3517 3412 3580 θυσίας
3439 3520 3471 3588 ἡ
3495 3517 3704 3586 τελετή.
3727 3515 3827 3578 Τίς
3855 3516 3972 3582 γὰρ

2390 3612 2539 3685 ἠτοῦ
2583 3612 2859 3683 προῦἀτου
2911 3610 3089 3675 θυσία,
3130 3598 3170 3681 ἡ
3211 3609 3319 3664 ἀπὸ
3362 3610 3457 3662 τοῦ
3506 3609 3581 3679 μὴ
3610 3609 3965 3677 ἐσφαγμένου

2389 3707 2606 3767 πάντως
2646 3706 2726 3766 είς
2752 3704 2811 3755 τὸ
2845 3703 3187 3771 ἐσφαγμένον
3219 3700 3513 3771 μεταϐολὴ,
3543 3700 3700 3754 τοῦτο
3738 3703 3837 3753 καὶ⁵
3876 3703 3967 3752 έν-

2387 3795 2581 3861 ταῦθα,
2601 3795 2831 3862 γίνεται.
2872 3792 2933 3848 ’0
2966 3792 3077 3863 γάρ
3108 3791 3268 3862 άρτος
3296 3791 3492 3854 άθυτος
3521 3790 3596 3844 ὢν
3628 3789 3961 3858 μεταϐάλλει

2389 3889 2510 3941 τότε
2558 3888 2637 3949 είς
2668 3886 2728 3938 τὺ
2762 3884 3079 3953 τεθυμένον.
3123 3882 3467 3937 Μεταϐἀλλει
3514 3882 3621 3951 γὰρ
3649 3881 3757 3934 ἀπὸ
3786 3881 3958 3951 άρτσυ

2392 3978 2467 4050 μὴ
2514 3964 2858 4047 έσφαγμένου
2908 3979 2989 4040 είς
3035 3975 3174 4029 αὐτὸ
3219 3975 3281 4028 τὸ
3316 3974 3473 4045 σῶμα
3519 3973 3615 4026 τοῦ
3660 3974 3873 4044 Κυρίου
3900 3974 3961 4026 τδ

2390 4069 2595 4138 σφα-(ὲν
2618 4062 2851 4137 ἀληθῶς.
2892 4066 3055 4120 ὐθεν
3084 4066 3334 4136 καθάπερ
3363 4065 3455 4118 ἐπὶ
3484 4064 3581 4118 τοῦ
3616 4063 3896 4133 προϐάτου
3924 4065 3961 4133 ἠ

2392 4159 2664 4231 μεταϐολὴ
2719 4159 2915 4212 θυσίαν
2952 4157 3171 4228 ἀληθῶς
3219 4155 3533 4226 δργάςεται,
3564 4156 3707 4209 οὕτω
3735 4157 3829 4209 καὶ
3870 4158 3957 4208 ἐν·

2387 4251 2583 4313 ταῦθα,
2613 4250 2702 4303 διὰ
2761 4249 2861 4320 τὴν
2918 4247 3251 4318 μεταϐολὴν,
3305 4247 3468 4301 θυσία
3517 4248 3578 4301 τὸ
3625 4246 3959 4316 τελούμενον

717 4351 819 4391 ονε
875 4335 1127 4399 mutatio,
1182 4349 1307 4390 vere
1351 4335 1678 4399 sacriﬁcium
1726 4344 1988 4405 operatur
2023 4353 2035 4388 :
2068 4334 2142 4387 ita
2173 4332 2282 4403 jam

2391 4342 2628 4413 ἀληθέςο
2676 4340 3001 4412 μεταϐάλλει
3056 4338 3163 4409 γάρ
3197 4340 3299 4391 οὐκ
3343 4341 3426 4401 εις
3464 4337 3655 4401 τύπον,
3710 4338 3829 4391 ἀλλ’
3878 4340 3961 4400 είς

719 4429 805 4481 hic
832 4434 1052 4498 propter
1108 4430 1249 4482 hanc
1282 4428 1637 4482 mutationem
1686 4428 1735 4482 id
1783 4428 1926 4501 quod
1984 4427 2280 4496 peragitur,

717 4535 903 4573 verum
937 4526 1019 4578 est
1050 4518 1378 4573 sacriﬁcium
1413 4526 1718 4585 ;mntatur_
1748 4518 1892 4573 enim
1930 4532 2036 4571 non
2068 4518 2119 4570 in
2147 4516 2285 4586 ﬁgu-

718 4628 857 4675 ram,
920 4612 1015 4667 sed
1074 4611 1127 4666 in
1191 4625 1303 4665 rem
1342 4611 1709 4673 mactationis,
1764 4612 1816 4664 in
1869 4611 2047 4679 ipsum
2082 4623 2284 4677 corpus

717 4703 918 4757 Christi
952 4701 1095 4768 quod
1126 4702 1500 4757 sacriﬁcatum
1528 4710 1631 4755 est.
1667 4700 1778 4754 Sed
1800 4700 1844 4755 si
1876 4701 2034 4769 panis
2059 4698 2281 4768 quidem

716 4797 1155 4852 manensfuissct
1171 4797 1529 4863 sacriﬁcatus,
1551 4796 1707 4863 panis
1728 4804 1871 4850 esset
1891 4796 1981 4864 qui
2003 4794 2287 4849 mactatio-

718 4905 840 4944 nem
874 4888 1135 4958 suscepit,
1166 4897 1221 4943 et
1252 4887 1445 4942 inisset
1464 4888 1719 4943 mactatio
1740 4895 1869 4941 tunc
1887 4886 2046 4957 panis
2072 4884 2284 4940 sacriﬁ-

717 4982 884 5034 cium.
917 4980 1186 5046 Quoniam
1216 4988 1396 5034 autem
1415 4988 1643 5048 utraque
1670 4988 1873 5033 mutata
1898 4985 2048 5043 sunt,
2068 4986 2115 5031 et
2142 4976 2288 5030 iusa-

718 5072 1016 5125 criﬁcatum
1040 5081 1093 5125 et
1130 5073 1307 5140 panis,
1339 5080 1393 5125 et
1424 5070 1604 5125 factus
1645 5079 1725 5125 est
1770 5084 1869 5140 pro
1919 5067 2293 5123 insacriﬁcato

717 5166 928 5231 quidem
956 5163 1320 5227 sacriﬁcatns,
1339 5175 1439 5230 pro
1472 5176 1612 5231 pane
1634 5172 1815 5216 autem
1840 5174 2040 5229 corpus
2056 5158 2285 5223 Christi,

718 5262 998 5324 propterea
1024 5252 1283 5307 mactatio
1307 5252 1395 5306 illa
1416 5268 1523 5307 non
1550 5252 1603 5306 in
1617 5266 1782 5321 pane.
1813 5251 1911 5306 sed
1945 5258 2202 5317 tanquam
2228 5250 2292 5302 in.

716 5344 960 5411 subjecto
988 5342 1353 5407 considerata,
1377 5359 1606 5413 corpore
1626 5341 1848 5407 Christi,
1867 5357 1971 5396 non
1996 5340 2170 5410 panis.
2189 5342 2281 5395 sed

715 5434 851 5504 Agni
875 5432 966 5489 Dei
990 5434 1319 5489 sacriﬁcium
1342 5444 1399 5489 et
1416 5444 1497 5489 cst
1526 5436 1815 5497 ctdicitur.
1840 5433 2058 5489 Clarum
2083 5444 2165 5490 est
2183 5451 2280 5489 an-

718 5540 823 5579 tem
845 5526 988 5594 quod
1009 5525 1091 5579 his
1129 5526 1343 5595 positis,
1372 5526 1502 5579 nihil
1548 5542 1768 5581 necesse
1809 5535 1893 5580 est
1930 5526 2128 5580 multas
2164 5527 2279 5581 ﬁeri

715 5618 1015 5675 oblationes
1040 5620 1282 5689 corporis
1318 5619 1696 5687 Domini.Qnia
1721 5619 1863 5675 enim
1888 5619 1944 5675 ﬁt
1977 5616 2080 5675 hoc
2106 5620 2278 5676 saeri-

2391 4437 2624 4506 πρᾶγμα
2678 4433 2927 4504 σφαγῆς,
2971 4433 3052 4495 είς
3100 4432 3231 4486 αὐτὸ
3290 4430 3350 4484 τὸ
3388 4430 3547 4501 σῶμα
3605 4430 3703 4483 τοῦ
3746 4431 3955 4501 Κυρίου

2386 4504 2449 4580 τδ
2482 4504 2802 4593 τεθυμένον.
2848 4523 3086 4577 Ἀλλ’-εί
3136 4522 3235 4592 μὶν
3287 4520 3454 4593 ἀρτος
3512 4522 3693 4593 μένων
3724 4504 3955 4589 *ἐγένετο

2386 4612 2703 4685 τεθυμένος,
2740 4616 2768 4668 6
2800 4614 2965 4685 ἄρτος
2988 4612 3055 4666 ἂν
3088 4607 3157 4684 ἦν
3198 4614 3229 4665 6
3258 4611 3553 4682 δεξάμενος
3582 4612 3682 4681 τὴν
3713 4614 3951 4682 σφαγὴν,

2387 4712 2483 4763 καὶ
2514 4705 2583 4780 ἦν
2613 4708 2679 4762 ἂν
2710 4708 2744 4777 ἡ
2774 4706 2956 4775 σφαγὴ
2988 4705 3108 4759 τότε
3138 4706 3305 4776 ἀρτου
3345 4705 3528 4759 θυσία.
3573 4702 3726 4759 Ἐπεὶ
3759 4706 3815 4758 δὲ
3848 4708 3955 4775 ἀμ-

2388 4800 2592 4868 φότερα
2630 4796 2957 4868 μετεϐλήθη,
3002 4798 3097 4851 καὶ
3123 4797 3183 4849 τὺ
3210 4795 3406 4851 ἄθυτον
3439 4797 3538 4850 καὶ
3565 4798 3594 4849 6
3622 4796 3804 4865 ἀρτος,
3862 4797 3954 4849 καὶ

2386 4892 2615 4959 γέγονεν
2647 4890 2771 4943 ἀντὶ
2802 4890 2906 4960 μὶν
2937 4885 3140 4943 ἀθύτου
3180 4888 3500 4956 τεθυμένος,
3537 4888 3659 4943 ἀντὶ
3687 4888 3756 4943 δὲ
3781 4890 3951 4959 άρτον

2385 4983 2447 5035 τὸ
2479 4982 2637 5053 σῶμα
2667 4980 3035 5051 Χριστοῦ,διά
3073 4979 3232 5035 τοῦτο
3264 4982 3294 5051 ή
3326 4983 3509 5051 σφαγὴ
3543 4980 3732 5051 ἐκείνη
3760 4981 3863 5035 οὐκ
3894 4983 3956 5034 ὲν

2386 5073 2463 5142 τῷ
2492 5073 2660 5144 ἄρτῳ,
2702 5073 2818 5127 ἀλλ’
2859 5074 2935 5136 ὡς
2986 5076 3045 5127 ἐν
3089 5072 3436 5144 ὑποκειμένῳ
3487 5074 3835 5145 θεωρουμένη
3874 5071 3959 5142 τῷ

2388 5166 2602 5236 σώματι
2635 5166 2728 5220 τοῦ
2760 5166 3094 5237 Χριστοῦ,οὒ
3126 5162 3220 5220 τοῦ
3242 5166 3432 5237 ἄρτου,
3453 5165 3588 5220 ἀλλά
3607 5166 3703 5220 τοῦ
3742 5165 3797 5218 Ἀ
3811 5165 3947 5236 μνοῦ

2383 5258 2481 5312 τοῦ
2530 5257 2666 5311 Θεοῦ
2724 5257 2886 5311 θυσία
2935 5258 3031 5311 καὶ
3084 5257 3200 5310 ἐστι
3257 5259 3353 5312 καὶ
3413 5257 3653 5325 λέγεται.
3704 5258 3950 5326 Φανερδν

2383 5349 2440 5401 δὲ
2470 5350 2552 5403 ὅτι
2578 5348 2783 5401 τούτων
2805 5346 3203 5416 ὑποκειμένων,
3233 5348 3385 5401 οἰδὲν
3412 5348 3714 5416 ἀναγκάζει
3747 5349 3949 5411 πολλὰς

2383 5438 2629 5506 γίνεσθαι
2663 5421 2761 5501 td;
2806 5440 3176 5513 προσαγωγὰς
3213 5438 3302 5492 τοῦ
3348 5439 3629 5508 Κυριακοῦ
3670 5440 3947 5509 σώματος.

2398 5530 2552 5583 Ἐπεῖ
2584 5531 2693 5599 γὰρ
2726 5533 2758 5600 ἠ
2808 5531 2969 5585 θυσία
3009 5532 3147 5601 αὑτὴ
3182 5531 3415 5600 γίνεται,
3462 5533 3522 5585 οὗ
3572 5534 3947 5602 σφαττομένου

2386 5622 2683 5691 τηνικαῦτα
2714 5622 2803 5675 τοῦ
2842 5620 3064 5693 Ἀμνοῦ,
3110 5624 3244 5676 ἀλλά
3286 5622 3377 5677 τοῦ
3408 5623 3574 5695 ἄρτου
3614 5624 3951 5695 μεταϐαλλο-
