4150 6312
233 314 346 377 M1

1436 323 1835 386 Ll'l‘L'Ru'lE
1870 323 2299 387 EXPOStTlO.

3391 322 3501 391 ΗΖ

243 429 411 496 μένου
444 428 522 490 εἰς
549 426 639 479 τὸν
674 430 950 496 σφαγέντα
988 430 1204 501 Ἀμειέιν,
1248 436 1511 505 πρόδηλον
1541 438 1615 499 ὡς
1649 439 1679 504 ἡ
1712 440 1810 506 μὲν

1933 436 2126 500 icium,
2160 437 2313 508 Agno
2349 454 2453 492 non
2488 447 2618 492 tunc
2654 437 2863 501 occiso,
2890 439 2981 492 sed
3032 453 3168 494 iane
3203 448 3410 492 mutato
3440 442 3497 493 in

243 517 524 588 μεταϐολὴ
553 518 784 586 γίνεται,
817 525 849 589 ὴ
881 521 936 574 δὲ
965 525 1148 594 σφαγὴ
1203 524 1262 580 οὐ
1295 529 1503 594 γίνεται
1534 531 1677 592 τότε,
1721 532 1814 581 καὶ

235 607 392 663 οὕτω
420 611 480 662 τὺ
517 609 615 679 μὲν
653 612 1145 683 μεταϐαλλόμενον,
1183 620 1371 679 πολλὰ,
1429 623 1520 673 καὶ
1567 625 1596 690 ἡ
1654 639 1816 682 μετα⁴

239 703 380 772 ϐολὴ
427 703 719 765 πολλάκις·
770 705 830 756 τὸ
878 706 935 758 δὲ
993 711 1069 769 εἰς
1109 709 1135 761 ὃ
1186 713 1601 777 μεταὸἀλλεται,
1659 715 1811 766 οὐδὲν

241 795 472 858 κωλύει,
503 795 560 847 ἓν
590 795 683 846 καὶ
713 794 770 846 τὸ
801 796 932 849 αὐτὸ
960 795 1120 865 εἶναι,
1159 802 1409 871 καθάπερ
1447 805 1604 869 σῶμα
1630 805 1687 856 ἓν
1719 807 1812 858 καὶ

247 887 430 949 οὕτως
471 887 563 939 τοῦ
616 888 868 955 σώματος
902 891 1114 960 σφαγὴν
1153 893 1298 961 μίαν.
1323 897 1430 947 Καὶ
1475 896 1645 948 ταῦτα
1717 897 1813 965 μὲν

241 995 312 1030 πε
324 977 381 1048 pl.
409 978 632 1029 τούτων.

838 1075 1082 1128 ΚΕΦΛΛ.
1127 1075 1247 1126 ΛΡ.

243 1165 391 1232 Περὶ
425 1167 542 1222 τῶν
565 1170 713 1238 μετὰ
757 1170 870 1233 τὴν
909 1171 1132 1222 θυσίαν
1168 1170 1385 1236 εὐχῶν,
1415 1173 1508 1222 καὶ
1543 1172 1630 1234 τίς
1658 1174 1690 1224 ό
1711 1173 1812 1224 λό-

320 1253 430 1301 γος
467 1241 594 1293 καθ’
632 1239 698 1292 ὃν
753 1240 1012 1292 ἐνταῦθα
1043 1241 1404 1304 μνημονεύει
1437 1239 1553 1292 τῶν
1607 1241 1812 1307 ἁγίων,

318 1309 420 1359 καὶ
468 1308 578 1375 τῆς
619 1310 925 1376 Παναγίας
969 1307 1301 1375 ἐξαιρέτως.

347 1400 392 1449 Ο
421 1399 478 1450 δὲ
513 1402 708 1470 ἱερεὺς,
735 1401 829 1466 τῆς
855 1401 1041 1462 θυσίας
1073 1400 1441 1471 τελεσθείσης,
1489 1402 1582 1454 καὶ
1615 1403 1676 1453 τὸ
1707 1403 1817 1453 ἐνέ-

241 1501 415 1552 χυρον
489 1487 588 1554 τῆς
651 1489 743 1540 τοῦ
804 1489 939 1541 Θεοῦ
993 1490 1402 1558 φιλανθρωπίας
1460 1493 1817 1561 προκείμενον

242 1576 528 1640 ὀρῶν,τὸν
565 1579 760 1648 ’Λμνὺν
785 1580 972 1640 αὐτοῦ,
1009 1582 1081 1642 ὼς
1123 1581 1222 1650 ἤδη
1267 1581 1365 1632 τοῦ
1404 1582 1624 1648 μεσίτου
1661 1582 1820 1634 λαϐὸ-

249 1682 438 1733 μενος,
476 1669 568 1720 καὶ
610 1670 728 1739 μεθ’
757 1669 948 1722 ἑαυτοῦ
990 1670 1078 1723 τὸν
1108 1655 1460 1738 παράκλητον
1495 1671 1655 1740 ἔχων,
1681 1688 1819 1739 γνω-

249 1757 395 1824 ρίζει
440 1760 508 1810 τὰ
541 1761 734 1813 ἑαυτοῦ
767 1763 1044 1830 αἰτήματα
1079 1761 1212 1832 πρὸς
1239 1762 1333 1814 τὸν
1359 1763 1510 1828 Θεὸν,
1548 1765 1698 1832 ἐκχεῖ
1721 1765 1818 1834 τὴν

1920 528 2131 596 Aguum
2173 529 2436 592 occisum,
2474 531 2678 582 clarum
2724 538 2802 581 est
2836 529 2981 598 quod
3027 528 3083 581 lit
3111 529 3329 595 quidem
3381 546 3496 581 mu-

1925 625 2080 684 tatio,
2103 623 2194 678 sed
2228 637 2334 675 non
2368 633 2497 676 tunc
2535 623 2590 676 ﬁt
2618 622 2824 676 occisio
2863 640 2876 676 :
2921 631 2974 674 et
3001 621 3080 674 sic
3118 621 3166 672 id
3197 621 3339 688 quod
3380 637 3499 674 mna

1924 723 2071 766 tatur
2099 715 2340 781 quidem,
2375 713 2562 776 multa,
2593 722 2645 765 et
2681 712 2908 764 mutatio
2943 725 3117 778 srpe;
3145 709 3194 761 id
3227 723 3409 762 autem
3443 711 3501 763 in

1918 805 2058 876 qqu
2093 816 2332 858 mutatur
2377 806 2510 859 nihil
2543 805 2792 874 prohibet
2839 820 3007 856 unmn
3037 811 3090 856 et
3130 803 3273 855 idem
3321 818 3443 856 esse
3478 843 3492 864 ,

1919 899 2057 952 sicut
2086 914 2254 952 unum
2280 911 2501 966 corpus,
2564 895 2634 949 ita
2668 897 2832 948 etiam
2862 894 3202 947 occisionem
3247 895 3495 961 corporis

1925 1005 2110 1044 unam.
2147 989 2209 1044 Et
2232 991 2347 1044 tunc
2373 990 2590 1058 quidem
2623 989 2690 1043 de
2719 989 2823 1042 his.

2486 1081 2637 1134 CAP.
2677 1068 2925 1132 XXXIII.

1925 1173 1998 1226 De
2058 1175 2384 1234 orationibus
2453 1182 2569 1241 post
2619 1172 2967 1239 sacri/icium,
3028 1180 3076 1222 et
3124 1187 3366 1238 quaenam
3423 1180 3500 1219 est

1992 1247 2179 1302 oratio,
2213 1256 2423 1310 propter
2468 1259 2625 1311 quam
2660 1242 2743 1293 hic
2777 1241 3014 1293 meminit
3070 1251 3396 1305 sanctorum;
3451 1250 3499 1291 et

1991 1315 2253 1382 prwcipue
2282 1313 2664 1368 Sanctissimw.

1995 1403 2262 1456 Sacerdos
2288 1414 2490 1463 autem,
2513 1412 2730 1467 peracto
2763 1401 3065 1462 sacrificio,
3098 1411 3146 1454 et
3177 1401 3372 1469 pignus
3409 1402 3496 1452 ί)λί
3570 1453 3595 1477 ι

1925 1494 2272 1562 benignitatis
2321 1494 2528 1559 Videtis,
2577 1496 2786 1561 Agnum
2821 1494 2938 1561 ejus
2971 1495 3336 1562 propositum,
3373 1503 3496 1546 tan-

1923 1597 2083 1648 quam
2112 1583 2223 1649 jutn
2272 1583 2635 1636 intercessore
2693 1590 2937 1649 accepto,
2973 1595 3024 1636 et
3055 1600 3238 1637 secum
3275 1584 3500 1639 habens

1924 1670 2267 1734 advocatum,
2303 1681 2456 1724 notas
2507 1671 2635 1726 facit
2672 1688 2800 1726 suas
2835 1673 2902 1727 ad
2960 1673 3126 1745 Deum
3169 1675 3499 1742 petitiones;

1924 1758 2150 1814 effundit
2185 1777 2372 1830 preces
2396 1778 2518 1816 cum
2554 1764 2691 1818 bona
2717 1765 2826 1834 jam
2854 1775 2906 1819 et
2941 1766 3094 1818 ﬁrma
3125 1780 3253 1834 spe;
3283 1776 3334 1820 et
3364 1784 3503 1838 quo-

245 1847 440 1918 δέησιν
475 1853 611 1919 μετὰ
644 1853 887 1922 χρηστῆς
918 1854 1016 1924 ἤδη
1058 1855 1151 1907 καὶ
1183 1855 1409 1925 βεὸαίας
1445 1856 1679 1920 ἐλπίδος,
1728 1859 1822 1910 καὶ

1933 1869 2070 1915 rum,
2108 1869 2274 1922 panes
2329 1872 2659 1925 proponens,
2688 1861 2955 1926 meminit,
3016 1872 3070 1914 et
3142 1876 3240 1930 pro
3301 1862 3504 1930 quibus

243 1934 324 1993 ῶν
356 1944 642 2011 προτιθεὶς
682 1946 771 1998 τὸν
814 1947 979 2016 ἄρτον
1013 1950 1284 2020 ἐμνήσθη,
1315 1953 1408 2004 καὶ
1448 1951 1586 2021 ὑπὲρ
1619 1945 1694 2004 ὧν
1722 1951 1818 2013 τὰς

245 2036 605 2103 προτελείους
660 2038 824 2108 εὐχὰς
871 2041 1184 2112 ἐποιήσατο,
1238 2045 1332 2097 καὶ
1369 2044 1436 2096 τὰ
1468 2043 1616 2113 δῶρα
1652 2061 1823 2113 προσ-

247 2126 479 2194 ήνεγκε,
537 2129 632 2180 καὶ
687 2131 1086 2202 προσδεχθῆναι
1142 2133 1316 2186 ταῦτα
1369 2134 1599 2200 ἱκέτευε,
1651 2135 1826 2189 ταῦτα

246 2215 658 2285 προσδεχθέντα
685 2218 905 2290 εὔχεται
938 2223 1016 2284 είς
1059 2221 1221 2291 ἔργον
1269 2223 1561 2294 προϐῆναι.
1592 2221 1728 2276 Τίνα
1769 2222 1824 2274 δὲ

245 2304 460 2370 ταῦτα;
494 2308 665 2361 Κοινᾶ
686 2309 782 2362 καὶ
814 2307 948 2375 {mat
976 2313 1070 2364 καὶ
1104 2312 1419 2374 ἀπελθοῦσι,
1453 2316 1512 2366 τὸ
1541 2312 1638 2384 τὴν
1662 2313 1825 2384 χάριν

246 2399 844 2471 ρντικαταπεμφθῆναι
896 2405 1018 2456 ἀντὶ
1057 2404 1167 2457 τῶν
1209 2403 1395 2473 δώρων
1428 2405 1580 2474 παρὰ
1611 2403 1706 2457 τοῦ
1739 2405 1824 2457 δε-

249 2489 496 2560 ξαμένου
531 2495 705 2548 ταῦτα
737 2494 870 2548 Θεοῦ
893 2512 907 2526 ·
947 2496 1051 2567 ίδὶᾳ
1096 2496 1151 2549 δὲ
1197 2499 1308 2560 τοῖς
1361 2497 1461 2566 μὲν
1498 2497 1822 2563 ἀπελθοῦσι,

247 2581 444 2652 ψυχῶν
488 2583 814 2649 ἀνάπαυσιν,
850 2586 944 2640 καὶ
977 2586 1255 2656 βασιλείας
1286 2588 1651 2656 κληρονομίαν
1685 2587 1828 2657 μετὰ

251 2671 364 2728 τῶν
392 2673 832 2742 τετελειωμένων
881 2677 1083 2746 ἁγίωνο
1119 2681 1231 2742 τοῖς
1271 2678 1328 2730 δὲ
1358 2677 1515 2742 ζῶσι.
1552 2680 1612 2733 τὸ
1663 2695 1829 2748 μετα-

253 2769 408 2836 σχεῖν
465 2770 566 2838 τῆς
638 2769 793 2838 ἱερᾶς
843 2769 1144 2840 τραπέζης,
1194 2773 1288 2825 καὶ
1339 2771 1686 2842 ἀγιασθῆναι,
1733 2772 1830 2826 καὶ

255 2856 468 2927 μηδένα
503 2859 582 2920 είς
612 2857 791 2928 κρίμα
825 2863 1149 2931 μετασχεῖν·
1185 2862 1380 2930 ἄφεσιν
1409 2863 1715 2932 ἁμαρτιῶν,
1747 2865 1828 2918 εί-

252 2950 452 3018 ρήνην,
507 2951 838 3019 εὐετηρίαν,
900 2952 1168 3022 χορηγίαν
1220 2953 1328 3006 τῶν
1384 2955 1722 3020 ἀναγκαίων,
1766 2956 1827 3008 τὸ

251 3040 590 3105 τελευταῖον,
625 3042 903 3113 βασιλείας
925 3043 1110 3110 ἀξίους
1141 3047 1376 3116 φανῆναι
1408 3047 1556 3118 παρά
1585 3049 1661 3118 τῷ
1683 3046 1827 3119 Θεῷ.

269 3134 426 3189 Ἐπεὶ
463 3134 521 3188 δὲ
559 3135 621 3188 οὐ
664 3137 827 3205 μόνον
869 3137 1073 3202 ίκέσιος
1124 3138 1265 3210 αὐτὴ
1297 3140 1330 3210 ὴ
1364 3142 1704 3211 προσαγωγὴ
1731 3145 1828 3213 τῆς

255 3225 476 3291 θυσίας,
500 3227 636 3281 ἀλλὰ
661 3229 754 3281 καὶ
780 3231 1153 3300 χαριστήριος,
1178 3232 1430 3304 καθάπερ
1467 3236 1524 3286 ἑν
1555 3236 1668 3298 τοῖς
1701 3251 1854 3304 προο-

253 3317 456 3385 οιμίοις
487 3317 584 3387 τῆς
622 3318 842 3386 τελετῆς
864 3358 880 3383 ,
915 3321 1129 3390 ἡνίκαύ
1151 3320 1332 3391 ἱερεὺς
1361 3321 1434 3386 ὡς
1465 3323 1616 3393 δῶρα
1644 3323 1833 3376 ἀνατί-

239 3406 384 3477 θησι
435 3407 514 3477 τῷ
551 3409 671 3480 Θεῷ
721 3412 1136 3480 προσαγόμενα,
1185 3415 1280 3467 καὶ
1328 3414 1428 3483 τὴν
1469 3415 1830 3485 εὐχαριστίαν

253 3500 517 3570 ἐμφαίνει
559 3502 652 3556 καὶ
685 3502 784 3572 τὴν
829 3503 1072 3556 ἱκεσίαν·
1108 3503 1250 3559 οὕτω
1299 3507 1393 3558 καὶ
1428 3505 1524 3558 νῦν
1558 3507 1832 3561 τυθέντων

258 3594 355 3647 καὶ
405 3593 802 3648 τελειωθέντων
856 3595 967 3647 τῶν
1017 3595 1228 3665 δώρων,
1285 3596 1381 3650 καὶ
1420 3597 1734 3668 εὐχαριστεῖ
1764 3598 1832 3652 δι’

259 3686 442 3739 αὐτῶν
467 3685 546 3755 τῷ
575 3686 692 3756 Θεῷ
718 3688 813 3738 καὶ⁵
844 3687 1056 3741 ἱκεσίαν
1085 3689 1374 3756 προσάγει,
1401 3692 1496 3744 καὶ
1523 3690 1702 3760 τίθησι
1731 3691 1831 3760 μὲν

256 3781 356 3840 τὰς
413 3779 672 3848 ἀφορμὰς
719 3781 818 3848 τῆς
853 3779 1229 3850 εὐχαριστίας,
1277 3782 1611 3852 προστίθησι
1645 3782 1700 3836 δὲ
1740 3784 1834 3850 καὶ

255 3870 357 3933 τὰς
389 3869 678 3933 ὑποθέσεις
709 3871 810 3939 τῆς
867 3870 1099 3932 ἱκεσίας.
1141 3871 1250 3924 Καὶ
1305 3872 1451 3936 τίνες
1487 3873 1541 3926 al
1585 3873 1836 3944 ἀφορμαὶ

255 3960 359 4028 τῆς
413 3959 811 4030 εὐχαριστίας;
859 3959 924 4013 Ol
955 3960 1124 4028 ἅγιοι,
1151 3961 1407 4034 καθάπερ
1449 3963 1835 4036 καὶπρότερον

260 4050 506 4121 εἴρηται.
547 4050 636 4105 Ἐν
661 4049 873 4114 τούτοις
906 4050 1018 4122 γὰρ
1046 4053 1078 4119 ἡ
1121 4051 1418 4123 Ἐκκλησία
1462 4054 1522 4108 τδ
1566 4055 1838 4126 ζητούμε-

262 4161 353 4196 νον
383 4139 545 4212 εὗρε,
573 4143 668 4196 καὶ
694 4143 792 4212 τῆς
853 4144 1026 4213 εὐχῆς
1053 4143 1211 4214 ἔτυχε
1254 4134 1368 4211 τῆς
1405 4144 1684 4214 βασιλείας
1726 4142 1864 4202 τῶν

261 4233 540 4303 οὐρανῶν.
584 4233 626 4286 Τ
634 4233 740 4304 ίνες
782 4233 839 4287 δὶ
891 4235 985 4286 καὶ
1024 4236 1084 4287 σί
1129 4235 1419 4298 ὑποθέσεις
1462 4238 1562 4307 τῆς
1609 4238 1840 4312 Ἐκκλη-

263 4326 425 4391 σίαςς
476 4325 539 4378 Ol
584 4325 754 4396 μήπω
803 4327 1218 4393 τελειωθέντες,
1259 4330 1308 4381 οἱ
1359 4328 1602 4399 δεόμενοι
1649 4331 1833 4403 εὐχῆς.

263 4418 372 4471 Καὶ
409 4417 540 4486 περὶ
580 4417 679 4485 μὲν
731 4416 842 4469 τῶν
892 4417 1066 4486 ἁγίων
1114 4417 1217 4486 ἔτι,
1263 4437 1282 4472 ι
1324 4419 1682 4490 Προσάγομέν
1727 4439 1832 4487 σοι,

1927 1959 2114 2014 preces
2146 1947 2199 1998 in
2240 1947 2549 2002 celebrandi
2617 1951 2856 2020 mysterii
2909 1955 3307 2020 prmpa'ra'tione
3353 1949 3500 2025 fecit,

1927 2047 1979 2091 et
2000 2037 2139 2090 dona
2175 2038 2397 2105 obtul't,
2428 2050 2480 2094 ct
2506 2051 2562 2094 ut
2594 2056 2663 2094 ea
2685 2043 3121 2112 susciperentur.
3154 2040 3498 2111 supplicavit,

1925 2149 1988 2188 ea
2051 2135 2135 2188 his
2162 2135 2272 2203 jam
2310 2135 2600 2206 susceptis,
2657 2146 2713 2190 ut
2775 2138 2826 2189 in
2889 2152 3028 2207 opus
3077 2149 3303 2198 (ιιι-δην..
3359 2148 3497 2191 orat.

1927 2224 2186 2292 Quaenam
2213 2237 2393 2280 autem
2437 2239 2563 2282 sunt
2591 2228 2743 2283 hate?
2773 2226 3122 2292 Communia,
3156 2238 3209 2283 et
3242 2229 3400 2290 vivis,
3428 2239 3432 2244 '
3460 2238 3503 2282 ξι

1927 2316 1997 2372 iis
2027 2303 2545 2387 quiexcessertmt:
2578 2326 2637 2370 ut
2673 2333 2771 2386 pro
2796 2317 2952 2370 donis
2978 2321 3157 2386 gratia
3182 2319 3502 2372 demittatur

1928 2421 1958 2462 a
1990 2407 2095 2462 Deo
2123 2409 2214 2477 qui
2239 2407 2332 2464 illa
2362 2408 2640 2476 suscepit;
2683 2409 2976 2476 separatim
3019 2415 3197 2462 autem
3227 2403 3502 2462 definiens

1927 2498 2146 2567 quidem
2185 2497 2500 2551 animarum
2532 2497 2798 2568 requiem,
2825 2507 2878 2551 et
2932 2499 3078 2569 regni
3131 2499 3499 2551 hmreditatem

1929 2604 2052 2646 cum
2104 2591 2312 2644 sanctis
2358 2590 2795 2654 consummatis;
2833 2589 2972 2642 vivis
3027 2598 3234 2655 autem,
3301 2600 3360 2643 ut
3394 2591 3503 2644 siut

1929 2691 2136 2737 sanctae
2159 2695 2361 2735 mensae
2387 2680 2703 2750 participes,
2733 2690 2786 2734 et
2809 2681 3239 2745 sanctificeutur,
3270 2690 3320 2734 et
3344 2695 3512 2734 nemo-

1929 2773 1999 2828 sit
2027 2771 2147 2841 ejus
2184 2770 2524 2840 injudicium
2557 2770 2639 2826 vel
2664 2772 3174 2826 condemnationem
3202 2772 3500 2841 particeps:

1929 2862 2311 2918 remissionem
2353 2864 2729 2932 peccatorum,
2766 2879 2981 2933 pacem,
3017 2862 3379 2924 fertilitatem,
3415 2879 3503 2916 re-

1929 2971 2050 3032 rum
2082 2955 2522 3010 necessariarum
2561 2957 3068 3025 suppeditationem
3105 2974 3118 3010 :
3155 2965 3206 3010 et
3230 2967 3506 3026 postremo

1933 3057 1991 3102 ut
2024 3063 2189 3117 regno
2220 3048 2367 3118 digiti
2401 3049 2545 3118 apud
2582 3049 2747 3102 Deum
2786 3059 3106 3118 appareant.
3133 3047 3270 3114 Quia
3323 3057 3500 3102 autem

1933 3137 2136 3190 oblatio
2191 3136 2447 3191 sacrificii
2489 3151 2594 3192 non
2653 3138 2828 3192 solum
2871 3149 3122 3193 versatur
3189 3139 3239 3191 iu
3301 3140 3509 3205 suppli-

1935 3228 2174 3292 catione,
2224 3227 2319 3283 sed
2352 3230 2514 3283 etlam
2551 3229 2846 3299 gratiarum
2874 3231 3112 3289 actioiie.
3141 3231 3514 3300 quemadmov

1935 3320 2064 3374 dum
2125 3320 2178 3374 in
2243 3323 2513 3389 prommio
2564 3321 2955 3376 celebrationis
2987 3323 3255 3392 mysterii,
3286 3321 3508 3390 quando

1933 3416 2190 3469 sacerdos
2243 3423 2508 3484 tanquam
2537 3416 2679 3467 dona
2719 3412 2829 3468 Deo
2880 3414 3092 3470 dedicat
3119 3430 3239 3483 quae
3268 3414 3506 3468 ollerun-

1935 3514 2046 3566 tur.
2097 3515 2152 3559 et
2186 3507 2482 3574 gratiarum
2527 3506 2799 3559 actionem
2836 3506 3076 3560 ostendit
3135 3515 3190 3561 et
3236 3506 3513 3576 supplicatu

1931 3595 2136 3650 tionem
2172 3614 2186 3651 :
2217 3597 2292 3649 ita
2326 3595 2488 3650 etiam
2519 3610 2664 3650 nunc
2683 3595 3015 3652 saeriﬂcatis
3042 3604 3095 3649 et
3120 3595 3375 3666 perfectis
3409 3595 3508 3649 do-

1935 3688 2041 3746 nis.
2064 3697 2117 3740 et
2141 3703 2235 3758 per
2265 3701 2329 3742 ea
2373 3687 2481 3742 Deo
2520 3687 2725 3758 gratias
2762 3687 2872 3757 agit
2914 3697 2968 3743 et
3017 3687 3178 3744 oﬂert
3235 3688 3510 3758 supplica-

1916 3781 2162 3848 tionem,
2210 3787 2265 3834 et
2327 3779 2480 3848 ponit
2535 3779 2756 3849 quidem
2811 3781 3110 3850 gratiarum
3171 3782 3506 3851 agendarum

1936 3885 2158 3932 causas,
2218 3869 2406 3939 adjicit
2441 3881 2623 3924 autem
2679 3869 2847 3925 etiam
2886 3871 3303 3941 supplicationis
3337 3883 3510 3925 mate-

1937 3964 2094 4017 riam.
2143 3963 2210 4017 Et
2261 3977 2512 4031 quaenam
2573 3971 2702 4017 sunt
2760 3978 2942 4018 causa
3010 3964 3201 4034 agendi
3263 3963 3519 4034 gratias?

1938 4043 2156 4115 Sancti,
2182 4051 2324 4108 sicut
2355 4053 2505 4122 prius
2542 4054 2748 4108 dictum
2784 4063 2890 4110 est.
2946 4053 3000 4108 in
3034 4056 3102 4110 iis
3135 4055 3282 4109 enim
3329 4053 3513 4108 Ειτοιιι-

1938 4147 2018 4202 sia
2051 4132 2259 4200 invenit
2280 4143 2423 4214 quod
2461 4146 2699 4213 petebat,
2743 4154 2797 4200 et
2836 4145 2980 4214 quod
3009 4146 3238 4227 orabat}
3257 4159 3508 4200 assecuta

1937 4245 2038 4300 est,
2071 4247 2262 4301 nempe
2286 4241 2510 4302 regnum
2542 4235 2835 4288 castorum.
2877 4232 3007 4300 Quae
3039 4245 3122 4288 est
3159 4245 3338 4288 autem
3397 4249 3502 4287 ma»

1939 4328 2073 4382 teria
2115 4324 2569 4394 supplicationis?
2613 4324 2716 4392 Qui
2767 4327 3010 4380 nondum
3071 4333 3205 4380 sunt
3253 4341 3513 4379 consum-

1940 4417 2093 4482 mati,
2123 4417 2226 4489 qui
2245 4431 2383 4486 opus
2429 4417 2632 4470 habent
2660 4417 2929 4472 oratione.
2977 4415 3045 4471 Et
3072 4417 3137 4471 de
3159 4418 3368 4470 sanctis
3391 4419 3514 4485 qui-

260 4510 420 4578 φησι,
477 4509 580 4577 τὴν
633 4507 860 4580 λογικὴν
905 4509 1110 4580 ταύτην
1157 4509 1418 4580 λατρείαν
1449 4513 1588 4581 ὐπὲρ
1633 4514 1743 4568 τῶν
1774 4517 1829 4569 ὲν

1937 4511 2057 4564 dem
2090 4528 2102 4564 :
2141 4527 2160 4561 ι
2200 4507 2469 4566 Pmterea
2499 4506 2784 4564 oﬂ'crlmus
2813 4508 2933 4576 tibi,
2966 4507 3166 4578 inqult,
3215 4509 3514 4563 rationabi-

261 4602 449 4656 πίστει
485 4599 1099 4671 προαναπαυσαμὲνων,
1129 4602 1405 4673 πατέρων,
1443 4606 1832 4677 προπατόρων,

262 4691 645 4763 πατριαρχῶν,
680 4693 1001 4763 προφητῶν,
1039 4693 1465 4763 εὐαγγελιστῶν,
1497 4685 1835 4763 ἀποστόλων,

261 4784 552 4856 κηρύκων,
613 4783 990 4853 δμολογητῶν,
1042 4785 1448 4853 ὲγκρατευτῶν,
1501 4788 1593 4841 καὶ
1637 4789 1836 4853 παντδς

266 4875 578 4942 πνεύματος
609 4873 669 4927 ἐν
714 4875 899 4928 πίστει
933 4873 1380 4946 τετελειωμένου,
1413 4878 1705 4948 ἐξαιρέτως
1739 4863 1837 4948 τῆς

266 4968 565 5035 παναγίας,
629 4968 921 5036 ἀχράντοο,
976 4969 1533 5040 ὐπερευλογημένης.
1585 4971 1833 5036 ἐνδόξου,

266 5061 566 5128 Δεσποίνης
609 5061 769 5127 ἡμῶν
830 5058 1097 5114 Θεοτόκου
1161 5062 1255 5112 καὶ
1297 5062 1664 5130 ἀειπαρθένου
1714 5065 1837 5117 Μα-

269 5154 411 5225 ρίας,
463 5169 483 5203 ι
522 5150 619 5204 καὶ
653 5149 780 5217 ἑξῆς
826 5150 1120 5218 καταλέγει
1149 5152 1242 5205 τὸν
1269 5152 1380 5206 τῶν
1413 5153 1584 5218 ἁγίων
1619 5152 1837 5206 ἅπαντα

269 5240 552 5307 σύλλογον.
589 5233 749 5293 Οὗτοί
779 5239 921 5292 εἰσιν
961 5241 1211 5311 ἀφορμαὶ
1257 5242 1357 5310 τῆς
1409 5242 1547 5311 πρὸς
1576 5243 1707 5294 Θεὸν
1752 5243 1836 5294 εὐο

267 5327 577 5401 χαριστίας
607 5330 672 5398 τῇ
735 5327 1056 5398 Ἐκκλησία.
1103 5327 1274 5399 Ὑπὲρ
1320 5330 1523 5383 τούτων
1573 5331 1837 5398 προσάγει

267 5421 365 5491 τὴν
397 5417 627 5486 λογικὴν
671 5417 880 5488 ταύτην
923 5418 1204 5488 λατρείαν,
1234 5419 1308 5482 ὡς
1356 5423 1710 5490 χαριστήριον
1761 5421 1839 5490 τῷ

247 5511 427 5582 Θεῷο
457 5511 552 5562 καὶ
591 5511 810 5562 πάντων
845 5510 1138 5580 ἐξαιρέτως
1178 5512 1286 5564 τῶν
1315 5513 1511 5578 ἄλλων,
1559 5513 1697 5581 ὑπὲρ
1739 5514 1838 5582 τῆς

273 5600 554 5672 μακαρίας
595 5597 689 5653 τοῦ
743 5597 881 5652 Θεοῦ
933 5603 1158 5671 μητρὸς,
1207 5601 1280 5664 ὡς
1329 5601 1494 5672 οὐσης
1531 5604 1839 5675 ἁγιωσύνης

273 5697 530 5749 ἐπέκεινα
563 5693 764 5762 πάσης.
818 5693 913 5746 Διά
945 5692 1102 5747 τοῦτο
1134 5694 1287 5746 οὐδὲν
1329 5697 1513 5758 αὐτοῖς
1561 5695 1778 5765 εὔχεται
1811 5699 1838 5750 6

275 5783 453 5858 ιερεύς
548 5784 913 5854 ἁλλὰ-μᾶλλον
963 5785 1124 5850 αὐτὸς
1179 5786 1305 5857 παρ’
1341 5788 1562 5840 ἐκείνων
1609 5790 1682 5852 εἰς
1741 5789 1838 5852 τὰς

1938 4600 2039 4654 lem
2077 4600 2225 4653 hunc
2269 4598 2495 4662 cultum,
2540 4612 2640 4666 pro
2671 4599 2741 4654 iis
2764 4599 2858 4668 qui
2881 4599 2936 4654 in
2970 4599 3075 4655 ﬁde
3110 4603 3261 4669 prius
3298 4601 3514 4665 requie-

1933 4703 2151 4756 verunt,
2233 4691 2371 4754 avis,
2439 4691 2711 4757 patribus,
2789 4690 3139 4758 patriarchis,
3227 4695 3510 4761 apostolis,

1935 4779 2236 4849 prophetis,
2323 4779 2696 4846 evangelistis,
2784 4781 3149 4851 martyribus,
3232 4782 3509 4837 confesso-

1934 4871 2128 4934 ribus,
2192 4869 2654 4936 continentibus,
2722 4878 2783 4925 et
2857 4873 3107 4942 quolibet
3183 4877 3378 4942 spiritu
3458 4877 3510 4930 in

1936 4973 2069 5028 pace
2119 4969 2522 5025 consummato,
2575 4961 2849 5032 prtecipue
2913 4972 3093 5019 autem
3138 4967 3510 5028 sanctissima,

1937 5051 2288 5115 intemerata,
2317 5051 2543 5107 domina
2600 5062 2789 5119 nostra
2824 5053 3053 5125 Deipara
3080 5066 3134 5110 et
3164 5073 3378 5126 semper
3407 5060 3518 5111 vir-

1939 5143 2065 5211 gine
2113 5141 2315 5207 Maria;
2364 5160 2382 5194 ι
2418 5151 2473 5198 et
2529 5143 2792 5214 deinceps
2815 5156 3101 5200 enumerat
3142 5162 3357 5202 onmem
3389 5165 3518 5204 san-

1939 5247 2152 5288 ctorum
2190 5244 2416 5290 coetum.
2467 5234 2532 5290 lli
2563 5247 2698 5292 sunt
2734 5235 2994 5312 Ecclesiae~
3031 5240 3361 5309 agendarum
3408 5241 3522 5296 Deo

1940 5331 2236 5399 gratiarum
2321 5344 2523 5385 causae.
2598 5331 2714 5386 Pro
2779 5330 2844 5387 iis
2904 5331 3068 5387 offert
3133 5335 3516 5388 rationabilem

1945 5422 2090 5475 hunc
2137 5422 2368 5484 cultum,
2429 5430 2688 5492 tanquam
2732 5423 2841 5478 Deo
2887 5424 3181 5494 gratiarum
3223 5427 3522 5490 actionem,

1943 5526 1994 5569 ct
2033 5523 2142 5584 pr‘te
2171 5515 2384 5569 caeteris
2437 5515 2693 5570 omnibus
2735 5530 2830 5584 pro
2879 5515 3036 5570 beata
3100 5519 3190 5571 Dei
3243 5515 3414 5571 Matre
3452 5532 3514 5570 ιι.

1943 5621 2062 5675 qua:
2117 5621 2335 5660 omnem
2366 5606 2708 5659 sanctitatem
2756 5605 2999 5660 excedat.
3054 5606 3345 5676 Propterea
3378 5607 3521 5660 nihil

1944 5713 2040 5764 pro
2070 5696 2150 5751 eis
2171 5705 2290 5750 orat
2318 5697 2594 5760 sacerdos,
2629 5698 2721 5751 sed
2748 5697 2928 5766 potius
2951 5714 3043 5752 eos
3069 5708 3213 5764 orat,
3245 5708 3302 5752 ut
3335 5700 3401 5754 ab
3431 5700 3522 5756 eis

1945 5791 1998 5844 in
2025 5778 2370 5845 orationibus
2396 5789 2704 5860 adjuvetur.
2741 5788 2875 5856 Quia
2914 5806 3022 5843 non
3062 5790 3126 5845 ad
3156 5791 3512 5861 supplicatio-
