4150 6312
727 345 833 407 “3

1982 362 2289 422 NICOLAI
2320 358 2405 423 CA
2420 362 2577 422 BASl
2595 358 2701 422 LE

3865 359 3981 425 sit

730 482 873 527 nem,
909 465 1001 519 sed
1051 465 1117 520 ad
1153 469 1447 537 gratiarum
1491 474 1784 539 actionem,
1816 486 1872 530 ut
1930 476 2135 533 dictum
2183 487 2277 545 est.

2395 482 2560 550 εὐχὰς
2606 481 2777 533 δεῖται
2836 462 3169 547 βοηθεῖσθαι.
3222 472 3343 531 Ὀτι
3396 475 3494 546 οὐχ
3549 475 3771 538 ίκέσιον,
3832 476 3977 529 ἀλλὰ

727 556 857 611 facit
886 572 981 624 pro
1015 559 1150 627 ipsis
1172 561 1440 617 d'onorum
1474 565 1831 622 oblationem.
1859 570 2119 624 l’ostha-c
2140 572 2295 624 aﬂ'ert

725 648 887 699 ctiam
922 651 1399 719 supplicationem,
1447 666 1500 711 et
1544 655 1829 714 enumerat
1862 677 1925 716 ea
1963 678 2062 730 pro
2096 642 2292 732 quibus

726 740 1019 806 supplicat,
1045 751 1098 795 et
1132 756 1385 811 precatur
1406 750 1663 807 omnibus
1697 753 1948 819 salutem,
1978 763 2031 808 et
2075 756 2117 809 si
2148 756 2293 823 quod

726 831 927 885 bonum
958 844 1040 891 est
1074 837 1369 907 uniculque
1418 856 1725 912 congruens
1764 854 1817 898 et
1847 848 2197 903 conveniens.
2234 850 2292 903 ln

725 924 925 987 quibus
963 928 1076 981 haec
1120 929 1283 984 etiam
1333 933 1467 989 dicit
1517 952 1530 987 :
1596 954 1615 988 ι
1702 934 1968 993 Praterea
2012 940 2293 995 oderimus

727 1014 820 1067 tibi
854 1016 1234 1075 rationabilem
1269 1022 1418 1079 hunc
1454 1028 1683 1091 cultum,
1711 1043 1810 1097 pro
1846 1030 1975 1085 orbe
1996 1038 2290 1098 terrarum,

725 1120 823 1172 pro
848 1118 1038 1163 sancta
1075 1113 1343 1193 catholica
1373 1124 1427 1170 et
1459 1118 1759 1187 apostolica
1792 1121 2057 1182 Ecclesia.
2101 1138 2198 1189 pro
2228 1125 2291 1177 iis

722 1198 817 1263 qui
852 1200 905 1251 iu
945 1203 1250 1256 veneranda
1308 1206 1617 1275 reipublicae
1674 1210 2147 1266 administratione
2175 1226 2287 1265 ver-

723 1299 941 1351 santur,
1002 1306 1101 1359 pro
1141 1293 1475 1351 fidelissimis
1542 1308 1594 1352 et
1625 1300 1828 1354 Christi
1898 1303 2291 1357 amantissimis

724 1378 1146 1442 imperatoribus
1166 1385 1394 1443 nostris.
1423 1403 1441 1436 ι
1476 1385 1541 1440 Ει
1574 1389 1683 1441 haec
1716 1389 1938 1443 orat.Et
1969 1391 2040 1443 ita
2072 1392 2289 1459 quidem

724 1468 912 1525 beatus
955 1469 1194 1528 Joannes
1226 1474 1496 1545 duplicem
1547 1480 1690 1533 sacri
1718 1480 1881 1548 hujus
1915 1482 2096 1537 cultus
2136 1482 2285 1535 habi-

720 1564 835 1614 tum
867 1576 992 1617 esse
1030 1563 1364 1633 significans,
1394 1570 1689 1633 gratiarum
1736 1574 1965 1626 actionis
2006 1582 2059 1625 et
2091 1572 2291 1641 suppli-

718 1652 975 1716 cationis.
1008 1670 1254 1710 seorsum
1282 1659 1496 1727 quidem
1526 1663 1679 1729 ponit
1705 1678 1799 1717 eos
1824 1677 1921 1732 pro
1955 1663 2157 1731 quibus
2181 1664 2291 1731 agit

720 1745 946 1812 gratias,
972 1762 1219 1802 seorsqu
1246 1760 1425 1803 autem
1461 1768 1556 1819 pro
1578 1755 1778 1822 quibus
1812 1756 2106 1823 supplicat.
2145 1755 2289 1808 Divi-

2394 568 2750 641 χαριστήριον
2786 568 2923 635 ὑπὲρ
2954 567 3155 631 αὐτῶν,
3186 567 3262 643 ὡς
3307 567 3545 635 εἴρηται,
3591 567 3829 619 ποιεῖται
3870 566 3973 634 τὴν

2392 662 2499 713 τῶν
2530 661 2717 731 δώρων
2764 661 3149 730 προσαγωγὴν.
3185 659 3339 713 Μετὰ
3379 650 3665 723 δὲταῦτα,
3722 650 3820 709 καὶ
3868 657 3972 726 τὴν

2398 754 2605 806 ἱκεσίαν
2632 752 2994 813 διίκνυσιμαὶ
3020 751 3311 818 καταλέγει
3338 749 3465 820 περὶ
3489 743 3563 803 ὧν
3588 749 3847 813 ἱκετεύει,
3870 747 3970 800 καὶ

2393 843 2611 912 εὔχεται
2660 845 2794 897 πᾶσι
2856 844 2953 912 τὴν
3006 840 3309 910 σωτηρίαν⁹
3343 842 3438 893 καὶ
3494 838 3547 891 εί
3575 856 3627 892 τι
3682 836 3971 907 προσῆκόν

2393 938 2541 989 ἐστιν
2571 936 2785 1003 ἑκάστῳ
2820 937 2914 987 καὶ
2968 933 3306 1002 κατάλληλον
3340 930 3578 997 ἀγαθόν·
3614 932 3672 983 ἑν
3725 922 3808 990 οἷς
3863 926 3968 979 καὶ

2392 1031 2565 1084 ταῦτὰ
2598 1046 2794 1099 φησιν’
2847 1048 2865 1082 t
2904 1031 3027 1083 Ἔτι
3070 1026 3417 1098 προσάγομέν
3471 1043 3554 1077 σοι
3603 1024 3700 1093 τὴν
3734 1023 3969 1089 λογικὴν

2391 1121 2593 1189 ταύτην
2617 1120 2875 1190 λατρείαν
2896 1120 3033 1187 ὑπὲρ
3052 1120 3147 1185 τῆς
3166 1116 3508 1183 οἰκουμένης,
3525 1115 3664 1182 ὑπὲρ
3684 1114 3779 1180 τῆς
3797 1110 3967 1177 ἁγίας

2392 1213 2680 1279 καθολικῆς
2746 1212 2839 1263 καὶ
2883 1210 3246 1276 ἁποστολικῆς
3290 1206 3644 1275 Ἐκκλησίας,
3680 1206 3821 1272 ὑπὲρ
3852 1201 3968 1253 τῶν

2392 1304 2449 1355 ἐν
2494 1305 2664 1372 σεμνῇ
2703 1301 2946 1371 πολιτείᾳ
2997 1300 3316 1367 διαγόντων,
3352 1300 3493 1366 ὑπὲρ
3540 1297 3650 1347 τῶν
3704 1292 3968 1347 πιστοτά-

2390 1410 2499 1447 ⁴ιτων
2524 1394 2618 1445 καὶ
2650 1392 3014 1462 φιλοχρίστων
3049 1391 3316 1461 βασιλέων
3345 1390 3522 1458 ἡμῶν.
3556 1405 3575 1438 ο
3605 1387 3716 1439 Kal
3735 1384 3967 1439 τοιαῦτα

2391 1485 2630 1556 εὔχεται.
2682 1487 2789 1539 Kal
2860 1484 3003 1539 οὕτω
3078 1484 3176 1551 μὲν
3235 1485 3264 1536 ὁ
3323 1482 3593 1550 μακάριος
3662 1479 3917 1544 Ἰωάννης
3949 1517 3966 1540 ,

2390 1576 2611 1629 διπλοῦν
2690 1575 2752 1629 τδ
2814 1578 3001 1646 σχῆμα
3054 1578 3152 1644 τῆς
3206 1574 3357 1643 ίερᾶς
3420 1572 3625 1639 ταύτης
3700 1570 3967 1639 λατρείας

2392 1660 2532 1718 εἶναι
2585 1666 2887 1734 σῃιαίνων,
2950 1664 3304 1734 χαριστήριον
3365 1661 3457 1713 καὶ
3507 1661 3738 1720 ίκὲσιον,
3786 1658 3969 1727 χωρὶς

2394 1752 2495 1820 μὶν
2519 1752 2732 1821 τίθησιν
2765 1753 2903 1821 ὑπὲρ
2932 1746 3007 1805 ὧν
3044 1752 3379 1820 εὐχαριστεῖ,
3413 1752 3577 1819 χωρὶς
3612 1749 3687 1813 δὲ,
3718 1748 3859 1817 ὑπὲρ
3887 1741 3967 1799 ὧν

719 1848 822 1887 nus
842 1846 1021 1891 autem
1054 1837 1287 1895 Basilius
1310 1845 1571 1897 admiscet
1596 1846 1973 1912 suppliCntioui
1993 1846 2277 1914 gratiarum

2394 1814 2647 1897 ixstﬂ'lﬂ'.
2686 1844 2745 1896 '0
2796 1814 3033 1905 δὲ’θεῖος
3069 1814 3347 1903 Basilus;
3493 1814 3673 1908 ίκεσίᾳ.
3708 1814 3965 1907 παραμί-

719 1928 1014 1984 actionem.
1068 1929 1134 1984 Et
1169 1934 1237 1987 ita
1271 1934 1400 1987 facit
1429 1936 1630 2004 ubique
1654 1938 1703 1989 in
1737 1938 1880 1991 sacri
1912 1939 2156 2008 mystcrii
2194 1953 2282 1992 ce-

718 2016 1016 2083 lebratione
1050 2038 1065 2075 :
1098 2033 1151 2077 et
1173 2039 1370 2079 omnes
1394 2025 1509 2079 fere
1529 2027 1647 2095 ejus
1675 2028 1949 2082 orationes
1983 2028 2279 2091 inveneris,

714 2122 835 2175 qua:
866 2119 1154 2180 utramque
1181 2114 1285 2167 vim
1339 2114 1560 2169 habent.
1610 2115 1851 2170 Meminit
1880 2128 2062 2171 autem
2121 2118 2281 2172 etiam

712 2210 1055 2265 sanctorum,
1114 2218 1347 2271 quorum
1395 2213 1451 2259 et
1511 2206 1669 2261 divus
1716 2205 1956 2263 Joannes
2008 2209 2171 2262 etiam
2227 2208 2283 2262 in

711 2289 906 2344 eodem
933 2290 1055 2345 loco
1081 2295 1365 2355 sacrillcii,
1398 2298 1490 2350 sed
1519 2313 1626 2351 non
1661 2298 1847 2351 eodem
1890 2298 2075 2353 modo.
2124 2298 2284 2355 Post-

714 2396 875 2449 quam
903 2382 1048 2437 enim
1079 2385 1259 2441 oravit
1289 2397 1348 2443 ut
1398 2403 1589 2443 omnes
1617 2390 1762 2458 digni
1796 2390 2103 2447 habeantur
2133 2408 2283 2446 com-

708 2472 969 2527 munione
993 2485 1487 2541 sacramentorum,
1514 2497 1533 2529 ι
1574 2495 1679 2532 non
1708 2480 1762 2533 in
1804 2480 2096 2550 judicium,
2122 2483 2203 2537 vel
2228 2484 2282 2538 in

705 2563 1242 2632 condemnationem,
1282 2586 1300 2619 ι
1326 2568 1627 2639 subjungit,
1666 2588 1685 2622 ι
1726 2571 1816 2625 sed
1856 2581 1917 2626 ut
1945 2573 2285 2629 inveniamus

708 2655 936 2722 gratiam
967 2672 1093 2711 cum
1114 2660 1369 2715 omnibus
1396 2663 1620 2731 sanctis,
1641 2664 1732 2731 qui
1766 2665 1861 2719 tibi
1893 2679 1924 2719 a
1945 2666 2143 2721 saeculo
2170 2667 2283 2735 pla-

708 2755 966 2810 cuerunt,
990 2748 1291 2817 majoribus
1326 2752 1555 2821 nostris,
1577 2754 1713 2818 avis,
1753 2754 2019 2821 patribus.
2058 2757 2289 2823 patriar-

706 2834 847 2896 chis,
875 2854 893 2886 ι
924 2846 974 2891 et
1005 2854 1127 2907 qua:
1150 2852 1452 2909 sequuntur
1474 2858 1489 2908 ι
1515 2844 1713 2898 deinde
1731 2844 2026 2914 prmcipue.
2047 2847 2288 2902 sanctis-

704 2926 866 2981 sima.
905 2928 1013 2983 Sed
1041 2932 1156 2984 lucc
1186 2934 1415 2999 quidem
1466 2935 1633 2991 verba
1670 2936 1876 2990 habent
1927 2937 2285 3005 supplicatio-

707 3030 826 3071 nem
849 3037 864 3083 ;
898 3023 1191 3078 ostendunt
1210 3034 1388 3079 autem
1411 3028 1575 3079 etiam
1594 3008 1890 3097 gratiarum
1920 3030 2213 3106 actionem,
2234 3044 2287 3087 et

706 3108 872 3173 Deum
895 3114 1108 3174 generis
1136 3114 1536 3171 benefactoretn
1566 3120 1883 3187 praedicant.
1906 3121 2001 3179 ubi
2039 3114 2285 3175 meminit

700 3215 890 3255 eorum
950 3202 1233 3259 hominum
1262 3208 1352 3276 qui
1396 3208 1466 3262 ab
1491 3209 1613 3277 ipso
1664 3208 1992 3264 sanctillcbti
2051 3218 2179 3265 sunt
2221 3223 2275 3267 et

702 3295 1089 3358 consummati;
1115 3296 1507 3364 propemodum
1527 3298 1747 3354 dicens:
1774 3298 1841 3354 Ut
1862 3299 1958 3355 des
1980 3300 2273 3370 nobisgra-

698 3381 853 3446 tiam,
878 3399 1039 3452 quam
1071 3386 1276 3441 sanctis
1298 3387 1447 3457 prius
1470 3387 1685 3455 dedisti;
1712 3398 1769 3442 ut
1804 3404 1903 3444 nos
1936 3390 2264 3457 sanctiﬁces,

696 3470 843 3525 sicut
868 3482 921 3526 et
948 3474 1087 3530 alios
1120 3476 1267 3544 prius
1288 3476 1665 3542 sanctiﬁcasti,
1715 3479 1807 3547 qui
1841 3488 1969 3534 sunt
2020 3480 2261 3547 ejusdem

700 3564 916 3631 generis
949 3565 1255 3622 nobiscum.
1285 3566 1349 3621 Et
1375 3567 1439 3621 de
1470 3567 1555 3623 bis
1575 3568 1793 3639 quidem
1816 3571 1930 3625 haec
1962 3569 2260 3626 sufﬁciunt.

1259 3682 1411 3740 CAP.
1455 3684 1697 3741 XXXIV.

698 3794 779 3848 De
804 3796 879 3849 eis
909 3810 1027 3865 qua!
1049 3797 1294 3851 sacerdos
1324 3812 1417 3863 pro
1444 3814 1497 3850 se
1532 3809 1670 3862 orat,
1708 3814 1803 3866 pro
1832 3798 1999 3853 sacris
2020 3797 2191 3863 donis,
2218 3808 2268 3852 et

1031 3867 1096 3919 de
1124 3867 1189 3920 iis
1213 3883 1330 3933 qua
1343 3866 1492 3935 jubet
1524 3869 1702 3937 ﬁdeles
1728 3885 1905 3924 orare.

772 4020 1043 4077 Sacerdos
1074 4032 1257 4076 autem
1290 4033 1581 4091 postquam
1633 4022 1887 4078 omnibus
1912 4038 1975 4079 ea
2014 4038 2136 4094 quae
2164 4038 2261 4094 par

697 4122 782 4169 est
805 4114 1065 4175 oraverit,
1089 4113 1250 4167 etiam
1280 4129 1377 4182 pro
1394 4129 1453 4169 se
1484 4123 1606 4167 orat
1628 4123 1735 4168 uta
1761 4114 1919 4170 donis
1951 4116 2259 4171 sanetilicec

699 4213 807 4258 tur.
835 4202 1082 4270 Quanam
1107 4204 1578 4259 sanctiﬁcatione?
1609 4205 1682 4259 Ut
1712 4204 1943 4274 accipiat
1972 4209 2257 4263 remissio-

696 4314 820 4354 nem
845 4310 1211 4370 peccatorum.
1239 4288 1352 4353 Hoc
1381 4299 1526 4355 enim
1559 4308 1643 4352 est
1663 4298 1937 4353 donorum
1962 4300 2263 4370 principale

697 4382 959 4445 cilicium.
1000 4390 1066 4444 Et
1093 4391 1361 4444 undenam
1393 4396 1572 4459 potest
1614 4390 1719 4443 hoc
1749 4388 1919 4443 sciri?
1950 4389 2023 4444 Ex
2054 4391 2120 4444 iis
2140 4406 2261 4459 quae

2384 1952 2542 2002 γνυσι
2582 1934 2679 2004 τὴν
2716 1934 3090 2005 εὐχαριστίαν.
3138 1934 3247 1986 Καὶ
3291 1933 3449 1985 τοῦτο
3500 1934 3647 1984 ποιεῖ
3679 1927 3966 1998 πανταχοῦ

2383 2027 2480 2095 τῆς
2515 2027 2859 2098 ίερουργίαςο
2914 2027 3007 2080 καὶ
3052 2027 3151 2088 τὰς
3204 2026 3369 2095 εὐχὰς
3423 2025 3489 2078 ἂν
3550 2023 3717 2093 εὕρῃς
3774 2022 3967 2091 σχεδὸν

2385 2120 2626 2185 ἁπάσας,
2668 2120 2759 2171 καὶ
2784 2118 2943 2171 τοῦτο
2973 2120 3192 2170 κάκεῖνο
3220 2117 3549 2184 δυναμένας.
3578 2115 3869 2182 Μέμνηται
3905 2113 3966 2168 δὲ

2384 2210 2478 2263 καὶ
2508 2210 2615 2263 τῶν
2642 2209 2840 2276 ἁγίων,
2869 2204 2943 2263 ὧν
2973 2208 3001 2260 ὁ
3032 2207 3185 2275 ἁγιος
3220 2208 3497 2274 Ἰωάννης,
3523 2206 3615 2259 καὶ
3638 2205 3838 2258 ταύτὸν
3859 2204 3968 2274 τῆς

2388 2301 2701 2373 ἱερουργίας
2731 2301 2822 2354 τὸν
2865 2302 3052 2363 τόπον,
3108 2299 3224 2353 ἀλλ’
3259 2301 3317 2352 οὐ
3373 2299 3464 2352 τὸν
3514 2299 3678 2351 αὐτὸν
3732 2296 3969 2367 τρόπον.

2386 2394 2693 2463 Εὒξάμενος
2721 2393 2829 2463 γὰρ
2879 2393 3176 2463 ἀξιωθῆναι
3223 2392 3431 2452 πάντας
3466 2390 3568 2453 τῆς
3599 2390 3705 2442 τῶν
3742 2406 3967 2471 μυσξη-

2388 2485 2520 2556 ρίων
2546 2486 2851 2548 κοινωνίας,
2882 2502 2899 2533 ι
2943 2486 3017 2553 μὴ
3053 2488 3131 2545 εἰς
3159 2483 3331 2551 κρίμα
3370 2480 3402 2551 ἢ
3445 2484 3523 2543 είς
3559 2480 3883 2548 κατάκριμα
3906 2496 3961 2544 ,s

2386 2562 2605 2644 ἐπάγει,
2663 2594 2681 2628 t
2724 2575 2838 2629 ἀλλ’
2897 2575 2983 2627 ἵνα
3038 2574 3290 2644 εὕρωμεν
3336 2575 3497 2642 χάριν
3542 2572 3681 2641 μετὰ
3736 2570 3967 2624 πάντων

2390 2669 2584 2735 ἁγίων,
2613 2668 2720 2721 τῶν
2748 2668 2844 2720 ἀπ’
2874 2666 3069 2729 αίῶνός
3098 2682 3178 2718 σοι
3204 2644 3711 2735 ε’ύαρεστησάντων.
3742 2676 3964 2732 προπα-

2387 2761 2591 2837 τόρων..
2631 2758 2853 2829 πατρῶν
2897 2756 3253 2826 πατριαρχῶν
3280 2772 3294 2787 ·
3342 2774 3360 2807 ι
3408 2757 3504 2809 καὶ
3535 2754 3602 2806 τὰ
3636 2753 3798 2823 ἑξῆς·
3841 2750 3967 2805 εἷτα

2388 2848 2676 2915 ιξαιρὲτως
2696 2848 2795 2916 τῆς
2821 2864 2991 2913 παναγ
3009 2848 3113 2908 ίας.
3150 2845 3308 2897 ’Λλλὰ
3332 2844 3427 2896 καὶ
3443 2843 3617 2896 ταῦτα
3642 2844 3710 2896 τὰ
3735 2843 3966 2912 ῥήματα

2388 2941 2501 3010 ἔχει
2531 2940 2629 3009 μὲν
2655 2939 2883 3000 ἱκεσίαν,
2918 2938 3164 3004 ἐκφαίνει
3191 2936 3251 2989 δὲ
3277 2933 3649 3006 εὐχαριστίαν,
3676 2935 3770 2987 καὶ
3796 2934 3965 3004 εὐερ-

2389 3031 2553 3099 γέτην
2573 3046 2667 3081 του
2690 3029 2880 3095 γένους
2911 3027 3175 3096 κηρύττει
3205 3026 3297 3079 τὸν
3329 3024 3485 3089 Θεὸν,
3522 3026 3579 3078 ὲν
3626 3018 3706 3086 οἷς
3748 3022 3970 3094 μέμνημ-

2389 3132 2477 3171 ται
2505 3118 2613 3173 τῶν
2650 3119 2778 3188 παρ’
2822 3116 2987 3172 αὐτοῦ
3019 3115 3410 3170 τελειωθέντων
3438 3114 3533 3167 καὶ
3581 3110 3963 3182 ἁγιασθέντων

2308 3177 2352 3235 c
2385 3177 2742 3280 ἀνθρώπων,¹
2775 3210 2997 3277 μονονοὺ
3055 3207 3263 3271 λέγων·
3322 3206 3440 3259 Ἵνα
3498 3204 3602 3274 δῷς
3628 3177 3793 3273 ⁷ἡμῖν
3849 3203 3962 3275 χὰ-

2379 3314 2485 3368 ριν,
2514 3298 2581 3369 ἦν
2616 3299 2727 3359 τοῖς
2768 3297 2945 3364 ἁγίοις
2979 3295 3207 3351 κατέθου
3261 3296 3551 3366 πρότερον,
3580 3296 3673 3349 ῖνα
3712 3293 3961 3365 ἁγιάσῃς

2372 3384 2560 3458 ὥσπερ
2614 3388 2708 3440 καὶ
2757 3388 2949 3451 ἄλλους
2983 3387 3191 3454 φθάσας
3240 3386 3477 3455 ἡγίασας
3526 3385 3639 3439 τῶν
3670 3382 3964 3455 ὁμογενῶν

2368 3483 2521 3552 ἡμῖν.
2545 3480 2656 3535 Kal
2685 3480 2812 3550 περὶ
2844 3480 2945 3549 μὲν
2969 3480 3172 3535 τούτων
3194 3480 3436 3550 ἀρκείτω
3458 3478 3653 3537 ταῦτα.

2966 3682 3221 3736 ΚΕΦΑΛ.
3258 3682 3380 3735 AA'.
3481 3744 3487 3750 ,

2370 3792 2510 3859 Περὶ
2533 3786 2621 3847 ὧν
2652 3796 2684 3847 ὁ
2717 3793 2908 3861 νερεὺς
2931 3793 3109 3847 ἕνεκα
3134 3794 3351 3863 ἐαυὲοῦ
3375 3794 3615 3861 εὔχεται
3648 3796 3801 3863 ὑπὲρ
3830 3796 3958 3851 τῶν

2472 3864 2646 3931 ιερῶν
2669 3856 2897 3929 δώρων,
2917 3865 3015 3919 καί
3046 3864 3196 3932 ὑπὲρ
3222 3856 3310 3916 ὦν
3344 3856 3730 3931 τοῖὄπιστοῒς
3762 3856 3961 3936 ἐὔχε-

2472 3938 2611 3987 σθαι
2645 3935 2896 3987 κελεύει.

2449 4024 2465 4043 ⁸
2492 4026 2533 4078 Ο
2563 4024 2621 4078 δὲ
2652 4024 2849 4095 ἱερεὺς,
2894 4024 3031 4094 μετὰ
3062 4025 3123 4081 τὸ
3162 4028 3328 4081 πᾶσιν
3361 4024 3621 4091 εὔξασθαι
3644 4025 3712 4080 τὰ
3737 4027 3953 4093 δέοντα,

2368 4116 2458 4168 καὶ
2485 4114 2623 4185 ὑπὲρ
2657 4114 2849 4168 ἑαυτοῦ
2882 4115 3121 4185 εὔχεται,
3155 4117 3258 4170 ὑπὸ
3284 4116 3391 4169 τῶν
3436 4117 3626 4185 δώρων
3676 4118 3952 4189 ἁγιασθῆ-

2365 4225 2475 4261 ναι.
2507 4208 2640 4260 Τίνα
2689 4207 2981 4276 ἁγιασμόν;
3011 4208 3239 4276 ’Δφεσιν
3272 4208 3457 4262 λαὸεῖν
3490 4209 3598 4263 τῶν
3637 4209 3948 4281 ἁμαρτιῶν.

2367 4296 2536 4350 Τοῦτο
2565 4297 2673 4367 γὰρ
2704 4297 2763 4350 τὸ
2810 4299 3221 4367 προηγούμενον
3276 4299 3335 4353 τὸ
3371 4299 3531 4369 ἔργον
3578 4302 3783 4354 τούτων
3834 4302 3951 4356 τῶν

2366 4380 2573 4458 δώρων.
2603 4389 2714 4442 Καὶ
2747 4388 2910 4441 πόθεν
2933 4389 3111 4459 δῆλον;
3138 4390 3231 4457 Ἐξ
3252 4383 3327 4444 ὧν
3373 4392 3401 4444 ὁ
3440 4391 3643 4462 Κύριος
3677 4388 3796 4445 εἷπε
3834 4398 3951 4456 τοῖς

699 4482 962 4538 Dominus
986 4481 1143 4547 dixit,
1177 4482 1441 4551 apostolis
1470 4497 1662 4553 panem
1696 4481 2029 4537 ostendens:
2088 4500 2105 4533 ι
2146 4482 2259 4536 Hoc

2379 4478 2703 4545 ἰποστόλοις,
2743 4478 2835 4532 τὸν
2894 4478 3057 4548 ἄρτον
3088 4480 3329 4544 δεικνύς·
3374 4481 3575 4535 «Τοῦτό
3606 4486 3721 4535 ἐστι
3754 4482 3814 4534 τὸ
3843 4484 3951 4536 σῶ-

697 4582 783 4629 est
808 4588 1007 4641 corpus
1030 4589 1237 4637 meum,
1271 4575 1418 4643 quod
1460 4589 1559 4643 pro
1594 4574 1748 4630 vobis
1784 4574 2052 4644 frangitur
2086 4574 2139 4627 in
2183 4589 2269 4629 reo

697 4667 1014 4721 missionem
1075 4672 1450 4734 peccatorum.
1494 4684 1512 4716 ι
1548 4664 1614 4719 Et
1669 4665 1721 4720 in
1750 4666 1927 4722 calice
1971 4667 2266 4725 similiter:

702 4777 722 4809 v
756 4757 1045 4820 Memento.
1076 4757 1277 4826 inquit,
1304 4756 1529 4811 Domine
1554 4759 1718 4812 etiam
1747 4773 1880 4812 mea:
1910 4759 2268 4829 indignitatis,

692 4859 751 4902 et
775 4849 1022 4902 condoua
1050 4848 1187 4902 milti-
1222 4863 1384 4905 omne
1415 4850 1670 4903 delictum
1697 4850 2071 4903 voluntarium
2107 4860 2159 4903 et
2190 4852 2272 4905 in-

696 4940 1087 4995 voluutarium.
1117 4940 1181 4992 Et
1204 4955 1270 4993 ne
1301 4949 1522 5009 propter
1546 4956 1663 4995 mea
1684 4952 1901 5009 peccata
1924 4942 2268 5008 prohibueris

698 5032 925 5100 gratiam
959 5032 1133 5086 sancti
1166 5030 1403 5099 Spiritus
1426 5046 1455 5085 a
1482 5033 1639 5088 donis
1663 5034 1975 5102 propositis.
2007 5054 2025 5086 ι
2053 5033 2269 5089 Remis-

698 5123 905 5177 sionem
934 5133 1281 5191 peccatorum
1315 5124 1408 5177 dat
1432 5134 1654 5178 sanctus
1680 5124 1915 5193 Spiritus
1940 5126 2005 5179 iis
2025 5126 2115 5194 qui
2142 5134 2269 5181 sunt

699 5213 958 5266 donorum
983 5212 1298 5281 participes.
1330 5231 1356 5264 ι
1383 5210 1528 5275 Haec,
1562 5213 1758 5279 inquit,
1792 5215 1963 5282 gratia
1998 5215 2049 5267 in
2085 5230 2169 5269 me
2200 5229 2268 5270 ne

696 5302 1055 5369 prohibeatur
1091 5318 1159 5357 ex
1194 5302 1353 5358 donis
1387 5312 1613 5372 propter
1646 5317 1763 5357 mea
1823 5315 2067 5374 peccata.
2106 5324 2125 5357 ι
2154 5304 2265 5359 Du-

696 5390 913 5459 pliciter
946 5389 1093 5443 enim
1114 5390 1315 5445 dicitur
1343 5392 1514 5461 gratia
1551 5392 1770 5461 operari
1793 5392 1847 5445 in
1879 5393 2135 5460 pretiosis
2164 5393 2265 5448 do-

695 5482 800 5535 nis.
827 5479 944 5535 Uno
966 5480 1183 5551 quidem
1204 5481 1384 5543 modo,
1409 5496 1504 5551 per
1521 5497 1681 5550 quem
1706 5483 1820 5551 ipsa
1837 5481 2261 5550 sanctiﬁcautur,

694 5573 825 5632 alio.
854 5587 947 5641 per
962 5588 1123 5642 quem
1141 5573 1315 5644 gratia
1341 5589 1445 5628 nos
1473 5590 1567 5642 per
1592 5575 1706 5643 ipsa
1736 5575 2059 5630 sanctiﬁcat.
2082 5576 2264 5630 Primo

688 5676 824 5732 ergo
866 5664 1047 5731 modo,
1074 5665 1126 5721 in
1159 5665 1313 5720 donis
1339 5668 1575 5733 gratiam
1612 5667 1821 5736 operari
1850 5668 2055 5721 nullum
2087 5676 2263 5737 potest

693 5750 991 5807 humanum
1016 5754 1217 5811 malum
1241 5766 1437 5811 vetare.
1460 5748 1584 5823 Sed,
1600 5756 2257 5828 quemadmodumcorutu

2380 4567 2458 4639 μά
2494 4585 2617 4638 μου,
2647 4568 2709 4621 τὸ
2760 4568 2900 4640 ὑπὲρ
2932 4570 3085 4637 ὑμῶν
3120 4569 3394 4639 κλώμενον
3429 4575 3507 4635 είς
3538 4573 3731 4642 ἄφεσιν
3765 4576 3949 4645 ἁμαρ⁴

2374 4661 2559 4725 mina,»
2626 4663 2717 4714 καὶ
2747 4662 2841 4714 ἐπὶ
2875 4662 2968 4715 τοῦ
2998 4664 3262 4733 ποτηρίου
3322 4666 3520 4734 ὁμοίως
3544 4681 3559 4696 ·
3600 4667 3943 4738 «Μνήσθητι,

2374 4744 2567 4822 Κύριε,
2600 4755 2752 4823 φησι,
2786 4754 3004 4823 καὶτῆς
3038 4756 3175 4824 ἑμῆς
3239 4755 3609 4827 ἁνσξιότητος,
3653 4758 3747 4811 καὶ
3808 4774 3945 4825 συγ-

2372 4840 2621 4913 χώρησόν
2678 4860 2769 4912 μοι
2830 4847 2937 4897 πᾶν
2988 4844 3366 4916 πλημμέλημα
3421 4846 3669 4901 ἑκούσιόν
3726 4864 3787 4901 τε
3844 4850 3946 4902 καὶ

2371 4935 2646 5000 ἀκούσιον,
2683 4937 2774 4989 καὶ
2811 4935 2887 5005 μὴ
2938 4935 3027 4990 διὰ
3060 4936 3159 4999 τὰς
3185 4938 3324 5007 ὲμὰς
3382 4938 3653 5007 ἁμαρτίας
3685 4938 3945 5011 κωλύσῃς

2370 5025 2465 5095 τὴν
2495 5026 2652 5096 χάριν
2683 5026 2778 5079 τοῦ
2812 5028 2964 5094 ἁγίου
3001 5028 3316 5097 Πνεύματος
3339 5028 3447 5081 ἀπὸ
3479 5029 3586 5082 τῶν
3641 5033 3946 5099 προκειμέ·

2368 5134 2475 5170 νων
2500 5118 2686 5187 δώρων
2708 5138 2754 5175 ,ι
2800 5119 3025 5187 Ἀφεσιν
3052 5119 3334 5188 ἁμαρτιῶν
3388 5119 3567 5173 δίδωσι
3597 5120 3656 5173 τὸ
3710 5120 3943 5190 Πνεῦμα

2368 5208 2429 5261 τὺ
2450 5207 2601 5275 ἁγιον
2629 5211 2738 5271 τοῖς
2766 5210 2872 5261 τῶν
2892 5208 3082 5275 δώρων
3110 5208 3447 5263 κοινωνοῦσι.
3483 5209 3661 5281 (Αὕτη
3690 5211 3723 5279 ἡ
3754 5213 3939 5281 χάρις,

2368 5302 2523 5372 φησὶ,
2563 5303 2638 5372 μὴ
2668 5302 2968 5371 κωλυθήτω
2997 5302 3102 5355 ἁπδ
3132 5301 3241 5354 τῶν
3298 5300 3507 5374 δώρων,
3536 5303 3626 5356 διὰ
3670 5304 3769 5366 τὰς
3797 5306 3943 5373 ιμὰς

2366 5392 2658 5464 ἁμαρτίας.
2684 5412 2701 5444 ι
2738 5393 2942 5456 Διττῶς
2973 5397 3082 5463 γὰρ
3104 5392 3323 5462 λέγεται
3361 5395 3604 5463 ἐνεργεῖν
3626 5394 3684 5447 ὲν
3714 5397 3827 5457 τοῖς
3855 5412 3939 5449 τι·

2369 5484 2510 5554 μίοις
2538 5484 2732 5554 δώροις
2765 5485 2797 5555 ἠ
2824 5485 2982 5555 χάρις
3005 5501 3018 5514 ·
3046 5484 3143 5537 ἕνα
3181 5484 3280 5555 μὲν
3326 5484 3527 5554 τρόπον
3555 5483 3677 5539 καθ’
3708 5484 3769 5538 δν
3795 5485 3939 5539 αὐτὰ

2366 5576 2672 5643 ἁγιάζεταν
2721 5575 2905 5647 ἕτερον
2933 5575 3011 5639 δὲ,
3073 5575 3193 5628 καθ’
3219 5575 3277 5627 ὃν
3334 5577 3365 5644 ὴ
3418 5575 3575 5646 χάρις
3629 5574 3697 5627 δι’
3751 5575 3937 5631 αὐτῶν

2365 5667 2521 5737 ήμῶν
2553 5666 2790 5732 ἁγιάζει.
2827 5665 2929 5719 Τδν
2962 5667 3059 5736 μὲν
3090 5666 3183 5719 οὖν
3234 5668 3451 5735 πρῶτον
3512 5670 3571 5723 ἐν
3598 5668 3709 5728 τοῖς
3737 5666 3937 5737 δώροις

2364 5760 2462 5829 τὴν
2494 5759 2652 5829 χάριν
2692 5761 2958 5830 ἐνεργεῖν,
2990 5759 3141 5813 οὐδέν
3170 5776 3219 5811 τι
3274 5758 3495 5812 δύναται
3563 5760 3793 5813 κωλύειν
3825 5759 3937 5813 τῶν
