4150 6312
708 431 804 489 ίῆί

1959 435 2268 496 NICOLM
2313 434 2572 494 CABASI
2590 434 2700 493 ίιιΕ

3846 428 3954 494 £53

696 542 1069 611 gniticandum
1107 540 1277 594 sancti
1308 539 1541 608 Spiritus
1577 540 1639 593 ad
1694 541 1993 597 Ecclesiam
2037 542 2255 598 descen-

2371 542 2530 611 ἕνεκα
2566 538 2664 609 τῆς
2696 539 2787 592 τοῦ
2820 538 2973 607 ἁγίου
3000 539 3318 611 Πνεῦματος
3350 540 3444 594 ἔτιί
3484 540 3579 610 τὴν
3624 540 3956 611 Ἐκκλησίαν

696 652 844 687 sum.
910 632 1196 685 Descendit
1250 633 1393 684 enim
1458 641 1587 685 tunc
1647 632 1900 685 universa
1958 632 2264 685 incarnatio

699 726 982 779 Dmniuica
1016 733 1229 793 peracta
1281 726 1580 777 oeconomia
1615 740 1627 777 :
1668 738 1809 777 nunc
1848 734 2048 788 autem,
2081 724 2265 779 oblato

702 816 994 880 sacriﬁcio,
1031 824 1084 867 et
1118 816 1513 869 consummatis
1545 815 1724 881 donis,
1763 826 2010 871 versatur
2043 832 2167 870 cum
2199 816 2266 870 iis

700 908 792 976 qui
826 906 985 975 digne
1012 905 1232 959 fuerunt
1265 920 1451 960 eorum
1480 906 1789 975 participes.
1826 906 2091 962 Universa
2119 908 2265 961 enim

698 1000 955 1052 lntmanze
1006 1013 1034 1051 a
1082 997 1303 1052 Christo
1364 1008 1631 1065 susceptae
1684 1008 1891 1052 natura:
1939 1000 2264 1060 tecnnomia,

703 1094 757 1145 in
783 1105 941 1144 sacro
979 1090 1341 1145 Eucharistiae
1377 1090 1659 1160 mysterio.
1707 1090 1759 1143 in
1805 1106 1966 1159 pane,
2002 1099 2264 1157 tanquam

2370 632 2620 684 καθόδου.
2649 632 2895 699 Κατῆλθε
2922 632 3029 701 γὰρ
3058 633 3176 683 τότε
3207 632 3305 701 τῆς
3335 633 3644 701 οἰκονομίας
3676 632 3955 685 τελεσθεί-

2372 741 2468 792 σης
2508 724 2602 776 τοῦ
2632 724 2880 792 Σωτῆρος
2922 724 3170 792 ἁπάσης·
3206 723 3301 776 νῦν
3326 725 3683 793 δὲςὲπιδημεῖ,
3724 726 3823 794 τῆς
3853 729 3953 777 θυ-

2372 818 2492 877 σίας
2540 818 2939 887 ἀνενεχθείσης,
2998 819 3090 868 καὶ
3131 817 3529 871 τελειωθέντων
3580 820 3687 871 τῶν
3739 818 3953 888 δώρων

2370 910 2478 971 τοῖς
2536 926 2599 976 γε
2658 908 2823 973 ἀξίως
2875 907 3224 961 κοινωνοῦσιν
3278 909 3479 962 αὐτῶν.
3528 910 3638 977 Τῆς
3702 911 3811 977 γὰρ
3856 909 3953 961 τοῦ

2369 1002 2608 1068 Χριστοῦ
2644 1001 2954 1070 οἰκονομίας
2992 1000 3208 1068 ἁπάσης
3240 1005 3379 1053 κατὰ
3412 1000 3509 1070 τὴν
3543 1000 3694 1070 ἱερὰν
3726 1001 3823 1069 τῆς
3863 1002 3956 1051 εὐ-

2370 1092 2655 1161 χαριστίας
2702 1092 2945 1162 τελετὴν,
2988 1094 3046 1146 ιν
3081 1092 3157 1180 rga
3190 1092 3340 1162 ἄρτῳ
3385 1092 3636 1160 καθάπερ
3671 1094 3728 1144 ὲν
3760 1092 3953 1144 πίνακι

699 1185 756 1238 in
800 1184 1006 1246 tabula,
1042 1182 1304 1252 inscripta
1341 1182 1492 1251 (nam
1523 1193 1574 1236 ct
1624 1182 1882 1237 infantem
1917 1183 2115 1253 ipsum.
2142 1193 2255 1237 tan-

2370 1186 2725 1253 γραφομένης
2758 1186 2872 1253 (καὶ
2902 1184 3008 1252 γὰρ
3044 1185 3136 1237 καὶ
3170 1184 3365 1254 βρέφος
3396 1184 3559 1245 αὐτὸς
3595 1183 3669 1243 ὡς
3704 1185 3760 1233 ὲν
3790 1182 3952 1250 eo"?

703 1290 866 1343 quam
917 1274 971 1327 in
1005 1276 1172 1343 figura
1218 1274 1647 1342 contemplemur
1681 1290 1694 1326 :
1722 1283 1774 1328 et
1797 1274 1859 1328 ad
1910 1285 2137 1329 mortem
2166 1276 2265 1328 du-

706 1377 857 1419 ctum
894 1375 946 1418 et
981 1367 1325 1427 crucilix-um,
1354 1373 1406 1419 et
1439 1367 1489 1417 in
1540 1364 1702 1418 latere
1727 1373 2021 1433 punctum;
2072 1365 2269 1420 deinde

622 1484 627 1491 -
704 1460 867 1509 etiam
899 1457 1072 1523 ipsum
1109 1471 1324 1523 panem,
1358 1456 1409 1507 in
1449 1455 1576 1506 illud
1613 1455 2019 1509 sanctissimum
2043 1469 2264 1522 corpus,

705 1549 847 1617 quod
888 1549 999 1601 haec
1045 1562 1168 1600 vere
1197 1546 1476 1608 sustinuit,
1510 1556 1561 1599 et
1610 1546 1925 1608 resurrexit,
1959 1557 2011 1599 et
2038 1560 2264 1601 assum-

698 1647 856 1708 ptum
922 1647 1024 1700 est,
1090 1645 1142 1687 et
1190 1636 1339 1689 sedet
1398 1638 1461 1687 ad
1528 1636 1802 1688 dexteram
1854 1632 2052 1697 Patris,
2086 1643 2265 1687 muta-

706 1727 867 1792 tum),
906 1726 1189 1795 oportebat
1240 1727 1401 1778 etiam
1439 1724 1628 1776 horum
1671 1725 1912 1777 omnium
1949 1724 2107 1777 ﬁnem
2146 1730 2265 1791 post

703 1820 816 1870 haec
856 1817 1174 1883 signiﬁcari,
1215 1825 1271 1867 ut
1316 1824 1460 1869 esset
1494 1816 1699 1883 integra
1752 1814 1989 1885 mysterii
2025 1814 2265 1867 celebra-

701 1910 802 1969 tio,
859 1908 1109 1960 universo
1162 1908 1373 1975 negotio
1422 1915 1476 1959 et
1524 1907 1916 1959 incarnationis
1980 1905 2263 1973 dispensa-

697 1999 832 2053 tioni
867 1998 971 2051 line
1013 1998 1319 2066 aﬂ'cctuquc
1353 1998 1583 2065 adjecto.
1618 1996 1769 2060 Quod
1798 2005 1879 2049 est
1923 1996 2067 2049 enim
2103 2010 2258 2063 Opus,

693 2102 751 2143 et
798 2092 920 2160 quis
970 2089 1191 2143 efl‘ectus
1248 2089 1448 2143 Christi
1497 2089 1806 2157 passionum
1853 2098 1907 2142 et
1950 2103 2172 2160 operum
2204 2096 2260 2141 et

696 2182 1009 2237 dictorum?
1040 2182 1098 2235 Si
1133 2183 1254 2247 quis
1290 2196 1375 2244 ea,
1414 2180 1552 2248 quod
1590 2181 1653 2233 ad
1700 2195 1797 2234 nos
1824 2178 2032 2241 attinet.
2075 2179 2255 2233 consi-

691 2274 871 2335 derat,
926 2274 1055 2326 nihil
1107 2274 1250 2327 aliud
1302 2282 1427 2325 suut
1480 2288 1636 2341 quam
1688 2272 1864 2325 sancti
1914 2270 2149 2338 Spiritus
2204 2271 2256 2324 in

698 2364 995 2415 Ect-lcsiatn
1033 2365 1318 2415 adventus.
1353 2363 1649 2431 Oportebat
1689 2375 1817 2430 ergo
1848 2375 1969 2415 eum
2009 2368 2131 2430 post
2170 2360 2254 2412 illa

697 2452 1016 2520 signiﬁcari.
1051 2454 1225 2522 Atque
1258 2454 1303 2506 is
1334 2454 1552 2518 quidem
1600 2451 1934 2520 signiﬁcatur
1985 2468 2124 2520 aqua
2165 2466 2256 2503 ca-

601 2599 611 2604 ,
698 2542 804 2594 lida
862 2557 913 2593 tn
960 2542 1211 2611 mysteria
1256 2542 1453 2594 inlusa.
1496 2541 1619 2594 llaec
1668 2543 1811 2595 enim
1842 2556 2005 2610 aqua,
2048 2557 2170 2594 cum
2205 2550 2257 2595 et

2371 1278 2704 1347 θεωροῦμεν,
2738 1277 2831 1329 καὶ
2859 1278 2935 1338 εἰς
2966 1276 3195 1329 θάνατον
3225 1275 3514 1345 ἀγόμενον,
3548 1274 3641 1331 καὶ
3678 1274 3951 1343 σταυροῦ-

2374 1385 2550 1437 μενον,
2582 1369 2675 1419 καὶ
2704 1369 2803 1434 τὴν
2835 1366 3070 1435 πλευρὰν
3102 1366 3453 1431 κεντοῦμενον
3479 1381 3492 1393 ·
3518 1362 3636 1416 εἶτα
3666 1369 3756 1417 καὶ
3784 1365 3952 1415 αὐτὸν

2370 1458 2459 1508 τὸν
2494 1455 2655 1524 ἄρτον
2700 1460 2777 1517 εἰς
2820 1458 2995 1507 ἐκεῖνο
3030 1455 3087 1508 τὸ
3135 1457 3401 1525 πανάγιον
3443 1455 3621 1523 σῶμα,
3671 1456 3731 1507 τ’)
3774 1456 3952 1508 ταῦτα

2370 1548 2581 1616 ἀληθῶς
2613 1549 2934 1615 ὑπομεῖναν,
2964 1550 3054 1599 καὶ
3081 1547 3337 1612 ἀναστὰν,
3366 1548 3461 1601 καὶ
3491 1548 3823 1616 ἀναληφθὲν,
3854 1550 3950 1598 καὶ

2370 1639 2678 1708 καθήμενον
2726 1642 2783 1691 ἐν
2824 1640 2972 1709 δεξιᾷ
3019 1640 3112 1692 τοῦ
3162 1640 3391 1710 Πατρδς,
3423 1638 3946 1708 μεταὸαλλόμενον),

2369 1731 2474 1783 ἔδει
2494 1732 2585 1783 καὶ
2610 1730 2670 1784 τὸ
2702 1731 2851 1793 τέλος
2883 1732 3088 1784 τούτων
3107 1732 3362 1788 ἁπάντων
3396 1731 3534 1800 μετὰ
3566 1729 3739 1782 ταῦτα
3767 1730 3948 1782 πάντα

2371 1821 2764 1889 σημαίνεσθαι,
2816 1821 2903 1879 ἵνα.
2947 1822 3239 1890 ὁλόκληρος
3275 1823 3307 1890 ἡ
3345 1820 3545 1891 μύησις
3588 1821 3815 1890 γένηται
3848 1819 3944 1871 τοῦ

2370 1912 2707 1981 μυστηρίουο
2739 1916 2801 1982 τῇ
2838 1913 3185 1983 πραγματείᾳ
3224 1914 3378 1983 πὲιαῃ
3412 1914 3503 1967 καὶ
3530 1912 3814 1982 οἰκονομίᾳ
3848 1911 3945 1963 τοῦ

2365 2002 2801 2071 ἀποτελέσματος
2845 2004 3252 2072 προστεθέντος.
3291 2004 3355 2055 Τί
3404 2004 3512 2073 γὰρ
3560 2003 3621 2054 τὸ
3652 2002 3813 2072 ἔργον
3848 2004 3943 2053 καὶ

2364 2093 2707 2162 ἀποτέλεσμα
2748 2094 2854 2146 τῶν
2882 2094 2977 2153 τοῦ
3005 2094 3242 2163 Χριστοῦ
3270 2095 3482 2156 παθῶν,
3509 2094 3607 2146 καὶ
3639 2093 3814 2161 λόγων
3844 2094 3942 2146 καὶ

2364 2184 2536 2251 ἔργων
2564 2200 2578 2248 ;
2616 2184 2782 2246 Είτις
2813 2185 2948 2254 πρὸς
2982 2187 3125 2254 ἡμᾶς
3159 2186 3297 2237 αὐτὰ
3330 2185 3547 2255 θεωρεῖ,
3574 2185 3725 2237 οὐδὲν
3752 2184 3945 2254 ἕτερον

2361 2275 2391 2344 ἦ
2420 2273 2508 2326 τοῦ
2535 2274 2692 2340 ἁγίου
2719 2274 3033 2345 Πνεύματος
3062 2278 3136 2337 εἰς
3167 2278 3265 2346 τὴν
3298 2278 3629 2345 Ἐκκλησίαν
3650 2276 3940 2345 ἐπιδημία.

2360 2365 2571 2417 οὐκοῦν
2600 2366 2703 2417 ἔδει
2740 2367 2853 2434 μετ’
2888 2370 3072 2420 ἐκεῖνα
3108 2367 3449 2437 σημανθῆναι
3475 2368 3569 2419 καὶ
3603 2368 3794 2436 αὐτήν.
3829 2368 3945 2421 Kac

2358 2454 2423 2525 δὴ
2478 2458 2800 2525 σημαίνεται
2837 2457 2928 2515 τοῦ
2967 2458 3181 2522 ζέοντος
3222 2459 3412 2521 ὓδατος
3458 2461 3783 2529 ἐκχεομένου
3829 2463 3943 2521 τοῖς

2362 2550 2705 2617 μυστηρίοις.
2741 2548 2812 2602 Τὸ
2850 2552 2948 2619 μὲν
2998 2552 3105 2620 γὰρ
3136 2550 3301 2619 ὕδωρ,
3332 2550 3463 2605 αὑτό
3503 2568 3559 2603 τε
3602 2548 3761 2602 τοῦτο
3793 2548 3943 2621 ὕδωρ

695 2620 833 2699 aqua
870 2632 960 2695 sit,
988 2643 1037 2684 ot
1082 2632 1220 2699 ignis
1251 2633 1324 2684 sit
1352 2635 1646 2701 particeps.
1696 2632 1964 2701 signiﬁcat
2005 2645 2251 2687 sanctum

2361 2638 2435 2702 δν,
2469 2642 2560 2693 καὶ
2584 2642 2753 2710 πυρὸς
2779 2641 3026 2711 μετέχον,
3056 2642 3117 2693 τὸ
3147 2641 3367 2709 Πνεῦμα
3394 2641 3647 2713 σημαίνει
3673 2642 3733 2693 τὸ
3757 2620 3941 2708 ἅγιον,

696 2724 980 2791 Spiritum,
1014 2724 1104 2790 qtti
1132 2724 1294 2776 etiam
1329 2738 1466 2791 aqua
1494 2724 1716 2788 dicitur,
1743 2732 1795 2777 et
1827 2736 2082 2792 tanquam
2116 2726 2253 2791 ignis

693 2816 941 2882 apparuit
972 2815 1020 2865 in
1047 2814 1252 2868 Christi
1285 2814 1585 2883 discipulos
1609 2815 1878 2882 dilapsus.
1924 2816 2041 2869 Hoc
2072 2827 2252 2869 autem

695 2920 908 2974 tempus
946 2907 1074 2958 illud
1111 2914 1324 2973 tempus
1351 2907 1653 2975 signiﬁcat;
1681 2918 1807 2960 tunc
1847 2909 1991 2959 enim
2024 2908 2249 2961 desct-u-

690 2998 788 3059 dit,
820 3008 1105 3065 postquam
1142 2999 1321 3050 omnia
1361 3014 1481 3066 qua:
1505 3000 1569 3053 ad
1605 2999 1881 3051 Christum
1917 3000 2250 3067 speetabant,

685 3097 907 3155 peracta
926 3096 1103 3139 erant.
1129 3084 1282 3140 Nunc
1306 3096 1482 3141 autem
1511 3086 1763 3155 perfectis
1786 3099 1838 3141 et
1859 3090 2252 3142 consummatis

2356 2726 2382 2778 δ
2416 2729 2505 2778 καὶ
2534 2727 2678 2797 ὓδωρ
2704 2728 2939 2795 λέγεται,
2973 2730 3068 2781 καὶ
3095 2730 3168 2790 ὡς
3199 2730 3310 2800 πῦρ
3344 2731 3518 2800 ἐφάνη
3546 2732 3668 2783 τότε
3698 2734 3814 2791 τοῖς
3844 2731 3961 2783 τοῦ.

2358 2818 2595 2885 Χριστοῦ
2632 2821 2900 2888 μαθηταῖς
2931 2820 3194 2889 ἐμπεσόν.
3235 2818 3297 2876 ’0
3330 2822 3384 2874 δὲ
3438 2823 3625 2892 καιρὸς
3668 2816 3822 2885 οὗτος
3847 2824 3943 2874 τὸν

2357 2908 2545 2978 καιρὸν
2574 2911 2780 2961 ἐκεῖνον
2807 2912 3085 2979 σημαίνει.
3109 2913 3241 2965 Τότε
3272 2914 3372 2981 μὲν
3410 2915 3510 2982 γὰρ
3537 2914 3770 2983 κατῆλθε
3796 2916 3942 2983 μετὰ

2354 3001 2414 3051 τὸ
2440 2999 2793 3070 πληρωθῆναι
2826 3004 2892 3055 τὰ
2917 3005 3058 3056 κατά
3081 3004 3173 3057 τὸν
3198 3007 3435 3075 Χριστὸν
3461 3008 3699 3071 ἅπαντα,
3730 3007 3826 3059 νῦν
3854 3008 3939 3072 δὲ,

2354 3090 2752 3144 τελειωθέντων
2770 3092 2877 3146 τῶν
2899 3092 3109 3163 δώρων,
3128 3098 3184 3147 τὸ
3205 3096 3347 3165 ὕδωρ
3370 3098 3723 3165 ὲπεισάγεται
3750 3098 3937 3151 τοῦτο.

690 3178 846 3229 donis
902 3178 1015 3229 haec
1064 3190 1204 3244 aqua
1258 3177 1593 3232 immittitur.
1624 3177 1723 3233 Per
1774 3179 2028 3249 mysteria
2069 3191 2248 3233 autem

2361 3181 2455 3234 Διά
2484 3183 2536 3234 δὲ
2559 3184 2667 3235 τῶν
2705 3184 3020 3254 μυστηρίων
3052 3189 3142 3238 καὶ
3174 3188 3205 3256 ἡ
3244 3186 3543 3257 Ἐκκλησία
3586 3188 3941 3257 σημαίνεται.

691 3267 1030 3335 signiﬁcatur
1067 3267 1328 3331 Ecclesia,
1363 3284 1484 3337 quae
1508 3278 1561 3323 et
1592 3278 1719 3325 tunc
1745 3272 1955 3341 accepit
1982 3270 2245 3340 Spiritum

690 3365 940 3410 sanctum
994 3375 1007 3410 :
1044 3365 1098 3411 et
1132 3366 1415 3426 postquam
1444 3358 1693 3413 Christus
1726 3360 1778 3413 in
1816 3361 1985 3415 cmlos
2037 3378 2252 3417 assum-

684 3456 816 3517 ptus
853 3457 959 3511 est,
1000 3447 1161 3502 etiam
1193 3464 1338 3503 nunc
1368 3450 1562 3517 accipit
1590 3450 1793 3505 donum
1826 3451 2082 3521 Spiritus,
2121 3470 2245 3508 sns-

682 3537 861 3605 ceptis
887 3538 1043 3591 donis
1071 3538 1125 3592 in
1156 3538 1314 3592 altari
1349 3540 1748 3607 superemiesti,
1785 3541 1835 3596 id
1867 3544 2029 3598 nobis
2057 3554 2247 3599 contra

685 3628 998 3683 remittente
1024 3628 1157 3695 Deo,
1206 3630 1298 3698 qui
1332 3630 1421 3686 illa
1471 3634 1696 3702 accepit,
1742 3643 1801 3687 ut
1846 3645 2003 3689 antea
2042 3637 2248 3691 dictum

685 3728 795 3781 est,
826 3720 968 3787 quod
1021 3720 1164 3774 idem
1207 3729 1293 3776 est
1323 3723 1650 3779 intercessor
1674 3731 1726 3780 et
1753 3734 1901 3793 tunc,
1923 3736 1977 3782 et
2001 3743 2166 3792 nunc,
2198 3737 2252 3782 et

686 3809 833 3865 idem
871 3810 1130 3874 Spiritus.

1230 3990 1383 4045 CAP.
1425 3990 1710 4048 XXXVIII.

754 4125 1007 4192 Quanam
1033 4126 1239 4180 ratione
1269 4128 1518 4197 mysteria
1549 4128 1849 4197 signiﬁcant
1878 4129 2193 4186 Ecetesiam.

767 4279 1121 4349 Signiﬁcatur
1179 4290 1356 4334 autem
1415 4279 1655 4336 Ecclesia
1702 4282 1757 4336 in
1809 4286 2102 4355 mysteriis,
2143 4303 2249 4342 non

688 4383 948 4440 tanquam
983 4371 1036 4423 in
1064 4371 1256 4436 signis,
1292 4373 1384 4425 sed
1420 4380 1678 4440 tanquam
1716 4374 1767 4428 in
1786 4376 1949 4430 corde
1982 4378 2251 4442 membra,

683 4472 743 4518 et
767 4465 818 4516 in
848 4461 1062 4515 arboris
1091 4462 1274 4516 radice
1304 4477 1512 4525 ramus,
1539 4473 1590 4516 et
1632 4464 1771 4520 sicut
1801 4466 1936 4520 dixit
1968 4467 2248 4532 Dominus,

2361 3273 2517 3342 σῶμα
2546 3272 2678 3326 οὖσα
2713 3274 2946 3345 Χριστοῦ
2975 3276 3069 3329 καὶ
3098 3278 3233 3346 μέλη
3266 3280 3330 3331 ὲκ
3387 3279 3586 3349 μέρους
3607 3296 3624 3314 ο
3655 3280 3774 3349 ἥτις
3812 3283 3939 3333 τότε

2358 3359 2573 3426 ἐδέξατο
2605 3360 2826 3430 Πνεῦμα
2860 3363 2917 3414 τὸ
2957 3362 3133 3432 ἅγιον,
3170 3366 3308 3433 μετὰ
3339 3366 3397 3419 τὸ
3422 3366 3804 3437 ἀναληφθῆναι
3843 3369 3938 3421 τὸν

2360 3450 2598 3519 Χριστὸν
2624 3453 2703 3513 εἰς
2733 3452 2858 3514 τοὺς
2883 3454 3152 3524 οὐρανούς
3172 3472 3186 3487 ο
3217 3458 3310 3509 καὶ
3340 3455 3438 3509 νῦν
3471 3456 3683 3528 δέχεται
3709 3459 3808 3528 τὴν
3834 3461 3937 3512 δω-

2359 3558 2415 3611 ρε
2426 3543 2490 3594 ἀν
2505 3540 2597 3594 τοῦ
2622 3542 2775 3609 ἁγίου
2791 3544 2927 3596 Πνεύ
2938 3562 3127 3614 ματος,
3143 3547 3578 3618 προσδεχθέντων
3594 3549 3702 3602 τῶν
3718 3550 3935 3621 δώρων,

2354 3632 2507 3693 εἰςτδ
2529 3634 2914 3703 ὑπερουράνιον
2936 3637 3339 3708 θυσιαστήριον,
3359 3640 3936 3711 ἀντικαταπέμποντος

2357 3724 2527 3793 αὐτὴν
2556 3727 2688 3794 ήμϊν
2714 3724 2806 3778 τοῦ
2840 3727 3287 3798 προσδεξαμένου.
3311 3730 3481 3784 ταῦτα
3510 3731 3664 3793 Θεοῦ,
3690 3734 3831 3787 κατὰ
3864 3734 3936 3789 τὰ

2360 3814 2752 3883 προειρημένα,
2782 3816 2862 3867 ὅτι
2898 3818 3123 3889 μεσίτης
3152 3821 3178 3871 ὁ
3202 3819 3380 3886 αὐτὸς,
3402 3822 3496 3876 καὶ
3525 3823 3648 3874 τότε
3682 3826 3778 3876 καὶ
3810 3824 3928 3889 νῦν⁹

2360 3906 2450 3957 καὶ
2479 3906 2539 3957 τὸ
2566 3906 2699 3959 αὐτὸ
2732 3907 2975 3979 Πνεῦμα.

2935 4023 3183 4077 ΚΕΦΛΛ.
3217 4025 3343 4080 AH'.

2366 4130 2506 4184 Tim
2529 4134 2718 4200 λόγον
2743 4136 2812 4187 τὰ
2828 4138 3132 4220 μυστήρια
3158 4144 3496 4262 imitat-rma
3523 4143 3594 4211 τῆ
3612 4164 3631 4178 ~
3671 4145 3933 4203 Ἐκκᾲιιηο

2986 4223 3127 4262 acac
3154 4226 3182 4259 ε
3208 4226 3247 4260 σ
3276 4247 3290 4262 .

2986 4223 3127 4262 acac
3154 4223 3290 4262 εισι.

2986 4227 3091 4260 (na
3154 4227 3290 4262 εισι.

2429 4292 2761 4362 Σημαίνεται
2784 4294 2838 4347 δὲ
2863 4298 2896 4368 ή
2919 4227 3216 4367 Ἐκκλησία
3242 4302 3298 4354 ἂν
3320 4304 3430 4367 τοῖς
3459 4306 3801 4376 μυστηρίοις.
3828 4310 3930 4380 οὐχ

2359 4381 2435 4444 ὼς
2479 4385 2535 4435 ἐν
2572 4385 2881 4451 συμϐόλοις,
2921 4386 3035 4440 ἀλλ’
3069 4388 3142 4451 ὡς
3189 4391 3247 4443 ἑν
3284 4392 3482 4463 καρδίᾳ
3520 4395 3680 4465 μέλη,
3722 4397 3815 4449 καὶ
3853 4400 3930 4467 ὡς

2360 4476 2417 4525 ὲν
2445 4474 2572 4545 ῥίζῃ
2607 4476 2699 4528 τοῦ
2732 4476 2901 4544 φυτοῦ
2931 4479 3151 4544 κλάδοι,
3189 4483 3281 4536 καὶ
3320 4484 3569 4556 καθάπερ
3600 4488 3703 4557 ἔφη
3738 4491 3767 4543 ὀ
3817 4490 3933 4542 Κύ-

688 4565 951 4622 tanquam
986 4553 1040 4605 in
1079 4553 1188 4606 vite
1215 4552 1489 4622 palmites.
1526 4553 1639 4607 Non
1673 4555 1817 4610 enim
1850 4566 1935 4611 est
1956 4558 2044 4613 hic
2074 4561 2248 4613 solum

2361 4582 2493 4634 ριος,
2548 4566 2622 4628 ὡς
2668 4568 2723 4618 ἓν
2777 4570 3010 4640 ἀμπέλῳ
3058 4572 3331 4643 κλήματα.
3383 4577 3459 4628 Οὐ
3513 4552 3932 4649 γὰρτὸ-πώματος

692 4644 929 4698 nominis
965 4644 1299 4707 communio,
1357 4644 1439 4697 vel
1482 4645 1739 4715 analogia:
1792 4648 2108 4712 similitudo,
2157 4650 2251 4705 sed

688 4750 781 4788 res
811 4734 1021 4787 eadem.
1064 4732 1271 4788 Etenim
1309 4748 1506 4802 corpus
1547 4735 1744 4790 Christi
1784 4747 1835 4790 et
1880 4740 2101 4809 sanguis
2131 4757 2248 4818 my-

684 4824 884 4889 steria,
910 4825 1003 4879 sed
1038 4823 1291 4879 Ecclesia;
1318 4826 1430 4879 haec
1464 4838 1590 4881 sunt
1620 4829 1773 4882 cibus
1807 4839 1861 4883 et
1882 4845 2043 4886 verus
2064 4842 2248 4902 potus,

689 4922 745 4967 et
772 4928 959 4967 eorum
986 4914 1258 4982 particeps
1288 4915 1504 4982 effecta,
1544 4932 1650 4971 non
1678 4934 1739 4972 ea
1774 4931 1941 4974 mutat
1974 4922 2027 4976 in
2053 4938 2250 4994 corpus

688 5006 992 5059 humanum
1018 5006 1179 5060 veluti
1210 5008 1443 5068 aiiquem
1478 5009 1641 5063 alium
1675 5012 1878 5077 cibum,
1918 5016 2010 5068 sed
2047 5016 2162 5085 ipsa
2196 5018 2249 5071 in

689 5096 785 5152 illa
820 5106 1061 5152 mutatur
1085 5098 1426 5154 vincentibus
1456 5099 1525 5155 iis
1548 5116 1664 5170 quae
1698 5112 1823 5156 sunt
1845 5108 2247 5174 praestantiora.

687 5188 828 5243 Nam
862 5189 1023 5242 etiam
1074 5188 1277 5243 ferrum
1328 5207 1450 5245 cum
1483 5193 1603 5261 igne
1649 5193 1852 5249 habens
1897 5201 2251 5254 consuetudi-

689 5295 843 5345 nem,
876 5282 933 5334 lit
962 5281 1122 5351 ignis,
1160 5297 1265 5337 non
1301 5293 1481 5337 autem
1518 5285 1609 5337 dat
1655 5285 1761 5354 igni
1806 5295 1865 5340 ut
1894 5288 1963 5343 sit
2001 5288 2246 5353 ferrum;

688 5383 749 5427 et
784 5374 1237 5441 quemadmodum
1283 5377 1483 5430 ferrum
1530 5377 1944 5445 inﬂammatum,
1997 5397 2102 5435 non
2142 5382 2252 5435 l'er-

695 5478 841 5528 rum,
875 5462 968 5517 sed
998 5466 1174 5533 ignem
1203 5476 1389 5535 aperte
1436 5467 1703 5534 videmus,
1739 5468 1866 5523 ferri
1912 5472 2255 5540 proprietati-

689 5553 797 5608 bus
829 5557 1051 5609 omnino
1079 5556 1145 5610 ab
1180 5557 1305 5627 igne
1343 5558 1533 5614 deletis
1562 5576 1576 5613 :
1610 5561 1681 5613 ita
1711 5562 1873 5616 etiam
1915 5562 2116 5618 Christi
2157 5566 2254 5617 Ec-

687 5644 918 5698 clesium
967 5647 1011 5698 si
1070 5647 1193 5714 quis
1238 5648 1421 5703 videre
1466 5651 1719 5719 potuerit,
1752 5669 1815 5707 eo
1867 5653 1983 5723 ipso
2013 5656 2156 5722 quod
2198 5660 2245 5713 ei

692 5735 849 5789 unita
879 5748 979 5798 cst,
1018 5746 1171 5793 etest
1218 5741 1338 5807 ejus
1374 5743 1556 5796 carnis
1594 5744 1884 5813 particeps,
1932 5746 2065 5801 nihil
2102 5750 2249 5803 aliud

695 5826 894 5878 videbit
933 5842 1092 5895 qnpm
1130 5828 1304 5897 ipsum
1355 5846 1553 5901 corpus
1585 5835 1813 5889 Domini.
1845 5836 2077 5906 Propter
2110 5840 2249 5893 hanc

2351 4656 2587 4709 ἐνταῦθα
2614 4661 2867 4711 κοινωνία
2891 4660 3070 4728 μόνον,
3096 4662 3126 4731 ἦ
3154 4663 3413 4732 ἀναλογία
3428 4669 3763 4739 ὁμοιότητος,
3791 4670 3931 4724 ἀλλὰ

2354 4745 2677 4815 πράγματος
2733 4749 3022 4820 ταυτότης.
3083 4754 3193 4807 Καὶ
3247 4755 3357 4825 γὰρ
3422 4757 3582 4825 σῶμα
3640 4760 3731 4813 καὶ
3787 4756 3929 4829 αἷμα

2354 4838 2587 4908 Χριστοῦ
2623 4838 2691 4890 τὰ
2732 4843 3045 4911 μυστήρια·
3077 4843 3211 4897 ἀλλὰ
3248 4848 3314 4917 τῇ
3362 4846 3655 4920 Ἐκκλησία
3694 4850 3929 4919 Χριστοῦ

2353 4928 2524 4980 ταῦτα
2578 4927 2776 4998 βρῶσίς
2807 4931 2923 4983 ἐστι
2973 4934 3066 4984 καὶ
3100 4934 3252 4997 πόσις
3291 4936 3550 5007 ἀληθινήο
3586 4938 3679 4993 καί
3716 4942 3930 4995 τούτων

2359 5019 2678 5087 μετέχουσα,
2731 5023 2793 5073 οὐ
2843 5023 2976 5093 πρὸς
3026 5024 3366 5096 ἀνθρώπινον
3403 5031 3544 5084 αὐτὰ
3597 5035 3929 5101 μεταϐάλλει

2358 5109 2537 5178 σῶμα,
2573 5111 2825 5182 καθάπερ
2860 5113 2988 5166 ἄλλο
3020 5132 3071 5167 τι
3103 5118 3292 5181 σιτίον,
3330 5121 3446 5173 ἀλλ’
3478 5122 3617 5193 αὑτὴ
3652 5124 3929 5192 μεταϐάλ-

2355 5201 2503 5254 λεται
2546 5202 2623 5260 εἰς
2669 5204 2887 5271 ἐκεῖνα,
2940 5206 3049 5258 τῶν
3105 5213 3430 5274 κρειττόνων
3480 5214 3925 5281 ὑπερνικώντων.

2367 5291 2520 5345 Ἐπεὶ
2540 5295 2634 5346 καὶ
2656 5296 2874 5364 σίδηρος
2902 5299 3164 5367 ὁμιλήσας
3186 5305 3335 5371 πυρὶ,
3364 5304 3522 5368 αὐτὸς
3552 5306 3761 5374 γίνεται
3789 5308 3925 5377 πῦρ,

2356 5386 2416 5437 οὐ
2451 5385 2525 5455 τῷ
2559 5392 2692 5457 πυρὶ
2728 5389 2937 5441 δίδωσιν
2970 5387 3106 5443 εἶναι
3142 5394 3391 5463 σίδηρον·
3426 5397 3518 5450 καὶ
3555 5397 3801 5467 καθάπερ
3832 5402 3929 5452 τὸν

2356 5479 2779 5545 πυρακτωθέντα
2803 5481 3039 5551 σίδηρον,
3065 5484 3122 5537 οὐ
3147 5485 3383 5556 σίδηρον,
3406 5488 3541 5541 ἀλλὰ
3558 5489 3668 5558 πῦρ
3685 5490 3926 5561 ἀτεχνῶς

2357 5572 2589 5639 ὁρῶμεν,
2638 5573 2744 5624 τῶν
2773 5572 2865 5625 τοῦ
2903 5574 3121 5642 σιδήρου
3155 5576 3455 5645 ἰδιωμάτων
3485 5578 3588 5632 ὑπὸ
3616 5579 3709 5632 τοῦ
3751 5582 3926 5649 πυμς

2359 5662 2637 5725 παντελῶς
2661 5665 3087 5731 ἀφανιζομένων,
3118 5665 3258 5718 οἱτω
3289 5668 3377 5721 καὶ
3405 5670 3502 5739 τὴν
3529 5668 3764 5736 Χρισςσ]
3804 5672 3929 5725 Ἐκ-

2361 5754 2585 5821 κλητίαν
2608 5755 2667 5807 ,εἰ
2692 5772 2775 5816 τις
2811 5756 2937 5807 ἰδεῖν
2970 5755 3245 5825 δυνηθείη,
3288 5759 3407 5811 κατ’
3442 5761 3575 5813 αὐτὸ
3606 5762 3766 5815 τοῦτο
3800 5762 3925 5815 καθ’

2361 5844 2482 5895 ὅσον
2523 5844 2667 5913 αὐτῷ
2695 5845 2921 5913 ἥνωται,
2961 5848 3051 5898 καὶ
3087 5846 3193 5897 τῶν
3225 5850 3387 5901 αὑτοῦ
3424 5855 3637 5921 μετέχει
3677 5855 3925 5924 σαρκίον,
