4150 6312
731 367 755 423 li
772 366 839 427 50

1954 361 2259 419 Νιουωι
2309 363 2695 423 CABASlLKE

3884 372 3993 437 460

736 481 881 538 Nihil
909 478 1154 533 omnino.
1189 474 1325 545 Ergo
1359 472 1556 526 dixerit
1585 472 1889 541 quispiam:
1929 472 1981 524 Si
2006 474 2127 541 quis
2152 475 2313 526 etiam

2435 494 2498 540 τις
2531 479 2752 535 καὶτῶν
2794 479 3012 544 ζώντων
3050 483 3122 534 τὰ·
3149 485 3245 551 μὲν
3272 485 3327 536 ιν
3360 490 3417 555 τῇ
3457 487 3603 558 ψυχῇ
3658 489 3838 555 ἀγαοά
3872 491 3988 557 ἔχει

738 571 978 621 vivorum
1050 566 1187 619 bona
1232 565 1450 632 quidem
1496 577 1615 630 quae
1669 562 1811 614 dicta
1859 570 1986 613 sunt
2036 561 2090 613 in
2131 563 2310 615 anima

740 660 970 717 habeat,
1009 657 1073 709 atl
1113 655 1366 724 mysteria
1426 663 1604 706 autem
1671 667 1775 704 non
1812 652 2051 715 accedat,
2094 653 2313 705 habebit

740 751 886 804 illinc
918 749 1090 802 nihilo
1114 761 1271 801 secus
1320 745 1805 800 sanetiﬁcationem
1829 748 1853 795 ἲ
1888 743 2003 795 Non
2038 743 2267 811 quilibet
2297 760 2312 806 ;

742 840 836 894 sed
870 839 913 891 si
944 838 1070 907 quis
1101 853 1207 891 non
1259 846 1437 903 potest
1483 834 1837 902 corporaliter
1863 836 2140 895 accedere,
2175 834 2317 885 sicut

734 930 1121 983 defunctorum
1154 927 1367 983 animm.
1392 926 1579 993 quales
1617 923 1838 979 fuerunt
1861 923 1897 974 ii
1928 922 2019 989 qui
2046 922 2097 973 in
2131 922 2314 973 deser-

741 1021 815 1074 tis
850 1020 1112 1073 errabant
1136 1018 1413 1071 montibus
1436 1032 1530 1069 seu
1578 1014 1851 1084 speluncis
1880 1023 1933 1067 et
1957 1012 2316 1065 foraminibus

741 1126 919 1175 terrm,
948 1113 1040 1180 qui
1068 1114 1236 1164 altare
1271 1120 1364 1163 aut
1394 1108 1730 1163 sacerdotem
1758 1106 1906 1158 nullo
1939 1106 2101 1158 modo
2134 1104 2319 1156 videre

741 1212 1015 1274 poterant.
1045 1202 1151 1254 Eos
1173 1201 1318 1253 enim
1346 1198 1592 1252 Christus
1621 1199 1736 1265 ipse
1763 1212 1858 1248 uae
1883 1193 2321 1255 sanctiﬁcatione

742 1294 1098 1350 invisibiliter
1159 1291 1551 1345 sanetilicabat.
1611 1287 1887 1342 Undenam
1939 1294 2093 1353 putes
2143 1284 2324 1339 scire?

743 1386 899 1452 Quod
934 1387 1096 1439 vitam
1132 1385 1273 1437 intra
1305 1398 1362 1438 se
1426 1381 1719 1442 habebant,
1767 1394 1879 1431 non
1927 1376 2164 1432 habituri
2216 1373 2323 1427 nisi

747 1479 909 1547 hujus
975 1486 1163 1530 essent
1214 1474 1542 1529 sacramenti
1622 1470 1941 1541 participes.
2005 1471 2126 1538 Ipse
2180 1466 2324 1520 enim

746 1570 999 1625 Christus
1032 1568 1188 1630 dixit,
1231 1586 1247 1617 ι
1290 1565 1406 1619 Nisi
1440 1562 1781 1619 comederitis
1807 1575 2026 1615 carnem
2064 1557 2188 1611 Filii
2223 1558 2326 1610 bo-

749 1664 930 1722 miuts,
981 1669 1035 1711 ct
1066 1660 1312 1713 biberitis
1340 1659 1459 1726 ejus
1493 1656 1839 1724 sanguinem,
1898 1667 2008 1704 non
2056 1649 2328 1703 habebitis

749 1756 919 1807 vitam
947 1753 999 1805 in
1048 1752 1255 1804 vobis.»
1300 1750 1361 1803 Et
1398 1758 1455 1801 ut
1489 1750 1589 1801 hoc
1628 1746 1986 1815 Signiticaret,
2018 1742 2203 1794 multis
2235 1742 2329 1791 ho-

750 1858 870 1895 rum
902 1835 1219 1895 sanctorum
1270 1838 1417 1892 misit
1473 1836 1696 1905 angelos
1750 1835 1889 1887 dona
1950 1834 2203 1885 ferentes.
2266 1826 2324 1879 Si

750 1934 870 1999 quis
899 1943 1076 1986 autem
1113 1946 1237 1985 eum
1274 1938 1477 1999 posset,
1504 1929 1565 1982 ad
1595 1943 1829 1981 mensam
1864 1942 1971 1979 non
2006 1923 2321 1985 accesserit,

751 2025 866 2079 ﬁeri
894 2039 1001 2077 non
1035 2033 1214 2092 potest
1267 2032 1325 2074 ut
1353 2034 1471 2089 quae
1503 2036 1565 2073 ex
1608 2019 1686 2073 eis
1723 2018 1970 2087 provenit
2023 2014 2326 2069 sanctiﬁca-

752 2117 955 2168 tiouem
989 2122 1348 2181 assequatur;
1387 2126 1493 2167 n0n
1521 2111 1664 2179 quod
1716 2121 1823 2163 non
1851 2106 2083 2161 accessit
2119 2105 2323 2157 solum-

753 2205 932 2266 modo,
970 2204 1061 2257 sed
1105 2203 1249 2270 quod
1274 2218 1396 2256 cum
1432 2210 1637 2273 posset,
1672 2216 1779 2254 non
1816 2196 2086 2259 accessit;
2118 2202 2171 2248 et
2197 2208 2324 2262 pro-

754 2306 934 2362 pterea
987 2296 1191 2348 clarum
1220 2304 1326 2355 est,
1391 2294 1533 2362 quod
1601 2294 1759 2345 bonis
1792 2306 1910 2359 qum
1938 2288 2203 2341 debentur
2237 2300 2325 2339 sa-

752 2387 1067 2451 cramentis,
1098 2401 1324 2441 vacuam
1367 2385 1528 2438 habet
1551 2384 1815 2436 animam.

822 2480 952 2545 Qua:
993 2486 1078 2533 est
1104 2479 1248 2532 enim
1287 2477 1354 2529 ad
1391 2490 1661 2539 mensam,
1703 2472 2007 2529 adeundam
2046 2469 2323 2530 alacritas,

756 2569 973 2637 etquod
1001 2567 1330 2622 desiderium
1370 2565 1423 2619 in
1453 2580 1517 2619 eo
1558 2565 1801 2632 quicum
1853 2550 2009 2617 facile
2040 2571 2217 2629 potest
2260 2563 2325 2613 ad

755 2679 873 2716 eam
908 2662 1188 2721 accedere,
1224 2676 1331 2713 non
1372 2659 1522 2713 vult?
1561 2658 1820 2724 Quaenam
1851 2666 1933 2711 est
1969 2665 2149 2709 autem
2196 2653 2327 2706 ﬁdes

758 2753 812 2805 in
856 2752 1023 2805 Deum
1055 2750 1198 2819 apud
1229 2764 1351 2803 eum
1383 2749 1477 2818 qui
1515 2764 1626 2801 non
1675 2748 1829 2801 timet
1874 2746 2049 2800 minas
2100 2760 2219 2811 qua:
2272 2743 2325 2794 in

762 2844 975 2898 Domini
1011 2843 1187 2896 verbis
1217 2843 1335 2896 sitae
1367 2850 1514 2904 sunt,
1559 2841 1821 2894 adversus
1887 2853 1982 2892 eos
2038 2838 2129 2905 Qui
2192 2837 2329 2887 hanc

760 2948 969 2987 comam
1003 2932 1408 2987 contemnunt?
1456 2930 1744 2995 Quomodo
1771 2936 1949 2982 autem
1980 2941 2165 2980 amare
2212 2940 2331 2977 cre-

750 3026 938 3087 detur,
974 3022 1060 3076 cui
1088 3037 1210 3076 cum
1245 3022 1405 3074 liceat
1432 3021 1701 3089 accipere,
1749 3034 1855 3072 non
1908 3016 2162 3095 accepit?
2193 3015 2326 3068 Pro-

760 3126 942 3184 pterea
973 3130 1079 3167 non
1106 3122 1189 3167 est
1217 3128 1436 3177 novum,
1468 3113 1511 3165 si
1551 3111 1750 3165 animis
1782 3127 1810 3164 a
1839 3109 2161 3178 corporibus
2197 3108 2332 3159 libc-
2358 3135 2401 3196 C

762 3203 920 3267 ratis,
949 3217 1070 3271 qua:
1103 3201 1307 3256 nullius
1329 3200 1641 3268 hujusmodi
1698 3199 1813 3253 vitii
1875 3197 2183 3252 insimulari
2210 3210 2335 3264 pos-

766 3302 913 3357 sunt,
947 3294 1086 3346 hanc
1112 3307 1351 3347 mensam
1380 3292 1632 3345 Christus
1686 3289 1966 3359 impertiit.
2004 3286 2139 3340 Illud
2186 3286 2331 3339 enim

770 3400 966 3436 novum
996 3392 1081 3437 est
1105 3392 1157 3437 et
1184 3381 1527 3445 admirabile,
1582 3380 1726 3450 quod
1792 3379 1955 3431 homo
1986 3377 2075 3447 qui
2113 3378 2164 3429 in
2216 3389 2335 3427 cor-

768 3474 1025 3543 ruptione
1058 3482 1111 3526 et
1152 3472 1374 3525 interitu
1411 3478 1686 3535 versatur,
1720 3469 1788 3522 ab
1823 3468 2045 3521 interitu
2095 3466 2331 3519 alienum

771 3578 969 3632 corpus
996 3561 1273 3617 comedat:
1313 3562 1457 3630 quod
1492 3570 1669 3614 autem
1720 3558 1924 3622 anima,
1956 3571 2076 3627 qua:
2106 3564 2189 3609 est
2238 3554 2337 3606 im-

775 3653 1017 3709 mortalis
1049 3652 1375 3712 substantia,
1408 3652 1478 3705 sit
1518 3650 1638 3718 ejus
1685 3650 1829 3719 quod
1878 3656 1974 3703 .est
2033 3645 2335 3699 immortale

778 3744 1067 3812 particeps,
1108 3742 1269 3796 modo
1290 3742 1394 3797 sibi
1419 3739 1795 3804 conVeniente,
1850 3739 1978 3807 quid
2012 3735 2244 3789 mirum?
2278 3733 2337 3788 Si

777 3846 959 3893 autem
987 3838 1090 3890 hoc
1120 3851 1316 3891 novum
1380 3844 1435 3889 et
1486 3833 1825 3896 admirabile,
1856 3848 1952 3902 per
2006 3830 2335 3885 ineﬂubilem

782 3927 1169 3981 humanitatem
1207 3935 1260 3979 et
1290 3939 1544 3981 arcanam
1595 3924 1913 3994 sapientiam
1975 3922 2177 3976 invenit
2205 3934 2339 3988 quo-

782 4016 942 4070 modo
973 4015 1254 4085 perﬁceret
1278 4053 1294 4079 ,
1332 4014 1384 4067 id
1418 4012 1562 4083 quod
1591 4022 1675 4067 est
1715 4010 1995 4081 probabile
2029 4018 2081 4064 et
2112 4024 2341 4063 consen-

782 4117 1000 4159 taneum
1034 4103 1308 4173 quomodo
1351 4117 1452 4156 non
1484 4101 1663 4157 facere
1696 4101 1994 4155 credetur?

1377 4214 1530 4268 CAP.
1570 4211 1758 4266 XLIII.

822 4307 972 4372 Quod
1012 4307 1203 4360 anima:
1224 4307 1335 4375 ejus
1365 4308 1452 4374 qui
1483 4306 1859 4375 communicat,
1910 4303 1971 4371 ﬁt
2000 4300 2308 4369 principali-

1381 4387 1459 4428 ter
1489 4373 1855 4439 sanctiﬁcatio.

864 4467 1129 4531 Quoniam
1159 4474 1336 4519 autem
1370 4465 1437 4519 iis
1466 4466 1627 4518 etiam
1670 4465 1763 4529 qui
1788 4464 1964 4516 adhuc
2003 4463 2193 4516 vivunt
2225 4476 2345 4515 cum
2382 4470 2424 4524 ι)

792 4572 1043 4624 corpore,
1081 4558 1241 4609 datur
1264 4556 1479 4624 quidem
1512 4556 1711 4609 donum
1744 4570 1838 4623 per
1874 4554 2216 4622 eorpns,sed
2252 4555 2355 4621 pri-

801 4664 945 4699 mum
989 4647 1234 4715 pervadit
1270 4648 1323 4698 in
1376 4646 1568 4699 animae
1611 4646 1991 4707 substantiam,
2024 4657 2077 4697 et
2112 4661 2205 4715 per
2234 4647 2353 4699 ani.

800 4754 938 4791 mam
977 4740 1028 4789 in
1083 4752 1281 4805 corpus
1316 4734 1735 4797 transmittitur,
1786 4744 1838 4786 et
1891 4735 1992 4787 hoc
2044 4734 2353 4801 signiﬁcans

797 4830 983 4880 beatus
1037 4825 1270 4888 Paulus,
1311 4842 1329 4874 ι
1371 4822 1472 4889 Qui
1532 4821 1789 4880 adluit-ret.
1854 4822 2045 4890 inquit,
2102 4822 2351 4884 Domino,

797 4933 938 4971 unus
970 4924 1051 4969 est
1082 4917 1325 4984 spiritus,
1354 4932 1373 4964 ι
1412 4918 1595 4981 utpote
1623 4914 1762 4981 quod
1797 4914 1848 4965 in
1879 4914 2054 4966 anima
2100 4913 2274 4982 primo
2302 4922 2353 4966 et

795 5005 1169 5075 principaliter
1200 5004 1313 5056 haec
1345 5005 1476 5061 unio
1496 5012 1549 5055 et
1574 5001 1890 5070 coojunetio
1910 5003 2191 5056 consistat.

868 5095 982 5148 illic
1009 5095 1153 5147 enim
1184 5094 1399 5161 proprie
1456 5092 1667 5155 homo;
1732 5092 1841 5147 illic
1889 5094 2050 5145 etiam
2112 5092 2351 5147 sanctiﬁ-

797 5189 938 5241 catio
973 5199 1091 5254 qua:
1144 5184 1510 5249 proﬁciscitur
1562 5198 1627 5236 ex
1680 5182 1973 5237 virtutibus
2004 5192 2058 5237 et
2113 5184 2352 5237 humano

795 5278 993 5338 studio,
1022 5287 1077 5327 et
1114 5275 1240 5327 illud
1267 5274 1409 5342 quod
1456 5282 1662 5341 peccat.
1709 5272 1937 5343 Corpori
1962 5283 2138 5329 autem
2171 5277 2354 5328 omnia

796 5370 933 5421 ﬁunt
960 5382 1020 5417 ex
1052 5365 1230 5416 anima
1262 5381 1275 5427 ;
1307 5372 1360 5416 et
1382 5362 1835 5430 quemadmodum
1887 5378 1917 5416 α
1962 5365 2119 5422 malis
2152 5365 2355 5433 cogita-

797 5458 1033 5522 tionibus
1070 5469 1191 5521 qure
1240 5468 1306 5506 ex
1374 5453 1539 5507 corde
1602 5462 1819 5516 exeunt,
1885 5454 2219 5519 inquinatur,
2278 5456 2351 5507 ita

796 5550 954 5602 etiam
991 5546 1139 5597 illiue
1164 5554 1249 5596 est
1278 5543 1325 5595 ei
1379 5540 1769 5596 sanctiﬁcatio:
1834 5545 1975 5595 sicut
2009 5560 2128 5611 quae
2159 5559 2185 5597 a
2242 5546 2352 5598 vir.

799 5648 931 5698 tute,
967 5637 1036 5687 ita
1069 5634 1231 5686 etiam
1259 5648 1379 5700 qua:
1405 5646 1436 5684 α
1465 5632 1860 5685 sacramentis:
1894 5634 2139 5687 nonnulli
2168 5643 2349 5688 autem

798 5724 973 5780 morbi
1002 5725 1165 5776 etiam
1222 5718 1557 5788 corporales,
1616 5733 1846 5788 quorum
1884 5734 2045 5774 causa
2091 5720 2190 5772 fuit
2230 5720 2346 5775 aui-

2411 573 2481 621 τὲι
2528 573 2814 640 εἰρημένα,
2879 573 2953 642 μὴ
3016 576 3297 643 προσέλθοι
3354 579 3408 629 δὲ
3457 582 3570 635 τοῖς
3637 581 3985 649 μυστηρίοις,

2416 660 2523 722 ἕξει
2578 662 2668 712 τὸν
2725 664 2935 715 ἐκεῖθεν
2984 665 3253 733 άγιασμδι
3300 668 3453 720 οὐδὲν
3483 662 3675 737 ἦττον;
3726 670 3800 721 Οὐ
3840 673 3987 730 πᾶς·

2414 752 2528 805 ἀλλ’
2559 753 2610 803 εἴ
2632 769 2714 813 τις
2760 754 2818 804 οὖ
2870 755 3089 805 δύναται
3114 759 3394 824 προσιέναι
3418 761 3761 827 σωματικῶς,
3792 759 3989 827 ὥσπερ

2417 843 2473 893 αἱ
2518 843 2624 895 τῶν
2683 842 3021 910 τεθνηκότων
3060 845 3263 913 ψυχαί·
3318 842 3437 899 οἷον
3474 849 3783 915 γεγόνασιν,
3839 854 3890 901 οἱ
3930 852 3989 901 ἐν

2419 930 2673 999 ἐρημίαις
2699 930 3061 999 πλανώμενοι.
3101 935 3191 985 καὶ
3214 933 3383 1000 ὄρεσι,
3418 937 3511 987 καὶ
3545 934 3851 1000 σπηλαίοις,
3891 937 3989 986 καὶ

2420 1026 2539 1085 ταῖς
2563 1025 2720 1085 ὀπαῖς
2742 1025 2838 1091 τῆς
2868 1028 2987 1091 γῆς,
3017 1019 3094 1087 οἷς
3117 1025 3499 1095 θυσιαστήριον
3528 1030 3619 1079 καὶ
3649 1028 3798 1096 ἱερέα
3855 1030 3989 1080 ἰδεῖν

2421 1114 2702 1182 ἀμήχανον
2763 1110 2852 1184 ἦν.
2905 1116 3139 1176 Τούτους
3194 1120 3302 1184 γὰρ
3352 1116 3509 1177 αὐτὸς
3542 1121 3568 1167 6
3603 1119 3839 1183 Χριστὸς
3894 1118 3989 1169 τὸν

2424 1208 2691 1275 ἁγιασμδν
2720 1208 2941 1274 ἀφανῶς
2969 1208 3158 1277 ήγίαζε
3187 1226 3398 1262 τουτον.
3436 1208 3604 1263 Πόθεν
3632 1210 3823 1277 δῆλον;
3856 1210 3990 1263 Ὀτι

2424 1297 2570 1365 ζωὴν
2604 1293 2747 1367 ετχον
2787 1300 2845 1351 ἐν
2880 1302 3119 1361 ἑαυτοῖςο
3160 1301 3219 1351 οὐ
3254 1302 3360 1368 γάρ
3400 1300 3635 1368 ἔχοντες,
3689 1302 3736 1351 εί
3773 1304 3850 1369 μὴ
3890 1299 3987 1353 τοῦ

2431 1389 2731 1457 μυστηρίου
2782 1391 2971 1442 τούτου
3032 1394 3301 1459 μετεῖχον.
3354 1391 3523 1451 Αὐτὸς
3554 1392 3661 1456 γὰρ
3688 1391 3715 1442 6
3750 1391 3990 1459 Χριστος

2428 1478 2611 1533 εἶπεν
2650 1500 2667 1531 ι
2718 1480 2846 1533 Ἐὰν
2882 1482 2955 1551 μὴ
2986 1484 3196 1551 φάγητε
3226 1482 3325 1551 τὴν
3382 1482 3557 1551 σάρκα
3598 1483 3693 1534 τοῦ
3723 1482 3853 1533 Υἱοῦ
3896 1482 3992 1533 τοῦ

2430 1568 2740 1636 ἀνθρώπου,
2772 1574 2867 1624 καὶ
2897 1572 3056 1639 πίητε
3088 1571 3252 1625 αὐτοῦ
3277 1572 3335 1622 τὸ
3361 1566 3518 1639 αἷμα,
3547 1571 3645 1623 οὐκ
3673 1570 3822 1639 ἔχετε
3849 1569 3996 1636 ζωὴν

2431 1661 2488 1712 ὲν
2516 1660 2746 1720 ἑαυτοῖς.
2804 1678 2821 1711 ι
2879 1661 2986 1711 Καὶ
3037 1662 3125 1712 ἵνα
3173 1660 3332 1712 τοῦτο
3362 1661 3603 1728 σημάνῃ,
3636 1660 3850 1722 πολλοῖς
3884 1662 3999 1712 τῶν

2433 1752 2603 1818 ἁγίων
2624 1752 2832 1804 τούτων
2884 1752 3144 1818 ἀγγέλους
3170 1752 3375 1821 ἔπεμψε
3394 1753 3461 1805 τὰ
3479 1751 3625 1821 δῶρα
3644 1752 3994 1820 κομίζοντας.

2436 1844 2494 1896 ΕΙ
2538 1842 2593 1895 δέ
2640 1859 2719 1904 τις
2779 1843 3075 1911 δυνάμενος
3135 1844 3195 1895 οὐ
3252 1842 3541 1913 προσέλθοι
3593 1846 3658 1911 τῇ
3710 1842 3993 1911 τραπέζῃ,

2430 1934 2615 1986 τοῦτον
2648 1933 2741 1985 τοῦ
2774 1934 2904 2002 παρ’
2939 1933 3121 1995 αὐτοῖς
3165 1932 3443 2002 ἀγιασμοῦ
3481 1936 3667 2003 τυχεῖν
3709 1932 3994 1992 παντελῶς

2433 2025 2725 2077 ἀδύνατον·
2791 2026 2888 2093 οὐχ
2946 2025 3025 2075 ὅτι
3060 2024 3119 2076 οὑ
3164 2025 3472 2094 προσῆλθεν
3509 2025 3715 2087 ἁπλῶς,
3764 2023 3881 2074 ἀλλ’
3912 2023 3995 2073 ὅτι

2433 2116 2729 2182 δυνάμενος
2756 2116 2814 2167 οὗ
2844 2114 3121 2185 προσῆλθε
3148 2130 3161 2143 °
3196 2115 3291 2167 xui.
3310 2114 3400 2167 διὰ
3446 2114 3607 2167 τοῦτο
3630 2114 3789 2182 δῆλός
3820 2114 3994 2172 ἐστιν,

2433 2206 2513 2257 ὅτι
2533 2207 2638 2257 τῶν
2662 2206 3027 2274 ὀφειλομένων
3044 2205 3264 2273 ἀγαθῶν
3279 2208 3389 2269 τοῖς
3418 2206 3761 2277 μυστηρίοις,
3783 2205 3992 2273 ἔρημον

2432 2298 2547 2367 ἔχει
2574 2297 2671 2367 τὴν
2703 2297 2900 2366 ψυχήν.

2504 2475 2600 2536 Τίς
2636 2476 2744 2545 γὰρ
2776 2476 2920 2543 ὁρμὴ
2955 2473 3047 2527 καὶ
3076 2474 3353 2545 προθυμία
3393 2476 3521 2543 περὶ
3572 2474 3668 2542 τὴν
3713 2474 4002 2542 τράπεζαν

2434 2568 2586 2633 παρὰ
2612 2565 2688 2632 τῷ
2726 2566 3009 2633 δυναμένῳ
3040 2566 3237 2633 ῥαδίως
3273 2566 3499 2633 δραμεῖν
3536 2567 3623 2615 ἐπ’
3663 2566 3856 2632 αὐτὴν,
3907 2566 4002 2617 καὶ

2437 2658 2510 2726 μὴ
2540 2655 2879 2724 βουλοίιένηη
2914 2655 3008 2716 Τίς
3038 2655 3089 2706 δὲ
3119 2656 3298 2715 πίστις
3316 2656 3448 2724 πρὸς
3484 2656 3613 2707 θεὸν
3641 2656 3789 2723 παρά
3818 2654 3895 2723 τῷ
3928 2656 4003 2723 μὴ

2435 2746 2757 2815 φοϐουμένῳ
2783 2745 2881 2810 τὴν
2915 2750 2970 2798 ὲν
2994 2748 3103 2807 τοῖς
3136 2749 3341 2815 ῥήμασι
3374 2747 3465 2798 τοῦ
3500 2747 3704 2813 Κυρίου
3735 2747 4006 2811 κειμένην

2434 2834 2685 2906 ἀπειλὴν,
2722 2840 2833 2901 τοῖς
2856 2840 2915 2890 τὸ
2939 2839 3154 2891 δεῖπνον
3193 2838 3353 2890 τοῦτο
3402 2837 3743 2908 περιορῶσι;
3800 2837 3928 2898 Πῶς
3959 2835 4005 2887 δ’

2435 2929 2499 2981 ἂν
2528 2929 2846 2999 πιστευθείη
2878 2928 3075 2996 φιλεῖν,
3105 2929 3162 2988 ὃς
3185 2928 3375 2981 λαϐεῖν
3412 2928 3549 2990 ἐξὸν,
3596 2928 3653 2979 οὐ
3688 2927 4003 2994 λαμῗάνεῃ

2436 3020 2531 3071 Διά
2554 3019 2713 3071 τοῦτο
2745 3019 2898 3070 οὐδὲν
2949 3018 3155 3083 καινὸν,
3184 3019 3231 3069 εἰ
3266 3017 3534 3082 σωμάτων
3564 3017 4005 3084 ἀπολελυμέναις

2436 3110 2631 3177 ψυχαῖς
2666 3110 2691 3160 6
2723 3107 2978 3176 Χριστὸς,
3012 3102 3096 3168 αἷς
3125 3106 3381 3176 τοιαύτην
3432 3106 3699 3175 πονηρίαν
3741 3105 4008 3173 οὐδεμίαν

2440 3202 2689 3268 ἐγκαλεῖν
2737 3199 2870 3269 ἔχει,
2923 3202 3021 3267 τῆς
3073 3200 3351 3268 τραπέζης
3400 3199 3723 3267 μεταδίδωσι
3772 3197 4007 3266 ταύτης.

2452 3293 2660 3345 Ἐκεῖνο
2718 3290 2816 3359 μὲν
2863 3290 2969 3359 γάρ
3022 3288 3209 3341 καινὸν
3262 3290 3354 3339 καὶ
3401 3287 3701 3355 ὑπερφυὲς,
3738 3288 3787 3338 εί
3826 3287 4008 3355 φθορᾷ

2442 3384 2622 3449 συζῶν
2662 3382 2969 3453 ἄνθρωπος,
3006 3380 3285 3450 ἀκηράτου
3331 3379 3583 3447 σώματος
3620 3378 3815 3446 φάγοι·
3853 3377 3916 3428 τὸ
3954 3378 4009 3428 δὲ

2439 3473 2628 3525 οὐσίαν
2659 3472 2927 3524 ἀθάνατον
2956 3470 3072 3541 τὴν.
3113 3467 3291 3539 ψυχὴν
3336 3470 3606 3522 ἀθανάτου
3652 3468 4011 3537 μεταλαϐεῖν,

2440 3562 2529 3615 τὸν
2560 3560 2895 3631 κατάλληλον
2928 3562 3066 3630 αὐτῇ
3098 3560 3327 3629 τρόπον,
3354 3559 3407 3609 τί
3446 3558 3796 3626 θαυμαστόνς
3849 3555 3915 3608 ΕΞ
3953 3556 4010 3608 δὲ

2440 3650 2499 3702 τὸ
2541 3652 2724 3702 καινὸν
2779 3650 2939 3702 τοῦτο
2992 3650 3087 3703 καὶ
3128 3650 3406 3719 ὑπερφυὲς
3452 3649 3537 3703 διὰ
3592 3649 4010 3717 φιλανθρωπίαν

2442 3742 2671 3810 ἄφατον,
2701 3745 2795 3797 καὶ
2831 3743 3027 3812 σοφίαν
3050 3744 3363 3812 ἀπόρρητον
3383 3741 3604 3811 ἐξεῦρεν
3631 3744 3775 3802 ὅπως
3806 3742 4006 3811 ἀνύσῃ,

2440 3835 2502 3886 τὸ
2531 3834 2677 3900 είκδς
2708 3834 2885 3889 καὶτὸ
2916 3836 3211 3891 ἀκόλουθον
3240 3837 3436 3901 ποιεῖν,
3469 3833 3584 3897 πῶς
3616 3834 3674 3887 οὐ
3712 3832 4009 3886 πιστευθὲ-

2446 3940 2635 3989 σεται;

3008 4209 3259 4265 ΚΕΦΑΛ.
3307 4212 3440 4267 ΜΡ.

2450 4302 2569 4354 Ὅτι
2608 4300 2680 4369 τῇ
2718 4300 2899 4375 ψυχῇ-
2951 4303 3057 4355 τοῦ
3101 4304 3656 4375 μεταλαμϐάνοντος
3710 4317 4008 4375 προηγου-

2827 4371 3022 4438 μένως
3053 4376 3085 4425 ὁ
3107 4374 3397 4440 ἁγιασμὸς
3418 4373 3653 4426 artetur.

2536 4460 2689 4514 Ἐπεὶ
2722 4461 2815 4512 καὶ
2851 4462 3034 4523 αὐτοῖς
3072 4465 3185 4524 τοῖς
3226 4464 3304 4513 ἔτι
3374 4463 3513 4530 μετὰ
3572 4464 3824 4533 σώματος
3877 4466 4010 4528 ζῶσι

2456 4548 2655 4601 δίδοται
2690 4550 2788 4617 μὲν
2818 4549 2877 4601 τδ
2903 4549 3074 4618 δῶρον
3101 4550 3187 4601 διὰ
3211 4550 3303 4602 τοῦ
3335 4550 3610 4619 σώματος,
3647 4552 3765 4604 ἀλλ’
3800 4556 3879 4615 είς
3910 4558 4009 4623 τὴν

2457 4640 2642 4692 οὐσίαν
2677 4640 2891 4705 πρῶτον
2922 4643 3092 4709 χωρεῖ
3119 4642 3217 4709 τῆς
3244 4640 3443 4709 ψυχῆς,
3473 4642 3565 4693 καὶ
3592 4642 3677 4694 διά
3705 4643 3803 4712 τῆς
3833 4645 4011 4715 ψυχῆς

2457 4733 2548 4783 ἐπὶ
2572 4731 2631 4783 τὸ
2659 4730 2816 4799 σῶμα
2845 4732 3112 4783 διαϐαίνει
3136 4747 3151 4763 ⁶
3178 4732 3271 4784 καὶ
3296 4730 3452 4785 τοῦτο
3482 4733 3661 4800 δηλῶν
3681 4736 3709 4785 6
3740 4738 4012 4803 μακάριος

2468 4821 2789 4883 ’Λπόστολος
2812 4863 2825 4887 ,
2869 4840 2886 4872 ι
2935 4821 2995 4873 Ὀ
3028 4821 3365 4889 κολλώμενος
3394 4821 3472 4889 τῷ
3501 4822 3708 4891 Κυρίῳ,
3736 4824 3925 4891 φησιν,
3956 4825 4013 4876 ἓν

2457 4910 2674 4979 πνεῦμά
2700 4913 2841 4964 ἐστιν
2865 4927 2877 4941 ·
2930 4931 2947 4963 ι
2984 4912 3059 4973 ὡς
3095 4914 3151 4966 ὲν
3186 4916 3249 4981 τῇ
3274 4912 3418 4982 ψυχῇ
3451 4915 3878 4983 προηγουμένως
3916 4917 4013 4985 τῆς

2457 5004 2698 5064 ἑνώσεως
2738 5004 2963 5071 ταύτης,
2996 5004 3088 5056 καὶ
3124 5006 3221 5073 τῆς
3250 5006 3541 5071 συναφείας
3583 5009 4011 5076 συνισταμένης.

2539 5095 2685 5145 Ἐκεῖ
2713 5096 2820 5163 γάρ
2852 5095 3056 5162 κυρίως
3087 5096 3113 5147 6
3158 5095 3476 5165 ἄνθρωπος’·
3512 5098 3628 5148 ἐκεῖ
3671 5097 3767 5148 καὶ
3797 5098 3825 5148 6
3854 5099 4017 5164 ἀγκ-

2458 5184 2591 5253 σμδς
2655 5186 2681 5235 6
2737 5184 2846 5235 ἀπὸ
2895 5184 3004 5236 τῶν
3058 5185 3291 5253 ἀρετῶν,
3349 5186 3441 5238 καὶ
3492 5188 3591 5254 τῆς
3654 5186 4014 5258 ἀνθρωπίνης

2458 5272 2687 5337 σπουδῆς
2711 5287 2722 5299 ·
2762 5272 2852 5323 καὶ
2898 5273 2955 5323 τὸ
2996 5274 3305 5342 ἁμαρτάνον
3341 5276 3477 5340 ἐκεῖ,
3514 5275 3608 5328 καὶ
3650 5274 3711 5326 τὸ
3754 5275 4014 5342 δεόμενον

2455 5363 2552 5429 τῆς
2583 5361 2881 5429 θεραπείας
2911 5362 3017 5414 ἀπὸ
3054 5362 3159 5413 τῶν
3191 5361 3400 5432 δώρων,
3435 5366 3633 5418 ἐκεῖνο.
3672 5363 3760 5433 Τῷ
3798 5364 4013 5433 σώματι

2454 5451 2511 5503 δὲ
2543 5450 2715 5503 πάντα
2742 5451 2848 5503 ἀπὸ
2892 5452 2992 5519 τῆς
3020 5450 3197 5520 ψυχῆς
3228 5452 3433 5520 γίνεται
3457 5468 3471 5482 ·
3526 5452 3619 5505 καὶ
3655 5453 3844 5522 ὥσπερ
3899 5454 4013 5506 ἀπὸ

2455 5541 2560 5592 τῶν
2604 5543 2854 5609 πονηρῶν
2901 5544 3283 5611 διαλογισμῶν,
3330 5542 3437 5594 τῶν
3482 5544 3586 5594 ἀπὸ
3625 5545 3725 5611 τῆς
3782 5545 4011 5613 καρδίας

2455 5632 2823 5700 ἐξερχομένων
2853 5631 3161 5701 μολύνεται,
3190 5634 3329 5685 οὕτω
3354 5636 3443 5685 καὶ
3464 5637 3487 5685 6
3506 5636 3778 5702 ἁγιασμὸς
3801 5636 4011 5688 ἐκεῖθεν

2458 5720 2623 5790 αὑτῷ,
2655 5722 2900 5793 καθάπερ
2931 5725 2957 5775 6
2991 5724 3096 5776 ἀπδ
3136 5726 3233 5791 τῆς
3268 5725 3435 5791 ἐκρετῆ
3488 5741 3502 5753 ·
3559 5724 3703 5777 οὕτω
3761 5727 3855 5779 καὶ
3898 5728 4011 5782 ἀπὸ
