4150 6312
213 374 317 435 «ίῦῙ

1404 370 1798 431 [ΙΤΗΝΞΗΞ
1835 367 2270 427 EXPOSITIO.

3340 360 3445 427 662

210 484 323 531 τῶν
353 481 692 549 μυστηρὲων,
742 482 933 543 Ἐνίοις
962 482 1017 534 δὲ
1054 483 1364 551 σωματικαὶ
1389 483 1531 535 νόσοι
1556 482 1769 548 συμϐαίι

1886 492 1985 529 ιιιίρ
2021 478 2358 544 improbitas.
2388 475 2539 540 Quod
2581 476 2763 528 volens
2815 474 3124 554 signiﬁcare
3166 475 3447 530 St‘i't‘ﬂlﬂl'.

210 588 421 633 νουσιν,
460 572 638 622 αἰτίαν
675 570 894 639 ἔχουσαι
923 573 1021 640 τὴν
1078 573 1408 640 κακοήθειαν
1446 576 1535 640 τῆς
1561 573 1733 640 ψυχῆς

208 658 238 710 ὃ
267 664 512 728 σημᾶναι
544 661 864 729 βουλόμενος
894 664 920 712 6
963 662 1171 731 Σωτὴρ,
1204 662 1278 730 τῷ
1310 661 1645 727 Θεραπεῦσαι
1680 659 1776 728 τὴν

208 750 306 800 τοῦ
346 750 628 812 νοσοῦντος
663 751 863 819 ψυχὴν,
894 752 1030 821 ὅπερ
1061 746 1126 820 ἦν
1160 751 1265 805 τῶν
1298 752 1577 820 ἁμαρτιῶν
1610 753 1777 815 αὐτὴν

207 838 513 900 ἁπολύσαι,
558 841 619 891 τὸ
668 841 824 908 σῶμα
864 844 960 909 τῆς
1011 843 1323 912 ἀρρωστίας
1359 843 1677 909 ἀνέστησεν.
1716 843 1775 892 Εἰ

206 929 397 981 τοίνυν
427 931 549 983 οὐδὲ
581 932 716 1000 πρὸς
747 932 842 1002 τὴν
877 933 1143 1001 ὑποδοχὴν
1171 933 1265 985 τοῦ
1302 932 1575 1000 ἁγιασμοῦ
1608 933 1774 985 δεῖται

206 1021 301 1070 τοῦ
332 1021 592 1087 σώματος
619 1023 651 1089 ἡ
674 1021 842 1090 ψυχὴ,
874 1022 1006 1074 ἀλλὰ
1039 1023 1243 1090 ταύτης
1275 1023 1471 1090 μᾶλλον
1500 1023 1693 1086 ἐκεῖνο,
1724 1021 1775 1074 τί

207 1109 378 1159 πλέον
406 1111 505 1177 τῆς
542 1110 765 1177 τελετῆς
798 1110 1012 1179 ἔχουσιν
1046 1113 1098 1162 αἶ
1150 1113 1473 1181 μετέχουσαι
1525 1111 1775 1179 σώματος

202 1198 380 1264 ψυχαὶ
408 1202 520 1249 τῶν
555 1202 1016 1269 ἀπηὶλαγμένων,
1072 1204 1153 1255 ὅτι
1208 1203 1298 1256 τὸν
1350 1206 1498 1270 ἱέρεα
1552 1203 1772 1270 ὁρῶσιν,

205 1292 306 1340 καὶ
338 1290 472 1359 παρ’
506 1291 671 1342 αὐτοῦ
712 1294 775 1343 τὰ
808 1292 955 1362 δῶρα
989 1294 1267 1362 δέχονταις
1314 1294 1478 1345 Ἀλλὰ
1525 1296 1775 1345 κάκεῖναι

204 1380 297 1430 τὴν
326 1383 549 1432 αἰώνιον
578 1380 789 1451 ἔχουσιν
816 1384 965 1453 Ξερέα
993 1384 1165 1436 πάντα
1206 1386 1384 1437 ταῦτα
1409 1384 1601 1445 ἀὑταῖς
1633 1384 1777 1451 γινό-

206 1465 412 1535 μενον.¹
448 1470 505 1531 ὃς
567 1472 662 1523 καὶ
708 1472 815 1525 τῶν
869 1475 949 1526 ἔτι
1000 1474 1217 1537 ζώντων
1272 1478 1386 1536 τοῖς
1434 1474 1513 1536 ὡς
1558 1474 1774 1542 ἀληθῶς

203 1559 573 1625 λαμϐάνουσι,
600 1564 974 1630 μεταδίδωσιν.
1003 1566 1075 1616 Οὐ
1097 1566 1205 1634 γὰρ
1229 1567 1427 1627 πάντες
1450 1561 1531 1628 οἷς
1563 1565 1775 1619 δίδωσιν

200 1650 233 1700 ό
292 1650 480 1715 ἱερεὺς
534 1651 749 1720 ἀληθῶς
801 1654 1342 1720 μεταλαμϐάνουσιν·
1412 1654 1525 1707 ἀλλ’
1576 1658 1775 1707 ἐκεῖνοι

207 1739 366 1807 μόνοι
406 1740 642 1805 πάντως,
674 1739 753 1803 οἷς
797 1743 959 1806 αὐτὸς
998 1744 1209 1798 δίδωσιν
1239 1748 1266 1797 6
1294 1747 1543 1816 Χριστός.
1585 1747 1643 1797 Ὀ
1676 1746 1775 1815 μὲν

202 1833 319 1897 γὰρ
382 1822 586 1899 ίερεῧς,
624 1835 789 1885 πᾶσιν
852 1833 1035 1896 ἁπλῶς
1087 1836 1199 1896 τοῖς
1250 1836 1599 1906 προσιοῦσιν·
1640 1838 1667 1886 6
1721 1837 1776 1889 δὲ

208 1921 479 1988 Χριστὸς,
513 1924 625 1983 τοῖς
656 1923 827 1987 ἀξίοις
852 1925 946 1976 τοῦ
984 1929 1293 1995 μετασχεῖν.
1325 1928 1487 1981 Ὅθεν
1517 1928 1673 1995 δῆλον
1701 1929 1772 1992 ώς

203 2011 231 2058 ό
257 2011 433 2059 τελῶν
460 2012 557 2071 τὰς
582 2011 760 2081 ψυχὰς
793 2014 851 2065 τὸ
884 2017 1204 2085 μυστήριον,
1237 2019 1332 2070 καὶ
1364 2017 1629 2085 ἁγιάζων,
1681 2020 1774 2071 καὶ

205 2100 422 2163 ζῶντας
483 2102 574 2153 καὶ
624 2104 976 2173 τεθνηκότας,
1038 2108 1194 2175 μόνος
1231 2126 1312 2170 τις
1369 2110 1527 2173 αὑτός
1576 2112 1774 2163 ὲστινό

204 2192 426 2261 Σωτήρ.
502 2194 596 2246 Ἐκ
652 2195 714 2263 δὴ
767 2197 874 2247 ’ὧν
930 2200 1232 2269 εἰρημένων
1282 2202 1539 2256 ἁπάντων
1601 2204 1775 2256 ἐκεῖνο

205 2282 422 2345 γίνεται
467 2282 643 2350 δῆλον,
678 2284 761 2337 ὅτι
825 2285 1000 2338 πάντα
1049 2288 1149 2340 ὅσα
1202 2291 1279 2351 είς
1318 2290 1416 2357 τὴν
1465 2289 1617 2357 ἱερὰν
1649 2291 1773 2358 ἥκει

204 2371 455 2440 τελετὴν,
491 2372 647 2425 κοινὰ
676 2375 787 2425 ἐστι
835 2375 929 2427 καὶ
976 2375 1109 2437 ζῶσι
1147 2377 1239 2429 καὶ
1289 2379 1599 2448 τεθνηκόσι.
1662 2380 1771 2431 Καὶ

203 2461 317 2530 γὰρ
343 2464 411 2513 τὰ
448 2463 596 2514 αττια
630 2464 723 2516 τοῦ
756 2466 1053 2533 ἀγιασμοῦ,
1079 2467 1283 2535 ψυχικὰ
1312 2467 1445 2521 ὄντα
1474 2467 1654 2535 ἀγαθὰ
1678 2466 1771 2521 καὶ

202 2552 541 2619 ἀμφοτέροις
572 2554 833 2621 πρόσεστι
861 2570 874 2585 ·
907 2555 996 2608 καὶ
1022 2558 1082 2608 τὸ
1119 2558 1545 2627 προηγουμένως
1570 2557 1664 2610 καὶ
1696 2560 1771 2611 οἰ-

203 2642 373 2701 κείως
401 2642 525 2708 ἕχον
554 2643 689 2711 πρὸς
713 2643 803 2695 τὺν
834 2644 1125 2713 ἁγιασμόν,
1152 2648 1211 2699 τὸ
1236 2648 1366 2700 αὑτό
1393 2661 1408 2678 θ
1433 2647 1541 2714 καὶ]
1560 2648 1587 2699 6
1618 2648 1773 2714 ἁγιά-

205 2732 315 2793 ζων
358 2734 562 2800 ἱερεὺς,
615 2736 641 2786 6
669 2735 851 2797 αὑτός.
884 2734 1055 2788 Τοῦτο
1087 2738 1249 2804 μόνον
1284 2740 1398 2800 τοῖς
1448 2740 1505 2789 ἐν
1559 2740 1767 2806 σώματι

206 2824 343 2882 ζῶσι
396 2824 619 2890 προσὸν,
671 2824 732 2877 οὐ
799 2826 1021 2893 μέτεστι
1060 2829 1175 2891 τοῖς
1230 2828 1543 2892 ἀπελθοῦσι,
1571 2830 1627 2881 τὸ
1672 2828 1767 2883 καὶ

202 2917 332 2974 τοῦς
374 2914 626 2980 ἀναξίους
676 2915 785 2967 τῶν
819 2918 1136 2987 μυστηρίων
1191 2914 1515 2986 ἀγιάζέσοαι
1564 2921 1762 2985 δοκεῖν,

200 3006 283 3056 ὅτι
313 3006 383 3057 τὰ
429 3006 576 3074 δῖλρα
625 3006 701 3074 τῷ
736 3005 947 3074 σώματι
994 3006 1263 3077 δέχονται.
1310 3010 1463 3061 Ἐκεῖ
1494 3010 1600 3079 γὰρ
1643 3011 1762 3062 οὐδὲ

201 3097 495 3163 προσιέναι
550 3095 795 3161 δυνατὸν,
839 3098 892 3149 εῐ
943 3113 1025 3159 τις
1078 3099 1586 3168 ἀπαρασκευάστως
1627 3098 1758 3168 ἔχει,
1790 3119 1832 3178 C

200 3186 341 3237 ἀλλὰ
375 3184 759 3251 μόνοις-ἔξεστι
782 3186 895 3247 τοῖς
920 3184 1088 3249 ἀξίοις
1123 3188 1157 3255 ἡ
1192 3190 1449 3256 μετουσία
1478 3205 1491 3218 ’
1524 3188 1678 3241 τοῦτο
1708 3189 1763 3241 δὲ

199 3274 327 3327 οὐδὲ
364 3275 720 3343 προστίθησιν
743 3276 1018 3343 ἁγιασμόν
1048 3278 1162 3340 τοῖς
1198 3276 1365 3338 ζῶσιν
1442 3279 1574 3330 ἀλλά
1597 3280 1764 3331 τούν-

202 3365 389 3416 αντίον
428 3365 655 3416 κόλασιν
684 3366 797 3434 ἔχει
819 3364 917 3433 τὴν
945 3367 1200 3437 ἐσχάτην.
1233 3369 1343 3421 Καὶ
1366 3370 1455 3421 διὰ
1481 3370 1643 3421 τοῦτο
1671 3369 1764 3421 τοῦ

202 3457 397 3521 γένους
428 3452 551 3506 ’τῶν
583 3453 799 3514 ζώντων
839 3450 981 3507 εἶναι
1028 3455 1410 3525 πλεονέκτημα
1437 3456 1633 3508 πολλοῦ
1664 3457 1762 3510 δεῖ.

208 3545 331 3596 Ἐτι
362 3544 417 3595 δὲ
454 3546 545 3595 καὶ
568 3543 637 3595 δι’
659 3545 864 3597 ἐκεῖνον
888 3545 980 3597 τδν
1006 3547 1162 3613 λόγον
1188 3548 1420 3616 φανερὸν
1454 3549 1665 3613 γίνεται
1685 3550 1765 3601 ὅτι

204 3637 266 3688 οὐ
308 3636 473 3704 μόνον
500 3635 700 3698 ἔξεστι,
742 3636 835 3686 καὶ
863 3637 1015 3691 οὐδὲν
1039 3638 1151 3705 ἔχει
1202 3638 1450 3707 κώλυμα,
1512 3636 1626 3689 ἀλλ’
1687 3638 1765 3689 ὅτι

203 3729 301 3779 καὶ
330 3727 643 3792 ἀναγκαίως
672 3728 954 3781 ἀκολουθεῖ
976 3731 1093 3791 ταῖς
1109 3729 1308 3797 ψυχαῖς
1337 3731 1570 3791 ἐκείναις
1599 3731 1630 3797 ἡ
1659 3730 1767 3781 τῶν

205 3820 368 3889 ἱερῶν
418 3819 607 3890 δώρων
657 3820 978 3889 μετάληψις.
1020 3821 1089 3873 Εἰ
1119 3822 1217 3889 μὲν
1243 3822 1351 3889 γὰρ
1378 3821 1469 3872 καί
1499 3838 1549 3873 τι
1582 3820 1767 3889 ἕτερον

201 3906 270 3980 ἦν
293 3911 353 3963 τὸ
371 3912 469 3972 τὰς
498 3911 677 3983 ψυχὰς
724 3914 1016 3981 εὐφραῖνον
1059 3913 1151 3966 καὶ
1181 3912 1461 3965 ἀκιαπαῦον
1505 3914 1643 3976 ἐκεῖ,
1698 3908 1767 3980 ἦν

204 3999 268 4052 ἂν
298 4001 477 4052 ἐκεῖνο
501 4001 668 4068 γέρας
696 4003 815 4063 ταῖς
849 4000 1027 4066 ἀξίαις
1055 4001 1154 4069 τῆς
1220 4001 1614 4069 καθαρότητος⁴
1671 4002 1765 4051 καὶ

199 4090 303 4143 οὐκ
329 4090 393 4142 ἂν
419 4089 605 4158 ἐδέησε
640 4090 842 4159 ταύτης
872 4093 969 4159 τῆς
1002 4090 1284 4161 τραπέζης
1316 4090 1374 4153 ἐξ
1404 4094 1648 4160 ἀνάγκης
1671 4092 1765 4143 αὑ-

203 4185 343 4242 ταῖς.
397 4180 511 4232 Νῦν
560 4180 616 4232 δὲ
667 4182 727 4233 τὸ
773 4183 956 4234 πᾶσαν
997 4183 1207 4250 τρυφὴν
1247 4181 1342 4233 καὶ
1386 4181 1765 4249 μακαριότητα

201 4274 313 4333 τοῖς
354 4272 471 4325 ἐκεῖ
497 4274 807 4340 γενομένοις
840 4270 1228 4341 ἐργαζόμενον,
1284 4273 1392 4325 εἴτε
1442 4272 1766 4341 παράδεισον

201 4365 396 4425 εἴποις,
424 4362 531 4414 εἴτε
560 4362 795 4424 κόλπους
830 4362 1099 4431 Ἀϐραὰμ,
1128 4363 1235 4414 εἴτε
1260 4361 1435 4430 λύπης
1459 4362 1553 4415 καὶ
1574 4362 1764 4429 ὀδύνης

1881 570 1935 622 in
1958 569 2239 621 liberanda
2268 585 2294 619 a
2333 569 2526 620 morbo
2571 568 2773 629 anima,
2801 568 2946 636 quod
2975 576 3053 620 est
3085 580 3203 619 eam
3225 566 3452 620 liberare

1879 676 1905 712 a
1936 661 2192 726 peccatis,
2223 674 2250 711 a
2281 675 2513 727 corpore
2572 659 2943 712 infirmitatem
2982 659 3202 726 depulit.
3242 656 3295 710 Si
3318 674 3452 725 ergo

1879 764 1975 804 nec
2004 750 2066 802 ad
2094 750 2537 804 sanctificationis
2590 749 2809 818 quidem
2851 750 3249 817 susceptionem
3291 748 3452 803 Itubt't

1878 840 2056 894 anima
2088 854 2225 908 opus
2257 854 2508 907 corpore,
2545 840 2637 893 sed
2671 838 2803 891 illud
2860 854 2920 892 ea
2953 839 3153 909 potius,
3200 853 3297 891 cur
3328 850 3452 891 sunt

1879 931 2053 997 magis
2092 930 2337 1000 mysterii
2393 930 2683 999 participes
2731 930 2929 983 anima:
2980 944 3099 997 qua:
3140 944 3337 997 corpus
3362 930 3451 982 ba-

1878 1020 2027 1084 bent,
2060 1035 2220 1090 quam
2256 1035 2372 1089 qua:
2400 1021 2465 1073 ab
2486 1036 2549 1073 eo
2579 1029 2707 1074 sunt
2754 1020 2977 1073 liberte?
3013 1018 3167 1084 Quod
3204 1017 3454 1071 sacerdo—

1879 1120 1983 1163 tem
2014 1110 2221 1172 vident,
2254 1119 2307 1163 et
2328 1112 2394 1163 ab
2425 1126 2490 1163 eo
2521 1111 2945 1165 donasumunt?
2974 1109 3134 1178 Atqui
3164 1110 3265 1163 illae
3288 1110 3450 1162 etiam

1879 1199 2081 1253 habent
2114 1209 2373 1253 aeternum
2413 1200 2781 1262 sacerdotem,
2833 1200 3138 1268 qui-omnia
3164 1199 3244 1253 eis
3276 1198 3452 1253 factus

1878 1298 1978 1351 est,
2016 1280 2109 1358 qui
2143 1289 2303 1341 etiam
2336 1289 2403 1342 iis
2428 1290 2519 1357 qui
2555 1305 2619 1342 ex
2649 1290 2783 1343 vivis
2813 1305 2936 1343 vere
2964 1298 3212 1352 sumunt,
3246 1291 3452 1357 imper-

1878 1379 1960 1433 tit.
1999 1378 2111 1432 Non
2145 1380 2288 1432 enim
2313 1394 2503 1433 omnes
2538 1380 2733 1447 quibus
2778 1380 2869 1433 dat
2899 1381 3182 1442 sacerdos,
3215 1396 3343 1433 vere
3375 1380 3451 1447 (I)

1879 1478 2125 1530 sumunt,
2168 1470 2260 1523 sed
2287 1470 2361 1522 illi
2395 1470 2620 1523 omnino
2674 1470 2772 1523 soli
2806 1470 3004 1538 quibus
3037 1469 3264 1539 datipse
3301 1470 3453 1523 Chri-

1879 1566 2017 1614 stus.
2059 1557 2327 1613 Sacerdos
2369 1560 2509 1613 enim
2542 1561 2815 1622 omnibus,
2848 1570 2907 1613 ut
2936 1561 3100 1614 semel
3133 1560 3331 1620 dicam,
3360 1562 3449 1626 qui

1877 1650 2159 1711 accedunt,
2188 1648 2441 1704 Christus
2476 1653 2782 1705 autem'dat
2810 1652 2875 1705 iis
2937 1652 3113 1706 solum
3149 1651 3240 1720 qui
3285 1650 3451 1717 parti—

1879 1739 2021 1806 cipes
2052 1753 2168 1793 esse
2190 1740 2337 1807 digni
2371 1750 2517 1795 sunt.
2559 1742 2709 1796 Unde
2752 1742 2959 1796 clarum
2992 1753 3095 1804 est,
3157 1741 3304 1811 quod
3357 1741 3449 1809 qui

1882 1830 2090 1885 animas
2121 1840 2463 1884 sacramento
2529 1814 2740 1901 perlicit
2798 1843 2851 1886 et
2874 1834 3195 1896 sanctificat,
3220 1842 3273 1885 et
3296 1834 3452 1885 vivos

1878 1928 1930 1972 et
1953 1929 2222 1985 mortuos,
2251 1921 2397 1975 solus
2425 1930 2509 1976 est
2540 1923 2653 1991 ipse
2674 1932 2942 1977 servator.
2971 1922 3043 1976 Ex
3079 1922 3238 1977 dictis
3264 1922 3454 1988 utique

1876 2008 2132 2061 onmibus
2184 2008 2243 2061 fit
2270 2009 2397 2063 illud
2428 2010 2799 2075 manifestum,
2843 2012 2989 2081 quod
3018 2026 3355 2080 quaecunque
3385 2012 3451 2064 ad

1876 2100 2016 2153 sacri
2053 2101 2298 2169 mysterii
2325 2101 2746 2156 celebrationem
2793 2104 3085 2173 pertinent,
3152 2113 3450 2157 suntcom-

1875 2190 2060 2242 munia
2090 2199 2143 2244 et
2174 2190 2311 2245 vivis
2341 2200 2396 2245 et
2431 2194 2684 2248 mortuis.
2725 2194 2916 2249 Causa:
2953 2197 3099 2249 enim
3144 2196 3453 2249 sanctiﬁca-

1877 2278 2066 2344 tionis,
2098 2295 2220 2333 cum
2250 2283 2315 2335 ad
2351 2282 2590 2336 animam
2637 2285 2965 2353 pertineant,
3005 2286 3168 2340 etiam
3201 2287 3452 2355 utrisque

1870 2370 2099 2435 insunt;
2131 2378 2182 2423 et
2216 2371 2267 2424 id
2298 2372 2443 2440 quod
2491 2374 2666 2441 primo
2716 2384 2771 2429 et
2816 2377 3188 2445 principaliter
3232 2386 3285 2431 et
3332 2393 3452 2448 pro-

1873 2459 1990 2537 prie
2056 2461 2543 2517 sanctilicationem
2594 2465 2840 2533 suscipit,
2893 2467 3056 2533 idem,
3086 2476 3143 2521 et
3197 2470 3451 2522 sacerdos

1873 2550 1967 2619 qui
2003 2552 2329 2618 sanctiﬁcat,
2366 2554 2506 2608 idem
2535 2571 2548 2609 :
2583 2558 2727 2624 quod
2774 2558 2950 2611 solum
2979 2559 3131 2613 adest
3157 2559 3221 2614 iis
3251 2562 3342 2629 qui
3376 2562 3453 2612 vi-
3496 2592 3515 2599 ιι

1872 2650 2009 2695 vant
2040 2641 2094 2694 in
2127 2657 2378 2711 corpore,
2414 2659 2519 2697 non
2554 2657 2637 2700 est
2663 2647 2717 2699 in
2782 2648 2847 2701 iis
2892 2649 2983 2717 qui
3022 2650 3214 2707 evivis
3259 2666 3452 2706 exces-

1871 2739 2098 2796 serunt,
2135 2741 2195 2785 ut
2228 2734 2391 2786 etiam
2428 2734 2519 2802 qui
2563 2738 2838 2804 mysteriis
2874 2738 3089 2807 indigni.
3127 2750 3271 2805 sunt,
3302 2742 3453 2795 vide-

1870 2828 2034 2874 antur
2071 2823 2420 2888 sanctiiicari,
2454 2825 2715 2893 quoniam
2763 2826 2901 2880 dona
2934 2843 3030 2883 ore
3050 2840 3298 2885 sumunt.
3333 2830 3450 2887 lliie

1869 2911 2010 2964 enim
2039 2927 2139 2965 nec
2172 2914 2433 2969 accedere
2464 2915 2683 2983 quidem
2736 2926 2913 2985 potest
2966 2920 3260 2988 quispiam,
3295 2923 3339 2976 si
3381 2924 3450 2976 sit

1866 3000 2185 3069 imparatus,
2208 2990 2302 3057 Sed
2330 3004 2460 3059 solis
2484 3004 2549 3058 iis
2573 3006 2665 3074 qui
2698 3006 2842 3076 digni
2888 3016 3035 3073 sunt,
3096 3011 3255 3063 datur
3283 3013 3451 3079 parti-

1867 3092 2103 3161 cipatio;
2137 3094 2241 3147 hoc
2270 3104 2448 3149 autem
2503 3111 2611 3149 non
2643 3097 2832 3151 tribuit
2885 3098 3021 3153 vivis
3063 3101 3447 3155 sanctiﬁcatio-

1868 3192 2016 3244 nem,
2070 3185 2164 3238 sed
2217 3194 2405 3239 contra
2470 3187 2632 3241 habet
2685 3187 2931 3241 ultimum
2984 3190 3331 3259 supplicium,
3388 3180 3466 3260 οι,

1866 3285 2149 3343 propterea
2194 3276 2423 3329 multum
2465 3278 2617 3331 abest
2658 3288 2716 3331 ut
2760 3278 3011 3333 vivorum
3071 3296 3241 3349 genus
3269 3283 3441 3337 siteis

1870 3367 1975 3422 hac
2026 3382 2084 3421 re
2128 3369 2399 3433 superius.
2461 3368 2749 3437 Propterea
2802 3378 2985 3424 autem
3033 3371 3193 3425 etiam
3223 3383 3447 3442 pr0pter

1870 3459 2014 3511 illam
2074 3458 2341 3512 rationem
2381 3459 2588 3513 clarum
2615 3468 2721 3521 est,
2774 3462 2917 3529 quod
2950 3475 3058 3515 non
3082 3462 3261 3516 solum
3305 3462 3433 3518 licet

1867 3550 2086 3619 etquod
2117 3549 2253 3603 nihil
2299 3560 2464 3613 velat,
2499 3551 2591 3604 sed
2625 3550 2789 3605 etiam
2835 3552 2981 3620 quod
3041 3553 3159 3608 illas
3228 3554 3441 3607 animas

1867 3642 2173 3697 necessario
2198 3644 2550 3711 consequitur
2581 3652 2893 3698 sanctorum
2946 3646 3212 3699 donorum
3266 3648 3438 3716 parti-

1866 3730 2087 3798 cipatio.
2125 3728 2181 3783 Si
2210 3732 2353 3785 enim
2391 3742 2536 3786 esSet
2558 3732 2766 3801 aliquid
2791 3733 2959 3799 aliud,
2999 3735 3143 3803 quod
3182 3734 3289 3789 illic
3322 3737 3438 3790 ani-

1867 3823 1970 3875 mis
1992 3829 2047 3875 et
2120 3822 2536 3876 delectatibnem
2574 3834 2628 3878 et
2689 3826 2925 3892 quietem
2964 3826 3246 3895 praberet,
3293 3838 3437 3883 cssvt

1867 3907 1999 3962 illud
2051 3910 2330 3978 praemium
2374 3911 2441 3964 iis
2486 3927 2607 3979 qua:
2650 3927 2800 3980 pura:
2856 3922 2982 3967 sunt
3019 3922 3073 3966 et
3124 3915 3440 3976 mundm,et

1867 4014 1975 4053 non
2019 3999 2098 4054 eis
2129 4000 2231 4053 hac
2267 4015 2453 4053 mensa
2508 4003 2824 4055 necessario
2881 4016 3020 4071 Opus
3066 4011 3250 4067 esset;
3290 4019 3437 4057 nunc

1868 4098 2043 4143 autem
2084 4088 2133 4142 id
2164 4090 2309 4160 quod
2349 4105 2563 4157 omnem
2599 4092 2928 4159 voluptatem
2960 4101 3015 4145 et
3043 4092 3433 4146 beatitudinem
3475 4152 3479 4156 ,

1867 4183 1933 4236 iis
1966 4181 2055 4250 qui
2087 4170 2194 4235 illic
2232 4192 2379 4248 sum,
2413 4184 2602 4247 efﬁcit,
2638 4182 2753 4237 sive
2784 4183 2934 4236 dicas
2960 4182 3294 4252 paradisum,
3318 4184 3434 4237 sive

1866 4271 2041 4323 sinum
2065 4272 2314 4336 Abrabzc,
2337 4271 2448 4325 sive
2470 4272 2536 4326 ab
2556 4273 2703 4325 omni
2751 4271 2940 4326 dolore
2965 4281 3019 4325 et
3051 4272 3266 4325 tristitia
3295 4288 3431 4340 pura

1866 4369 1920 4412 ct
1949 4360 2125 4414 lucida
2152 4368 2205 4413 et
2229 4360 2420 4415 viridia
2453 4370 2507 4415 et
2526 4359 2902 4431 refrigerantia
2931 4363 3068 4423 loca,
3107 4362 3223 4415 sive
3244 4361 3428 4431 ipsum

200 4453 421 4519 ἁπάσης
449 4450 722 4519 καθαροὺς
769 4454 860 4506 καὶ
904 4452 1198 4518 φωτεινοὺς
1245 4454 1339 4503 καὶ
1376 4451 1631 4520 χλοεροῦς
1664 4452 1757 4502 καὶ

1871 4466 2108 4519 regnum,
2134 4452 2268 4505 nihil
2298 4459 2380 4505 est
2409 4451 2555 4506 aliud
2582 4466 2743 4520 quam
2776 4453 2864 4504 hic
2884 4455 3023 4504 calix
3044 4460 3097 4505 et
3126 4451 3213 4506 hic
3240 4453 3426 4521 panis.

202 4546 574 4613 ἀναψύχοντας
598 4546 813 4607 τόπους,
841 4543 949 4595 εἴτε
976 4544 1072 4611 τὴν
1098 4543 1374 4611 βασιλείαν
1400 4544 1589 4611 αὑτήν·
1624 4545 1775 4596 οὐδὲν
1810 4545 1994 4612 ἕτερόν
2018 4547 2163 4595 ἐστιν
2201 4543 2233 4609 ἦ
2272 4546 2429 4595 τοῦτο
2462 4543 2522 4595 τὸ
2565 4542 2857 4611 ποτήριον,
2892 4543 2984 4594 καὶ
3009 4537 3163 4604 οὗτος
3191 4545 3218 4594 ό
3240 4542 3425 4613 ἄρτος.

270 4635 456 4687 ταῦτα
484 4654 589 4706 γαρ
616 4640 641 4689 6
674 4636 919 4704 μεσίτης,
949 4638 974 4687 ὁ
1002 4636 1303 4704 πρόδρομος
1332 4635 1471 4705 ὑπὲρ
1500 4636 1654 4704 ἡμῶν
1682 4639 1759 4698 εἰς

201 4728 267 4779 τὰ
296 4729 453 4791 Ξιγια,
485 4728 512 4777 6
548 4728 702 4794 μόνος
731 4726 878 4790 ἄγων
906 4729 983 4786 εἰς
1016 4724 1105 4778 τὸν
1131 4728 1368 4793 Πατέρα,
1398 4730 1424 4778 ὁ
1460 4729 1617 4794 μόνος
1648 4729 1756 4780 τῶν

197 4818 386 4888 ψυχῶν
413 4818 581 4882 ἥλιος,
610 4835 705 4868 νυν
736 4817 835 4883 μὲν
862 4816 1005 4869 οὕτω
1046 4818 1373 4884 φαινόμενος
1410 4820 1500 4869 καί
1535 4821 1757 4887 μετεχό-

202 4925 383 4977 μενος,
411 4906 484 4969 ώς
504 4907 765 4975 ἠθέλησεν
794 4907 973 4972 αὐτὸς,
999 4910 1105 4967 τοῖς
1126 4908 1363 4976 δεσμίοις
1394 4910 1490 4976 τῆς
1524 4912 1754 4977 σαρκός·

198 5003 320 5052 τότε
371 4998 427 5050 δὲ
478 4999 844 5066 όιρθησὸμενος
895 5002 990 5051 καὶ
1041 5000 1581 5071 μεταληφϐησόμενος
1631 5001 1757 5054 ἄνευ

201 5089 714 5156 παραπετασμάτων
738 5104 751 5115 ’
782 5090 869 5140 ὅτε
900 5089 1140 5157 ὀψόμεθα
1166 5092 1347 5151 αὑτὸν,
1387 5092 1540 5156 φησι,
1574 5090 1753 5151 καθώς

197 5183 345 5231 ἐστιν
376 5194 389 5207 ·
421 5180 508 5230 ὅτε
540 5178 613 5238 ti);
646 5178 842 5246 πτῶμα
890 5180 1213 5245 συγκαλὲσει
1252 5180 1376 5239 τοὺς
1407 5181 1593 5238 ἀετούς
1619 5195 1631 5209 ο
1665 5180 1753 5229 ὅτε

201 5267 563 5337 περιζώσεται
611 5268 703 5317 καὶ
745 5269 1023 5320 ἀνακλινεῖ
1070 5270 1285 5330 αὐτοὺς,
1328 5272 1423 5320 καὶ
1465 5268 1753 5337 παρελθὼν

195 5361 511 5427 διακονήσει
557 5357 741 5419 αὐτοῖς
765 5374 777 5387 ·
808 5360 897 5410 ὅτε
940 5361 1031 5409 ἐπὶ
1060 5361 1166 5411 τῶν
1200 5360 1439 5426 νεφεὶῶν
1464 5359 1750 5426 ἀστράψει,

197 5451 290 5501 καὶ
318 5449 384 5499 δι’
412 5448 591 5499 αὐτῶν
623 5446 924 5515 λάμψουσιν
950 5449 998 5498 οἱ
1039 5447 1235 5500 δίκαιοι
1267 5449 1338 5509 ὡς
1369 5450 1535 5515 ἣλιος.
1568 5447 1753 5513 Τούτῳ

268 5642 343 5705 tl)
374 5639 715 5703 Cauteicgc;
762 5637 957 5689 etenim
989 5636 1181 5695 Gt'zeci,
1234 5646 1287 5687 et
1344 5638 1428 5687 hic
1468 5636 1749 5689 Czrlnasi‘as

194 5720 342 5763 recte
369 5708 615 5763 sentiunt
645 5708 707 5759 dc
741 5722 861 5759 vera
913 5716 963 5759 et
1008 5708 1136 5758 rcati
1183 5707 1463 5771 praesentia
1511 5707 1752 5771 corporis

1936 4636 2059 4689 llaec
2090 4636 2231 4688 enim
2293 4642 2420 4688 sunt
2476 4636 2832 4696 intercessor,
2876 4635 2966 4703 qui
3022 4651 3118 4701 pro
3158 4636 3313 4687 nobis
3373 4638 3426 4687 in

1865 4735 2051 4779 sancta
2086 4725 2189 4779 fuit
2230 4740 2560 4795 prmcursor,
2587 4728 2677 4795 qui
2710 4726 2858 4779 solus
2895 4726 3045 4778 ducit
3080 4725 3145 4778 ad
3185 4725 3425 4784 Patrem,

1864 4818 1957 4885 qui
1991 4818 2140 4871 solus
2185 4818 2263 4869 sol
2288 4819 2618 4881 animarum,
2650 4818 2741 4883 qui
2777 4831 2921 4869 nunc
2950 4816 3169 4883 quidem
3205 4826 3427 4882 apparet

1865 4916 1918 4959 ct
1944 4907 2320 4973 participatur,
2352 4916 2409 4958 ut
2455 4906 2569 4974 ipse
2619 4908 2808 4969 voluit,
2857 4908 3030 4957 velata
3064 4921 3227 4957 carne
3257 4921 3268 4956 :
3299 4913 3427 4955 tunc

1864 5007 2041 5050 autem
2073 4998 2343 5051 videbitur
2362 5007 2413 5053 et
2444 4998 2853 5065 participabitur
2880 4999 2998 5050 sine
3028 4997 3178 5055 velis,
3205 4996 3423 5065 quando

1864 5087 2164 5140 videbimus
2202 5087 2375 5153 ipsum
2398 5088 2540 5142 sicut
2571 5098 2673 5150 est,
2697 5088 2914 5155 quando
2946 5087 3009 5139 ad
3040 5087 3270 5139 cadaver
3293 5102 3423 5137 cnu-

1865 5178 2079 5230 vocabit
2114 5178 2350 5245 aquilas,
2386 5178 2601 5245 quando
2624 5177 2973 5240 succingctur
3028 5185 3082 5227 et
3132 5189 3224 5229 eos
3257 5173 3422 5227 faciet

1863 5268 2226 5329 discumbere,
2260 5278 2308 5319 et
2345 5272 2613 5320 accedens
2659 5266 3161 5333 tninistrabitipsis,
3200 5265 3418 5332 quando

1864 5352 2093 5419 fulgebit
2122 5354 2173 5404 in
2213 5354 2470 5417 nubibus,
2524 5362 2577 5405 et
2608 5368 2703 5421 per
2748 5369 2869 5406 eum
2928 5354 3055 5421 justi
3100 5352 3416 5418 resplende-

1864 5444 1998 5496 bunt
2033 5456 2089 5497 ut
2122 5446 2221 5497 sol.
2270 5443 2338 5497 Ut
2365 5446 2411 5498 ei
2438 5446 2735 5513 conjuncti,
2768 5455 2825 5497 ut
2865 5451 3013 5497 novit
3068 5456 3251 5496 mensa
3280 5455 3415 5494 con-

1859 5636 2068 5687 Domini
2098 5638 2147 5685 iu
2213 5636 2570 5691 Eucharisua.
2627 5639 2851 5701 Forsan,
2876 5653 3009 5699 rcre,
3047 5635 3294 5704 intelligit
3328 5634 3415 5689 di-

1859 5722 1959 5772 gne
2006 5718 2055 5757 ct
2091 5704 2389 5759 ft'uctunsc.
