  <div class='ocr_page' id='page_1' title='image "/cluster/home/n/w/nwhite01/storage/ocr_20150623/150/pst.000005714704/258.png"; bbox 0 0 4150 6312; ppageno 0'>
   <div class='ocr_carea' id='block_1_1' title="bbox 188 453 302 514">
    <p class='ocr_par' dir='ltr' id='par_1_1' title="bbox 188 453 302 514">
     <span class='ocr_line' id='line_1_1' title="bbox 188 453 302 514; baseline -0.035 0"><span class='ocrx_word' id='word_1_1' title='bbox 188 453 302 514; x_wconf 65' lang='grc' dir='ltr'><strong>ὶίῦ</strong></span> 
     </span>
    </p>
   </div>
   <div class='ocr_carea' id='block_1_2' title="bbox 1375 458 2239 523">
    <p class='ocr_par' dir='ltr' id='par_1_2' title="bbox 1375 458 2239 523">
     <span class='ocr_line' id='line_1_2' title="bbox 1375 458 2239 523; baseline -0.005 -2"><span class='ocrx_word' id='word_1_2' title='bbox 1375 461 1768 523; x_wconf 70' lang='grc' dir='ltr'><strong>[ΙΤΠΒᾶΙίΕ</strong></span> <span class='ocrx_word' id='word_1_3' title='bbox 1812 458 2239 522; x_wconf 76' lang='lat' dir='ltr'><strong>EXPOSITIO.</strong></span> 
     </span>
    </p>
   </div>
   <div class='ocr_carea' id='block_1_3' title="bbox 3323 437 3426 501">
    <p class='ocr_par' dir='ltr' id='par_1_3' title="bbox 3323 437 3426 501">
     <span class='ocr_line' id='line_1_3' title="bbox 3323 437 3426 501; baseline -0.049 -1"><span class='ocrx_word' id='word_1_4' title='bbox 3323 437 3426 501; x_wconf 61' lang='lat'><strong>1:65</strong></span> 
     </span>
    </p>
   </div>
   <div class='ocr_carea' id='block_1_4' title="bbox 185 557 1774 644">
    <p class='ocr_par' dir='ltr' id='par_1_4' title="bbox 185 567 1761 644">
     <span class='ocr_line' id='line_1_4' title="bbox 185 567 1761 644; baseline 0.005 -25"><span class='ocrx_word' id='word_1_5' title='bbox 185 567 332 620; x_wconf 76' lang='grc' dir='ltr'><strong>ἀλλὰ</strong></span> <span class='ocrx_word' id='word_1_6' title='bbox 368 569 460 621; x_wconf 78' lang='grc' dir='ltr'><strong>καὶ</strong></span> <span class='ocrx_word' id='word_1_7' title='bbox 492 571 640 636; x_wconf 83' lang='grc' dir='ltr'><strong>σφῶν</strong></span> <span class='ocrx_word' id='word_1_8' title='bbox 667 570 871 634; x_wconf 78' lang='grc' dir='ltr'><strong>αὐτῶν,</strong></span> <span class='ocrx_word' id='word_1_9' title='bbox 904 572 950 623; x_wconf 84' lang='grc' dir='ltr'><strong>εξ</strong></span> <span class='ocrx_word' id='word_1_10' title='bbox 998 572 1134 642; x_wconf 78' lang='grc' dir='ltr'><strong>μετά</strong></span> <span class='ocrx_word' id='word_1_11' title='bbox 1188 571 1432 638; x_wconf 81' lang='grc' dir='ltr'><strong>σώματος</strong></span> <span class='ocrx_word' id='word_1_12' title='bbox 1465 570 1622 644; x_wconf 78' lang='grc' dir='ltr'><strong>ἦσαν.</strong></span> <span class='ocrx_word' id='word_1_13' title='bbox 1653 575 1761 628; x_wconf 79' lang='grc' dir='ltr'><strong>Καὶ</strong></span> 
     </span>
    </p>
   </div>
   <div class='ocr_carea' id='block_1_5' title="bbox 1876 557 3426 644">
    <p class='ocr_par' dir='ltr' id='par_1_5' title="bbox 1876 557 3426 642">
     <span class='ocr_line' id='line_1_5' title="bbox 1876 557 3426 642; baseline -0.017 -14"><span class='ocrx_word' id='word_1_14' title='bbox 1876 580 1995 628; x_wconf 70' lang='lat' dir='ltr'><strong>nent</strong></span> <span class='ocrx_word' id='word_1_15' title='bbox 2027 569 2350 642; x_wconf 91' lang='lat' dir='ltr'><strong>pluribusin</strong></span> <span class='ocrx_word' id='word_1_16' title='bbox 2412 579 2646 635; x_wconf 90' lang='lat' dir='ltr'><strong>corpore</strong></span> <span class='ocrx_word' id='word_1_17' title='bbox 2674 560 2999 622; x_wconf 85' lang='lat' dir='ltr'><strong>viventibus,</strong></span> <span class='ocrx_word' id='word_1_18' title='bbox 3061 564 3227 626; x_wconf 78' lang='lat' dir='ltr'><strong>atque</strong></span> <span class='ocrx_word' id='word_1_19' title='bbox 3290 557 3426 605; x_wconf 83' lang='lat' dir='ltr'><strong>adeo</strong></span> 
     </span>
    </p>
   </div>
   <div class='ocr_carea' id='block_1_6' title="bbox 185 659 1752 735">
    <p class='ocr_par' dir='ltr' id='par_1_6' title="bbox 185 659 1752 735">
     <span class='ocr_line' id='line_1_6' title="bbox 185 659 1752 735; baseline 0.004 -24"><span class='ocrx_word' id='word_1_20' title='bbox 185 659 332 711; x_wconf 72' lang='grc' dir='ltr'><strong>αὐτὸ</strong></span> <span class='ocrx_word' id='word_1_21' title='bbox 357 659 413 711; x_wconf 84' lang='grc' dir='ltr'><strong>δὲ</strong></span> <span class='ocrx_word' id='word_1_22' title='bbox 441 659 599 712; x_wconf 74' lang='grc' dir='ltr'><strong>τοῦτο</strong></span> <span class='ocrx_word' id='word_1_23' title='bbox 639 663 822 729; x_wconf 79' lang='grc' dir='ltr'><strong>μόνον,</strong></span> <span class='ocrx_word' id='word_1_24' title='bbox 846 663 906 715; x_wconf 83' lang='grc' dir='ltr'><strong>τὸ</strong></span> <span class='ocrx_word' id='word_1_25' title='bbox 936 663 1148 732; x_wconf 79' lang='grc' dir='ltr'><strong>γυμνάς</strong></span> <span class='ocrx_word' id='word_1_26' title='bbox 1175 662 1315 717; x_wconf 76' lang='grc' dir='ltr'><strong>εἶναι</strong></span> <span class='ocrx_word' id='word_1_27' title='bbox 1345 663 1439 716; x_wconf 80' lang='grc' dir='ltr'><strong>τοῦ</strong></span> <span class='ocrx_word' id='word_1_28' title='bbox 1479 663 1752 735; x_wconf 83' lang='grc' dir='ltr'><strong>σώματος,</strong></span> 
     </span>
    </p>
   </div>
   <div class='ocr_carea' id='block_1_7' title="bbox 185 747 1760 826">
    <p class='ocr_par' dir='ltr' id='par_1_7' title="bbox 185 747 1760 826">
     <span class='ocr_line' id='line_1_7' title="bbox 185 747 1760 826; baseline 0.007 -28"><span class='ocrx_word' id='word_1_29' title='bbox 185 747 644 818; x_wconf 68' lang='grc' dir='ltr'><strong>ἐπιτηδειοτέρας</strong></span> <span class='ocrx_word' id='word_1_30' title='bbox 665 752 882 805; x_wconf 84' lang='grc' dir='ltr'><strong>δίδωσιν</strong></span> <span class='ocrx_word' id='word_1_31' title='bbox 908 750 1047 806; x_wconf 80' lang='grc' dir='ltr'><strong>εἶναι</strong></span> <span class='ocrx_word' id='word_1_32' title='bbox 1079 753 1260 824; x_wconf 84' lang='grc' dir='ltr'><strong>πο)λῷ</strong></span> <span class='ocrx_word' id='word_1_33' title='bbox 1281 755 1418 826; x_wconf 84' lang='grc' dir='ltr'><strong>πρὸς</strong></span> <span class='ocrx_word' id='word_1_34' title='bbox 1438 756 1536 826; x_wconf 78' lang='grc' dir='ltr'><strong>τὴν</strong></span> <span class='ocrx_word' id='word_1_35' title='bbox 1568 773 1760 825; x_wconf 61' lang='grc' dir='ltr'><strong>μετουτ</strong></span> 
     </span>
    </p>
   </div>
   <div class='ocr_carea' id='block_1_8' title="bbox 191 838 1758 918">
    <p class='ocr_par' dir='ltr' id='par_1_8' title="bbox 191 838 1758 918">
     <span class='ocr_line' id='line_1_8' title="bbox 191 838 1758 918; baseline 0.008 -28"><span class='ocrx_word' id='word_1_36' title='bbox 191 838 322 891; x_wconf 83' lang='grc' dir='ltr'><strong>σίαν</strong></span> <span class='ocrx_word' id='word_1_37' title='bbox 348 840 457 892; x_wconf 90' lang='grc' dir='ltr'><strong>τῶν</strong></span> <span class='ocrx_word' id='word_1_38' title='bbox 487 843 826 912; x_wconf 79' lang='grc' dir='ltr'><strong>μυστηρίων,</strong></span> <span class='ocrx_word' id='word_1_39' title='bbox 879 845 912 914; x_wconf 76' lang='grc' dir='ltr'>ἢ</span> <span class='ocrx_word' id='word_1_40' title='bbox 940 845 1160 900; x_wconf 83' lang='grc' dir='ltr'><strong>δυνατὸν</strong></span> <span class='ocrx_word' id='word_1_41' title='bbox 1209 844 1297 917; x_wconf 79' lang='grc' dir='ltr'><strong>ἦν,</strong></span> <span class='ocrx_word' id='word_1_42' title='bbox 1327 849 1388 900; x_wconf 84' lang='grc' dir='ltr'><strong>τὸ</strong></span> <span class='ocrx_word' id='word_1_43' title='bbox 1411 847 1570 918; x_wconf 85' lang='grc' dir='ltr'><strong>σῶμα</strong></span> <span class='ocrx_word' id='word_1_44' title='bbox 1599 866 1758 918; x_wconf 84' lang='grc' dir='ltr'><strong>περι·</strong></span> 
     </span>
    </p>
   </div>
   <div class='ocr_carea' id='block_1_9' title="bbox 190 931 1760 1007">
    <p class='ocr_par' dir='ltr' id='par_1_9' title="bbox 190 931 1760 1007">
     <span class='ocr_line' id='line_1_9' title="bbox 190 931 1760 1007; baseline 0.008 -28"><span class='ocrx_word' id='word_1_45' title='bbox 190 931 486 995; x_wconf 77' lang='grc' dir='ltr'><strong>κειμένας.</strong></span> <span class='ocrx_word' id='word_1_46' title='bbox 517 932 733 986; x_wconf 78' lang='grc' dir='ltr'>Πολλῶν</span> <span class='ocrx_word' id='word_1_47' title='bbox 761 934 870 1002; x_wconf 79' lang='grc' dir='ltr'><strong>γὰρ</strong></span> <span class='ocrx_word' id='word_1_48' title='bbox 893 934 1067 991; x_wconf 83' lang='grc' dir='ltr'><strong>οὐσῶν</strong></span> <span class='ocrx_word' id='word_1_49' title='bbox 1103 937 1197 990; x_wconf 74' lang='grc' dir='ltr'><strong>καὶ</strong></span> <span class='ocrx_word' id='word_1_50' title='bbox 1215 937 1488 1007; x_wconf 79' lang='grc' dir='ltr'><strong>διαφόρων</strong></span> <span class='ocrx_word' id='word_1_51' title='bbox 1513 939 1632 992; x_wconf 76' lang='grc' dir='ltr'><strong>ἐκεῖ</strong></span> <span class='ocrx_word' id='word_1_52' title='bbox 1653 939 1760 991; x_wconf 85' lang='grc' dir='ltr'><strong>τῶν</strong></span> 
     </span>
    </p>
   </div>
   <div class='ocr_carea' id='block_1_10' title="bbox 193 1019 1760 1100">
    <p class='ocr_par' dir='ltr' id='par_1_10' title="bbox 193 1019 1760 1100">
     <span class='ocr_line' id='line_1_10' title="bbox 193 1019 1760 1100; baseline 0.008 -29"><span class='ocrx_word' id='word_1_53' title='bbox 193 1019 402 1083; x_wconf 85' lang='grc' dir='ltr'><strong>μονῶν,</strong></span> <span class='ocrx_word' id='word_1_54' title='bbox 439 1021 521 1074; x_wconf 77' lang='grc' dir='ltr'><strong>ἵνα</strong></span> <span class='ocrx_word' id='word_1_55' title='bbox 555 1025 664 1076; x_wconf 77' lang='grc' dir='ltr'><strong>πᾶν</strong></span> <span class='ocrx_word' id='word_1_56' title='bbox 713 1026 911 1095; x_wconf 81' lang='grc' dir='ltr'><strong>μέτρον</strong></span> <span class='ocrx_word' id='word_1_57' title='bbox 949 1027 1148 1098; x_wconf 85' lang='grc' dir='ltr'><strong>ἀρετῆς</strong></span> <span class='ocrx_word' id='word_1_58' title='bbox 1195 1027 1423 1100; x_wconf 78' lang='grc' dir='ltr'><strong>τιμηθῇ,</strong></span> <span class='ocrx_word' id='word_1_59' title='bbox 1455 1031 1550 1083; x_wconf 82' lang='grc' dir='ltr'><strong>καὶ</strong></span> <span class='ocrx_word' id='word_1_60' title='bbox 1596 1031 1760 1100; x_wconf 82' lang='grc' dir='ltr'><strong>μηδὲν</strong></span> 
     </span>
    </p>
   </div>
   <div class='ocr_carea' id='block_1_11' title="bbox 190 1107 1756 1192">
    <p class='ocr_par' dir='ltr' id='par_1_11' title="bbox 190 1107 1756 1192">
     <span class='ocr_line' id='line_1_11' title="bbox 190 1107 1756 1192; baseline 0.012 -32"><span class='ocrx_word' id='word_1_61' title='bbox 190 1107 490 1183; x_wconf 74' lang='grc' dir='ltr'><strong>ἄμισθονῇ</strong></span> <span class='ocrx_word' id='word_1_62' title='bbox 523 1115 672 1182; x_wconf 79' lang='grc' dir='ltr'><strong>παρὰ</strong></span> <span class='ocrx_word' id='word_1_63' title='bbox 699 1116 776 1184; x_wconf 82' lang='grc' dir='ltr'><strong>τῷ</strong></span> <span class='ocrx_word' id='word_1_64' title='bbox 803 1116 992 1188; x_wconf 85' lang='grc' dir='ltr'><strong>δικαίῳ</strong></span> <span class='ocrx_word' id='word_1_65' title='bbox 1036 1120 1130 1172; x_wconf 74' lang='grc' dir='ltr'><strong>καὶ</strong></span> <span class='ocrx_word' id='word_1_66' title='bbox 1158 1119 1526 1192; x_wconf 79' lang='grc' dir='ltr'><strong>φιλανθρώπῳ</strong></span> <span class='ocrx_word' id='word_1_67' title='bbox 1559 1123 1756 1192; x_wconf 83' lang='grc' dir='ltr'><strong>κριτῇ·</strong></span> 
     </span>
    </p>
   </div>
   <div class='ocr_carea' id='block_1_12' title="bbox 191 1199 1758 1281">
    <p class='ocr_par' dir='ltr' id='par_1_12' title="bbox 191 1199 1758 1281">
     <span class='ocr_line' id='line_1_12' title="bbox 191 1199 1758 1281; baseline 0.007 -29"><span class='ocrx_word' id='word_1_68' title='bbox 191 1199 461 1272; x_wconf 82' lang='grc' dir='ltr'><strong>καθάπερ</strong></span> <span class='ocrx_word' id='word_1_69' title='bbox 494 1205 543 1256; x_wconf 74' lang='lat' dir='ltr'><strong>oi</strong></span> <span class='ocrx_word' id='word_1_70' title='bbox 573 1206 684 1257; x_wconf 87' lang='grc' dir='ltr'><strong>τῶν</strong></span> <span class='ocrx_word' id='word_1_71' title='bbox 721 1208 996 1275; x_wconf 82' lang='grc' dir='ltr'><strong>μεγίστων</strong></span> <span class='ocrx_word' id='word_1_72' title='bbox 1024 1210 1164 1276; x_wconf 80' lang='grc' dir='ltr'><strong>ἄξιοι</strong></span> <span class='ocrx_word' id='word_1_73' title='bbox 1191 1211 1390 1281; x_wconf 88' lang='grc' dir='ltr'><strong>γερῶν,</strong></span> <span class='ocrx_word' id='word_1_74' title='bbox 1416 1213 1513 1270; x_wconf 70' lang='grc' dir='ltr'><strong>,καὶ</strong></span> <span class='ocrx_word' id='word_1_75' title='bbox 1543 1213 1758 1278; x_wconf 84' lang='grc' dir='ltr'><strong>τέλειοι,</strong></span> 
     </span>
    </p>
   </div>
   <div class='ocr_carea' id='block_1_13' title="bbox 192 1289 1760 1370">
    <p class='ocr_par' dir='ltr' id='par_1_13' title="bbox 192 1289 1760 1370">
     <span class='ocr_line' id='line_1_13' title="bbox 192 1289 1760 1370; baseline 0.016 -31"><span class='ocrx_word' id='word_1_76' title='bbox 192 1289 293 1351; x_wconf 71' lang='grc' dir='ltr'><strong>καὶ</strong></span> <span class='ocrx_word' id='word_1_77' title='bbox 324 1291 429 1359; x_wconf 83' lang='grc' dir='ltr'><strong>τῆς</strong></span> <span class='ocrx_word' id='word_1_78' title='bbox 467 1293 681 1358; x_wconf 78' lang='grc' dir='ltr'><strong>τελείας</strong></span> <span class='ocrx_word' id='word_1_79' title='bbox 717 1298 1118 1368; x_wconf 78' lang='grc' dir='ltr'><strong>μακαριότητος</strong></span> <span class='ocrx_word' id='word_1_80' title='bbox 1149 1300 1495 1370; x_wconf 81' lang='grc' dir='ltr'><strong>κληρονόμοι,</strong></span> <span class='ocrx_word' id='word_1_81' title='bbox 1527 1302 1760 1368; x_wconf 67' lang='grc' dir='ltr'><strong>Παῦλος,</strong></span> 
     </span>
    </p>
   </div>
   <div class='ocr_carea' id='block_1_14' title="bbox 192 1381 1764 1461">
    <p class='ocr_par' dir='ltr' id='par_1_14' title="bbox 192 1381 1764 1461">
     <span class='ocr_line' id='line_1_14' title="bbox 192 1381 1764 1461; baseline 0.007 -29"><span class='ocrx_word' id='word_1_82' title='bbox 192 1381 292 1433; x_wconf 72' lang='grc' dir='ltr'><strong>καὶ</strong></span> <span class='ocrx_word' id='word_1_83' title='bbox 311 1383 369 1434; x_wconf 82' lang='grc' dir='ltr'><strong>ετ</strong></span> <span class='ocrx_word' id='word_1_84' title='bbox 383 1399 468 1443; x_wconf 89' lang='grc' dir='ltr'><strong>τις</strong></span> <span class='ocrx_word' id='word_1_85' title='bbox 484 1383 602 1436; x_wconf 83' lang='grc' dir='ltr'><strong>κατ’</strong></span> <span class='ocrx_word' id='word_1_86' title='bbox 620 1386 848 1451; x_wconf 78' lang='grc' dir='ltr'><strong>ἐκεῖνον,</strong></span> <span class='ocrx_word' id='word_1_87' title='bbox 868 1389 1250 1458; x_wconf 81' lang='grc' dir='ltr'><strong>καθαρώτερον</strong></span> <span class='ocrx_word' id='word_1_88' title='bbox 1268 1391 1438 1461; x_wconf 76' lang='grc' dir='ltr'><strong>αὐτῇς</strong></span> <span class='ocrx_word' id='word_1_89' title='bbox 1459 1386 1764 1445; x_wconf 75' lang='grc' dir='ltr'><strong>ἀπολαῦου-</strong></span> 
     </span>
    </p>
   </div>
   <div class='ocr_carea' id='block_1_15' title="bbox 193 1469 1760 1548">
    <p class='ocr_par' dir='ltr' id='par_1_15' title="bbox 193 1469 1760 1548">
     <span class='ocr_line' id='line_1_15' title="bbox 193 1469 1760 1548; baseline 0.008 -30"><span class='ocrx_word' id='word_1_90' title='bbox 193 1484 284 1520; x_wconf 86' lang='grc' dir='ltr'><strong>σιν</strong></span> <span class='ocrx_word' id='word_1_91' title='bbox 331 1469 721 1538; x_wconf 83' lang='grc' dir='ltr'><strong>ἀναλύσαντες,</strong></span> <span class='ocrx_word' id='word_1_92' title='bbox 767 1474 802 1543; x_wconf 81' lang='grc' dir='ltr'><strong>ἢ</strong></span> <span class='ocrx_word' id='word_1_93' title='bbox 858 1476 946 1528; x_wconf 76' lang='grc' dir='ltr'><strong>ὅτε</strong></span> <span class='ocrx_word' id='word_1_94' title='bbox 993 1476 1071 1547; x_wconf 82' lang='grc' dir='ltr'><strong>τῷ</strong></span> <span class='ocrx_word' id='word_1_95' title='bbox 1109 1477 1209 1547; x_wconf 77' lang='grc' dir='ltr'><strong>βίῳ</strong></span> <span class='ocrx_word' id='word_1_96' title='bbox 1243 1479 1417 1546; x_wconf 73' lang='grc' dir='ltr'><strong>τούτῳ</strong></span> <span class='ocrx_word' id='word_1_97' title='bbox 1467 1478 1760 1548; x_wconf 74' lang='grc' dir='ltr'><strong>παρῆσανσ</strong></span> 
     </span>
    </p>
   </div>
   <div class='ocr_carea' id='block_1_16' title="bbox 191 1557 1765 1639">
    <p class='ocr_par' dir='ltr' id='par_1_16' title="bbox 191 1557 1765 1639">
     <span class='ocr_line' id='line_1_16' title="bbox 191 1557 1765 1639; baseline 0.01 -29"><span class='ocrx_word' id='word_1_98' title='bbox 191 1557 346 1612; x_wconf 77' lang='grc' dir='ltr'><strong>οὕτω</strong></span> <span class='ocrx_word' id='word_1_99' title='bbox 383 1562 479 1614; x_wconf 76' lang='grc' dir='ltr'><strong>καὶ</strong></span> <span class='ocrx_word' id='word_1_100' title='bbox 506 1563 605 1633; x_wconf 82' lang='grc' dir='ltr'><strong>τῆς</strong></span> <span class='ocrx_word' id='word_1_101' title='bbox 636 1565 864 1634; x_wconf 77' lang='grc' dir='ltr'><strong>μετρίας</strong></span> <span class='ocrx_word' id='word_1_102' title='bbox 896 1568 1021 1630; x_wconf 80' lang='grc' dir='ltr'><strong>τοὺς</strong></span> <span class='ocrx_word' id='word_1_103' title='bbox 1070 1568 1203 1636; x_wconf 73' lang='grc' dir='ltr'><strong>πρὸς</strong></span> <span class='ocrx_word' id='word_1_104' title='bbox 1234 1569 1487 1639; x_wconf 80' lang='grc' dir='ltr'><strong>τοιαύτην</strong></span> <span class='ocrx_word' id='word_1_105' title='bbox 1521 1571 1765 1624; x_wconf 70' lang='grc' dir='ltr'><strong>ἀνάπαυε</strong></span> 
     </span>
    </p>
   </div>
   <div class='ocr_carea' id='block_1_17' title="bbox 196 1655 1766 1730">
    <p class='ocr_par' dir='ltr' id='par_1_17' title="bbox 196 1655 1766 1730">
     <span class='ocr_line' id='line_1_17' title="bbox 196 1655 1766 1730; baseline 0.01 -29"><span class='ocrx_word' id='word_1_106' title='bbox 196 1667 286 1701; x_wconf 87' lang='grc' dir='ltr'><strong>σιν</strong></span> <span class='ocrx_word' id='word_1_107' title='bbox 313 1655 684 1720; x_wconf 78' lang='grc' dir='ltr'><strong>τεταγμένους</strong></span> <span class='ocrx_word' id='word_1_108' title='bbox 704 1657 849 1720; x_wconf 79' lang='grc' dir='ltr'><strong>είκδς</strong></span> <span class='ocrx_word' id='word_1_109' title='bbox 881 1657 1105 1728; x_wconf 74' lang='grc' dir='ltr'><strong>ἄμεινον</strong></span> <span class='ocrx_word' id='word_1_110' title='bbox 1121 1662 1411 1730; x_wconf 74' lang='grc' dir='ltr'><strong>τυγχάνειν</strong></span> <span class='ocrx_word' id='word_1_111' title='bbox 1433 1662 1766 1725; x_wconf 82' lang='grc' dir='ltr'><strong>ἀπελθόντας</strong></span> 
     </span>
    </p>
   </div>
   <div class='ocr_carea' id='block_1_18' title="bbox 192 1742 1760 1826">
    <p class='ocr_par' dir='ltr' id='par_1_18' title="bbox 192 1742 1760 1826">
     <span class='ocr_line' id='line_1_18' title="bbox 192 1742 1760 1826; baseline 0.01 -34"><span class='ocrx_word' id='word_1_112' title='bbox 192 1742 438 1810; x_wconf 70' lang='grc' dir='ltr'><strong>ἐνθένδε,</strong></span> <span class='ocrx_word' id='word_1_113' title='bbox 485 1745 518 1815; x_wconf 73' lang='grc' dir='ltr'><strong>ἦ</strong></span> <span class='ocrx_word' id='word_1_114' title='bbox 557 1747 694 1815; x_wconf 86' lang='grc' dir='ltr'><strong>μετά</strong></span> <span class='ocrx_word' id='word_1_115' title='bbox 731 1747 983 1817; x_wconf 85' lang='grc' dir='ltr'><strong>σώματος</strong></span> <span class='ocrx_word' id='word_1_116' title='bbox 1013 1753 1240 1816; x_wconf 80' lang='grc' dir='ltr'><strong>ζῶντας.</strong></span> <span class='ocrx_word' id='word_1_117' title='bbox 1310 1754 1552 1826; x_wconf 82' lang='grc' dir='ltr'><strong>Ἐδείχθη</strong></span> <span class='ocrx_word' id='word_1_118' title='bbox 1589 1754 1644 1807; x_wconf 75' lang='grc' dir='ltr'><strong>δὲ</strong></span> <span class='ocrx_word' id='word_1_119' title='bbox 1689 1754 1760 1818; x_wconf 84' lang='grc' dir='ltr'><strong>ὡς</strong></span> 
     </span>
    </p>
   </div>
   <div class='ocr_carea' id='block_1_19' title="bbox 193 1833 1766 1913">
    <p class='ocr_par' dir='ltr' id='par_1_19' title="bbox 193 1833 1766 1913">
     <span class='ocr_line' id='line_1_19' title="bbox 193 1833 1766 1913; baseline 0.01 -30"><span class='ocrx_word' id='word_1_120' title='bbox 193 1834 354 1885; x_wconf 71' lang='grc' dir='ltr'><strong>πᾶσα</strong></span> <span class='ocrx_word' id='word_1_121' title='bbox 379 1833 570 1906; x_wconf 78' lang='grc' dir='ltr'><strong>ψυχῶν</strong></span> <span class='ocrx_word' id='word_1_122' title='bbox 601 1837 928 1904; x_wconf 82' lang='grc' dir='ltr'><strong>ἀνάπαυσις,</strong></span> <span class='ocrx_word' id='word_1_123' title='bbox 964 1844 1058 1894; x_wconf 75' lang='grc' dir='ltr'><strong>καὶ</strong></span> <span class='ocrx_word' id='word_1_124' title='bbox 1089 1843 1196 1896; x_wconf 78' lang='grc' dir='ltr'><strong>πᾶν</strong></span> <span class='ocrx_word' id='word_1_125' title='bbox 1224 1838 1386 1898; x_wconf 81' lang='grc' dir='ltr'><strong>ἆθλον</strong></span> <span class='ocrx_word' id='word_1_126' title='bbox 1420 1845 1647 1913; x_wconf 81' lang='grc' dir='ltr'><strong>ἀρετῆς,</strong></span> <span class='ocrx_word' id='word_1_127' title='bbox 1671 1845 1766 1913; x_wconf 65' lang='grc' dir='ltr'><strong>καὶ</strong></span> 
     </span>
    </p>
   </div>
   <div class='ocr_carea' id='block_1_20' title="bbox 196 1911 1768 2006">
    <p class='ocr_par' dir='ltr' id='par_1_20' title="bbox 196 1911 1768 2006">
     <span class='ocr_line' id='line_1_20' title="bbox 196 1911 1768 2006; baseline 0.011 -33"><span class='ocrx_word' id='word_1_128' title='bbox 196 1925 403 1995; x_wconf 81' lang='grc' dir='ltr'><strong>μικρὸν</strong></span> <span class='ocrx_word' id='word_1_129' title='bbox 462 1927 557 1981; x_wconf 77' lang='grc' dir='ltr'><strong>καὶ</strong></span> <span class='ocrx_word' id='word_1_130' title='bbox 616 1930 823 1997; x_wconf 81' lang='grc' dir='ltr'><strong>μεῖζον,</strong></span> <span class='ocrx_word' id='word_1_131' title='bbox 871 1932 1020 1985; x_wconf 62' lang='grc' dir='ltr'><strong>οδδέν</strong></span> <span class='ocrx_word' id='word_1_132' title='bbox 1071 1935 1218 1986; x_wconf 82' lang='grc' dir='ltr'><strong>ἐστιν</strong></span> <span class='ocrx_word' id='word_1_133' title='bbox 1262 1911 1508 2005; x_wconf 31' lang='grc' dir='ltr'><strong>ἓτερον-ἢ</strong></span> <span class='ocrx_word' id='word_1_134' title='bbox 1542 1911 1768 2006; x_wconf 22' lang='grc' dir='ltr'><strong>ὁνᾶρτος</strong></span> 
     </span>
    </p>
   </div>
   <div class='ocr_carea' id='block_1_21' title="bbox 194 2007 1768 2099">
    <p class='ocr_par' dir='ltr' id='par_1_21' title="bbox 194 2007 1768 2099">
     <span class='ocr_line' id='line_1_21' title="bbox 194 2007 1768 2099; baseline 0.01 -34"><span class='ocrx_word' id='word_1_135' title='bbox 194 2007 381 2079; x_wconf 77' lang='grc' dir='ltr'><strong>οὗτος,</strong></span> <span class='ocrx_word' id='word_1_136' title='bbox 416 2019 508 2071; x_wconf 73' lang='grc' dir='ltr'><strong>καὶ</strong></span> <span class='ocrx_word' id='word_1_137' title='bbox 541 2018 701 2073; x_wconf 81' lang='grc' dir='ltr'><strong>τοῦτο</strong></span> <span class='ocrx_word' id='word_1_138' title='bbox 728 2021 790 2074; x_wconf 84' lang='grc' dir='ltr'><strong>τὸ</strong></span> <span class='ocrx_word' id='word_1_139' title='bbox 817 2024 1096 2093; x_wconf 67' lang='grc' dir='ltr'><strong>ποτήριον,</strong></span> <span class='ocrx_word' id='word_1_140' title='bbox 1139 2026 1491 2096; x_wconf 79' lang='grc' dir='ltr'><strong>καταλλήλως</strong></span> <span class='ocrx_word' id='word_1_141' title='bbox 1522 2028 1768 2099; x_wconf 76' lang='grc' dir='ltr'><strong>ἑκατέρῳ</strong></span> 
     </span>
    </p>
   </div>
   <div class='ocr_carea' id='block_1_22' title="bbox 195 2103 1766 2187">
    <p class='ocr_par' dir='ltr' id='par_1_22' title="bbox 195 2103 1766 2187">
     <span class='ocr_line' id='line_1_22' title="bbox 195 2103 1766 2187; baseline 0.01 -32"><span class='ocrx_word' id='word_1_142' title='bbox 195 2103 377 2172; x_wconf 83' lang='grc' dir='ltr'><strong>γένει,</strong></span> <span class='ocrx_word' id='word_1_143' title='bbox 413 2106 630 2169; x_wconf 80' lang='grc' dir='ltr'><strong>ζώντων</strong></span> <span class='ocrx_word' id='word_1_144' title='bbox 664 2110 806 2176; x_wconf 81' lang='grc' dir='ltr'><strong>λέγω</strong></span> <span class='ocrx_word' id='word_1_145' title='bbox 839 2115 934 2165; x_wconf 85' lang='grc' dir='ltr'><strong>καὶ</strong></span> <span class='ocrx_word' id='word_1_146' title='bbox 960 2115 1188 2184; x_wconf 80' lang='grc' dir='ltr'><strong>νεκρῶν,</strong></span> <span class='ocrx_word' id='word_1_147' title='bbox 1221 2115 1766 2187; x_wconf 75' lang='grc' dir='ltr'><strong>μεταλαμεανόμενα.</strong></span> 
     </span>
    </p>
   </div>
   <div class='ocr_carea' id='block_1_23' title="bbox 199 2195 1770 2278">
    <p class='ocr_par' dir='ltr' id='par_1_23' title="bbox 199 2195 1770 2278">
     <span class='ocr_line' id='line_1_23' title="bbox 199 2195 1770 2278; baseline 0.01 -31"><span class='ocrx_word' id='word_1_148' title='bbox 199 2195 302 2248; x_wconf 72' lang='grc' dir='ltr'><strong>Διὲ</strong></span> <span class='ocrx_word' id='word_1_149' title='bbox 335 2197 494 2252; x_wconf 78' lang='grc' dir='ltr'><strong>τοῦτο</strong></span> <span class='ocrx_word' id='word_1_150' title='bbox 519 2199 626 2272; x_wconf 78' lang='grc' dir='ltr'><strong>γὰρ</strong></span> <span class='ocrx_word' id='word_1_151' title='bbox 650 2203 745 2255; x_wconf 81' lang='grc' dir='ltr'><strong>καὶ</strong></span> <span class='ocrx_word' id='word_1_152' title='bbox 773 2203 800 2255; x_wconf 82' lang='grc'>6</span> <span class='ocrx_word' id='word_1_153' title='bbox 829 2205 1033 2275; x_wconf 80' lang='grc' dir='ltr'><strong>Κύριος</strong></span> <span class='ocrx_word' id='word_1_154' title='bbox 1054 2206 1152 2276; x_wconf 84' lang='grc' dir='ltr'><strong>τὴν</strong></span> <span class='ocrx_word' id='word_1_155' title='bbox 1177 2208 1235 2259; x_wconf 79' lang='grc' dir='ltr'><strong>ἐν</strong></span> <span class='ocrx_word' id='word_1_156' title='bbox 1278 2207 1355 2276; x_wconf 81' lang='grc' dir='ltr'><strong>τῷ</strong></span> <span class='ocrx_word' id='word_1_157' title='bbox 1385 2208 1634 2278; x_wconf 85' lang='grc' dir='ltr'><strong>μέλλοντι</strong></span> <span class='ocrx_word' id='word_1_158' title='bbox 1664 2209 1770 2262; x_wconf 89' lang='grc' dir='ltr'><strong>τῶν</strong></span> 
     </span>
    </p>
   </div>
   <div class='ocr_carea' id='block_1_24' title="bbox 199 2287 1768 2371">
    <p class='ocr_par' dir='ltr' id='par_1_24' title="bbox 199 2287 1768 2371">
     <span class='ocr_line' id='line_1_24' title="bbox 199 2287 1768 2371; baseline 0.01 -32"><span class='ocrx_word' id='word_1_159' title='bbox 199 2287 381 2354; x_wconf 77' lang='grc' dir='ltr'><strong>ἁγίων</strong></span> <span class='ocrx_word' id='word_1_160' title='bbox 396 2290 705 2346; x_wconf 83' lang='grc' dir='ltr'><strong>’ἀπόλαυσιν</strong></span> <span class='ocrx_word' id='word_1_161' title='bbox 752 2293 968 2348; x_wconf 82' lang='grc' dir='ltr'><strong>δεῖπνον</strong></span> <span class='ocrx_word' id='word_1_162' title='bbox 1011 2297 1270 2350; x_wconf 74' lang='grc' dir='ltr'><strong>ἐκάλεσεν</strong></span> <span class='ocrx_word' id='word_1_163' title='bbox 1294 2314 1308 2328; x_wconf 91' lang='grc'><strong>·</strong></span> <span class='ocrx_word' id='word_1_164' title='bbox 1342 2299 1432 2352; x_wconf 82' lang='grc' dir='ltr'><strong>ἵνα</strong></span> <span class='ocrx_word' id='word_1_165' title='bbox 1466 2301 1614 2371; x_wconf 78' lang='grc' dir='ltr'><strong>δείξῃ</strong></span> <span class='ocrx_word' id='word_1_166' title='bbox 1639 2299 1768 2354; x_wconf 81' lang='grc' dir='ltr'><strong>ταύ-</strong></span> 
     </span>
    </p>
   </div>
   <div class='ocr_carea' id='block_1_25' title="bbox 195 2384 1772 2457">
    <p class='ocr_par' dir='ltr' id='par_1_25' title="bbox 195 2384 1772 2457">
     <span class='ocr_line' id='line_1_25' title="bbox 195 2384 1772 2457; baseline 0.01 -25"><span class='ocrx_word' id='word_1_167' title='bbox 195 2395 299 2449; x_wconf 83' lang='grc' dir='ltr'><strong>της</strong></span> <span class='ocrx_word' id='word_1_168' title='bbox 333 2384 436 2446; x_wconf 82' lang='grc' dir='ltr'><strong>τῆς</strong></span> <span class='ocrx_word' id='word_1_169' title='bbox 461 2384 740 2453; x_wconf 74' lang='grc' dir='ltr'><strong>τραπέζης</strong></span> <span class='ocrx_word' id='word_1_170' title='bbox 771 2387 935 2457; x_wconf 82' lang='grc' dir='ltr'><strong>μηδὲν</strong></span> <span class='ocrx_word' id='word_1_171' title='bbox 964 2385 1104 2442; x_wconf 70' lang='grc' dir='ltr'><strong>εἶναι</strong></span> <span class='ocrx_word' id='word_1_172' title='bbox 1139 2391 1300 2444; x_wconf 81' lang='grc' dir='ltr'>πλέον</span> <span class='ocrx_word' id='word_1_173' title='bbox 1329 2393 1462 2446; x_wconf 77' lang='grc' dir='ltr'><strong>ἐκεῖ.</strong></span> <span class='ocrx_word' id='word_1_174' title='bbox 1497 2393 1655 2447; x_wconf 81' lang='grc' dir='ltr'><strong>Οὕτω</strong></span> <span class='ocrx_word' id='word_1_175' title='bbox 1679 2396 1772 2448; x_wconf 79' lang='grc' dir='ltr'><strong>καὶ</strong></span> 
     </span>
    </p>
   </div>
   <div class='ocr_carea' id='block_1_26' title="bbox 197 2473 1772 2550">
    <p class='ocr_par' dir='ltr' id='par_1_26' title="bbox 197 2473 1772 2550">
     <span class='ocr_line' id='line_1_26' title="bbox 197 2473 1772 2550; baseline 0.01 -26"><span class='ocrx_word' id='word_1_176' title='bbox 197 2473 514 2543; x_wconf 82' lang='grc' dir='ltr'><strong>ὑπὲρ.τῶν</strong></span> <span class='ocrx_word' id='word_1_177' title='bbox 566 2477 931 2544; x_wconf 80' lang='grc' dir='ltr'><strong>ἀπελθόντων,</strong></span> <span class='ocrx_word' id='word_1_178' title='bbox 965 2479 1154 2550; x_wconf 88' lang='grc' dir='ltr'><strong>ῶσπερ</strong></span> <span class='ocrx_word' id='word_1_179' title='bbox 1205 2482 1346 2550; x_wconf 81' lang='grc' dir='ltr'><strong>ὑπὲρ</strong></span> <span class='ocrx_word' id='word_1_180' title='bbox 1395 2484 1502 2536; x_wconf 88' lang='grc' dir='ltr'><strong>τῶν</strong></span> <span class='ocrx_word' id='word_1_181' title='bbox 1555 2483 1772 2547; x_wconf 80' lang='grc' dir='ltr'><strong>ζώντων</strong></span> 
     </span>
    </p>
   </div>
   <div class='ocr_carea' id='block_1_27' title="bbox 199 2566 1772 2644">
    <p class='ocr_par' dir='ltr' id='par_1_27' title="bbox 199 2566 1772 2644">
     <span class='ocr_line' id='line_1_27' title="bbox 199 2566 1772 2644; baseline 0.01 -28"><span class='ocrx_word' id='word_1_182' title='bbox 199 2566 356 2618; x_wconf 78' lang='grc' dir='ltr'><strong>ἐστὶν</strong></span> <span class='ocrx_word' id='word_1_183' title='bbox 379 2569 408 2636; x_wconf 78' lang='grc' dir='ltr'>ἡ</span> <span class='ocrx_word' id='word_1_184' title='bbox 437 2566 556 2620; x_wconf 85' lang='grc' dir='ltr'><strong>θεία</strong></span> <span class='ocrx_word' id='word_1_185' title='bbox 597 2569 700 2636; x_wconf 82' lang='grc' dir='ltr'><strong>τῆς</strong></span> <span class='ocrx_word' id='word_1_186' title='bbox 728 2569 1076 2640; x_wconf 75' lang='grc' dir='ltr'><strong>εὐχαριστίας</strong></span> <span class='ocrx_word' id='word_1_187' title='bbox 1124 2575 1404 2644; x_wconf 79' lang='grc' dir='ltr'><strong>ἱερουργία</strong></span> <span class='ocrx_word' id='word_1_188' title='bbox 1423 2593 1437 2606; x_wconf 81' lang='grc'><strong>’</strong></span> <span class='ocrx_word' id='word_1_189' title='bbox 1464 2577 1556 2630; x_wconf 73' lang='grc' dir='ltr'><strong>καὶ</strong></span> <span class='ocrx_word' id='word_1_190' title='bbox 1583 2579 1772 2643; x_wconf 80' lang='grc' dir='ltr'><strong>διττῶς</strong></span> 
     </span>
    </p>
   </div>
   <div class='ocr_carea' id='block_1_28' title="bbox 199 2657 1773 2733">
    <p class='ocr_par' dir='ltr' id='par_1_28' title="bbox 199 2657 1773 2733">
     <span class='ocr_line' id='line_1_28' title="bbox 199 2657 1773 2733; baseline 0.01 -25"><span class='ocrx_word' id='word_1_191' title='bbox 199 2657 589 2726; x_wconf 77' lang='grc' dir='ltr'><strong>ἀγιαζομένων</strong></span> <span class='ocrx_word' id='word_1_192' title='bbox 616 2661 865 2726; x_wconf 76' lang='grc' dir='ltr'><strong>ἐκείνων,</strong></span> <span class='ocrx_word' id='word_1_193' title='bbox 896 2662 971 2726; x_wconf 83' lang='grc' dir='ltr'><strong>ὡς</strong></span> <span class='ocrx_word' id='word_1_194' title='bbox 1006 2664 1242 2733; x_wconf 76' lang='grc' dir='ltr'><strong>είρηται,</strong></span> <span class='ocrx_word' id='word_1_195' title='bbox 1272 2667 1466 2730; x_wconf 85' lang='grc' dir='ltr'><strong>διττῶς</strong></span> <span class='ocrx_word' id='word_1_196' title='bbox 1499 2672 1590 2722; x_wconf 76' lang='grc' dir='ltr'><strong>καὶ</strong></span> <span class='ocrx_word' id='word_1_197' title='bbox 1619 2672 1773 2723; x_wconf 76' lang='grc' dir='ltr'><strong>αὐτοὶ</strong></span> 
     </span>
    </p>
   </div>
   <div class='ocr_carea' id='block_1_29' title="bbox 201 2745 1775 2825">
    <p class='ocr_par' dir='ltr' id='par_1_29' title="bbox 201 2745 1775 2825">
     <span class='ocr_line' id='line_1_29' title="bbox 201 2745 1775 2825; baseline 0.01 -26"><span class='ocrx_word' id='word_1_198' title='bbox 201 2745 550 2812; x_wconf 76' lang='grc' dir='ltr'><strong>ἀγιάζονται,</strong></span> <span class='ocrx_word' id='word_1_199' title='bbox 576 2750 669 2802; x_wconf 78' lang='grc' dir='ltr'><strong>καὶ</strong></span> <span class='ocrx_word' id='word_1_200' title='bbox 713 2751 1008 2822; x_wconf 79' lang='grc' dir='ltr'><strong>οὐδετέρως</strong></span> <span class='ocrx_word' id='word_1_201' title='bbox 1042 2753 1262 2807; x_wconf 80' lang='grc' dir='ltr'><strong>ἔλαττον</strong></span> <span class='ocrx_word' id='word_1_202' title='bbox 1292 2755 1476 2825; x_wconf 82' lang='grc' dir='ltr'><strong>ἔχουσι</strong></span> <span class='ocrx_word' id='word_1_203' title='bbox 1511 2757 1619 2810; x_wconf 89' lang='grc' dir='ltr'><strong>τῶν</strong></span> <span class='ocrx_word' id='word_1_204' title='bbox 1643 2758 1775 2822; x_wconf 80' lang='grc' dir='ltr'><strong>ζών-</strong></span> 
     </span>
    </p>
   </div>
   <div class='ocr_carea' id='block_1_30' title="bbox 200 2850 1684 2926">
    <p class='ocr_par' dir='ltr' id='par_1_30' title="bbox 200 2850 1684 2926">
     <span class='ocr_line' id='line_1_30' title="bbox 200 2850 1684 2926; baseline 0.009 -28"><span class='ocrx_word' id='word_1_205' title='bbox 200 2863 311 2900; x_wconf 85' lang='grc' dir='ltr'><strong>των</strong></span> <span class='ocrx_word' id='word_1_206' title='bbox 337 2851 390 2902; x_wconf 85' lang='grc' dir='ltr'><strong>οί</strong></span> <span class='ocrx_word' id='word_1_207' title='bbox 426 2852 822 2920; x_wconf 75' lang='grc' dir='ltr'><strong>μεταστάντες,</strong></span> <span class='ocrx_word' id='word_1_208' title='bbox 846 2850 959 2906; x_wconf 73' lang='grc' dir='ltr'><strong>ἀλλ’</strong></span> <span class='ocrx_word' id='word_1_209' title='bbox 984 2855 1129 2906; x_wconf 85' lang='grc' dir='ltr'><strong>ἔστιν</strong></span> <span class='ocrx_word' id='word_1_210' title='bbox 1173 2856 1319 2916; x_wconf 78' lang='grc' dir='ltr'><strong>ὅπως</strong></span> <span class='ocrx_word' id='word_1_211' title='bbox 1351 2858 1442 2911; x_wconf 67' lang='grc' dir='ltr'><strong>καὶ</strong></span> <span class='ocrx_word' id='word_1_212' title='bbox 1481 2857 1684 2926; x_wconf 80' lang='grc' dir='ltr'><strong>μεῖζον.</strong></span> 
     </span>
    </p>
   </div>
   <div class='ocr_carea' id='block_1_31' title="bbox 769 3119 1215 3190">
    <p class='ocr_par' dir='ltr' id='par_1_31' title="bbox 769 3119 1215 3190">
     <span class='ocr_line' id='line_1_31' title="bbox 769 3119 1215 3190; baseline 0.002 -15"><span class='ocrx_word' id='word_1_213' title='bbox 769 3119 1022 3176; x_wconf 34' lang='lat' dir='ltr'><strong>ustum.</strong></span> <span class='ocrx_word' id='word_1_214' title='bbox 1065 3121 1215 3190; x_wconf 61' lang='grc' dir='ltr'><strong>Μετ’.</strong></span> 
     </span>
    </p>
   </div>
   <div class='ocr_carea' id='block_1_32' title="bbox 296 3207 1684 3281">
    <p class='ocr_par' dir='ltr' id='par_1_32' title="bbox 296 3207 1684 3281">
     <span class='ocr_line' id='line_1_32' title="bbox 296 3207 1684 3281; baseline 0.007 -21"><span class='ocrx_word' id='word_1_215' title='bbox 296 3207 431 3273; x_wconf 85' lang='grc' dir='ltr'><strong>Πῶς</strong></span> <span class='ocrx_word' id='word_1_216' title='bbox 457 3209 548 3264; x_wconf 71' lang='grc' dir='ltr'><strong>ἀεὶ</strong></span> <span class='ocrx_word' id='word_1_217' title='bbox 582 3209 654 3264; x_wconf 81' lang='grc' dir='ltr'><strong>τὰ</strong></span> <span class='ocrx_word' id='word_1_218' title='bbox 687 3209 844 3276; x_wconf 79' lang='grc' dir='ltr'><strong>δῶρα</strong></span> <span class='ocrx_word' id='word_1_219' title='bbox 872 3213 1058 3266; x_wconf 86' lang='grc' dir='ltr'><strong>ταῦτα</strong></span> <span class='ocrx_word' id='word_1_220' title='bbox 1085 3213 1268 3267; x_wconf 77' lang='grc' dir='ltr'><strong>δεκτὰ</strong></span> <span class='ocrx_word' id='word_1_221' title='bbox 1293 3217 1408 3269; x_wconf 75' lang='grc' dir='ltr'><strong>εἱσι</strong></span> <span class='ocrx_word' id='word_1_222' title='bbox 1437 3215 1516 3280; x_wconf 81' lang='grc' dir='ltr'><strong>τῷ</strong></span> <span class='ocrx_word' id='word_1_223' title='bbox 1542 3214 1684 3281; x_wconf 79' lang='grc' dir='ltr'><strong>Θεῷ.</strong></span> 
     </span>
    </p>
   </div>
   <div class='ocr_carea' id='block_1_33' title="bbox 290 3298 1775 3375">
    <p class='ocr_par' dir='ltr' id='par_1_33' title="bbox 290 3298 1775 3375">
     <span class='ocr_line' id='line_1_33' title="bbox 290 3298 1775 3375; baseline -0.022 26"><span class='ocrx_word' id='word_1_224' title='bbox 290 3298 521 3367; x_wconf 57' lang='grc' dir='ltr'>Ἐφεξῆς</span> <span class='ocrx_word' id='word_1_225' title='bbox 560 3299 613 3350; x_wconf 68' lang='grc' dir='ltr'>δὲ</span> <span class='ocrx_word' id='word_1_226' title='bbox 672 3301 887 3354; x_wconf 65' lang='grc' dir='ltr'>κάκεῖνο</span> <span class='ocrx_word' id='word_1_227' title='bbox 934 3303 1258 3371; x_wconf 55' lang='grc' dir='ltr'><strong>σκοπῶμεν</strong></span> <span class='ocrx_word' id='word_1_228' title='bbox 1287 3305 1365 3356; x_wconf 77' lang='grc' dir='ltr'><strong>δτι</strong></span> <span class='ocrx_word' id='word_1_229' title='bbox 1416 3305 1512 3373; x_wconf 80' lang='grc' dir='ltr'><strong>μὲν</strong></span> <span class='ocrx_word' id='word_1_230' title='bbox 1539 3305 1646 3358; x_wconf 74' lang='grc' dir='ltr'><strong>ἀπὸ</strong></span> <span class='ocrx_word' id='word_1_231' title='bbox 1678 3306 1775 3375; x_wconf 83' lang='grc' dir='ltr'><strong>τῆς</strong></span> 
     </span>
    </p>
   </div>
   <div class='ocr_carea' id='block_1_34' title="bbox 207 3386 1774 3463">
    <p class='ocr_par' dir='ltr' id='par_1_34' title="bbox 207 3386 1774 3463">
     <span class='ocr_line' id='line_1_34' title="bbox 207 3386 1774 3463; baseline 0.007 -26"><span class='ocrx_word' id='word_1_232' title='bbox 207 3387 433 3453; x_wconf 80' lang='grc' dir='ltr'><strong>τελετῆς</strong></span> <span class='ocrx_word' id='word_1_233' title='bbox 466 3386 786 3455; x_wconf 80' lang='grc' dir='ltr'><strong>ἀγιάζονται</strong></span> <span class='ocrx_word' id='word_1_234' title='bbox 817 3389 1016 3454; x_wconf 86' lang='grc' dir='ltr'><strong>πάντες</strong></span> <span class='ocrx_word' id='word_1_235' title='bbox 1046 3393 1094 3444; x_wconf 88' lang='grc' dir='ltr'><strong>οί</strong></span> <span class='ocrx_word' id='word_1_236' title='bbox 1126 3394 1320 3456; x_wconf 71' lang='grc' dir='ltr'><strong>πιστοὶ,</strong></span> <span class='ocrx_word' id='word_1_237' title='bbox 1348 3393 1500 3463; x_wconf 80' lang='grc' dir='ltr'><strong>δῆλον</strong></span> <span class='ocrx_word' id='word_1_238' title='bbox 1531 3394 1638 3447; x_wconf 73' lang='grc' dir='ltr'><strong>ἀπὸ</strong></span> <span class='ocrx_word' id='word_1_239' title='bbox 1666 3396 1774 3448; x_wconf 89' lang='grc' dir='ltr'><strong>τῶν</strong></span> 
     </span>
    </p>
   </div>
   <div class='ocr_carea' id='block_1_35' title="bbox 207 3477 1784 3553">
    <p class='ocr_par' dir='ltr' id='par_1_35' title="bbox 207 3477 1784 3553">
     <span class='ocr_line' id='line_1_35' title="bbox 207 3477 1784 3553; baseline 0.009 -26"><span class='ocrx_word' id='word_1_240' title='bbox 207 3477 558 3546; x_wconf 76' lang='grc' dir='ltr'><strong>εἰρημένων·</strong></span> <span class='ocrx_word' id='word_1_241' title='bbox 591 3483 638 3532; x_wconf 85' lang='grc' dir='ltr'><strong>εί</strong></span> <span class='ocrx_word' id='word_1_242' title='bbox 670 3480 726 3532; x_wconf 80' lang='grc' dir='ltr'><strong>δὲ</strong></span> <span class='ocrx_word' id='word_1_243' title='bbox 755 3480 850 3533; x_wconf 81' lang='grc' dir='ltr'><strong>καὶ</strong></span> <span class='ocrx_word' id='word_1_244' title='bbox 892 3485 1147 3547; x_wconf 82' lang='grc' dir='ltr'><strong>πάντοτε,</strong></span> <span class='ocrx_word' id='word_1_245' title='bbox 1185 3483 1368 3553; x_wconf 83' lang='grc' dir='ltr'><strong>ζητεῖν</strong></span> <span class='ocrx_word' id='word_1_246' title='bbox 1415 3485 1584 3550; x_wconf 75' lang='grc' dir='ltr'><strong>ἄξιον.</strong></span> <span class='ocrx_word' id='word_1_247' title='bbox 1625 3487 1784 3542; x_wconf 69' lang='grc' dir='ltr'><strong>Ἐπεὶ,</strong></span> 
     </span>
    </p>
   </div>
   <div class='ocr_carea' id='block_1_36' title="bbox 207 3567 1776 3645">
    <p class='ocr_par' dir='ltr' id='par_1_36' title="bbox 207 3567 1776 3645">
     <span class='ocr_line' id='line_1_36' title="bbox 207 3567 1776 3645; baseline 0.006 -26"><span class='ocrx_word' id='word_1_248' title='bbox 207 3567 319 3637; x_wconf 76' lang='grc' dir='ltr'><strong>γάρ</strong></span> <span class='ocrx_word' id='word_1_249' title='bbox 353 3567 540 3636; x_wconf 82' lang='grc' dir='ltr'><strong>δώρων</strong></span> <span class='ocrx_word' id='word_1_250' title='bbox 571 3570 689 3623; x_wconf 74' lang='grc' dir='ltr'><strong>ἐστὶ</strong></span> <span class='ocrx_word' id='word_1_251' title='bbox 735 3573 1068 3643; x_wconf 75' lang='grc' dir='ltr'><strong>προσαγωγὴ</strong></span> <span class='ocrx_word' id='word_1_252' title='bbox 1102 3574 1133 3639; x_wconf 83' lang='grc' dir='ltr'>ὴ</span> <span class='ocrx_word' id='word_1_253' title='bbox 1180 3573 1482 3640; x_wconf 77' lang='grc' dir='ltr'><strong>ἱερουργία,</strong></span> <span class='ocrx_word' id='word_1_254' title='bbox 1516 3574 1584 3627; x_wconf 75' lang='grc' dir='ltr'><strong>τά</strong></span> <span class='ocrx_word' id='word_1_255' title='bbox 1629 3576 1776 3645; x_wconf 82' lang='grc' dir='ltr'><strong>δῶρα</strong></span> 
     </span>
    </p>
   </div>
   <div class='ocr_carea' id='block_1_37' title="bbox 208 3659 1778 3734">
    <p class='ocr_par' dir='ltr' id='par_1_37' title="bbox 208 3659 1778 3734">
     <span class='ocr_line' id='line_1_37' title="bbox 208 3659 1778 3734; baseline 0.008 -24"><span class='ocrx_word' id='word_1_256' title='bbox 208 3659 266 3710; x_wconf 81' lang='grc' dir='ltr'><strong>δὲ</strong></span> <span class='ocrx_word' id='word_1_257' title='bbox 297 3659 360 3710; x_wconf 81' lang='grc' dir='ltr'><strong>οὐ</strong></span> <span class='ocrx_word' id='word_1_258' title='bbox 416 3660 646 3714; x_wconf 83' lang='grc' dir='ltr'><strong>πάντοτε</strong></span> <span class='ocrx_word' id='word_1_259' title='bbox 706 3663 874 3715; x_wconf 74' lang='grc' dir='ltr'><strong>δεκτὰ</strong></span> <span class='ocrx_word' id='word_1_260' title='bbox 928 3664 1082 3732; x_wconf 80' lang='grc' dir='ltr'><strong>ποιρά</strong></span> <span class='ocrx_word' id='word_1_261' title='bbox 1119 3667 1196 3732; x_wconf 82' lang='grc' dir='ltr'><strong>τῷ</strong></span> <span class='ocrx_word' id='word_1_262' title='bbox 1247 3664 1384 3734; x_wconf 78' lang='grc' dir='ltr'><strong>Θεῷ,</strong></span> <span class='ocrx_word' id='word_1_263' title='bbox 1414 3667 1529 3718; x_wconf 89' lang='grc' dir='ltr'><strong>ἀλλ’</strong></span> <span class='ocrx_word' id='word_1_264' title='bbox 1570 3667 1716 3721; x_wconf 80' lang='grc' dir='ltr'><strong>ἔστιν</strong></span> <span class='ocrx_word' id='word_1_265' title='bbox 1742 3669 1778 3722; x_wconf 75' lang='grc' dir='ltr'>ἃ</span> 
     </span>
    </p>
   </div>
   <div class='ocr_carea' id='block_1_38' title="bbox 209 3748 1775 3827">
    <p class='ocr_par' dir='ltr' id='par_1_38' title="bbox 209 3748 1775 3827">
     <span class='ocr_line' id='line_1_38' title="bbox 209 3748 1775 3827; baseline 0.008 -27"><span class='ocrx_word' id='word_1_266' title='bbox 209 3748 296 3801; x_wconf 79' lang='grc' dir='ltr'><strong>διὰ</strong></span> <span class='ocrx_word' id='word_1_267' title='bbox 327 3750 427 3819; x_wconf 73' lang='grc' dir='ltr'><strong>τὴν</strong></span> <span class='ocrx_word' id='word_1_268' title='bbox 462 3754 727 3822; x_wconf 85' lang='grc' dir='ltr'><strong>πονηρίαν</strong></span> <span class='ocrx_word' id='word_1_269' title='bbox 757 3754 864 3807; x_wconf 87' lang='grc' dir='ltr'><strong>τῶν</strong></span> <span class='ocrx_word' id='word_1_270' title='bbox 897 3756 1307 3824; x_wconf 84' lang='grc' dir='ltr'><strong>προσαγόντων,</strong></span> <span class='ocrx_word' id='word_1_271' title='bbox 1339 3758 1429 3808; x_wconf 78' lang='grc' dir='ltr'><strong>καὶ</strong></span> <span class='ocrx_word' id='word_1_272' title='bbox 1465 3760 1775 3827; x_wconf 81' lang='grc' dir='ltr'><strong>μισοῦνται,</strong></span> 
     </span>
    </p>
   </div>
   <div class='ocr_carea' id='block_1_39' title="bbox 210 3841 1776 3920">
    <p class='ocr_par' dir='ltr' id='par_1_39' title="bbox 210 3841 1776 3920">
     <span class='ocr_line' id='line_1_39' title="bbox 210 3841 1776 3920; baseline 0.008 -28"><span class='ocrx_word' id='word_1_273' title='bbox 210 3841 305 3892; x_wconf 68' lang='grc' dir='ltr'><strong>καὶ</strong></span> <span class='ocrx_word' id='word_1_274' title='bbox 363 3841 817 3911; x_wconf 80' lang='grc' dir='ltr'><strong>ἀποπέμπονται·</strong></span> <span class='ocrx_word' id='word_1_275' title='bbox 852 3846 947 3896; x_wconf 81' lang='grc' dir='ltr'><strong>καὶ</strong></span> <span class='ocrx_word' id='word_1_276' title='bbox 996 3846 1184 3898; x_wconf 80' lang='grc' dir='ltr'><strong>τούτου</strong></span> <span class='ocrx_word' id='word_1_277' title='bbox 1236 3847 1426 3898; x_wconf 78' lang='grc' dir='ltr'><strong>πολλαὶ</strong></span> <span class='ocrx_word' id='word_1_278' title='bbox 1481 3849 1580 3916; x_wconf 86' lang='grc' dir='ltr'><strong>μὲν</strong></span> <span class='ocrx_word' id='word_1_279' title='bbox 1627 3851 1776 3920; x_wconf 75' lang='grc' dir='ltr'><strong>παρὰ</strong></span> 
     </span>
    </p>
   </div>
   <div class='ocr_carea' id='block_1_40' title="bbox 209 3933 1776 4023">
    <p class='ocr_par' dir='ltr' id='par_1_40' title="bbox 209 3933 1776 4009">
     <span class='ocr_line' id='line_1_40' title="bbox 209 3933 1776 4009; baseline 0.006 -25"><span class='ocrx_word' id='word_1_280' title='bbox 209 3935 324 3993; x_wconf 82' lang='grc' dir='ltr'><strong>τοῖς</strong></span> <span class='ocrx_word' id='word_1_281' title='bbox 358 3933 628 3998; x_wconf 76' lang='grc' dir='ltr'><strong>παλαιοῖς,</strong></span> <span class='ocrx_word' id='word_1_282' title='bbox 670 3936 860 3991; x_wconf 70' lang='grc' dir='ltr'><strong>πολλαὶ</strong></span> <span class='ocrx_word' id='word_1_283' title='bbox 879 3937 935 3989; x_wconf 81' lang='grc' dir='ltr'><strong>δὲ</strong></span> <span class='ocrx_word' id='word_1_284' title='bbox 971 3939 1121 4006; x_wconf 78' lang='grc' dir='ltr'><strong>παρὰ</strong></span> <span class='ocrx_word' id='word_1_285' title='bbox 1154 3942 1266 4000; x_wconf 81' lang='grc' dir='ltr'><strong>τοῖς</strong></span> <span class='ocrx_word' id='word_1_286' title='bbox 1299 3939 1357 3991; x_wconf 82' lang='grc' dir='ltr'><strong>ὲν</strong></span> <span class='ocrx_word' id='word_1_287' title='bbox 1385 3941 1569 4009; x_wconf 84' lang='grc' dir='ltr'><strong>χάριτι</strong></span> <span class='ocrx_word' id='word_1_288' title='bbox 1615 3943 1776 4005; x_wconf 81' lang='grc' dir='ltr'><strong>ζῶσιν</strong></span> 
     </span>
    </p>
   </div>
   <div class='ocr_carea' id='block_1_41' title="bbox 211 4027 1778 4110">
    <p class='ocr_par' dir='ltr' id='par_1_41' title="bbox 211 4027 1778 4110">
     <span class='ocr_line' id='line_1_41' title="bbox 211 4027 1778 4110; baseline 0.006 -34"><span class='ocrx_word' id='word_1_289' title='bbox 211 4027 266 4076; x_wconf 85' lang='grc' dir='ltr'><strong>αἱ</strong></span> <span class='ocrx_word' id='word_1_290' title='bbox 297 4027 619 4110; x_wconf 64' lang='grc' dir='ltr'><strong>ἀποδείξεις,</strong></span> <span class='ocrx_word' id='word_1_291' title='bbox 652 4027 904 4098; x_wconf 78' lang='grc' dir='ltr'><strong>ζητῶμεν</strong></span> <span class='ocrx_word' id='word_1_292' title='bbox 937 4031 1010 4099; x_wconf 84' lang='grc' dir='ltr'><strong>μή</strong></span> <span class='ocrx_word' id='word_1_293' title='bbox 1042 4047 1170 4084; x_wconf 89' lang='grc' dir='ltr'><strong>ποτε</strong></span> <span class='ocrx_word' id='word_1_294' title='bbox 1202 4033 1296 4086; x_wconf 71' lang='grc' dir='ltr'><strong>καὶ</strong></span> <span class='ocrx_word' id='word_1_295' title='bbox 1335 4033 1510 4086; x_wconf 81' lang='grc' dir='ltr'><strong>ταῦτα</strong></span> <span class='ocrx_word' id='word_1_296' title='bbox 1535 4034 1602 4086; x_wconf 74' lang='grc' dir='ltr'><strong>τὰ</strong></span> <span class='ocrx_word' id='word_1_297' title='bbox 1631 4033 1778 4106; x_wconf 81' lang='grc' dir='ltr'><strong>δῶρα</strong></span> 
     </span>
    </p>
   </div>
   <div class='ocr_carea' id='block_1_42' title="bbox 213 4121 1777 4197">
    <p class='ocr_par' dir='ltr' id='par_1_42' title="bbox 213 4121 1777 4197">
     <span class='ocr_line' id='line_1_42' title="bbox 213 4121 1777 4197; baseline 0.014 -27"><span class='ocrx_word' id='word_1_298' title='bbox 213 4121 388 4172; x_wconf 83' lang='grc' dir='ltr'><strong>ὲνῖοτε</strong></span> <span class='ocrx_word' id='word_1_299' title='bbox 443 4121 620 4190; x_wconf 82' lang='grc' dir='ltr'><strong>μάτην</strong></span> <span class='ocrx_word' id='word_1_300' title='bbox 681 4124 1114 4194; x_wconf 81' lang='grc' dir='ltr'><strong>ίερουργοῦνται,</strong></span> <span class='ocrx_word' id='word_1_301' title='bbox 1167 4127 1241 4195; x_wconf 85' lang='grc' dir='ltr'><strong>μὴ</strong></span> <span class='ocrx_word' id='word_1_302' title='bbox 1295 4129 1654 4197; x_wconf 62' lang='grc' dir='ltr'><strong>ἁγιαζόμενοι,</strong></span> <span class='ocrx_word' id='word_1_303' title='bbox 1705 4130 1777 4192; x_wconf 75' lang='grc' dir='ltr'>ὡς</span> 
     </span>
    </p>
   </div>
   <div class='ocr_carea' id='block_1_43' title="bbox 213 4209 1780 4287">
    <p class='ocr_par' dir='ltr' id='par_1_43' title="bbox 213 4209 1780 4287">
     <span class='ocr_line' id='line_1_43' title="bbox 213 4209 1780 4287; baseline 0.006 -27"><span class='ocrx_word' id='word_1_304' title='bbox 213 4209 439 4276; x_wconf 73' lang='grc' dir='ltr'><strong>ἄδεκτα,</strong></span> <span class='ocrx_word' id='word_1_305' title='bbox 474 4213 614 4264; x_wconf 83' lang='grc' dir='ltr'><strong>κο.τά</strong></span> <span class='ocrx_word' id='word_1_306' title='bbox 662 4214 762 4281; x_wconf 80' lang='grc' dir='ltr'><strong>τὴν</strong></span> <span class='ocrx_word' id='word_1_307' title='bbox 813 4214 1148 4283; x_wconf 73' lang='grc' dir='ltr'><strong>ἐπαγγελίαν</strong></span> <span class='ocrx_word' id='word_1_308' title='bbox 1179 4219 1278 4286; x_wconf 81' lang='grc' dir='ltr'><strong>τῆς</strong></span> <span class='ocrx_word' id='word_1_309' title='bbox 1321 4219 1568 4287; x_wconf 82' lang='grc' dir='ltr'><strong>τελετῆς,</strong></span> <span class='ocrx_word' id='word_1_310' title='bbox 1608 4220 1682 4281; x_wconf 87' lang='grc' dir='ltr'><strong>ώς</strong></span> <span class='ocrx_word' id='word_1_311' title='bbox 1715 4220 1780 4272; x_wconf 82' lang='grc' dir='ltr'><strong>ἂν</strong></span> 
     </span>
    </p>
   </div>
   <div class='ocr_carea' id='block_1_44' title="bbox 213 4301 1778 4377">
    <p class='ocr_par' dir='ltr' id='par_1_44' title="bbox 213 4301 1778 4377">
     <span class='ocr_line' id='line_1_44' title="bbox 213 4301 1778 4377; baseline 0.006 -22"><span class='ocrx_word' id='word_1_312' title='bbox 213 4301 316 4355; x_wconf 77' lang='grc' dir='ltr'><strong>οὐκ</strong></span> <span class='ocrx_word' id='word_1_313' title='bbox 347 4302 433 4353; x_wconf 72' lang='grc' dir='ltr'><strong>ἀεὶ</strong></span> <span class='ocrx_word' id='word_1_314' title='bbox 475 4304 626 4372; x_wconf 74' lang='grc' dir='ltr'><strong>παρὰ</strong></span> <span class='ocrx_word' id='word_1_315' title='bbox 661 4305 878 4371; x_wconf 81' lang='grc' dir='ltr'><strong>ἀγαθῶν</strong></span> <span class='ocrx_word' id='word_1_316' title='bbox 928 4309 1155 4377; x_wconf 85' lang='grc' dir='ltr'><strong>ἀνδρῶν,</strong></span> <span class='ocrx_word' id='word_1_317' title='bbox 1190 4309 1303 4362; x_wconf 85' lang='grc' dir='ltr'><strong>ἀλλ’</strong></span> <span class='ocrx_word' id='word_1_318' title='bbox 1349 4311 1497 4363; x_wconf 77' lang='grc' dir='ltr'><strong>ἔστιν</strong></span> <span class='ocrx_word' id='word_1_319' title='bbox 1547 4313 1634 4364; x_wconf 83' lang='grc' dir='ltr'><strong>ὅτε</strong></span> <span class='ocrx_word' id='word_1_320' title='bbox 1688 4313 1778 4365; x_wconf 67' lang='grc' dir='ltr'><strong>καὶ</strong></span> 
     </span>
    </p>
   </div>
   <div class='ocr_carea' id='block_1_45' title="bbox 216 4399 1781 4470">
    <p class='ocr_par' dir='ltr' id='par_1_45' title="bbox 216 4399 1781 4470">
     <span class='ocr_line' id='line_1_45' title="bbox 216 4399 1781 4470; baseline 0.006 -22"><span class='ocrx_word' id='word_1_321' title='bbox 216 4399 471 4466; x_wconf 84' lang='grc' dir='ltr'><strong>πονηρῶν</strong></span> <span class='ocrx_word' id='word_1_322' title='bbox 497 4401 939 4468; x_wconf 70' lang='grc' dir='ltr'><strong>προσφερόμενα.</strong></span> <span class='ocrx_word' id='word_1_323' title='bbox 971 4401 1092 4454; x_wconf 86' lang='grc' dir='ltr'><strong>Ὅτι</strong></span> <span class='ocrx_word' id='word_1_324' title='bbox 1126 4401 1233 4470; x_wconf 78' lang='grc' dir='ltr'><strong>γὰρ</strong></span> <span class='ocrx_word' id='word_1_325' title='bbox 1261 4405 1287 4455; x_wconf 77' lang='grc' dir='ltr'><strong><em>ὁ</em></strong></span> <span class='ocrx_word' id='word_1_326' title='bbox 1319 4403 1450 4465; x_wconf 73' lang='grc' dir='ltr'><strong>Θεὸς</strong></span> <span class='ocrx_word' id='word_1_327' title='bbox 1480 4405 1574 4456; x_wconf 76' lang='grc' dir='ltr'><strong>καὶ</strong></span> <span class='ocrx_word' id='word_1_328' title='bbox 1612 4405 1781 4458; x_wconf 78' lang='grc' dir='ltr'><strong>ταῦτα</strong></span> 
     </span>
    </p>
   </div>
   <div class='ocr_carea' id='block_1_46' title="bbox 214 4490 1778 4569">
    <p class='ocr_par' dir='ltr' id='par_1_46' title="bbox 214 4490 1778 4569">
     <span class='ocr_line' id='line_1_46' title="bbox 214 4490 1778 4569; baseline 0.005 -29"><span class='ocrx_word' id='word_1_329' title='bbox 214 4491 280 4542; x_wconf 67' lang='grc' dir='ltr'><strong>τὰ</strong></span> <span class='ocrx_word' id='word_1_330' title='bbox 311 4490 462 4559; x_wconf 84' lang='grc' dir='ltr'><strong>δῶρα</strong></span> <span class='ocrx_word' id='word_1_331' title='bbox 497 4491 922 4560; x_wconf 67' lang='grc' dir='ltr'><strong>ἀποστρέφεται,</strong></span> <span class='ocrx_word' id='word_1_332' title='bbox 948 4493 1075 4546; x_wconf 80' lang='grc' dir='ltr'><strong>ὅταν</strong></span> <span class='ocrx_word' id='word_1_333' title='bbox 1098 4494 1124 4545; x_wconf 75' lang='grc'>6</span> <span class='ocrx_word' id='word_1_334' title='bbox 1151 4495 1439 4564; x_wconf 79' lang='grc' dir='ltr'><strong>προσάγων</strong></span> <span class='ocrx_word' id='word_1_335' title='bbox 1494 4495 1691 4566; x_wconf 79' lang='grc' dir='ltr'><strong>ἐναγὴς</strong></span> <span class='ocrx_word' id='word_1_336' title='bbox 1723 4494 1778 4569; x_wconf 79' lang='grc' dir='ltr'><strong>ᾗ,</strong></span> 
     </span>
    </p>
   </div>
   <div class='ocr_carea' id='block_1_47' title="bbox 211 4557 1781 4658">
    <p class='ocr_par' dir='ltr' id='par_1_47' title="bbox 211 4557 1781 4658">
     <span class='ocr_line' id='line_1_47' title="bbox 211 4557 1781 4658; baseline 0.004 -29"><span class='ocrx_word' id='word_1_337' title='bbox 211 4579 390 4646; x_wconf 75' lang='grc' dir='ltr'><strong>δῆλον,</strong></span> <span class='ocrx_word' id='word_1_338' title='bbox 425 4580 484 4644; x_wconf 80' lang='grc' dir='ltr'>ἐξ</span> <span class='ocrx_word' id='word_1_339' title='bbox 510 4573 584 4633; x_wconf 80' lang='grc' dir='ltr'><strong>ὧν</strong></span> <span class='ocrx_word' id='word_1_340' title='bbox 613 4583 652 4650; x_wconf 80' lang='grc' dir='ltr'>ἡ.</span> <span class='ocrx_word' id='word_1_341' title='bbox 701 4582 992 4652; x_wconf 67' lang='grc' dir='ltr'><strong>Ἰείκκλησίσι</strong></span> <span class='ocrx_word' id='word_1_342' title='bbox 1025 4583 1182 4637; x_wconf 82' lang='grc' dir='ltr'><strong>τοῦτο</strong></span> <span class='ocrx_word' id='word_1_343' title='bbox 1212 4589 1373 4640; x_wconf 83' lang='grc' dir='ltr'><strong>ποιεῖ.</strong></span> <span class='ocrx_word' id='word_1_344' title='bbox 1409 4585 1515 4637; x_wconf 76' lang='grc' dir='ltr'><strong>Καὶ</strong></span> <span class='ocrx_word' id='word_1_345' title='bbox 1553 4589 1659 4658; x_wconf 73' lang='grc' dir='ltr'><strong>γὰρ</strong></span> <span class='ocrx_word' id='word_1_346' title='bbox 1689 4557 1781 4651; x_wconf 53' lang='grc' dir='ltr'><strong>είς</strong></span> 
     </span>
    </p>
   </div>
   <div class='ocr_carea' id='block_1_48' title="bbox 217 4671 1778 4749">
    <p class='ocr_par' dir='ltr' id='par_1_48' title="bbox 217 4671 1778 4749">
     <span class='ocr_line' id='line_1_48' title="bbox 217 4671 1778 4749; baseline 0.006 -24"><span class='ocrx_word' id='word_1_347' title='bbox 217 4671 325 4726; x_wconf 78' lang='grc' dir='ltr'><strong>οἶδε</strong></span> <span class='ocrx_word' id='word_1_348' title='bbox 353 4676 628 4744; x_wconf 77' lang='grc' dir='ltr'><strong>Οανάσιμα</strong></span> <span class='ocrx_word' id='word_1_349' title='bbox 657 4678 1089 4746; x_wconf 61' lang='grc' dir='ltr'><strong>ἁμαρτάνοντας,</strong></span> <span class='ocrx_word' id='word_1_350' title='bbox 1107 4680 1204 4732; x_wconf 76' lang='grc' dir='ltr'><strong>οὐκ</strong></span> <span class='ocrx_word' id='word_1_351' title='bbox 1234 4680 1299 4749; x_wconf 78' lang='grc' dir='ltr'><strong>ἐᾷ</strong></span> <span class='ocrx_word' id='word_1_352' title='bbox 1327 4683 1393 4733; x_wconf 72' lang='grc' dir='ltr'><strong>τὰ</strong></span> <span class='ocrx_word' id='word_1_353' title='bbox 1424 4681 1649 4735; x_wconf 75' lang='grc' dir='ltr'><strong>τοιαῦτα</strong></span> <span class='ocrx_word' id='word_1_354' title='bbox 1675 4683 1778 4736; x_wconf 87' lang='grc' dir='ltr'><strong>δω-</strong></span> 
     </span>
    </p>
   </div>
   <div class='ocr_carea' id='block_1_49' title="bbox 223 4769 1784 4842">
    <p class='ocr_par' dir='ltr' id='par_1_49' title="bbox 223 4769 1784 4842">
     <span class='ocr_line' id='line_1_49' title="bbox 223 4769 1784 4842; baseline 0.004 -23"><span class='ocrx_word' id='word_1_355' title='bbox 223 4769 512 4836; x_wconf 66' lang='grc' dir='ltr'><strong>ροφορεῖν·</strong></span> <span class='ocrx_word' id='word_1_356' title='bbox 552 4769 654 4821; x_wconf 79' lang='grc' dir='ltr'><strong>κᾶν</strong></span> <span class='ocrx_word' id='word_1_357' title='bbox 708 4771 1074 4838; x_wconf 78' lang='grc' dir='ltr'><strong>τολμήσωσιν,</strong></span> <span class='ocrx_word' id='word_1_358' title='bbox 1110 4772 1170 4822; x_wconf 84' lang='grc' dir='ltr'><strong>οὑ</strong></span> <span class='ocrx_word' id='word_1_359' title='bbox 1223 4772 1610 4842; x_wconf 78' lang='grc' dir='ltr'><strong>παραδέχεται,</strong></span> <span class='ocrx_word' id='word_1_360' title='bbox 1667 4774 1784 4826; x_wconf 84' lang='grc' dir='ltr'><strong>ἀλλ’</strong></span> 
     </span>
    </p>
   </div>
   <div class='ocr_carea' id='block_1_50' title="bbox 221 4857 1784 4929">
    <p class='ocr_par' dir='ltr' id='par_1_50' title="bbox 221 4857 1784 4929">
     <span class='ocr_line' id='line_1_50' title="bbox 221 4857 1784 4929; baseline 0.006 -22"><span class='ocrx_word' id='word_1_361' title='bbox 221 4857 517 4908; x_wconf 79' lang='grc' dir='ltr'><strong>ὀποδιώκει</strong></span> <span class='ocrx_word' id='word_1_362' title='bbox 548 4859 686 4925; x_wconf 86' lang='grc' dir='ltr'><strong>μετὰ</strong></span> <span class='ocrx_word' id='word_1_363' title='bbox 736 4860 842 4910; x_wconf 87' lang='grc' dir='ltr'><strong>τῶν</strong></span> <span class='ocrx_word' id='word_1_364' title='bbox 891 4859 1098 4929; x_wconf 87' lang='grc' dir='ltr'><strong>δώρων.</strong></span> <span class='ocrx_word' id='word_1_365' title='bbox 1145 4861 1281 4914; x_wconf 76' lang='grc' dir='ltr'><strong>Ἀλλ’</strong></span> <span class='ocrx_word' id='word_1_366' title='bbox 1312 4863 1431 4914; x_wconf 76' lang='grc' dir='ltr'><strong>ἐπεὶ</strong></span> <span class='ocrx_word' id='word_1_367' title='bbox 1473 4865 1532 4914; x_wconf 75' lang='grc' dir='ltr'><strong>οὐ</strong></span> <span class='ocrx_word' id='word_1_368' title='bbox 1578 4865 1784 4926; x_wconf 73' lang='grc' dir='ltr'><strong>πάντας</strong></span> 
     </span>
    </p>
   </div>
   <div class='ocr_carea' id='block_1_51' title="bbox 225 4945 1785 5019">
    <p class='ocr_par' dir='ltr' id='par_1_51' title="bbox 225 4945 1785 5019">
     <span class='ocr_line' id='line_1_51' title="bbox 225 4945 1785 5019; baseline 0.003 -21"><span class='ocrx_word' id='word_1_369' title='bbox 225 4949 347 5008; x_wconf 78' lang='grc' dir='ltr'><strong>τοὺς</strong></span> <span class='ocrx_word' id='word_1_370' title='bbox 400 4946 676 5010; x_wconf 78' lang='grc' dir='ltr'><strong>τοιούτους</strong></span> <span class='ocrx_word' id='word_1_371' title='bbox 811 4949 1110 5017; x_wconf 80' lang='grc' dir='ltr'><strong>Ἐκκλησία</strong></span> <span class='ocrx_word' id='word_1_372' title='bbox 1159 4945 1265 5002; x_wconf 71' lang='grc' dir='ltr'><strong>οἶδε</strong></span> <span class='ocrx_word' id='word_1_373' title='bbox 1315 4949 1514 5014; x_wconf 77' lang='grc' dir='ltr'><strong>καλῶς,</strong></span> <span class='ocrx_word' id='word_1_374' title='bbox 1571 4951 1683 5004; x_wconf 83' lang='grc' dir='ltr'><strong>ἀλλ’</strong></span> <span class='ocrx_word' id='word_1_375' title='bbox 1738 4952 1785 5002; x_wconf 90' lang='grc' dir='ltr'><strong>οί</strong></span> 
     </span>
    </p>
   </div>
   <div class='ocr_carea' id='block_1_52' title="bbox 225 5037 1788 5112">
    <p class='ocr_par' dir='ltr' id='par_1_52' title="bbox 225 5037 1788 5112">
     <span class='ocr_line' id='line_1_52' title="bbox 225 5037 1788 5112; baseline 0.006 -25"><span class='ocrx_word' id='word_1_376' title='bbox 225 5037 445 5100; x_wconf 81' lang='grc' dir='ltr'><strong>πλείους</strong></span> <span class='ocrx_word' id='word_1_377' title='bbox 474 5037 817 5104; x_wconf 73' lang='grc' dir='ltr'><strong>λανθάνουσι,</strong></span> <span class='ocrx_word' id='word_1_378' title='bbox 847 5042 942 5093; x_wconf 71' lang='grc' dir='ltr'><strong>καὶ</strong></span> <span class='ocrx_word' id='word_1_379' title='bbox 971 5041 1041 5092; x_wconf 78' lang='grc' dir='ltr'><strong>τά</strong></span> <span class='ocrx_word' id='word_1_380' title='bbox 1068 5041 1215 5110; x_wconf 84' lang='grc' dir='ltr'><strong>δῶρα</strong></span> <span class='ocrx_word' id='word_1_381' title='bbox 1246 5041 1424 5095; x_wconf 80' lang='grc' dir='ltr'><strong>αὐτῶν</strong></span> <span class='ocrx_word' id='word_1_382' title='bbox 1448 5043 1479 5111; x_wconf 77' lang='grc' dir='ltr'>ὴ</span> <span class='ocrx_word' id='word_1_383' title='bbox 1510 5041 1629 5094; x_wconf 77' lang='grc' dir='ltr'><strong>θεία</strong></span> <span class='ocrx_word' id='word_1_384' title='bbox 1657 5043 1788 5112; x_wconf 79' lang='grc' dir='ltr'><strong>τρά-</strong></span> 
     </span>
    </p>
   </div>
   <div class='ocr_carea' id='block_1_53' title="bbox 227 5129 1786 5203">
    <p class='ocr_par' dir='ltr' id='par_1_53' title="bbox 227 5129 1786 5203">
     <span class='ocr_line' id='line_1_53' title="bbox 227 5129 1786 5203; baseline 0.004 -23"><span class='ocrx_word' id='word_1_385' title='bbox 227 5131 367 5192; x_wconf 75' lang='grc' dir='ltr'><strong>πεζα</strong></span> <span class='ocrx_word' id='word_1_386' title='bbox 396 5129 633 5196; x_wconf 80' lang='grc' dir='ltr'><strong>δέχεται,</strong></span> <span class='ocrx_word' id='word_1_387' title='bbox 657 5132 708 5182; x_wconf 90' lang='grc' dir='ltr'><strong>τί</strong></span> <span class='ocrx_word' id='word_1_388' title='bbox 740 5131 846 5201; x_wconf 80' lang='grc' dir='ltr'><strong>χρὴ</strong></span> <span class='ocrx_word' id='word_1_389' title='bbox 868 5133 995 5201; x_wconf 84' lang='grc' dir='ltr'><strong>περὶ</strong></span> <span class='ocrx_word' id='word_1_390' title='bbox 1025 5132 1248 5186; x_wconf 79' lang='grc' dir='ltr'><strong>ἐκείνων</strong></span> <span class='ocrx_word' id='word_1_391' title='bbox 1282 5134 1390 5187; x_wconf 86' lang='grc' dir='ltr'><strong>τῶν</strong></span> <span class='ocrx_word' id='word_1_392' title='bbox 1414 5133 1598 5203; x_wconf 85' lang='grc' dir='ltr'><strong>δώρων</strong></span> <span class='ocrx_word' id='word_1_393' title='bbox 1625 5134 1786 5202; x_wconf 73' lang='grc' dir='ltr'><strong>γινώ-</strong></span> 
     </span>
    </p>
   </div>
   <div class='ocr_carea' id='block_1_54' title="bbox 229 5216 1789 5292">
    <p class='ocr_par' dir='ltr' id='par_1_54' title="bbox 229 5216 1789 5292">
     <span class='ocr_line' id='line_1_54' title="bbox 229 5216 1789 5292; baseline -0.001 -19"><span class='ocrx_word' id='word_1_394' title='bbox 229 5239 418 5286; x_wconf 64' lang='lat' dir='ltr'><strong>caestv;</strong></span> <span class='ocrx_word' id='word_1_395' title='bbox 452 5216 606 5288; x_wconf 66' lang='lat' dir='ltr'><strong>&#39;Apa</strong></span> <span class='ocrx_word' id='word_1_396' title='bbox 651 5221 852 5273; x_wconf 77' lang='grc' dir='ltr'><strong>ἀδεκτα</strong></span> <span class='ocrx_word' id='word_1_397' title='bbox 902 5222 1050 5287; x_wconf 83' lang='grc' dir='ltr'><strong>ποιρά</strong></span> <span class='ocrx_word' id='word_1_398' title='bbox 1096 5221 1172 5290; x_wconf 79' lang='grc' dir='ltr'><strong>τῷ</strong></span> <span class='ocrx_word' id='word_1_399' title='bbox 1219 5221 1360 5292; x_wconf 82' lang='grc' dir='ltr'><strong>Θεῷ,</strong></span> <span class='ocrx_word' id='word_1_400' title='bbox 1395 5223 1484 5274; x_wconf 72' lang='grc' dir='ltr'><strong>καὶ</strong></span> <span class='ocrx_word' id='word_1_401' title='bbox 1513 5221 1789 5290; x_wconf 82' lang='grc' dir='ltr'><strong>ἀγισσμοῠ</strong></span> 
     </span>
    </p>
   </div>
   <div class='ocr_carea' id='block_1_55' title="bbox 229 5309 1789 5380">
    <p class='ocr_par' dir='ltr' id='par_1_55' title="bbox 229 5309 1789 5380">
     <span class='ocr_line' id='line_1_55' title="bbox 229 5309 1789 5380; baseline 0 -18"><span class='ocrx_word' id='word_1_402' title='bbox 229 5313 428 5372; x_wconf 76' lang='grc' dir='ltr'><strong>παντὸς</strong></span> <span class='ocrx_word' id='word_1_403' title='bbox 465 5312 687 5380; x_wconf 72' lang='grc' dir='ltr'><strong>ἐρημαξ</strong></span> <span class='ocrx_word' id='word_1_404' title='bbox 744 5311 854 5362; x_wconf 73' lang='grc' dir='ltr'><strong>Καὶ</strong></span> <span class='ocrx_word' id='word_1_405' title='bbox 901 5313 950 5362; x_wconf 83' lang='grc' dir='ltr'><strong>εἰ</strong></span> <span class='ocrx_word' id='word_1_406' title='bbox 999 5309 1157 5363; x_wconf 82' lang='grc' dir='ltr'><strong>τοῦτο</strong></span> <span class='ocrx_word' id='word_1_407' title='bbox 1191 5311 1388 5378; x_wconf 83' lang='grc' dir='ltr'><strong>δοθείη,</strong></span> <span class='ocrx_word' id='word_1_408' title='bbox 1421 5311 1615 5379; x_wconf 80' lang='grc' dir='ltr'><strong>ἄδηλον</strong></span> <span class='ocrx_word' id='word_1_409' title='bbox 1660 5311 1789 5362; x_wconf 78' lang='grc' dir='ltr'><strong>πότε</strong></span> 
     </span>
    </p>
   </div>
   <div class='ocr_carea' id='block_1_56' title="bbox 227 5401 1797 5471">
    <p class='ocr_par' dir='ltr' id='par_1_56' title="bbox 227 5401 1797 5471">
     <span class='ocr_line' id='line_1_56' title="bbox 227 5401 1797 5471; baseline -0.004 -14"><span class='ocrx_word' id='word_1_410' title='bbox 227 5406 379 5470; x_wconf 84' lang='grc' dir='ltr'><strong>ἆγια,</strong></span> <span class='ocrx_word' id='word_1_411' title='bbox 405 5401 499 5456; x_wconf 80' lang='grc' dir='ltr'><strong>τοῦ</strong></span> <span class='ocrx_word' id='word_1_412' title='bbox 530 5403 735 5471; x_wconf 61' lang='grc' dir='ltr'><strong>τρόπον</strong></span> <span class='ocrx_word' id='word_1_413' title='bbox 763 5402 872 5454; x_wconf 88' lang='grc' dir='ltr'><strong>τῶν</strong></span> <span class='ocrx_word' id='word_1_414' title='bbox 900 5402 1280 5471; x_wconf 82' lang='grc' dir='ltr'><strong>προσαγόντων</strong></span> <span class='ocrx_word' id='word_1_415' title='bbox 1317 5404 1390 5465; x_wconf 79' lang='grc' dir='ltr'><strong>ὡς</strong></span> <span class='ocrx_word' id='word_1_416' title='bbox 1441 5401 1532 5454; x_wconf 76' lang='grc' dir='ltr'><strong>ἐπὶ</strong></span> <span class='ocrx_word' id='word_1_417' title='bbox 1558 5401 1616 5453; x_wconf 78' lang='grc' dir='ltr'><strong>τὸ</strong></span> <span class='ocrx_word' id='word_1_418' title='bbox 1648 5401 1797 5453; x_wconf 86' lang='grc' dir='ltr'><strong>πλεῖ-</strong></span> 
     </span>
    </p>
   </div>
   <div class='ocr_carea' id='block_1_57' title="bbox 230 5493 1791 5564">
    <p class='ocr_par' dir='ltr' id='par_1_57' title="bbox 230 5493 1791 5564">
     <span class='ocr_line' id='line_1_57' title="bbox 230 5493 1791 5564; baseline -0.003 -16"><span class='ocrx_word' id='word_1_419' title='bbox 230 5512 355 5549; x_wconf 88' lang='grc' dir='ltr'><strong>στον</strong></span> <span class='ocrx_word' id='word_1_420' title='bbox 411 5494 911 5564; x_wconf 77' lang='grc' dir='ltr'><strong>ἀμφιδαλλομένου,</strong></span> <span class='ocrx_word' id='word_1_421' title='bbox 963 5494 994 5562; x_wconf 77' lang='grc' dir='ltr'>ἢ</span> <span class='ocrx_word' id='word_1_422' title='bbox 1062 5495 1336 5558; x_wconf 79' lang='grc' dir='ltr'><strong>παντελῶς</strong></span> <span class='ocrx_word' id='word_1_423' title='bbox 1401 5493 1791 5562; x_wconf 56' lang='grc' dir='ltr'><strong>ἀγνοουμένου,</strong></span> 
     </span>
    </p>
   </div>
   <div class='ocr_carea' id='block_1_58' title="bbox 227 5586 1796 5657">
    <p class='ocr_par' dir='ltr' id='par_1_58' title="bbox 227 5586 1796 5657">
     <span class='ocr_line' id='line_1_58' title="bbox 227 5586 1796 5657; baseline -0.003 -15"><span class='ocrx_word' id='word_1_424' title='bbox 227 5589 324 5642; x_wconf 68' lang='grc' dir='ltr'><strong>καὶ</strong></span> <span class='ocrx_word' id='word_1_425' title='bbox 375 5587 548 5650; x_wconf 79' lang='grc' dir='ltr'><strong>οὕτως</strong></span> <span class='ocrx_word' id='word_1_426' title='bbox 578 5586 1014 5657; x_wconf 74' lang='grc' dir='ltr'><strong>ἀμφιγνοοῦντας</strong></span> <span class='ocrx_word' id='word_1_427' title='bbox 1043 5587 1135 5638; x_wconf 67' lang='grc' dir='ltr'><strong>καὶ</strong></span> <span class='ocrx_word' id='word_1_428' title='bbox 1166 5586 1333 5656; x_wconf 67' lang='grc' dir='ltr'><strong>χωρὶς</strong></span> <span class='ocrx_word' id='word_1_429' title='bbox 1363 5586 1595 5647; x_wconf 83' lang='grc' dir='ltr'><strong>πίστεως</strong></span> <span class='ocrx_word' id='word_1_430' title='bbox 1629 5603 1796 5654; x_wconf 82' lang='grc' dir='ltr'><strong>προσ-</strong></span> 
     </span>
    </p>
   </div>
   <div class='ocr_carea' id='block_1_59' title="bbox 230 5676 1794 5763">
    <p class='ocr_par' dir='ltr' id='par_1_59' title="bbox 230 5676 1794 5763">
     <span class='ocr_line' id='line_1_59' title="bbox 230 5676 1794 5763; baseline -0.002 -32"><span class='ocrx_word' id='word_1_431' title='bbox 230 5676 561 5763; x_wconf 73' lang='grc' dir='ltr'><strong>ερχομένους</strong></span> <span class='ocrx_word' id='word_1_432' title='bbox 611 5679 724 5738; x_wconf 77' lang='grc' dir='ltr'><strong>τοῖς</strong></span> <span class='ocrx_word' id='word_1_433' title='bbox 751 5678 1069 5746; x_wconf 81' lang='grc' dir='ltr'><strong>μυστηρίοις</strong></span> <span class='ocrx_word' id='word_1_434' title='bbox 1093 5677 1306 5746; x_wconf 82' lang='grc' dir='ltr'><strong>ἀνάγκη</strong></span> <span class='ocrx_word' id='word_1_435' title='bbox 1342 5678 1506 5747; x_wconf 72' lang='grc' dir='ltr'><strong>μηδὲν</strong></span> <span class='ocrx_word' id='word_1_436' title='bbox 1536 5679 1664 5747; x_wconf 77' lang='grc' dir='ltr'><strong>παρ’</strong></span> <span class='ocrx_word' id='word_1_437' title='bbox 1695 5677 1794 5728; x_wconf 82' lang='grc' dir='ltr'><strong>αὐ-</strong></span> 
     </span>
    </p>
   </div>
   <div class='ocr_carea' id='block_1_60' title="bbox 231 5766 1797 5838">
    <p class='ocr_par' dir='ltr' id='par_1_60' title="bbox 231 5766 1797 5838">
     <span class='ocr_line' id='line_1_60' title="bbox 231 5766 1797 5838; baseline -0.002 -15"><span class='ocrx_word' id='word_1_438' title='bbox 231 5771 336 5823; x_wconf 83' lang='grc' dir='ltr'><strong>τῶν</strong></span> <span class='ocrx_word' id='word_1_439' title='bbox 374 5770 499 5832; x_wconf 81' lang='grc' dir='ltr'><strong>τοὺς</strong></span> <span class='ocrx_word' id='word_1_440' title='bbox 553 5769 776 5829; x_wconf 74' lang='grc' dir='ltr'><strong>πιστοὺς</strong></span> <span class='ocrx_word' id='word_1_441' title='bbox 810 5768 1156 5836; x_wconf 64' lang='grc' dir='ltr'><strong>ὡφελεῖσθαι.</strong></span> <span class='ocrx_word' id='word_1_442' title='bbox 1201 5767 1267 5821; x_wconf 84' lang='grc' dir='ltr'><strong>Τί</strong></span> <span class='ocrx_word' id='word_1_443' title='bbox 1317 5768 1409 5821; x_wconf 78' lang='grc' dir='ltr'><strong>οὖν</strong></span> <span class='ocrx_word' id='word_1_444' title='bbox 1443 5769 1577 5838; x_wconf 63' lang='grc' dir='ltr'><strong>προς</strong></span> <span class='ocrx_word' id='word_1_445' title='bbox 1624 5766 1797 5820; x_wconf 79' lang='grc' dir='ltr'><strong>ταῦτα</strong></span> 
     </span>
    </p>
   </div>
   <div class='ocr_carea' id='block_1_61' title="bbox 231 5859 1797 5934">
    <p class='ocr_par' dir='ltr' id='par_1_61' title="bbox 231 5859 1797 5934">
     <span class='ocr_line' id='line_1_61' title="bbox 231 5859 1797 5934; baseline -0.004 -19"><span class='ocrx_word' id='word_1_446' title='bbox 231 5861 375 5915; x_wconf 69' lang='grc' dir='ltr'><strong>ἐστιν</strong></span> <span class='ocrx_word' id='word_1_447' title='bbox 399 5862 576 5913; x_wconf 72' lang='grc' dir='ltr'><strong>εἰπεῖν</strong></span> <span class='ocrx_word' id='word_1_448' title='bbox 602 5879 615 5927; x_wconf 86' lang='grc'>;</span> <span class='ocrx_word' id='word_1_449' title='bbox 650 5859 766 5912; x_wconf 67' lang='grc' dir='ltr'><strong>Ὅτι</strong></span> <span class='ocrx_word' id='word_1_450' title='bbox 800 5860 979 5930; x_wconf 76' lang='grc' dir='ltr'><strong>διττῆς</strong></span> <span class='ocrx_word' id='word_1_451' title='bbox 1004 5860 1174 5934; x_wconf 63' lang='grc' dir='ltr'><strong>⁸οὔσης</strong></span> <span class='ocrx_word' id='word_1_452' title='bbox 1205 5860 1302 5927; x_wconf 72' lang='grc' dir='ltr'><strong>τῆς</strong></span> <span class='ocrx_word' id='word_1_453' title='bbox 1323 5859 1427 5911; x_wconf 83' lang='grc' dir='ltr'><strong>τῶν</strong></span> <span class='ocrx_word' id='word_1_454' title='bbox 1456 5859 1640 5928; x_wconf 72' lang='grc' dir='ltr'><strong>διὶ›ρ‹ι)ν</strong></span> <span class='ocrx_word' id='word_1_455' title='bbox 1666 5874 1797 5927; x_wconf 79' lang='grc' dir='ltr'><strong>προ-</strong></span> 
     </span>
    </p>
   </div>
   <div class='ocr_carea' id='block_1_62' title="bbox 1859 648 3424 734">
    <p class='ocr_par' dir='ltr' id='par_1_62' title="bbox 1859 648 3424 734">
     <span class='ocr_line' id='line_1_62' title="bbox 1859 648 3424 734; baseline -0.016 -12"><span class='ocrx_word' id='word_1_456' title='bbox 1859 668 2024 723; x_wconf 85' lang='lat' dir='ltr'><strong>etiam</strong></span> <span class='ocrx_word' id='word_1_457' title='bbox 2060 664 2255 734; x_wconf 88' lang='lat' dir='ltr'><strong>seipsis</strong></span> <span class='ocrx_word' id='word_1_458' title='bbox 2296 663 2340 718; x_wconf 90' lang='lat' dir='ltr'><strong>si</strong></span> <span class='ocrx_word' id='word_1_459' title='bbox 2372 671 2555 716; x_wconf 78' lang='lat' dir='ltr'><strong>essent</strong></span> <span class='ocrx_word' id='word_1_460' title='bbox 2616 674 2740 712; x_wconf 91' lang='lat' dir='ltr'><strong>eum</strong></span> <span class='ocrx_word' id='word_1_461' title='bbox 2788 668 3038 724; x_wconf 89' lang='lat' dir='ltr'><strong>corpore.</strong></span> <span class='ocrx_word' id='word_1_462' title='bbox 3067 650 3208 717; x_wconf 84' lang='lat' dir='ltr'><strong>Quin</strong></span> <span class='ocrx_word' id='word_1_463' title='bbox 3259 648 3424 700; x_wconf 87' lang='lat' dir='ltr'><strong>etiam</strong></span> 
     </span>
    </p>
   </div>
   <div class='ocr_carea' id='block_1_63' title="bbox 1858 744 3430 830">
    <p class='ocr_par' dir='ltr' id='par_1_63' title="bbox 1858 744 3430 830">
     <span class='ocr_line' id='line_1_63' title="bbox 1858 744 3430 830; baseline -0.016 -14"><span class='ocrx_word' id='word_1_464' title='bbox 1858 761 1963 816; x_wconf 79' lang='lat' dir='ltr'><strong>hoc</strong></span> <span class='ocrx_word' id='word_1_465' title='bbox 2004 761 2181 830; x_wconf 86' lang='lat' dir='ltr'><strong>ipsum</strong></span> <span class='ocrx_word' id='word_1_466' title='bbox 2215 759 2389 812; x_wconf 88' lang='lat' dir='ltr'><strong>solum</strong></span> <span class='ocrx_word' id='word_1_467' title='bbox 2447 755 2589 824; x_wconf 91' lang='lat' dir='ltr'><strong>quod</strong></span> <span class='ocrx_word' id='word_1_468' title='bbox 2633 752 2840 807; x_wconf 74' lang='lat' dir='ltr'><strong>scilicet</strong></span> <span class='ocrx_word' id='word_1_469' title='bbox 2880 757 3005 803; x_wconf 85' lang='lat' dir='ltr'><strong>sunt</strong></span> <span class='ocrx_word' id='word_1_470' title='bbox 3050 744 3209 799; x_wconf 69' lang='lat' dir='ltr'><strong>nuda:</strong></span> <span class='ocrx_word' id='word_1_471' title='bbox 3236 754 3430 808; x_wconf 89' lang='lat' dir='ltr'><strong>corpo-</strong></span> 
     </span>
    </p>
   </div>
   <div class='ocr_carea' id='block_1_64' title="bbox 1859 835 3426 921">
    <p class='ocr_par' dir='ltr' id='par_1_64' title="bbox 1859 835 3426 921">
     <span class='ocr_line' id='line_1_64' title="bbox 1859 835 3426 921; baseline -0.017 -11"><span class='ocrx_word' id='word_1_472' title='bbox 1859 870 1937 921; x_wconf 88' lang='lat' dir='ltr'><strong>re,</strong></span> <span class='ocrx_word' id='word_1_473' title='bbox 1965 853 2128 909; x_wconf 77' lang='lat' dir='ltr'><strong>efﬁcit</strong></span> <span class='ocrx_word' id='word_1_474' title='bbox 2184 861 2243 906; x_wconf 93' lang='lat' dir='ltr'><strong>ut</strong></span> <span class='ocrx_word' id='word_1_475' title='bbox 2267 851 2376 906; x_wconf 89' lang='lat' dir='ltr'><strong>sint.</strong></span> <span class='ocrx_word' id='word_1_476' title='bbox 2405 848 2574 902; x_wconf 91' lang='lat' dir='ltr'><strong>multo</strong></span> <span class='ocrx_word' id='word_1_477' title='bbox 2603 844 2838 914; x_wconf 80' lang='lat' dir='ltr'><strong>aptiores</strong></span> <span class='ocrx_word' id='word_1_478' title='bbox 2869 842 2930 894; x_wconf 83' lang='lat' dir='ltr'><strong>ad</strong></span> <span class='ocrx_word' id='word_1_479' title='bbox 2960 835 3426 905; x_wconf 74' lang='lat' dir='ltr'><strong>participationem</strong></span> 
     </span>
    </p>
   </div>
   <div class='ocr_carea' id='block_1_65' title="bbox 1860 934 3428 1018">
    <p class='ocr_par' dir='ltr' id='par_1_65' title="bbox 1860 934 3428 1018">
     <span class='ocr_line' id='line_1_65' title="bbox 1860 934 3428 1018; baseline -0.016 -15"><span class='ocrx_word' id='word_1_480' title='bbox 1860 947 2291 1018; x_wconf 87' lang='lat' dir='ltr'><strong>mysteriorum,</strong></span> <span class='ocrx_word' id='word_1_481' title='bbox 2332 958 2496 1013; x_wconf 86' lang='lat' dir='ltr'><strong>quam</strong></span> <span class='ocrx_word' id='word_1_482' title='bbox 2551 939 2666 994; x_wconf 77' lang='lat' dir='ltr'><strong>fieri</strong></span> <span class='ocrx_word' id='word_1_483' title='bbox 2723 944 2905 1005; x_wconf 60' lang='lat' dir='ltr'><strong>posset</strong></span> <span class='ocrx_word' id='word_1_484' title='bbox 2938 934 2982 987; x_wconf 77' lang='lat' dir='ltr'><strong>si</strong></span> <span class='ocrx_word' id='word_1_485' title='bbox 3038 938 3220 986; x_wconf 91' lang='lat' dir='ltr'><strong>essent</strong></span> <span class='ocrx_word' id='word_1_486' title='bbox 3273 937 3428 980; x_wconf 75' lang='lat' dir='ltr'><strong>tecta:</strong></span> 
     </span>
    </p>
   </div>
   <div class='ocr_carea' id='block_1_66' title="bbox 1863 1024 3431 1108">
    <p class='ocr_par' dir='ltr' id='par_1_66' title="bbox 1863 1024 3431 1108">
     <span class='ocr_line' id='line_1_66' title="bbox 1863 1024 3431 1108; baseline -0.017 -13"><span class='ocrx_word' id='word_1_487' title='bbox 1863 1053 2106 1108; x_wconf 87' lang='lat' dir='ltr'><strong>corpore.</strong></span> <span class='ocrx_word' id='word_1_488' title='bbox 2127 1037 2261 1092; x_wconf 85' lang='lat' dir='ltr'><strong>Cum</strong></span> <span class='ocrx_word' id='word_1_489' title='bbox 2283 1038 2426 1090; x_wconf 88' lang='lat' dir='ltr'><strong>enim</strong></span> <span class='ocrx_word' id='word_1_490' title='bbox 2457 1034 2563 1087; x_wconf 88' lang='lat' dir='ltr'><strong>sint</strong></span> <span class='ocrx_word' id='word_1_491' title='bbox 2595 1030 2702 1084; x_wconf 91' lang='lat' dir='ltr'><strong>illic</strong></span> <span class='ocrx_word' id='word_1_492' title='bbox 2732 1028 2912 1081; x_wconf 73' lang='lat' dir='ltr'><strong>multa:</strong></span> <span class='ocrx_word' id='word_1_493' title='bbox 2945 1024 3240 1078; x_wconf 69' lang='lat' dir='ltr'><strong>etdiversm</strong></span> <span class='ocrx_word' id='word_1_494' title='bbox 3272 1034 3431 1072; x_wconf 77' lang='lat' dir='ltr'><strong>man-</strong></span> 
     </span>
    </p>
   </div>
   <div class='ocr_carea' id='block_1_67' title="bbox 1863 1109 3430 1193">
    <p class='ocr_par' dir='ltr' id='par_1_67' title="bbox 1863 1109 3430 1193">
     <span class='ocr_line' id='line_1_67' title="bbox 1863 1109 3430 1193; baseline -0.015 -8"><span class='ocrx_word' id='word_1_495' title='bbox 1863 1129 2142 1193; x_wconf 88' lang='lat' dir='ltr'><strong>sienes,ut</strong></span> <span class='ocrx_word' id='word_1_496' title='bbox 2169 1128 2349 1181; x_wconf 80' lang='lat' dir='ltr'><strong>etnnis</strong></span> <span class='ocrx_word' id='word_1_497' title='bbox 2385 1125 2602 1179; x_wconf 78' lang='lat' dir='ltr'><strong>virtutis</strong></span> <span class='ocrx_word' id='word_1_498' title='bbox 2635 1121 2826 1175; x_wconf 87' lang='lat' dir='ltr'><strong>modus</strong></span> <span class='ocrx_word' id='word_1_499' title='bbox 2871 1118 3190 1178; x_wconf 84' lang='lat' dir='ltr'><strong>honorctur,</strong></span> <span class='ocrx_word' id='word_1_500' title='bbox 3225 1121 3276 1166; x_wconf 91' lang='lat' dir='ltr'><strong>et</strong></span> <span class='ocrx_word' id='word_1_501' title='bbox 3296 1109 3430 1164; x_wconf 90' lang='lat' dir='ltr'><strong>nihil</strong></span> 
     </span>
    </p>
   </div>
   <div class='ocr_carea' id='block_1_68' title="bbox 1865 1205 3428 1282">
    <p class='ocr_par' dir='ltr' id='par_1_68' title="bbox 1865 1205 3428 1282">
     <span class='ocr_line' id='line_1_68' title="bbox 1865 1205 3428 1282; baseline -0.013 -8"><span class='ocrx_word' id='word_1_502' title='bbox 1865 1220 1936 1274; x_wconf 89' lang='lat' dir='ltr'><strong>sit</strong></span> <span class='ocrx_word' id='word_1_503' title='bbox 1990 1233 2094 1272; x_wconf 90' lang='lat' dir='ltr'><strong>non</strong></span> <span class='ocrx_word' id='word_1_504' title='bbox 2129 1224 2536 1272; x_wconf 88' lang='lat' dir='ltr'><strong>rcmuneratum</strong></span> <span class='ocrx_word' id='word_1_505' title='bbox 2580 1212 2720 1282; x_wconf 85' lang='lat' dir='ltr'><strong>apud</strong></span> <span class='ocrx_word' id='word_1_506' title='bbox 2761 1211 2968 1280; x_wconf 84' lang='lat' dir='ltr'><strong>justum</strong></span> <span class='ocrx_word' id='word_1_507' title='bbox 3021 1216 3074 1260; x_wconf 76' lang='lat' dir='ltr'><strong>et</strong></span> <span class='ocrx_word' id='word_1_508' title='bbox 3107 1205 3428 1258; x_wconf 88' lang='lat' dir='ltr'><strong>clementem</strong></span> 
     </span>
    </p>
   </div>
   <div class='ocr_carea' id='block_1_69' title="bbox 1861 1290 3428 1379">
    <p class='ocr_par' dir='ltr' id='par_1_69' title="bbox 1861 1290 3428 1379">
     <span class='ocr_line' id='line_1_69' title="bbox 1861 1290 3428 1379; baseline -0.015 -15"><span class='ocrx_word' id='word_1_509' title='bbox 1861 1309 2101 1379; x_wconf 86' lang='lat' dir='ltr'><strong>judicem</strong></span> <span class='ocrx_word' id='word_1_510' title='bbox 2137 1326 2151 1362; x_wconf 90' lang='lat'><strong>:</strong></span> <span class='ocrx_word' id='word_1_511' title='bbox 2188 1307 2648 1376; x_wconf 83' lang='lat' dir='ltr'><strong>quemadmodum</strong></span> <span class='ocrx_word' id='word_1_512' title='bbox 2679 1303 2772 1370; x_wconf 82' lang='lat' dir='ltr'><strong>qui</strong></span> <span class='ocrx_word' id='word_1_513' title='bbox 2807 1308 2932 1356; x_wconf 82' lang='lat' dir='ltr'><strong>sunt</strong></span> <span class='ocrx_word' id='word_1_514' title='bbox 2968 1295 3225 1351; x_wconf 77' lang='lat' dir='ltr'><strong>maximis</strong></span> <span class='ocrx_word' id='word_1_515' title='bbox 3279 1290 3428 1360; x_wconf 79' lang='lat' dir='ltr'><strong>digni</strong></span> 
     </span>
    </p>
   </div>
   <div class='ocr_carea' id='block_1_70' title="bbox 1865 1383 3431 1468">
    <p class='ocr_par' dir='ltr' id='par_1_70' title="bbox 1865 1383 3431 1468">
     <span class='ocr_line' id='line_1_70' title="bbox 1865 1383 3431 1468; baseline -0.01 -16"><span class='ocrx_word' id='word_1_516' title='bbox 1865 1397 2104 1468; x_wconf 70' lang='lat' dir='ltr'><strong>praemiis</strong></span> <span class='ocrx_word' id='word_1_517' title='bbox 2183 1406 2236 1450; x_wconf 84' lang='lat' dir='ltr'><strong>et</strong></span> <span class='ocrx_word' id='word_1_518' title='bbox 2325 1395 2551 1465; x_wconf 79' lang='lat' dir='ltr'><strong>perfecti</strong></span> <span class='ocrx_word' id='word_1_519' title='bbox 2632 1391 2992 1461; x_wconf 63' lang='lat' dir='ltr'><strong>perfectaeque</strong></span> <span class='ocrx_word' id='word_1_520' title='bbox 3078 1383 3431 1440; x_wconf 80' lang='lat' dir='ltr'><strong>beatitudinis</strong></span> 
     </span>
    </p>
   </div>
   <div class='ocr_carea' id='block_1_71' title="bbox 1865 1472 3431 1548">
    <p class='ocr_par' dir='ltr' id='par_1_71' title="bbox 1865 1472 3431 1548">
     <span class='ocr_line' id='line_1_71' title="bbox 1865 1472 3431 1548; baseline -0.006 -9"><span class='ocrx_word' id='word_1_521' title='bbox 1865 1484 2128 1548; x_wconf 58' lang='lat' dir='ltr'><strong>heredes,</strong></span> <span class='ocrx_word' id='word_1_522' title='bbox 2161 1481 2389 1545; x_wconf 81' lang='lat' dir='ltr'><strong>Paulus,</strong></span> <span class='ocrx_word' id='word_1_523' title='bbox 2441 1489 2500 1534; x_wconf 78' lang='lat' dir='ltr'><strong>et‘</strong></span> <span class='ocrx_word' id='word_1_524' title='bbox 2523 1479 2566 1536; x_wconf 88' lang='lat' dir='ltr'><strong>si</strong></span> <span class='ocrx_word' id='word_1_525' title='bbox 2597 1479 2720 1548; x_wconf 88' lang='lat' dir='ltr'><strong>quis</strong></span> <span class='ocrx_word' id='word_1_526' title='bbox 2777 1488 2859 1532; x_wconf 91' lang='lat' dir='ltr'><strong>est</strong></span> <span class='ocrx_word' id='word_1_527' title='bbox 2893 1472 3188 1545; x_wconf 81' lang='lat' dir='ltr'><strong>ejusmodi,</strong></span> <span class='ocrx_word' id='word_1_528' title='bbox 3215 1485 3276 1524; x_wconf 83' lang='lat' dir='ltr'><strong>ea</strong></span> <span class='ocrx_word' id='word_1_529' title='bbox 3331 1484 3431 1529; x_wconf 76' lang='lat' dir='ltr'><strong>tm-</strong></span> 
     </span>
    </p>
   </div>
   <div class='ocr_carea' id='block_1_72' title="bbox 1866 1559 3430 1641">
    <p class='ocr_par' dir='ltr' id='par_1_72' title="bbox 1866 1559 3430 1641">
     <span class='ocr_line' id='line_1_72' title="bbox 1866 1559 3430 1641; baseline -0.015 -9"><span class='ocrx_word' id='word_1_530' title='bbox 1866 1577 1982 1631; x_wconf 91' lang='lat' dir='ltr'><strong>rius</strong></span> <span class='ocrx_word' id='word_1_531' title='bbox 2047 1575 2301 1629; x_wconf 80' lang='lat' dir='ltr'><strong>fruuntur</strong></span> <span class='ocrx_word' id='word_1_532' title='bbox 2360 1571 2636 1637; x_wconf 89' lang='lat' dir='ltr'><strong>dissoluti,</strong></span> <span class='ocrx_word' id='word_1_533' title='bbox 2667 1585 2830 1641; x_wconf 89' lang='lat' dir='ltr'><strong>quam</strong></span> <span class='ocrx_word' id='word_1_534' title='bbox 2890 1583 3012 1622; x_wconf 91' lang='lat' dir='ltr'><strong>eum</strong></span> <span class='ocrx_word' id='word_1_535' title='bbox 3068 1566 3127 1619; x_wconf 83' lang='lat' dir='ltr'><strong>in</strong></span> <span class='ocrx_word' id='word_1_536' title='bbox 3192 1565 3292 1616; x_wconf 89' lang='lat' dir='ltr'><strong>hac</strong></span> <span class='ocrx_word' id='word_1_537' title='bbox 3322 1559 3430 1612; x_wconf 84' lang='lat' dir='ltr'><strong>vita</strong></span> 
     </span>
    </p>
   </div>
   <div class='ocr_carea' id='block_1_73' title="bbox 1866 1651 3433 1734">
    <p class='ocr_par' dir='ltr' id='par_1_73' title="bbox 1866 1651 3433 1734">
     <span class='ocr_line' id='line_1_73' title="bbox 1866 1651 3433 1734; baseline -0.013 -12"><span class='ocrx_word' id='word_1_538' title='bbox 1866 1667 2124 1722; x_wconf 81' lang='lat' dir='ltr'><strong>aderant:</strong></span> <span class='ocrx_word' id='word_1_539' title='bbox 2165 1666 2236 1720; x_wconf 87' lang='lat' dir='ltr'><strong>ita</strong></span> <span class='ocrx_word' id='word_1_540' title='bbox 2269 1665 2362 1734; x_wconf 87' lang='lat' dir='ltr'><strong>qui</strong></span> <span class='ocrx_word' id='word_1_541' title='bbox 2397 1664 2702 1718; x_wconf 86' lang='lat' dir='ltr'><strong>medioeres</strong></span> <span class='ocrx_word' id='word_1_542' title='bbox 2756 1661 2813 1714; x_wconf 88' lang='lat' dir='ltr'><strong>in</strong></span> <span class='ocrx_word' id='word_1_543' title='bbox 2854 1662 2956 1713; x_wconf 88' lang='lat' dir='ltr'><strong>hae</strong></span> <span class='ocrx_word' id='word_1_544' title='bbox 3014 1656 3197 1726; x_wconf 80' lang='lat' dir='ltr'><strong>quiete</strong></span> <span class='ocrx_word' id='word_1_545' title='bbox 3260 1651 3433 1705; x_wconf 85' lang='lat' dir='ltr'><strong>collo-</strong></span> 
     </span>
    </p>
   </div>
   <div class='ocr_carea' id='block_1_74' title="bbox 1869 1743 3429 1819">
    <p class='ocr_par' dir='ltr' id='par_1_74' title="bbox 1869 1743 3429 1819">
     <span class='ocr_line' id='line_1_74' title="bbox 1869 1743 3429 1819; baseline -0.015 -7"><span class='ocrx_word' id='word_1_546' title='bbox 1869 1757 1997 1819; x_wconf 89' lang='lat' dir='ltr'><strong>cati.</strong></span> <span class='ocrx_word' id='word_1_547' title='bbox 2039 1771 2133 1810; x_wconf 88' lang='lat' dir='ltr'><strong>eos</strong></span> <span class='ocrx_word' id='word_1_548' title='bbox 2159 1762 2577 1810; x_wconf 86' lang='lat' dir='ltr'><strong>consentaneum</strong></span> <span class='ocrx_word' id='word_1_549' title='bbox 2619 1759 2701 1806; x_wconf 87' lang='lat' dir='ltr'><strong>cst</strong></span> <span class='ocrx_word' id='word_1_550' title='bbox 2733 1749 2926 1802; x_wconf 86' lang='lat' dir='ltr'><strong>melius</strong></span> <span class='ocrx_word' id='word_1_551' title='bbox 2975 1761 3031 1800; x_wconf 88' lang='lat' dir='ltr'><strong>se</strong></span> <span class='ocrx_word' id='word_1_552' title='bbox 3061 1743 3283 1803; x_wconf 76' lang='lat' dir='ltr'><strong>habere,</strong></span> <span class='ocrx_word' id='word_1_553' title='bbox 3303 1752 3429 1792; x_wconf 88' lang='lat' dir='ltr'><strong>cum</strong></span> 
     </span>
    </p>
   </div>
   <div class='ocr_carea' id='block_1_75' title="bbox 1871 1838 3431 1912">
    <p class='ocr_par' dir='ltr' id='par_1_75' title="bbox 1871 1838 3431 1912">
     <span class='ocr_line' id='line_1_75' title="bbox 1871 1838 3431 1912; baseline -0.014 -12"><span class='ocrx_word' id='word_1_554' title='bbox 1871 1847 1997 1902; x_wconf 88' lang='lat' dir='ltr'><strong>hinc</strong></span> <span class='ocrx_word' id='word_1_555' title='bbox 2021 1845 2369 1907; x_wconf 80' lang='lat' dir='ltr'><strong>recesserint,</strong></span> <span class='ocrx_word' id='word_1_556' title='bbox 2411 1857 2573 1912; x_wconf 89' lang='lat' dir='ltr'><strong>quam</strong></span> <span class='ocrx_word' id='word_1_557' title='bbox 2610 1841 2738 1895; x_wconf 88' lang='lat' dir='ltr'><strong>dum</strong></span> <span class='ocrx_word' id='word_1_558' title='bbox 2780 1838 2973 1891; x_wconf 88' lang='lat' dir='ltr'><strong>vivunt</strong></span> <span class='ocrx_word' id='word_1_559' title='bbox 3001 1848 3123 1888; x_wconf 90' lang='lat' dir='ltr'><strong>eum</strong></span> <span class='ocrx_word' id='word_1_560' title='bbox 3177 1843 3431 1897; x_wconf 84' lang='lat' dir='ltr'><strong>corpore.</strong></span> 
     </span>
    </p>
   </div>
   <div class='ocr_carea' id='block_1_76' title="bbox 1871 1919 3432 1997">
    <p class='ocr_par' dir='ltr' id='par_1_76' title="bbox 1871 1919 3432 1997">
     <span class='ocr_line' id='line_1_76' title="bbox 1871 1919 3432 1997; baseline -0.017 -4"><span class='ocrx_word' id='word_1_561' title='bbox 1871 1938 2157 1993; x_wconf 89' lang='lat' dir='ltr'><strong>Ostensum</strong></span> <span class='ocrx_word' id='word_1_562' title='bbox 2186 1943 2269 1989; x_wconf 87' lang='lat' dir='ltr'><strong>est</strong></span> <span class='ocrx_word' id='word_1_563' title='bbox 2296 1940 2473 1986; x_wconf 81' lang='lat' dir='ltr'><strong>autem</strong></span> <span class='ocrx_word' id='word_1_564' title='bbox 2527 1928 2670 1997; x_wconf 83' lang='lat' dir='ltr'><strong>quod</strong></span> <span class='ocrx_word' id='word_1_565' title='bbox 2705 1927 2885 1982; x_wconf 82' lang='lat' dir='ltr'><strong>omnis</strong></span> <span class='ocrx_word' id='word_1_566' title='bbox 2922 1923 3078 1993; x_wconf 85' lang='lat' dir='ltr'><strong>quies</strong></span> <span class='ocrx_word' id='word_1_567' title='bbox 3125 1919 3432 1973; x_wconf 87' lang='lat' dir='ltr'><strong>animarum</strong></span> 
     </span>
    </p>
   </div>
   <div class='ocr_carea' id='block_1_77' title="bbox 1873 2014 3441 2095">
    <p class='ocr_par' dir='ltr' id='par_1_77' title="bbox 1873 2014 3441 2095">
     <span class='ocr_line' id='line_1_77' title="bbox 1873 2014 3441 2095; baseline -0.015 -11"><span class='ocrx_word' id='word_1_568' title='bbox 1873 2036 1926 2083; x_wconf 91' lang='lat' dir='ltr'><strong>et</strong></span> <span class='ocrx_word' id='word_1_569' title='bbox 1955 2040 2114 2082; x_wconf 87' lang='lat' dir='ltr'><strong>omne</strong></span> <span class='ocrx_word' id='word_1_570' title='bbox 2136 2025 2415 2095; x_wconf 63' lang='lat' dir='ltr'><strong>praemium</strong></span> <span class='ocrx_word' id='word_1_571' title='bbox 2445 2020 2683 2084; x_wconf 89' lang='lat' dir='ltr'><strong>virtutis,</strong></span> <span class='ocrx_word' id='word_1_572' title='bbox 2715 2019 2832 2072; x_wconf 85' lang='lat' dir='ltr'><strong>sive</strong></span> <span class='ocrx_word' id='word_1_573' title='bbox 2866 2029 3118 2086; x_wconf 89' lang='lat' dir='ltr'><strong>parvum,</strong></span> <span class='ocrx_word' id='word_1_574' title='bbox 3153 2014 3270 2066; x_wconf 83' lang='lat' dir='ltr'><strong>sive</strong></span> <span class='ocrx_word' id='word_1_575' title='bbox 3324 2025 3441 2062; x_wconf 54' lang='lat' dir='ltr'><strong>ma:</strong></span> 
     </span>
    </p>
   </div>
   <div class='ocr_carea' id='block_1_78' title="bbox 1872 2101 3436 2188">
    <p class='ocr_par' dir='ltr' id='par_1_78' title="bbox 1872 2101 3436 2188">
     <span class='ocr_line' id='line_1_78' title="bbox 1872 2101 3436 2188; baseline -0.013 -18"><span class='ocrx_word' id='word_1_576' title='bbox 1872 2131 2061 2188; x_wconf 78' lang='lat' dir='ltr'><strong>gnum,</strong></span> <span class='ocrx_word' id='word_1_577' title='bbox 2094 2130 2200 2169; x_wconf 88' lang='lat' dir='ltr'><strong>non</strong></span> <span class='ocrx_word' id='word_1_578' title='bbox 2243 2112 2496 2168; x_wconf 87' lang='lat' dir='ltr'><strong>estaliud</strong></span> <span class='ocrx_word' id='word_1_579' title='bbox 2531 2127 2694 2181; x_wconf 87' lang='lat' dir='ltr'><strong>quam</strong></span> <span class='ocrx_word' id='word_1_580' title='bbox 2736 2109 2826 2163; x_wconf 87' lang='lat' dir='ltr'><strong>hic</strong></span> <span class='ocrx_word' id='word_1_581' title='bbox 2855 2107 3012 2177; x_wconf 87' lang='lat' dir='ltr'><strong>panis</strong></span> <span class='ocrx_word' id='word_1_582' title='bbox 3048 2113 3102 2159; x_wconf 88' lang='lat' dir='ltr'><strong>et</strong></span> <span class='ocrx_word' id='word_1_583' title='bbox 3157 2102 3242 2155; x_wconf 90' lang='lat' dir='ltr'><strong>hic</strong></span> <span class='ocrx_word' id='word_1_584' title='bbox 3274 2101 3436 2160; x_wconf 83' lang='lat' dir='ltr'><strong>calix,</strong></span> 
     </span>
    </p>
   </div>
   <div class='ocr_carea' id='block_1_79' title="bbox 1871 2192 3442 2279">
    <p class='ocr_par' dir='ltr' id='par_1_79' title="bbox 1871 2192 3442 2279">
     <span class='ocr_line' id='line_1_79' title="bbox 1871 2192 3442 2279; baseline -0.013 -18"><span class='ocrx_word' id='word_1_585' title='bbox 1871 2222 1991 2279; x_wconf 72' lang='lat' dir='ltr'><strong>quae</strong></span> <span class='ocrx_word' id='word_1_586' title='bbox 2014 2206 2080 2260; x_wconf 87' lang='lat' dir='ltr'><strong>ab</strong></span> <span class='ocrx_word' id='word_1_587' title='bbox 2112 2204 2380 2271; x_wconf 89' lang='lat' dir='ltr'><strong>utrisque,</strong></span> <span class='ocrx_word' id='word_1_588' title='bbox 2403 2203 2540 2256; x_wconf 83' lang='lat' dir='ltr'><strong>vivis</strong></span> <span class='ocrx_word' id='word_1_589' title='bbox 2590 2203 2811 2267; x_wconf 87' lang='lat' dir='ltr'><strong>inquam</strong></span> <span class='ocrx_word' id='word_1_590' title='bbox 2855 2204 2909 2250; x_wconf 90' lang='lat' dir='ltr'><strong>et</strong></span> <span class='ocrx_word' id='word_1_591' title='bbox 2939 2192 3194 2254; x_wconf 85' lang='lat' dir='ltr'><strong>mortuis,</strong></span> <span class='ocrx_word' id='word_1_592' title='bbox 3243 2203 3442 2244; x_wconf 84' lang='lat' dir='ltr'><strong>conve-</strong></span> 
     </span>
    </p>
   </div>
   <div class='ocr_carea' id='block_1_80' title="bbox 1836 2280 3440 2369">
    <p class='ocr_par' dir='ltr' id='par_1_80' title="bbox 1836 2280 3440 2369">
     <span class='ocr_line' id='line_1_80' title="bbox 1836 2280 3440 2369; baseline -0.014 -16"><span class='ocrx_word' id='word_1_593' title='bbox 1836 2298 2090 2353; x_wconf 81' lang='lat' dir='ltr'><strong>-nienter</strong></span> <span class='ocrx_word' id='word_1_594' title='bbox 2144 2294 2564 2369; x_wconf 77' lang='lat' dir='ltr'><strong>participantur.</strong></span> <span class='ocrx_word' id='word_1_595' title='bbox 2627 2290 2923 2357; x_wconf 83' lang='lat' dir='ltr'><strong>Propterea</strong></span> <span class='ocrx_word' id='word_1_596' title='bbox 2976 2284 3123 2339; x_wconf 87' lang='lat' dir='ltr'><strong>enim</strong></span> <span class='ocrx_word' id='word_1_597' title='bbox 3177 2280 3440 2336; x_wconf 82' lang='lat' dir='ltr'><strong>Christus</strong></span> 
     </span>
    </p>
   </div>
   <div class='ocr_carea' id='block_1_81' title="bbox 1875 2375 3442 2460">
    <p class='ocr_par' dir='ltr' id='par_1_81' title="bbox 1875 2375 3442 2460">
     <span class='ocr_line' id='line_1_81' title="bbox 1875 2375 3442 2460; baseline -0.014 -17"><span class='ocrx_word' id='word_1_598' title='bbox 1875 2404 2089 2460; x_wconf 88' lang='lat' dir='ltr'><strong>quoque</strong></span> <span class='ocrx_word' id='word_1_599' title='bbox 2127 2395 2444 2440; x_wconf 88' lang='lat' dir='ltr'><strong>sanctorum</strong></span> <span class='ocrx_word' id='word_1_600' title='bbox 2496 2383 2548 2435; x_wconf 92' lang='lat' dir='ltr'><strong>in</strong></span> <span class='ocrx_word' id='word_1_601' title='bbox 2611 2379 2798 2434; x_wconf 89' lang='lat' dir='ltr'><strong>futuro</strong></span> <span class='ocrx_word' id='word_1_602' title='bbox 2849 2375 3165 2430; x_wconf 88' lang='lat' dir='ltr'><strong>fruitionem</strong></span> <span class='ocrx_word' id='word_1_603' title='bbox 3228 2384 3442 2424; x_wconf 65' lang='lat' dir='ltr'><strong>caenam</strong></span> 
     </span>
    </p>
   </div>
   <div class='ocr_carea' id='block_1_82' title="bbox 1874 2467 3445 2542">
    <p class='ocr_par' dir='ltr' id='par_1_82' title="bbox 1874 2467 3445 2542">
     <span class='ocr_line' id='line_1_82' title="bbox 1874 2467 3445 2542; baseline -0.011 -10"><span class='ocrx_word' id='word_1_604' title='bbox 1874 2477 2107 2542; x_wconf 85' lang='lat' dir='ltr'><strong>vocavit,</strong></span> <span class='ocrx_word' id='word_1_605' title='bbox 2143 2490 2200 2530; x_wconf 83' lang='lat' dir='ltr'><strong>ut</strong></span> <span class='ocrx_word' id='word_1_606' title='bbox 2235 2473 2550 2529; x_wconf 85' lang='lat' dir='ltr'><strong>ostenderet</strong></span> <span class='ocrx_word' id='word_1_607' title='bbox 2580 2470 2716 2524; x_wconf 84' lang='lat' dir='ltr'><strong>nihil</strong></span> <span class='ocrx_word' id='word_1_608' title='bbox 2769 2467 2879 2521; x_wconf 92' lang='lat' dir='ltr'><strong>illic</strong></span> <span class='ocrx_word' id='word_1_609' title='bbox 2913 2482 3038 2522; x_wconf 85' lang='lat' dir='ltr'><strong>esse</strong></span> <span class='ocrx_word' id='word_1_610' title='bbox 3076 2474 3445 2535; x_wconf 71' lang='lat' dir='ltr'><strong>prmterqnam</strong></span> 
     </span>
    </p>
   </div>
   <div class='ocr_carea' id='block_1_83' title="bbox 1877 2550 3446 2631">
    <p class='ocr_par' dir='ltr' id='par_1_83' title="bbox 1877 2550 3446 2631">
     <span class='ocr_line' id='line_1_83' title="bbox 1877 2550 3446 2631; baseline -0.013 -9"><span class='ocrx_word' id='word_1_611' title='bbox 1877 2581 2122 2622; x_wconf 82' lang='lat' dir='ltr'><strong>mensam</strong></span> <span class='ocrx_word' id='word_1_612' title='bbox 2155 2583 2169 2619; x_wconf 87' lang='lat'><strong>:</strong></span> <span class='ocrx_word' id='word_1_613' title='bbox 2206 2566 2279 2618; x_wconf 86' lang='lat' dir='ltr'><strong>ita</strong></span> <span class='ocrx_word' id='word_1_614' title='bbox 2312 2567 2476 2618; x_wconf 88' lang='lat' dir='ltr'><strong>etiam</strong></span> <span class='ocrx_word' id='word_1_615' title='bbox 2505 2550 2603 2631; x_wconf 88' lang='lat' dir='ltr'><strong>pro</strong></span> <span class='ocrx_word' id='word_1_616' title='bbox 2643 2557 2915 2612; x_wconf 67' lang='lat' dir='ltr'><strong>defunctis</strong></span> <span class='ocrx_word' id='word_1_617' title='bbox 2973 2555 3117 2610; x_wconf 88' lang='lat' dir='ltr'><strong>sicut</strong></span> <span class='ocrx_word' id='word_1_618' title='bbox 3153 2562 3203 2606; x_wconf 91' lang='lat' dir='ltr'><strong>et</strong></span> <span class='ocrx_word' id='word_1_619' title='bbox 3238 2568 3334 2621; x_wconf 84' lang='lat' dir='ltr'><strong>pro</strong></span> <span class='ocrx_word' id='word_1_620' title='bbox 3365 2551 3446 2602; x_wconf 86' lang='lat' dir='ltr'><strong>vi-</strong></span> 
     </span>
    </p>
   </div>
   <div class='ocr_carea' id='block_1_84' title="bbox 1875 2645 3440 2723">
    <p class='ocr_par' dir='ltr' id='par_1_84' title="bbox 1875 2645 3440 2723">
     <span class='ocr_line' id='line_1_84' title="bbox 1875 2645 3440 2723; baseline -0.011 -14"><span class='ocrx_word' id='word_1_621' title='bbox 1875 2659 1978 2723; x_wconf 89' lang='lat' dir='ltr'><strong>vis,</strong></span> <span class='ocrx_word' id='word_1_622' title='bbox 2015 2667 2098 2711; x_wconf 90' lang='lat' dir='ltr'><strong>est</strong></span> <span class='ocrx_word' id='word_1_623' title='bbox 2129 2656 2373 2710; x_wconf 84' lang='lat' dir='ltr'><strong>divinum</strong></span> <span class='ocrx_word' id='word_1_624' title='bbox 2404 2650 2760 2707; x_wconf 75' lang='lat' dir='ltr'><strong>Eueharistia:</strong></span> <span class='ocrx_word' id='word_1_625' title='bbox 2809 2645 3140 2702; x_wconf 76' lang='lat' dir='ltr'><strong>sacriﬁcium</strong></span> <span class='ocrx_word' id='word_1_626' title='bbox 3175 2659 3189 2708; x_wconf 91' lang='lat'><strong>;</strong></span> <span class='ocrx_word' id='word_1_627' title='bbox 3230 2651 3284 2695; x_wconf 88' lang='lat' dir='ltr'><strong>et</strong></span> <span class='ocrx_word' id='word_1_628' title='bbox 3317 2655 3440 2692; x_wconf 89' lang='lat' dir='ltr'><strong>eum</strong></span> 
     </span>
    </p>
   </div>
   <div class='ocr_carea' id='block_1_85' title="bbox 1875 2733 3445 2818">
    <p class='ocr_par' dir='ltr' id='par_1_85' title="bbox 1875 2733 3445 2818">
     <span class='ocr_line' id='line_1_85' title="bbox 1875 2733 3445 2818; baseline -0.015 -14"><span class='ocrx_word' id='word_1_629' title='bbox 1875 2748 2188 2818; x_wconf 70' lang='lat' dir='ltr'><strong>dupliciter,</strong></span> <span class='ocrx_word' id='word_1_630' title='bbox 2217 2754 2275 2800; x_wconf 87' lang='lat' dir='ltr'><strong>ut</strong></span> <span class='ocrx_word' id='word_1_631' title='bbox 2299 2745 2505 2800; x_wconf 89' lang='lat' dir='ltr'><strong>dictum</strong></span> <span class='ocrx_word' id='word_1_632' title='bbox 2539 2750 2644 2804; x_wconf 89' lang='lat' dir='ltr'><strong>cst,</strong></span> <span class='ocrx_word' id='word_1_633' title='bbox 2669 2738 3096 2796; x_wconf 77' lang='lat' dir='ltr'><strong>sanetiﬂcentur.</strong></span> <span class='ocrx_word' id='word_1_634' title='bbox 3155 2733 3258 2800; x_wconf 82' lang='lat' dir='ltr'><strong>ipsi</strong></span> <span class='ocrx_word' id='word_1_635' title='bbox 3292 2744 3445 2798; x_wconf 88' lang='lat' dir='ltr'><strong>quo-</strong></span> 
     </span>
    </p>
   </div>
   <div class='ocr_carea' id='block_1_86' title="bbox 1877 2820 3446 2906">
    <p class='ocr_par' dir='ltr' id='par_1_86' title="bbox 1877 2820 3446 2906">
     <span class='ocr_line' id='line_1_86' title="bbox 1877 2820 3446 2906; baseline -0.015 -15"><span class='ocrx_word' id='word_1_636' title='bbox 1877 2853 1982 2906; x_wconf 86' lang='lat' dir='ltr'><strong>que</strong></span> <span class='ocrx_word' id='word_1_637' title='bbox 2011 2837 2223 2892; x_wconf 88' lang='lat' dir='ltr'><strong>duobus</strong></span> <span class='ocrx_word' id='word_1_638' title='bbox 2254 2835 2432 2888; x_wconf 90' lang='lat' dir='ltr'><strong>modis</strong></span> <span class='ocrx_word' id='word_1_639' title='bbox 2470 2831 2904 2890; x_wconf 86' lang='lat' dir='ltr'><strong>sanctillcantur,</strong></span> <span class='ocrx_word' id='word_1_640' title='bbox 2951 2832 3004 2878; x_wconf 92' lang='lat' dir='ltr'><strong>et</strong></span> <span class='ocrx_word' id='word_1_641' title='bbox 3033 2830 3228 2876; x_wconf 86' lang='lat' dir='ltr'><strong>neutro</strong></span> <span class='ocrx_word' id='word_1_642' title='bbox 3282 2820 3446 2872; x_wconf 83' lang='lat' dir='ltr'><strong>modo</strong></span> 
     </span>
    </p>
   </div>
   <div class='ocr_carea' id='block_1_87' title="bbox 1879 2907 3442 3000">
    <p class='ocr_par' dir='ltr' id='par_1_87' title="bbox 1879 2907 3442 3000">
     <span class='ocr_line' id='line_1_87' title="bbox 1879 2907 3442 3000; baseline -0.015 -16"><span class='ocrx_word' id='word_1_643' title='bbox 1879 2938 2012 2987; x_wconf 87' lang='lat' dir='ltr'><strong>sunt</strong></span> <span class='ocrx_word' id='word_1_644' title='bbox 2042 2927 2202 2997; x_wconf 81' lang='lat' dir='ltr'><strong>ii&#39;qui</strong></span> <span class='ocrx_word' id='word_1_645' title='bbox 2231 2927 2555 3000; x_wconf 77' lang='lat' dir='ltr'><strong>tnigrarnnt,</strong></span> <span class='ocrx_word' id='word_1_646' title='bbox 2577 2920 2834 2976; x_wconf 80' lang='lat' dir='ltr'><strong>deteriori</strong></span> <span class='ocrx_word' id='word_1_647' title='bbox 2877 2913 3196 2971; x_wconf 86' lang='lat' dir='ltr'><strong>conditione</strong></span> <span class='ocrx_word' id='word_1_648' title='bbox 3235 2910 3304 2965; x_wconf 75' lang='lat' dir='ltr'><strong>iis</strong></span> <span class='ocrx_word' id='word_1_649' title='bbox 3347 2907 3442 2977; x_wconf 87' lang='lat' dir='ltr'><strong>qui</strong></span> 
     </span>
    </p>
   </div>
   <div class='ocr_carea' id='block_1_88' title="bbox 1876 3007 3058 3087">
    <p class='ocr_par' dir='ltr' id='par_1_88' title="bbox 1876 3007 3058 3087">
     <span class='ocr_line' id='line_1_88' title="bbox 1876 3007 3058 3087; baseline -0.014 -10"><span class='ocrx_word' id='word_1_650' title='bbox 1876 3021 2092 3087; x_wconf 78' lang='lat' dir='ltr'><strong>Vivunt,</strong></span> <span class='ocrx_word' id='word_1_651' title='bbox 2123 3018 2216 3073; x_wconf 89' lang='lat' dir='ltr'><strong>sed</strong></span> <span class='ocrx_word' id='word_1_652' title='bbox 2249 3017 2435 3086; x_wconf 88' lang='lat' dir='ltr'><strong>aliquo</strong></span> <span class='ocrx_word' id='word_1_653' title='bbox 2455 3007 2616 3070; x_wconf 89' lang='lat' dir='ltr'><strong>modo</strong></span> <span class='ocrx_word' id='word_1_654' title='bbox 2637 3015 2801 3068; x_wconf 86' lang='lat' dir='ltr'><strong>etiam</strong></span> <span class='ocrx_word' id='word_1_655' title='bbox 2823 3007 3058 3064; x_wconf 85' lang='lat' dir='ltr'><strong>meliori.</strong></span> 
     </span>
    </p>
   </div>
   <div class='ocr_carea' id='block_1_89' title="bbox 2467 3101 2856 3161">
    <p class='ocr_par' dir='ltr' id='par_1_89' title="bbox 2467 3101 2856 3161">
     <span class='ocr_line' id='line_1_89' title="bbox 2467 3101 2856 3161; baseline -0.013 -1"><span class='ocrx_word' id='word_1_656' title='bbox 2467 3104 2618 3161; x_wconf 79' lang='lat' dir='ltr'><strong>CAP.</strong></span> <span class='ocrx_word' id='word_1_657' title='bbox 2670 3101 2856 3156; x_wconf 65' lang='lat' dir='ltr'><strong>XLVI.</strong></span> 
     </span>
    </p>
   </div>
   <div class='ocr_carea' id='block_1_90' title="bbox 1803 3191 3447 3270">
    <p class='ocr_par' dir='ltr' id='par_1_90' title="bbox 1803 3191 3447 3270">
     <span class='ocr_line' id='line_1_90' title="bbox 1803 3191 3447 3270; baseline -0.013 -11"><span class='ocrx_word' id='word_1_658' title='bbox 1803 3208 1847 3268; x_wconf 83' lang='lat' dir='ltr'><strong><em>C</em></strong></span> <span class='ocrx_word' id='word_1_659' title='bbox 1882 3203 2152 3270; x_wconf 83' lang='lat' dir='ltr'><strong>Quomodo</strong></span> <span class='ocrx_word' id='word_1_660' title='bbox 2188 3202 2368 3255; x_wconf 75' lang='lat' dir='ltr'><strong>eadem</strong></span> <span class='ocrx_word' id='word_1_661' title='bbox 2395 3215 2596 3267; x_wconf 81' lang='lat' dir='ltr'><strong>semper</strong></span> <span class='ocrx_word' id='word_1_662' title='bbox 2625 3197 2764 3249; x_wconf 84' lang='lat' dir='ltr'><strong>dona</strong></span> <span class='ocrx_word' id='word_1_663' title='bbox 2799 3211 2829 3246; x_wconf 90' lang='lat' dir='ltr'><strong>a</strong></span> <span class='ocrx_word' id='word_1_664' title='bbox 2859 3195 2962 3248; x_wconf 76' lang='lat' dir='ltr'><strong>Deo</strong></span> <span class='ocrx_word' id='word_1_665' title='bbox 2989 3191 3184 3259; x_wconf 78' lang='lat' dir='ltr'><strong>suscipi</strong></span> <span class='ocrx_word' id='word_1_666' title='bbox 3211 3193 3447 3257; x_wconf 80' lang='lat' dir='ltr'><strong>possunt.</strong></span> 
     </span>
    </p>
   </div>
   <div class='ocr_carea' id='block_1_91' title="bbox 1951 3279 3448 3360">
    <p class='ocr_par' dir='ltr' id='par_1_91' title="bbox 1951 3279 3448 3360">
     <span class='ocr_line' id='line_1_91' title="bbox 1951 3279 3448 3360; baseline -0.014 -10"><span class='ocrx_word' id='word_1_667' title='bbox 1951 3296 2083 3351; x_wconf 88' lang='lat' dir='ltr'><strong>Illud</strong></span> <span class='ocrx_word' id='word_1_668' title='bbox 2133 3304 2311 3349; x_wconf 84' lang='lat' dir='ltr'><strong>autem</strong></span> <span class='ocrx_word' id='word_1_669' title='bbox 2349 3293 2605 3360; x_wconf 87' lang='lat' dir='ltr'><strong>deinceps</strong></span> <span class='ocrx_word' id='word_1_670' title='bbox 2634 3287 3064 3342; x_wconf 77' lang='lat' dir='ltr'><strong>consideremus.</strong></span> <span class='ocrx_word' id='word_1_671' title='bbox 3113 3281 3270 3347; x_wconf 82' lang='lat' dir='ltr'><strong>Quod</strong></span> <span class='ocrx_word' id='word_1_672' title='bbox 3302 3279 3448 3332; x_wconf 90' lang='lat' dir='ltr'><strong>enim</strong></span> 
     </span>
    </p>
   </div>
   <div class='ocr_carea' id='block_1_92' title="bbox 1877 3371 3453 3457">
    <p class='ocr_par' dir='ltr' id='par_1_92' title="bbox 1877 3371 3453 3457">
     <span class='ocr_line' id='line_1_92' title="bbox 1877 3371 3453 3457; baseline -0.015 -12"><span class='ocrx_word' id='word_1_673' title='bbox 1877 3406 1941 3445; x_wconf 81' lang='lat' dir='ltr'><strong>ex</strong></span> <span class='ocrx_word' id='word_1_674' title='bbox 1973 3403 2134 3444; x_wconf 90' lang='lat' dir='ltr'><strong>sacro</strong></span> <span class='ocrx_word' id='word_1_675' title='bbox 2170 3386 2426 3457; x_wconf 83' lang='lat' dir='ltr'><strong>mysterio</strong></span> <span class='ocrx_word' id='word_1_676' title='bbox 2451 3397 2643 3438; x_wconf 88' lang='lat' dir='ltr'><strong>onmes</strong></span> <span class='ocrx_word' id='word_1_677' title='bbox 2675 3378 3054 3434; x_wconf 80' lang='lat' dir='ltr'><strong>saerilieantur</strong></span> <span class='ocrx_word' id='word_1_678' title='bbox 3092 3374 3304 3435; x_wconf 83' lang='lat' dir='ltr'><strong>ﬁdeles,</strong></span> <span class='ocrx_word' id='word_1_679' title='bbox 3341 3371 3453 3425; x_wconf 84' lang='lat' dir='ltr'><strong>cla-</strong></span> 
     </span>
    </p>
   </div>
   <div class='ocr_carea' id='block_1_93' title="bbox 1878 3465 3447 3546">
    <p class='ocr_par' dir='ltr' id='par_1_93' title="bbox 1878 3465 3447 3546">
     <span class='ocr_line' id='line_1_93' title="bbox 1878 3465 3447 3546; baseline -0.015 -6"><span class='ocrx_word' id='word_1_680' title='bbox 1878 3501 2000 3540; x_wconf 89' lang='lat' dir='ltr'><strong>rum</strong></span> <span class='ocrx_word' id='word_1_681' title='bbox 2041 3495 2118 3537; x_wconf 81' lang='lat' dir='ltr'><strong>est</strong></span> <span class='ocrx_word' id='word_1_682' title='bbox 2167 3480 2333 3534; x_wconf 77' lang='lat' dir='ltr'><strong>exiis</strong></span> <span class='ocrx_word' id='word_1_683' title='bbox 2367 3493 2488 3546; x_wconf 67' lang='lat' dir='ltr'><strong>quae</strong></span> <span class='ocrx_word' id='word_1_684' title='bbox 2538 3475 2681 3530; x_wconf 72' lang='lat' dir='ltr'><strong>dicta</strong></span> <span class='ocrx_word' id='word_1_685' title='bbox 2733 3481 2878 3526; x_wconf 90' lang='lat' dir='ltr'><strong>sunt.</strong></span> <span class='ocrx_word' id='word_1_686' title='bbox 2924 3471 3004 3522; x_wconf 88' lang='lat' dir='ltr'><strong>An</strong></span> <span class='ocrx_word' id='word_1_687' title='bbox 3053 3475 3234 3520; x_wconf 89' lang='lat' dir='ltr'><strong>autem</strong></span> <span class='ocrx_word' id='word_1_688' title='bbox 3285 3465 3447 3516; x_wconf 83' lang='lat' dir='ltr'><strong>etiam</strong></span> 
     </span>
    </p>
   </div>
   <div class='ocr_carea' id='block_1_94' title="bbox 1880 3558 3448 3645">
    <p class='ocr_par' dir='ltr' id='par_1_94' title="bbox 1880 3558 3448 3645">
     <span class='ocr_line' id='line_1_94' title="bbox 1880 3558 3448 3645; baseline -0.016 -12"><span class='ocrx_word' id='word_1_689' title='bbox 1880 3591 2118 3645; x_wconf 89' lang='lat' dir='ltr'><strong>semper,</strong></span> <span class='ocrx_word' id='word_1_690' title='bbox 2144 3587 2321 3642; x_wconf 66' lang='lat' dir='ltr'><strong>operte</strong></span> <span class='ocrx_word' id='word_1_691' title='bbox 2352 3569 2586 3639; x_wconf 83' lang='lat' dir='ltr'><strong>pretium</strong></span> <span class='ocrx_word' id='word_1_692' title='bbox 2613 3576 2696 3621; x_wconf 90' lang='lat' dir='ltr'><strong>est</strong></span> <span class='ocrx_word' id='word_1_693' title='bbox 2719 3577 2984 3634; x_wconf 64' lang='lat' dir='ltr'><strong>quaerere.</strong></span> <span class='ocrx_word' id='word_1_694' title='bbox 3007 3559 3274 3626; x_wconf 82' lang='lat' dir='ltr'><strong>Quoniam</strong></span> <span class='ocrx_word' id='word_1_695' title='bbox 3302 3558 3448 3611; x_wconf 89' lang='lat' dir='ltr'><strong>enim</strong></span> 
     </span>
    </p>
   </div>
   <div class='ocr_carea' id='block_1_95' title="bbox 1878 3658 3444 3724">
    <p class='ocr_par' dir='ltr' id='par_1_95' title="bbox 1878 3658 3444 3724">
     <span class='ocr_line' id='line_1_95' title="bbox 1878 3658 3444 3724; baseline -0.016 0"><span class='ocrx_word' id='word_1_696' title='bbox 1878 3671 2144 3724; x_wconf 86' lang='lat' dir='ltr'><strong>donorum</strong></span> <span class='ocrx_word' id='word_1_697' title='bbox 2177 3676 2261 3719; x_wconf 88' lang='lat' dir='ltr'><strong>est</strong></span> <span class='ocrx_word' id='word_1_698' title='bbox 2295 3664 2496 3716; x_wconf 84' lang='lat' dir='ltr'><strong>oblatio</strong></span> <span class='ocrx_word' id='word_1_699' title='bbox 2531 3658 2886 3720; x_wconf 81' lang='lat' dir='ltr'><strong>sacrificium,</strong></span> <span class='ocrx_word' id='word_1_700' title='bbox 2922 3659 3062 3706; x_wconf 84' lang='lat' dir='ltr'><strong>dona</strong></span> <span class='ocrx_word' id='word_1_701' title='bbox 3106 3662 3288 3704; x_wconf 87' lang='lat' dir='ltr'><strong>autem</strong></span> <span class='ocrx_word' id='word_1_702' title='bbox 3336 3664 3444 3700; x_wconf 87' lang='lat' dir='ltr'><strong>non</strong></span> 
     </span>
    </p>
   </div>
   <div class='ocr_carea' id='block_1_96' title="bbox 1879 3741 3450 3827">
    <p class='ocr_par' dir='ltr' id='par_1_96' title="bbox 1879 3741 3450 3827">
     <span class='ocr_line' id='line_1_96' title="bbox 1879 3741 3450 3827; baseline -0.017 -13"><span class='ocrx_word' id='word_1_703' title='bbox 1879 3773 2096 3827; x_wconf 89' lang='lat' dir='ltr'><strong>semper</strong></span> <span class='ocrx_word' id='word_1_704' title='bbox 2125 3772 2154 3809; x_wconf 85' lang='lat' dir='ltr'><strong>a</strong></span> <span class='ocrx_word' id='word_1_705' title='bbox 2188 3756 2294 3807; x_wconf 80' lang='lat' dir='ltr'><strong>Deo</strong></span> <span class='ocrx_word' id='word_1_706' title='bbox 2330 3751 2728 3818; x_wconf 81' lang='lat' dir='ltr'><strong>suscipiuntur,</strong></span> <span class='ocrx_word' id='word_1_707' title='bbox 2749 3747 2840 3800; x_wconf 90' lang='lat' dir='ltr'><strong>sed</strong></span> <span class='ocrx_word' id='word_1_708' title='bbox 2867 3752 2994 3798; x_wconf 85' lang='lat' dir='ltr'><strong>sunt</strong></span> <span class='ocrx_word' id='word_1_709' title='bbox 3019 3741 3302 3801; x_wconf 86' lang='lat' dir='ltr'><strong>nonnulla,</strong></span> <span class='ocrx_word' id='word_1_710' title='bbox 3328 3753 3450 3805; x_wconf 59' lang='lat' dir='ltr'><strong>qua:</strong></span> 
     </span>
    </p>
   </div>
   <div class='ocr_carea' id='block_1_97' title="bbox 1878 3827 3448 3920">
    <p class='ocr_par' dir='ltr' id='par_1_97' title="bbox 1878 3827 3448 3920">
     <span class='ocr_line' id='line_1_97' title="bbox 1878 3827 3448 3920; baseline -0.015 -19"><span class='ocrx_word' id='word_1_711' title='bbox 1878 3858 2098 3920; x_wconf 81' lang='lat' dir='ltr'><strong>propter</strong></span> <span class='ocrx_word' id='word_1_712' title='bbox 2129 3859 2313 3900; x_wconf 87' lang='lat' dir='ltr'><strong>eorum</strong></span> <span class='ocrx_word' id='word_1_713' title='bbox 2351 3842 2442 3911; x_wconf 87' lang='lat' dir='ltr'><strong>qui</strong></span> <span class='ocrx_word' id='word_1_714' title='bbox 2509 3839 2746 3894; x_wconf 79' lang='lat' dir='ltr'><strong>offerunt</strong></span> <span class='ocrx_word' id='word_1_715' title='bbox 2785 3833 3215 3904; x_wconf 76' lang='lat' dir='ltr'><strong>improbitatem,</strong></span> <span class='ocrx_word' id='word_1_716' title='bbox 3247 3839 3297 3882; x_wconf 89' lang='lat' dir='ltr'><strong>et</strong></span> <span class='ocrx_word' id='word_1_717' title='bbox 3323 3827 3448 3880; x_wconf 83' lang='lat' dir='ltr'><strong>odio</strong></span> 
     </span>
    </p>
   </div>
   <div class='ocr_carea' id='block_1_98' title="bbox 1881 3920 3448 4002">
    <p class='ocr_par' dir='ltr' id='par_1_98' title="bbox 1881 3920 3448 4002">
     <span class='ocr_line' id='line_1_98' title="bbox 1881 3920 3448 4002; baseline -0.014 -8"><span class='ocrx_word' id='word_1_718' title='bbox 1881 3940 2172 3997; x_wconf 84' lang='lat' dir='ltr'><strong>habentur,</strong></span> <span class='ocrx_word' id='word_1_719' title='bbox 2205 3945 2259 3988; x_wconf 85' lang='lat' dir='ltr'><strong>et</strong></span> <span class='ocrx_word' id='word_1_720' title='bbox 2289 3933 2646 4002; x_wconf 75' lang='lat' dir='ltr'><strong>repudiantur</strong></span> <span class='ocrx_word' id='word_1_721' title='bbox 2675 3946 2688 3980; x_wconf 89' lang='lat'>:</span> <span class='ocrx_word' id='word_1_722' title='bbox 2720 3936 2773 3982; x_wconf 85' lang='lat' dir='ltr'><strong>et</strong></span> <span class='ocrx_word' id='word_1_723' title='bbox 2796 3928 2978 3979; x_wconf 67' lang='lat' dir='ltr'><strong>multa:</strong></span> <span class='ocrx_word' id='word_1_724' title='bbox 3012 3931 3140 3977; x_wconf 85' lang='lat' dir='ltr'><strong>sunt</strong></span> <span class='ocrx_word' id='word_1_725' title='bbox 3171 3921 3337 3989; x_wconf 82' lang='lat' dir='ltr'><strong>hujus</strong></span> <span class='ocrx_word' id='word_1_726' title='bbox 3371 3920 3448 3972; x_wconf 86' lang='lat' dir='ltr'><strong>rei</strong></span> 
     </span>
    </p>
   </div>
   <div class='ocr_carea' id='block_1_99' title="bbox 1880 4012 3448 4098">
    <p class='ocr_par' dir='ltr' id='par_1_99' title="bbox 1880 4012 3448 4098">
     <span class='ocr_line' id='line_1_99' title="bbox 1880 4012 3448 4098; baseline -0.016 -14"><span class='ocrx_word' id='word_1_727' title='bbox 1880 4039 1932 4084; x_wconf 90' lang='lat' dir='ltr'><strong>et</strong></span> <span class='ocrx_word' id='word_1_728' title='bbox 1966 4029 2105 4098; x_wconf 89' lang='lat' dir='ltr'><strong>apud</strong></span> <span class='ocrx_word' id='word_1_729' title='bbox 2149 4035 2380 4085; x_wconf 77' lang='lat' dir='ltr'><strong>veteres,</strong></span> <span class='ocrx_word' id='word_1_730' title='bbox 2409 4031 2462 4076; x_wconf 86' lang='lat' dir='ltr'><strong>et</strong></span> <span class='ocrx_word' id='word_1_731' title='bbox 2490 4021 2630 4089; x_wconf 84' lang='lat' dir='ltr'><strong>apud</strong></span> <span class='ocrx_word' id='word_1_732' title='bbox 2667 4034 2759 4072; x_wconf 88' lang='lat' dir='ltr'><strong>eos</strong></span> <span class='ocrx_word' id='word_1_733' title='bbox 2793 4019 2882 4086; x_wconf 91' lang='lat' dir='ltr'><strong>qui</strong></span> <span class='ocrx_word' id='word_1_734' title='bbox 2930 4017 3118 4068; x_wconf 78' lang='lat' dir='ltr'><strong>vivunt</strong></span> <span class='ocrx_word' id='word_1_735' title='bbox 3151 4013 3201 4064; x_wconf 92' lang='lat' dir='ltr'><strong>in</strong></span> <span class='ocrx_word' id='word_1_736' title='bbox 3235 4012 3406 4076; x_wconf 68' lang='lat' dir='ltr'><strong>gratia</strong></span> <span class='ocrx_word' id='word_1_737' title='bbox 3435 4051 3448 4071; x_wconf 84' lang='lat'><strong>,</strong></span> 
     </span>
    </p>
   </div>
   <div class='ocr_carea' id='block_1_100' title="bbox 1880 4105 3446 4192">
    <p class='ocr_par' dir='ltr' id='par_1_100' title="bbox 1880 4105 3446 4192">
     <span class='ocr_line' id='line_1_100' title="bbox 1880 4105 3446 4192; baseline -0.016 -17"><span class='ocrx_word' id='word_1_738' title='bbox 1880 4121 2231 4192; x_wconf 85' lang='lat' dir='ltr'><strong>probationes</strong></span> <span class='ocrx_word' id='word_1_739' title='bbox 2266 4128 2278 4168; x_wconf 93' lang='lat'>:</span> <span class='ocrx_word' id='word_1_740' title='bbox 2312 4127 2622 4184; x_wconf 56' lang='lat' dir='ltr'><strong>qnaramus</strong></span> <span class='ocrx_word' id='word_1_741' title='bbox 2657 4108 2909 4177; x_wconf 87' lang='lat' dir='ltr'><strong>nunquid</strong></span> <span class='ocrx_word' id='word_1_742' title='bbox 2951 4108 3065 4168; x_wconf 76' lang='lat' dir='ltr'><strong>haec</strong></span> <span class='ocrx_word' id='word_1_743' title='bbox 3114 4105 3254 4155; x_wconf 83' lang='lat' dir='ltr'><strong>dona</strong></span> <span class='ocrx_word' id='word_1_744' title='bbox 3308 4117 3446 4154; x_wconf 85' lang='lat' dir='ltr'><strong>non-</strong></span> 
     </span>
    </p>
   </div>
   <div class='ocr_carea' id='block_1_101' title="bbox 1883 4195 3450 4280">
    <p class='ocr_par' dir='ltr' id='par_1_101' title="bbox 1883 4195 3450 4280">
     <span class='ocr_line' id='line_1_101' title="bbox 1883 4195 3450 4280; baseline -0.015 -14"><span class='ocrx_word' id='word_1_745' title='bbox 1883 4224 2161 4280; x_wconf 87' lang='lat' dir='ltr'><strong>nunquam</strong></span> <span class='ocrx_word' id='word_1_746' title='bbox 2193 4208 2395 4262; x_wconf 84' lang='lat' dir='ltr'><strong>frustra</strong></span> <span class='ocrx_word' id='word_1_747' title='bbox 2423 4202 2860 4261; x_wconf 81' lang='lat' dir='ltr'><strong>sanctifteantur,</strong></span> <span class='ocrx_word' id='word_1_748' title='bbox 2898 4213 3004 4250; x_wconf 89' lang='lat' dir='ltr'><strong>non</strong></span> <span class='ocrx_word' id='word_1_749' title='bbox 3036 4195 3363 4255; x_wconf 80' lang='lat' dir='ltr'><strong>sacrilieata,</strong></span> <span class='ocrx_word' id='word_1_750' title='bbox 3393 4201 3450 4245; x_wconf 92' lang='lat' dir='ltr'><strong>ut</strong></span> 
     </span>
    </p>
   </div>
   <div class='ocr_carea' id='block_1_102' title="bbox 1881 4290 3453 4375">
    <p class='ocr_par' dir='ltr' id='par_1_102' title="bbox 1881 4290 3453 4375">
     <span class='ocr_line' id='line_1_102' title="bbox 1881 4290 3453 4375; baseline -0.015 -17"><span class='ocrx_word' id='word_1_751' title='bbox 1881 4319 2004 4375; x_wconf 63' lang='lat' dir='ltr'><strong>quae</strong></span> <span class='ocrx_word' id='word_1_752' title='bbox 2042 4315 2148 4355; x_wconf 92' lang='lat' dir='ltr'><strong>non</strong></span> <span class='ocrx_word' id='word_1_753' title='bbox 2180 4299 2288 4357; x_wconf 81' lang='lat' dir='ltr'><strong>sint</strong></span> <span class='ocrx_word' id='word_1_754' title='bbox 2319 4304 2564 4364; x_wconf 85' lang='lat' dir='ltr'><strong>accepta,</strong></span> <span class='ocrx_word' id='word_1_755' title='bbox 2590 4303 2650 4347; x_wconf 84' lang='grc' dir='ltr'><strong>υι</strong></span> <span class='ocrx_word' id='word_1_756' title='bbox 2684 4307 2900 4347; x_wconf 78' lang='lat' dir='ltr'><strong>sacrum</strong></span> <span class='ocrx_word' id='word_1_757' title='bbox 2932 4290 3221 4359; x_wconf 78' lang='lat' dir='ltr'><strong>proﬁtetur</strong></span> <span class='ocrx_word' id='word_1_758' title='bbox 3248 4296 3453 4352; x_wconf 78' lang='lat' dir='ltr'><strong>myste-</strong></span> 
     </span>
    </p>
   </div>
   <div class='ocr_carea' id='block_1_103' title="bbox 1883 4379 3453 4461">
    <p class='ocr_par' dir='ltr' id='par_1_103' title="bbox 1883 4379 3453 4461">
     <span class='ocr_line' id='line_1_103' title="bbox 1883 4379 3453 4461; baseline -0.016 -11"><span class='ocrx_word' id='word_1_759' title='bbox 1883 4397 2024 4451; x_wconf 92' lang='lat' dir='ltr'><strong>rium</strong></span> <span class='ocrx_word' id='word_1_760' title='bbox 2049 4435 2063 4460; x_wconf 93' lang='lat'><strong>,</strong></span> <span class='ocrx_word' id='word_1_761' title='bbox 2092 4403 2151 4446; x_wconf 89' lang='lat' dir='ltr'><strong>ut</strong></span> <span class='ocrx_word' id='word_1_762' title='bbox 2184 4405 2305 4461; x_wconf 61' lang='lat' dir='ltr'><strong>quae</strong></span> <span class='ocrx_word' id='word_1_763' title='bbox 2339 4403 2446 4442; x_wconf 88' lang='lat' dir='ltr'><strong>non</strong></span> <span class='ocrx_word' id='word_1_764' title='bbox 2493 4400 2705 4454; x_wconf 82' lang='lat' dir='ltr'><strong>semper</strong></span> <span class='ocrx_word' id='word_1_765' title='bbox 2738 4400 2766 4437; x_wconf 86' lang='lat' dir='ltr'><strong>a</strong></span> <span class='ocrx_word' id='word_1_766' title='bbox 2801 4384 2932 4435; x_wconf 86' lang='lat' dir='ltr'><strong>viris</strong></span> <span class='ocrx_word' id='word_1_767' title='bbox 2966 4380 3143 4440; x_wconf 80' lang='lat' dir='ltr'><strong>bonis,</strong></span> <span class='ocrx_word' id='word_1_768' title='bbox 3178 4379 3270 4431; x_wconf 90' lang='lat' dir='ltr'><strong>sed</strong></span> <span class='ocrx_word' id='word_1_769' title='bbox 3315 4392 3453 4428; x_wconf 57' lang='lat' dir='ltr'><strong>nonv</strong></span> 
     </span>
    </p>
   </div>
   <div class='ocr_carea' id='block_1_104' title="bbox 1886 4468 3454 4555">
    <p class='ocr_par' dir='ltr' id='par_1_104' title="bbox 1886 4468 3454 4555">
     <span class='ocr_line' id='line_1_104' title="bbox 1886 4468 3454 4555; baseline -0.015 -14"><span class='ocrx_word' id='word_1_770' title='bbox 1886 4499 2161 4555; x_wconf 82' lang='lat' dir='ltr'><strong>nunquam</strong></span> <span class='ocrx_word' id='word_1_771' title='bbox 2192 4483 2354 4536; x_wconf 89' lang='lat' dir='ltr'><strong>etiam</strong></span> <span class='ocrx_word' id='word_1_772' title='bbox 2380 4495 2408 4534; x_wconf 91' lang='lat' dir='ltr'><strong>a</strong></span> <span class='ocrx_word' id='word_1_773' title='bbox 2432 4479 2588 4532; x_wconf 89' lang='lat' dir='ltr'><strong>malis</strong></span> <span class='ocrx_word' id='word_1_774' title='bbox 2615 4472 2932 4531; x_wconf 66' lang='lat' dir='ltr'><strong>offerantur.</strong></span> <span class='ocrx_word' id='word_1_775' title='bbox 2958 4473 3111 4537; x_wconf 89' lang='lat' dir='ltr'><strong>Quod</strong></span> <span class='ocrx_word' id='word_1_776' title='bbox 3140 4471 3283 4523; x_wconf 91' lang='lat' dir='ltr'><strong>enim</strong></span> <span class='ocrx_word' id='word_1_777' title='bbox 3313 4468 3454 4519; x_wconf 79' lang='lat' dir='ltr'><strong>Deus</strong></span> 
     </span>
    </p>
   </div>
   <div class='ocr_carea' id='block_1_105' title="bbox 1891 4563 3454 4635">
    <p class='ocr_par' dir='ltr' id='par_1_105' title="bbox 1891 4563 3454 4635">
     <span class='ocr_line' id='line_1_105' title="bbox 1891 4563 3454 4635; baseline -0.015 -3"><span class='ocrx_word' id='word_1_778' title='bbox 1891 4579 2054 4632; x_wconf 82' lang='lat' dir='ltr'><strong>etiam</strong></span> <span class='ocrx_word' id='word_1_779' title='bbox 2085 4575 2202 4628; x_wconf 68' lang='lat' dir='ltr'><strong>haec</strong></span> <span class='ocrx_word' id='word_1_780' title='bbox 2239 4573 2383 4627; x_wconf 86' lang='lat' dir='ltr'><strong>dona</strong></span> <span class='ocrx_word' id='word_1_781' title='bbox 2415 4576 2722 4631; x_wconf 77' lang='lat' dir='ltr'><strong>aversatur,</strong></span> <span class='ocrx_word' id='word_1_782' title='bbox 2757 4564 2976 4635; x_wconf 89' lang='lat' dir='ltr'><strong>quando</strong></span> <span class='ocrx_word' id='word_1_783' title='bbox 3010 4563 3175 4616; x_wconf 85' lang='lat' dir='ltr'><strong>fuerit</strong></span> <span class='ocrx_word' id='word_1_784' title='bbox 3217 4569 3454 4614; x_wconf 83' lang='lat' dir='ltr'><strong>scelera-</strong></span> 
     </span>
    </p>
   </div>
   <div class='ocr_carea' id='block_1_106' title="bbox 1889 4650 3461 4735">
    <p class='ocr_par' dir='ltr' id='par_1_106' title="bbox 1889 4650 3461 4735">
     <span class='ocr_line' id='line_1_106' title="bbox 1889 4650 3461 4735; baseline -0.015 -12"><span class='ocrx_word' id='word_1_785' title='bbox 1889 4681 1972 4724; x_wconf 75' lang='lat' dir='ltr'><strong>tus</strong></span> <span class='ocrx_word' id='word_1_786' title='bbox 2012 4668 2058 4721; x_wconf 90' lang='lat' dir='ltr'><strong>is</strong></span> <span class='ocrx_word' id='word_1_787' title='bbox 2085 4665 2174 4735; x_wconf 90' lang='lat' dir='ltr'><strong>qui</strong></span> <span class='ocrx_word' id='word_1_788' title='bbox 2209 4662 2386 4726; x_wconf 83' lang='lat' dir='ltr'><strong>oﬂ‘ert,</strong></span> <span class='ocrx_word' id='word_1_789' title='bbox 2415 4663 2621 4714; x_wconf 82' lang='lat' dir='ltr'><strong>clarum</strong></span> <span class='ocrx_word' id='word_1_790' title='bbox 2651 4667 2732 4712; x_wconf 85' lang='lat' dir='ltr'><strong>est</strong></span> <span class='ocrx_word' id='word_1_791' title='bbox 2764 4672 2827 4710; x_wconf 85' lang='lat' dir='ltr'><strong>ex</strong></span> <span class='ocrx_word' id='word_1_792' title='bbox 2863 4673 2926 4710; x_wconf 87' lang='lat' dir='ltr'><strong>eo</strong></span> <span class='ocrx_word' id='word_1_793' title='bbox 2955 4654 3096 4723; x_wconf 89' lang='lat' dir='ltr'><strong>quod</strong></span> <span class='ocrx_word' id='word_1_794' title='bbox 3132 4652 3252 4705; x_wconf 84' lang='lat' dir='ltr'><strong>fecit</strong></span> <span class='ocrx_word' id='word_1_795' title='bbox 3277 4650 3461 4703; x_wconf 73' lang='lat' dir='ltr'><strong>Ecclr-</strong></span> 
     </span>
    </p>
   </div>
   <div class='ocr_carea' id='block_1_107' title="bbox 1889 4747 3456 4822">
    <p class='ocr_par' dir='ltr' id='par_1_107' title="bbox 1889 4747 3456 4822">
     <span class='ocr_line' id='line_1_107' title="bbox 1889 4747 3456 4822; baseline -0.013 -9"><span class='ocrx_word' id='word_1_796' title='bbox 1889 4761 1990 4814; x_wconf 86' lang='lat' dir='ltr'><strong>sia.</strong></span> <span class='ocrx_word' id='word_1_797' title='bbox 2025 4757 2252 4822; x_wconf 85' lang='lat' dir='ltr'><strong>Quando</strong></span> <span class='ocrx_word' id='word_1_798' title='bbox 2282 4753 2427 4807; x_wconf 90' lang='lat' dir='ltr'><strong>enim</strong></span> <span class='ocrx_word' id='word_1_799' title='bbox 2463 4750 2614 4803; x_wconf 85' lang='lat' dir='ltr'><strong>novit</strong></span> <span class='ocrx_word' id='word_1_800' title='bbox 2647 4747 2739 4818; x_wconf 83' lang='lat' dir='ltr'><strong>qui</strong></span> <span class='ocrx_word' id='word_1_801' title='bbox 2776 4747 3028 4801; x_wconf 83' lang='lat' dir='ltr'><strong>mortalia</strong></span> <span class='ocrx_word' id='word_1_802' title='bbox 3067 4751 3316 4813; x_wconf 79' lang='lat' dir='ltr'><strong>peccant,</strong></span> <span class='ocrx_word' id='word_1_803' title='bbox 3350 4757 3456 4794; x_wconf 84' lang='lat' dir='ltr'><strong>non</strong></span> 
     </span>
    </p>
   </div>
   <div class='ocr_carea' id='block_1_108' title="bbox 1889 4834 3453 4906">
    <p class='ocr_par' dir='ltr' id='par_1_108' title="bbox 1889 4834 3453 4906">
     <span class='ocr_line' id='line_1_108' title="bbox 1889 4834 3453 4906; baseline -0.015 0"><span class='ocrx_word' id='word_1_804' title='bbox 1889 4850 2020 4906; x_wconf 82' lang='lat' dir='ltr'><strong>sinit</strong></span> <span class='ocrx_word' id='word_1_805' title='bbox 2054 4864 2144 4904; x_wconf 89' lang='lat' dir='ltr'><strong>eos</strong></span> <span class='ocrx_word' id='word_1_806' title='bbox 2175 4848 2290 4900; x_wconf 69' lang='grc' dir='ltr'><strong>ιιωο</strong></span> <span class='ocrx_word' id='word_1_807' title='bbox 2316 4841 2706 4904; x_wconf 61' lang='grc' dir='ltr'><strong>ἀοηαθίῐεττε,</strong></span> <span class='ocrx_word' id='word_1_808' title='bbox 2737 4846 2810 4902; x_wconf 87' lang='lat' dir='ltr'><strong>et,</strong></span> <span class='ocrx_word' id='word_1_809' title='bbox 2853 4838 2896 4890; x_wconf 89' lang='lat' dir='ltr'><strong>si</strong></span> <span class='ocrx_word' id='word_1_810' title='bbox 2937 4836 3054 4889; x_wconf 87' lang='lat' dir='ltr'><strong>ausi</strong></span> <span class='ocrx_word' id='word_1_811' title='bbox 3089 4834 3310 4891; x_wconf 86' lang='lat' dir='ltr'><strong>fuerint,</strong></span> <span class='ocrx_word' id='word_1_812' title='bbox 3344 4847 3453 4883; x_wconf 84' lang='lat' dir='ltr'><strong>non</strong></span> 
     </span>
    </p>
   </div>
   <div class='ocr_carea' id='block_1_109' title="bbox 1890 4926 3455 5010">
    <p class='ocr_par' dir='ltr' id='par_1_109' title="bbox 1890 4926 3455 5010">
     <span class='ocr_line' id='line_1_109' title="bbox 1890 4926 3455 5010; baseline -0.014 -14"><span class='ocrx_word' id='word_1_813' title='bbox 1890 4939 2138 5010; x_wconf 84' lang='lat' dir='ltr'><strong>suscipit,</strong></span> <span class='ocrx_word' id='word_1_814' title='bbox 2178 4937 2274 4992; x_wconf 90' lang='lat' dir='ltr'><strong>sed</strong></span> <span class='ocrx_word' id='word_1_815' title='bbox 2321 4949 2416 4989; x_wconf 87' lang='lat' dir='ltr'><strong>eos</strong></span> <span class='ocrx_word' id='word_1_816' title='bbox 2454 4949 2486 4986; x_wconf 86' lang='lat' dir='ltr'><strong>a</strong></span> <span class='ocrx_word' id='word_1_817' title='bbox 2537 4930 2697 4986; x_wconf 83' lang='lat' dir='ltr'><strong>donis</strong></span> <span class='ocrx_word' id='word_1_818' title='bbox 2749 4927 2986 4996; x_wconf 89' lang='lat' dir='ltr'><strong>repellit.</strong></span> <span class='ocrx_word' id='word_1_819' title='bbox 3046 4926 3146 4979; x_wconf 56' lang='lat' dir='ltr'><strong>Sed</strong></span> <span class='ocrx_word' id='word_1_820' title='bbox 3199 4926 3455 4993; x_wconf 82' lang='lat' dir='ltr'><strong>quoniam</strong></span> 
     </span>
    </p>
   </div>
   <div class='ocr_carea' id='block_1_110' title="bbox 1891 5015 3459 5095">
    <p class='ocr_par' dir='ltr' id='par_1_110' title="bbox 1891 5015 3459 5095">
     <span class='ocr_line' id='line_1_110' title="bbox 1891 5015 3459 5095; baseline -0.011 -10"><span class='ocrx_word' id='word_1_821' title='bbox 1891 5046 2083 5086; x_wconf 86' lang='lat' dir='ltr'><strong>onmes</strong></span> <span class='ocrx_word' id='word_1_822' title='bbox 2121 5028 2252 5083; x_wconf 85' lang='lat' dir='ltr'><strong>tales</strong></span> <span class='ocrx_word' id='word_1_823' title='bbox 2283 5033 2432 5080; x_wconf 88' lang='lat' dir='ltr'><strong>recte</strong></span> <span class='ocrx_word' id='word_1_824' title='bbox 2472 5039 2582 5090; x_wconf 65' lang='lat' dir='ltr'><strong>non</strong></span> <span class='ocrx_word' id='word_1_825' title='bbox 2619 5021 2766 5095; x_wconf 77' lang='lat' dir='ltr'><strong>novit</strong></span> <span class='ocrx_word' id='word_1_826' title='bbox 2814 5019 3054 5072; x_wconf 86' lang='lat' dir='ltr'><strong>Ecclesia</strong></span> <span class='ocrx_word' id='word_1_827' title='bbox 3083 5057 3096 5082; x_wconf 96' lang='lat'><strong>,</strong></span> <span class='ocrx_word' id='word_1_828' title='bbox 3146 5017 3237 5069; x_wconf 88' lang='lat' dir='ltr'><strong>sed</strong></span> <span class='ocrx_word' id='word_1_829' title='bbox 3273 5015 3459 5083; x_wconf 82' lang='lat' dir='ltr'><strong>plures</strong></span> 
     </span>
    </p>
   </div>
   <div class='ocr_carea' id='block_1_111' title="bbox 1891 5109 3458 5185">
    <p class='ocr_par' dir='ltr' id='par_1_111' title="bbox 1891 5109 3458 5185">
     <span class='ocr_line' id='line_1_111' title="bbox 1891 5109 3458 5185; baseline -0.011 -8"><span class='ocrx_word' id='word_1_830' title='bbox 1891 5125 2081 5185; x_wconf 88' lang='lat' dir='ltr'><strong>latent,</strong></span> <span class='ocrx_word' id='word_1_831' title='bbox 2114 5130 2166 5175; x_wconf 89' lang='lat' dir='ltr'><strong>et</strong></span> <span class='ocrx_word' id='word_1_832' title='bbox 2207 5133 2395 5174; x_wconf 91' lang='lat' dir='ltr'><strong>eorum</strong></span> <span class='ocrx_word' id='word_1_833' title='bbox 2428 5121 2573 5171; x_wconf 88' lang='lat' dir='ltr'><strong>dona</strong></span> <span class='ocrx_word' id='word_1_834' title='bbox 2624 5128 2778 5169; x_wconf 86' lang='lat' dir='ltr'><strong>sacra</strong></span> <span class='ocrx_word' id='word_1_835' title='bbox 2817 5125 3003 5164; x_wconf 85' lang='lat' dir='ltr'><strong>mensa</strong></span> <span class='ocrx_word' id='word_1_836' title='bbox 3042 5109 3292 5176; x_wconf 82' lang='lat' dir='ltr'><strong>suscipit,</strong></span> <span class='ocrx_word' id='word_1_837' title='bbox 3326 5110 3458 5176; x_wconf 88' lang='lat' dir='ltr'><strong>quid</strong></span> 
     </span>
    </p>
   </div>
   <div class='ocr_carea' id='block_1_112' title="bbox 1894 5204 3461 5277">
    <p class='ocr_par' dir='ltr' id='par_1_112' title="bbox 1894 5204 3461 5277">
     <span class='ocr_line' id='line_1_112' title="bbox 1894 5204 3461 5277; baseline -0.01 -9"><span class='ocrx_word' id='word_1_838' title='bbox 1894 5217 1960 5268; x_wconf 92' lang='lat' dir='ltr'><strong>de</strong></span> <span class='ocrx_word' id='word_1_839' title='bbox 1992 5214 2097 5266; x_wconf 89' lang='lat' dir='ltr'><strong>illis</strong></span> <span class='ocrx_word' id='word_1_840' title='bbox 2134 5211 2294 5266; x_wconf 91' lang='lat' dir='ltr'><strong>donis</strong></span> <span class='ocrx_word' id='word_1_841' title='bbox 2329 5216 2546 5277; x_wconf 88' lang='lat' dir='ltr'><strong>oportet</strong></span> <span class='ocrx_word' id='word_1_842' title='bbox 2591 5204 2874 5262; x_wconf 87' lang='lat' dir='ltr'><strong>statuere?</strong></span> <span class='ocrx_word' id='word_1_843' title='bbox 2903 5218 2968 5256; x_wconf 89' lang='lat' dir='ltr'><strong>an</strong></span> <span class='ocrx_word' id='word_1_844' title='bbox 3022 5205 3128 5254; x_wconf 87' lang='lat' dir='ltr'><strong>Deo</strong></span> <span class='ocrx_word' id='word_1_845' title='bbox 3182 5216 3286 5253; x_wconf 88' lang='lat' dir='ltr'><strong>non</strong></span> <span class='ocrx_word' id='word_1_846' title='bbox 3339 5217 3461 5253; x_wconf 84' lang='lat' dir='ltr'><strong>esse</strong></span> 
     </span>
    </p>
   </div>
   <div class='ocr_carea' id='block_1_113' title="bbox 1894 5290 3460 5374">
    <p class='ocr_par' dir='ltr' id='par_1_113' title="bbox 1894 5290 3460 5374">
     <span class='ocr_line' id='line_1_113' title="bbox 1894 5290 3460 5374; baseline -0.011 -14"><span class='ocrx_word' id='word_1_847' title='bbox 1894 5315 2137 5374; x_wconf 83' lang='lat' dir='ltr'><strong>accepta,</strong></span> <span class='ocrx_word' id='word_1_848' title='bbox 2174 5313 2226 5356; x_wconf 91' lang='lat' dir='ltr'><strong>et</strong></span> <span class='ocrx_word' id='word_1_849' title='bbox 2267 5301 2414 5356; x_wconf 87' lang='lat' dir='ltr'><strong>omni</strong></span> <span class='ocrx_word' id='word_1_850' title='bbox 2447 5314 2567 5353; x_wconf 90' lang='lat' dir='ltr'><strong>esse</strong></span> <span class='ocrx_word' id='word_1_851' title='bbox 2608 5294 3042 5351; x_wconf 76' lang='lat' dir='ltr'><strong>sanctificatione</strong></span> <span class='ocrx_word' id='word_1_852' title='bbox 3071 5291 3368 5357; x_wconf 52' lang='lat' dir='ltr'><strong>destituta]!</strong></span> <span class='ocrx_word' id='word_1_853' title='bbox 3397 5290 3460 5343; x_wconf 88' lang='lat' dir='ltr'><strong>Et</strong></span> 
     </span>
    </p>
   </div>
   <div class='ocr_carea' id='block_1_114' title="bbox 1896 5384 3460 5455">
    <p class='ocr_par' dir='ltr' id='par_1_114' title="bbox 1896 5384 3460 5455">
     <span class='ocr_line' id='line_1_114' title="bbox 1896 5384 3460 5455; baseline -0.012 -4"><span class='ocrx_word' id='word_1_854' title='bbox 1896 5399 1939 5451; x_wconf 92' lang='lat' dir='ltr'><strong>si</strong></span> <span class='ocrx_word' id='word_1_855' title='bbox 1973 5397 2078 5451; x_wconf 89' lang='lat' dir='ltr'><strong>hoc</strong></span> <span class='ocrx_word' id='word_1_856' title='bbox 2111 5397 2296 5450; x_wconf 88' lang='lat' dir='ltr'><strong>datum</strong></span> <span class='ocrx_word' id='word_1_857' title='bbox 2333 5391 2514 5455; x_wconf 76' lang='lat' dir='ltr'><strong>fuerit,</strong></span> <span class='ocrx_word' id='word_1_858' title='bbox 2547 5392 2811 5443; x_wconf 90' lang='lat' dir='ltr'><strong>incertum</strong></span> <span class='ocrx_word' id='word_1_859' title='bbox 2843 5384 3061 5454; x_wconf 83' lang='lat' dir='ltr'><strong>quando</strong></span> <span class='ocrx_word' id='word_1_860' title='bbox 3091 5391 3299 5441; x_wconf 84' lang='lat' dir='ltr'><strong>sancta.</strong></span> <span class='ocrx_word' id='word_1_861' title='bbox 3338 5397 3460 5433; x_wconf 84' lang='lat' dir='ltr'><strong>cum</strong></span> 
     </span>
    </p>
   </div>
   <div class='ocr_carea' id='block_1_115' title="bbox 1898 5474 3462 5550">
    <p class='ocr_par' dir='ltr' id='par_1_115' title="bbox 1898 5474 3462 5550">
     <span class='ocr_line' id='line_1_115' title="bbox 1898 5474 3462 5550; baseline -0.014 -6"><span class='ocrx_word' id='word_1_862' title='bbox 1898 5492 1964 5545; x_wconf 93' lang='lat' dir='ltr'><strong>de</strong></span> <span class='ocrx_word' id='word_1_863' title='bbox 2009 5488 2253 5541; x_wconf 86' lang='lat' dir='ltr'><strong>moribus</strong></span> <span class='ocrx_word' id='word_1_864' title='bbox 2303 5498 2494 5540; x_wconf 89' lang='lat' dir='ltr'><strong>eorum</strong></span> <span class='ocrx_word' id='word_1_865' title='bbox 2540 5486 2633 5550; x_wconf 88' lang='lat' dir='ltr'><strong>qui</strong></span> <span class='ocrx_word' id='word_1_866' title='bbox 2669 5479 2927 5543; x_wconf 69' lang='lat' dir='ltr'><strong>offerunt,</strong></span> <span class='ocrx_word' id='word_1_867' title='bbox 2958 5475 3040 5529; x_wconf 89' lang='lat' dir='ltr'><strong>vel</strong></span> <span class='ocrx_word' id='word_1_868' title='bbox 3075 5482 3134 5527; x_wconf 91' lang='lat' dir='ltr'><strong>ut</strong></span> <span class='ocrx_word' id='word_1_869' title='bbox 3167 5474 3462 5537; x_wconf 85' lang='lat' dir='ltr'><strong>plurimum</strong></span> 
     </span>
    </p>
   </div>
   <div class='ocr_carea' id='block_1_116' title="bbox 1899 5564 3458 5645">
    <p class='ocr_par' dir='ltr' id='par_1_116' title="bbox 1899 5564 3458 5645">
     <span class='ocr_line' id='line_1_116' title="bbox 1899 5564 3458 5645; baseline -0.015 -7"><span class='ocrx_word' id='word_1_870' title='bbox 1899 5581 2200 5645; x_wconf 83' lang='lat' dir='ltr'><strong>dubitetur,</strong></span> <span class='ocrx_word' id='word_1_871' title='bbox 2249 5577 2327 5632; x_wconf 82' lang='lat' dir='ltr'><strong>vel</strong></span> <span class='ocrx_word' id='word_1_872' title='bbox 2368 5577 2405 5630; x_wconf 89' lang='lat' dir='ltr'><strong>ii</strong></span> <span class='ocrx_word' id='word_1_873' title='bbox 2441 5574 2665 5628; x_wconf 89' lang='lat' dir='ltr'><strong>omnino</strong></span> <span class='ocrx_word' id='word_1_874' title='bbox 2709 5570 3028 5637; x_wconf 79' lang='lat' dir='ltr'><strong>ignorentur</strong></span> <span class='ocrx_word' id='word_1_875' title='bbox 3061 5583 3075 5620; x_wconf 72' lang='grc' dir='ltr'><strong>ι</strong></span> <span class='ocrx_word' id='word_1_876' title='bbox 3109 5577 3157 5619; x_wconf 89' lang='lat' dir='ltr'><strong>et</strong></span> <span class='ocrx_word' id='word_1_877' title='bbox 3196 5566 3269 5616; x_wconf 87' lang='lat' dir='ltr'><strong>ita</strong></span> <span class='ocrx_word' id='word_1_878' title='bbox 3310 5564 3458 5615; x_wconf 68' lang='grc' dir='ltr'><strong>11ωεί-</strong></span> 
     </span>
    </p>
   </div>
   <div class='ocr_carea' id='block_1_117' title="bbox 1902 5657 3464 5735">
    <p class='ocr_par' dir='ltr' id='par_1_117' title="bbox 1902 5657 3464 5735">
     <span class='ocr_line' id='line_1_117' title="bbox 1902 5657 3464 5735; baseline -0.013 -10"><span class='ocrx_word' id='word_1_879' title='bbox 1902 5680 2101 5735; x_wconf 88' lang='lat' dir='ltr'><strong>tantes,</strong></span> <span class='ocrx_word' id='word_1_880' title='bbox 2134 5678 2187 5724; x_wconf 90' lang='lat' dir='ltr'><strong>et</strong></span> <span class='ocrx_word' id='word_1_881' title='bbox 2215 5668 2333 5721; x_wconf 89' lang='lat' dir='ltr'><strong>sine</strong></span> <span class='ocrx_word' id='word_1_882' title='bbox 2373 5666 2475 5719; x_wconf 82' lang='lat' dir='ltr'><strong>ﬁde</strong></span> <span class='ocrx_word' id='word_1_883' title='bbox 2509 5664 2574 5718; x_wconf 87' lang='lat' dir='ltr'><strong>ad</strong></span> <span class='ocrx_word' id='word_1_884' title='bbox 2608 5667 2946 5716; x_wconf 85' lang='lat' dir='ltr'><strong>sacramenta</strong></span> <span class='ocrx_word' id='word_1_885' title='bbox 2979 5657 3337 5711; x_wconf 77' lang='lat' dir='ltr'><strong>accedentes.</strong></span> <span class='ocrx_word' id='word_1_886' title='bbox 3369 5669 3464 5705; x_wconf 91' lang='lat' dir='ltr'><strong>ne-</strong></span> 
     </span>
    </p>
   </div>
   <div class='ocr_carea' id='block_1_118' title="bbox 1902 5743 3471 5818">
    <p class='ocr_par' dir='ltr' id='par_1_118' title="bbox 1902 5743 3471 5818">
     <span class='ocr_line' id='line_1_118' title="bbox 1902 5743 3471 5818; baseline -0.014 -3"><span class='ocrx_word' id='word_1_887' title='bbox 1902 5775 2055 5815; x_wconf 86' lang='lat' dir='ltr'><strong>cesse</strong></span> <span class='ocrx_word' id='word_1_888' title='bbox 2087 5769 2172 5814; x_wconf 90' lang='lat' dir='ltr'><strong>est</strong></span> <span class='ocrx_word' id='word_1_889' title='bbox 2200 5756 2385 5812; x_wconf 78' lang='lat' dir='ltr'><strong>fideles</strong></span> <span class='ocrx_word' id='word_1_890' title='bbox 2412 5754 2544 5808; x_wconf 90' lang='lat' dir='ltr'><strong>nihil</strong></span> <span class='ocrx_word' id='word_1_891' title='bbox 2597 5753 2662 5804; x_wconf 84' lang='lat' dir='ltr'><strong>ah</strong></span> <span class='ocrx_word' id='word_1_892' title='bbox 2709 5751 2789 5802; x_wconf 90' lang='lat' dir='ltr'><strong>cis</strong></span> <span class='ocrx_word' id='word_1_893' title='bbox 2817 5749 3019 5818; x_wconf 82' lang='lat' dir='ltr'><strong>juvari.</strong></span> <span class='ocrx_word' id='word_1_894' title='bbox 3051 5745 3190 5810; x_wconf 73' lang='lat' dir='ltr'><strong>Quid</strong></span> <span class='ocrx_word' id='word_1_895' title='bbox 3239 5745 3303 5796; x_wconf 86' lang='lat' dir='ltr'><strong>ad</strong></span> <span class='ocrx_word' id='word_1_896' title='bbox 3357 5743 3471 5795; x_wconf 78' lang='lat' dir='ltr'><strong>haec</strong></span> 
     </span>
    </p>
   </div>
   <div class='ocr_carea' id='block_1_119' title="bbox 1903 5838 3467 5925">
    <p class='ocr_par' dir='ltr' id='par_1_119' title="bbox 1903 5838 3467 5925">
     <span class='ocr_line' id='line_1_119' title="bbox 1903 5838 3467 5925; baseline -0.014 -18"><span class='ocrx_word' id='word_1_897' title='bbox 1903 5871 2031 5925; x_wconf 81' lang='lat' dir='ltr'><strong>ergo</strong></span> <span class='ocrx_word' id='word_1_898' title='bbox 2063 5851 2353 5909; x_wconf 89' lang='lat' dir='ltr'><strong>dicendum</strong></span> <span class='ocrx_word' id='word_1_899' title='bbox 2386 5848 2507 5904; x_wconf 83' lang='lat' dir='ltr'><strong>est?</strong></span> <span class='ocrx_word' id='word_1_900' title='bbox 2531 5845 2683 5911; x_wconf 86' lang='lat' dir='ltr'><strong>Quod</strong></span> <span class='ocrx_word' id='word_1_901' title='bbox 2718 5859 2838 5896; x_wconf 87' lang='lat' dir='ltr'><strong>cum</strong></span> <span class='ocrx_word' id='word_1_902' title='bbox 2877 5842 2941 5896; x_wconf 87' lang='lat' dir='ltr'><strong>sit</strong></span> <span class='ocrx_word' id='word_1_903' title='bbox 2971 5839 3166 5907; x_wconf 82' lang='lat' dir='ltr'><strong>duplex</strong></span> <span class='ocrx_word' id='word_1_904' title='bbox 3199 5838 3467 5890; x_wconf 84' lang='lat' dir='ltr'><strong>donorum</strong></span> 
     </span>
    </p>
   </div>
  </div>
