4150 6312
735 396 838 464 467

1954 408 2261 471 ΝιαΟιΑι
2303 412 2693 475 αΑιιΑειωε

3848 425 3967 485 4ῦὸ

733 519 961 581 oblatio,
1006 520 1172 587 prima
1204 523 1420 591 quidem
1452 525 1569 593 ejus
1602 530 1689 595 qui
1724 544 1784 582 ea
1830 530 1969 585 dona
1998 531 2177 591 de'ert
2220 539 2274 590 in

2381 535 2622 601 αγωγῆς,
2692 535 2787 602 τῆς
2838 534 2935 602 μὲν
2970 535 3187 606 πρώτης
3240 538 3335 591 τοῦ
3367 540 3577 593 (σίκοηεν
3619 543 3754 593 αὐτὰ
3790 545 3961 609 κομῖ-

734 624 933 664 manus
972 612 1349 677 sacerdotum,
1384 618 1621 670 secunda
1672 627 1850 673 autem
1875 662 1888 684 ,
1923 622 2174 680 Ecclesiae
2228 629 2295 682 ad

732 699 942 765 Deum;
973 702 1143 769 prima
1166 704 1384 771 quidem
1411 707 1633 770 oblatio,
1666 712 1881 778 quando
1911 722 1993 766 est
2021 716 2295 784 improbus

732 791 826 858 qui
868 790 1061 857 offert,
1107 804 1189 847 est
1222 795 1421 860 inanis,
1462 808 1513 850 et
1557 800 1693 853 nihil
1737 801 1949 856 confert
2004 805 2292 871 oll'erenti,

731 884 986 949 quoniam
1024 885 1134 952 ipse
1164 895 1245 939 est
1276 890 1468 942 malus.
1500 892 1614 944 Non
1650 895 1792 947 enim
1822 910 1881 948 ea
1913 912 2033 965 quze
2058 897 2294 953 oﬂ‘erun-

732 986 836 1037 tur,
873 974 985 1043 ipsa
1024 992 1115 1043 per
1141 994 1199 1031 se
1231 990 1355 1031 sunt
1396 982 1503 1035 Deo
1556 986 1885 1039 exsecranda
1914 981 2112 1055 (om'nis
2150 991 2291 1044 enim

732 1065 841 1118 Deo
876 1077 1124 1120 creatura
1165 1070 1303 1123 bona
1335 1073 1465 1141 est).
1522 1073 1772 1129 Secunda
1809 1089 1989 1130 autem
2022 1093 2141 1146 quae
2173 1086 2229 1133 tit
2263 1097 2292 1133 a

727 1156 885 1210 bonis
912 1161 1064 1217 viris.
1103 1172 1153 1213 et
1182 1178 1277 1229 pro
1313 1162 1402 1217 Dei
1438 1166 1609 1231 gloria
1652 1177 1707 1220 et
1749 1179 2084 1235 sanctorum,
2121 1182 2173 1224 et
2206 1182 2288 1223 to-

727 1250 835 1303 tius
865 1253 1011 1304 orbis
1041 1254 1238 1317 salute,
1268 1266 1321 1308 et
1353 1259 1535 1321 omni,
1584 1268 1644 1313 ut
1697 1262 1862 1315 semel
1914 1262 2113 1326 dicam,
2145 1262 2288 1324 iusta

725 1343 1006 1409 petitione,
1042 1346 1179 1399 nihil
1209 1356 1357 1401 vetat
1392 1350 1687 1413 quominus
1734 1352 1805 1408 sit
1854 1364 2098 1420 accepta.
2134 1352 2287 1407 Nulla

725 1431 869 1482 enim
902 1432 1061 1486 donis
1094 1433 1400 1501 inquinatio
1432 1437 1593 1491 allata
1623 1450 1704 1493 est
1728 1454 1758 1493 ε
1784 1442 2032 1496 manibus
2054 1443 2173 1509 ejus
2196 1440 2287 1509 qui

726 1522 793 1576 ab
818 1523 987 1577 initio
1014 1526 1229 1592 obtulit,
1269 1530 1360 1582 sed
1394 1544 1528 1597 pura
1563 1532 1861 1593 manentia,
1894 1532 2055 1585 etiam
2093 1548 2121 1585 a
2162 1546 2290 1585 san«

722 1616 833 1667 etis
874 1616 1078 1682 oblata,
1129 1628 1182 1671 et
1238 1620 1679 1686 sanctiﬁcantur,
1715 1632 1771 1675 et
1821 1623 2165 1676 sanetiiicant
2192 1636 2287 1677 eos

721 1707 816 1773 qni
868 1710 1152 1762 accedunt.
1207 1709 1264 1765 In
1314 1712 1467 1765 nullo
1511 1714 1655 1765 enim
1708 1714 1937 1768 rationis
1981 1714 2284 1783 erpertium

720 1796 1083 1851 animantium
1124 1800 1205 1854 vel
1232 1800 1618 1867 animatorum,
1636 1810 1813 1870 potest
1840 1803 2077 1858 insidere
2106 1804 2285 1873 aliqua

720 1889 927 1956 peccati
964 1892 1200 1944 macula.
1231 1890 1522 1946 Peccatum
1545 1895 1691 1945 enim
1718 1902 1803 1947 est
1836 1894 2059 1949 morbus
2092 1896 2283 1948 volun-

721 1978 869 2044 tatis,
893 1988 945 2033 et
967 1982 1139 2036 solum
1171 1993 1469 2037 esteorum
1500 1998 1616 2053 quae
1642 1997 1769 2041 sunt
1799 1989 2007 2042 ratione
2041 1988 2280 2057 praedita,

722 2080 944 2135 peccato
986 2069 1278 2140 inquinari.
1322 2073 1437 2127 αυτ-
1460 2091 1609 2141 ergo,
1644 2075 1690 2129 si
1738 2092 1955 2144 semper
1984 2092 2117 2146 pura
2148 2085 2275 2131 sunt

721 2162 861 2215 dona
892 2176 1011 2228 quae
1041 2178 1070 2216 a
1105 2164 1261 2217 malis
1292 2164 1617 2231 oﬂ'eruntur,
1671 2180 1731 2218 ca
1775 2167 1857 2220 lex
1892 2167 2145 2221 Ecclesia:
2176 2183 2281 2221 non

721 2253 990 2320 suscipit?
1040 2252 1113 2307 Ut
1154 2269 1247 2308 eos
1280 2255 1371 2323 qui
1428 2256 1681 2321 offerunt,
1731 2257 2043 2319 admoneat,
2090 2266 2148 2311 ut
2192 2273 2283 2311 co-

714 2353 991 2409 gnosca'ut
1033 2344 1331 2397 maximam
1375 2341 1471 2399 Dei
1503 2346 1637 2398 iram
1674 2362 1835 2414 quam
1881 2347 1994 2415 ipse
2021 2348 2278 2409 ostendit,

720 2434 813 2501 qui
848 2435 1015 2487 etiam
1054 2445 1334 2489 creaturas
1366 2451 1493 2490 suas
1532 2438 1729 2505 quibus
1778 2452 1883 2489 non
1925 2439 2085 2491 habet
2133 2442 2277 2503 quod

718 2527 1015 2595 quidquam
1048 2528 1295 2595 corporis
1332 2526 1577 2597 obiiciat,
1610 2539 1833 2598 propter
1877 2532 2021 2599 ipsos
2063 2547 2281 2585 aversa—

718 2625 805 2671 tur
847 2628 901 2672 et
938 2620 1099 2673 habet
1138 2620 1264 2673 odio
1297 2639 1309 2673 :
1346 2629 1397 2672 et
1449 2636 1571 2674 cum
1621 2623 1734 2673 haec
1782 2621 2173 2681 intellemrint,
2208 2624 2273 2677 ti-

718 2720 925 2772 meant,
950 2720 1003 2763 et
1030 2712 1190 2764 vitam
1219 2711 1525 2777 corrigam;
1551 2712 1664 2778 ipsa
1694 2721 1874 2767 autem
1912 2715 2052 2767 dona
2078 2714 2279 2768 nullius

718 2801 837 2854 vitii
864 2800 1213 2855 condemnat.
1253 2800 1545 2866 Propterea
1580 2802 1716 2855 nihil
1768 2803 2020 2871 prohibet
2062 2805 2275 2870 quomi-

720 2906 825 2949 nus
854 2909 917 2948 ea
963 2894 1071 2948 sint
1101 2902 1320 2963 accepta
1356 2904 1412 2947 et
1455 2890 1891 2958 sancti’dcentur,
1924 2910 2047 2959 cum
2080 2911 2279 2949 secun-

717 2984 839 3038 dam
873 2984 1198 3038 oblationem
1231 2984 1432 3039 faciant
1464 2986 1589 3039 boni
1622 2982 1743 3040 't‘iri.
1766 2985 1871 3041 Sed
1904 2987 2101 3045 dixerit
2131 2988 2280 3058 quis-

718 3074 861 3141 piam
896 3092 908 3127 :
943 3075 1105 3142 Atqui
1163 3090 1269 3128 non
1312 3089 1505 3129 omnes
1554 3077 1645 3145 qui
1695 3077 1960 3141 oﬂ'erunt,
2010 3088 2135 3133 sunt
2179 3078 2278 3131 viri

2398 622 2578 684 ζοντος
2608 626 2684 685 είς
2712 625 2809 686 τὰς
2856 626 2963 677 τῶν
2994 628 3179 697 ἱερέων
3224 632 3411 698 χεῖρας
3435 647 3448 661 ·
3482 632 3578 700 τῆς
3608 631 3662 683 δὲ
3693 634 3959 701 δευτέρας

2382 710 2495 778 ,τῆς
2538 712 2860 781 Ἑκκλησίας
2892 716 3027 786 πρὸς
3057 718 3146 770 τὸν
3175 718 3307 771 Θεόν
3327 739 3341 751 ·
3367 723 3398 788 ἡ
3425 724 3520 791 μὲν
3555 722 3746 792 πρώτη
3776 740 3960 791 προσ-

2396 804 2609 871 αγωγὴ,
2670 805 2795 857 ὅταν
2833 807 3064 877 πονηρὸς
3117 809 3144 860 ὀ
3196 811 3487 876 προσάγων
3522 806 3576 884 ᾖ,
3605 813 3828 881 ματαία,
3862 816 3962 866 καὶ

2395 892 2542 943 οὐδὲν
2573 894 2741 963 αὐτῆς
2771 895 2959 962 ὄφελος
2992 896 3067 965 τῷ
3101 900 3485 968 προσφέροντι,
3516 902 3601 953 διά
3629 903 3688 954 τὸ
3714 904 3960 970 πονηρὸν

2396 982 2557 1034 αὐτὸν
2606 980 2745 1035 εἶναι
2841 987 2901 1038 οὐ
2934 987 3041 1054 γὰρ
3074 988 3137 1059 δὴ
3188 991 3256 1041 τὸ.
3290 993 3680 1059 προσαγόμενα
3714 994 3854 1044 αὖτά
3883 995 3959 1045 δι’

2396 1070 2559 1121 ἑαυτὰ
2594 1073 2739 1138 παρά
2771 1072 2844 1141 τῷ
2872 1073 2984 1141 Θεῷ
3022 1075 3285 1142 βδελυκτά
3330 1081 3432 1147 (ὅτι
3469 1082 3576 1132 πᾶν
3614 1082 3817 1148 κτίσμα
3853 1081 3955 1134 τοῦ

2393 1162 2524 1212 Θεοῦ
2561 1162 2767 1231 καλόν)·
2800 1166 2897 1233 τὴν
2935 1166 2989 1217 δὲ
3019 1166 3273 1237 δευτέραν
3302 1174 3453 1240 παρὰ
3485 1174 3706 1241 ἀγαθῶν
3737 1173 3957 1242 ἀνδρῶν

2392 1254 2704 1321 γινομένην,
2739 1254 2832 1305 καὶ
2864 1256 3004 1324 ὑπὲρ
3044 1257 3144 1325 τῆς
3194 1260 3288 1311 τοῦ
3322 1261 3457 1313 Θεοῦ
3505 1263 3683 1331 δόξης,
3709 1264 3804 1314 καὶ
3839 1264 3958 1314 τῶν

2390 1342 2581 1407 ἁγίων,
2616 1343 2707 1395 καὶ
2734 1345 2830 1409 τῆς
2865 1347 3136 1416 σωτηρίας
3176 1349 3272 1417 τῆς
3303 1352 3689 1419 οίκουμενικῆς
3720 1353 3816 1403 καὶ
3843 1353 3954 1403 πὰ-

2392 1450 2489 1501 σης
2521 1434 2701 1494 ἁπλῶς
2728 1434 2938 1498 δικαίας
2968 1440 3255 1506 αἰτήσεως,
3285 1442 3437 1497 οὐδὲν
3456 1442 3655 1494 κωλύει
3701 1444 3948 1511 εύπρόσυ

2389 1526 2574 1577 δεκτον
2634 1522 2794 1579 εἶναι.
2827 1528 2901 1580 Ού
2970 1530 3075 1599 γὰρ
3109 1531 3326 1599 ὲνετέθη
3373 1549 3457 1593 τις
3507 1533 3787 1601 μολυσμὸς
3835 1538 3953 1592 τοῖς

2389 1614 2578 1685 δώροις
2612 1616 2717 1669 ἀπὸ
2745 1617 2852 1670 τῶν
2888 1619 3085 1688 χειρῶν
3114 1618 3210 1671 τοῦ
3243 1622 3299 1686 ὶξ
3334 1621 3508 1690 ἀρχῆς
3556 1624 3694 1674 αύτά
3740 1638 3953 1692 προσε-

2386 1706 2697 1773 νεγκόντος,
2722 1708 2854 1774 ἀλλὰ
2888 1710 3104 1778 καθαρὰ
3137 1712 3391 1778 μένοντα,
3414 1713 3509 1764 καὶ
3548 1712 3649 1764 ὑπ’)
3687 1713 3955 1781 καθαρῶν

2389 1798 2794 1867 ἀναφερόμενα,
2843 1800 2938 1850 καὶ
2985 1799 3323 1865 ἁγιάζονται,
3355 1803 3446 1853 καὶ
3478 1802 3767 1867 ἀγιάζουσι
3818 1804 3948 1865 τοὺς

2388 1891 2885 1959 προσερχομένους.
2931 1892 3018 1943 Ἐν
3048 1891 3224 1943 οὐδενὶ
3267 1894 3377 1959 γὰρ
3408 1892 3517 1944 τῶν
3541 1893 3750 1957 ἀλόγων
3778 1894 3808 1959 ἢ
3837 1893 3951 1945 τῶν

2384 1980 2608 2049 ἀψύχων
2640 1981 2886 2050 ῥυπαρία
2911 1999 2993 2043 τις
3034 1984 3132 2050 τῆς
3172 1981 3446 2053 ἁμαρτίας
3477 1984 3762 2050 ἐντεθῆναι
3787 1984 3950 2035 δύνα-

2382 2086 2473 2121 ται
2497 2086 2509 2098 ·
2542 2071 2621 2121 ὅτι
2669 2073 2701 2141 ἡ
2746 2072 2991 2140 ἁμαρτία
3024 2070 3396 2140 προαιρέσεώς
3427 2073 3545 2123 ἐστι
3574 2072 3808 2139 νόσημα,
3849 2074 3948 2123 καὶ

2386 2160 2560 2229 μόνων
2593 2161 2658 2213 ἂν
2704 2162 2789 2229 εῐη
2833 2161 2941 2213 τῶν
2975 2162 3211 2226 λογικῶν
3261 2162 3319 2214 τὸ
3367 2164 3473 2215 ἀπὸ
3514 2162 3615 2230 τῆς
3659 2163 3944 2230 ἁμαρτίας

2386 2250 2733 2318 μολύνεσθαι.
2758 2253 2822 2305 Τί
2846 2252 2940 2305 οὖν
2966 2293 2981 2317 ,
3013 2255 3062 2306 εἱ
3092 2254 3179 2305 ἀεὶ
3204 2254 3422 2325 καθαρά
3444 2254 3509 2307 τά
3528 2255 3673 2323 δῶρα
3699 2256 3765 2305 τὰ
3793 2258 3947 2324 παρὰ

2380 2341 2488 2391 τῶν
2520 2344 2773 2410 πονηρῶν
2798 2344 3211 2411 προσαγόμενα,
3242 2348 3268 2397 ὁ
3292 2347 3456 2413 νόμος
3485 2346 3583 2413 τῆς
3614 2345 3944 2413 Ἐκκλησίας

2380 2433 2440 2484 οὔ
2485 2433 2889 2502 παραδέχεταις
2937 2436 3053 2487 Ἴνα
3101 2436 3225 2499 τοὺς
3273 2437 3650 2505 προσάγοντας
3685 2438 3948 2506 ἐντρέψῃ,

2382 2523 2470 2576 ἵνα
2500 2524 2710 2591 μάθωσι
2743 2525 2839 2593 τῆς
2871 2525 2964 2576 τοῦ
2992 2524 3126 2576 Θεοῦ
3158 2525 3349 2595 ὀργῆς,
3382 2528 3448 2597 ἣν
3484 2527 3664 2589 αὐτοῖς
3688 2530 3949 2596 ἐμήνισε,

2380 2616 2479 2683 τὴν
2514 2614 2841 2683 ὑπερῦολὴν,
2873 2616 2929 2676 ὃς
2960 2615 3054 2666 καὶ
3082 2616 3149 2667 τά
3179 2616 3342 2668 αὑτοῦ
3374 2616 3646 2685 κτίσματα
3679 2613 3755 2678 οἷς
3785 2618 3944 2669 οὐδὲν

2379 2702 2630 2769 ιγκαλείν
2656 2703 2790 2772 ἔχει,
2826 2704 3262 2770 ἀποστρέφεται,
3299 2704 3395 2754 καί⁵
3428 2706 3613 2772 μισεῖ·
3642 2706 3734 2757 καὶ
3763 2706 3941 2757 ταῦτα

2381 2794 2660 2861 μαθόντες,
2714 2780 2992 2861 φοϐηθῶσι
3043 2796 3135 2847 καὶ
3172 2794 3569 2863 διορθώσωνται
3622 2798 3713 2848 τὶν
3774 2797 3890 2864 βίον
3925 2811 3942 2825 ⁸

2380 2887 2559 2938 αὐτῶν
2583 2886 2639 2937 δὲ
2664 2886 2772 2936 τῶν
2795 2885 2980 2954 δώρων
3000 2886 3263 2953 οὐδεμίαν
3282 2886 3681 2954 καταγινώσκει
3711 2891 3937 2941 κακίαν.

2378 2981 2475 3034 Διά
2505 2980 2665 3032 τοῦτο
2716 2980 2869 3032 οὐδὲν
2917 2980 3115 3032 κωλύει
3146 2981 3309 3035 δεκτά
3342 2982 3587 3049 γίνεσθαι
3632 2982 3808 3035 ’ταῦτα
3841 2989 3946 3037 καὶ

2379 3070 2698 3139 ἀγιάζεσθαι
2732 3071 2832 3139 τὴν
2868 3070 3128 3139 δευτέραν
3181 3074 3549 3143 προσαγωγὴν
3594 3074 3943 3140 ποιουμένων

718 3164 863 3223 boni.
905 3163 999 3220 sed
1046 3164 1292 3219 nonnulli
1340 3166 1502 3219 etiam
1551 3166 1801 3221 laborant
1852 3178 2099 3223 extremo
2157 3170 2271 3223 vitii

2381 3163 2583 3229 ἀνδρῶν
2607 3162 2846 3228 ἀγαθῶν.
2890 3162 3025 3216 Ἀλλ’
3054 3163 3199 3214 citet
3220 3180 3302 3225 τις
3332 3163 3417 3229 ἂν,
3444 3165 3556 3216 Καὶ
3582 3165 3690 3233 μὴν
3711 3167 3773 3218 οὺ
3805 3167 3943 3218 πᾶν·

716 3257 907 3311 morbo
938 3274 951 3309 :
988 3257 1127 3310 unde
1158 3256 1223 3310 ad
1257 3256 1502 3311 eamdem
1534 3256 1931 3312 dubitationem
1973 3270 2157 3313 nostra
2190 3276 2275 3311 re-

716 3345 796 3400 dit
826 3348 1020 3401 oratio.
1065 3346 1296 3412 Quando
1336 3346 1479 3399 enim
1533 3355 1795 3416 utrosque
1841 3348 2120 3403 oblatores
2172 3346 2280 3404 Deo

716 3455 837 3493 csse
880 3440 1086 3494 invisos
1126 3440 1408 3509 contigerit
1444 3438 1733 3509 (contingit
1770 3441 1965 3507 enim),
2004 3442 2276 3494 untlenam

716 3532 877 3585 donis
905 3530 1125 3587 accedet
1157 3541 1211 3583 ut
1244 3530 1350 3583 Deo
1379 3539 1528 3599 grata
1564 3532 1676 3585 sint
1707 3540 1759 3585 et
1786 3540 2040 3600 accepta,
2069 3541 2121 3586 et
2155 3548 2249 3586 san

717 3633 800 3677 cta
828 3632 880 3676 et
917 3620 1343 3677 sanetilicantia?
1383 3621 1703 3691 Nusquam;
1748 3621 1839 3677 sed
1882 3632 2012 3677 tunc
2058 3623 2274 3691 quidem

718 3727 843 3767 rere
886 3719 1103 3781 accepta
1151 3728 1254 3767 non
1306 3723 1454 3767 sunt.
1486 3712 1645 3767 «Sunt
1697 3722 1880 3767 autem
1932 3714 2135 3774 dubia.
2209 3730 2276 3768 eo

717 3804 862 3873 quod
905 3806 975 3857 de
1017 3804 1262 3859 moribus
1306 3820 1491 3858 eorum
1546 3806 1636 3874 qui
1686 3805 1920 3861 oﬂ‘erunt
1953 3816 2016 3861 ‘et
2070 3806 2279 3861 sacrili-

716 3907 864 3957 eant,
907 3895 1205 3949 dubitatur.
1246 3912 1263 3945 ι
1303 3895 1472 3950 Nemo
1500 3895 1677 3959 enim,
1712 3896 1906 3965 inquit,
1934 3907 2085 3950 certo
2129 3898 2277 3949 ιιογὶι

718 3999 841 4054 qua:
883 3992 1008 4038 sunt
1056 3984 1315 4046 hominis,
1344 3984 1447 4037 nisi
1477 3985 1703 4053 spiritus
1730 3986 1821 4054 qui
1855 3995 1934 4039 est
1965 3987 2021 4037 in
2063 3985 2215 4052 ipso;
2251 4004 2268 4036 ι

720 4084 776 4128 ct
824 4076 893 4128 ita
944 4072 1111 4126 multa
1152 4083 1235 4127 est
1270 4073 1414 4127 circa
1458 4088 1673 4127 sacrum
1721 4074 2037 4142 mysterium
2086 4075 2274 4127 intide-

719 4163 845 4219 litas
884 4173 934 4218 et
982 4163 1271 4227 dubitatio,
1311 4163 1581 4218 certitudo
1620 4173 1799 4218 autem
1862 4179 2166 4233 nusquam,
2223 4176 2274 4219 et

721 4262 1038 4310 sanctorum
1069 4253 1411 4323 perticipatio
1436 4252 1570 4307 nihil
1601 4255 1852 4324 proderit
1884 4254 2148 4314 ﬁdelibus.
2181 4258 2271 4324 qui

722 4347 840 4401 sine
884 4346 986 4399 [ide
1028 4344 1369 4413 participant.
1413 4346 1537 4398 Haec
1580 4344 1778 4397 dixerit
1821 4355 1875 4399 et
1923 4345 2269 4411 dubitaverit,

722 4437 768 4491 si
812 4436 935 4505 quis
979 4446 1129 4504 putat
1176 4435 1351 4503 ipsum
1412 4434 1751 4490 sacerdotem
1818 4449 1939 4491 esse
1988 4437 2267 4490 dominum

722 4529 915 4582 borum
962 4527 1226 4581 donorum
1290 4524 1622 4589 oblationis,
1675 4528 1769 4582 sed
1833 4544 1937 4582 non
2001 4538 2104 4582 est.
2166 4529 2347 4622 SedD

720 4619 867 4687 quod
911 4634 1097 4672 eorum
1148 4617 1366 4685 quidem
1422 4618 1750 4671 oblationem
1806 4618 2023 4687 proprie
2070 4618 2269 4683 ellicit,

722 4708 1025 4783 est‘gratia
1066 4707 1435 4763 sant-tilicans.
1512 4708 1625 4761 Hoc
1686 4708 1832 4762 enim
1891 4715 1973 4763 est
2030 4710 2271 4763 oblatum

722 4814 865 4862 esse,
910 4813 1029 4852 esse
1072 4799 1489 4853 sanctiﬁcatum.
1535 4797 1637 4862 Qui
1682 4808 1860 4852 autem
1894 4800 2139 4869 quotidie
2182 4816 2267 4854 sa-

721 4891 948 4954 crificat,
999 4899 1084 4944 est
1131 4889 1280 4943 illius
1326 4889 1594 4945 minister.
1633 4889 1776 4943 Nihil
1816 4892 1955 4945 enim
1998 4892 2159 4946 domo
2194 4892 2273 4945 af-

718 4976 847 5039 fert,
896 4992 1071 5046 neque
1101 4977 1303 5045 aliquid
1332 4977 1494 5032 audet
1535 4978 1716 5033 facere
1759 4981 1838 5034 vel
1868 4980 2052 5035 dicere
2084 4996 2149 5035 ex
2174 4999 2271 5037 suo

717 5067 923 5138 judicio
968 5068 1051 5121 vel
1095 5068 1325 5131 ratione,
1368 5068 1461 5121 sed
1493 5068 1579 5122 illa
1613 5070 1795 5123 solum
1838 5087 1958 5138 qua:
1999 5072 2146 5127 illinc
2176 5088 2271 5127 ac-

719 5161 886 5231 cepit,
928 5160 1044 5214 sive
1092 5174 1181 5216 res
1222 5167 1326 5223 est,
1374 5161 1488 5215 sive
1531 5175 1733 5227 sermo,
1780 5162 1896 5217 sive
1931 5163 2154 5231 laetum,
2204 5180 2270 5219 eo

720 5267 829 5324 quo
852 5252 1041 5322 jussus
1074 5258 1157 5305 est
1187 5252 1348 5307 modo
1375 5251 1627 5315 oﬂerens,
1675 5253 1782 5308 Deo
1827 5253 2003 5308 reddit
2041 5270 2057 5319 ;
2097 5270 2150 5310 et
2197 5256 2269 5311 ita

718 5346 885 5408 dona,
930 5358 1051 5414 qua:
1082 5354 1245 5418 prout
1275 5344 1323 5399 ei
1355 5345 1551 5415 placet;
1602 5341 1712 5399 Deo
1755 5360 1967 5415 semper
1997 5347 2231 5417 oﬂ’erunt
2252 5387 2269 5411 ,

720 5423 941 5490 necesse
984 5447 1067 5490 est
1112 5444 1339 5505 semper
1381 5434 1439 5489 ei
1488 5450 1611 5491 esse
1663 5446 1902 5505 accepta.
1967 5437 2105 5503 Quid
2155 5450 2266 5493 tum

717 5525 889 5589 enim,
936 5527 981 5582 si
1026 5526 1074 5579 is
1116 5527 1209 5598 qui
1249 5524 1427 5589 offert,
1462 5526 1514 5579 itt
1543 5525 1614 5581 iis
1647 5542 1768 5595 qua:
1802 5528 1866 5581 ad
1904 5543 1961 5582 se
2003 5531 2272 5595 pertinent

716 5617 894 5671 malus
930 5619 1048 5671 est?
1074 5616 1231 5679 Iulus
1258 5617 1402 5673 enim
1450 5616 1768 5685 improbitas
1796 5617 1958 5673 donis
2006 5620 2142 5675 nihil
2170 5623 2268 5674 ad-

714 5706 853 5776 jicit,
900 5710 1087 5780 neque
1127 5710 1306 5767 reddit
1348 5710 1675 5769 oblationem
1731 5712 2073 5777 deteriorem,
2129 5714 2269 5767 sicut

718 5810 820 5854 nec
852 5800 1299 5858 medicamentum
1342 5804 1577 5888 salutare
1616 5812 1735 5863 esse
1763 5805 2095 5871 prohibetur,
2125 5807 2266 5882 quod

2382 3270 2470 3317 τες
2493 3255 2540 3305 oi
2569 3254 2931 3323 προσάγοντες
2971 3253 3135 3322 ίερεῖς
3168 3255 3387 3322 ἀγαθοὶ,
3412 3256 3525 3308 ἀλλ’
3552 3258 3686 3310 ἔνιοι
3718 3276 3811 3309 και
3836 3275 3945 3309 πςς

2380 3346 2570 3415 νηρίαν
2605 3344 2818 3397 νοσοῦσι
2853 3346 2951 3409 τὴν
3000 3348 3234 3416 ἐσχατηῖι
3260 3366 3273 3379 ·
3323 3350 3448 3402 ὅθεν
3486 3351 3567 3411 είς
3617 3349 3717 3417 τὴν
3763 3350 3943 3407 αὐτὴν

2379 3436 2610 3507 ἀπορίαν
2646 3436 2989 3506 περίῖσταται
3014 3439 3048 3489 δ
3078 3424 3231 3504 λόγος
3261 3439 3414 3505 ἡμῖν.
3449 3439 3615 3492 Ὅταν
3657 3442 3763 3509 γὰρ
3798 3441 3943 3508 τύχα

2379 3528 2469 3579 καὶ
2505 3528 2848 3595 ἀμφοτέρους
2873 3528 3001 3588 τοὺς
3034 3528 3425 3595 προσαγωγέας
3453 3526 3591 3582 εἶναι
3617 3528 3942 3592 θεοστυγεῖς

2380 3618 2674 3688 (ἐνδέχεται
2700 3618 2825 3688 γὰρ)
2864 3618 3027 3670 πόθεν
3055 3618 3288 3687 ὑπάρξει
3314 3620 3423 3680 τοῖς
3453 3618 3652 3687 δώροις
3680 3619 3758 3687 τῷ
3791 3615 3941 3671 εἶναι

2377 3710 2496 3779 Θεῷ
2536 3711 2928 3779 κεχαρισμένα,
2968 3711 3061 3762 καὶ
3109 3710 3290 3773 δεκτὰ,
3319 3712 3413 3763 καὶ
3442 3708 3593 3777 ἅγια.
3634 3712 3730 3764 καὶ
3768 3710 3938 3776 ἀγιαο

2378 3800 2563 3861 artati;
2596 3798 2906 3866 Οὐδαμόθεν
2928 3816 2939 3827 ·
2969 3798 3103 3850 ἀλλὰ
3148 3797 3266 3850 τότε
3302 3799 3403 3867 μὲν
3451 3797 3668 3862 ἀληθῶς
3708 3798 3935 3881 ἀδεκτξι.

2390 3890 2499 3944 Ἀεὶ
2528 3891 2584 3943 δὲ
2614 3890 2914 3959 ἁμφίόολσ,
2938 3890 3024 3942 διὰ
3070 3890 3128 3943 τὺ
3178 3888 3617 3958 ἀμφιϐάλλεσοαι
3649 3890 3776 3952 τοὺς
3807 3890 3941 3959 τρόο

2377 4000 2506 4044 πἰυς
2537 3982 2645 4034 τῶν
2698 3982 3152 4051 δωροφοροῦντων
3180 3980 3321 4034 αύτά
3349 3983 3441 4032 καὶ
3473 3981 3935 4048 ἱερουργούντων.

2380 4091 2397 4126 ι
2446 4076 2628 4136 Οὐδεὶς
2662 4077 2769 4141 γὰρ
2800 4073 3030 4141 patiatur;
3061 4066 3188 4137 οἶδε,
3219 4073 3373 4142 φησὶ,
3396 4072 3465 4124 τὰ
3496 4072 3590 4125 τοῦ
3618 4071 3938 4142 ἀνθρώπου,

2374 4168 2420 4216 εἰ
2452 4166 2525 4231 μὴ
2558 4165 2616 4215 τὸ
2646 4166 2701 4216 ὲν
2747 4162 2895 4233 αὒτῷ
2928 4159 3180 4230 πνεῦμα·
3230 4180 3248 4212 ›
3291 4162 3385 4214 καὶ
3431 4160 3575 4213 οὕτω
3621 4161 3792 4229 πολλὴ
3830 4162 3937 4229 μὲν

2374 4256 2499 4325 περὶ
2523 4256 2619 4324 τὴν
2668 4256 2892 4321 τελετὴν
2950 4253 3194 4320 ἀπιστία,
3252 4255 3347 4306 καὶ
3386 4252 3723 4323 ἀμφιϐολίαε
3759 4251 3821 4305 τὸ
3873 4252 3937 4306 δὲ

2374 4348 2584 4416 βέϐαιον
2615 4346 2855 4415 οὐδαμοῦ
2878 4360 2893 4377 ’
2920 4346 3012 4399 καὶ
3045 4348 3076 4415 ἡ
3107 4345 3411 4413 μετάληψις
3445 4346 3555 4397 τῶν
3583 4345 3754 4413 ἁγίων
3777 4345 3936 4397 οὐδὲν

2374 4439 2566 4504 ὄφελος
2615 4437 2751 4490 οἴσει
2786 4439 2898 4500 τοῖς
2947 4438 3158 4498 πιστοῖς
3212 4437 3703 4505 μεταλαμδάνουσι
3756 4438 3936 4505 χωρὶς

2374 4534 2629 4593 πίστεως.
2680 4530 2865 4581 Ταῦτα
2920 4530 3066 4581 εῖποι
3107 4529 3200 4581 καὶ
3244 4529 3548 4597 ἀπορήσειν
3602 4527 3690 4592 ἂν,
3713 4526 3802 4592 εἴη
3846 4544 3935 4589 τις

2374 4622 2543 4673 οἴεται
2603 4622 2693 4674 τὸν
2754 4620 2925 4689 ἱερέαδ
2951 4619 3113 4671 αὐτὸν
3147 4613 3308 4695 ,εἶναι
3344 4618 3436 4669 τὸν
3474 4618 3663 4686 κύριον
3688 4618 3786 4679 τῆς
3821 4618 3939 4675 τῶν

2374 4714 2561 4783 δώρων
2593 4712 2798 4765 τούτων
2840 4709 3242 4781 προσαγωγῆς·
3277 4714 3378 4762 οὐκ
3417 4702 3542 4762 ἐστι’
3578 4710 3675 4769 δέ’
3702 4711 3837 4787 ἀλλὰ
3870 4718 3943 4768 τὸ

2378 4804 2475 4872 μὲν
2501 4803 2597 4872 τὴν
2626 4802 2992 4872 προσαγωγὴν
3038 4800 3218 4853 αὐτῶν
3247 4800 3453 4871 κυρίως
3479 4801 3865 4875 ἔργαζόμενον,
3900 4810 3936 4878 ἠ

2375 4898 2528 4963 χάρις
2556 4896 2703 4946 ἐστὶν
2750 4896 2783 4962 ἡ
2828 4892 3148 4959 ἀγιόιζουσα.
3182 4889 3355 4949 Τοῦτο
3383 4898 3494 4967 γάρ
3522 4901 3636 4951 ἐστι
3666 4900 3937 4966 προσενε-

2372 4984 2566 5055 χθῆναι
2595 4983 2754 5048 αὐτὰ,
2776 4983 2837 5036 τὸ
2876 4984 3209 5057 ἀγιασαῆναι
3236 5003 3249 5017 ’
3282 4990 3309 5040 ὀ
3337 4985 3381 5038 δ’
3420 4987 3679 5041 ἑκάστοτε
3719 4990 3940 5057 lego-ap-

2372 5077 2507 5144 γῶν,
2558 5076 2835 5147 ὑπηρέτης
2873 5077 3019 5131 ἐστὶν
3058 5079 3291 5147 ἐκείνης.
3347 5078 3601 5149 Είσφέρει
3640 5081 3746 5146 γὰρ
3778 5081 3936 5133 οὐδὲν

2373 5168 2604 5234 οἴκοθεν,
2637 5167 2814 5222 οὑδέτι
2851 5169 3024 5240 τολμᾷ
3056 5173 3228 5221 ποιεῖν
3258 5170 3289 5239 ἢ
3337 5168 3517 5236 λέγειν
3548 5168 3656 5222 ἀπὸ
3685 5168 3779 5237 τῆς
3803 5171 3937 5221 εσυ-

2372 5259 2465 5315 τοῦ
2499 5262 2757 5332 κρίσεως,
2787 5264 2878 5314 καὶ
2903 5262 3014 5314 τῶν
3043 5261 3320 5329 λογισμῶν
3344 5275 3358 5290 ο
3382 5261 3499 5313 ἀλλ’
3536 5261 3720 5313 ἐκεῖνα
3766 5261 3935 5329 μόνον

2372 5350 2407 5404 ἀ
2440 5350 2749 5420 παρέλαϐεν
2774 5350 3004 5417 ἐκεῖθεν,
3032 5352 3140 5403 εἴτε
3164 5350 3396 5421 πρᾶγμά
3420 5354 3587 5416 ἐστιν,
3617 5353 3725 5404 εἴτε
3747 5350 3928 5418 λόγος,

2375 5440 2482 5493 alta
2513 5440 2691 5511 ἔργον,
2724 5441 2862 5493 κατά
2890 5441 2981 5494 τὸν
3008 5443 3227 5511 τρόπον,
3256 5442 3314 5494 ὃν
3344 5439 3932 5510 ἑκελεύσθη,”κομίσας

2375 5534 2665 5588 ἀποδίδωσι
2698 5533 2774 5605 τῷ
2803 5532 2919 5604 Θεῷ
2946 5548 2961 5563 ⁸
2996 5536 3088 5586 καὶ
3114 5531 3256 5585 οὕτω
3277 5530 3345 5585 τὰ
3378 5532 3526 5603 δῶρα
3549 5533 3691 5586 κατὰ
3711 5534 3771 5585 τὸ
3795 5522 3927 5602 ἀρὲο

2376 5643 2504 5677 σκον
2550 5624 2625 5694 τῷ
2671 5625 2826 5695 Θεῷ·
2859 5627 2945 5679 ἀεὶ
2992 5625 3428 5695 προσφερόμενα,
3461 5624 3675 5693 ἀνάγκη
3718 5626 3930 5694 ἀρεστά

2375 5715 2523 5784 αὐτῷ
2552 5717 2645 5769 καὶ
2675 5716 2762 5768 ἀεὶ
2792 5716 2957 5769 δεκτά
2982 5715 3145 5770 εἶναι.
3172 5717 3235 5768 Τί
3266 5717 3370 5787 γάρ
3406 5718 3546 5771 είτά
3578 5716 3699 5769 καθ’
3730 5717 3930 5770 ἑαυτὸν

2376 5808 2580 5874 φαῦλός
2609 5809 2756 5862 ἐστιν
2784 5809 2808 5861 ὁ
2839 5808 3113 5875 κομῐζων;
3143 5811 3217 5863 Οὐ
3247 5810 3357 5877 γὰρ
3386 5808 3738 5876 προστίθησιν
3773 5808 3928 5865 οὐδὲν
