4150 6312
736 384 832 449 £71

1964 404 2268 467 NICOLAI
2309 411 2693 476 CA-B.\SIL.E

3862 408 3981 469 ιη

730 511 873 551 cnuu
910 498 1021 553 haec
1052 514 1239 557 sancta
1277 504 1386 560 Deo
1440 507 1660 576 quidem
1708 510 1997 575 donantur,
2058 529 2153 568 eos
2203 532 2277 568 an

2403 519 2470 570 τά
2494 521 2625 587 am
2660 518 2970 573 ἀνατίθεται
3024 520 3124 589 μὲν
3157 520 3230 590 τῷ
3262 520 3401 591 Θεῷ,
3437 519 3723 589 ἁγιάζεται
3753 521 3810 572 δὲ
3838 524 3982 581 τοὺς

734 597 841 641 tem
875 592 1222 648 sanetiﬁcant
1249 597 1338 664 qui
1365 599 1796 653 sanctiﬁcatione
1821 603 2083 672 indigent,
2112 621 2296 672 quam-

731 697 855 733 nam
893 684 961 735 ob
992 699 1209 739 causam
1245 689 1407 741 etiam
1436 692 1546 759 jam
1576 692 1945 746 sanctiﬁcatos
1974 704 2027 747 et
2052 698 2195 749 omni
2226 709 2291 750 ex

729 786 881 838 parte
916 773 1208 842 perfectos,
1252 781 1349 833 hac
1391 784 1655 833 donorum
1693 783 1964 837 oblatione
1996 787 2095 839 coli
2124 788 2294 839 credi-

734 866 896 916 nus?
931 876 979 919 et
1031 870 1247 934 quando
1287 885 1381 923 eos
1418 874 1621 939 aliquid
1668 886 1906 937 orantes,
1935 877 1987 928 in
2035 878 2292 930 auxilium

729 959 1145 1020 vocaverimus,
1182 961 1372 1013 horum
1418 964 1681 1018 donorum
1731 966 2091 1020 ministerium
2142 970 2295 1037 polli-

728 1062 937 1109 cemur,
981 1058 1237 1116 tanquam
1282 1054 1361 1105 vel
1418 1053 1547 1123 ipsis
1596 1069 1658 1107 ea
1707 1056 1962 1109 donaturi
1992 1094 2007 1118 ,
2057 1057 2139 1108 vel
2197 1072 2294 1123 pro

729 1138 881 1202 ipsis,
925 1150 980 1191 ,ιι
1029 1142 1157 1194 ﬁant
1199 1144 1487 1197 meliores?
1532 1144 1686 1208 Quod
1736 1146 1953 1214 quidem
2000 1157 2081 1201 est
2128 1147 2290 1201 etiam

726 1229 865 1282 a'itts
901 1231 1099 1284 modus
1132 1233 1398 1284 donorum
1432 1233 1728 1289 oblationis
1762 1249 1925 1302 quam
1959 1237 2105 1303 prius
2138 1236 2247 1291 dixi
2275 1276 2290 1298 ,

729 1330 825 1377 per
852 1331 1014 1382 quem
1042 1318 1157 1371 haec
1180 1319 1321 1372 dona
1349 1321 1486 1372 ﬁunt
1517 1323 1676 1374 etiam
1712 1333 2049 1383 sanctorum,
2076 1327 2292 1393 quando

733 1406 840 1458 Deo
875 1417 1137 1475 tanquam
1201 1425 1299 1476 pro
1356 1412 1652 1479 gratiarum
1710 1414 1921 1467 actione
1970 1414 2289 1477 oﬁeruntur,

726 1500 869 1564 quod
903 1499 983 1552 eis
1010 1499 1399 1566 perfectionem
1425 1510 1476 1556 et
1507 1504 2031 1557 consummationem
2063 1505 2288 1567 dederit;

703 1595 851 1658 sunt
888 1590 1032 1639 enim
1067 1587 1156 1640 Dei
1187 1588 1350 1653 dona,
1381 1599 1437 1643 ut
1489 1606 1609 1659 qu:c
1647 1592 1697 1643 ei
1729 1590 2021 1646 donantur.
2072 1591 2208 1645 Sunt
2237 1602 2291 1646 et

727 1672 995 1734 ﬁdelium,
1029 1686 1216 1743 utpote
1250 1678 1319 1733 iis
1377 1681 1469 1747 qui
1504 1681 1705 1734 auxilio
1736 1681 2009 1751 indigent,
2040 1692 2097 1736 ut
2138 1684 2293 1736 auxi-

727 1764 837 1829 lia;
871 1775 1000 1819 sunt
1029 1768 1192 1821 etiam
1225 1780 1558 1836 sanctorum,
1592 1771 1733 1840 quod
1760 1786 1945 1825 eorum
1977 1773 2146 1842 gratia
2184 1774 2289 1827 Deo

728 1855 1023 1909 donantur.

799 1950 951 2013 Quod
998 1949 1143 2004 enim
1178 1964 1293 2003 mea
1332 1952 1501 2017 gratia
1548 1952 1736 2005 datum
1773 1964 1876 2016 est,
1923 1969 2025 2019 ego
2058 1957 2286 2023 accipio,

730 2048 1043 2115 quicunque
1104 2047 1149 2099 is
1207 2046 1278 2100 sit
1328 2048 1417 2114 qui
1473 2048 1689 2115 accipit.
1740 2046 1855 2102 Non
1907 2049 2052 2103 enim
2107 2052 2287 2103 omnia

727 2154 847 2207 quae
877 2139 1034 2192 nobis
1073 2139 1431 2207 undecunque
1461 2140 1759 2207 donantur,
1798 2142 2001 2195 nostris
2038 2143 2288 2197 manibus

652 2288 655 2291 λ
727 2232 1044 2299 accipimus,
1078 2232 1169 2286 sed
1198 2233 1358 2285 etiam
1395 2235 1696 2286 amicorum
1726 2242 1779 2285 et
1808 2231 2181 2297 familiarium,
2210 2245 2284 2296 et,

730 2335 787 2376 ut
837 2324 1002 2378 semel
1037 2324 1240 2384 dicam,
1290 2328 1531 2378 omnium
1589 2325 1788 2391 quibus
1823 2325 2057 2377 donator
2100 2326 2286 2389 donat,

725 2422 784 2464 nt
847 2413 1005 2465 nobis
1068 2427 1181 2464 rem
1248 2423 1453 2478 gratam
1515 2414 1697 2485 faciat.
1766 2416 2059 2481 Pr0pterca
2123 2417 2284 2468 et‘am

725 2499 1007 2563 Dominus,
1036 2501 1403 2568 pauperibus
1433 2501 1848 2570 accipientibus,
1890 2504 2017 2571 quia
2065 2504 2156 2571 qui
2207 2504 2285 2557 eis
2320 2508 2325 2519 ‘

723 2590 1085 2659 suppeditant,
1123 2591 1239 2657 ejus
1285 2591 1454 2660 gratia
1488 2592 1592 2646 hoc
1638 2590 1863 2655 faciunt,
1910 2592 2023 2660 ipse
2068 2609 2126 2646 se
2160 2593 2286 2646 dicit

723 2682 987 2749 accipere.
1038 2678 1115 2733 Ita
1175 2683 1338 2734 etiam
1401 2683 1573 2735 sancti
1628 2681 1743 2735 haec
1790 2682 1931 2735 dona
1986 2682 2283 2750 accipiunt,

720 2770 863 2838 quod
891 2786 1077 2825 eorum
1112 2772 1282 2840 gratia
1335 2771 1446 2825 Deo
1480 2772 1773 2825 donantur.
1813 2770 2281 2836 Quemadmodum

719 2861 863 2915 enim
898 2869 1119 2929 propter
1149 2861 1349 2916 Christi
1403 2862 1751 2917 dilectionem
1790 2862 1920 2915 illud
1962 2862 2042 2926 ﬁt,
2082 2863 2152 2915 ita
2183 2863 2285 2916 hoc

720 2952 884 3004 etiam
924 2959 1146 3019 propter
1181 2951 1525 3005 dilectionem
1581 2964 1914 3005 sanctorum.
1970 2952 2113 3017 Quia
2139 2954 2281 3005 enim

722 3043 876 3095 valde
910 3055 1005 3096 eos
1032 3042 1326 3112 diligimus.
1367 3044 1552 3096 eadem
1593 3042 1733 3097 bona
1772 3051 1954 3097 nostra
1987 3058 2105 3097 esse
2134 3044 2282 3096 duci-

722 3147 867 3197 mus,
904 3142 957 3186 et
986 3130 1064 3187 eis
1093 3134 1158 3185 de
1208 3132 1462 3186 felicitate
1512 3134 1852 3202 gratulamur
1886 3143 2143 3200 tanquam
2181 3131 2279 3201 ipsi

718 3224 988 3276 bonorum
1050 3223 1358 3292 participes.
1420 3222 1493 3277 Ita
1552 3224 1714 3277 etiam
1767 3223 2064 3292 gaudentes
2118 3223 2279 3278 donis

718 3313 849 3380 ipsis
883 3329 920 3366 a-
949 3312 1179 3367 Domino
1210 3313 1372 3375 datis,
1415 3314 1617 3381 gratias
1647 3314 1857 3383 agimus
1898 3314 1944 3366 ei
1988 3314 2076 3382 qui
2110 3314 2277 3372 dedit,

715 3414 770 3458 et
831 3420 928 3473 pro
991 3406 1293 3473 gratiarum
1354 3406 1569 3459 actione
1614 3406 1753 3459 dona
1809 3406 2108 3459 oderimus.
2160 3405 2276 3457 Ntn

719 3507 935 3563 propter
968 3496 1068 3548 hoc
1103 3506 1283 3548 autem
1322 3497 1495 3550 solum
1548 3495 1589 3548 ii
1618 3496 1756 3548 dona
1805 3495 2102 3562 accipiunt,
2133 3495 2274 3562 quod

720 3596 937 3656 prepter
995 3602 1183 3641 eorum
1241 3587 1583 3641 dilectionem
1635 3586 1689 3639 ﬁt
1741 3582 2008 3640 donorum
2052 3586 2273 3649 oblatio,

719 3680 810 3733 sed
844 3682 986 3747 quod
1018 3679 1121 3733 hoc
1146 3680 1307 3731 etiam
1340 3687 1422 3732 est
1448 3678 1528 3731 eis
1553 3676 2012 3743 iucundissimum
2037 3687 2090 3730 et
2121 3676 2277 3744 longe

719 3769 1110 3835 gratissimum,
1144 3768 1264 3821 dico
1291 3776 1469 3821 autem
1503 3768 1647 3834 quod
1678 3768 1818 3819 Deus
1847 3780 1940 3833 per
1974 3767 2119 3833 ipsos
2150 3782 2274 3834 gra-

719 3862 821 3911 tias
856 3859 1073 3928 accipit,
1112 3870 1165 3911 et
1208 3857 1565 3926 gloriﬁcatur.
1620 3855 2087 3919 Quemadmodum
2130 3858 2273 3909 enim

715 3961 797 4003 est
825 3950 1118 4001 maximum
1150 3957 1432 4015 peceatum
1484 3946 1750 3999 malorum
1788 3947 2093 4007 hominum,
2130 3946 2275 4013 quod

717 4039 1129 4105 blasphematur
1188 4050 1383 4088 nomen
1438 4035 1527 4089 Dei
1577 4050 1669 4103 per
1722 4036 1890 4103 ipsos,
1942 4035 2014 4087 ita
2070 4036 2274 4089 sanetis

712 4140 793 4179 est
834 4141 1085 4193 inagnum
1136 4125 1481 4182 beneﬁcium,
1532 4135 1586 4177 et
1637 4137 1832 4191 magno
1886 4124 2066 4177 studio
2112 4140 2272 4191 appe-

716 4220 962 4280 tendum,
992 4215 1138 4284 quod
1171 4232 1264 4284 per
1318 4218 1464 4285 ipsos
1501 4216 1641 4270 Deus
1689 4215 2045 4284 gloriﬁcatur.
2082 4214 2192 4267 Hoc
2222 4227 2273 4267 et

713 4326 835 4362 cum
871 4322 1097 4374 corpore
1128 4306 1431 4360 viventibus
1480 4315 1591 4359 erat
1622 4302 1940 4374 perpetuum
1972 4315 2268 4368 certamen,

711 4410 995 4467 postquam
1056 4398 1107 4450 in
1172 4397 1366 4449 uelum
1424 4398 1748 4464 migrarunt.
1810 4391 2125 4450 continuum
2188 4407 2273 4450 est

2400 610 2673 676 άγιασμοῦ
2703 610 3011 679 δεομένους,
3047 612 3189 676 τίνος
3224 614 3385 666 ἕνεκα
3415 614 3657 673 καὶτοὺς
3692 612 3975 681 ἡγιασμέ-

2397 716 2517 750 νου;
2546 701 2644 769 ἤδη
2697 703 2791 753 καὶ
2817 702 2996 756 πάντα
3021 703 3283 766 τελείους,
3326 705 3498 774 ταύτῃ
3532 705 3595 771 τῇ
3645 703 3971 770 δωροφορτᾳ

2395 790 2695 854 δεξιοῦσθαι
2725 794 3073 860 πιστεύομεν,
3096 795 3188 845 καὶ
3222 794 3440 847 ἐπειδάν
3460 796 3637 847 αὐτῶν
3662 810 3715 845 τι
3738 795 3970 862 δεηθέν-

2395 899 2506 943 τες,
2557 886 2636 944 είς
2684 885 3005 952 ἐπικουρίαν
3060 885 3399 953 καλέσωμεν,
3442 886 3541 952 τὴν
3596 885 3702 936 τῶν
3763 885 3971 951 δώρων

2397 972 2597 1024 τούτων
2650 974 3058 1043 ὑπισχνούμεθα
3094 975 3455 1043 λειτουργίαν,
3484 974 3730 1044 ὥσπερῆ
3768 975 3971 1034 αὺτοῖς

2397 1064 2570 1117 ταῦτα
2598 1064 2890 1133 ἀναθήσειν
2926 1066 3233 1133 μέλλοντες,
3263 1066 3295 1133 ἢ
3328 1066 3466 1135 ὑπὲρ
3495 1067 3698 1127 αὐτῶν,
3733 1066 3823 1117 ἵνα
3871 1064 3970 1129 γέ-

2396 1170 2594 1205 νωνται
2624 1154 2864 1223 βελτίους
2896 1173 2911 1218 ς
2944 1157 3066 1208 Ὀτι
3100 1156 3195 1211 καὶ⁵
3238 1155 3425 1225 ἕτερός
3460 1158 3573 1207 ἐστι
3608 1156 3812 1223 τρόπος
3862 1155 3969 1219 τῆς

2394 1243 2731 1310 δωροφορίας
2778 1243 3004 1312 ταύτης,
3136 1244 3371 1312 πρόσθεν
3404 1245 3563 1313 ἔφην,
3612 1238 3737 1295 καθ’
3784 1239 3849 1293 δν
3892 1241 3968 1292 τά

2394 1332 2538 1400 δῶρα
2570 1333 2759 1397 ταῦτα,
2790 1336 2887 1386 καὶ
2915 1335 3022 1385 τῶν
3053 1336 3221 1401 ἁγίων
3249 1336 3479 1402 γίνεται,
3526 1336 3656 1387 ὅταν
3682 1334 3757 1393 ὡς
3790 1333 3966 1400 εῦχαο

2396 1424 2649 1492 ριστήρια
2700 1425 2777 1494 τῷ
2812 1426 2930 1495 Θεῷ
2982 1427 3384 1493 προσάγωνται,
3434 1426 3574 1493 ὑπὲρ
3627 1426 3724 1493 τῆς
3773 1424 3966 1475 αὐτῶν

2394 1513 2573 1581 δόξης,
2602 1508 2670 1584 ἧς
2692 1515 2888 1578 αὐτοὺς
2914 1515 3152 1581 ἐδόξασε,
3177 1517 3271 1569 καὶ
3302 1516 3439 1583 ὑπὲρ
3466 1517 3562 1584 τῆς
3591 1515 3959 1575 τελειώσεως.

2391 1598 2457 1671 ἧς
2500 1604 2694 1667 αὐτοὺς
2724 1604 3060 1659 ἐτελείωσεν.
3098 1606 3253 1657 Ἐστι
3285 1605 3384 1672 μὲν
3427 1605 3535 1671 γὰρ
3580 1602 3672 1655 τοῦ
3702 1602 3845 1654 Θεοῦ
3888 1604 3963 1653 τά

2394 1694 2546 1761 δῶρα
2590 1693 2665 1756 ὡς
2695 1694 2844 1762 αὑτῷ
2875 1696 3237 1763 ἀνατιθέμενα
3262 1711 3276 1726 ’
3313 1694 3429 1747 ἔστι
3473 1694 3526 1746 δὲ
3559 1696 3652 1746 καὶ
3684 1692 3795 1745 τῶν
3836 1693 3957 1745 δεο-

2316 1830 2363 1888 B
2396 1785 2573 1851 μένων
2604 1785 2851 1855 βοηθείας
2896 1786 3101 1837 πιστῶν
3130 1786 3204 1847 ὡς
3229 1785 3548 1855 βοηθήματα
3575 1800 3591 1815 ·
3630 1784 3745 1835 ἔστι
3773 1782 3831 1835 δὲ
3860 1783 3960 1834 καὶ

2391 1874 2498 1925 τῶν
2525 1874 2716 1941 ἁγίων.
2746 1877 2827 1927 ὅτι
2854 1875 3034 1927 αὐτῶν
3061 1875 3218 1944 χάριν
3246 1873 3554 1927 ἀνατίθεται
3586 1873 3662 1940 τῷ
3697 1873 3840 1940 Θεῷ.

2462 1968 2532 2018 Τὸ
2559 1967 2663 2035 γὰρ
2722 1966 2860 2035 ὲμὴν
2918 1967 3074 2035 χάριν
3122 1965 3293 2027 δοθὲν,
3330 1964 3439 2031 ἐγὼ
3490 1963 3781 2031 λαμϐάνω,
3842 1963 3961 2014 κᾶν

2391 2058 2635 2109 όστισσῦν
2670 2060 2695 2109 ό
2723 2057 3009 2124 δεχόμενος
3137 2057 3196 2108 οὐ
3227 2057 3335 2123 γάρ
3381 2056 3560 2108 πάντα
3592 2054 3657 2106 τά
3688 2054 3956 2120 διδόμενα

2390 2148 2520 2215 ἡμῖν
2548 2146 2765 2199 ὁθενοῦν
2796 2148 2915 2208 ταῖς
2945 2148 3099 2215 χερσὶ
3131 2146 3479 2215 λαμϐάνομεν
3503 2148 3621 2205 ταῖς
3646 2146 3958 2212 ἡμετέραις

2393 2240 2571 2305 μόνον,
2604 2236 2739 2288 ἀλλὰ
2771 2235 2865 2288 καὶ
2892 2238 3009 2296 ταῖς
3054 2235 3162 2287 τῶν
3195 2234 3385 2302 φίλων,
3420 2234 3515 2286 καὶ
3552 2233 3660 2284 τῶν
3700 2232 3954 2291 οἰκείων,

2390 2331 2483 2380 καὶ
2516 2328 2700 2387 ἀτελῶς
2742 2328 2957 2379 πάντων
2985 2321 3063 2387 οἷς
3095 2327 3121 2376 ὁ
3150 2324 3489 2403 δωρούμενος
3522 2324 3611 2376 ἴνα
3654 2324 3805 2392 ἡμᾶς
3854 2323 3956 2393 εὐ-

2389 2417 2590 2487 φράνῃ.
2618 2417 2890 2486 δωρεῖται.
2930 2416 3027 2468 Διά
3053 2414 3207 2468 τοῦτο
3237 2418 3333 2469 καὶ
3355 2417 3382 2466 ὁ
3414 2414 3628 2483 Κύριος,
3660 2412 3771 2464 τῶν
3796 2429 3957 2464 πτω-

2387 2509 2495 2576 χῶν
2528 2508 2931 2576 λαμϐανόντων,
2966 2508 3048 2560 ὅτι
3078 2508 3127 2559 οἱ
3149 2506 3509 2575 χορηγοῦντες
3540 2505 3745 2565 αὐτοῖς,
3779 2504 3956 2556 αὑτοῦ

2387 2598 2545 2667 χάριν
2577 2599 2733 2650 τοῦτῒ)
2762 2596 3024 2659 ποιοῦσιν,
3051 2596 3212 2657 αὐτὸς
3240 2596 3538 2664 λαμϐάνειν
3562 2595 3741 2664 φησίν.
3786 2593 3961 2648 Οῦτω

2388 2688 2480 2737 καὶ
2512 2689 2558 2737 οἱ
2585 2686 2728 2751 ἅγιοι
2754 2684 2933 2737 ταῦτα
2957 2684 3024 2737 τὰ
3054 2684 3200 2754 δῶρα
3229 2683 3613 2752 λαμϐάνουσιν,
3652 2685 3733 2736 ὅτι
3765 2684 3967 2736 αὐτῶν

2385 2778 2543 2844 χάριν
2574 2775 2888 2828 ἀνατίθεται
2916 2775 2992 2844 τῷ
3027 2774 3164 2844 Θεῷ.
3205 2774 3415 2843 Ὥσπερ
3457 2775 3565 2844 γάρ
3601 2773 3688 2826 διά
3717 2775 3817 2841 ei};
3859 2774 3954 2826 ,οῦ

2385 2866 2623 2935 Χριστοῦ
2651 2867 2870 2937 ἀγάπην
2920 2868 3093 2918 ὲκ-εἰνο
3120 2866 3353 2932 γίνεται,
3391 2864 3534 2917 οὕτω
3576 2865 3664 2917 διὰ
3700 2865 3799 2934 τὴν
3832 2864 3954 2916 τῶν

2385 2958 2552 3020 ἁγίων
2585 2957 2805 3026 ἀγάπην
2844 2956 3022 3011 τοῦτο.
3057 2955 3179 3007 Ὅτι
3227 2957 3325 3023 μὲν
3364 2956 3474 3027 γάρ
3518 2951 3721 3022 σφόδρα
3756 2951 3951 3021 φιλοῦ-

2387 3062 2486 3113 μεν
2514 3046 2730 3109 αὐτοὺς,
2761 3045 2830 3097 τά
2880 3044 3060 3097 αὐτῶν
3094 3043 3275 3112 ἀγαθὰ
3304 3043 3547 3113 ἡμέτερα
3584 3041 3950 3111 λογιζόμεθα,

2385 3136 2477 3187 καὶ
2525 3135 2894 3203 συγχαίρομεν
2939 3134 3122 3194 αὐτοῖς
3171 3132 3270 3199 τῆς
3314 3132 3679 3199 εὐδαιμονίας,
3712 3132 3790 3189 ὡς
3850 3133 3953 3183 καὶ

2382 3224 2534 3272 αὐτοὶ
2568 3220 2884 3289 μετέχοντες
2939 3220 3043 3272 τῶν
3080 3220 3317 3285 ἀγαθῶν.
3356 3219 3511 3271 ϋῦτω
3554 3219 3610 3271 δὲ
3655 3220 3951 3289 χαίροντες

2379 3314 2499 3374 ταῖς
2536 3311 2685 3379 παρὰ
2715 3310 2810 3363 τοῦ
2857 3311 3065 3379 Κυρίου
3113 3309 3427 3376 δεδομέναις
3456 3312 3637 3370 αὐτοῖς
3683 3311 3949 3379 δωρεαῖς,

2379 3402 2807 3471 εὐχαριστοῦμεν
2869 3400 2947 3469 τῷ
3000 3400 3273 3462 δεδωκότι,
3336 3399 3429 3452 καὶ
3479 3401 3545 3453 τά
3603 3399 3950 3469 χαριστήρια

2379 3496 2729 3562 προσάγομεν
2756 3491 2925 3559 δῶρα.
2965 3492 3038 3544 Οὐ
3065 3492 3152 3544 διὰ
3187 3490 3344 3543 τοῦτο
3390 3489 3453 3542 δὲ
3491 3490 3657 3558 μόνον
3688 3492 3845 3542 αὐτοὶ
3876 3491 3955 3543 ’ἑὰ

2376 3584 2523 3652 δῶρα
2574 3582 2969 3651 λαμϐάνουσιν,
3012 3581 3096 3633 ὅτι
3130 3581 3217 3632 διὰ
3265 3581 3364 3648 τὴν
3414 3580 3593 3632 αὐτῶν
3647 3580 3876 3649 ἀγάπην
3912 3582 3947 3645 ἡ

2376 3675 2683 3743 δωροφορία
2738 3673 2970 3740 γίνεται,
3022 3672 3139 3725 ἀλλ’
3181 3673 3263 3724 ὅτι
3314 3673 3407 3724 καὶ
3460 3671 3592 3724 αὐτὸ
3635 3670 3797 3723 τοῦτο
3829 3672 3947 3723 τῶν

2376 3766 2607 3833 ἡδίστων
2646 3764 2741 3815 καὶ
2766 3762 2974 3829 σφόδρα
3006 3762 3418 3831 κεχαρισμένων
3454 3762 3656 3826 αὐτοῖς,
3700 3759 3843 3827 λέγω
3875 3761 3957 3829 δὴν

2376 3856 2458 3909 τὸ.
2491 3856 2579 3906 τὸν
2609 3854 2741 3906 Θεὸν
2768 3852 2834 3904 δι’
2860 3852 3056 3914 αὐτοὺς
3083 3852 3307 3921 χάριτας
3338 3852 3613 3922 δέχεσθαι,
3647 3852 3740 3903 καὶ
3784 3852 3947 3916 δοξά-

2376 3946 2584 4012 ζεσθαι.
2621 3946 2831 4012 Ὠσπερ
2869 3946 2979 4013 γὰρ
3009 3944 3261 4013 μέγιστον
3292 3945 3594 4011 ἁμάρτημα
3624 3941 3731 3994 τῶν
3767 3959 3941 4011 πονη-

2379 4039 2488 4104 ρῶν
2516 4036 2609 4087 άνθ
2621 4034 2817 4102 ρώπων
2846 4034 2906 4085 τὸ
2935 4033 3143 4101 βλασφη
3154 4032 3365 4099 μεῖσθαι
3394 4034 3454 4084 τὸ
3480 4034 3649 4100 δνομα
3677 4031 3769 4085 τοῦ
3796 4034 3940 4085 Θεοῦ

2374 4127 2440 4180 δι’
2469 4126 2691 4188 αὐτούς·
2735 4125 2875 4177 οὕτω
2926 4125 3069 4192 μέγα
3106 4123 3456 4192 κατόρθωμα,
3497 4125 3588 4176 καὶ
3632 4125 3940 4191 περισπού-

2373 4218 2566 4271 δαστον
2604 4219 2714 4278 τοῖς
2739 4216 2933 4283 ἀγίοις,
2979 4217 3040 4266 τὸ
3081 4213 3130 4264 δι
3185 4215 3379 4277 αὐτοὺς
3430 4216 3519 4267 τὸν
3562 4217 3694 4266 Θεὸν
3721 4216 3937 4281 δοξάζε·

2378 4309 2521 4360 σθαι.
2557 4309 2723 4358 Τοῦτο
2752 4310 2841 4358 καὶ
2877 4307 3012 4374 μετὰ
3047 4309 3298 4375 σώματος
3326 4308 3460 4370 ζῶσι
3499 4306 3753 4376 διηνεκὴς
3780 4311 3937 4376 ἀγὼν

2374 4394 2461 4468 ἦν,
2517 4401 2607 4451 καὶ
2642 4401 2971 4467 μεταστᾶσιν
3021 4402 3099 4462 εἰς
3145 4400 3235 4451 τὸν
3294 4400 3522 4470 οὐρανὸν
3582 4399 3738 4468 ἔργον
3782 4404 3935 4455 ἐστὶν

710 4505 867 4554 opus,
913 4497 965 4540 et
1000 4488 1272 4551 vo'uptas,
1312 4493 1366 4537 et
1416 4484 1560 4539 illius
1598 4486 1945 4539 beatitudinis
1981 4497 2159 4555 caput.
2211 4485 2265 4538 Si

2380 4490 2603 4555 ἄληκτον
2638 4490 2728 4541 καὶ
2758 4490 2959 4559 τρυφὴ,
3000 4492 3092 4543 καὶ
3126 4491 3225 4559 τῆς
3280 4491 3683 4561 μακαριότητος
3713 4492 3933 4562 ἐκείνης

707 4581 851 4633 enim
880 4577 1115 4646 quando
1147 4576 1283 4627 bona
1335 4575 1414 4629 eis
1463 4578 1515 4627 in
1562 4591 1655 4645 spe
1695 4576 1868 4630 solum
1918 4587 2106 4637 erant,
2156 4578 2265 4630 Deo

712 4670 911 4738 gratias
961 4675 1221 4735 perpetuo
1265 4669 1514 4735 agebant,
1566 4677 1618 4722 et
1663 4671 1843 4721 ornuia
1886 4668 1948 4721 ad
1986 4670 2103 4737 ejus
2148 4669 2265 4736 glo-

711 4764 845 4814 riam
904 4760 1211 4823 faciebant;
1258 4758 1565 4824 eujusmodi
1594 4771 1803 4825 oportet
1853 4776 1944 4812 eos
1985 4760 2036 4812 in
2071 4760 2267 4813 talibus

708 4851 1043 4907 existimare,
1099 4848 1319 4913 quando
1352 4848 1521 4901 multo
1573 4849 1747 4916 major
1793 4850 2008 4917 quidem
2060 4863 2141 4904 est
2188 4852 2266 4903 eis

709 4942 983 5005 gratitude
1029 4950 1081 4993 et
1128 4930 1389 4993 beneﬁcii
1422 4940 1746 4997 recordatio,
1800 4956 1919 4993 cum
1972 4940 2116 4993 omni
2155 4941 2265 5008 jam

712 5036 909 5083 virtute
970 5031 1194 5099 perfecti
1247 5040 1393 5093 sunt,
1447 5031 1589 5083 bona
1650 5040 1829 5084 autem
1886 5046 1987 5083 non
2047 5039 2267 5097 sperant

711 5125 981 5191 amplius,
1044 5123 1136 5177 sed
1205 5123 1318 5189 ipsa
1384 5121 1710 5188 experientia
1774 5122 1989 5175 discunt
2050 5122 2265 5175 Domini

712 5213 1133 5279 benignitatem:
1189 5213 1409 5277 quando
1458 5210 1642 5263 vident
1687 5211 1875 5279 quales
1914 5227 1973 5263 ex
2009 5212 2263 5280 qualibus

709 5302 833 5355 facti
865 5309 1013 5362 sunt,
1049 5315 1146 5367 pro
1173 5303 1410 5353 terrenis
1437 5300 1599 5361 soles,
1652 5314 1748 5366 pro
1774 5305 1946 5355 servis
1978 5311 2259 5369 eontemp-

706 5392 774 5441 tis
826 5388 1078 5441 honorati
1135 5388 1224 5439 ﬁlii
1272 5399 1321 5441 et
1372 5387 1518 5456 regni
1572 5388 1805 5442 caelestis
1854 5389 2115 5453 haeredes,
2165 5406 2261 5452 pao

706 5480 811 5531 rei;
850 5488 1096 5546 potentes
1142 5477 1223 5529 vel
1271 5478 1406 5530 alios
1454 5493 1482 5530 e
1528 5478 1637 5531 reis
1684 5480 1940 5540 eximere,
1995 5496 2089 5546 per
2137 5496 2255 5534 eam

701 5584 864 5634 quam
918 5568 1119 5620 habent
1155 5569 1297 5634 apud
1350 5566 1595 5621 Judicem
1650 5569 1863 5621 dicendi
1913 5570 2261 5624 libertatem?

704 5656 992 5727 Propterea
1030 5658 1176 5709 nulla
1228 5666 1331 5721 est,
1368 5658 1610 5723 inquam,
1660 5660 1739 5711 eis
1790 5659 1953 5711 Deum
2002 5661 2257 5714 laudandi

704 5751 943 5807 satietas.
979 5749 1128 5803 Unde
1164 5762 1261 5802 nec
1308 5750 1621 5802 existimant
1674 5751 1883 5819 svipsos
1934 5752 2077 5805 solos
2108 5752 2256 5807 sufﬁ-

2374 4582 2682 4649 κεφάλαιον.
2721 4584 2777 4636 Εἰ
2809 4583 2917 4651 γάρ
2963 4586 3050 4636 ὅτε
3089 4585 3156 4636 τά
3189 4584 3364 4650 ἀγαθά
3393 4586 3448 4636 ὲν
3497 4583 3707 4635 ἐλπίσιν
3732 4578 3801 4653 ἦν
3832 4566 3933 4651 μόο

2373 4688 2460 4721 νον
2508 4672 2708 4733 αὐτοῖς,
2749 4672 3015 4723 διετέλουν
3045 4674 3102 4723 έν
3146 4675 3304 4725 παντὶ
3352 4674 3801 4743 εὐχαριστοῦντες
3851 4674 3934 4742 τῷ

2370 4762 2508 4829 Θεῷ,
2542 4763 2635 4813 καὶ
2675 4763 2848 4814 πάντα
2878 4763 2956 4823 είς
2988 4762 3143 4826 δόξαν
3169 4763 3333 4816 αὐτοῦ
3366 4764 3645 4826 ποιοῦντες
3669 4781 3683 4795 ·
3708 4767 3931 4823 ὁποίους

2370 4849 2558 4909 αὐτοὺς
2591 4848 2841 4914 γενέσθαι
2870 4851 2935 4901 τὰ
2979 4850 3199 4903 τοιαῦτα
3229 4852 3332 4921 χρὴ
3366 4854 3635 4921 νομίζειν,
3682 4855 3771 4907 ὅτε
3806 4848 3927 4923 μεί-

2370 4937 2477 4999 ζων
2513 4938 2609 5003 μὲν
2659 4941 2842 5003 αὐτοῖς
2896 4942 3353 5012 ἠεὺγνωμοσύνη
3407 4944 3585 5012 πολλῷ
3620 4945 3696 5014 τῷ
3748 4948 3925 5016 μέσῳ,

2366 5029 2590 5106 τελείοις
2622 5031 2721 5099 ἤδη
2754 5033 2931 5083 πᾶσαν
2965 5032 3164 5101 ἀρετὴν
3192 5035 3526 5100 γενομένοις,
3562 5036 3629 5087 τά
3662 5037 3715 5090 δὲ
3742 5039 3927 5105 ἀγαθά

2366 5120 2546 5171 οὐκέτι
2574 5120 2884 5182 ἐλπίζουσιν
2904 5138 2917 5153 ο
2954 5122 3067 5173 ἀλλ’
3094 5124 3227 5191 αὐτῇ
3256 5124 3419 5195 πείρᾳ
3454 5125 3785 5192 μανθάνουσι
3826 5132 3929 5197 τὴν

2366 5209 2456 5259 τοῦ
2484 5212 2751 5261 Δεσπὸῖου
2786 5212 3113 5279 φιλοτιμίαν,
3141 5215 3226 5265 ὅτε
3248 5213 3445 5277 ὁρῶσιν
3465 5215 3688 5278 ἑαυτοὺς
3712 5216 3770 5281 ἐξ
3792 5219 3924 5272 οἵων

2365 5298 2463 5350 οἷοι
2495 5303 2780 5368 γεγόνασιν
2814 5304 2932 5355 ἀντὶ
2971 5305 3209 5372 πηλίνων
3239 5308 3401 5375 ἤλιοι,
3428 5308 3546 5359 ἀντὶ
3578 5309 3782 5361 δούλων
3806 5312 3925 5381 ἠτιο

2368 5392 2631 5458 μωμένων
2701 5394 2807 5444 υἱοὶ
2838 5394 3025 5459 τίμιοι,
3061 5397 3152 5448 καὶ
3186 5396 3462 5463 βασιλείας
3503 5401 3747 5468 οὐρανῶν
3787 5405 3924 5477 κλη-

2366 5482 2582 5547 ρονόμοι
2649 5483 2765 5533 ἀντὶ
2799 5484 3136 5550 ὑπευθύνων,
3164 5488 3379 5541 δυνατοὶ
3422 5492 3514 5542 καὶ
3539 5490 3732 5553 ἄλλους
3770 5492 3923 5546 λύειν

2362 5570 2621 5641 εὐθύνης,
2672 5576 2737 5641 τῇ
2794 5575 2931 5642 πρδς
2975 5577 3066 5628 τὸν
3120 5580 3389 5646 Δικαστὴν
3442 5583 3757 5651 παρρησίας
3819 5585 3920 5638 Διά

2362 5663 2517 5713 τοῦτο
2563 5666 2683 5716 οὐδὲ
2730 5666 2890 5732 κόρος
2937 5667 3084 5720 ἐστὶν
3113 5670 3295 5732 αὐτοῖς
3324 5671 3498 5733 οὐδεὶς
3527 5674 3635 5726 τών
3668 5676 3749 5735 εἰς
3781 5675 3920 5729 Θεὸν

2364 5754 2548 5820 ὓμνων
2626 5758 2743 5809 οὐδὲ
2786 5760 3093 5827 νομίζουσιν
3120 5764 3269 5815 αὐτοὶ
3317 5762 3467 5833 μόνοι
3499 5765 3635 5834 προς
3684 5766 3784 5836 τήν
3828 5769 3919 5820 εύ-
