4150 6312
182 408 289 468 4'77

1369 403 1765 468 umnam
1809 383 2235 466 EXposmo.

3300 385 3405 451 478

176 519 243 571 ὲν
272 518 452 588 τούτῳ
497 520 574 587 τῷ
604 519 890 589 καταλόγῳ
926 521 1179 573 τάττεται
1212 542 1215 549 ν
1251 521 1310 573 οὐ
1360 522 1462 591 γὰρ
1499 521 1565 573 ἂν
1598 519 1746 573 ἐτάτο

1872 518 2005 580 :hi:e,
2060 518 2151 570 sed
2201 515 2361 568 etiam
2416 510 2758 581 angelorum,
2793 509 3026 573 cum_sit
3051 505 3181 577 ipsis
3241 507 3404 558 etiam

172 612 401 672 τετο,εί
437 611 715 679 μεσιτείας
741 611 883 672 τινὸς
925 612 953 663 6
1000 613 1157 682 χορὸς
1187 605 1338 672 οὗτος
1387 613 1574 677 ἐδεῖτο,
1605 612 1639 681 ἥ
1676 627 1739 677 γε

175 701 366 768 πάσης
396 703 550 752 ἐστὶν
575 702 834 754 ἐπέκεινα.
861 703 1160 770 μεσιτείας,
1184 705 1243 755 οὐ
1273 705 1367 771 τῆς
1391 690 1740 772 »ἀνθρωπίνης

178 793 350 858 μόνον
379 791 686 860 ίεραρχίας,
725 793 858 844 ἀλλὰ
886 795 979 844 καὶ
1013 794 1114 861 τῆς
1139 795 1244 846 τῶν
1272 794 1539 861 ἀγγέλων,
1575 797 1647 855 ὡς
1680 794 1743 845 ἂν

177 882 280 932 καὶ
334 882 511 933 αὐτῶν
562 878 697 933 οὖσα
748 882 856 933 τῶν
905 882 1162 937 ἀνωτάτω
1217 884 1351 935 νόων
1398 883 1745 951 ἀσυγκρίτως

181 974 491 1039 ἁγιωτέρα.
519 976 627 1026 Καὶ
657 976 763 1042 μὴν
797 977 824 1027 6
852 975 1082 1044 Χριστός
1107 978 1243 1039 ἐστι,
1272 974 1455 1043 φησιν,
1488 975 1514 1025 6
1545 973 1747 1041 ταύτην

177 1064 359 1115 τελῶν
413 1066 744 1133 ἱερουργίαν.
804 1067 871 1118 Τί
906 1066 997 1118 οῦν
1043 1064 1354 1131 Θαυμαστὸν
1396 1066 1444 1116 εἰ
1504 1065 1597 1116 καὶ
1636 1065 1749 1124 τοῖς

178 1155 366 1217 ἁγίοις
396 1158 491 1207 καὶ
514 1156 649 1225 αὐτῇ
678 1156 1015 1225 μεσιτεύσειε
1041 1160 1105 1225 τῇ
1135 1155 1317 1225 Μητρί
1344 1173 1359 1219 ;
1400 1156 1541 1209 Ἀλλ’
1563 1156 1752 1207 οὐδένα

177 1247 346 1298 τοῦτο
399 1249 558 1315 λόγον
611 1248 744 1317 ἔχει.
780 1251 853 1302 Οὐ
902 1250 1009 1318 γὰρ
1035 1243 1188 1311 οὗτος
1230 1247 1258 1299 6
1294 1247 1625 1318 τρόποςοτῆς
1656 1245 1749 1298 τοῦ

178 1337 432 1405 Χριστοῦ
467 1341 746 1406 μεσετείας
768 1355 783 1371 ’
814 1342 1049 1413 μεσίτης
1096 1340 1196 1409 μὲν
1224 1340 1330 1407 γὰρ
1360 1340 1577 1405 ἐγένετο
1613 1335 1748 1405 Θεοῦ

179 1431 283 1481 ναὶ
318 1431 657 1499 ἀνθρώπων·
685 1432 801 1483 ἀλλ’
834 1434 891 1483 οὐ
923 1432 1098 1499 λόγοις
1131 1436 1242 1484 τισὶ
1267 1433 1355 1483 καὶ
1391 1429 1602 1494 εὐχαῖς,
1635 1427 1750 1481 ἀλλ’

180 1519 396 1586 ἑαυτῷ·
435 1523 516 1573 ὅτι
544 1522 651 1590 γὰρ
678 1523 809 1585 Θεὸς
832 1524 860 1574 6
883 1524 1042 1585 αὐτὸς
1072 1525 1165 1575 καὶ
1192 1524 1475 1591 ἄνθρωπος
1508 1518 1592 1585 ἦν,
1617 1519 1750 1572 Θεὸν

177 1609 507 1677 ἀνθρώποις
541 1614 769 1679 συνῆψε,
797 1612 975 1664 κοινὸν
1005 1612 1129 1679 ὅρον
1177 1610 1367 1664 ἑαυτὸν
1411 1607 1755 1677 ἀμφοτέραις

1848 606 2205 660 sanctissimis
2233 604 2501 657 mentibus
2524 600 3020 668 incomparabiliter
3040 598 3295 651 sanctior.
3318 596 3409 646 Αι-

1848 700 1937 766 qui
1975 698 2221 752 Christus
2251 704 2349 759 est,
2377 693 2677 762 inquit,qui
2702 693 2802 746 hoc
2829 690 3034 760 peragit
3055 686 3405 741 sacriﬁcium.

1850 788 1989 854 Quid
2020 802 2148 856 ergo
2176 788 2392 849 mirum,
2422 786 2463 837 si
2505 784 2661 837 etiam
2700 798 2793 851 pro
2820 780 3024 834 sanetis
3056 786 3107 829 et
3133 774 3300 828 Matre
3324 776 3407 824 in-

1854 878 2158 933 tercesserit
2189 876 2210 928 ?
2246 875 2346 930 Sed
2379 875 2480 929 hoc
2513 874 2714 925 nullam
2765 871 2921 923 habet
2954 852 3254 939 rationem.‘
3292 863 3409 914 Non

1856 969 2111 1024 estenim
2152 966 2240 1019 hic
2299 966 2490 1018 modus
2542 963 2945 1017 intercessionis
3005 958 3231 1012 Christi.
3286 954 3409 1007 Fuit

1855 1060 2000 1114 enim
2030 1062 2358 1111 intercessor
2412 1055 2499 1107 Dei
2535 1064 2586 1106 et
2628 1055 2928 1114 hominum,
2959 1050 3050 1103 sed
3091 1063 3198 1101 non
3230 1045 3409 1098 verbis

1856 1149 2179 1217 quibusdam
2199 1156 2250 1200 et
2281 1147 2547 1215 precibus,
2578 1143 2668 1197 sed
2694 1144 2890 1209 seipso,
2911 1154 3103 1206 nempe
3133 1136 3272 1204 quod
3289 1149 3409 1187 cum

1855 1241 1996 1295 Deus
2034 1249 2089 1295 et
2118 1241 2282 1293 homo
2318 1248 2482 1298 esset,
2532 1236 2698 1287 Deum
2762 1231 3074 1285 hominibus
3130 1226 3415 1295 conjunxit

1852 1346 2193 1386 communem
2220 1332 2506 1385 terminum
2560 1329 2794 1396 scipsum
2828 1326 3074 1390 utrisque
3099 1318 3308 1372 naturis
3335 1317 3419 1368 in-

1848 1425 2063 1494 jicicns.
2090 1422 2417 1476 Existimare
2465 1429 2643 1472 autem
2682 1418 2881 1484 ipsum,
2936 1429 3031 1481 per
3070 1425 3256 1481 preces
3294 1423 3414 1476 qum

1856 1513 2399 1575 ﬁuntin'sacrilicio,
2449 1524 2660 1578 semper
2719 1507 3074 1565 intercedere,
3132 1510 3214 1555 est
3267 1498 3416 1553 omni

1854 1605 2198 1673 blasphemia
2238 1615 2291 1657 et.
2326 1602 2661 1656 absurditate
2685 1598 2928 1668 plenum.

178 1704 304 1763 ταῖς
341 1703 573 1769 φύσεσιν
629 1705 904 1772 ἐμϐαλών.
948 1705 1020 1758 τὸ
1069 1707 1123 1759 δὲ
1156 1705 1396 1774 νομίζειν
1424 1703 1615 1756 καύτὸν
1663 1702 1751 1753 διὰ
1786 1700 1895 1753 τῶν
1930 1701 1989 1753 ὲν
2017 1702 2085 1771 τῇ
2123 1698 2402 1769 ἱερουργίᾳ
2428 1696 2597 1765 εὐχῶν
2626 1694 2715 1747 ἀεὶ
2782 1690 3106 1753 μεσιτεύειν,
3178 1685 3421 1756 βλασφη-

181 1797 321 1866 μίας
352 1798 574 1866 ἁπάσης
608 1798 701 1852 καὶ
734 1799 964 1862 ἀτοπίας
992 1800 1108 1853 ἐστὶ
1141 1800 1360 1869 μεστόν.

262 1889 324 1940 Εἰ
357 1889 467 1957 γὰρ
498 1890 591 1941 καὶ
636 1891 799 1952 αὐτός
829 1892 976 1943 ἐστιν
1008 1893 1035 1943 6
1065 1890 1234 1944 τελῶν
1276 1891 1373 1961 τὴν
1413 1888 1747 1960 ἱερουργίαν.

1925 1882 2038 1938 Etsi
2068 1883 2208 1937 enim
2230 1882 2344 1949 ipse
2370 1887 2450 1933 est
2471 1878 2559 1947 qui
2594 1874 2800 1954 peragit
2820 1873 3169 1961 sacriﬁcium,
3192 1885 3298 1925 non
3343 1880 3424 1923 ta-

180 1979 305 2030 ἀλλ’
339 1980 401 2030 οὐ
436 1980 615 2031 πάντα
657 1980 726 2032 τὰ
750 1982 867 2033 ἐκεῖ
893 1982 1152 2051 γινόμενα
1180 1983 1271 2035 καὶ
1298 1982 1571 2048 λεγόμενα
1602 1979 1751 2049 αὐτῷ

184 2070 561 2139 ἀναθήσομεν.
595 2071 668 2124 Τὸ
701 2072 799 2140 μὲν
842 2071 951 2141 γὰρ
1000 2072 1159 2142 ἔργον
1190 2073 1289 2141 τῆς
1341 2072 1747 2142 μυσταγωγίας,

186 2161 289 2213 καὶ
350 2162 413 2212 τὸ
449 2162 624 2228 τέλος,
658 2164 779 2233 ἤτοι
835 2164 893 2215 τὺ
938 2164 1269 2231 ἀγιασθῆναι
1318 2166 1385 2217 τὰ
1436 2164 1603 2233 δῶρα,
1659 2164 1753 2215 καὶ⁸

190 2250 421 2317 ἁγιάσαι
464 2253 591 2315 τούς
630 2255 878 2321 πιστοὺς,
918 2256 1077 2319 αὐτός
1137 2258 1250 2308 ἐστι
1294 2258 1453 2324 μόνος
1489 2258 1516 2308 6
1564 2256 1752 2309 τελῶν.

191 2347 260 2396 Αἱ
297 2347 353 2396 δὲ
391 2348 522 2412 περὲ⁵
568 2346 779 2400 τούτων
807 2347 963 2416 εὐχαὶ
1010 2350 1103 2401 καὶ
1143 2349 1360 2416 δεήσεις
1403 2349 1496 2399 καὶ
1530 2347 1752 2409 ίκεσίαι,

191 2436 289 2487 τοῦ
320 2438 513 2505 ἱερέως
536 2456 550 2469 ⁸
581 2441 762 2491 ἐκεῖνα
799 2442 893 2506 μὲν
920 2441 1024 2510 γὰρ
1052 2441 1331 2503 δεσπότου,
1362 2440 1532 2493 ταῦτα
1561 2440 1615 2492 δὲ
1640 2440 1758 2493 60-3-

192 2530 323 2582 λου·
367 2532 463 2582 καὶ.
497 2532 527 2582 6
580 2530 678 2597 μὲν
714 2530 953 2598 εὔχεται,
999 2534 1026 2584 6
1073 2528 1130 2583 δὲ
1166 2531 1363 2583 τελειοί
1416 2530 1511 2592 τὰς
1543 2531 1751 2598 εὐχὰςέ

196 2624 294 2673 καὶ
323 2623 351 2673 6
382 2623 484 2689 μὲν
518 2623 712 2692 Σωτὴρ
738 2624 970 2686 δίδωσιν,
999 2626 1025 2676 6
1056 2623 1110 2677 δὲ
1142 2625 1322 2692 ίερεύς
1361 2622 1502 2693 ὑπὲρ
1530 2622 1639 2674 τῶν
1672 2623 1759 2674 δοι

198 2710 409 2765 ῡέντων
435 2714 779 2781 εὐχαριστεί’
812 2715 907 2766 καὶ
938 2714 965 2765 6
994 2714 1093 2782 μὲν
1128 2712 1306 2783 ίερεύς
1334 2714 1619 2783 προσάγει.
1646 2714 1673 2764 6
1703 2712 1756 2764 δὲ

198 2801 408 2873 Κυριος
436 2804 718 2873 ἐκδέχεται
758 2804 827 2856 τὰ
860 2804 1042 2874 δῶραο
1074 2805 1371 2873 προσφέρει
1416 2802 1511 2871 μὲν
1536 2804 1644 2873 γὰρ
1667 2804 1761 2855 καὶ

200 2895 231 2946 6
280 2894 511 2964 Κύριος,
548 2894 662 2947 ἀλλ’
716 2892 909 2948 ἑαυτὸν
955 2892 1033 2962 τῷ
1083 2894 1311 2962 Πατέρι,
1359 2892 1449 2945 καὶ
1500 2895 1567 2944 τὰ
1616 2892 1763 2963 δῶρα

202 2984 400 3048 ταῦτα,
429 2985 559 3037 ὅταν
590 2984 753 3047 αὐτὸς
777 2986 1055 3049 γένωνται,
1080 2985 1208 3036 ὅταν
1234 2986 1313 3044 είς
1338 2982 1400 3035 τὸ
1419 2980 1582 3036 αὐτοῦ
1607 2981 1765 3051 σῶμα

205 3076 303 3127 καὶ
334 3070 475 3141 αἷμα
513 3074 948 3143 μεταδληθῶσιν.
980 3076 1102 3127 Ὀτι
1137 3075 1242 3143 γὰρ
1290 3074 1483 3126 ἑαυτὸν
1532 3072 1766 3141 προσφέ-

208 3182 314 3233 ρει.
346 3165 438 3219 διὰ
467 3164 629 3218 τοῦτο
660 3160 799 3217 εἶναι
824 3164 1039 3233 λέγεται
1071 3168 1097 3216 6
1117 3165 1279 3226 αὐτὸς
1304 3165 1395 3217 καὶ
1421 3164 1763 3233 προσφέρων,

204 3257 303 3308 καὶ
349 3256 819 3325 προσφερόμενος,
865 3257 959 3308 καὶ
1013 3255 1475 3325 προσδεχόμενος·
1528 3254 1760 3322 προσφέ-

206 3364 321 3415 ρων
350 3347 472 3416 μὲν,
510 3348 599 3399 καὶ
636 3347 1093 3416 προσδεχόμενος,
1138 3345 1215 3408 ὡς
1261 3346 1426 3408 Θεός⁸
1462 3346 1770 3414 προσφερὸ-

209 3455 372 3508 μενος
398 3437 453 3492 δὲ
482 3436 877 3506 (ὓς-ἄνθρωπος
898 3453 912 3468 ·
940 3437 1106 3503 ἄρτον
1132 3436 1187 3489 δὲ
1238 3438 1332 3489 καὶ
1358 3430 1499 3487 οἶνον
1530 3434 1610 3486 ἔτι
1644 3433 1772 3486 ὅντα

204 3530 277 3583 τὰ
300 3528 473 3599 δῶρα,
505 3529 807 3597 προσφέρει
852 3529 953 3596 μὲν
982 3528 1009 3579 6
1042 3527 1239 3596 ἱερεὺς,
1271 3525 1630 3594 προσδέχεται
1658 3524 1716 3577 δὲ
1745 3523 1773 3574 6

207 3620 442 3686 Κῦριος.

286 3712 396 3763 Καὶ
426 3712 481 3761 τί
528 3710 699 3762 ποιῶν
737 3714 805 3761 τὰ
851 3708 997 3776 δῶρα
1057 3707 1454 3778 προσδέχεται;
1507 3704 1775 3772 Ἀγιὰξων

209 3802 371 3859 αὐτὰ,
412 3803 493 3864 εἰς
544 3801 604 3853 τὸ
653 3799 819 3853 αὐτοῦ
874 3798 1030 3867 σῶμα
1064 3802 1157 3854 καὶ
1208 3794 1348 3866 αἷμα
1402 3795 1771 3867 μεταϐάλλων.

210 3893 388 3947 Τοῦτο
442 3894 550 3962 γὰρ
601 3893 663 3945 τὸ
712 3892 984 3961 δέχεσθαι,
1034 3891 1095 3943 τὸ
1131 3889 1487 3953 οἰκειοῦσθαι,
1539 3890 1778 3943 κατὰτὰ

209 3983 595 4054 προειρημένα
619 3999 635 4013 ο
672 3977 824 4044 οὗτος
846 3984 880 4035 ὁ
902 3981 1101 4053 τρόπος
1134 3980 1259 4034 καθ’
1288 3981 1347 4033 ὃν
1371 3981 1399 4032 6
1423 3980 1653 4050 Χριστὸς
1682 3978 1780 4047 τὴν

212 4070 532 4146 ίιρουργίαν
585 4072 790 4141 ταύτην
822 4073 1135 4139 ἱερουργετο
1181 4068 1357 4123 ταῦτά
1401 4070 1552 4122 ἔστιν
1590 4069 1626 4122 ἃ
1681 4069 1782 4139 τὴν

214 4163 526 4234 ἱερωσύνην
558 4162 710 4231 αὐτῷ
741 4164 918 4214 ποιεῖ’
961 4163 1009 4214 εί
1049 4162 1108 4214 δὲ
1135 4160 1270 4229 πρὸς
1305 4161 1417 4221 τοῖς
1443 4159 1779 4228 εἰρημένοις,

210 4257 310 4309 καὶ
341 4255 536 4316 τὰςὲν
564 4256 630 4323 τῇ
672 4253 1034 4322 μνσταγωγίᾳ
1078 4250 1263 4321 εὐχὰς,
1295 4251 1326 4320 ἢ
1370 4250 1548 4312 πάσας
1576 4249 1606 4319 ἢ
1632 4249 1784 4309 τινὰς

208 4347 308 4399 τοῦ
342 4344 584 4413 Χριστοῦ
609 4344 729 4413 θείη
765 4360 851 4404 τις
880 4339 1018 4399 εἶναι
1046 4346 1251 4411 φωνὰς,
1278 4342 1429 4395 οὐδὲν
1458 4343 1598 4394 κατὰ
1627 4341 1786 4393 τοῦτο

210 4437 413 4492 διοίσει
464 4434 574 4489 τῶν
604 4435 835 4498 ἀσεϐῶν,
865 4435 914 4487 οἳ
943 4434 1043 4504 τὴν
1095 4434 1255 4499 δόξαν
1284 4432 1449 4487 αὐτοῦ
1500 4434 1785 4502 καθαιρεῖν

211 4530 546 4598 ἐτόλμησαν.
594 4527 896 4593 ’Δνάγνωϐι
928 4527 1028 4588 τὰς
1060 4527 1224 4595 εὐχὰς
1254 4526 1495 4589 απάσας,
1541 4526 1635 4578 καὶ
1667 4504 1766 4593 εἰσ]

1890 4518 2019 4572 dent
2046 4515 2265 4570 Christo
2298 4510 2365 4563 tri

211 4622 283 4673 τὰ
337 4621 553 4690 ῥήματα
636 4604 821 4673 ἐκεῖνα
870 4619 1045 4673 πάντα
1093 4619 1295 4671 δούλων
1334 4613 1472 4670 εἶναι
1522 4618 1740 4687 ῥήματα
1766 4633 1782 4648 ο

214 4710 501 4777 ἀνάγνωθι
550 4709 645 4763 καὶ
674 4710 883 4779 ταύτην
908 4708 943 4779 ἢ
976 4708 1305 4778 μνημονεύει
1355 4708 1462 4760 τῶν
1495 4706 1687 4776 ἁγίων,
1720 4708 1786 4775 ἢν

214 4802 296 4873 τῷ
330 4800 551 4869 Χριστῷ
592 4799 906 4854 ἀνατιθέναι
946 4800 1213 4868 τολμῶσι,
1252 4798 1351 4852 καὶ
1378 4798 1633 4869 εὑρήσεις
1671 4796 1788 4850 ἐκεῖ

214 4892 379 4945 οὐδὲν
414 4892 512 4959 μὲν
538 4889 637 4958 υἱῷ
690 4890 905 4959 πρέπον
932 4889 1208 4958 ὁμοτίμῳ,
1248 4888 1425 4941 πάντα
1471 4887 1527 4940 δὲ
1558 4886 1781 4942 δούλων.

217 4984 447 5053 Πρῶτον
503 4981 762 5049 μὲνγὰρ,
815 4980 913 5032 οὐκ
949 4978 1043 5046 ἀφ’
1095 4980 1212 5041 ἑνὸς
1268 4975 1589 5048 προσώπου,
1646 4976 1785 5028 ἀλλὰ

217 5072 380 5162 κοινὴ
417 5070 513 5123 τοῦ
541 5070 732 5137 γένους
760 5068 910 5120 ἐστὶν
938 5069 970 5137 ή
1006 5066 1347 5137 εὐχαριστία,
1388 5068 1481 5117 καὶ
1508 5065 1583 5127 ὡς
1610 5065 1785 5132 ἀμαρ-

218 5146 518 5234 τήῖῐαντες,
566 5159 766 5229 καὶμὴ
819 5158 1205 5227 περιοφθέντες
1234 5156 1337 5209 ὑπὸ
1382 5158 1479 5225 τῆς
1524 5147 1617 5209 τοῦ
1648 5146 1783 5207 Θεοῦ

219 5252 656 5323 φιλανθρωπίας,
692 5249 1121 5321 εὐχαριστοῦσι·
1151 5251 1243 5301 καὶ
1274 5249 1307 5318 ἠ
1348 5247 1671 5317 εὐχαριστία
1720 5243 1782 5298 οὐ

219 5345 365 5417 πρὸς
392 5345 486 5398 τὸν
512 5345 731 5413 Πατέρα
765 5345 951 5413 μόνον,
976 5341 1114 5394 ἀλλὰ
1140 5344 1233 5393 καὶ
1264 5340 1396 5409 πρὸς
1419 5339 1511 5392 τὸν
1536 5339 1663 5391 Υίὸν
1689 5339 1785 5390 αὐ-

217 5439 346 5500 τοῦ,
386 5437 561 5490 καὶτὸ
597 5436 823 5506 Πνεῦμα
863 5434 925 5487 τὸ
971 5435 1127 5501 ἅγιον
1155 5450 1170 5465 ο
1210 5432 1307 5485 καὶ
1360 5432 1459 5501 τῆς
1508 5429 1601 5483 τοῦ
1644 5429 1822 5484 Θεοῦρ

192 5528 472 5598 ἼΜητρδς,
532 5528 606 5591 ὡς
666 5526 967 5598 Δεσποίνης
1019 5526 1214 5589 δοῦλοι,
1286 5525 1632 5593 μέμνηνται·
1687 5523 1781 5576 καὶ

220 5621 352 5682 ταῖς
391 5617 709 5687 πρεσϐείαις
735 5617 908 5685 αὐτῆς
938 5618 1031 5669 καὶ
1069 5614 1179 5668 τῶν
1224 5613 1392 5681 ἁγίων
1446 5614 1545 5681 τῆς
1631 5614 1781 5681 παρὰ

220 5710 325 5764 τοῦ
368 5709 513 5794 Θεοῦ
557 5709 898 5778 ιπισκέψεως
930 5711 1023 5761 καὶ
1064 5705 1317 5777 προνοίας
1366 5703 1643 5758 αἰτοῦνται
1691 5720 1783 5755 τυ-

222 5803 367 5875 χεῖν.
416 5802 596 5858 Ταῦτα
626 5804 681 5857 δὲ
714 5801 985 5856 τί“κοινδν
1029 5801 1138 5870 ἔχει
1187 5798 1323 5868 προς
1372 5795 1463 5851 τὸν
1519 5794 1614 5849 ἕνα
1665 5795 1776 5848 Κύ-

1853 1990 1976 2029 men
2014 1975 2196 2028 omnia
2226 1986 2346 2041 quae
2372 1972 2479 2024 illic.
2505 1949 2758 2023 dicuntur
2786 1978 2843 2022 et
2870 1949 3025 2028 ﬁunt,
3058 1966 3104 2017 ci
3155 1950 3420 2016 attribue-

1854 2083 1993 2120 mus.
2018 2065 2255 2136 Mysterii
2278 2065 2419 2116 enim
2473 2078 2608 2130 opus
2636 2071 2684 2113 et
2716 2060 2894 2117 linem,
2949 2056 3246 2109 sacriﬁcari
3284 2052 3425 2106 scili-

1859 2168 1945 2213 cet
1982 2168 2036 2211 et
2076 2156 2403 2211 sanctiﬁcari
2430 2154 2631 2214 ﬁdeles,
2686 2154 2799 2220 ipse
2849 2159 2930 2204 est
2973 2150 3123 2204 solus
3153 2148 3244 2210 qui
3296 2161 3422 2213 per~

1855 2249 1985 2315 agit.
2015 2247 2087 2299 De
2108 2247 2193 2301 his
2217 2254 2392 2300 autem
2423 2260 2608 2313 preces
2628 2251 2753 2297 sunt
2777 2242 3048 2296 orationes
3076 2248 3127 2292 et
3151 2239 3425 2307 supplica-

1855 2332 2034 2393 tiones
2066 2332 2392 2392 δείξει-δούς..
2415 2336 2505 2389 illa
2533 2335 2677 2389 enim
2710 2342 2837 2387 sunt
2886 2329 3122 2394 Domini,
3165 2329 3279 2381 haec
3301 2340 3430 2380 vero

1858 2432 1995 2488 servi
2025 2450 2039 2496 ;
2078 2438 2129 2485 et
2156 2429 2244 2484 hic
2272 2428 2485 2497 quidem
2518 2432 2787 2495 precatur,
2828 2423 2916 2477 ille
2946 2436 3072 2474 vero
3104 2433 3291 2487 preces
3314 2432 3433 2485 per—

1859 2525 1989 2589 ficit;
2015 2533 2065 2577 et
2100 2522 2359 2576 Dominus
2393 2520 2606 2588 quidem
2644 2518 2845 2578 donat,
2882 2513 3139 2568 sacerdos
3168 2524 3295 2562 vero
3337 2524 3432 2574 pro

1860 2615 1929 2670 iis
1959 2629 2081 2684 quae
2111 2614 2234 2666 data
2269 2611 2543 2680 sunt,agit
2574 2608 2772 2678 gratias
2799 2622 2812 2670 ;
2845 2615 2899 2658 et
2930 2602 3185 2658 sacerdos
3213 2598 3431 2668 quidem

1860 2707 2035 2770 oll'ert,
2116 2703 2374 2757 Dominus
2436 2715 2563 2754 vero
2616 2699 2756 2750 dona
2804 2694 3017 2761 accipit.
3069 2690 3235 2744 Otrert
3289 2690 3435 2742 etaim

1860 2798 2021 2853 etiam
2077 2795 2356 2856 Dominus,
2390 2791 2480 2844 sed
2531 2790 2769 2857 seipsum
2816 2783 2987 2847 Patri,
3055 2792 3108 2835 et
3146 2781 3285 2833 dona
3324 2777 3439 2831 haec

1862 2888 2085 2960 quando
2124 2886 2241 2950 ipse
2265 2882 2408 2937 facta
2441 2881 2658 2942 fuerint,
2692 2875 2906 2945 quando
2933 2874 2985 2926 in
3012 2872 3126 2942 ejus
3148 2884 3344 2936 corpus
3386 2872 3439 2918 et

1866 2978 2186 3047 sanguinem
2212 2987 2471 3028 conversa
2510 2980 2562 3023 et
2600 2977 2826 3021 mutata.
2854 2963 2991 3030 Quia
3026 2960 3168 3013 enim
3197 2959 3438 3024 seipsum

1865 3046 2041 3129 'otl‘ert,
2058 3067 2178 3120 ideo
2200 3063 2396 3117 dicitur
2415 3062 2551 3114 idem
2580 3074 2701 3112 esse
2722 3065 2776 3111 et
2796 3057 2887 3123 qui
2905 3050 3027 3107 οίΐει
3042 3060 3081 3111 t,
3098 3059 3153 3105 et
3168 3049 3260 3118 qui
3285 3046 3442 3101 θεῖοι·-

1870 3168 1957 3212 tur
1970 3168 2020 3209 et
2038 3155 2287 3223 suscipit,
2320 3150 2553 3205 ofierens
2566 3147 2781 3217 quidem
2802 3143 3167 3211 etsuscipicns
3202 3147 3259 3191 ut
3280 3135 3441 3204 Deus.

1870 3249 2082 3301 oblatus
2104 3254 2280 3297 autem
2300 3249 2359 3294 ut
2383 3243 2567 3292 homo.
2591 3238 2794 3288 Panem
2816 3241 2999 3286 autem
3018 3239 3072 3283 et
3092 3228 3297 3289 vinum,
3313 3226 3441 3277 dum

1871 3338 2045 3391 adhuc
2088 3328 2228 3388 dona
2265 3339 2414 3393 sunt,
2447 3328 2602 3382 offert
2640 3324 2864 3394 quidem
2917 3319 3187 3388 sacerdos,
3220 3315 3455 3384 suscipit

1874 3439 2052 3483 autem
2079 3424 2365 3479 Dominus.
2408 3418 2473 3471 Et
2497 3415 2625 3486 quid
2680 3426 2842 3482 agens
2869 3412 3007 3465 dona
3066 3405 3343 3474 suscipit?
3373 3404 3444 3457 Ea

1876 3519 2248 3581 sanctiﬁcans,
2275 3514 2328 3566 in
2359 3526 2518 3565 suum
2557 3521 2760 3575 corpus
2785 3512 2839 3557 et
2854 3500 3174 3570 sanguinem
3200 3506 3441 3551 mutans.

1875 3614 1990 3664 Hoc
2034 3607 2177 3661 enim
2224 3612 2307 3658 est
2368 3600 2663 3667 suscipere,
2720 3592 2999 3662 proprium
3065 3598 3120 3643 et
3178 3587 3447 3641 familiare

1876 3704 2107 3766 edicere,
2141 3706 2197 3752 ut
2230 3697 2432 3753 dictum
2464 3702 2569 3748 cst.
2598 3688 2697 3742 Hic
2716 3694 2799 3741 est
2835 3684 3026 3738 modus
3054 3696 3163 3753 quo
3195 3681 3447 3735 Christus

1880 3796 1981 3850 hoc
2011 3790 2337 3848 sacriﬁcium
2371 3785 2627 3841 celebrat.
2656 3779 2779 3833 llaec
2817 3783 2944 3831 sunt
2964 3788 3083 3844 quae
3106 3773 3154 3827 ei
3182 3769 3443 3825 sacerdo-

1880 3890 2015 3941 tium
2060 3884 2425 3939 coustituunt.
2485 3877 2539 3930 Si
2574 3884 2751 3928 autem
2794 3879 2987 3940 prieter
3039 3880 3103 3920 ea
3137 3879 3253 3931 qua:
3305 3861 3447 3913 dicta

1882 3984 2028 4039 sunt,
2057 3973 2219 4027 etiam
2248 3968 2523 4027 orationes
2548 3978 2669 4033 qure
2693 3962 2825 4014 tiunt
2850 3958 2903 4011 in
2932 3952 3176 4025 mysterii
3203 3945 3448 4003 celebra-

1885 4067 2053 4127 tione,
2072 4062 2155 4117 vel
2177 4074 2367 4115 omnes
2415 4056 2499 4112 vel
2525 4056 2734 4123 aliquas
2756 4048 2957 4105 Christi
2983 4054 3140 4099 voces
3162 4052 3280 4095 esse
3299 4040 3450 4093 dixe-

1884 4158 1979 4223 rit,
1996 4154 2131 4210 nihil
2160 4155 2211 4207 in
2232 4154 2330 4206 hac
2358 4164 2416 4204 re
2444 4153 2512 4202 ab
2534 4145 2713 4208 impiis
2742 4140 2970 4202 diii'eret,
2995 4136 3089 4223 qui
3113 4134 3229 4203 ejus
3264 4130 3455 4201 gloriae

1885 4242 2168 4298 detrahere
2196 4238 2311 4293 ausi
2342 4242 2488 4290 sunt.
2524 4233 2660 4299 Lege
2681 4240 2871 4282 omnes
2902 4222 3194 4283 orationes,
3228 4228 3283 4273 et
3308 4217 3457 4269 scies
3516 4284 3519 4289 Ξ

1886 4335 2051 4390 vetha
2124 4332 2214 4387 illa
2271 4328 2455 4383 omnia
2529 4337 2650 4378 esse
2708 4330 2990 4374 servorum
3064 4309 3248 4363 verba.
3309 4307 3451 4372 Lege

1888 4429 2051 4481 etiam
2077 4440 2196 4479 eam
2230 4422 2280 4474 in
2310 4433 2412 4489 qua
2442 4423 2758 4470 sanctorum
2820 4404 3089 4462 meminit,
3148 4412 3310 4463 quam
3353 4413 3420 4449 au

2372 4510 2554 4567 buere,
2577 4512 2630 4558 et
2663 4498 2905 4554 invenies
2942 4495 3073 4548 nihil
3099 4492 3213 4545 illic
3257 4504 3465 4543 come--

1894 4611 2012 4664 nire
2062 4604 2221 4668 Filio,
2252 4604 2346 4670 qui
2401 4606 2487 4653 est
2514 4592 2661 4649 Patri
2698 4590 2906 4644 honore
2956 4585 3216 4653 aequalis;
3274 4582 3465 4632 oumia

1894 4712 2075 4757 autem
2108 4707 2414 4752 servorum.
2443 4688 2682 4743 Primum
2714 4686 2857 4738 enim
2886 4694 2997 4733 non
3033 4676 3101 4741 ab
3138 4689 3242 4728 uua
3266 4685 3458 4741 perso-

1893 4809 1984 4857 na,
2010 4791 2103 4846 scd
2139 4782 2441 4842 communis
2504 4788 2583 4833 est
2622 4774 2834 4845 generis
2895 4768 3196 4841 gratiarum
3253 4765 3396 4818 actio
3432 4778 3446 4823 ;

1891 4894 1944 4939 et
1972 4851 2034 4937 ut
2094 4881 2189 4949 qui
2246 4877 2563 4944 pcecarunt,
2604 4877 2788 4921 etnon
2819 4870 2950 4918 sunt
2977 4855 3217 4927 despecti
3269 4869 3300 4908 ιι
3361 4851 3452 4907 Dei

1891 4944 2267 5030 misericordia
2298 4977 2351 5021 et
2373 4962 2675 5023 clementia,
2718 4963 2881 5027 agunt
2914 4949 3114 5022 gratias
3140 4956 3229 5013 ;et
3258 4944 3450 5013 gratia-

1893 5083 2009 5123 rum
2044 5065 2182 5119 actio
2218 5076 2322 5116 non
2376 5058 2439 5114 ad
2472 5052 2683 5109 Patrem
2709 5050 2917 5108 solum,
2949 5043 3042 5098 sed
3070 5040 3230 5095 etiam
3261 5035 3328 5088 ad
3364 5032 3453 5087 Fi-

1892 5161 2022 5214 lium
2059 5159 2175 5227 ejus
2200 5147 2254 5207 et
2283 5158 2530 5205 sanctum
2567 5142 2829 5213 Spiritum
2867 5154 2881 5203 ;
2909 5145 2965 5191 et
2992 5131 3083 5187 Dei
3106 5127 3301 5184 matris
3332 5133 3456 5179 tan-

1890 5254 2051 5317 qdam
2082 5219 2315 5299 dominae
2339 5236 2502 5298 servi,
2528 5230 2910 5290 meminerunt,
2937 5229 2989 5277 et
3009 5219 3128 5290 ejus
3156 5224 3210 5271 e't
3234 5223 3454 5270 sancto-

1890 5308 2012 5393 rum
2091 5326 2575 5387 intercessionibus
2608 5360 2623 5385 ,
2673 5326 2733 5374 ut
2782 5330 2812 5371 a
2850 5315 2960 5368 Deo
3026 5310 3330 5369 visitentur,
3390 5308 3446 5354 et

1889 5441 2078 5483 eorum
2111 5436 2244 5479 cura
2274 5418 2559 5479 habeatur,
2596 5418 2802 5482 petunt.
2827 5405 2952 5460 llaec
2983 5406 3165 5456 autem
3192 5394 3465 5466 quidnam

1889 5531 2177 5576 commune
2203 5513 2400 5570 habent
2443 5521 2566 5563 cum
2618 5518 2727 5557 uno
2772 5498 3002 5554 Domino
3031 5487 3329 5558 unigenito,
3362 5482 3467 5539 Dei

1889 5612 2275 5679 Filio,peccato
2314 5619 2419 5658 non
2450 5598 2706 5661 obnoxio,
2740 5591 2980 5646 omnium
3013 5582 3262 5640 Domino?
3294 5578 3464 5634 «Gra-

1890 5704 1993 5757 tias
2020 5673 2253 5771 agimus,
2286 5694 2479 5764 inquit,
2510 5689 2625 5753 tibi,
2684 5686 2730 5739 ei
2764 5683 2899 5737 Filio
2935 5690 3030 5735 tuo
3093 5673 3395 5743 unigenito.
3423 5684 3447 5720 ›

1887 5764 2143 5849 Christus
2170 5800 2301 5857 ergo
2332 5781 2535 5854 gratias
2567 5778 2674 5848 agit
2727 5772 2866 5829 Filio
2909 5771 2998 5826 Dei
3045 5764 3348 5837 unigenito,
3386 5770 3459 5815 ei
