4150 6312
769 379 870 440 Νδῖ

2001 375 2309 435 NlCOLAl
2352 372 2741 432 CABASlL/E

3901 377 4006 436 £83

768 503 854 542 tus
891 498 990 542 est.
1027 487 1162 552 Quis
1203 486 1344 541 enim
1383 486 1577 552 literas,
1610 486 1712 540 nisi
1751 487 1926 541 li'iius?
1962 487 2102 548 Quid
2148 498 2323 540 autem

2437 481 2562 536 Θεοῦ
2586 487 2931 556 γεννηθῆναι,
2953 489 3043 541 καὶ
3069 489 3144 552 είς
3171 488 3369 556 ταύτην
3399 491 3665 559 ἀναϐῆναι
3693 492 3788 562 τὴν
3814 492 4003 559 τιμὴν-

771 595 946 631 rerum
995 588 1337 644 paternarum
1381 578 1648 635 haeredem
1695 577 1923 646 eﬂ‘ugit?
1969 577 2136 630 Nihil.
2185 577 2329 642 Quo-

771 668 929 722 modo
952 683 1084 736 ergo
1114 669 1430 736 petimttsid
1457 669 1597 737 quod
1622 670 1733 740 jam
1766 669 1947 723 datum
1988 669 2107 724 est?
2141 669 2331 724 Aliena

770 777 799 809 ιι
845 759 1077 812 filiorum
1126 759 1415 826 adoptione
1458 760 1916 827 perpetravituUS,
1951 772 2233 829 postquam
2265 776 2328 813 ex

772 851 879 902 lleo
913 850 1024 902 nati
1071 865 1263 903 sumus
1294 858 1346 902 et
1379 850 1443 902 ad
1484 866 1609 904 eum
1649 852 1906 906 hanorem
1943 854 2326 919 pervenimus;

773 954 868 1004 pro
919 938 1041 992 filiis
1073 939 1197 990 mali
1243 939 1382 992 servi
1417 939 1541 993 facti
1575 956 1784 1004 sumus,
1809 950 1862 996 et
1896 949 2182 1010 propterea
2216 951 2333 996 tan-

771 1043 932 1095 quam
966 1029 1032 1081 de
1082 1044 1139 1082 re
1190 1029 1362 1082 aliena
1397 1039 1452 1082 et
1497 1047 1618 1098 qnte
1648 1032 1782 1083 nihil
1830 1032 1893 1084 ad
1946 1047 2046 1084 nos
2075 1034 2328 1100 pertinet,

772 1120 1164 1187 supplicamus.
1189 1120 1331 1188 Ergo
1356 1136 1452 1175 nos
1483 1138 1698 1191 quoque
1724 1123 1888 1192 hujus
1915 1125 2332 1192 supplicationis

777 1213 930 1263 nobis
975 1226 1152 1265 causa:
1186 1227 1398 1267 sumus.
1431 1212 1503 1266 De
1539 1215 1694 1267 honis
1728 1227 1908 1268 autem
1957 1218 2331 1285 corporalibus

771 1302 933 1366 jussit
959 1297 1220 1356 Doanus
1263 1321 1276 1355 :
1315 1321 1332 1352 ι
1361 1302 1529 1356 Petito
1578 1305 1808 1372 primum
1869 1321 2092 1373 regnum
2147 1307 2241 1360 Dci
2279 1317 2332 1362 et

773 1391 1061 1458 jusﬁtiam,
1097 1401 1151 1447 et
1196 1393 1312 1447 ha~c
1347 1375 1527 1448 omnia
1583 1395 1907 1463 adjicientur
1955 1398 2142 1463 vobis;
2177 1417 2195 1450 ι
2234 1409 2284 1452 et
2318 1421 2329 1454 :

782 1502 798 1531 ι
835 1481 910 1535 Ne
942 1484 1061 1536 sitis
1084 1483 1298 1536 solliciti
1329 1485 1390 1536 tle
1415 1485 1768 1546 nutrimento,
1797 1486 1942 1540 etde
1973 1487 2331 1552 indumentis,

775 1581 828 1624 et
864 1570 1021 1624 Pater
1053 1583 1233 1626 ve51er
1263 1573 1500 1627 caelestis
1536 1575 1798 1642 quidquid
1828 1593 1965 1645 opus
1988 1578 2170 1646 fuerit,
2201 1596 2330 1650 sup-

777 1661 1062 1728 peditabit.
1093 1681 1110 1714 ι
1152 1662 1264 1716 Nos
1314 1673 1493 1717 autem
1549 1667 1767 1739 quando
1816 1669 1902 1721 eis
1959 1684 2204 1737 egemus,
2250 1672 2332 1726 vel

777 1760 996 1817 propter
1037 1753 1345 1805 socordiam
1398 1762 1451 1807 et
1503 1753 1877 1809 infelicitatem
1935 1769 2178 1812 nostram
2231 1762 2331 1816 hoc

779 1839 1038 1906 patimur,
1061 1849 1114 1892 et
1146 1840 1294 1908 quod
1326 1840 1392 1893 de
1419 1842 1499 1895 eis
1535 1853 1857 1912 praeceptum
1885 1860 1992 1898 non
2019 1861 2331 1910 servamus;

787 1938 843 1981 et
883 1940 1008 1982 tunc
1033 1939 1251 1998 egestas
1292 1940 1536 1983 nostrum
1569 1941 1651 1984 est
1690 1948 1848 1999 opus,
1882 1943 1935 1987 et
1970 1951 2089 2003 qua“:
2119 1950 2338 2006 propter

779 2034 895 2072 eam
940 2020 996 2072 lit
1032 2021 1354 2088 supplicatio
1397 2036 1412 2074 :
1442 2023 1528 2074 vel
1566 2033 1784 2090 propter
1816 2024 1906 2078 Dei
1938 2027 2336 2095 providenti-am

779 2117 834 2162 et
863 2110 1270 2176 benignitatem,
1301 2111 1446 2164 sicut
1492 2109 1617 2173 Joh,
1644 2122 1704 2165 ut
1736 2115 1941 2181 majora
1983 2125 2036 2170 et
2074 2129 2338 2185 praestari-

783 2203 918 2253 tiora
945 2200 1092 2252 bona
1136 2215 1558 2268 consequamur.
1605 2201 1671 2256 Et
1703 2214 1833 2256 tunc
1865 2205 1952 2256 illa
1986 2217 2198 2274 egestas
2244 2212 2335 2264 Dei

781 2306 916 2357 opus
949 2300 1066 2352 est,
1120 2307 1224 2343 non
1249 2292 1456 2358 praebet
1491 2303 1669 2346 autem
1699 2294 1961 2350 orationis
1991 2306 2084 2350 aut
2123 2301 2356 2366 suppli-.

781 2377 1031 2440 cationis,
1065 2378 1156 2431 sed
1199 2377 1612 2446 glorilicationis
1652 2389 1705 2434 et
1751 2383 2052 2450 gratiarum
2103 2389 2337 2441 actionis

783 2465 1092 2517 tnateriam.
1130 2464 1594 2529 Quemadmodum
1633 2469 1733 2523 Job
1772 2471 2028 2528 dicebat:
2077 2493 2096 2525 ι
2127 2476 2209 2530 Sit
2238 2493 2335 2530 no-

785 2570 907 2608 men
949 2554 1160 2608 Domini
1199 2557 1544 2612 benedictum
1584 2561 1633 2612 in
1669 2563 1921 2614 saeculum
1957 2567 2159 2618 szeculi.
2191 2586 2207 2618 ›
2250 2567 2339 2621 Vi-

784 2645 879 2696 des
911 2649 1054 2711 quod
1087 2647 1267 2698 omnia
1300 2662 1418 2714 qua:
1461 2664 1490 2702 a
1523 2649 1629 2704 Deo
1663 2651 1715 2703 in
1766 2669 1866 2707 nos
1897 2655 2336 2723 proficiscuntur,

788 2748 884 2786 nos
914 2736 978 2786 ad
1009 2735 1452 2801 glorilicationem
1485 2748 1536 2791 et
1585 2743 1880 2807 gratiarum
1923 2746 2186 2800 actionem
2227 2762 2338 2803 tan-

787 2835 896 2878 tum
925 2827 1225 2889 deducunt,
1256 2828 1560 2882 orationum
1589 2841 1768 2887 autem
1799 2843 1851 2886 et
1881 2838 2336 2903 supplicationum

788 2931 887 2969 nos
925 2931 1102 2969 causae
1137 2931 1346 2972 sumus.
1381 2917 1672 2988 Propterea
1704 2926 1947 2978 otnnium
1983 2927 2249 2982 bonorum
2287 2940 2340 2986 et

786 3006 1029 3072 corporis
1060 3006 1351 3070 etanimte,
1395 3008 1447 3060 in
1483 3011 1686 3065 nostris
1731 3012 1799 3065 ad
1834 3013 1998 3069 Deum
2035 3019 2342 3085 interpella-

2433 574 2566 624 ἀντί’
2587 575 2713 629 υἱῶν
2742 594 2965 646 πονηροι
2995 568 3170 631 δοῦλοι
3201 571 3548 649 γεγόναμεν’·
3586 583 3680 634 καὶ
3713 584 3798 634 διὰ
3839 583 4002 634 τοῦτο

2435 665 2464 714 (τ
2485 680 2511 725 ς
2545 668 2671 735 περὶ
2710 667 2989 736 ἀλλοτρίου
3024 670 3371 738 πρᾶγματος,
3409 672 3505 724 καὶ
3537 672 3689 724 οὺῗὲν
3721 674 3856 741 ἡμῖν
3889 673 4003 724 δια-

2432 756 2684 824 φέροντος
2714 758 3049 824 ἱκετεύομεν.
3071 759 3279 811 Οὐκοῦν
3303 761 3399 814 καὶ
3417 763 3625 830 ταύτης
3651 765 3808 830 ἡμεῖς
3838 765 4006 833 ἐεμςν

2432 844 2596 897 αἴτιοι
2629 845 2730 912 τῆς
2761 848 2967 910 ἱκεσίας
2997 852 3130 918 ἡμῖν
3164 852 3369 910 αὐτοῖς.
3405 854 3539 920 Περὶ
3575 853 3630 904 δὲ
3672 856 3779 905 τῶν
3814 872 4011 920 σιιομα⁸

2432 935 2597 987 τικῶν
2627 937 2845 1003 ἀγαθῶν
2893 942 2918 990 ὁ
2953 941 3155 1012 Κύριος
3202 943 3522 996 ὲκελὲυσεν·
3553 963 3572 995 ι
3611 947 3821 996 Αἰτεῖτε
3860 946 4012 1014 πρῶ-

2433 1042 2524 1076 τον
2554 1026 2652 1096 τὴν
2680 1029 2958 1096 βασιλείαν
2988 1031 3081 1083 τοῦ
3117 1031 3270 1094 Θεοῦ,
3304 1034 3394 1084 καὶ
3423 1035 3596 1086 ταῦτα
3627 1036 3804 1086 πάντα
3842 1052 4011 1101 προσ-

2432 1114 2718 1182 τεθήσεται
2757 1119 2916 1185 ὐμῖν,
2965 1140 2981 1170 ι
3025 1123 3154 1174 καί·
3204 1141 3222 1174 ι
3269 1124 3351 1190 Μὴ
3388 1126 3686 1191 μεριμνᾶτε
3735 1125 3866 1193 περὶ
3906 1129 4004 1192 τῆς

2431 1206 2654 1272 τροφῆς,
2683 1210 2774 1260 καὶ
2794 1210 3102 1278 ἐνδυμάτων
3127 1227 3140 1241 ’
3171 1213 3261 1264 καὶ
3284 1215 3310 1264 ὁ
3332 1216 3514 1283 Πατὴρ
3537 1215 3689 1282 ὑμῶν
3710 1217 3736 1265 ὁ
3757 1216 4014 1283 οὐράνιος

2435 1297 2613 1346 πᾶσαν
2637 1299 2934 1368 χορηγήσει
2962 1301 3059 1368 τὴν
3081 1303 3290 1372 χρείαν.
3315 1323 3332 1354 ι
3370 1303 3556 1372 Ἡμεῖς
3579 1305 3631 1355 δὲ
3666 1306 3888 1356 ἐπειδὰν
3916 1305 4028 1358 αὐο-

2436 1385 2540 1436 τῶν
2563 1387 2752 1450 ἐνδεῶς
2772 1390 2987 1459 ἔχομεν,
3007 1394 3040 1460 ἢ
3057 1393 3142 1446 διὰ
3161 1395 3431 1463 ῥᾳθυμίαν
3479 1397 3834 1448 κα¹ιάπιστίαν
3852 1397 4014 1449 τοῦτο

2437 1478 2740 1545 πάσχομεν,
2783 1482 2875 1531 καὶ
2899 1482 2960 1532 τδ
2994 1481 3066 1551 μὴ
3103 1484 3337 1552 τηρῆσαι
3373 1485 3471 1554 τὴν
3501 1485 3628 1550 περὶ
3658 1486 3838 1538 αὐτῶν
3869 1489 4016 1539 ἐντο-

2434 1564 2530 1628 λήν
2551 1581 2561 1592 ·
2588 1567 2680 1618 καὶ
2700 1567 2819 1619 τότε
2840 1570 2872 1638 ἡ
2897 1569 3072 1622 ἔνδεια
3094 1570 3251 1640 ἔργον
3274 1573 3561 1641 ἡμέτερον,
3589 1591 3660 1626 κα
3703 1576 3735 1642 ἡ
3757 1575 3803 1626 δι
3843 1576 4018 1645 αὐτὴν

2441 1656 2654 1709 ίκεσία’
2701 1659 2732 1726 ἢ
2782 1663 3012 1729 προνοίᾳ
3054 1663 3214 1726 Θεοῦ,
3256 1665 3349 1716 καὶ
3386 1664 3784 1735 φιλανθρωπίᾳ,
3821 1665 4014 1735 ὥσπερ

2435 1747 2462 1795 ὁ
2533 1747 2673 1812 Ἰὼϐ,
2724 1750 2808 1802 ἵνα
2874 1754 3137 1819 μειζόνων
3191 1753 3444 1823 τύχωμεν
3492 1757 3586 1808 καὶ
3639 1758 4012 1824 τιμιωτέρω-δ.

2441 1837 2549 1889 Καὶ
2581 1838 2700 1890 τότε
2745 1841 2776 1908 ἠ
2808 1840 2980 1895 ἔνδεια
3024 1843 3204 1912 ἐκείνη
3237 1845 3350 1896 ἐστὶ
3383 1845 3482 1912 μὲν
3522 1845 3614 1897 τοῦ
3657 1845 3792 1897 Θεοῦ
3828 1846 4014 1914 ἔργον,

2439 1928 2552 1978 ἔστι
2574 1929 2629 1980 δὲ
2657 1930 2716 1982 οὐ
2737 1929 2970 1999 δεήσεώς
2993 1949 3135 1995 τινος
3166 1935 3255 1986 καὶ
3281 1935 3507 1998 ίκεσίας,
3534 1937 3669 1989 ἀλλὰ
3693 1937 4012 2005 δοξολογίας

2437 2017 2659 2086 ἀφορμὴ
2716 2021 2810 2070 καὶ
2891 2023 3262 2089 εὐχαριστίας.
3307 2023 3517 2093 Ὠσπερ
3552 2028 3580 2078 ὁ
3619 2025 3741 2078 ’1ῶὸ
3789 2029 4010 2094 ἔλεγεν·

2446 2123 2462 2157 4
2502 2106 2598 2175 Εῖη
2627 2107 2686 2160 τὺ
2709 2109 2876 2177 ὄνομα
2911 2111 3116 2179 Κυρίου
3151 2102 3512 2181 εὐλογημένον
3537 2116 3643 2166 ἀπὸ
3665 2115 3760 2168 τοῦ
3793 2118 3893 2170 νῦν
3919 2119 4014 2170 καὶ

2439 2198 2516 2255 είς
2549 2197 2674 2257 τοὺς
2697 2197 2916 2259 αἰῶνας.
2955 2219 2974 2252 ι
3023 2199 3182 2270 Ὁρᾷς
3209 2203 3288 2254 ὅτι
3316 2206 3383 2256 τὰ
3415 2207 3563 2273 παρὰ
3585 2207 3678 2258 τοῦ
3705 2207 3847 2258 Θεοῦ
3880 2210 4014 2276 πρῶ

2436 2288 2585 2355 ἡμᾶς
2614 2289 2829 2341 ἅπαντα
2859 2293 2992 2357 πρὸς
3016 2293 3327 2362 δοξολογίαν
3356 2299 3447 2348 καὶ
3475 2297 3825 2366 εὐχαριστίαν
3859 2300 4013 2369 φέρει

2443 2377 2603 2442 μόνον
2723 2382 2832 2431 τῶν
2882 2383 2940 2434 δὲ
2992 2384 3203 2438 ίκεσιῶν
3241 2386 3445 2439 τούτων
3492 2391 3583 2441 καὶ
3620 2390 3728 2442 τῶν
3773 2391 4014 2459 δεήσεων

2439 2465 2598 2532 ἡμεῖς
2627 2466 2806 2518 αἴτιοι.
2835 2470 2930 2520 Διά
2956 2471 3112 2524 τοῦτο
3141 2474 3363 2527 πάντων
3391 2478 3498 2528 τῶν
3518 2479 3754 2544 ἀγαθῶν,
3786 2482 4011 2534 καὶτῶν

2443 2559 2771 2620 σωματικῶν
2793 2595 2805 2616 ,
2844 2561 2936 2608 καὶ
2985 2561 3105 2611 τῶν⁹
3125 2561 3222 2627 τῆς
3255 2563 3433 2633 ψυχῆς
3466 2568 3522 2618 ὲν
3552 2570 3670 2628 ταῖς
3701 2569 3838 2636 πρὸς
3881 2572 4010 2622 Θεὸν

2439 2642 2673 2709 ὁμιλίαις
2703 2648 3151 2713 μνημονεύοντες,
3176 2649 3262 2700 ἐπ’
3285 2652 3598 2725 εὐχαριστίᾳ
3627 2662 3846 2709 πάντων
3876 2678 4011 2728 μνη-

2443 2732 2758 2798 μονεύομεν,
2831 2736 2938 2787 εἴτε
2983 2737 3243 2806 πάρεστιν
3285 2744 3417 2812 ημῖν
3481 2747 3711 2808 ἃπαντα,
3764 2751 3874 2802 εἴτε
3912 2752 4006 2820 μή.

2453 2823 2685 2883 Ὶέὶκεῖνος
2719 2826 2824 2891 γὰρ
2858 2827 2999 2892 ἅπαξ
3028 2828 3224 2882 ἔδωκεν
3256 2831 3490 2898 ἅπαντα,
3520 2837 3610 2887 καὶ
3637 2838 3790 2889 οὐδὲν
3825 2842 4008 2910 ἀφῆκε

2441 2914 2570 2978 παρ’
2598 2915 2794 2982 ἑαυτῷ.
2825 2918 2927 2968 Καὶ
2953 2919 3108 2971 τοῦτο
3158 2922 3311 2984 εἰδὼς
3335 2927 3361 2976 ὁ
3384 2928 3650 2998 μακάριος
3701 2931 4011 2996 Απόστολος

2441 3004 2690 3055 ὲκέλευσε
2718 3004 2928 3058 πάντων
2953 3006 3111 3062 ἕνεκα
3134 3013 3496 3083 εὐχαριστεῖν,
3515 3021 3739 3088 γράφων
3761 3039 3772 3050 -
3808 3042 3825 3074 ι
3861 3024 4011 3077 Πάν-

787 3095 1025 3146 tionibus
1062 3096 1377 3149 memoriam
1419 3096 1699 3158 facientes,
1734 3117 1762 3154 a
1825 3106 2117 3172 gratiarum
2166 3111 2337 3164 actio-

2437 3111 2558 3145 τοτε
2591 3099 2840 3166 χαίρετε,
2874 3101 2930 3151 ὲν
2964 3102 3126 3153 παντὶ
3157 3103 3548 3172 εὐχαριστεῖτε.
3602 3128 3620 3159 ι
3663 3111 3868 3168 Τούτου
3906 3118 4008 3184 χάο

783 3197 904 3235 nem
949 3185 1190 3236 omnium
1222 3189 1798 3245 commemorationem
1844 3193 2094 3259 facimus,
2130 3199 2245 3252 sive
2278 3217 2341 3254 ea

783 3273 940 3326 nobis
967 3273 1148 3327 adsint
1177 3274 1292 3328 sive
1327 3291 1433 3329 non
1464 3278 1666 3332 adsint.
1709 3279 1801 3335 llle
1834 3284 1976 3336 enim
2002 3289 2168 3341 semel
2197 3289 2343 3343 dedit

780 3364 985 3426 omnia,
1037 3375 1090 3418 et
1128 3367 1270 3433 apud
1314 3381 1373 3420 se
1420 3369 1556 3422 nihil
1606 3371 1844 3438 reliquit.
1899 3373 1966 3427 Et
2010 3377 2113 3430 hoc
2161 3381 2341 3436 sciens

778 3453 971 3507 beatus
1006 3452 1208 3509 Paulus
1254 3455 1418 3524 jussit
1469 3474 1565 3526 pro
1611 3450 1865 3516 omnibus
1909 3466 2112 3533 gratias
2161 3483 2340 3537 agere,

781 3546 1074 3599 scribens:
1115 3563 1132 3597 t
1163 3546 1389 3615 Semper
1430 3549 1678 3617 gaudete,
1728 3552 1782 3604 in
1830 3556 2087 3611 omnibus
2137 3561 2340 3628 gratias

779 3635 940 3703 agite.
972 3655 988 3686 ι
1025 3634 1137 3691 Hac
1179 3639 1244 3692 de
1287 3653 1448 3691 causa
1495 3642 1943 3708 perfectissimam
1975 3656 2023 3698 et
2057 3651 2341 3705 exactissi-

779 3740 921 3776 mam
974 3734 1214 3780 nostram
1260 3743 1382 3782 cum
1440 3730 1550 3784 Deo
1601 3733 2338 3808 οοὶιοευιὶοιιειη,τιή-επονίί

779 3816 1180 3870 communionis
1230 3818 1676 3885 celebralionem,
1741 3824 1795 3876 in
1858 3840 1964 3892 quo
2010 3831 2336 3886 mentionem

779 3904 1028 3968 lacimus,
1065 3921 1173 3959 non
1207 3907 1370 3972 hujus
1397 3910 1480 3963 vel
1516 3911 1664 3965 illius
1698 3915 1905 3982 gratim,
1940 3918 2031 3972 sed
2069 3922 2335 3987 omnium,

727 3988 734 3992 ’
779 4005 834 4046 ut
876 3995 1041 4047 semel
1087 3996 1287 4061 dicam,
1322 3998 1413 4051 Dei
1451 3999 1737 4063 bonorum,
1779 4011 1832 4056 et
1871 4020 1991 4072 quze
2021 4018 2143 4062 actu
2181 4012 2337 4066 nobis

775 4091 902 4137 sunt
936 4094 988 4138 et
1016 4084 1202 4139 futura
1232 4096 1382 4153 sunt,
1418 4087 1842 4157 Eucharistiam,
1877 4093 1979 4148 hoc
2004 4104 2106 4162 est,
2139 4100 2339 4166 gratia-

775 4189 897 4228 rum
945 4175 1238 4239 actionem,
1284 4178 1567 4234 nominare
1595 4190 1713 4235 erat
1745 4196 2195 4252 consentaneum,
2221 4205 2332 4245 non

775 4278 837 4315 ex
876 4262 942 4316 iis
978 4279 1097 4330 qua:
1130 4265 1184 4316 in
1215 4265 1431 4320 miseria
1466 4280 1748 4324 versantes
1786 4281 1839 4324 et
1887 4287 2004 4326 eam
2039 4275 2332 4343 imploran-

776 4362 854 4405 tes
889 4367 1168 4422 rogamus,
1213 4356 1307 4409 scd
1346 4371 1412 4410 ex
1463 4358 1530 4412 iis
1573 4373 1694 4426 quae
1738 4358 1879 4416 Deus
1911 4362 1962 4414 in
2002 4378 2100 4415 nos
2122 4366 2333 4420 confert

773 4444 1084 4510 beneﬁciis;
1134 4460 1232 4499 nec
1283 4461 1348 4499 ex
1380 4457 1566 4501 nostra
1597 4459 1934 4518 paupertate,
1976 4454 2066 4506 sed
2101 4470 2164 4508 ex
2194 4458 2330 4510 divi-
2363 4430 2408 4484 θ

774 4533 868 4584 tiis
909 4534 1054 4587 illius
1100 4535 1471 4600 benignitatis.
1501 4537 1638 4604 Quia
1679 4541 1821 4594 enim
1871 4541 1922 4596 in
1963 4559 2025 4597 ea
2059 4545 2168 4600 Deo
2196 4564 2330 4618 sup-

773 4624 1060 4690 plicamus,
1087 4635 1140 4678 et
1162 4627 1365 4694 gratias
1388 4630 1632 4698 agimus:
1661 4631 1751 4684 sed
1777 4634 2076 4702 gratiarum
2111 4639 2329 4706 quidem

774 4714 915 4766 actio
969 4714 1060 4767 Dei
1091 4731 1226 4784 opus
1249 4727 1352 4782 est,
1387 4727 1445 4770 ut
1478 4719 1682 4773 dictum
1706 4734 1819 4786 est;
1852 4725 2175 4792 supplicatio
2205 4743 2332 4782 vero

775 4801 1032 4855 humana:
1062 4803 1452 4861 imbecillitatis
1477 4825 1491 4860 :
1528 4821 1579 4863 et
1603 4810 1900 4879 gratiarum
1925 4813 2142 4892 quidem
2167 4819 2329 4883 actio,

776 4902 996 4959 propter
1035 4893 1221 4962 plura;
1272 4897 1599 4966 supplicatio
1640 4916 1791 4965 vero,
1820 4918 1917 4971 pro
1954 4906 2322 4972 paucioribus.

775 4983 867 5035 Illa
910 4984 1054 5036 enim
1087 4995 1307 5054 propter
1348 4989 1553 5054 munia,
1602 4999 1659 5044 ttt
1702 4992 1868 5045 semel
1909 4993 2110 5059 dicam,
2143 4997 2326 5052 bona:

776 5071 888 5124 haec
933 5087 1082 5135 vero,
1137 5072 1190 5123 in
1245 5075 1550 5140 nonnullis;
1608 5086 1887 5145 propterea
1938 5083 2219 5148 oportebat
2260 5101 2328 5140 ex

776 5161 1092 5214 melioribus
1120 5171 1176 5216 et
1210 5163 1456 5230 pluribus
1483 5167 1530 5220 ei
1565 5169 1783 5221 nomine
1828 5170 2106 5239 imposito,
2137 5179 2324 5243 appel—

777 5250 886 5301 lare
943 5251 1338 5308 Eucltaristiam
1375 5254 1467 5324 (ita
1525 5258 1871 5319 enitnetiam
1917 5261 2089 5315 homo.
2127 5264 2325 5318 dicitur

771 5338 974 5389 animal
1023 5340 1233 5394 ratione
1277 5343 1586 5410 praatlitum,
1619 5345 1744 5398 licet
1771 5347 1841 5400 sit
1880 5349 2112 5418 alicuius
2155 5355 2324 5420 parti-

772 5444 902 5496 ceps
933 5430 1078 5496 quod
1115 5442 1264 5485 caret
1293 5434 1524 5500 ratione,
1551 5446 1610 5491 ut
1635 5439 1728 5506 qui
1760 5456 1788 5493 a
1816 5442 2028 5494 meliori
2063 5453 2114 5495 et
2182 5447 2370 5514 majori
2449 5461 2598 5516 parte
2648 5430 2919 5525 vocetur).

775 5523 1034 5585 ostendit,
1069 5522 1332 5579 Dominus
1366 5536 1552 5583 noster
1580 5529 1740 5586 Jesus
1765 5531 2038 5598 Christus,
2071 5551 2177 5587 non
2211 5540 2548 5607 supplicans,
2583 5547 2675 5597 sed
2715 5549 2888 5601 solum

777 5614 915 5666 rium
941 5616 1219 5684 peregitct
1246 5618 1501 5673 tradidit:
1529 5632 1580 5679 et
1604 5639 1666 5678 ca
1699 5626 1766 5680 dc
1790 5640 1979 5693 causa,
2014 5627 2158 5696 quod
2194 5630 2324 5683 illutl
2367 5647 2486 5688 esse
2535 5638 2767 5706 accepit,
2815 5641 2914 5696 hoc
2952 5656 3132 5709 vocat,

777 5704 843 5759 Et
876 5705 988 5760 haec
1016 5709 1232 5778 quidem
1268 5711 1555 5770 hactenus.

2445 3205 2527 3254 ριν
2556 3191 2652 3259 τὴν
2677 3195 3031 3266 τελειωτάτην
3054 3198 3142 3249 καὶ
3164 3199 3562 3270 ἀκριϐεστάτην
3592 3205 3724 3272 πρδς
3749 3205 3884 3258 Θεὸν
3907 3207 4009 3277 τὴν

2442 3280 2693 3345 ὁμιλίαν,
2743 3284 2839 3353 τὴν
2903 3287 3003 3354 τῆς
3056 3291 3336 3352 κοινωνίας
3383 3291 3623 3362 τελετὴν,
3674 3297 3733 3347 ὲν
3779 3289 3812 3367 ᾗ
3873 3314 4011 3368 μνη-

2447 3370 2788 3438 μονεύομεν,
2843 3377 2902 3427 οὐ
2961 3378 3202 3448 ταύτης,
3259 3386 3290 3448 ἢ
3341 3383 3558 3448 ἐκείνης
3602 3385 3696 3451 τῆς
3742 3389 4007 3457 χάριτος,

2447 3457 2582 3510 ἀλλὰ
2627 3461 2846 3515 πάντων
2905 3466 3088 3530 ἁπλῶς
3145 3469 3251 3520 τῶν
3305 3474 3367 3522 ἐκ
3423 3472 3557 3524 Θεοῦ
3612 3474 3855 3542 ἀγαθῶν,
3915 3482 4010 3533 καὶ

2441 3547 2611 3599 ὄντων
2654 3552 2786 3620 ἡμῖν
2840 3556 3090 3625 ἐνεργείᾴ
3142 3560 3234 3611 καὶ
3289 3562 3584 3626 ἐσομένων,
3643 3565 4008 3634 Εὐχαριστίαν

2441 3640 2726 3706 ὀνομάζειν
2778 3645 2922 3706 είκὸς
2977 3642 3065 3712 ἦν,
3101 3649 3198 3700 οὐκ
3259 3649 3317 3712 ἐξ
3369 3644 3443 3702 ὧν
3491 3653 3646 3720 ἡμεῖς
3685 3655 4009 3726 δυστυχοῦν-

2439 3744 2527 3790 τες
2573 3730 2821 3798 δεόμεθα,
2873 3736 3163 3799 καλοῦντες
3203 3741 3390 3811 αὐτὴν,
3444 3740 3560 3794 ἀλλ’
3619 3748 3676 3812 ἐξ
3730 3742 3803 3800 ὧν
3857 3752 4007 3818 ἡμᾶς

2438 3818 2463 3905 t‘.
2515 3818 2642 3881 Θεὸς
2680 3823 2980 3890 εὐεργετεῖ,
3030 3828 3140 3880 οὐδ’
3169 3832 3276 3884 ἀπὸ
3319 3834 3416 3901 τῆς
3482 3840 3751 3910 ἡμετέρας
3792 3845 4006 3909 πενίας,

2437 3909 2550 3959 ἀλλ’
2601 3911 2708 3962 ἀπὸ
2777 3915 2870 3966 τοῦ
2925 3918 3154 3971 πλούτοιο
3204 3924 3301 3991 τῆς
3351 3927 3557 3980 ἐκείνου
3610 3935 3998 4002 χρηστότητος.

2449 3997 2599 4049 Ἐπεὶ
2631 4001 2738 4069 γὰρ
2769 4005 2858 4054 καὶ
2887 4005 3200 4077 ἱκετεύομεν
3227 4014 3284 4064 ἐν
3315 4016 3448 4085 αὐτῇ
3481 4019 3568 4071 τὸν
3599 3997 3751 4087 Θεὸν,
3788 3997 3882 4077 καί
3909 4027 4004 4078 εὐ-

2437 4092 2826 4158 χαριστοῦμεν,
2865 4096 2981 4148 ἀλλ’
3009 4101 3042 4168 η
3074 4100 3173 4167 μὲν
3201 4104 3521 4173 εὐχαριστία
3545 4110 3680 4162 Θεοῦ
3710 4113 3892 4181 ἔργον,
3926 4117 4003 4179 ὡς

2434 4177 2683 4248 εἴρηται·
2704 4185 2738 4252 ἡ
2759 4186 2815 4236 δὲ
2844 4187 3021 4242 ίκεσία
3050 4193 3148 4261 τῆς
3180 4194 3525 4267 ἀνθρωπίνης
3557 4177 4001 4265 ἀσθενείας-Καί

2435 4269 2466 4336 ή
2516 4271 2613 4337 μὲν
2647 4274 2968 4346 εὐχαριστία
3001 4282 3092 4334 ἐπὶ
3140 4285 3469 4358 πλείοσιν,ή
3522 4291 3578 4344 δὲ
3627 4293 3805 4348 ίκεσία
3861 4299 4002 4368 ὑπὲρ

2435 4362 2732 4416 ἐλαττόνων
2755 4382 2769 4397 ο
2806 4370 2837 4437 ἡ
2877 4369 2976 4436 μὲν
3013 4373 3119 4442 γὰρ
3155 4375 3244 4427 ἐπὶ
3277 4381 3439 4430 πᾶσιν
3468 4383 3651 4446 ἁπλῶς
3683 4386 3932 4454 ἀγαθοῖς,

2432 4453 2489 4503 δὲ
2537 4454 2623 4506 ἐπ’
2675 4455 2831 4509 ἐνίων
2867 4474 2880 4487 ·
2919 4460 3007 4512 διὰ
3042 4462 3195 4516 τοῦτο
3239 4466 3345 4519 ἀπὸ
3386 4469 3496 4522 τῶν
3545 4477 3870 4541 κρειττόνων
3907 4483 4002 4532 καὶ

2436 4545 2699 4598 πλειόνων
2745 4548 2849 4601 ἔδει
2890 4550 3128 4621 τοῦνομα
3176 4557 3308 4626 αὐτῇ
3352 4559 3608 4628 θεμένους
3646 4567 4000 4634 εὐχαριστίαν

2433 4637 2722 4707 ὀνομάζειν
2775 4640 2940 4708 (οὓτω
2971 4645 3078 4718 γὰρ
3123 4649 3219 4700 καὶ
3253 4650 3280 4701 ὁ
3309 4650 3590 4720 ἅνθρωπος
3621 4654 3836 4723 λογικὸν
3862 4660 4000 4723 ζῶον

2434 4727 2669 4793 λέγεται,
2708 4731 2800 4782 καί
2829 4749 2910 4783 τοι
2942 4734 3040 4790 καὶ
3068 4736 3266 4802 ἀλόγου
3300 4741 3441 4802 τινὲς
3477 4745 3736 4814 μετέχων,
3768 4751 3878 4802 ἀπὸ
3903 4753 3998 4805 τοῦ

2437 4818 2745 4886 κρείττονος
2782 4822 2879 4874 καὶ
2911 4823 3154 4891 μείζονος
3186 4829 3383 4899 μέρους
3414 4833 3786 4904 καλούμενος),
3821 4838 3999 4903 ἄλλως

2435 4909 2480 4957 0‘
2514 4908 2596 4960 ὅτι
2637 4910 2664 4961 ὁ
2709 4911 2926 4979 πρῶτος
2957 4916 3126 4986 αὐτὴν
3159 4921 3498 4988 καταδείξας,
3539 4926 3567 4977 ὁ
3599 4927 3801 4997 Κύριος
3838 4931 3998 5000 ἡμῶν

2433 4995 2640 5064 Ἰησοῦς
2653 4999 2907 5068 Χριστὸς,
2924 5004 3022 5072 οὐχ
3039 5007 3313 5071 ἱκετεύων,
3327 5010 3462 5063 ὀλλά
3479 5014 3640 5081 μόνον
3654 4995 3997 5088 εὐχαριστῶν

2433 5085 2510 5155 τῷ
2546 5087 2754 5156 Πατρὶ,
2790 5099 2992 5176 ταύτην
3023 5096 3236 5149 ἐτέλεσε
3279 5100 3372 5152 καὶ
3405 5104 3683 5172 παρέδωκε
3845 5110 3998 5164 τελε-

2434 5180 2672 5244 τήνοκαὶ
2698 5183 2887 5236 τούτου
2917 5169 3073 5254 χάριν
3105 5189 3135 5258 ἡ
3174 5169 3635 5266 Ἐκκλησίαξὸπερ
3666 5169 3832 5266 οὖσαν
3859 5220 3997 5274 παρ-

2433 5269 2618 5322 έλαϐεν
2640 5272 2826 5342 αὐτὴν,
2854 5276 3011 5328 τοῦτο
3041 5281 3215 5344 καλεῖ,
3247 5281 3595 5353 εὐχαριστίαν
3623 5288 3989 5357 ὁνομάζουσα.
4028 5323 4034 5330 ~

2435 5361 2542 5412 Καὶ
2572 5362 2740 5414 ταῦτα
2777 5364 2876 5432 μὲν
2909 5368 2986 5429 εἰς
3015 5369 3290 5425 τοσοῦτον.

2964 5470 3017 5512 ct
3073 5462 3308 5517 maxime
3356 5467 3479 5532 quia
3532 5473 3738 5536 primus
3793 5479 3885 5542 qui
3935 5476 3987 5529 id

2925 5549 3071 5605 Patri
3104 5570 3271 5622 agens
3337 5560 3560 5625 gratias,
3626 5564 3730 5619 hoc
3794 5576 3990 5638 myste-

3206 5648 3599 5706 Eucharistiam
3676 5660 3992 5719 noluimus.
