4150 6312
743 378 846 441 tet
1965 374 2281 435 NICOLAI
2332 372 2723 440 causam
3861 372 3980 439 ιω
4088 351 4089 368 ‘

744 505 845 546 nor
868 499 923 544 et
968 485 1216 543 adoratio
1246 521 1266 552 ,
1298 484 1390 556 qui
1420 493 1504 542 est
1555 500 1678 541 cum
1707 483 1866 539 Patre
1887 483 2006 555 ejus
2037 484 2305 555 principio
2334 493 2378 547 Α

2335 493 2378 547 Α
2408 483 2503 536 καὶ
2557 482 2636 552 τῷ
2683 481 2936 551 παναγτῳ
2982 481 3074 533 καὶ
3124 479 3318 548 ἀγαθῷ
3373 481 3467 533 καὶ
3501 479 3754 548 ζωοποιῷ
3801 481 3974 534 αὐτοῦ

743 585 1088 646 carente,et
1137 576 1485 633 sanctissimo
1546 585 1602 632 et
1643 576 1786 631 bono
1837 583 1892 630 et
1921 575 2133 630 viviﬁeo
2182 576 2302 642 ejus

2409 578 2706 646 [πνεύματι.
2735 575 2830 628 νῦν
2858 575 2953 629 καὶ
2973 575 3061 630 ast
3089 573 3188 630 καὶ
3207 575 3294 638 sl;
3321 575 3445 639 τοὺς
3470 574 3672 637 αἰῶνας
3695 572 3807 628 τῶν
3831 573 3973 629 ...ἱώ-

745 670 951 740 Spiritu
991 709 1008 736 ,
1040 683 1184 724 nunc
1208 676 1263 723 et
1308 682 1521 738 semper
1553 709 1569 734 ,
1612 679 1667 723 et
1731 667 1784 721 in
1837 666 2032 722 saecula
2071 667 2301 723 saculo-

1128 683 1184 724 ne
1208 676 1263 723 et
1308 682 1521 738 semper
1553 709 1569 734 ,
1612 679 1667 723 et
1731 667 1784 721 in
1837 666 2032 722 saecula
2071 667 2301 723 saculo-
2405 685 2530 722 νων.
2575 667 2767 738 Ἀμήν.

744 777 887 818 rum.
925 761 1116 816 Amen.

749 963 1084 977 —-—-._—-

1665 1099 3020 1274 ΝΙΚΟΛΑΟΥ

1775 1380 2075 1497 ΤΟΥ
2148 1377 2921 1497 ΚΑΒΑΣΙΛΑ

1163 1619 1554 1746 ΠΕΡΙ
1655 1619 1993 1747 ΤΗΣ
2098 1618 2302 1743 EN
2405 1601 3019 1748 ΧΡΙΣΤΩ
3129 1617 3575 1746 ΖΩΗΣ

2011 1850 2352 1936 ΛΟΓΟΙ
2387 1852 2715 1940 ΕΠΤΑ.

1431 2230 2200 2391 NICOLAI
2319 2227 3287 2384 CABASILIE

1583 2541 1766 2654 DE
1843 2541 2199 2658 VITA
2289 2542 2428 2654 ΙΝ
2521 2538 3147 2655 CHRISTO

1927 2786 2245 2874 '.lBRI
2318 2785 2770 2874 SEPTEM

907 3145 1013 3206 Ea:
1043 3138 1268 3205 Jacobi
1294 3137 1568 3202 Pontani
1593 3135 1926 3201 Societatis
1957 3139 2106 3198 Jcsu
2163 3135 2540 3211 Prw/aliane
2586 3131 2668 3193 ad
2692 3131 3026 3206 Lectorcm,
3073 3129 3141 3192 in
3194 3128 3479 3209 Philippi
3522 3129 3818 3192 Solitos-ii

2123 3238 2452 3315 Dioptram
2493 3236 2601 3316 (a).

828 3407 1267 3464 Exstabatetiam
1302 3405 1354 3458 in
1396 3401 1731 3458 Bibliotheca
1785 3400 2042 3455 Bavarica
2073 3397 2277 3454 Nicolai
2305 3398 2467 3454 Cahas

2331 3398 2562 3453 Iabasilat
2596 3398 2731 3468 Περὶ
2755 3397 2851 3466 τῆς
2879 3399 2935 3450 ἑν
2973 3397 3191 3468 Χριστῷ
3222 3397 3386 3467 ζωῆς,
3411 3396 3488 3451 De
3508 3397 3616 3451 vita
3654 3400 3710 3451 in
3733 3397 3970 3463 Christo,

771 3495 1094 3570 opusculum
1126 3509 1259 3549 sane
1282 3492 1500 3548 doctum
1535 3506 1598 3546 ac
1621 3491 1790 3560 pium,
1818 3497 1872 3544 et
1901 3490 1965 3543 ad
1992 3489 2206 3543 animos
2239 3488 2332 3542 Dei
2361 3501 2545 3540 amore
2576 3484 2991 3540 inﬂammandos
3017 3484 3152 3540 mire
3207 3484 3540 3554 appositum,
3561 3486 3706 3554 quod
3732 3487 3973 3556 Diopm:

757 3585 1057 3655 adiungere
1099 3588 1326 3651 propter
1363 3592 1542 3632 rerum
1587 3576 2023 3632 convenientiam
2071 3576 2292 3644 placuit,
2338 3588 2729 3644 speramusth
2781 3577 2899 3643 pari
2936 3575 3115 3629 fructu
3169 3575 3451 3630 evolutum
3505 3575 3593 3630 iri.
3635 3574 3971 3633 Volebamus

756 3667 1168 3730 inscriptionem
1212 3666 1284 3718 ita
1317 3664 1560 3728 reddere,
1607 3662 1680 3716 De
1718 3664 1826 3716 vita
1855 3661 2179 3717 Christiana.
2214 3661 2318 3714 Sed
2353 3676 2477 3714 eum
2513 3661 2602 3715 ille
2636 3677 2742 3714 non
2784 3670 2893 3714 tam
2928 3662 3090 3716 vitam
3118 3661 3485 3717 Christianam
3525 3665 3812 3733 praeceptis
3856 3666 3972 3721 lor.

754 3769 865 3810 inet
891 3795 906 3820 ,
937 3768 1101 3823 quam
1142 3750 1600 3821 quemadmodum
1637 3749 1724 3802 illa
1751 3765 1872 3802 cum
1905 3748 2125 3803 Christo
2157 3749 2209 3808 in
2250 3747 2361 3802 Deo
2393 3749 2714 3803 abscondita
2741 3750 2834 3812 sit,
2867 3751 3139 3813 ostendat,
3179 3748 3339 3818 idque
3378 3750 3543 3803 trium
3585 3763 3970 3805 sacramento-

754 3862 874 3899 ruvn
938 3844 988 3896 vi
1038 3851 1092 3897 et
1142 3841 1346 3896 virtute
1377 3840 1747 3911 potissimum,
1793 3840 2074 3910 Baptismi,
2106 3837 2389 3893 Unctionis
2441 3840 2557 3891 sive
2589 3837 3050 3892 Conﬁrmationis.
3103 3847 3158 3891 et
3201 3837 3580 3902 Eucharistiat,
3636 3839 3824 3894 verius
3867 3840 3968 3893 luit

752 3930 1096 4000 simpliciter,
1131 3927 1206 3980 De
1235 3926 1340 3981 vita
1385 3928 1441 3980 in
1474 3925 1701 3991 Christo,
1743 3925 2062 3991 inscribere,
2095 3925 2392 3980 secundum
2427 3923 2589 3976 verba
2616 3921 2801 3978 Greca
2833 3924 3066 3978 scilicet.
3098 3922 3221 3977 Fuit
3258 3923 3540 3979 Cabasilas
3585 3926 3671 3978 vir
3704 3924 3960 3985 illustris.

752 4018 905 4086 cujus
940 4011 1243 4069 honorifica
1291 4013 1498 4066 mentio
1532 4027 1588 4066 in
1636 4012 1865 4066 historia
1916 4010 2142 4067 Joannis
2175 4009 2534 4065 Cantacuseni
2584 4021 2792 4074 nostra,
2830 4011 2924 4064 lib.
2967 4025 3057 4076 ιιι,
3096 4025 3217 4079 cap.
3267 4009 3334 4064 73
3379 4019 3435 4065 et
3483 4011 3572 4077 99,
3616 4011 3709 4066 ubi
3769 4010 3964 4068 Sacelli

748 4113 971 4159 curator
1004 4103 1122 4155 sive
1159 4097 1460 4154 Praefectus
1515 4101 1848 4163 nominatur,
1882 4099 1974 4168 qui
2024 4114 2052 4152 a
2102 4098 2425 4167 Curopalata
2480 4104 2620 4158 libro
2655 4104 2729 4156 De
2774 4102 3094 4172 ofﬁcialibus
3148 4102 3338 4172 palatii
3383 4101 3965 4172 Constantinopolitani

745 4202 795 4251 et
827 4189 1020 4258 officiis
1041 4188 1246 4256 Magnae
1273 4185 1519 4241 Ecclesia:
1539 4187 1617 4240 sic
1647 4186 1974 4240 describitur
1996 4205 2009 4240 :
2031 4187 2079 4256 (ὁ
2115 4187 2384 4242 σακελλίοι

2326 4187 2418 4254 [ου.
2453 4191 2679 4246 subaudi
2705 4191 2910 4262 ἄρχων)
2937 4193 3152 4261 κρατῶν
3169 4193 3266 4255 τὰς
3295 4189 3591 4255 καθολικὰς
3617 4191 3965 4263 Ἐκκλησιας,

751 4277 924 4331 καὶτὸ
949 4274 1252 4338 σακιλλιον,
1282 4275 1433 4342 cujus
1478 4283 1556 4327 est
1587 4281 1815 4343 potestas
1841 4275 1892 4326 in
1927 4271 2192 4326 Ecclesias
2225 4271 2546 4343 Calholicas,
2577 4288 2625 4335 et
2649 4295 2727 4331 res
2752 4280 3089 4341 sacellorum,
3113 4278 3162 4333 id
3189 4289 3291 4340 est.
3324 4294 3505 4334 rerum
3527 4279 3592 4333 ad
3615 4294 3804 4336 sacras
3825 4282 3966 4334 aedes

743 4373 801 4419 ct
851 4363 1049 4417 sacella
1100 4362 1455 4432 pertinentes.
1493 4361 1747 4429 Ejusdem
1796 4361 1973 4414 oratio
2005 4360 2060 4413 in
2115 4359 2464 4421 fmneratores
2510 4368 2562 4420 in
2601 4367 2790 4421 eodem
2847 4367 3031 4422 codice
3077 4367 3340 4422 Bavarico
3389 4368 3740 4437 sequebatur,
3797 4370 3968 4422 multo

742 4453 1089 4508 emendatior
1114 4451 1362 4522 profecto
1389 4463 1441 4506 et
1477 4453 1707 4520 longior,
1737 4467 1902 4521 quam
1937 4453 2195 4522 Augustae
2221 4454 2597 4521 superioribus
2637 4458 2797 4508 annis
2847 4468 2929 4509 esu.
2981 4454 3147 4508 edita.
3179 4454 3350 4519 Quam
3381 4453 3430 4508 si
3466 4455 3695 4524 legerint
3740 4455 3831 4509 isti
3867 4459 3964 4523 qui

740 4543 1063 4609 fmnerando
1104 4543 1350 4599 homines
1379 4543 1633 4599 occidunt
1659 4543 1762 4612 (sic
1789 4543 1934 4597 enim
1965 4543 2102 4598 Cato
2130 4542 2454 4606 Censorius,
2489 4543 2856 4610 interrogatus
2888 4541 3017 4610 quid
3053 4551 3200 4596 esset
3246 4539 3527 4606 lmnerari,
3575 4539 3729 4604 Quod
3786 4543 3963 4596 homi-

737 4647 893 4698 nem,
925 4631 1126 4700 inquit,
1159 4629 1453 4700 occidere),
1490 4631 1622 4700 quid
1643 4630 1878 4700 amplius
1901 4631 2126 4686 nefariae
2147 4630 2482 4702 improbitati
2522 4643 2634 4685 sua:
2665 4639 2983 4700 praetexam,
3029 4646 3137 4688 non
3177 4630 3478 4688 habebunt.
3504 4629 3767 4686 Occurrit
3796 4635 3964 4695 enim,

739 4728 796 4774 et
831 4718 1078 4774 conlutat
1113 4717 1326 4773 illorum
1363 4717 1606 4774 rationes
1639 4718 1934 4774 universas.

811 4898 884 4961 la)
912 4899 1033 4948 Vide
1068 4902 1165 4947 tom
1199 4897 1423 4951 CXXVII.
