4150 6312
195 418 227 479 ἰ
250 419 300 478 l'!

1269 423 1364 475 DE
1398 418 1568 476 νιίἈ
1617 414 2076 477 ΙΝΛΛΗΗΞΤΟ
2121 414 2264 474 LIB.
2315 416 2359 475 l.

3347 408 3450 465 4%

201 526 616 591 ἐπαγγέλληται
641 527 749 588 τοῖς
787 527 956 592 ἁγίοις
987 543 1000 558 ·
1037 545 1054 576 ι
1095 527 1225 579 Ἰδοὺ
1262 529 1390 597 γάρ,
1451 530 1634 596 φησὶν,
1665 527 1774 594 ἐγὼ

1903 528 2062 579 ιηιηίτι
2096 543 2246 587 vero,
2281 539 2402 576 cum
2431 524 2542 590 ipsa
2573 519 2774 572 sanctis
2813 531 3028 585 semper
3062 513 3300 566 aﬂ'utura
3327 527 3452 581 pro-

203 615 326 682 μεθ’
365 617 522 684 ὑμῶν
548 618 664 687 εἰμι
703 619 882 679 πάσας
912 619 1008 679 τὰς
1040 620 1249 688 ἡμέρας
1299 621 1399 682 ἕως
1446 622 1545 686 τῆς
1596 638 1780 673 συντε-

201 706 355 767 λείας
388 708 482 758 τοῦ
516 707 730 770 αίῶνοςο
773 727 790 760 ι
826 709 878 760 τί
908 711 1185 779 προσῆκεν
1239 712 1365 764 ἄλλο
1420 711 1770 778 λογίζεσθαι;

206 799 285 850 Οὐ
317 800 427 868 γὰρ
454 801 521 852 τὰ
551 801 840 867 σπέρματα
870 803 967 870 τῆς
992 803 1136 870 ζωῆς
1173 804 1239 872 τῇ
1263 806 1334 872 γῇ
1364 804 1661 872 παρασχὼν
1686 805 1778 856 καὶ

203 891 266 942 τδ
292 891 408 961 πῦρ
441 893 534 943 καὶ
563 892 660 960 τὴν
697 895 971 963 μάχαιραν
1000 895 1177 962 βαλὼν
1230 896 1468 963 ἀπῆλθεν
1512 896 1692 959 εὐθὺς,
1721 902 1779 950 τὸ

207 983 377 1049 φῦσαι
407 983 503 1034 καὶ
535 983 729 1053 θρέψαι
761 987 850 1036 καὶ
882 985 1086 1054 ἀνάψαι
1120 987 1212 1038 καὶ
1253 988 1559 1057 χρήσασθαι
1614 1007 1779 1041 κατα-

204 1074 380 1126 λιπὼν
412 1078 524 1139 τοῖς
556 1076 886 1147 ἀνθρώποις,
917 1077 1032 1131 ἀλλ’
1060 1079 1221 1141 αὐτὸς
1255 1080 1512 1150 πάρεστιν
1564 1083 1780 1151 ἀληθῶς

213 1184 230 1215 ι
260 1167 508 1236 ἐνεργῶν
537 1169 594 1220 ὲν
627 1169 758 1236 ἡμῖν
796 1172 856 1220 τὸ
903 1170 1077 1222 θέλειν
1124 1173 1214 1223 καὶ
1265 1175 1325 1224 τὸ
1375 1174 1642 1243 ἐνεργεῖν,
1695 1193 1712 1226 ›
1756 1178 1783 1228 ὁ

215 1260 490 1326 μακάριος
532 1257 638 1326 ἔφη
672 1258 902 1323 Παῦλος,
952 1267 1045 1312 καὶ
1085 1261 1143 1312 τὸ
1185 1261 1294 1329 πῦρ
1335 1264 1494 1325 αὐτὸς
1555 1266 1781 1321 ἀνάπτει

207 1349 301 1401 καὶ
338 1352 626 1418 προσάγει,
661 1351 755 1403 καὶ
785 1353 884 1420 τὴν
930 1353 1203 1421 μάχαιραν
1226 1357 1384 1419 αὐτός
1417 1358 1566 1410 ἐστιν
1601 1361 1627 1410 ὁ
1659 1377 1784 1412 κατ-

207 1440 366 1507 έχων.
401 1442 511 1493 Καὶ
534 1441 692 1504 ὅλως.
724 1461 742 1493 ι
765 1442 888 1495 οῦτε
914 1444 1066 1514 ἀξίνη
1090 1445 1474 1517 δοξασθήσεται
1517 1451 1644 1504 ἄνευ
1689 1451 1783 1504 τοῦ

207 1532 461 1600 αἴροντος
489 1533 677 1600 αὐτὴν,
709 1552 727 1584 ι
769 1535 863 1586 καὶ
885 1529 966 1595 οἷς
995 1539 1055 1587 οὐ
1089 1538 1353 1606 πάρεστιν
1386 1541 1412 1590 ὁ
1443 1536 1664 1606 ἀγαθὸς,
1695 1542 1786 1606 γέ-

209 1622 341 1673 νοιτ’
402 1622 470 1675 ἂν
516 1627 664 1678 οὐδὲν
726 1626 947 1691 ἀγαθόν.
1017 1629 1206 1680 Καίτοι
1247 1631 1308 1681 ού
1368 1633 1620 1700 παρεῖναι
1674 1635 1783 1693 τοῖς

210 1711 391 1777 ἁγίεις
429 1715 456 1764 ὁ
487 1714 686 1783 Κύριος
701 1716 1077 1785 ’ἐπηγγείλατο
1108 1719 1288 1787 μόνον,
1318 1720 1454 1772 ἀλλὰ
1483 1721 1579 1773 καὶ
1602 1723 1787 1790 μένειν

1884 621 2145 674 mittitur:
2174 618 2365 675 «Ecce.
2392 614 2588 682 inquit,
2610 627 2706 680 ego
2739 610 3014 661 vobiscum
3045 621 3162 660 sum
3197 605 3453 658 omnibus

1882 714 2093 775 diebus,
2132 725 2302 778 usque
2324 710 2387 760 ad
2429 703 2957 760 consummationem
2981 699 3166 753 saeculi
3190 700 3244 761 ’ς
3275 715 3292 748 ι
3321 697 3450 765 quid

1881 804 2025 860 aliud
2049 843 2063 864 .
2102 803 2203 855 nisi
2241 802 2344 855 hoc
2375 799 2553 866 ipsum
2577 810 2674 847 nos
2697 793 2943 862 cogitare
2972 801 3024 843 et
3047 789 3302 856 colligere
3326 802 3457 839 con-

1881 879 2240 952 venit?‘l‘laud
2268 891 2412 946 enim
2448 903 2572 940 cum
2603 885 2805 938 semina
2835 885 2958 936 vitae
2984 896 3079 949 per
3103 890 3274 933 terras
3301 894 3456 947 spar-

1883 989 2064 1050 sisset,
2120 988 2408 1055 ignemque
2439 988 2490 1033 et
2524 976 2758 1047 gladium
2794 974 3052 1036 misisset,
3090 972 3276 1026 statim
3317 970 3452 1023 abs-

1885 1078 2070 1138 ccss‘t,
2127 1071 2551 1138 hominibusque
2599 1068 2871 1120 seminum
2907 1063 2972 1116 ad
3007 1062 3216 1128 frugem
3255 1061 3457 1128 perdu-

1882 1171 2178 1227 cendorum
2234 1177 2286 1219 et
2328 1158 2862 1218 conservandorum,
2919 1155 3062 1222 ignis
3089 1150 3452 1210 accendendi,

1885 1261 2063 1330 gladio
2091 1255 2284 1311 utendi
2309 1268 2497 1306 curam
2537 1249 2754 1316 reliquit
2786 1264 2799 1299 :
2825 1246 2922 1300 sed
2951 1245 3183 1312 ipsemet
3219 1255 3461 1309 pra-scus

1885 1354 2112 1416 adest”
2139 1361 2374 1418 operans
2407 1346 2458 1396 in
2481 1341 2636 1395 nobis
2661 1339 2862 1391 velleet
2884 1335 3164 1403 perlicere,
3195 1352 3211 1383 ›
3248 1344 3302 1384 ut
3326 1331 3468 1383 Pau-

1887 1446 1970 1499 lus
2000 1442 2074 1495 ait
2099 1439 2164 1491 ¹⁰.
2223 1435 2287 1489 Et
2322 1437 2498 1505 ignem
2536 1433 2763 1500 ipsemet
2809 1424 3057 1479 accendit
3082 1433 3134 1476 et
3169 1423 3464 1479 admovet;

1887 1547 1939 1591 et
1972 1532 2207 1606 gladium
2261 1529 2377 1596 ipse
2429 1533 2594 1578 tenet.
2626 1520 2702 1573 Ad
2739 1532 3037 1582 summam,
3076 1529 3213 1566 «nec
3251 1514 3465 1566 securis

1888 1626 2214 1694 gloriabitur
2261 1622 2467 1688 absque
2518 1629 2583 1669 eo
2626 1613 2717 1683 qui
2759 1618 2906 1664 secat
2947 1609 3000 1660 in
3029 1607 3211 1669 θείη»
3243 1614 3298 1656 et
3326 1619 3468 1671 quos

1887 1692 2106 1781 deserit,
2137 1711 2230 1780 qui
2259 1709 2409 1763 solus
2434 1713 2520 1758 est
2578 1704 2775 1765 bonus,
2806 1699 2871 1752 iis
2905 1697 3039 1748 nihil
3081 1695 3206 1747 boni
3247 1692 3474 1744 evenire

212 1806 342 1872 παρ’
378 1805 558 1862 αὐτοῖς
590 1809 700 1867 καὶ,
726 1807 754 1860 ὃ
802 1809 995 1862 τούτου
1036 1812 1241 1880 μεῖζον,
1281 1814 1444 1881 μονὴν
1493 1819 1550 1868 έν
1595 1817 1785 1880 αὐτοῖς

1903 1815 2068 1879 pteat.
2118 1805 2384 1858 Caeterum
2421 1795 2624 1851 sanctis
2653 1808 2711 1846 se
2741 1806 2845 1842 nou
2877 1787 3193 1842 adfuturum
3228 1791 3471 1836 tantum-

2001 1898 2015 1913 ι
2142 1895 2228 1913 --ι
2273 1893 2428 1913 ηε----
2475 1886 2611 1913 nm“!
2666 1885 2809 1913 ζηοηε
2861 1893 3182 1913 ηὶαηειιιιιιηῖ
3244 1883 3292 1913 Μ
3325 1873 3471 1913 nilnil

212 1897 462 1962 ποιῆσαι.
487 1898 595 1950 Καὶ
623 1899 673 1950 τί
697 1900 839 1966 λέγω
863 1919 877 1961 :
902 1903 1035 1954 ὅπου
1067 1920 1128 1971 γε
1155 1904 1246 1955 καὶ
1291 1903 1536 1959 ἑνοῦσθαι
1570 1908 1784 1976 λέγεται

216 1988 426 2049 αὐτοῖς,
485 1988 626 2041 οὕτω
682 1990 1074 2062 φιλανθρώπως
1121 1994 1259 2046 ὥστε
1288 1995 1346 2047 ἓν
1389 1996 1604 2066 πνεῦμα
1670 2001 1786 2065 μετ’

215 2079 401 2128 αὐτῶν
467 2075 638 2132 εἶναι·
683 2099 701 2132 ι
733 2081 792 2133 Ὀ
865 2082 972 2152 γὰρ
1018 2083 1359 2150 κολλὼ;·ενος
1395 2087 1472 2154 τῷ
1515 2088 1704 2158 Κυρίῳ
1726 2090 1788 2141 ἓν

215 2166 436 2236 πνεῦμά
467 2171 602 2232 ἐστι,
637 2189 654 2220 ι
692 2173 804 2237 καὶ,
842 2192 856 2223 ι
896 2175 1008 2225 Ἷνα
1030 2171 1123 2244 ᾖτε
1147 2174 1208 2226 ἒν
1237 2175 1390 2244 σῶμα
1419 2178 1514 2230 καὶ
1544 2178 1600 2230 ἓν
1629 2181 1789 2232 πνεῦ·

218 2276 315 2326 μα,
348 2261 533 2323 καθὼς
575 2264 858 2332 ἐκλήθητε,
903 2285 921 2317 ι
962 2267 1174 2320 Παύλου
1210 2271 1386 2338 φωνή.
1450 2298 1462 2306 ·

217 2371 362 2409 unus
386 2358 721 2424 spiritus.est
751 2376 872 2414 cum
897 2378 961 2416 eo
997 2363 1094 2416 ¹⁸.›
1117 2363 1380 2420 Similiter
1405 2366 1556 2422 Pauli
1587 2385 1688 2424 vox
1715 2378 1832 2424 est:
1874 2335 1976 2423 «lit
2000 2362 2128 2420 'sitis
2154 2369 2319 2414 unum
2353 2364 2579 2418 corpus,
2619 2342 2671 2398 et
2704 2358 2847 2396 unus
2909 2339 3164 2407 spiritus,
3195 2335 3336 2389 sicut

215 2447 322 2499 cati
362 2449 496 2502 estis
537 2449 596 2503 ’⁸.
615 2469 632 2500 ›

292 2541 558 2610 Καθάπερ
625 2543 734 2612 γὰρ
782 2543 814 2612 ή
859 2544 1240 2614 φιλανθρωπία
1293 2548 1530 2618 ἄῤῥητος
1594 2553 1687 2602 καὶ
1751 2552 1784 2619 ἡ

226 2631 357 2698 περὶ
385 2630 441 2680 τὸ
470 2633 734 2701 ἡμέτερον
773 2635 928 2700 γένος
967 2636 1154 2703 ἀγάπη
1187 2637 1280 2689 τοῦ
1327 2639 1461 2691 Θεοῦ
1496 2640 1584 2691 τὸν
1631 2641 1788 2708 λόγον

223 2721 317 2770 τὸν
363 2718 704 2787 ἀνθρώπινον
737 2723 1054 2792 ὑπερόαίνει
1104 2728 1192 2778 καὶ
1221 2729 1286 2793 τῇ
1331 2727 1450 2798 θείᾳ
1499 2729 1791 2798 ἀγαθότητι

227 2812 371 2882 μόνῃ
397 2815 689 2883 προσῆκεν·
712 2815 849 2886 αὕτη
882 2819 987 2889 γάρ
1014 2821 1161 2871 ἐστιν
1195 2838 1212 2871 ι
1242 2822 1273 2890 ἡ
1300 2821 1489 2890 εἰρήνη
1515 2822 1606 2875 τοῦ
1632 2822 1789 2890 Θεοῦ,

225 2903 258 2971 ἡ
284 2903 627 2973 ὑπερέχουσα
658 2892 834 2960 πάντα
857 2907 980 2961 νοῦν
1041 2929 1059 2961 ι
1088 2911 1177 2963 τὸν
1204 2911 1317 2964 ἴσον
1346 2913 1548 2980 τρόπον
1575 2914 1798 2966 ἀκόλου-

228 2995 318 3045 θον
348 2996 443 3047 καὶ
471 2996 568 3066 τὴν
598 2998 734 3066 πρὸς
763 3000 888 3062 τοὺς
915 2999 1270 3070 φιλουμένους
1295 3005 1487 3056 ἕνωσιν
1526 3005 1665 3074 ὑπὲρ
1691 3009 1796 3060 πᾶ-

231 3103 330 3139 σαν
387 3088 580 3141 ἕνωσιν
620 3087 782 3156 εἶναι,
829 3094 894 3162 ἢν
935 3093 998 3144 ἄν
1041 3113 1122 3157 τις
1196 3096 1410 3151 δύναιτο
1456 3098 1793 3165 λογίσασθαι,

229 3180 323 3230 καὶ
367 3180 500 3248 πρὸς
535 3181 686 3234 οὐδὲν
715 3184 1065 3254 παράδειγμα
1123 3189 1329 3256 φέρειν.
1372 3191 1468 3241 Διὰ
1515 3191 1670 3242 τοῦτο
1707 3194 1798 3244 καὶ

232 3272 448 3324 ⁴πολλῶν
487 3273 673 3342 ἐδέησε
711 3278 775 3344 τῇ
810 3276 998 3348 Γραφῇ
1041 3281 1518 3349 παραδειγμάτων,
1554 3283 1692 3334 ὥστε
1713 3282 1799 3334 δυ·
1829 3263 1870 3318 C

233 3362 462 3430 νηθῆναι
511 3363 607 3433 τὴν
655 3366 948 3432 συνάφειαν
1000 3370 1213 3438 ἐκείνην
1295 3372 1530 3441 μηνῦσαι
1581 3391 1656 3434 ως
1706 3374 1805 3424 οὐκ

232 3453 531 3522 ἀρκοῦντος
560 3456 697 3520 ἐνὸς,
724 3458 815 3508 καὶ
857 3458 950 3510 νῦν
985 3459 1082 3528 μὲν
1107 3461 1312 3514 ἕνοικον
1342 3464 1434 3514 καὶ
1474 3463 1652 3514 οἰκίαν
1696 3465 1806 3514 εἰσ-

235 3549 379 3614 ἀγει,
414 3547 512 3599 νῦν
557 3548 610 3600 δὲ
650 3548 892 3628 ᾷμπελον
934 3551 1028 3602 καὶ
1079 3552 1284 3620 κλῆμα,
1317 3555 1405 3604 καὶ
1447 3554 1540 3606 νῦν
1586 3555 1684 3621 μὲν
1710 3555 1806 3620 γά-

239 3659 364 3710 μον,
396 3641 491 3693 νῦν
521 3641 575 3692 δὲ
614 3641 750 3709 μέλη
776 3641 867 3694 καὶ
909 3643 1167 3712 κεφαλὴν,
1197 3638 1270 3695 ὧν
1295 3644 1446 3697 οὐδέν
1496 3648 1640 3697 ἐστιν
1693 3647 1806 3698 ἴσον

237 3733 422 3801 ἐκείνῃ
509 3733 568 3785 ού
631 3733 739 3800 γὰρ
787 3734 932 3785 ἔστιν
982 3735 1089 3785 ἀπὸ
1139 3734 1346 3787 τούτων
1403 3738 1500 3804 τῆς
1553 3736 1806 3804 ἀληθείας

235 3821 484 3890 ἀκριϐῶς
503 3823 806 3891 ἐφικέσθαι.
837 3823 1087 3876 Μάλιστα
1115 3824 1211 3892 μὲν
1237 3825 1344 3893 γὰρ
1367 3827 1600 3896 ἀνάγκη,
1632 3830 1697 3896 τῇ
1725 3845 1808 3895 φι-

238 3914 330 3983 λίᾳ.
363 3915 456 3966 καὶ
479 3915 574 3982 τὴν
603 3915 892 3982 συνάφειαν
925 3915 1212 3967 ἀκόλουθον
1242 3912 1399 3979 εἶναι,
1465 3918 1516 3968 τί
1545 3919 1589 3970 δ’
1620 3918 1684 3969 ἂν
1719 3918 1809 3985 γέ-

239 4028 385 4064 νοιτο
408 4010 501 4079 τῆς
528 4010 673 4067 θείας
702 4011 920 4079 ἀγάπης
954 4010 1097 4075 few;
1128 4010 1297 4063 ἔπειθ’
1320 4014 1400 4066 ὅτι
1428 4013 1517 4064 καὶ
1548 4011 1618 4064 τὰ
1654 4013 1808 4080 μάλι-

243 4120 344 4156 στα
375 4101 667 4169 συνάφειαι)
691 4103 783 4154 καὶ
823 4103 1046 4170 ἑνότητα
1075 4103 1346 4155 δεικνύναι
1375 4103 1631 4155 δοκοῦντα
1660 4107 1686 4155 ὁ
1710 4103 1808 4170 γὰσ

243 4212 342 4262 μσς
384 4195 499 4246 ἐστὶ
529 4194 618 4246 καὶ
650 4195 680 4262 ἡ
707 4193 814 4245 τῶν
847 4193 1020 4262 μελῶν
1046 4194 1180 4262 πρὶς
1210 4193 1311 4262 τὴν
1340 4195 1582 4263 κεφαλὴν
1641 4195 1812 4262 ἁρμο-

240 4306 268 4338 ν
295 4305 351 4346 α,
383 4286 556 4338 ταῦτα
575 4286 630 4336 δὲ
661 4285 985 4354 παμπληθὲς
1015 4283 1146 4336 εἴσω
1164 4284 1374 4348 πίπτει,
1398 4285 1491 4336 καὶ
1515 4283 1709 4336 πολλοῦ
1733 4285 1814 4337 δεῖ

241 4380 311 4433 τὰ
335 4379 465 4431 ὄντα
494 4377 751 4444 δηλῶσαι.
781 4378 888 4428 Καὶ
917 4375 1026 4445 γὰρ
1045 4377 1072 4428 ὁ
1104 4376 1203 4444 μὲν
1239 4375 1413 4442 γάμος
1444 4376 1542 4428 οὐκ
1575 4375 1639 4428 ἂν
1665 4375 1814 4429 ὀὕτω

248 4473 506 4542 συνάψαι,
559 4471 630 4533 ὼς
663 4473 720 4523 ὲν
753 4470 1002 4539 ἀλλήλοις
1043 4466 1183 4521 εῗναι
1213 4468 1308 4522 καὶ
1363 4469 1461 4538 ζῇν
1509 4469 1635 4530 τοὺς
1692 4486 1813 4520 συν-

1893 1898 2077 1961 modo,
2138 1895 2228 1948 sed
2267 1893 2432 1944 etiam
2473 1886 2612 1955 apud
2666 1885 2813 1951 ipsos
2861 1893 3208 1940 mansurum,
3244 1873 3472 1940 etquod

1895 1989 2166 2054 insrgnius
2202 1994 2286 2039 est
2311 2024 2324 2048 ,
2369 1979 2709 2034 mansionem
2740 1973 2882 2042 apud
2915 1987 3009 2025 eos
3041 1969 3316 2022 facturum
3355 1965 3466 2016 Do-

1897 2085 2078 2138 minus
2139 2075 2485 2149 promisit”.
2541 2067 2683 2135 Quid
2742 2065 2949 2119 multa?
3008 2063 3172 2115 etiam
3219 2055 3346 2111 "illis
3401 2059 3474 2109 ita

1896 2183 2145 2232 amanter
2186 2166 2438 2238 copulari
2488 2172 2539 2216 et
2569 2160 2716 2215 uniri
2761 2157 3043 2217 scribitur,
3095 2169 3150 2204 ιιι
3176 2165 3319 2205 unus
3350 2163 3475 2202 cum

1898 2270 2028 2340 ipsis
2087 2262 2315 2333 spiritus
2363 2253 2658 2309 efficiatur:
2717 2246 2852 2311 «Qui
2888 2245 3032 2298 enim
3071 2241 3314 2296 adhaeret
3341 2238 3476 2297 Deo,

3383 2347 3480 2384 ΥΟ*

1964 2541 2118 2597 Sicut
2170 2543 2349 2590 autczn
2411 2525 2718 2594 benignitas
2760 2520 2851 2573 Dei
2912 2514 3319 2584 inexplicabilis
3371 2521 3481 2583 est,

1892 2647 1947 2690 et
1985 2629 2228 2686 charitas
2259 2625 2380 2691 ejus
2403 2633 2530 2685 erga
2571 2629 2744 2685 genus
2807 2613 3112 2663 humanum
3153 2619 3372 2658 omnem
3403 2604 3480 2657 di-

1895 2724 2052 2780 cendi
2095 2718 2410 2774 facultatem
2446 2717 2688 2779 superat,
2718 2705 2818 2760 soli
2844 2700 3045 2756 divina:
3076 2697 3308 2751 bonitati
3347 2710 3488 2748 con—

1895 2833 2097 2892 gruens
2130 2813 2272 2884 (ipsa
2302 2807 2575 2878 siquidem
2611 2812 2697 2855 est
2759 2813 2892 2867 «pax
2929 2794 3049 2858 Dei,
3089 2808 3209 2861 quae
3239 2804 3481 2856 exsupe-
3568 2779 3570 2784 ’

1902 2881 1984 2965 rat
2007 2881 2223 2963 omnem
2257 2916 2483 2958 sensum
2511 2898 2553 2929 ⁸⁵
2596 2894 2643 2963 ι)
2673 2911 2686 2946 :
2726 2891 2801 2945 ita
2842 2885 3221 2954 consequitur,
3253 2891 3311 2934 ut
3357 2881 3481 2947 ejus

1904 3003 2032 3057 uuio
2091 3013 2216 3052 cum
2266 2995 2335 3049 iis
2381 3005 2519 3061 quos
2583 2985 2782 3053 diligit,
2863 2977 3161 3049 quamlibet
3222 2975 3482 3028 unionem

1903 3106 2066 3162 quam
2119 3088 2242 3158 quis
2299 3082 2632 3154 cogitatione
2687 3075 2968 3145 percipere
3034 3075 3234 3137 potest,
3294 3065 3482 3117 multis

1906 3184 2152 3253 partibus
2185 3181 2387 3241 vincat,
2444 3189 2543 3227 nec
2579 3171 2757 3236 aliqua
2813 3161 3223 3232 compara'ione
3267 3174 3365 3226 pro
3399 3157 3482 3209 di-

1905 3248 2109 3348 gnitate
2137 3270 2468 3325 declaretur.
2502 3264 2868 3329 Quamobrem
2907 3254 3193 3320 Scriptura
3229 3248 3480 3318 pluribus

1907 3345 2170 3433 exemplis
2196 3378 2333 3431 opus
2359 3359 2567 3420 habuit,
2595 3355 2790 3424 quibus
2823 3347 3270 3416 conjunctionem
3329 3345 3478 3396 illam

1915 3456 2285 3511 arctissimam
2353 3449 2714 3517 exprimeret,
2741 3441 2884 3510 quod
2911 3455 3078 3492 unum
3103 3438 3326 3489 minime
3358 3435 3490 3487 satis

1906 3545 2152 3602 esset.Et
2177 3543 2340 3596 modo
2361 3540 2576 3609 quidem
2604 3528 2962 3588 habitatorem
2989 3539 3040 3584 et
3072 3530 3297 3582 domum
3330 3525 3492 3578 indu-

1908 3639 1981 3691 cit
2009 3653 2024 3700 ;
2063 3635 2224 3695 modo
2245 3633 2404 3687 vitem
2429 3639 2480 3683 et
2508 3628 2816 3697 palmitem:
2858 3622 3018 3675 modo
3045 3620 3295 3687 nuptias;
3326 3616 3489 3669 modo

1911 3724 2154 3779 membra
2193 3731 2249 3776 et
2281 3728 2448 3787 caput
2470 3718 2532 3780 ιθ,
2558 3729 2792 3785 quorum
2831 3712 3041 3765 nullum
3071 3709 3227 3778 plene
3261 3721 3495 3774 respuu-

1909 3818 2032 3882 det;
2071 3831 2169 3869 nec
2201 3814 2347 3868 enim
2391 3827 2488 3880 per
2531 3811 2698 3864 ullum
2745 3807 2938 3858 horum
2991 3802 3277 3854 veritatem
3302 3807 3492 3851 exacte

1911 3908 2036 3962 licet
2069 3906 2356 3974 attingere.
2408 3902 2594 3956 Amori
2637 3910 2692 3953 et
2743 3894 2997 3950 charitati
3051 3907 3235 3961 parem
3294 3897 3494 3943 esseet

1911 3997 2352 4065 conjunctioqu
2406 3992 2643 4046 maxime
2703 3995 2941 4055 oportet.
3019 3983 3230 4036 Divina:
3302 3990 3488 4033 autem

1915 4087 2166 4143 cltaritati
2199 4086 2327 4156 quid
2359 4085 2576 4138 tandem
2626 4081 2829 4149 mquari
2893 4077 3112 4147 potest?
3136 4075 3338 4128 Deinde
3369 4090 3491 4141 qua:

1913 4180 2314 4250 copulationem
2360 4189 2412 4230 et
2468 4176 2725 4228 unionem
2774 4170 3026 4239 inprimis
3065 4167 3379 4237 significare
3415 4166 3494 4218 vi-

1913 4272 2131 4334 dentur,
2185 4267 2386 4337 nuptim
2427 4275 2576 4326 sunt,
2642 4273 2696 4317 et
2748 4262 3122 4315 membrorum
3183 4259 3495 4327 capitisque

1916 4371 2038 4430 apta
2086 4360 2505 4428 coagmentatio.
2567 4357 2744 4423 Atque
2791 4353 2890 4406 ista
2948 4368 3112 4420 quam
3194 4350 3492 4418 plurimum

1915 4454 2138 4518 distant,
2198 4453 2539 4519 multumque
2597 4449 2750 4501 abest
2793 4455 2847 4497 ut
2876 4460 2991 4497 rem
3022 4452 3146 4496 ante
3177 4441 3367 4494 oculos
3397 4455 3498 4506 po-

245 4529 609 4634 απτομένοτις,
639 4565 774 4634 ὅπερ
810 4529 904 4615 ιτὲι
931 4562 1022 4615 τοῦ
1049 4560 1283 4632 Χριστοῦ
1457 4561 1554 4629 τῆς
1591 4560 1800 4629 Ἐκκλη

1919 4557 2075 4598 nam.
2114 4544 2324 4598 Etenim
2369 4541 2684 4610 conjugium
2734 4551 3014 4603 nunquam
3063 4533 3202 4588 adeo
3231 4529 3496 4599 conjuge-5

249 4661 372 4720 σίας
403 4655 688 4725 συμϐαίνει
757 4653 878 4706 ὅθεν
910 4655 937 4706 ὁ
967 4653 1108 4715 θεῖος
1157 4651 1473 4714 Ἀπόστολος
1513 4650 1680 4703 εἰπὼν
1724 4669 1818 4704 πεσ-

251 4753 307 4823 ρὶ
334 4749 433 4804 τοῦ
475 4750 674 4818 γάμου,
706 4766 724 4800 ι
755 4747 828 4800 Τὸ
859 4750 1150 4817 μυστήριον
1189 4725 1343 4798 τοῦτο
1386 4746 1527 4814 μέγα
1569 4745 1735 4806 ἐστὶν,
1795 4763 1813 4795 ι

249 4847 523 4912 ἐπήγαγε,
562 4861 579 4892 ι
607 4842 766 4907 Λέγω
802 4839 859 4893 δὲ
906 4840 986 4901 είς
1043 4838 1275 4906 Χριστὸν
1335 4839 1429 4891 καὶ
1449 4839 1547 4906 τὴν
1592 4838 1818 4907 Ἐκκλη-

254 4938 398 4997 σίαν,
432 4952 450 4985 ι
485 4931 696 4993 δεικνὺς
719 4930 778 4981 οὐ
811 4928 1018 4994 τοῦτον,
1049 4928 1162 4981 ἀλλ’
1191 4930 1393 4981 ἐκεῖνον
1416 4928 1506 4980 τὸν
1531 4927 1706 4996 γάμον
1732 4928 1820 4979 διὰ

258 5027 536 5095 θαύματος
559 5023 726 5089 ἄγων.
754 5021 836 5074 Τά
862 5021 918 5074 δὲ
960 5021 1093 5090 μέλη
1123 5021 1389 5089 συνῆπται
1420 5020 1518 5089 μὲν
1542 5020 1607 5087 τῇ
1647 5035 1818 5087 κεφα-

255 5121 345 5189 λῇ,
377 5119 471 5170 καὶ
489 5116 554 5186 ζῇ
580 5115 658 5183 τῷ
688 5113 977 5183 συνῆφθαι,
1008 5113 1099 5165 καὶ
1115 5113 1453 5180 διαιρεθέντα
1475 5109 1824 5179 ἀποθνήσκειο

262 5213 514 5278 φαίνεται
549 5209 606 5261 δὲ
643 5206 735 5258 καὶ
774 5204 946 5256 ταῦτα
970 5204 1046 5272 τῷ
1076 5201 1294 5272 Χριστῷ
1340 5201 1663 5270 συνημμένα
1695 5201 1825 5268 μᾶλα

259 5305 349 5356 λον
369 5304 402 5372 ἢ
435 5303 500 5370 τῇ
523 5299 730 5352 ἑαυτῶν
756 5296 986 5366 κεφαλῇ,
1023 5295 1117 5349 καὶ
1143 5293 1315 5364 τούτῳ
1345 5293 1521 5356 ζῶντα
1552 5292 1752 5362 μᾶλλον
1792 5290 1824 5360 ἢ

260 5395 327 5463 τῇ
363 5393 496 5462 πρὸς
527 5389 693 5458 αὐτὴν
727 5388 984 5460 ἁρμονίᾳ.
1015 5386 1122 5438 Καὶ
1152 5383 1311 5440 τοῦτο
1332 5384 1488 5454 δῆλον
1548 5385 1652 5435 ἀπὸ
1715 5381 1826 5434 τῶν

269 5483 554 5555 μακαρίων
587 5480 902 5551 μαρτύρων,
944 5477 993 5530 οἳ
1022 5479 1082 5529 τδ
1117 5478 1214 5546 μὲν
1266 5475 1566 5542 ὑπέμειναν
1631 5473 1820 5543 ἡδέως,

1921 4634 2253 4702 conjugabit,
2291 4641 2349 4686 ut
2377 4632 2513 4684 alter
2565 4632 2618 4684 iu
2651 4631 2823 4687 altero
2869 4628 3011 4681 sitet
3067 4626 3232 4688 vivat,
3266 4624 3316 4677 id
3351 4625 3496 4692 quod

1922 4727 1978 4780 in
2004 4725 2098 4780 Ch.
2118 4727 2222 4779 isto
2247 4733 2300 4778 et
2335 4723 2578 4776 Ecclesia
2606 4723 2872 4775 cernitur.
2901 4717 3057 4777 Unde
3091 4727 3317 4770 sanctus
3348 4718 3496 4782 Apo-

1924 4817 2117 4876 stolus,
2167 4831 2289 4867 cum
2349 4814 2580 4868 dixisset
2614 4813 2680 4868 de
2709 4811 3086 4870 matrimonio,
3125 4805 3493 4860 «Sicramen-

1928 4918 2040 4964 tum
2066 4909 2167 4963 hoc
2198 4907 2450 4974 magnum
2473 4903 3118 4974 cst,)adjecitcontinuo,
3151 4900 3292 4968 «Ego
3312 4909 3492 4952 autem

1924 5001 2043 5053 dico
2078 4999 2128 5050 iu
2156 4999 2394 5061 Christo,
2426 4997 2556 5049 etin
2585 4995 2828 5049 Ecclesia
2857 4995 2922 5058 ι’,
2953 5012 2970 5044 ι
3037 4994 3352 5054 ostendens,
3387 5007 3494 5043 non

1930 5093 2049 5147 illas
2078 5106 2196 5146 sese
2243 5088 2480 5156 nuptias,
2533 5102 2719 5142 verum
2756 5085 2920 5139 hasce
2979 5086 3160 5153 potius
3210 5085 3495 5139 admirari.

1930 5185 2170 5238 Membra
2202 5191 2381 5239 autem
2415 5195 2662 5235 connexa
2693 5179 2912 5249 quidem
2937 5189 3064 5233 sunt
3097 5180 3282 5247 capiti,
3322 5188 3374 5233 et
3402 5195 3500 5247 per

1925 5277 2459 5333 eamcouuexionem
2501 5283 2662 5342 atque
2691 5279 2939 5340 copulam
2967 5271 3175 5333 vivunt,
3217 5285 3322 5337 qua
3349 5269 3499 5322 diru-

1930 5382 2016 5441 pta
2051 5370 2378 5423 moriuntur.
2411 5367 2478 5424 At
2505 5381 2632 5420 vero
2658 5365 2758 5420 ista
2783 5365 3026 5418 membra
3053 5363 3269 5417 Christo
3300 5374 3496 5430 magis,

1931 5477 2092 5533 quam
2120 5475 2218 5514 suo
2245 5459 2404 5528 capiti
2437 5459 2726 5526 conjuncta
2755 5456 3028 5518 videntur,
3064 5453 3344 5521 magisque
3374 5454 3495 5515 hac,

266 5546 324 5623 τὸ
354 5571 408 5622 δὲ
427 5546 560 5621 ὀὐδὲ
587 5546 822 5621 άκοῦσαι
852 5567 1153 5636 ὲνέσχοντο,
1183 5566 1274 5616 καί
1310 5563 1406 5633 τὴν
1459 5564 1555 5633 μὲν
1601 5565 1800 5632 κεφαλῆ

1907 5572 2071 5626 quam
2103 5554 2192 5608 illa
2219 5568 2341 5606 cum
2393 5546 2569 5621 capite
2607 5551 2978 5603 commissura
3016 5555 3070 5600 et
3122 5561 3383 5615 compage
3413 5546 3498 5601 vi:

341 5781 362 5810 ’
402 5776 587 5831 Matth.
626 5784 817 5838 intan
857 5775 947 5829 20.

1030 5778 1071 5810 ⁵⁸
1098 5777 1312 5844 Philipp

279 5867 352 5911 ιῖ,
386 5850 433 5902 ι.
517 5848 556 5878 ¹⁸
587 5847 818 5916 Philipp,
873 5864 942 5911 Iv,
986 5847 1015 5897 7

1321 5790 1423 5832 .ιι,
1467 5775 1546 5826 15.

1627 5773 1663 5803 ¹¹
1691 5773 1795 5823 lsa.
1839 5785 1890 5823 χ.
1927 5769 2012 5821 lii.

1145 5811 1272 5830 ...μυ
1321 5817 1330 5828 .
1472 5811 1546 5826 ..,.
1691 5811 1795 5823 ......
1840 5811 1866 5822 ί.
2361 5811 2388 5818 .-

1123 5847 1165 5877 ’⁸
1209 5811 1362 5898 13.52.
1407 5859 1514 5902 xw.
1578 5842 1669 5907 lii;
1715 5811 1898 5893 Miilill’.
1937 5856 2044 5892 xxn
2071 5856 2083 5904 ;
2115 5836 2325 5890 Coloss.
2361 5837 2394 5887 Ι.

2093 5768 2134 5798 ¹³
2168 5766 2322 5819 Joau.
2361 5781 2468 5826 xlv,
2499 5763 2593 5816 Ἦ.
2671 5760 2712 5790 ’³
2746 5757 2764 5812 Ι
2803 5759 2923 5811 Cor.
2966 5761 3039 5820 γι,
3070 5753 3152 5807 l7.
3234 5754 3275 5781 ”
3301 5749 3496 5818 Eph-cs.

2478 5835 2516 5863 ¹⁷
2548 5832 2743 5903 Epirus.
2783 5845 2831 5893 ν,
2874 5826 2978 5881 52,.
