4150 6312
182 420 290 489 5,,

1252 421 1352 482 DE
1395 418 1573 482 VITA
1611 416 1692 476 ΙΝ
1725 412 2060 476 CHRISTO
2099 411 2249 472 LIB.
2287 409 2333 471 ῐ.

3323 383 3453 464 ἐπει

183 536 277 589 τδν
323 535 450 590 νοῦν
471 533 649 589 οὐδενί
677 534 786 589 τῶν
812 532 987 592 ἄλλων
1025 533 1147 588 οὐδὲ
1206 534 1391 593 λαϐεῖν
1414 534 1598 603 ἔρωτα
1639 533 1748 584 τῶν

1882 525 2051 578 ﬂuudi
2085 535 2187 576 nec
2228 519 2392 576 ullius
2439 519 2516 574 rei
2564 531 2752 574 amore
2803 515 3090 587 implicui.
3123 513 3236 578 Etsi
3279 518 3426 570 enim

179 628 356 682 ϐντων
382 627 615 691 οὐδενός.
646 627 766 684 Κᾶν
785 627 894 698 γὰρ
914 620 1023 685 ὧδε
1057 627 1371 697 κινήσωμεν
1415 626 1514 694 τὴν
1561 623 1752 678 ἐπιθυ-

187 718 347 786 μίαν,
378 718 539 784 αὐτὸς
568 717 754 789 ἵστησι
790 719 886 775 καὶ
918 717 1211 784 ἀναπαύει,
1234 717 1338 772 κᾶν
1365 709 1569 779 ικεῒσε.
1588 715 1752 768 πάλιν

183 803 377 870 αὐτὸς,
429 805 531 858 κᾶν
558 804 818 875 ἑτέρωσε,
869 805 965 861 καὶ
997 805 1200 876 ταύτην
1241 805 1464 875 κατέχει
1499 804 1606 875 τὴν
1635 802 1752 856 ὀδδν

185 895 290 950 καὶ
337 896 638 966 παριόντας
674 895 990 966 χειροῦται.
1036 915 1056 953 ι
1114 897 1241 954 Ἐὰν
1290 897 1477 953 άναϐὦ
1535 898 1616 961 εἰς
1661 895 1754 950 τὸν

188 986 544 1058 “pavendi:
586 987 703 1041 δκεί
742 982 813 1053 si,
857 988 1043 1058 φησίν·
1090 988 1188 1044 εὰν
1236 989 1462 1044 καταϐῶ
1521 989 1602 1054 εἰς
1662 987 1754 1044 τὸν

189 1078 353 1150 ᾅδην,
399 1079 564 1149 πάρει
632 1079 729 1132 ἑὰν
765 1078 1019 1136 ἀναλάϐω
1047 1079 1150 1144 τὰς
1172 1080 1448 1151 πτέρυγάς
1490 1096 1591 1149 μου
1632 1078 1756 1132 κατ’

187 1170 391 1241 ϐρθρον
416 1171 509 1225 καὶ
542 1170 951 1242 κατασκηνώσει)
975 1172 1055 1235 εἰς
1089 1173 1158 1226 τά
1200 1171 1403 1242 ἔσχατα
1439 1174 1539 1243 τῆς
1561 1170 1759 1226 θαλάσ-

194 1277 318 1330 σης.
375 1263 470 1322 καὶ
525 1265 638 1332 γάρ
695 1264 809 1316 tu!
866 1262 1060 1333 ὴχείρ,
1104 1279 1200 1317 σου
1257 1263 1513 1334 ὁδηγήσει
1547 1281 1612 1334 με
1663 1264 1758 1319 καὶ

192 1352 424 1419 καθέξει
448 1369 515 1421 με
545 1353 577 1422 ἡ
607 1351 762 1417 δεξιά
781 1371 872 1406 σου
933 1373 953 1406 s
987 1355 1202 1422 ἀνάγκῃ
1228 1357 1337 1409 τινὶ
1361 1356 1645 1426 θαυμαστῇ
1663 1357 1758 1413 καὶ

193 1439 568 1511 φιλανθρώπῳ
628 1444 900 1511 τυραννίδι
950 1442 1085 1512 πρὸς
1134 1442 1325 1498 ἑαυτὸν
1385 1443 1543 1512 μόνον
1587 1443 1757 1498 ἕλκων

192 1531 291 1582 καὶ
333 1531 514 1600 ἑαυτῷ
563 1533 712 1602 μόνῳ
777 1532 1080 1590 συνάπτων.
1123 1533 1233 1590 Καὶ
1271 1533 1472 1603 ταύτην
1511 1528 1650 1587 εἶναι
1683 1527 1762 1585 οἷ-

197 1636 300 1686 μαι
329 1620 428 1690 τὴν
458 1621 727 1692 ἀνάγκην,
762 1617 1080 1696 ᾗσυνέλασε
1118 1623 1252 1688 πρὸς
1303 1621 1402 1694 τὴν
1448 1624 1626 1676 οἰκίαν
1669 1625 1761 1678 καὶ

194 1707 298 1776 τὴν
336 1709 572 1779 εὐωχίαν
601 1710 694 1774 οὓς
729 1711 935 1776 smn,
977 1711 1054 1780 τῷ
1089 1711 1259 1782 δούλῳ
1287 1713 1480 1781 λέγων,
1513 1729 1534 1764 ι
1574 1712 1761 1780 ’Δνάγ-

195 1815 368 1852 κασον
413 1800 694 1865 εἰσελθεῖν,
724 1802 872 1864 ὅπως
899 1803 1132 1873 γεμισθῇ
1159 1805 1186 1856 ό
1206 1801 1353 1867 οἰκός
1395 1819 1516 1872 μου.
1558 1822 1578 1857 s

271 1887 421 1947 Εἶεν.
478 1891 605 1944 Ὀτι
637 1892 734 1959 μὲν
775 1889 918 1960 οὗνή
971 1896 1031 1948 ὲν
1070 1895 1146 1964 τῷ
1169 1895 1388 1966 Χριστῷ
1411 1895 1644 1967 ζωὴλῦκ
1671 1897 1763 1951 ἐπὶ

200 1978 300 2032 τοῦ
339 1981 628 2050 μέλλοντος
673 1983 856 2052 μόνον,
890 1983 1124 2054 ἀλλ’ῆδη
1153 1986 1244 2038 καὶ
1287 1986 1392 2039 επὶ·
1425 1986 1518 2040 τοῦ
1567 1987 1766 2057 παρόν-

199 2085 293 2132 τος
324 2071 555 2138 πάρεστι
597 2074 710 2135 τοῖς
754 2072 931 2141 ἁγίοις
974 2074 1070 2128 καὶ
1097 2074 1229 2138 ζῶσι
1271 2077 1393 2129 κατ’
1427 2075 1645 2147 εκείνην
1672 2079 1767 2133 καὶ

202 2158 513 2228 ινεργοῦσι,
561 2162 796 2232 φανερὸν
839 2165 902 2216 ὲκ
949 2163 1058 2218 τῶν
1118 2165 1443 2236 εἰρημένων.
1507 2166 1770 2224 Ὅθεν-δι

203 2246 355 2300 εστιν
417 2249 559 2303 οὕτω
586 2251 749 2318 ζῆσαι
800 2253 914 2316 καὶ,
951 2255 979 2307 ὃ
1018 2271 1152 2323 φησι
1202 2255 1435 2322 Παῦλος,
1481 2259 1540 2310 ιν
1589 2261 1770 2312 καινό-

203 2353 330 2406 τητι
393 2339 538 2408 ζωῆς
585 2343 978 2412 περιπατῆσαι,
1033 2345 1175 2412 λέγω
1232 2345 1298 2416 δὴ
1343 2346 1394 2398 τί
1460 2347 1701 2402 ποιοῦσιν
1741 2349 1771 2402 δ

204 2430 442 2498 Χριστὸς
473 2430 616 2484 οὕτω
651 2433 978 2488 συνάπτεται
1022 2435 1118 2488 καὶ
1153 2436 1512 2504 προσφύεται,
1545 2437 1639 2490 καὶ
1671 2437 1774 2492 οὒκ

205 2517 301 2574 οἷδ’
328 2523 358 2575 ὅ
387 2539 439 2574 τι
481 2524 572 2575 καί
597 2524 707 2593 χρὴ
733 2525 941 2589 καλεῖν,
977 2524 1104 2593 ἑξῆς
1138 2525 1204 2578 ἂν
1237 2523 1320 2595 εἴη
1364 2526 1571 2594 ῥητέον.

281 2613 438 2665 Ἔστι
489 2612 665 2667 τοίνυν
716 2615 773 2665 τὸ
831 2614 933 2683 μὶν
985 2614 1185 2681 θεόθεν,
1217 2615 1277 2666 τὸ
1311 2615 1366 2668 δὲ
1411 2617 1507 2684 τῆς
1564 2617 1771 2686 ἢμετέ-

212 2720 311 2774 ρας
355 2705 610 2774 σπουδῆς,
657 2707 751 2759 καὶ
794 2706 852 2758 τὸ
893 2707 991 2773 μὲν
1021 2707 1235 2761 ἐκείνου
1289 2707 1543 2777 καθαρῶς
1587 2708 1769 2778 ἔργον,

213 2795 273 2846 τὸ
305 2795 363 2846 δὲ
406 2794 499 2846 καὶ
531 2797 662 2862 ἡμῖν
693 2794 806 2864 ἔχει
848 2795 1160 2864 φιλοτιμίαν
1240 2795 1440 2865 μᾶλλον
1493 2795 1552 2849 δὲ
1585 2797 1774 2850 τοσοῦ-

210 2893 305 2933 τον
352 2881 483 2951 παρ’
511 2883 670 2952 ἡμῶν
720 2884 1029 2953 εἰσφέρεται
1079 2884 1260 2951 μόνον,
1302 2885 1426 2937 ὅσον
1484 2885 1772 2955 ὑπομεῖναι

213 2972 313 3039 τὴν
353 2973 512 3042 χάριν
537 2973 633 3026 καὶ
701 2973 775 3043 μὴ
842 2973 1133 3043 προδοῦναι
1173 2975 1266 3026 τὸν
1299 2974 1592 3046 θησαυρὸν,
1641 2977 1776 3046 μηδὲ

217 3064 409 3116 σϐέσαι
441 3064 536 3133 τὴν
561 3063 816 3132 λαμπάδα
847 3063 1096 3134 ἡμμένην
1139 3065 1260 3136 ἤδη.
1282 3065 1440 3132 Λέγω
1493 3066 1555 3136 δὴ
1612 3067 1778 3136 μηδὲν

1854 614 1943 669 hic
1995 612 2318 684 cupiditates
2365 609 2837 674 debellaverimus,
2895 607 3013 678 ipse
3069 621 3167 664 eas
3214 613 3430 667 coercet

1852 719 1916 759 ac
1937 702 2109 758 sedat.
2137 703 2210 757 Et
2227 717 2322 758 seu
2354 700 2480 756 illuc
2501 715 2615 765 eas,
2642 714 2744 756 seu
2759 699 2888 765 alio.
2911 699 3075 761 etiam
3098 697 3260 754 aliam
3278 697 3422 753 viam

1853 803 2104 865 occupat,
2167 803 2618 864 rranseuntesque
2641 806 2806 849 manu
2835 788 3247 859 comprehendit
3272 802 3288 842 :
3319 806 3338 840 ι
3369 785 3427 841 Si

1854 883 2155 948 ascendere
2181 881 2236 938 in
2265 883 2487 947 omium,
2520 879 2720 950 inquit,
2749 888 2805 938 tu
2833 878 2945 949 illic
2980 892 3078 942 ea;
3107 875 3156 931 si
3197 875 3441 930 descent

1855 975 1985 1033 dero
2021 974 2076 1029 in
2106 973 2401 1036 infernum,
2449 970 2601 1031 ades.
2632 969 2689 1024 Si
2724 982 3009 1038 sumpsero
3041 981 3252 1038 pennas
3279 980 3430 1021 meas

1855 1065 2096 1131 diliculo,
2128 1075 2182 1120 et
2213 1063 2536 1119 habitavere
2599 1061 2655 1116 in
2690 1060 2957 1119 extremis
2983 1059 3184 1123 manis;
3225 1057 3427 1112 etenim

1854 1159 1986 1213 illuc
2023 1169 2222 1210 manus
2251 1164 2341 1209 tua
2373 1152 2607 1210 deducet
2634 1164 2743 1214 me,
2777 1161 2833 1204 et
2867 1149 3068 1204 tenebit
3098 1162 3186 1202 me
3205 1146 3431 1206 dextera

1856 1257 1950 1305 tua
1981 1249 2048 1309 ".
2089 1266 2110 1300 ι
2138 1254 2326 1302 coactu
2350 1243 2591 1314 quodam
2631 1239 2952 1296 admirando
2980 1245 3033 1294 et
3057 1240 3210 1292 suavi
3244 1249 3428 1305 tyran-

1859 1338 1986 1395 uide
2019 1338 2086 1392 ad
2123 1334 2184 1392 se
2215 1336 2391 1392 solum
2425 1348 2524 1392 nos
2551 1332 2798 1398 trahens,
2837 1331 3054 1400 sibique
3086 1329 3350 1398 copulatis
3377 1336 3432 1381 et

1859 1433 2185 1500 astringens.
2223 1429 2398 1497 Atque
2415 1427 2557 1483 hanc
2580 1426 2725 1482 illam
2754 1439 2875 1480 esse
2909 1424 3015 1478 vim
3043 1430 3097 1478 et
3136 1421 3434 1476 necessita-

1859 1533 1968 1580 tem
1998 1524 2212 1592 opinor,
2274 1534 2376 1589 qua
2409 1522 2460 1572 in
2518 1518 2744 1574 domum
2805 1531 2960 1571 suam
2993 1513 3067 1570 ad
3123 1512 3434 1570 convivium

1861 1613 2146 1682 compulit,
2177 1604 2318 1680 quos
2359 1609 2695 1672 convocavit,
2764 1621 2886 1664 cum
2949 1618 3108 1660 servo
3159 1603 3365 1658 diceret

1870 1723 1888 1758 ι
1917 1703 2192 1773 Compelle
2216 1704 2445 1762 intrare.
2476 1709 2534 1755 ut
2565 1698 2854 1769 impleatur
2876 1696 3074 1752 domus
3101 1709 3223 1749 mea
3247 1694 3344 1749 ⁸9.»

1788 1839 1837 1900 Β
1932 1880 2109 1936 Vitam
2165 1879 2330 1950 igitur
2385 1878 2439 1932 in
2487 1877 2704 1933 Christo
2731 1889 2838 1932 non
2868 1889 2922 1930 tu
2949 1883 3180 1930 venturo
3230 1883 3434 1930 tantum

1865 1976 2066 2035 sarculo
2118 1974 2452 2035 adfuturam,
2505 1972 2600 2030 sed,
2652 1971 2708 2025 in
2768 1970 3018 2041 praesenti
3053 1969 3221 2037 etiam
3246 1969 3436 2024 adesse

1867 2068 2094 2132 sanctis,
2124 2074 2174 2121 et
2205 2065 2504 2120 secundum
2561 2062 2714 2116 illam
2754 2075 2848 2116 eos
2875 2061 3060 2122 vivere
3118 2069 3285 2128 atque
3312 2076 3440 2129 ope-

1869 2157 2001 2222 rari,
2045 2171 2112 2212 ex
2145 2155 2232 2210 his
2268 2171 2389 2224 qua:
2428 2154 2574 2208 dicta
2612 2163 2741 2208 sunt
2797 2152 3146 2222 perspicuum
3169 2151 3246 2205 ﬁt.
3286 2149 3442 2208 Unde

1870 2257 2053 2304 autem
2101 2247 2177 2302 ita
2215 2249 2398 2301 vivere
2431 2246 2614 2310 liceat,
2649 2252 2705 2300 et
2741 2243 2889 2315 quod
2941 2243 3143 2299 Paulus
3181 2243 3259 2298 ait
3283 2243 3352 2309 ",
3383 2243 3438 2296 iu

1872 2339 2114 2395 nhvitate
2163 2337 2286 2393 vitae
2316 2337 2620 2402 ambulare,
2652 2335 2807 2406 quid,
2839 2335 3082 2404 inquam,
3111 2333 3440 2389 facientibus

1872 2427 2124 2484 Christus
2172 2428 2249 2482 ita
2288 2428 2653 2496 coniungatur
2709 2434 2764 2480 et
2809 2425 3166 2489 adha'rescat,
3206 2432 3303 2478 aut
3333 2438 3442 2494 quo

1870 2520 2090 2576 nomine
2124 2535 2212 2574 res
2244 2519 2563 2589 appellanda
2593 2526 2701 2581 est,
2733 2516 2989 2582 deinceps
3013 2515 3371 2570 disseremus.

1943 2609 2335 2667 Faciendorum
2391 2609 2572 2679 itaque
2607 2607 2753 2663 aliud
2798 2623 2828 2662 a
2858 2605 2985 2670 Deo,
3017 2604 3165 2660 aliud
3195 2621 3226 2661 a
3262 2605 3446 2660 studio

1873 2709 1928 2758 et
1951 2701 2230 2771 diligentia
2262 2710 2445 2756 nostra
2474 2709 2660 2769 aptum
2685 2707 2768 2754 est
2795 2714 2808 2752 :
2834 2708 2888 2752 et
2917 2697 3048 2752 illud
3067 2697 3286 2768 quidem
3303 2711 3441 2768 opus

1876 2793 1996 2863 ejus
2021 2793 2190 2848 solius
2215 2803 2322 2856 est,
2363 2792 2462 2848 hoc
2495 2800 2739 2846 nostram
2789 2804 3008 2860 quoque
3037 2791 3444 2845 contentionem

1877 2885 2171 2950 desiderat,
2227 2883 2308 2937 vel
2354 2884 2558 2953 potius,
2615 2898 2644 2936 a
2677 2881 2837 2936 nobis
2887 2891 3099 2936 tantum
3155 2890 3448 2952 praestatur

1877 2961 2164 3037 duntaxat,
2198 2985 2460 3041 quantum
2491 2974 2678 3044 gratiae
2705 2973 2975 3040 innititur,
3008 2986 3107 3028 nec
3130 2973 3446 3028 thesaurum

1876 3064 2076 3133 prodit,
2134 3079 2236 3119 nec
2289 3065 2567 3120 lucernam
2623 3066 2736 3136 jam
2796 3079 3084 3120 accensam
3114 3064 3450 3134 exstinguit;

215 3157 680 3223 ἑπεισαγαγόντας
709 3157 946 3211 δναντίον
985 3159 1048 3228 τῇ
1081 3157 1191 3229 ζωῇ
1221 3158 1316 3211 xci.
1343 3157 1378 3213 ἃ
1419 3157 1509 3212 τὸν
1554 3157 1776 3212 θάνατον

1881 3168 2006 3208 cum
2042 3154 2254 3214 scilicet
2304 3155 2440 3211 nihil
2469 3154 2968 3226 superinducimus,
3001 3155 3147 3224 quod
3187 3151 3311 3208 vitae
3349 3154 3450 3207 ad-

212 3249 392 3301 τίκτει
458 3248 589 3318 πρὸς
614 3247 772 3302 τοῦτο
815 3250 921 3319 γὰρ
951 3251 1061 3305 πᾶν
1093 3248 1426 3318 ἀνθρώπειον
1449 3248 1650 3316 ἀγαθὸν
1682 3247 1778 3302 καὶ

214 3342 368 3392 πᾶσα
395 3339 562 3409 ἀρετὴ
617 3340 792 3410 φέρει,
848 3340 923 3411 μὴ
970 3341 1091 3395 καθ’
1135 3341 1331 3395 ἑαυτοῦ
1369 3358 1487 3393 τινα
1522 3342 1582 3392 τὸ
1629 3339 1777 3408 ξίφος

214 3429 448 3499 ὠθῆσαι,
486 3429 616 3499 μηδὲ
639 3431 835 3499 φυγεῖν
863 3431 962 3501 τὴν
978 3432 1324 3502 εὐδαιμονίαν
1356 3431 1451 3484 καὶ
1488 3434 1587 3501 τῆς
1610 3446 1780 3498 κεφα-

216 3519 314 3584 λῆς
341 3519 729 3573 άποσείσασθαι
754 3519 877 3583 τοὺς
919 3521 1234 3588 στεφάνους,
1264 3521 1339 3583 ὡς
1369 3522 1468 3590 τήν
1491 3537 1554 3588 γε
1594 3519 1779 3573 οὐσίαν

217 3609 391 3682 αὐτὴν
445 3609 540 3678 τῆς
574 3609 718 3678 ζωῆς
783 3610 942 3672 αὐτὸς
975 3610 1162 3681 παρὼν
1196 3611 1224 3662 ό
1255 3611 1490 3680 Χριστὸς
1538 3608 1778 3681 άρῤητόν

217 3718 343 3753 τινα
372 3700 576 3771 τρόπον
601 3701 820 3768 φυτεύει
856 3704 976 3765 ταῖς
1020 3701 1319 3772 ἡμετέραις
1347 3701 1568 3771 ψυχαῖς.
1603 3701 1782 3771 Πάρε-

221 3810 308 3846 στι
337 3793 445 3863 γὰρ
469 3793 683 3863 άληθῶς
710 3794 802 3846 καί
831 3793 1016 3864 βοηθεί
1062 3797 1181 3858 ταῖς
1219 3794 1416 3864 ἀρχαῖς
1461 3794 1559 3861 τῆς
1610 3791 1778 3863 ζωῆς,

221 3879 312 3947 αἷς
359 3884 516 3947 αὐτὸς
561 3885 907 3954 ἐπιδημήσας
959 3886 1198 3955 παρέσχε
1293 3883 1526 3953 πάρεστι
1576 3883 1633 3936 et
1687 3883 1784 3953 οὑχ

221 3977 412 4046 ὥσπερ
441 3977 500 4029 τὸ
537 3977 754 4048 πρῶτον
787 3977 996 4046 διαίτης
1026 3984 1119 4029 καὶ
1150 3976 1422 4043 συλλόγων
1455 3976 1550 4028 καὶ
1582 3975 1788 4044 διατρι-

225 4067 339 4118 ϐῶν
369 4068 499 4135 ἡμῖν
531 4067 623 4118 καὶ
653 4067 945 4132 κοινωνῶν,
985 4066 1099 4118 ἀλλ’
1134 4067 1320 4135 ἕτερον
1350 4066 1544 4136 ικείνῳ
1573 4067 1666 4118 καὶ
1701 4082 1787 4118 τε⁹

223 4158 491 4227 λεὼτερον
518 4159 739 4225 τρόπον,
769 4157 890 4210 καθ’
913 4157 971 4210 ὗν
999 4157 1275 4227 σύσσωμοι
1323 4159 1469 4228 αὐτῷ
1529 4157 1789 4227 γινόμεθα

225 4251 323 4305 καὶ
355 4250 551 4314 σύζωοι
581 4251 673 4302 καὶ
709 4249 866 4318 μέλη,
905 4249 999 4301 καὶ
1029 4248 1082 4302 εἰ
1124 4267 1175 4302 τι
1223 4249 1357 4319 πρὸς
1403 4250 1564 4302 τοῦτο
1610 4249 1788 4320 φέρει.

206 4341 496 4410 ,Καθάπερ
546 4342 655 4410 γὰρ
703 4343 734 4410 ἡ
785 4339 1160 4408 φιλανθρωπία
1216 4342 1441 4406 άςατος,
1501 4340 1620 4394 ὅθεν
1654 4357 1791 4409 προσ

227 4433 371 4502 ήχθη
402 4434 525 4494 τοὺς
560 4433 866 4500 αἰσχίστους
897 4430 1039 4484 οὕτω
1077 4431 1307 4500 φιλήσας
1336 4430 1480 4483 οὕτω
1514 4431 1788 4501 μεγίστων

1881 3253 2146 3309 versetur,
2184 3255 2526 3316 mortemque
2567 3247 2873 3317 progignat.
2916 3245 3036 3302 Huc
3064 3246 3211 3302 enim
3246 3247 3448 3301 bonum

1880 3351 2040 3392 omne
2083 3349 2136 3391 et
2166 3339 2345 3392 omnis
2399 3339 2573 3394 virtus
2618 3340 2857 3396 humana
2898 3337 3177 3400 collineat,
3227 3337 3449 3406 nequis

1880 3428 2120 3497 gladium
2157 3429 2210 3483 in
2244 3429 2598 3501 semetipsum
2644 3430 2849 3501 adigat,
2902 3446 3002 3486 nec
3028 3430 3201 3501 fugiat
3225 3428 3450 3486 felicita-

1881 3525 2011 3582 tem,
2057 3531 2110 3576 et
2158 3534 2419 3576 coronam
2453 3535 2485 3576 e
2517 3521 2694 3592 capite
2743 3523 3017 3588 excutiat;
3077 3521 3334 3592 quoniam
3365 3536 3455 3578 es-

1882 3615 2112 3672 sentiam
2132 3615 2308 3682 ipsam
2345 3614 2463 3669 vitze
2489 3612 2741 3668 Christus
2766 3614 2992 3682 ipsemet
3013 3627 3273 3684 praesens,
3292 3617 3454 3670 modo

1882 3709 2143 3776 quodam,
2193 3704 2279 3759 cui
2319 3703 2665 3771 explanando
2712 3705 2875 3759 verba
2914 3718 3026 3781 non
3080 3706 3459 3776 reperiuntur,

1883 3801 2080 3854 animis
2101 3798 2304 3854 nostris
2330 3799 2485 3853 serit.
2524 3796 2666 3853 Vere
2693 3798 2839 3854 enim
2893 3797 3070 3864 adest,
3095 3805 3149 3854 et
3174 3797 3457 3866 principiis

1883 3890 2098 3945 vivendi
2133 3905 2290 3960 opem
2331 3889 2458 3954 fert,
2503 3905 2626 3959 qua:
2661 3889 2890 3959 ipsemet
2915 3890 3155 3953 adventu
3188 3904 3291 3945 suo
3316 3898 3457 3945 attu-

1887 3982 1965 4035 lit.
2001 3982 2164 4036 Adest
2198 3993 2401 4044 autem,
2441 3996 2547 4037 non
2582 3991 2641 4036 ut
2670 3981 2904 4050 primum
2938 3981 3108 4047 victu,
3134 3996 3455 4052 congressu,

1887 4072 2280 4127 consuetudine
2318 4071 2602 4129 nobiscum
2630 4071 3044 4127 communicem
3064 4071 3177 4126 :sed
3197 4070 3302 4126 alia
3326 4086 3472 4141 qua--

1889 4159 2011 4212 dam
2079 4159 2286 4213 ratione
2346 4159 2569 4213 meliore
2629 4157 3078 4228 perfectioreque,
3159 4158 3458 4213 secundum

1891 4263 2053 4313 quam
2094 4264 2480 4317 concorpores.
2523 4257 2577 4306 et
2607 4247 2848 4317 ejusdem
2883 4249 3006 4304 vitae
3057 4250 3372 4320 participes,
3405 4258 3462 4304 et

1893 4339 2132 4391 membra
2200 4339 2273 4392 illi
2327 4339 2630 4405 evadimus,
2690 4348 2744 4394 et
2785 4340 2832 4394 si
2879 4340 3008 4410 quid
3066 4340 3215 4396 aliud
3271 4340 3461 4395 eodem

1894 4429 2145 4498 pertinet.
2176 4426 2646 4493 Quemadmodum
2685 4429 2830 4483 enim
2888 4430 3306 4500 benignitatem,
3356 4446 3462 4501 qua

229 4522 461 4588 ἀξιῶσαι
491 4522 750 4590 χαρίτων,
786 4522 931 4591 καὶὴ
973 4523 1252 4588 συνάφεια,
1290 4520 1412 4573 καθ’
1446 4523 1514 4592 ἢν
1575 4522 1776 4574 σύνεστι

1898 4520 2160 4589 impulsus
2195 4520 2450 4579 inimicos
2479 4520 2615 4574 adeo
2633 4519 2844 4584 dilexit,
2875 4521 3152 4589 tantisque
3181 4521 3462 4576 beneﬂciis

227 4618 339 4675 τοῖς
370 4614 731 4682 φιλουμένοις,
757 4614 936 4665 πᾶσαν
964 4613 1143 4666 εἰκόνα
1170 4615 1263 4665 καὶ
1288 4614 1468 4664 πᾶσαν
1513 4613 1790 4683 ἐπωνυμί-

230 4725 298 4759 αν
335 4708 478 4775 νικᾷ,
508 4705 649 4758 οὖτω
682 4706 777 4758 καὶ
813 4707 841 4757 ό
884 4703 1104 4772 τρόπος,
1160 4703 1281 4756 καθ’
1310 4703 1369 4756 ὃν
1431 4703 1646 4758 σύνεστι
1693 4705 1786 4758 καὶ

231 4799 459 4862 εὑποιεῖ,
493 4797 819 4869 θαυμαστὸς,
848 4797 943 4848 καὶ
967 4794 1043 4861 τῷ
1067 4794 1350 4862 θαυμαστὰ
1380 4793 1624 4846 ποιοῦντι
1646 4794 1791 4863 μόνῳ

231 4890 548 4960 προσήκων.
575 4888 677 4940 Τὸν
711 4887 816 4956 γὰρ
847 4887 1095 4947 θάνατον,
1151 4885 1212 4937 ὃν
1239 4885 1451 4955 άληθῶς
1508 4885 1649 4956 ὑπὲρ
1691 4889 1792 4957 τῆς

233 4982 507 5052 ἡμετέρας
537 4980 680 5048 ζωῆς
707 4979 967 5043 ἀπέθανε,
1003 4977 1291 5046 συμϐόλοις
1358 4977 1469 5030 τισὶ
1535 4979 1789 5048 καθάπερ

235 5076 294 5126 έν
333 5074 516 5142 γραφῇ
555 5071 924 5140 μιμουμένους
953 5070 1272 5138 πράγμασιν
1300 5071 1482 5132 αὐτοῖς
1513 5070 1797 5123 ἀνακαινί-

237 5163 323 5230 ζει
351 5164 442 5218 καὶ
473 5160 804 5221 ἀναπλάττει
828 5160 918 5213 ταὶ
949 5161 1045 5221 τῆς
1075 5157 1270 5211 ἑαυτοῦ
1323 5161 1608 5223 κοινωνοὺς
1631 5164 1801 5214 ποιεῖ-

238 5274 332 5311 ται
361 5255 528 5324 ζωῆς.

326 5442 451 5497 Ἐπὶ
474 5442 586 5511 γὰρ
602 5439 710 5493 τῶν
733 5436 1046 5508 μυστηρίων
1085 5436 1198 5490 τῶν
1219 5435 1380 5505 ἰερῶν
1404 5435 1494 5487 τὸν
1518 5435 1686 5503 τάφον
1707 5435 1801 5486 αὑ-

243 5534 339 5590 τοῦ
369 5534 674 5604 γράφοντες
696 5531 791 5586 καὶ
817 5531 910 5583 τὸν
939 5529 1168 5582 θάνατον
1209 5527 1376 5581 αὑτοῦ
1403 5527 1804 5594 καταγγέλλονο

244 5645 359 5692 τες,
387 5627 454 5680 δι’
475 5625 654 5679 αὐτῶν
683 5622 1003 5692 γεννώμεθα
1025 5622 1118 5675 καὶ
1147 5619 1489 5687 πλαττόμεθα
1519 5619 1611 5677 καὶ
1643 5619 1808 5686 ὑπερ-

249 5721 402 5790 φυῶς
442 5715 829 5787 συναπτόμεθα
851 5715 927 5785 τῷ
958 5714 1172 5784 Σωτῆρι
1236 5713 1407 5765 ταῦτα
1438 5711 1546 5780 γάρ
1572 5712 1708 5775 ἐστι,
1736 5708 1807 5761 δι’

1898 4612 2217 4674 cumulavit,
2242 4611 2387 4665 nulla
2431 4611 2618 4679 lingua
2646 4619 3042 4681 consequatur:
3070 4621 3124 4666 et
3159 4621 3218 4666 ut
3241 4613 3467 4682 proinde

1897 4703 2210 4771 conjunctio
2254 4702 2394 4770 ejus,
2447 4719 2554 4772 qua
2589 4703 2782 4758 amicis
2811 4703 2925 4759 suis
2955 4702 3282 4770 devincitur,
3344 4719 3466 4759 om.

1897 4810 2022 4850 num
2049 4810 2168 4863 quae
2186 4794 2370 4849 animo
2387 4793 2666 4849 informari
2708 4805 2802 4848 aut
2825 4794 3093 4849 nominari
3119 4804 3317 4863 potest,
3339 4809 3467 4850 con-

1896 4888 2226 4956 iunctionem
2259 4895 2384 4956 post
2412 4901 2472 4946 se
2510 4887 2805 4956 relinquit;
2837 4886 2916 4940 sic
2943 4886 3071 4940 item
3131 4889 3324 4942 modus
3359 4901 3470 4957 quo

1901 4980 2054 5034 adest
2101 4987 2160 5031 et
2181 4977 2470 5042 bcnefacit,
2503 4976 2861 5031 admiratione
2901 4974 3122 5045 dignus,
3155 4985 3209 5033 et
3247 4975 3470 5030 facienti

1903 5069 2168 5123 mirabilia
2194 5068 2297 5124 soli
2352 5067 2684 5126 conveniens
2725 5076 2825 5123 est.
2864 5065 3088 5120 Mortem
3113 5066 3281 5130 enim,
3309 5082 3468 5135 quam

1904 5161 2022 5236 ipse
2044 5175 2141 5228 pro
2192 5161 2299 5213 vita
2336 5169 2523 5214 nostra
2551 5174 2675 5214 vere
2698 5159 2850 5223 obiit,
2878 5159 3048 5227 signis
3096 5167 3150 5214 et
3180 5158 3326 5212 notis
3351 5158 3472 5225 qul-

1905 5253 2158 5314 busdam,
2199 5253 2342 5306 velut
2369 5253 2421 5306 in
2453 5253 2661 5321 pictura
2693 5253 2993 5315 imitantes,
3036 5250 3204 5305 rebus
3233 5250 3363 5318 ipsis
3387 5263 3474 5302 rc-

1905 5352 2070 5396 novat
2098 5351 2148 5395 et
2180 5343 2481 5406 instaurat,
2534 5357 2597 5396 ac
2623 5343 2745 5396 vitm
2777 5359 2888 5397 sua:
2918 5353 3202 5398 consortes
3232 5347 3472 5409 praestat.

1965 5431 2022 5485 in
2046 5434 2212 5487 sacris
2235 5448 2467 5500 namque
2502 5431 3103 5502 mysteriissepulturam
3127 5435 3245 5499 ejus
3286 5429 3475 5481 adum-

1907 5525 2148 5585 Iirantcs,
2172 5531 2223 5577 et
2245 5534 2472 5577 mortem
2490 5523 2899 5590 annuntiantes,
2923 5539 3016 5592 per
3038 5538 3100 5576 ea
3129 5533 3474 5589 generamur,

1908 5614 2260 5683 etlingitnur,
2290 5623 2344 5668 et
2371 5614 2827 5692 excellentissime
2875 5630 2996 5668 cum
3049 5613 3335 5667 Salvatore
3387 5623 3480 5662 co-

1911 5705 2224 5760 alescimus.
2265 5705 2386 5762 [hec
2413 5707 2554 5761 enim
2582 5715 2729 5772 sunt,
2759 5721 2851 5776 per
2880 5721 3000 5776 qua:
3021 5704 3073 5758 in
3110 5699 3482 5773 ipso,utPaus-

326 5832 366 5861 ιθ
402 5828 544 5887 Psul.
578 5841 841 5892 cxxxvm,
878 5824 1024 5882 8-10.
1101 5824 1146 5855 “
1199 5822 1332 5878 Luc.
1370 5839 1490 5891 xw,
1540 5821 1630 5878 23.
1710 5820 1751 5852 “
1785 5820 1946 5877 Rom.
1982 5835 2059 5888 ts,
2089 5818 2143 5872 ὅ.
