4154 6308
703 340 804 403 507

1946 333 2253 397 NICOLAI
2285 332 2673 397 CABASlL/E

3819 334 3945 398 50?

700 449 919 506 seribit:
951 448 1199 505 «Justiti:
1254 450 1397 503 enim
1432 450 1523 506 Dei
1559 452 1613 505 in
1640 466 1707 506 eo
1734 450 2004 506 reveletur
2025 451 2093 513 ³⁸,
2124 469 2141 499 ι
2178 447 2251 499 in-
2286 493 2288 502 ι

2371 448 2575 511 Παῦλος
2598 445 2718 502 εἷπε
2788 447 2838 500 εί
2864 449 2973 517 γάρ
2997 446 3115 502 ὶστί
3138 463 3223 510 τις
3252 444 3421 515 ἀρετὴ
3439 443 3574 498 Θεοῦ
3598 444 3694 499 καὶ
3712 446 3933 500 δικαιον

702 542 839 613 quit.
872 542 925 595 Si
949 556 1056 611 qua
1088 542 1229 595 enim
1252 550 1332 596 est
1355 543 1563 609 justitia
1619 552 1674 597 et
1700 544 1869 597 virtus
1899 543 2012 608 Dei,
2043 558 2103 597 ea
2134 544 2260 608 erit,

701 633 957 693 omnibus
992 632 1283 687 amuentes
1346 638 1485 687 bona
1533 650 1629 688 sua
1696 636 1984 704 impertiri,
2039 636 2263 704 ipsaque

703 725 1012 778 communio
1045 725 1414 780 beatitudinis.
1447 727 1596 780 Hanc
1631 727 1702 780 oh
1735 742 1956 781 causam
2007 726 2262 797 mysteria

704 813 1073 866 sacratissima
1132 824 1302 881 porta:
1357 816 1583 883 iustitia:
1644 818 1837 871 merito
1887 818 2262 882 nominentur,

703 902 959 968 quoniam
990 902 1077 955 Dei
1106 920 1230 973 erga
1260 920 1429 973 genus
1454 916 1696 960 nostrum
1737 922 1988 976 suprema
2019 909 2262 976 benigni-

707 1004 787 1045 tas
804 1004 855 1046 et
884 994 1119 1057 bcmitas,
1146 1011 1264 1062 qua:
1290 1007 1369 1049 est
1390 996 1568 1051 divina
1599 1001 1771 1053 virtus
1794 1008 1847 1053 et
1865 1000 2097 1069 justitia,
2123 999 2267 1053 hunc

705 1083 861 1135 nobis
898 1082 1173 1137 introitum
1211 1086 1263 1137 in
1296 1087 1491 1139 ctelum
1531 1088 1799 1156 patefecit.

778 1175 891 1226 lmo
943 1191 1071 1228 vero
1120 1178 1278 1230 etiam
1307 1180 1412 1232 alio
1443 1182 1619 1240 melo.
1645 1181 1852 1246 judicio
1902 1182 2160 1249 quodam,
2211 1191 2264 1235 et

706 1264 919 1326 justitia
950 1264 1055 1316 hoc
1082 1273 1345 1333 tropteum
1403 1268 1687 1319 constituit
1721 1268 1995 1328 Dominus,
2046 1276 2099 1320 et
2127 1268 2267 1321 hanc

709 1357 915 1409 portam
952 1360 1004 1401 et
1047 1352 1187 1404 hanc
1229 1355 1365 1404 viam
1398 1355 1555 1408 nobis
1581 1354 1662 1409 est
1697 1355 1944 1422 largitus.
1976 1356 2093 1411 Non
2120 1356 2264 1410 enim

708 1438 950 1505 raptivos
976 1441 1177 1506 rapuit,
1212 1443 1303 1495 sed
1355 1444 1690 1499 liberationis
1727 1447 1955 1515 pretium
1987 1447 2263 1515 persolvit,

707 1535 760 1577 et
793 1526 985 1579 fortem
1045 1529 1305 1598 alligavit,
1343 1534 1486 1601 quod
1515 1543 1661 1589 esset
1708 1538 2000 1603 potentior,
2037 1550 2089 1592 et
2120 1541 2265 1607 justa

708 1617 974 1669 sententia
1015 1632 1081 1672 eo
1115 1621 1492 1687 condemnato,
1520 1626 1761 1694 regnavit
1786 1629 1838 1681 in
1883 1629 2043 1682 domo
2079 1629 2264 1695 Jacob,

709 1701 763 1753 in
791 1703 1077 1760 animabus
1131 1709 1410 1763 hominum
1475 1715 1807 1782 tyrannidem
1844 1729 2125 1783 evertens;
2157 1735 2262 1772 non

707 1793 835 1859 quia
873 1805 1116 1850 evertere
1167 1800 1361 1867 potuit,
1409 1803 1501 1854 sed
1545 1804 1672 1871 quia
1702 1819 1819 1858 eam
1860 1809 2259 1874 evertijustum

708 1890 842 1934 erat.
874 1883 1049 1953 Atque
1072 1886 1173 1940 hoc
1201 1889 1363 1941 David
1392 1890 1656 1950 indicans.
1680 1895 1791 1950 ait:
1832 1896 2074 1952 «Justitia
2098 1908 2150 1951 et
2170 1898 2263 1967 ju-

709 1973 933 2039 dicium,
959 1981 1275 2046 praeparatio
1306 1982 1450 2037 sedis
1476 1993 1579 2037 tua:
1599 1988 1695 2038 ³¹.›
1731 1988 1847 2041 Non
1870 1991 2042 2043 solum
2082 2000 2260 2046 autem

706 2064 916 2131 jttstitia
946 2066 1041 2121 bas
1070 2079 1255 2137 portas
1306 2077 1542 2141 aperuit,
1594 2080 1686 2129 sed
1720 2080 1879 2131 etiam
1912 2082 2112 2149 iustitia
2144 2085 2262 2150 ipsa

711 2168 806 2216 per
834 2169 926 2214 eas
950 2157 1012 2208 ad
1045 2172 1215 2226 genus
1273 2173 1516 2215 nostrum
1580 2166 1748 2220 venit.
1778 2166 2060 2223 Prioribus
2116 2172 2258 2226 enim

692 2243 1064 2311 temporibus,
1108 2248 1419 2317 priusquam
1458 2252 1598 2308 Deus
1628 2254 1691 2307 ad
1720 2256 1966 2311 homines
1990 2260 2265 2316 delabere-

711 2340 822 2397 tur,
851 2334 1061 2403 justitia
1091 2339 1146 2392 ln
1180 2344 1308 2394 orbe
1337 2352 1602 2399 terrarum
1644 2364 1914 2416 nusquam
1952 2354 2261 2409 invenieba-

714 2431 825 2476 tnr.
861 2425 976 2492 Ipse
1024 2430 1167 2481 enim
1203 2432 1340 2487 Deus
1385 2435 1449 2488 de
1471 2438 1607 2490 ctelo
1658 2442 1926 2508 aspiciens
1980 2448 2261 2513 quaesivit,

712 2526 871 2580 quem
910 2518 1075 2570 latere
1130 2534 1236 2573 non
1295 2526 1576 2589 potuisset.
1636 2529 1678 2581 si
1722 2530 1824 2583 ulla
1856 2536 2185 2601 exstitisset,
2213 2548 2264 2594 ct.

715 2615 892 2658 tamen
916 2622 1022 2659 non
1053 2610 1285 2665 invenit:
1313 2612 1540 2671 «Omnes
1562 2620 1934 2690 enim,iuquit,
1960 2626 2265 2682 declinave-

715 2702 860 2756 runt.
894 2704 946 2749 et
970 2697 1186 2754 inutiles
1218 2700 1340 2754 facti
1381 2714 1540 2757 sunt:
1581 2722 1685 2760 non
1739 2718 1821 2762 est
1853 2713 1943 2778 qui
1982 2712 2142 2767 faciat
2172 2720 2265 2769 bo-

715 2799 843 2840 num
874 2803 888 2848 ;
928 2803 1033 2841 non
1091 2800 1173 2844 cst
1229 2809 1400 2861 usque
1435 2796 1500 2847 ad
1562 2812 1728 2851 unum
1755 2800 1851 2851 ³¹.ι
1884 2802 1953 2853 At
1981 2812 2261 2873 postquam

715 2875 912 2930 veritas
941 2878 1006 2931 de
1033 2887 1170 2934 terra
1224 2882 1274 2935 in
1304 2885 1536 2938 tenebris
1567 2897 1727 2955 atque
1778 2891 1965 2943 umbra
2001 2894 2262 2947 mendacii

714 2964 1028 3024 sedentibus
1060 2982 1247 3025 exorta
1283 2984 1383 3035 est,
1416 2983 1544 3029 tunc
1574 2978 1733 3030 etiam
1792 2981 1999 3047 justitia
2029 2984 2095 3036 de
2129 2986 2264 3038 cmlo

715 3059 1008 3125 prospexit,
1034 3071 1086 3114 et
1108 3071 1219 3115 tum
1253 3064 1485 3131 primum
1518 3083 1639 3121 vere
1682 3070 2021 3141 perfectaque
2050 3074 2301 3127 bumini-'

715 3145 817 3198 bus
839 3150 1083 3215 apparuit
1109 3191 1124 3215 ,
1152 3160 1203 3204 et
1228 3151 1508 3219 iustificati
1538 3171 1761 3221 sumus;
1793 3161 2024 3228 primum
2060 3164 2274 3231 quidem

715 3251 745 3287 δ
784 3237 1033 3304 vinculis,
1089 3248 1143 3293 et
1195 3256 1222 3293 a
1256 3244 1462 3297 ratione
1496 3247 1760 3302 reddenda
1816 3251 2052 3318 liberati,
2089 3269 2152 3305 eo
2183 3258 2274 3323 qui

716 3324 849 3378 nihil
878 3330 1098 3384 sceleris
1131 3332 1423 3387 admiserat
1455 3351 1550 3403 per
1580 3348 1803 3392 mortem
1841 3344 2019 3396 crucis
2054 3360 2150 3410 pro
2178 3360 2276 3397 no-

719 3416 800 3479 bis
834 3421 1228 3487 respondente;
1261 3439 1364 3491 qua
1408 3440 1593 3493 poenas
1622 3429 1719 3483 luit
1773 3448 1984 3495 eorum,
2028 3450 2146 3500 quae
2177 3453 2275 3490 nos

718 3506 924 3562 nefarie
954 3512 1071 3564 ausi
1104 3511 1417 3569 fueramus:
1451 3517 1643 3571 deinde
1670 3534 1765 3588 per
1790 3533 2013 3576 mortem
2047 3525 2190 3578 illam
2221 3537 2273 3581 et

716 3600 871 3653 amici
900 3600 1011 3662 Dei,
1030 3612 1082 3655 et
1101 3603 1548 3671 justi-evasimus.
1579 3610 1697 3663 Non
1724 3611 1867 3665 enim
1897 3618 2273 3670 tantummodo

716 3704 815 3742 nos
849 3689 1115 3756 liberavit,
1139 3701 1192 3747 et
1224 3710 1345 3748 cum
1373 3697 1527 3750 Patre
1553 3699 1605 3757 in
1636 3702 1861 3768 gratiam
1890 3706 2099 3758 reduxit
2128 3722 2270 3760 mor-

716 3785 841 3830 tuus
864 3778 1144 3845 Salvator,
1178 3784 1269 3836 sed
1301 3783 1522 3855 insuper
1558 3790 1733 3843 «dedit
1765 3792 1919 3845 nobis
1952 3805 2268 3862 potestatem

715 3865 852 3919 ﬁlios
887 3868 972 3921 Dei
1008 3870 1120 3923 ﬁeri
1147 3872 1242 3926 ³³.»
1302 3875 1575 3944 Copulans
1634 3880 1849 3947 quidem
1886 3884 1987 3934 sibi
2023 3895 2266 3941 naturam

713 3965 980 4024 nostram,
1018 3976 1112 4027 per
1146 3977 1360 4016 carnem
1397 3968 1553 4022 nobis
1606 3982 1949 4038 comparatur:
2010 3985 2133 4029 est:
2169 3993 2267 4031 no-

713 4056 888 4099 strum
916 4060 1093 4103 autem
1138 4068 1575 4125 unumquemque
1632 4063 1777 4114 carni
1840 4078 1952 4117 suae
1985 4067 2266 4133 cepnlans,

712 4137 911 4192 virtute
963 4146 1342 4210 mysteriorum
1378 4148 1643 4212 videlicet;
1680 4153 1781 4205 hoc
1812 4155 1972 4207 modo
1998 4157 2263 4224 justitiam

712 4244 866 4283 suam
904 4242 955 4287 et
983 4234 1143 4290 vitam
1193 4238 1245 4288 iu
1273 4238 1551 4293 animabus
1576 4242 1772 4297 nostris
1794 4245 1990 4299 exoriri
2020 4246 2160 4301 facit.
2194 4251 2265 4304 ita

715 4332 899 4370 veram
942 4318 1205 4387 justitiam
1243 4339 1334 4392 per
1365 4341 1515 4380 sacra
1573 4332 1911 4399 mysteriaet
1939 4348 2266 4403 cognoscere
2300 4370 2341 4423 Β

714 4400 1024 4466 hominibus
1050 4411 1221 4477 licuit,
1255 4426 1306 4468 et
1331 4431 1391 4470 ea
1416 4418 1514 4471 rite
1542 4419 1710 4491 fungi.

784 4582 896 4639 Etsi
936 4587 1078 4638 enim
1130 4588 1282 4642 multi
1320 4591 1473 4655 justi,
1505 4602 1556 4647 et
1581 4595 1738 4649 amici
1771 4596 1860 4651 Dei
1910 4600 1961 4652 in
2023 4601 2266 4671 Scriptu-

713 4690 773 4727 ra
801 4688 1186 4741 mcmorentur,
1225 4691 1508 4749 antequam
1540 4686 1841 4751 adveniret,
1870 4691 1960 4757 qni
1999 4693 2267 4758 jnSIitit-a-

717 4776 800 4820 ret
844 4776 897 4819 et
928 4770 1337 4833 reconciliaret,
1376 4781 1552 4826 tamen
1596 4776 1725 4827 illud
1784 4778 1832 4829 in
1879 4782 2065 4846 primis
2116 4784 2264 4850 rogi-

718 4861 936 4911 tandum
970 4868 1073 4922 est,
1118 4864 1259 4928 quod
1294 4864 1527 4930 primum
1565 4866 1628 4918 ad
1684 4869 1938 4921 saeculum
2000 4870 2264 4936 ipsorum,

715 4960 834 5016 post
866 4949 930 5000 ad
983 4948 1223 5004 futurum
1255 4952 1536 5017 attinebat,
1585 4970 1678 5008 eos
1708 4958 1971 5023 potuisse.
2007 4970 2060 5012 et
2111 4977 2267 5028 para-

717 5048 801 5092 tos
842 5038 1007 5092 fuisse
1034 5040 1099 5093 ad
1125 5043 1419 5107 justitiam,
1453 5045 1616 5099 veluti
1645 5046 1709 5098 ad
1743 5048 2015 5102 sublatum
2051 5052 2266 5118 aliquod

716 5130 928 5198 signum
999 5147 1304 5205 accurrere,
1379 5137 1760 5204 persolutoque
1828 5139 2021 5207 pretio,
2072 5141 2272 5208 quibus

720 5221 1044 5275 tenebantur
1063 5225 1288 5279 vinculis
1312 5226 1500 5290 levari,
1519 5228 1865 5297 oblatumque
1895 5232 2070 5283 lumen
2110 5247 2269 5300 aspeo

718 5328 886 5380 etare,
936 5331 987 5372 et
1045 5321 1413 5376 demonstrata
1449 5322 1560 5393 jam
1622 5326 1871 5389 veritate,
1910 5342 1937 5378 a
1972 5328 2161 5394 ﬁguris
2219 5336 2273 5381 et

719 5410 927 5462 umbris
970 5413 1237 5485 recedere.
1289 5411 1355 5467 Et
1377 5416 1478 5467 hoc
1504 5415 1634 5484 justi
1680 5417 1747 5469 ab
1791 5404 2270 5484 improbisdiﬂe-

719 5502 932 5565 relvant,
967 5516 1088 5555 cum
1137 5511 1319 5558 essent
1376 5505 1577 5575 alioqui
1636 5508 2026 5575 propemodum
2078 5506 2268 5559 iisdem

799 5680 840 5709 ³ο
888 5678 1043 5733 Rom.
1095 5697 1131 5744 ι,
1172 5681 1253 5736 l7.
1330 5681 1371 5713 "
1404 5681 1547 5737 Psal.
1590 5684 1964 5748 1.xxXVItt,15.
2044 5686 2087 5718 ³¹
2118 5683 2260 5749 Psal.
2310 5699 2418 5749 XIX,
2456 5685 2506 5738 5.

2364 537 2525 605 σύνη,
2562 537 2718 590 τοῦτο
2749 537 2817 591 ἀν
2851 537 2936 605 εἴη
2964 537 3026 589 τὺ
3051 537 3216 589 πᾶσιν
3260 534 3508 603 ἀφθόνως
3556 534 3665 589 τῶν
3694 535 3938 603 ἀγαθῶν

2364 625 2475 679 τῶν
2501 626 2693 679 ἑαυτοῦ
2722 626 3042 695 μεταδοῦναι
3067 627 3159 679 καὶ
3184 628 3216 694 ἠ
3238 626 3340 693 τῆς
3372 626 3774 694 μακαριότητος
3804 644 3931 680 κοι-

2364 717 2550 768 νωνία.
2586 713 2790 767 Τούτου
2830 714 2992 784 χάριν
3025 716 3093 767 τὰ
3138 713 3407 785 ἱερώτατα
3438 717 3716 783 μυστήρια
3753 716 3938 769 πύλαο

2366 805 2431 859 ἂν
2478 805 2702 868 είκότως
2736 806 2983 859 καλοῖντο
3037 805 3405 875 δικαιοσύνης,
3445 808 3525 859 ὅτι
3558 808 3592 877 ἡ
3635 806 3730 860 τοῦ
3784 806 3947 859 Θεοῦ

2365 896 2493 967 περὶ
2522 896 2581 950 τὸ
2612 897 2769 963 γένος
2814 898 3016 966 ἐσχάτη
3065 896 3447 966 φιλανθρωπία
3492 897 3589 949 καὶ
3624 895 3943 964 ἀγαθότης,

2364 988 2484 1057 ἥτις
2532 987 2679 1039 εστὶν
2725 988 2759 1055 ἡ
2798 986 2913 1039 θεία
2961 987 3130 1057 ἀρετὴ
3180 988 3272 1039 καὶ
3325 984 3663 1055 δικαιοσύνη.
3718 986 3943 1046 ταύτας

2366 1080 2495 1148 ἡμῖν
2525 1080 2602 1139 εἰς
2627 1080 2716 1130 τον
2743 1077 2968 1147 οὐρανὸν
2993 1078 3213 1145 ἑποίησε
3246 1077 3346 1137 τάς
3373 1076 3630 1137 εἰσόδους.

2436 1170 2543 1223 Καὶ
2581 1168 2685 1237 μὴν
2717 1169 2805 1219 καὶ
2826 1168 3015 1237 ἕτερον
3047 1168 3245 1234 τρόπον
3280 1167 3456 1235 κρίσει
3489 1168 3591 1220 τινὶ
3608 1169 3701 1218 καὶ
3718 1167 3945 1219 δικαιο-

2368 1257 2501 1327 σύνῃ
2531 1258 2688 1309 τοῦτο
2711 1258 2772 1309 τὸ
2796 1256 3053 1325 τρόπαιον
3086 1256 3315 1325 εστησεν
3342 1258 3369 1308 ό
3400 1257 3633 1325 Κύριος,
3664 1260 3760 1308 καὶ¹
3794 1257 3946 1309 ταύ-

2366 1366 2467 1417 την
2495 1350 2625 1416 ἡμῖν
2676 1346 2873 1397 [δωκεν
2920 1344 3017 1414 τὴν
3054 1343 3231 1413 πύλην
3258 1344 3353 1396 καὶ
3381 1343 3481 1411 τὴν
3524 1345 3666 1399 ὀδόν.
3694 1345 3769 1396 Οὐ
3822 1347 3944 1415 γὰρ

2367 1441 2582 1510 ἥρπασε
2613 1439 2737 1499 τοὺς
2793 1435 3189 1505 αἰχμαλώτους,
3238 1434 3373 1487 ἁ).λά
3400 1436 3596 1505 λύτρον
3628 1436 3797 1489 ἔδωκε
3838 1438 3943 1488 καὶ

2367 1530 2529 1599 ἔδησε
2572 1528 2661 1579 τὸν
2726 1527 2966 1595 ισχυρδν,
3012 1526 3074 1577 οὐ
3125 1522 3201 1595 τῷ
3259 1527 3430 1592 μείζω
3480 1526 3708 1595 δύναμιν
3760 1527 3939 1594 εγειν,

2368 1623 2531 1691 ψήφῳ
2566 1620 2618 1670 δὲ
2654 1619 2841 1687 δικαίᾳ
2877 1617 3299 1688 κατακριθέντα,
3331 1619 3427 1671 καὶ
3458 1618 3807 1671 ἑδασίλευσεν
3842 1619 3943 1669 ἐπὶ

2369 1710 2460 1761 τὸν
2484 1703 2631 1761 οἷκον
2664 1707 2877 1772 Ἰακὼϐ,
2907 1709 2963 1758 ὲν
3003 1707 3123 1767 ταῖς
3152 1705 3350 1774 ψυχαῖς
3380 1706 3486 1759 τῶν
3509 1707 3811 1775 ἀνθρώπων
3834 1706 3942 1775 τὴν

2378 1799 2664 1868 τυραννίδα
2698 1798 2886 1860 λύσας,
2935 1798 3033 1866 οὐχ
3066 1798 3148 1850 ὅτι
3192 1798 3414 1850 ἐδύνατο
3458 1798 3641 1859 λῦσαι,
3687 1797 3805 1849 ἀλλ’
3852 1799 3943 1851 ὅτι.

2376 1889 2607 1957 λυθῆναι
2637 1888 2847 1940 δίκαιον
2874 1882 2960 1958 ἦν.
2994 1887 3098 1940 Καὶ
3127 1886 3283 1940 τοῦτο
3310 1888 3578 1957 ἐμήνυσεν
3604 1890 3661 1941 ὲν
3681 1882 3761 1950 οἷς
3784 1885 3941 1951 εἶπε,

2380 1996 2400 2030 ι
2438 1976 2757 2045 Δικαιοσύνη
2803 1977 2894 2028 καὶ
2920 1977 3092 2044 κρίμα
3118 1978 3408 2044 ὲτοιμασία
3436 1977 3528 2030 τοῦ
3558 1977 3771 2046 θρόνου.
3804 1995 3825 2027 ι
3856 1979 3937 2029 ω

2375 2067 2687 2134 δικαιοσύνη
2716 2067 2771 2118 δὲ
2804 2068 2963 2134 μόνον
2992 2066 3196 2129 ταύτας
3224 2066 3388 2129 διεῖλε
3431 2069 3530 2128 τάς
3570 2066 3763 2131 πύλας,
3793 2066 3940 2119 ἀλλά

2375 2157 2689 2226 δικαιοσύνη
2738 2156 2806 2208 δι’
2840 2156 3018 2209 αὐτῶν
3052 2159 3130 2218 είς
3160 2157 3221 2209 τὸ
3271 2157 3544 2227 ἡμέτερον
3574 2158 3803 2225 ἀφίκετο
3837 2157 3940 2224 γέ-

2378 2265 2487 2310 νος.
2535 2246 2657 2298 Ἐπὶ
2692 2248 2792 2315 μὲν
2837 2247 2944 2315 γάρ
2982 2246 3087 2298 τῶν
3136 2248 3415 2314 προτέρων
3452 2247 3681 2317 χρόνων,
3736 2249 3870 2316 πρὶν
3901 2246 3938 2315 ἢ

2376 2339 2468 2390 τὸν
2497 2337 2628 2390 Θεὸν
2668 2339 2751 2398 είς
2792 2336 2919 2397 τοὺς
2958 2334 3277 2404 ἀνθρώπους
3329 2336 3683 2404 ἐπιδημῆσαι,
3717 2339 3817 2391 οὐκ
3866 2333 3941 2407 ἦν

2377 2429 2557 2497 εὑρεῖν
2590 2424 2939 2493 δικαιοσύνην
2970 2426 3059 2477 ἐπὶ
3090 2426 3189 2493 τῆς
3241 2429 3355 2495 γῆς.
3390 2427 3701 2496 Αὐτὸς-γὰρ
3744 2445 3806 2480 εκ
3839 2428 3940 2481 τοῦ

2376 2518 2606 2585 ούρανοῦ
2629 2516 2849 2584 διέκυψε
2879 2516 2973 2568 καὶ
3004 2516 3267 2584 ἐζήτησεν
3298 2518 3325 2568 ὁ
3358 2516 3510 2579 Θεὸς,
3536 2515 3596 2568 ὃν
3620 2518 3805 2572 λαθεῖν
3833 2521 3939 2575 οὐκ

2375 2607 2526 2673 ἐνῆν,
2560 2607 2718 2675 εἴπερ
2742 2606 2877 2667 ὅλως
2904 2602 2991 2676 ἦν,
3023 2606 3117 2656 καὶ
3155 2607 3303 2674 ὅμως
3330 2605 3425 2675 οὐχ
3456 2601 3579 2675 εὗρε
3655 2628 3675 2662 ι
3724 2610 3939 2674 Πά-ντες
3979 2659 3987 2662 -

2377 2696 2505 2761 γὰρ,
2536 2695 2719 2763 φησὶν,
2761 2694 3061 2759 ἐξέκλιναν,
3091 2695 3204 2763 ἀμα
3229 2696 3630 2765 ἡχρειώθησαν,
3663 2695 3761 2751 οὐκ
3812 2700 3934 2753 ἔστι

2377 2788 2546 2839 ποιῶν
2577 2787 2937 2855 χρηστότητα,
2964 2787 3063 2838 οὐκ
3087 2786 3231 2837 ἐστιν
3262 2786 3365 2848 ἕως
3388 2787 3525 2850 ἑνός.
3567 2807 3585 2840 ι
3627 2789 3779 2843 Ἐπεὶ
3806 2791 3864 2842 δὲ
3896 2792 3930 2861 ἡ

2377 2877 2605 2945 ἀλήθεια
2634 2879 2697 2929 ὲκ
2734 2878 2833 2945 τῆς
2861 2877 2963 2944 γῆς
2996 2875 3235 2928 ἀνέτειλε
3270 2879 3382 2939 τοῖς
3414 2878 3469 2928 ὲν
3508 2877 3586 2947 τῷ
3629 2881 3934 2932 σκότειτοῦ

2375 2971 2603 3039 ψεύδους
2650 2970 2741 3022 καὶ
2768 2972 2830 3038 τῇ
2868 2970 2997 3038 σκιᾷ
3036 2969 3387 3037 καθημένοις,
3438 2972 3739 3041 τηνικαῦτα
3770 2976 3863 3026 καὶ
3901 2978 3934 3045 ἡ

2378 3060 2689 3128 δικαιοσύνη
2724 3063 2786 3111 ἐκ
2836 3058 2931 3111 τοῦ
2962 3059 3191 3127 οὐρανοῦ
3239 3060 3494 3129 διέκυψεν
3522 3063 3652 3130 ἄρτι
3701 3063 3938 3132 πρώτως

2377 3149 2591 3217 ἀληθῶς
2614 3149 2705 3200 καὶ
2721 3148 2939 3211 τελείως
2952 3151 3063 3211 τοῖς
3082 3150 3177 3201 ἀνθ
3190 3149 3391 3218 ρώποις
3415 3155 3642 3219 φανεῖσα
3713 3154 3806 3205 καὶ
3820 3156 3936 3206 E6:-

2377 3240 2709 3310 καιώθημεν,
2729 3238 2941 3306 πρῶτον
2977 3240 3077 3307 μὲν
3100 3240 3206 3292 τῶν
3227 3240 3445 3309 δεσμῶν
3465 3244 3555 3294 καὶ
3580 3243 3675 3311 τῆς
3699 3243 3935 3313 εὐθύνης

2376 3332 2813 3397 ἀπαλλαγέντες,
2864 3330 2958 3383 τοῦ
3007 3316 3176 3401 μηδὲν
3221 3330 3545 3401 ἀδικηκότος
3593 3335 3732 3404 ὑπὲρ
3773 3338 3935 3405 ἡμῶν

2374 3421 2858 3489 ἀπολογησαμένου
2891 3420 2966 3489 τῷ
3011 3421 3099 3473 διὰ
3155 3422 3388 3490 σταυροῦ
3432 3422 3668 3492 θανάτῳ,
3712 3427 3833 3479 καθ’
3871 3428 3935 3481 δν

2376 3512 2540 3565 ἔδωκε
2572 3511 2726 3581 δίκην
2775 3512 2916 3579 ὑπὲρ
2946 3504 3021 3564 ὧν
3074 3512 3235 3580 ἡμεῖς
3292 3512 3693 3582 ἐτολμήσαμεν,
3738 3515 3934 3571 ἔπειτα

2376 3602 2471 3653 καὶ
2510 3602 2652 3670 φίλοι
2686 3599 2821 3653 Θεοῦ
2854 3603 2947 3652 καὶ
2982 3601 3180 3653 δίκαιοι
3223 3603 3568 3670 κατέστημεν
3597 3605 3685 3655 διά
3711 3604 3804 3657 τὸν
3838 3605 3935 3659 θά-

2375 3710 2533 3744 νατον
2561 3694 2786 3745 ἐκεῖνον.
2832 3691 2907 3743 Οὐ
2948 3690 3055 3760 γὰρ
3096 3691 3251 3742 ἔλυσε
3300 3692 3461 3759 μόνον
3495 3692 3588 3744 καὶ
3638 3694 3718 3763 τῷ
3756 3696 3934 3767 Πατρὶ

2375 3783 2710 3855 κατήλλαξεν
2748 3782 3033 3835 ἀποθανὼν
3080 3784 3107 3833 ὁ
3163 3783 3372 3852 Σωτὴρ,
3402 3783 3529 3835 ἀλλά
3559 3788 3654 3839 καὶ
3686 3806 3705 3837 ι
3733 3788 3932 3844 ἔδωκεν

2372 3879 2503 3945 ἡμῖν
2535 3874 2786 3939 ἐξουσίαν
2817 3873 2981 3926 τέκνα
3014 3872 3147 3924 Θεοῦ
3182 3873 3456 3939 γενέσθαι,
3499 3892 3516 3924 ι
3554 3875 3796 3944 συνάψας
3831 3880 3932 3946 μὲν

2372 3962 2549 4031 ἐαυτῷ
2589 3963 2689 4029 τὴν
2722 3961 2885 4030 φύσιν
2908 3962 3005 4029 τὴν
3040 3962 3314 4029 ἡμετέραν
3343 3960 3432 4012 διὰ
3471 3962 3569 4031 τῆς
3609 3967 3829 4035 σαρκὸς,
3863 3971 3931 4038 ἣν

2324 4046 2325 4049 “
2370 4054 2631 4116 ἀνείλετο,
2699 4054 2983 4105 συνάπτων
3033 4053 3087 4105 δὲ
3144 4052 3301 4120 ἡμῶν
3336 4052 3565 4105 ἕκαστον
3617 4060 3682 4125 τῇ
3730 4058 3928 4112 ἑαυτοῦ

2374 4146 2535 4213 σαρκὶ
2561 4148 2624 4213 τῇ
2657 4145 2882 4213 δυνάμει
2928 4146 3036 4195 τῶν
3084 4147 3421 4213 μυστηρίων.
3458 4148 3569 4199 Καὶ
3612 4146 3802 4200 τοῦτον
3836 4152 3928 4203 τίον

2369 4236 2567 4301 τρόπον
2595 4235 2691 4303 τὴν
2716 4234 2907 4286 ἑαυτοῦ
2935 4234 3281 4303 δικαιοσύνην
3313 4239 3404 4291 καὶ
3434 4238 3533 4305 τὴν
3562 4239 3705 4303 ζωὴν
3733 4241 3788 4291 ἐν
3811 4244 3928 4306 ut;

2371 4330 2664 4396 ἡμετέραις
2695 4325 2969 4377 ἀνατέλλει
2997 4324 3195 4393 ψυχαῖς
3263 4327 3403 4381 οὕτω
3419 4328 3515 4399 τὴν
3545 4328 3717 4399 ἀληθῆ
3732 4330 3935 4387 δικαιο-

2374 4418 2541 4486 σύνην
2585 4417 2671 4469 διὰ
2728 4416 2837 4467 τῶν
2874 4416 3201 4485 μυστηρίων
3257 4417 3364 4470 τῶν
3430 4419 3590 4486 ἱερῶν
3654 4420 3931 4489 ἐξεγένετο

2371 4509 2464 4561 κθι
2493 4507 2695 4573 γνῶναι
2725 4507 2834 4566 τοῖς
2868 4503 3175 4573 ἀνθρώποις
3206 4506 3301 4557 καὶ
3329 4506 3695 4571 κατορθῶσαι.

2439 4600 2499 4649 Et
2550 4598 2656 4664 γὰρ
2695 4595 2875 4647 πολλοὶ
2921 4596 3117 4647 δίκαιοι
3172 4595 3265 4647 καὶ
3313 4589 3455 4662 φίλοὶ
3499 4596 3631 4646 Θεοῧ
3671 4600 3817 4643 rw?
3872 4605 3936 4635 θ’.

2369 4690 2559 4757 Γραφῇ
2604 4687 2732 4755 πρὶν
2767 4685 2993 4752 ἀφῖχθαι
3036 4686 3125 4736 τὸν
3168 4686 3475 4738 δικαιοῦντα

2370 4797 2550 4844 τοντα,
2602 4782 2779 4830 ἐκεῖνο
2830 4776 3134 4840 λογίζεσθαι
3168 4777 3292 4846 χρὴ,
3330 4781 3564 4844 μάλιστα
3620 4781 3716 4848 μὲν
3769 4784 3825 4819 δ..
3860 4786 3920 4813 ..ετ

2372 4872 2535 4937 γενεᾷ
2568 4870 2767 4931 αὐτῶν,
2801 4868 2989 4919 ἔπειτα
3023 4869 3117 4919 καὶ⁵
3156 4867 3243 4919 διὰ
3284 4868 3343 4919 τὸ
3380 4868 3551 4936 μέλλο

2374 4963 2617 5029 ἐγένοντο
2665 4962 2757 5013 καὶ
2814 4960 3348 5027 παρασκευάσθησαν
3404 4963 3712 5031 Mulviana
3768 4982 3930 5033 προσ-

2374 5055 2601 5123 δραμεῖν
2634 5055 2698 5121 τῇ
2737 5051 3053 5122 δικαιοσύνῃ
3097 5052 3190 5103 καὶ
3222 5051 3446 5121 λυθῆναι
3482 5053 3581 5123 μὲν
3609 5055 3704 5106 τοῦ
3734 5055 3931 5127 λύτρου

2374 5142 2828 5210 καταϐληθέντος,
2880 5140 3007 5193 ἰδεῖν
3040 5142 3090 5193 δὲ
3135 5140 3227 5194 τοῦ
3271 5144 3446 5209 φωτὸς
3491 5144 3773 5210 φανέντος.
3804 5146 3930 5198 ἀνα-

2373 5235 2561 5302 στῆναι
2599 5234 2653 5284 δὲ
2684 5232 2791 5283 τῶν
2828 5228 3015 5284 τύπων
3054 5233 3154 5300 τῆς
3192 5233 3451 5303 ἀληθείας
3486 5234 3925 5304 ἀναδειχθείσης.

2375 5328 2477 5377 Καὶ
2515 5324 2685 5391 τούτῳ
2726 5323 3020 5388 διήνεγκαν
3057 5323 3105 5375 oi
3155 5323 3357 5376 δίκαιοι
3401 5323 3508 5374 τῶν
3550 5325 3822 5392 πονηρῶν,
3868 5326 3927 5380 ιν

2370 5420 2481 5477 τοῖς
2513 5414 2694 5476 αὐτοῖς
2741 5415 2924 5483 σχεδον
2976 5414 3204 5476 ἐκείνοις
3252 5414 3405 5475 ὄντες
3450 5414 3662 5483 δεσμοῖς
3708 5415 3801 5467 καὶ
3818 5416 3929 5485 -τὴν

2371 5506 2537 5575 αὐτὴν
2571 5505 2931 5572 ὑφιστάμενοι
2975 5502 3286 5571 τυραννίδα.
3320 5503 3400 5555 ὅτι
3449 5503 3498 5554 οἱ
3542 5503 3803 5573 μὲν-πρὸς
3837 5502 3926 5558 τὸν

3788 4716 3927 4744 duos-

2583 5682 2628 5715 ³³
2652 5679 2808 5736 Joan.
2847 5694 2885 5749 ι,
2933 5680 2997 5733 12
