4154 6308
699 332 800 396 5H

1963 331 2274 390 NICOLAI
2314 331 2395 388 CA
2411 329 2700 389 BASILE

3841 319 3980 381 512

695 454 902 506 tionem
955 461 1007 506 et
1046 453 1340 505 amicitiam
1375 466 1512 506 esse.
1569 449 1673 502 va
1727 450 1924 503 etenim
1967 451 2139 504 servis
2176 449 2267 502 da-

2392 452 2624 503 ιπάντων
2674 447 2878 512 γίνεται
2930 442 3109 509 δῆλον,
3153 440 3338 508 ὥσπερ
3377 458 3395 490 ι
3440 437 3790 507 πρωτότοκος
3835 437 3976 486 τῶν

701 553 810 599 tur,
841 541 1140 593 amicorum
1181 548 1357 592 autem
1393 541 1734 606 liliorumque
1775 542 1967 608 gratia,
2008 537 2163 596 Iides.
2200 538 2261 589 li-

697 631 860 683 ducia
908 639 1010 684 est.
1056 631 1126 684 Ex
1171 632 1369 699 quibus
1399 632 1650 683 omnibus
1699 640 1863 697 patet,
1913 629 2264 698 quemadmo—

703 723 832 775 dum
878 723 1129 776 Salvator
1167 745 1184 773 ι
1234 726 1630 791 primogenitus
1659 733 1741 778 est
1780 733 2117 775 mortuorum
2147 722 2210 783 ³⁷,
2239 740 2255 771 ι

707 829 810 866 nec
845 825 1055 881 poterat
1089 818 1383 884 quisquam
1417 815 1796 870 defuncturum
1833 824 1957 868 ante
1983 814 2048 868 ad
2102 814 2263 866 vitam

709 909 1071 960 immortalem
1107 909 1448 968 reviviscere,
1509 921 1668 974 quam
1706 907 1793 959 ille
1825 905 2098 959 redivivus
2121 904 2267 957 exsi-

707 1008 876 1050 steret
913 1014 928 1062 ;
975 999 1161 1052 eodem
1199 999 1360 1051 modo
1393 999 1554 1050 etiam
1578 996 1642 1049 ad
1671 997 2007 1049 sanctitatem
2032 994 2268 1064 etjusti-

713 1088 843 1138 tiam
871 1087 1182 1138 hominibus
1205 1086 1375 1152 ipsum
1409 1086 1582 1138 solum
1617 1085 1938 1152 praeivisse;
1973 1091 2026 1134 et
2070 1079 2269 1133 Paulus

713 1177 1024 1234 conﬁrmat,
1085 1177 1361 1228 tlhris?um
1409 1190 1799 1244 prmeursorevn
1875 1188 1972 1240 pro
2009 1172 2163 1224 nobis
2216 1171 2270 1223 in

714 1277 908 1320 sancta
940 1269 1219 1319 introiisse
1279 1268 1548 1321 scribens.
1600 1267 1853 1319 Introivit
1904 1265 2047 1316 enim
2120 1272 2274 1330 post-

717 1373 881 1423 quam
916 1358 1151 1424 seipsum
1186 1359 1380 1410 obtulit
1414 1356 1576 1418 Patri,
1602 1368 1654 1410 ct
1677 1357 1918 1409 volentes
1957 1353 2274 1422 introducit,

718 1443 1008 1510 sepulturze
1032 1445 1148 1512 ejus
1182 1454 1464 1499 consortes
1495 1461 1510 1509 ;
1546 1461 1652 1498 nou
1685 1459 1814 1498 sane
1843 1443 2064 1513 perinde
2098 1452 2153 1494 ut
2189 1442 2278 1493 ille

723 1534 1044 1598 morientes,
1075 1536 1166 1588 sed
1207 1545 1435 1588 mortem
1495 1536 1641 1588 illam
1676 1536 1727 1588 in
1756 1534 1976 1587 lavacro
2024 1533 2277 1602 baptismi

723 1624 1034 1694 cogitationi
1077 1626 1447 1694 subjicirntes,
1473 1635 1525 1678 et
1550 1637 1763 1686 unctos,
1792 1635 1844 1679 et
1872 1627 1922 1677 iu
1952 1640 2102 1678 sacra
2132 1640 2282 1675 mcu-

725 1729 785 1766 sa
835 1715 1249 1780 annuntiantes,
1311 1718 1580 1784 modoque
1645 1716 1902 1770 ineffabili
1956 1731 2051 1785 pro
2106 1715 2282 1782 epulis

2363 541 2571 608 νεκρῶν
2605 559 2620 588 ι
2645 540 2672 589 6
2701 537 2913 603 Σωτὴρ,
2947 536 3039 585 καὶ
3062 533 3160 584 οὐκ
3185 529 3250 601 ἦν
3275 529 3568 582 ἀναϐιῶναι
3600 527 3707 578 τῶν
3735 525 3978 590 τεθνη-

2365 632 2538 683 κότων
2575 629 2766 679 οὐδένα
2813 627 2910 691 τὴν
2965 623 3230 675 ἀθάνατον
3277 621 3423 688 ζωὴν
3463 619 3537 687 μὴ
3592 617 3972 674 ἀναστάντος

2365 722 2574 774 ἐκείνου
2636 717 2726 770 τὸν
2779 720 2894 770 ἴσον
2927 715 3125 782 τρόπον
3157 712 3249 765 καὶ
3278 712 3413 779 πρὸς
3457 710 3552 777 τὴν
3613 705 3976 771 ἁγιωσύνην

2367 814 2460 866 καὶ
2489 810 2834 878 δικαιοσύνην
2858 811 2968 869 τοῖς
2994 805 3300 875 ἀνθρώποις
3331 802 3493 864 αὐτὸς
3535 800 3788 870 ἡγήσατο
3846 798 3974 861 μό·-

2370 923 2478 967 νος,
2514 903 2607 955 καὶ
2655 901 2810 954 τοῦτο
2859 899 3066 959 Παῦλος
3113 898 3280 959 ἔδειξε
3334 895 3583 962 γράφων,
3617 891 3972 959 πρόδρομον

2371 996 2509 1063 ὑπὲρ
2542 992 2704 1062 ήμῶν
2730 994 2808 1055 είς
2839 992 2906 1043 τά
2938 989 3070 1056 ἆγια
3101 991 3193 1039 τὸν
3229 985 3461 1054 Χριστὸν
3503 980 3971 1051 εἰσεληλυθέναι.

2373 1085 2604 1150 Εἰσῆλθε
2621 1084 2728 1152 γάρ
2743 1083 2820 1144 εἰς
2840 1083 2907 1135 τὰ
2925 1081 3075 1147 ἆγια,
3096 1078 3286 1132 ἑαυτὸν
3308 1073 3612 1139 ἀνενεγκὼν
3634 1072 3711 1138 τῷ
3731 1068 3970 1136 Πατρλ,

2374 1181 2466 1231 καὶ
2495 1178 2621 1238 τοὺς
2656 1175 3009 1244 βουλομένους
3038 1171 3244 1237 εἰσάγει
3279 1169 3376 1236 τῆς
3419 1167 3596 1232 ταφῆς
3631 1163 3779 1229 αὐτῷ
3827 1178 3970 1212 κοι-

2375 1269 2697 1330 νωνοῦντας,
2731 1269 2829 1319 οὐκ
2857 1265 3302 1331 ἀποθνήσκοντας
3332 1260 3519 1326 ὥσπερ
3564 1257 3791 1314 ἐκεῖνος,
3829 1250 3973 1302 ἀλλ’

2378 1363 2469 1414 ἐπὶ
2501 1361 2594 1414 τοῦ
2623 1358 2846 1428 λουτροῦ
2878 1359 2967 1409 τὸν
3002 1356 3226 1408 θάνατον
3259 1348 3742 1414 ἐπιδεικνυμένους
3794 1345 3972 1393 ἐκεῖ-

2379 1471 2488 1514 νον,
2551 1453 2643 1502 καὶ
2694 1451 2785 1504 ἐπὶ
2841 1448 2939 1516 τῆς
2987 1445 3266 1514 τραπέζης
3314 1438 3785 1506 καταγγέλλοντας
3849 1432 3976 1497 τῆς

2383 1543 2533 1608 ἱερᾶς
2568 1540 2660 1592 καὶ
2716 1539 3035 1607 χρωμένους
3084 1538 3178 1586 καὶ
3237 1531 3644 1601 εὐωχουμένους
3700 1524 3974 1596 ἄρρητον

2383 1645 2501 1679 τινα
2541 1627 2740 1694 τρόπον
2775 1627 2938 1678 αὐτὸν
2984 1627 3072 1676 τὸν
3103 1624 3444 1692 νεκρωθέντα
3473 1621 3566 1672 καὶ
3610 1617 3970 1670 ἀναστάντα.

2387 1719 2496 1771 Καὶ
2530 1717 2672 1769 οὕτω
2704 1716 2792 1768 διὰ
2821 1717 2927 1767 τῶν
2957 1714 3140 1766 πυλῶν
3169 1713 3371 1764 τούτων
3401 1707 3712 1777 εἰσαγαγὼν
3744 1708 3827 1766 είς
3864 1703 3974 1771 τὴν

726 1814 1008 1858 sumentes
1070 1806 1246 1874 ipsum
1297 1807 1387 1871 qui
1439 1817 1682 1860 mortuus
1741 1818 1822 1861 est
1868 1819 1915 1861 et
1967 1806 2283 1860 resitrrexit.

2392 1807 2669 1876 βασιλείαν
2695 1808 2787 1861 καὶ
2815 1809 2941 1869 τοὺς
2977 1807 3270 1873 στεφάνους
3306 1806 3544 1873 ἡγεῖται.

729 1895 794 1947 Et
829 1896 899 1948 ita
938 1911 1031 1963 per
1081 1898 1177 1950 has
1240 1907 1427 1965 portas
1470 1900 1809 1952 introductus
1848 1899 1911 1950 ad
1969 1911 2189 1966 regnum
2236 1905 2290 1949 et

731 1985 1051 2040 ad'coronas
1086 1987 1255 2041 ducit.

805 2077 975 2130 Porta:
1025 2079 1138 2131 ista:
1193 2081 1296 2133 illis
1328 2081 1559 2148 paradisi
1612 2081 1781 2150 portis
1821 2079 1992 2132 multo
2033 2077 2289 2143 majorem

733 2170 1144 2222 venerationem
1175 2181 1224 2224 et
1273 2172 1554 2225 utilitatem
1595 2173 1812 2225 habent.
1852 2172 1961 2226 Illa:
2021 2171 2290 2240 siquidem

737 2257 869 2308 nulli
898 2259 1207 2325 aperientur
1245 2260 1329 2328 γιιί
1375 2277 1469 2329 per
1498 2263 1660 2316 hasce
1705 2263 1856 2330 prius
1907 2275 2012 2316 non
2058 2261 2293 2312 intrave-

737 2348 851 2429 rit':
889 2349 969 2403 Iun
998 2365 1145 2411 vero,
1187 2354 1438 2419 quamvis
1467 2353 1673 2406 clausis
1716 2352 1839 2414 illis,
1865 2359 2046 2419 palent
2100 2349 2162 2402 Et
2195 2349 2297 2400 illae

740 2437 958 2504 quidem
995 2440 1157 2492 etiam
1191 2440 1424 2493 educere
1463 2451 1774 2510 potuerunt,
1805 2442 1951 2494 intus
1972 2449 2250 2493 versantes
2280 2456 2292 2490 :

743 2530 825 2580 Iun
856 2538 1063 2584 tantum
1102 2532 1477 2594 introducunt,
1532 2534 1800 2586 neminem
1837 2533 2091 2586 educunt.
2129 2532 2189 2584 lit
2232 2531 2298 2583 il-

744 2610 810 2662 lae
837 2613 1047 2666 occludi
1100 2625 1370 2682 poterant,
1425 2617 1764 2682 occluschue
1816 2623 1944 2668 sunt
1979 2632 1991 2679 ;
2027 2630 2189 2684 super
2217 2614 2300 2666 his

743 2704 888 2771 quod
919 2705 1092 2757 velum
1136 2706 1257 2769 fuit,
1287 2707 1510 2758 omnino
1550 2707 1862 2773 disjectum,
1890 2715 1942 2758 et
1971 2706 2182 2759 medius
2207 2721 2302 2772 pa-

747 2794 858 2846 ries
914 2794 1162 2849 sublatus
1208 2804 1291 2849 cst
1326 2814 1338 2850 :
1378 2812 1475 2849 nec
1521 2797 1680 2850 datur
1716 2796 1951 2865 amplius
2011 2798 2301 2850 maceriam

748 2883 1010 2947 excitare,
1051 2894 1106 2936 ct
1136 2895 1319 2952 portas
1346 2887 1420 2939 illi
1477 2896 1682 2954 aptare,
1722 2896 1776 2939 et
1826 2886 2031 2953 pariete
2071 2886 2306 2953 intgrce-

748 2973 912 3028 dente
946 2977 1176 3029 mundos
1228 2978 1483 3039 invicem,
1535 2978 1896 3046 superiorem,
1945 2978 2186 3043 inquam,
2221 2976 2306 3028 in-

2461 2063 2628 2124 Αὐται
2651 2073 2704 2122 ai
2745 2070 2906 2124 πύλαι
2945 2071 3052 2122 τῶν
3069 2071 3160 2122 τοῦ
3197 2069 3521 2138 παραδείσου
3565 2067 3752 2120 πυλῶν
3777 2064 3978 2131 πολλῷ

2397 2168 2720 2234 συμνότεραι
2754 2166 2845 2217 καὶ
2892 2165 3350 2231 λυσιτελέστεραι.
3387 2163 3450 2214 Ai
3489 2160 3586 2227 μὲν
3620 2158 3729 2225 γὰρ
3766 2159 3875 2210 οὐκ
3903 2157 3977 2209 ἂν

2396 2259 2661 2324 ἀνοιγεῖεν
2695 2259 2870 2310 οὐδενὶ
2910 2257 2984 2323 μὴ
3011 2257 3097 2308 διὰ
3135 2255 3338 2307 τούτων
3358 2253 3656 2306 εἰσελθόντι
3682 2249 3968 2316 πρότερον

2396 2349 2504 2401 τῶν
2533 2348 2730 2404 πυλῶν,
2767 2349 2821 2399 αἱ
2858 2346 2912 2398 δὲ
2945 2343 3346 2408 κεκλεισμένων
3370 2344 3593 2396 ἐκείνων
3619 2340 3931 2408 ἠνοίγησαν

2400 2446 2492 2492 καὶ
2531 2440 2584 2490 αἱ
2639 2439 2737 2504 μὲν
2774 2438 2864 2488 καὶ
2898 2437 3155 2489 ἐδύναντο
3200 2437 3413 2501 ἐξάγειν
3458 2435 3584 2494 τοὺς
3618 2433 3785 2492 ἔνδον,
3821 2431 3881 2480 αἱ
3916 2430 3976 2480 δὲ

2400 2531 2680 2596 εἰσάγουσι
2732 2529 2912 2597 μόνον,
2964 2529 3217 2594 ἐξάγουσι
3251 2528 3304 2578 δὲ
3333 2527 3547 2579 οὐδένα.
3597 2525 3703 2576 Καὶ
3733 2523 3832 2584 τὰς
3871 2523 3979 2590 μὲν

2403 2620 2492 2672 καὶ
2529 2618 2843 2685 κλεισθῆναι
2879 2617 3104 2669 δυνατὴν
3133 2613 3198 2684 ἧν
3230 2617 3320 2668 καί
3353 2632 3413 2682 γε
3446 2614 3831 2681 ἐκλείσθησαν,
3873 2613 3976 2662 ἐπὶ

2403 2710 2457 2762 δὲ
2485 2710 2690 2762 τούτων
2727 2710 3037 2762 παντάπασι
3072 2709 3131 2758 τὺ
3160 2709 3569 2774 παραπέτασμα
3599 2706 3690 2756 καὶ
3720 2704 3780 2754 τὸ
3809 2703 3982 2770 μεσό-

2406 2819 2584 2869 τοιχον
2641 2801 2802 2869 ὲ.λύοη
2858 2803 2950 2853 καὶ
3007 2800 3247 2869 ἀνῃρέθη
3327 2800 3419 2850 καὶ
3477 2799 3574 2849 οὐκ
3629 2798 3837 2847 ἔνεστιν
3893 2796 3977 2846 ἔτι

2411 2892 2665 2960 φραγμὸν
2697 2891 2996 2959 ἀναστῆναι
3050 2893 3144 2942 καὶ
3193 2890 3364 2950 πύλας
3409 2887 3822 2956 ἁναρμοσθῆναι
3879 2887 3979 2936 καὶ

2410 2987 2532 3042 τοὺς
2566 2985 2804 3051 κόσμους
2851 2981 3096 3047 ἀλλήλων
3131 2981 3315 3048 τειχίῳ
3361 2979 3725 3046 διαιρεθῆναι.
3759 2978 3831 3029 Οὐ
3865 2980 3980 3044 γάρ

753 3063 1118 3132 ferioremque
1154 3065 1430 3119 dirimere.
1471 3067 1583 3122 Non
1617 3069 1758 3120 cnim
1812 3067 2132 3135 simpliciter
2172 3066 2287 3120 dunt

2412 3073 2722 3143 ἀνεῲγασιν
2774 3073 2957 3134 ἁπλῶς
2995 3074 3176 3140 μόνον,
3216 3070 3330 3123 αλλ’
3362 3070 3690 3139 ἐσχίσθησαν
3731 3071 3777 3120 οἱ
3815 3070 3984 3136 οὐρα-

755 3163 905 3206 taxat
937 3158 1143 3223 aperti,
1188 3157 1277 3211 sed
1309 3167 1360 3210 et
1409 3158 1634 3220 diducti,
1662 3167 1713 3211 et
1749 3159 1904 3226 quasi
1944 3156 2130 3210 diﬂissi
2185 3165 2312 3209 sUut

754 3243 904 3302 cmli,
935 3255 992 3296 ut
1032 3246 1249 3300 Marcus
1291 3249 1364 3300 ait
1394 3246 1456 3298 ".
1499 3249 1613 3312 Qua
1659 3263 1715 3302 re
1756 3255 2036 3301 ostensum
2068 3257 2169 3311 est,
2204 3263 2311 3300 non

755 3339 866 3405 jam
899 3347 1108 3403 portam
1166 3347 1217 3390 et
1261 3349 1462 3406 posu's,
1497 3355 1670 3406 neque
1721 3341 2084 3393 velamentum
2146 3339 2310 3391 ullum

760 3429 1013 3482 relictum
1047 3444 1187 3484 esse.
1217 3428 1316 3494 Qui
1373 3432 1516 3484 enim
1570 3447 1864 3501 supernum
1908 3433 2171 3486 mundum
2232 3432 2315 3483 his

761 3520 854 3587 qui
905 3520 1043 3574 infra
1079 3532 1202 3575 sunt
1239 3523 1610 3576 reconciliavit
1640 3533 1692 3577 et
1717 3524 2021 3590 conjunxit,
2047 3533 2098 3576 et
2131 3536 2315 3589 pacem

765 3612 912 3675 fecit,
954 3613 1320 3681 parietemque
1373 3615 1606 3666 medium
1659 3616 1905 3667 maceria;
1958 3615 2222 3667 destruxit
2251 3614 2317 3674 '9.

764 3722 871 3761 non
908 3714 1082 3775 potest
1143 3721 1339 3774 negare
1398 3707 1747 3773 semetipsum
1772 3705 1840 3768 “.
1891 3715 1951 3759 ut
2005 3704 2063 3759 B.
2124 3703 2321 3757 Paulus

768 3799 966 3866 inquit.
1000 3799 1190 3852 Portas
1213 3798 1356 3850 enim
1399 3798 1518 3852 illas
1545 3805 1763 3866 propter
1791 3797 2057 3850 Adamum
2088 3806 2322 3865 apertas,

767 3903 836 3940 eo
871 3903 974 3940 non
1006 3889 1348 3955 persistente,
1376 3889 1427 3940 in
1461 3888 1658 3956 quibus
1694 3888 1982 3955 persistere
2016 3887 2322 3957 oportebat,

772 3979 935 4031 etiam
975 3979 1150 4032 claudi
1208 3979 1394 4047 utique
1439 3987 1863 4033 consentaneum
1902 3987 2034 4031 erat.
2088 3976 2196 4031 llas
2231 3993 2328 4030 au-

773 4079 882 4122 tem
911 4069 1165 4123 Christus
1210 4071 1437 4138 ipsemet
1470 4073 1754 4133 reseravit,
1782 4069 1874 4140 qui
1909 4078 2186 4138 peccatum
2223 4086 2326 4123 non

779 4160 930 4222 fecit,
977 4169 1029 4214 et
1080 4161 1132 4213 in
1165 4177 1324 4229 quem
1379 4177 1601 4229 peccare
1637 4177 1742 4215 non
1787 4161 1931 4214 cadit
1959 4159 2027 4214 δ’.
2063 4179 2083 4212 ‹
2113 4153 2330 4216 Justitia

779 4251 924 4302 enim
952 4251 1090 4318 ejus,
1129 4252 1304 4318 inquit
1349 4251 1537 4313 David,
1571 4263 1751 4306 manet
1801 4252 1852 4306 in
1907 4261 2170 4307 aeternum
2200 4253 2267 4305 δ’.
2309 4271 2326 4303 ι

784 4341 937 4396 Unde
966 4357 1059 4396 eas
1087 4354 1268 4411 patere
1296 4359 1507 4411 semper
1529 4359 1750 4412 prorsus
1782 4358 2004 4398 necesse
2037 4353 2140 4408 est,
2177 4352 2229 4398 et
2267 4344 2331 4396 ad

2413 3164 2514 3222 νοὶ,
2554 3165 2582 3214 6
2621 3161 3074 3231 θαυμάσιος-ἔθη
3129 3162 3374 3229 Μᾶρκος,
3421 3161 3636 3220 δεικνὺς
3685 3159 3755 3218 ὡς
3786 3157 3980 3208 οὐκέτι

2415 3254 2551 3322 θύρα
2583 3254 2674 3306 καὶ
2715 3253 3055 3321 παραστάδες
3086 3252 3203 3304 οὐδὲ
3235 3255 3647 3319 παραπέτασμα
3667 3249 3817 3302 οὐδὲν
3844 3250 3979 3300 ὑπε-

2414 3342 2626 3409 λείξθη.
2665 3340 2724 3392 Ὀ
2756 3344 2862 3412 γὰρ
2908 3340 3252 3404 καταλλάξας
3292 3342 3387 3392 καὶ
3428 3340 3670 3406 συνάψας
3702 3340 3794 3389 καὶ
3819 3339 3975 3405 εἰρη-

2417 3434 2706 3500 νοποιήσας
2743 3435 2831 3484 τὸν
2875 3435 2985 3486 άνω
3017 3434 3220 3500 κόσμον
3259 3435 3371 3493 τοῖς
3405 3433 3557 3484 κάτω
3593 3433 3684 3483 καὶ
3717 3431 3775 3480 τὸ
3818 3430 3982 3495 μεσό-

2418 3541 2594 3592 τοιχον
2638 3524 2734 3575 τοῦ
2771 3524 3028 3593 φραγμοῦ
3079 3524 3248 3584 λύσας
3291 3523 3349 3573 οὐ
3381 3523 3606 3575 δύναται
3637 3521 3980 3590 ἀρνήσασθαι

2422 3616 2633 3676 ἑαυτὸν,
2671 3617 2697 3666 6
2745 3616 3009 3684 μακάριος
3043 3615 3146 3682 ἔφη
3180 3613 3413 3674 Παῦλος.
3443 3613 3553 3672 Τάς
3596 3611 3692 3678 μὲν
3736 3613 3842 3680 γὰρ
3875 3611 3982 3662 mi-

2422 3705 2518 3766 λας
2551 3705 2765 3766 ὲκείνας
2799 3706 2885 3757 διὰ
2931 3706 3020 3756 τὸν
3068 3705 3240 3772 Ἀδὰμ
3287 3705 3611 3772 ἀπαειργυὶας,
3663 3701 3871 3753 ἐκείνου
3911 3703 3982 3770 μὴ

2430 3799 2706 3867 μείναντος
2740 3798 2824 3861 ἐφ’
2849 3791 2929 3858 οἷς
2955 3796 3063 3848 ἔδει
3094 3797 3292 3864 μένειν,
3331 3795 3423 3846 καὶ
3449 3792 3760 3860 κλεισθῆναι
3787 3793 3984 3860 δήπου-

2427 3889 2518 3941 θεν
2544 3889 2691 3948 είκὸς
2718 3882 2806 3956 ἦν.
2847 3886 3065 3946 Ταύτας
3097 3884 3153 3936 δὲ
3187 3886 3214 3936 6
3254 3885 3491 3952 Χριστὸς
3521 3885 3684 3944 αὐτὸς
3727 3885 3977 3953 ἀνέῳξεν,

2428 3982 2483 4042 ὃς
2505 3979 2779 4050 ἁμαρτίαν
2805 3979 2903 4030 οὐκ
2933 3977 3207 4045 ἐποίησεν,
3233 3979 3354 4030 οὐδὲ
3380 3977 3599 4029 δύναται
3623 3978 3951 4046 ἁμαρτάνειν
3968 3991 3979 4005 ’

2431 4075 2464 4142 ἡ
2495 4073 2602 4143 γὰρ
2625 4071 2937 4140 δικαιοσύνη
2974 4069 3161 4136 αὐτοῦ,
3191 4070 3347 4138 φησὶ,
3382 4069 3531 4137 μένει
3563 4071 3641 4130 εἰς
3672 4068 3761 4119 τὸν
3788 4067 3951 4120 αἰῶνα

2433 4163 2553 4215 ὅθεν
2595 4163 2810 4229 ἀνάγκη
2835 4163 3003 4222 πᾶσα,
3036 4161 3217 4228 μένειν
3245 4160 3593 4227 ἀνεῳγμένας
3616 4159 3710 4210 καὶ
3734 4158 3865 4225 πρὸς
3893 4159 3986 4225 μὲν

2434 4253 2532 4322 τὴν
2561 4251 2704 4320 ζωὴν
2751 4252 3018 4318 εἰσάγειν,
3068 4251 3176 4304 ἀπὸ
3207 4251 3263 4303 δὲ
3295 4250 3391 4316 τῆς
3429 4251 3574 4317 ζωῆς
3618 4249 3795 4314 ἔξοδον
3825 4250 3986 4301 οὐδενὶ

2440 4343 2724 4410 παρέχειν.
2772 4359 2790 4392 t
2827 4337 3028 4393 Ἦλθον
3056 4341 3184 4408 γὰρ,
3227 4339 3391 4408 φησὶν
3425 4342 3452 4392 6
3480 4340 3691 4408 Σωτὴρ,
3737 4340 3823 4390 ἵνα
3853 4341 3986 4403 ζωὴν

783 4433 948 4486 ι’ἰιειιη
983 4432 1199 4502 quidem
1263 4433 1643 4494 intromittere,
1698 4448 1726 4486 a
1785 4434 1893 4486 vita
1952 4444 2131 4487 autem
2198 4433 2287 4486 nul

2392 4432 2408 4478 ι
2440 4432 2603 4501 ἔχωσι
2688 4449 2706 4483 r
2746 4430 2903 4483 τοῦτο
2952 4431 3061 4498 γάρ
3091 4432 3239 4483 ἐστιν
3267 4432 3299 4500 ἡ
3336 4430 3471 4499 ζωὴ,
3500 4433 3567 4500 ἣν
3611 4433 3638 4482 6
3667 4431 3865 4499 Κύριος
3892 4426 3986 4501 ἧκε

785 4522 989 4576 exitum
1045 4525 1192 4578 dare.
1237 4543 1255 4574 ι
1294 4524 1448 4584 Veni,
1508 4525 1682 4591 inquit
1739 4523 2007 4586 Salvator,
2058 4534 2115 4576 ut
2168 4526 2332 4577 vitam

788 4614 1021 4668 habeant
1051 4613 1116 4668 ".
1154 4634 1172 4664 ι
1210 4617 1334 4668 Haec
1384 4625 1464 4668 est
1515 4617 1656 4668 enim
1693 4616 1818 4678 vita,
1863 4631 2027 4684 quam
2080 4617 2339 4670 Dominus

789 4721 973 4759 secum
1003 4707 1202 4768 attulit,
1233 4707 1487 4774 mysteria
1522 4708 1620 4758 ista
1651 4718 2002 4774 usurpantes,
2035 4706 2155 4776 ejus
2201 4723 2344 4761 mor-

793 4797 864 4848 tis
894 4805 946 4849 et
993 4797 1265 4864 passionis
1301 4797 1587 4865 participes
1617 4807 1670 4850 et
1717 4807 1997 4851 consortes
2041 4797 2177 4860 ﬁeri,
2224 4798 2343 4852 sine

793 4903 899 4954 quo
937 4900 1160 4939 iiiortem
1192 4887 1428 4956 en‘ugere
1474 4903 1577 4941 non
1608 4903 1916 4956 possumus.
1964 4892 2151 4956 Neque
2197 4889 2342 4941 enim

797 4990 904 5030 non
940 4977 1266 5043 baptizatum
1304 4978 1355 5028 in
1407 4992 1545 5045 aqua
1581 4989 1632 5030 et
1679 4977 1883 5046 Spiritu
1918 4988 2110 5032 sancto
2157 4976 2239 5030 fas
2269 4987 2351 5032 est

798 5070 850 5122 in
902 5069 1065 5120 vitam
1109 5069 1434 5135 ingredi“:
1488 5086 1658 5137 neque
1711 5071 1802 5140 qui
1858 5085 1962 5124 non
2013 5069 2350 5124 comederint

799 5173 1019 5213 carnem
1056 5158 1173 5211 Filii
1207 5160 1462 5216 hominis.
1500 5172 1551 5213 et
1589 5160 1818 5213 biberint
1853 5160 1973 5228 ejus
2007 5161 2348 5227 sanguinem,

800 5249 967 5302 vitam
1013 5249 1066 5300 in
1107 5264 1163 5302 se
1189 5249 1320 5316 ipsis
1348 5250 1544 5302 habere
1569 5260 1776 5317 queunt
1807 5249 1873 5304 ".

873 5339 1046 5392 Altius
1093 5354 1254 5407 porro
1291 5341 1430 5395 istuc
1468 5340 1846 5394 discutiamus.
1889 5339 2082 5395 Vivere
2122 5342 2226 5394 Deo
2248 5356 2352 5393 non

806 5427 950 5494 lict-t,
999 5430 1045 5484 si
1088 5432 1324 5499 peccatis
1363 5445 1465 5484 non
1504 5431 1674 5485 simus
1708 5432 1927 5485 mortui.
1961 5432 2128 5486 Posse
2173 5441 2353 5484 autem

886 5633 924 5663 ν
961 5633 1170 5685 (Iuleis.
1200 5649 1233 5687 ι.
1268 5634 1356 5686 20.

1433 5636 1476 5665 "
1523 5637 1679 5690 Marc.
1717 5652 1752 5699 ι,
1801 5635 1886 5688 10.

817 5717 933 5767 Lm,
971 5705 1019 5753 (ι.

1099 5704 1142 5734 ⁸⁵³
1185 5705 1324 5756 l'sal.
1365 5721 1449 5770 cx,
1480 5707 1530 5760 ’5.
1609 5704 1830 5758 ⁸³ίςιιιιι.
1878 5722 1930 5770 x,
1972 5706 2052 5758 10.

1992 5636 2034 5666 ³⁸
2081 5635 2274 5704 Ephes.
2310 5653 2364 5695 Il,

2133 5707 2174 5737 ”
2202 5704 2354 5760 Joan.
2383 5722 2460 5772 ιιι,
2494 5707 2542 5759 ὕ.

2445 4527 2649 4594 φέρων,
2676 4525 2737 4576 τὸ
2761 4523 2850 4577 διὰ
2878 4524 2987 4575 τῶν
3021 4523 3339 4591 μυστηρίων
3373 4522 3581 4574 τούτων
3619 4521 3866 4583 ἐλθόντας
3899 4541 3993 4588 με·

2446 4618 2663 4684 τασχείν
2693 4614 2840 4682 αὐτῷ
2873 4612 2969 4666 τοῦ
3010 4612 3242 4666 θανάτου
3272 4614 3361 4665 καὶ
3401 4612 3731 4680 κοινωνῆσαι
3767 4611 3855 4664 τοῦ
3892 4612 3989 4664 πάι

2449 4707 2596 4773 θους,
2622 4711 2713 4759 καὶ
2743 4705 2932 4758 τούτου
2967 4706 3136 4775 χωρτς
3179 4705 3269 4757 τὸν
3302 4704 3530 4756 θάνατον
3558 4703 3658 4754 οὐκ
3691 4702 3768 4753 ἔνι
3815 4702 3993 4768 διαφυ-

2451 4803 2586 4868 γεῖν.
2623 4797 2763 4850 Οὐτε
2790 4797 2899 4868 γάρ
2931 4799 3004 4867 μὴ
3031 4795 3394 4866 βαπτισθέντα
3425 4797 3482 4847 ὲν
3518 4793 3673 4846 ὕδατι
3704 4794 3797 4843 καὶ
3837 4793 3992 4844 "vati.

2461 4909 2594 4962 ματι
2635 4889 2860 4943 δυνατὸν
2898 4891 2977 4950 εἰς
3017 4891 3116 4956 τὴν
3159 4887 3302 4956 ζωὴν
3352 4885 3635 4947 είσελθεῖν,
3692 4881 3812 4934 οὔτε
3841 4883 3883 4932 oi
3923 4884 3992 4951 μὴ

2458 4980 2723 5048 φαγόντες
2774 4979 2874 5046 τὴν
2917 4979 3094 5046 σάρκα
3141 4974 3232 5027 τοῦ
3267 4972 3398 5027 Υῑοῦ
3431 4974 3524 5026 τοῦ
3577 4971 3877 5042 ἀνθρώπου,
3909 4974 3990 5022 καὶ

2458 5075 2673 5132 πιόντες
2721 5071 2885 5124 αὐτοῦ
2914 5071 2975 5122 τὸ
3024 5063 3185 5136 αἷμα,
3210 5067 3465 5119 δύνανται
3499 5066 3644 5134 ζωὴν
3692 5068 3748 5116 ἐν
3800 5065 3988 5124 ἑαυτοῖς

2456 5166 2618 5234 ἔχειν.

2533 5342 2640 5394 Καὶ
2683 5341 2973 5408 σκοπῶμεν
3005 5340 3230 5392 ἄνωθεν.
3255 5340 3422 5408 Ζῆσαι
3455 5338 3552 5406 μὲν
3575 5336 3684 5406 γάρ
3718 5334 3813 5387 οὐκ
3839 5330 3894 5403 ἦν
3923 5335 3990 5401 τῷ

2465 5433 2583 5503 Θεῴ
2627 5434 2701 5500 μὴ
2731 5436 2846 5495 ταῖς
2881 5431 3174 5500 ἁμαρτίαις
3204 5428 3596 5489 ἀποθανόντας,
3625 5426 3918 5477 ἀποκτεῖναι
3941 5422 3990 5475 δὲ

2423 5637 2521 5710 l4._
2554 5636 2661 5710 16ιᾷ
2702 5634 2753 5710 _‘°
2811 5633 2849 5686 ll
2896 5633 3132 5710 Titus“,
3166 5633 3247 5685 l5.

2623 5707 2664 5736 ³⁵
2696 5703 2849 5758 .Ιι.ι;ιιι.
2892 5721 2960 5768 \‘I,
3003 5704 3086 5756 5i.

3339 5632 3377 5661 “
3420 5630 3436 5683 Ι
3474 5630 3615 5684 Petr.
3663 5644 3726 5693 ιι,
3765 5625 3858 5690 2'2;
3899 5622 3988 5679 lsa.
