4154 6308
767 418 877 480 515

2019 415 2328 475 NICOLAI
2361 415 2448 474 CA
2463 414 2750 474 BASILJE

3895 413 3991 472 516

766 524 1245 592 vineti,,servitute
1277 524 1525 592 oppressi
1567 533 1728 594 atque
1783 526 2042 594 despecti.
2075 524 2320 579 Pretiosa

2442 528 2620 596 Γίμιος
2643 527 2762 595 -γάρ
2799 520 2868 595 ἦν
2896 525 2924 576 ὁ
2955 523 3181 584 Θάνατος
3210 523 3415 582 ἐκεῖνος
3444 519 3706 587 ούμενοῦν
3737 520 3851 571 οὐδ’
3877 523 3992 574 ὅσον

767 618 913 670 enim
945 624 1062 669 erat
1093 631 1236 670 mors
1268 616 1378 680 illa,
1402 624 1670 685 quantum
1717 632 1867 670 mens
1895 618 2131 670 humana
2173 633 2322 670 com-

769 706 1106 775 prehendere
1154 706 1366 773 nequit,
1404 707 1507 758 etsi
1563 705 1630 759 ab
1665 706 1950 759 bomicidis
2003 707 2110 759 illis
2163 722 2325 772 parvo

775 796 1032 850 venditus
1056 806 1138 850 est
1162 795 1333 850 libens
1360 796 1624 850 Salvator.
1654 797 1716 850 Et
1747 797 1860 851 hinc
1889 813 1993 850 una
2027 812 2152 865 pars
2181 797 2326 850 illius

769 903 998 941 summae
1035 888 1370 954 paupertatis
1402 898 1454 941 et
1480 888 1812 956 ignominim,
1840 898 1898 940 ut
1930 888 2071 955 quod
2105 887 2328 938 omnino

773 975 1024 1028 venditus
1071 983 1238 1038 esset,
1270 977 1323 1027 in
1361 989 1426 1028 eo
1465 976 1662 1028 servile
1715 975 1970 1044 quiddam
2027 977 2325 1036 SIISIiIIeﬂS,

769 1066 1128 1118 contumelias
1175 1066 1512 1129 lucraretur;
1552 1067 1785 1120 dedecus
1817 1067 1959 1120 enim
2016 1081 2112 1134 pro
2171 1067 2326 1120 nobis

769 1166 824 1209 et
851 1158 1202 1225 opprobrium
1255 1157 1307 1208 in
1341 1157 1506 1211 lucris
1559 1160 1911 1222 numerabat;
1948 1159 2103 1226 pretii
2147 1168 2324 1209 autem

767 1248 1065 1315 exiguitate
1101 1247 1494 1308 insinuarctur,
1521 1264 1640 1300 eum
1679 1248 1742 1300 ad
1782 1246 2005 1300 mortem
2043 1266 2138 1316 pro
2169 1266 2327 1300 mnu-

768 1337 838 1389 do
874 1337 1275 1405 perpetiendam
1305 1339 1475 1404 gratis
1518 1337 1748 1400 venisse,
1780 1349 1839 1390 et
1874 1339 1975 1390 hoc
2010 1339 2083 1391 illi
2130 1355 2329 1392 munus

769 1428 921 1480 dare.
973 1428 1176 1494 Sponte
1209 1435 1261 1478 et
1294 1429 1435 1480 ultro
1493 1439 1573 1480 est
1629 1438 1900 1489 mortuus,
1942 1444 2060 1480 cum
2126 1429 2327 1480 nemini

772 1533 873 1571 nec
921 1518 1263 1580 facultatum,
1301 1535 1398 1572 nec
1453 1518 1571 1570 vitae
1605 1521 1779 1571 civilis
1831 1533 1991 1586 atque
2024 1520 2328 1571 communis

772 1607 944 1674 gratia
1001 1607 1162 1657 ullam
1229 1606 1578 1672 imposuisset
1637 1605 1908 1670 iniuriam,
1957 1616 2007 1658 et
2055 1601 2326 1660 beneﬁciis

774 1695 893 1745 illos
930 1694 1310 1746 interfectores
1343 1707 1471 1743 suos
1495 1694 1640 1744 omni
1669 1708 1762 1762 spe
1791 1709 1854 1746 ac
1880 1695 2145 1747 desiderio
2175 1695 2330 1760 longe

772 1785 1070 1851 majoribus
1107 1786 1508 1837 antevertissvt.

842 1912 944 1964 Sed
987 1913 1117 1980 quid
1163 1928 1262 1981 ego
1305 1914 1407 1964 ista
1445 1913 1846 1965 commemoro?
1896 1912 2037 1965 Deus
2081 1921 2328 1964 mortuus

773 2012 905 2056 est:
949 2002 1037 2055 Dei
1094 2003 1318 2070 sanguis
1365 2004 1418 2055 in
1459 2018 1620 2056 cruce
1666 2003 1871 2056 etl‘nsus
1907 2013 2008 2058 est.
2048 2002 2187 2068 Quid
2241 2005 2340 2057 hac

771 2103 948 2147 morte
986 2093 1319 2161 prctiosrus?
1379 2094 1508 2162 quid
1567 2094 1932 2146 venerandum
1987 2094 2163 2163 magis
2227 2094 2339 2147 ﬁeri

772 2183 974 2252 queat?
1004 2183 1158 2247 Quod
1215 2191 1421 2237 tantum
1464 2184 1639 2237 scelus
1693 2185 1972 2236 hominum
2031 2185 2152 2247 fuit,
2183 2194 2240 2236 ut
2288 2184 2338 2236 id

771 2276 960 2328 eluere
1000 2276 1222 2327 deberet
1275 2275 1392 2342 ipsa
1444 2275 1699 2341 justitia?
1731 2275 1900 2340 Quale
1943 2275 2161 2339 vulnus,
2195 2275 2338 2341 quod

773 2374 884 2416 tam
940 2364 1122 2416 nobile
1177 2364 1440 2416 auxilium
1509 2364 1796 2432 posceret?
1849 2362 2144 2433 Oportebat
2197 2367 2340 2418 enim

774 2455 1051 2524 supplicio
1081 2454 1272 2522 aliquo
1321 2467 1600 2523 peccatum
1632 2455 1858 2515 aboleri,
1889 2455 2341 2508 commissorum-

771 2559 879 2611 que
938 2545 1207 2598 adversus
1258 2561 1381 2597 cum
1429 2544 1574 2611 jnsta
1609 2558 1764 2611 pmua
1809 2559 2068 2611 expensa,
2109 2558 2335 2596 accusa-

772 2638 920 2686 ti0ttt‘
952 2635 1194 2686 liberari.
1231 2633 1367 2687 Nam
1415 2639 1508 2702 qui
1543 2649 1732 2702 ptenas
1762 2634 2023 2702 suscepit,
2069 2649 2233 2701 super
2268 2634 2334 2686 iis

775 2737 994 2794 propter
1044 2741 1165 2793 qua:
1217 2725 1454 2793 suscepit
1507 2727 1558 2778 in
1610 2725 1876 2792 judicium
1933 2724 2170 2792 amplius
2230 2739 2337 2775 non

773 2827 1022 2873 vocatur.
1085 2817 1378 2871 Hominum
1434 2833 1563 2871 vero
1600 2817 1973 2885 reperiebatur
2017 2831 2195 2880 nemo,
2246 2815 2336 2883 qni

773 2912 888 2978 ipse
943 2912 1152 2981 integer
1180 2926 1234 2964 et
1291 2928 1321 2963 a
1355 2911 1477 2963 labe
1536 2925 1703 2979 purus
1747 2918 2059 2976 pateretur;
2118 2908 2336 2975 quando

775 3015 877 3052 nec
929 3001 1030 3052 sibi
1081 2999 1302 3068 quidem
1347 3000 1493 3054 ullus
1549 2998 1866 3060 sufﬁciebat,
1934 3013 2111 3065 neque
2173 3012 2344 3065 genus

779 3090 1078 3142 humanum
1140 3090 1479 3150 universum,
1531 3092 1575 3142 si
1634 3090 1830 3142 millies
1882 3091 2020 3142 mori
2075 3089 2343 3152 licuisset,

775 3181 1160 3234 commeritum
1198 3182 1524 3250 supplicium
1554 3182 1682 3233 dare
1711 3180 1994 3248 potuisset.
2020 3179 2158 3242 Quid
2197 3179 2340 3230 enim

777 3288 877 3342 pro
931 3271 1196 3341 dignitate
1255 3275 1498 3340 patiatur
1543 3287 1733 3325 servus
1786 3270 2214 3339 impuriSsimus.
2247 3269 2340 3338 qui

772 3359 982 3429 regiam
1035 3360 1323 3428 imaginem
1376 3360 1658 3424 contrivit,
1697 3371 1750 3412 et
1787 3361 1837 3413 in
1884 3369 2086 3412 lautam
2125 3358 2344 3412 celsitu-

776 3450 961 3502 dinem
993 3450 1430 3504 contumeliosus
1464 3449 1601 3504 fuit?
1653 3450 1855 3504 Idcirco
1905 3449 2168 3503 Dominus
2204 3450 2339 3516 ipse,

777 3542 846 3596 ab
876 3541 1026 3594 omni
1059 3549 1287 3609 peccato
1320 3542 1554 3604 alienus,
1584 3543 1751 3594 multa
1787 3541 2014 3593 nefanda
2051 3554 2342 3607 perpessus

777 3635 1047 3698 moritur;
1083 3643 1137 3687 et
1178 3633 1343 3685 homo
1377 3632 1659 3686 hominum
1697 3647 1917 3685 causam
1954 3630 2342 3697 patrocinioru-

784 3740 885 3794 que
929 3724 1260 3792 suscipiens,
1289 3722 1565 3777 cruciatus
1597 3722 1836 3788 excipit,
1869 3730 1921 3772 et
1970 3735 2140 3791 genus
2182 3734 2340 3774 suum

776 3814 1010 3882 piaculis
1086 3813 1378 3876 absolvit;
1459 3811 1785 3880 compeditis
1863 3811 2163 3864 libertatem
2245 3810 2344 3862 do-

779 3914 905 3971 nat,
946 3920 1053 3973 qua
1087 3905 1223 3974 ipse,
1251 3915 1310 3956 ut
1337 3906 1478 3957 Deus
1511 3911 1564 3956 et
1593 3903 1878 3964 Dominus,
1912 3918 2018 3955 non
2053 3904 2267 3968 egebat.

853 3998 1097 4061 Quorum
1147 3998 1320 4062 gratia
1366 3996 1534 4063 igitur
1580 4010 1701 4047 vera
1750 3995 1853 4046 vita
1877 4010 1970 4063 per
2015 4010 2200 4047 neeum
2226 3992 2346 4046 Sal-

780 4089 991 4142 “toris
1023 4087 1088 4139 ad
1127 4102 1228 4140 nos
1270 4087 1587 4148 dimanarit,
1643 4089 1752 4137 hzec
1787 4097 1932 4139 sunt.
1995 4085 2203 4147 Modus,
2236 4101 2344 4152 quo

783 4179 927 4232 hanc
969 4177 1134 4229 vitam
1190 4177 1241 4228 itt
1281 4175 1490 4226 animas
1540 4185 1752 4226 nostras
1783 4175 2114 4240 dct'ivetntts,
2148 4187 2250 4236 cst,
2289 4186 2346 4228 ut

786 4268 1056 4337 mysteriis
1090 4267 1402 4319 initientur:
1441 4281 1631 4331 netnpe
1665 4275 1718 4314 ut
1755 4267 2057 4325 abluantur,
2103 4277 2160 4318 ut
2194 4268 2348 4318 inun-

786 4374 1002 4428 gatnur,
1067 4367 1126 4410 ut
1178 4365 1528 4408 sacrosancto
1578 4354 1827 4405 convivio
1880 4370 1976 4408 nos
2009 4356 2343 4419 expleainus.

787 4452 910 4507 Haec
947 4465 1035 4514 qui
1094 4449 1350 4507 faciunt,’
1383 4447 1446 4496 ad
1503 4462 1600 4498 eos
1633 4447 1885 4498 Christus
1932 4449 2097 4506 venit,
2149 4463 2198 4498 ιιι
2243 4448 2346 4500 illis

2432 619 2741 688 ἀνθρώποις
2787 599 3106 684 λογίσασθαι
3135 614 3382 675 δυνατὸν,
3427 614 3517 663 καὶ
3554 614 3599 663 εί
3638 613 3827 678 ὀλίγου
3858 614 3994 675 τινὸς

2434 710 2645 778 ἐπράθη
2675 711 2782 766 τοῖς
2818 709 3120 774 φωνευταῖς
3153 705 3564 774 συγχωροῦντος
3585 703 3678 755 τοῦ
3707 703 3991 770 Σωτῆρος*

2435 801 2524 852 ἴνα.
2575 799 2671 850 καὶ
2711 798 2870 850 τοῦτο
2910 799 3181 865 πτωχείας
3228 797 3376 864 αύτῷ
3421 795 3568 866 γέμῃ
3619 794 3710 845 καὶ
3750 795 3996 860 ἀτιμίας,

2434 892 2582 943 ὠσαν
2613 890 2686 958 τῷ
2727 892 2824 957 μὲν
2873 891 3006 950 ὅλως
3043 888 3316 957 πραθῆναι
3364 888 3432 939 τι
3461 887 3666 939 δούλων
3695 886 3999 951 ὑπομείνας

2435 985 2493 1035 τὸ
2527 982 2849 1049 ὑϐρισθῆναι
2875 981 3141 1049 ’κερδάνῃ.
3169 979 3370 1048 Κέρδος
3398 980 3504 1046 γᾶρ
3530 979 3712 1045 ἡγεῖτο
3740 977 3839 1040 τὴν
3869 976 4000 1042 ὑπὲρ

2436 1075 2592 1141 ἡμῶν
2622 1075 2844 1141 ἀτιμίαν
2918 1072 2993 1138 τῷ
3017 1071 3070 1121 δὲ
3103 1072 3281 1136 ὀλίγου
3310 1072 3455 1129 τινος
3491 1068 3764 1135 αίνίξηται
3799 1069 3999 1132 προῖκα

2437 1166 2528 1216 καὶ
2557 1164 2728 1230 δῶρον
2754 1167 2826 1223 εἰς
2853 1162 2942 1213 τὸν
2979 1164 3117 1230 ὑπὲρ
3153 1161 3242 1212 τοῦ
3271 1161 3478 1227 κόσμου
3507 1157 3739 1210 θάνατον
3766 1157 4001 1224 ἀφιγμέ-

2420 1274 2545 1317 -νος.
2595 1255 2767 1306 Ἐκιῖυν
2803 1257 3066 1318 ἀπέθανε,
3099 1254 3298 1323 μηδένα
3336 1252 3500 1320 μηδὲν
3535 1251 3828 1317 ἀδικήσας,
3879 1247 3999 1298 οὔτε

2435 1347 2528 1398 τοῦ
2562 1348 2677 1415 βίου
2714 1348 2876 1398 ἕνεκα
2899 1345 3020 1398 οὕτε
3054 1346 3152 1412 τῆς
3187 1347 3262 1404 είς
3294 1344 3355 1394 τὸ
3383 1343 3560 1394 κοινὸν
3581 1341 3886 1400 πολιτείας,
3922 1357 4002 1407 χα-

2441 1443 2602 1506 ρίτων
2630 1438 2878 1507 ὑπάρξας
2914 1440 3022 1496 τοῖς
3065 1438 3343 1504 φονευταῐς
3383 1433 3490 1485 τῶν
3544 1431 3856 1498 ἐπιθυμιῶν
3913 1431 4000 1480 καὶ

2437 1529 2544 1581 τῶν
2573 1530 2804 1581 ἐλπίδων
2842 1529 3018 1595 πολλῷ
3049 1526 3329 1594 μειζόνων.

2363 1878 2405 1931 Β
2507 1878 2681 1933 Καὶτί
2718 1879 2780 1947 δὴ
2803 1879 2968 1931 ταῦτα
2994 1879 3134 1943 λέγω
3161 1877 3325 1936 ;Θ;ὸ;
3355 1874 3622 1936 ἁπᾶλνεν
3698 1867 3838 1938 αἷμα
3871 1869 3998 1920 Θείῦ

2441 1975 2500 2022 τὸ
2533 1972 2686 2039 χεθὲν
2717 1973 2807 2021 ἐπὶ
2849 1970 2941 2022 τοῦ
2969 1969 3224 2037 σταυροῦ.
3253 1967 3317 2018 Τί
3345 1966 3666 2034 τιμιώτερον
3692 1965 3885 2014 τούτου
3914 1964 4000 2027 γέ-

2442 2061 2570 2112 νοιτ’
2601 2062 2666 2113 ἂν
2699 2060 2791 2112 τοῦ
2833 2061 3062 2112 θανάτου
3089 2077 3101 2122 ;
3139 2062 3188 2109 τί
3221 2056 3687 2125 φρικωδέστερον;
3716 2053 3782 2102 Τί
3823 2049 4005 2102 τοσοῦ-

2441 2167 2533 2201 τον
2583 2151 2830 2219 ἥμαρτεν
2879 2152 2910 2217 η
2957 2150 3062 2200 τῶν
3108 2147 3406 2216 ἀνθρώπων
3455 2145 3639 2212 φύσις,
3693 2145 3819 2194 ὅσον
3862 2140 4003 2191 λύειν

2443 2241 2589 2310 ε’χεν
2622 2244 2655 2312 ἡ
2685 2243 2848 2311 δίκης
2883 2243 3114 2307 Πηλίκον
3159 2242 3224 2293 ἂν
3258 2237 3324 2308 ἦν
3349 2240 3409 2289 τὸ
3455 2237 3698 2306 τραῦμα,
3747 2235 3888 2285 ὥστε
3919 2235 4004 2284 ἀν-

2444 2335 2702 2402 τίρῤοπον
2726 2333 2978 2399 γενέσθαι
3001 2335 3062 2399 τῇ
3093 2330 3183 2383 τοῦ
3215 2333 3506 2398 φαρμάκου
3536 2327 3725 2379 τούτου
3749 2325 4000 2392 δυνάμει;

2449 2425 2592 2475 Ἔδει
2617 2425 2716 2492 μὲν
2748 2426 2855 2493 γὰρ
2877 2425 3115 2493 τιμωρίᾳ
3140 2425 3246 2474 τινῗι
3279 2423 3370 2490 τὴν
3401 2423 3666 2490 ἁμαρτίαν
3693 2417 4006 2485 καταλυθῆ-

2446 2533 2554 2575 ναι,
2584 2515 2678 2566 καὶ
2708 2509 2780 2566 ὧν
2806 2515 2940 2584 πρὸς
2970 2516 3103 2566 Θεὸν
3131 2514 3535 2582 ὲξημὰρτομεν,
3576 2511 3674 2579 τὴν
3702 2511 3865 2573 ἀξίας
3891 2511 4004 2563 δόνο

2445 2621 2540 2665 τας
2592 2605 2748 2674 δίκην
2795 2603 3140 2674 ἀπηλλάχθαι
3192 2605 3300 2655 τῶν
3359 2604 3741 2670 ἐγκλημάτων.
3783 2602 3842 2654 Ὀ
3902 2602 4007 2668 γάρ

2445 2697 2899 2766 τιμωρησάμενος
2945 2692 3023 2758 οἷς
3053 2695 3320 2764 ἐπήνεγκε
3351 2695 3528 2762 δίκην,
3577 2695 3840 2762 ἐγκαλοίη
3883 2693 4008 2761 περὶ

2449 2785 2557 2836 τῶν
2593 2787 2767 2838 αὐτῶν
2809 2788 2910 2838 οὐκ
2941 2787 3007 2838 ἂν
3052 2787 3131 2838 ἔτι
3207 2785 3509 2854 ἀνθρώπων
3531 2784 3588 2836 δὲ
3616 2785 3791 2845 οὐδεὶς
3822 2780 3920 2852 ἦν,
3953 2784 4008 2846 ὃς

2447 2875 2675 2942 εὐθύνης
2707 2875 2943 2944 καθαρὸς
2975 2874 3050 2926 ὢν
3085 2877 3242 2936 αὐτὸς
3269 2875 3408 2944 ὑπὲρ
3436 2875 3542 2926 τῶν
3576 2875 3752 2926 ἄλλων
3802 2872 4009 2927 ἔπαθεν

2448 2964 2532 3025 ἂν,
2579 2967 2710 3016 ὅπου
2745 2982 2807 3032 γε
2837 2967 2955 3018 οὐδὲ
2987 2966 3161 3034 ἑαυτῷ
3207 2983 3289 3028 τις
3314 2966 3567 3034 ἤρκεσεν,
3610 2965 3730 3016 οὐδὲ
3755 2966 3816 3016 τὸ
3852 2966 4009 3031 γένος

2450 3058 2615 3117 ὃπαν,
2649 3059 2696 3108 εί
2743 3060 2998 3126 μυριάκις
3035 3058 3161 3126 ὲξῆν
3204 3059 3516 3120 ἀποθανεῖν,
3559 3059 3657 3124 τὴν
3703 3059 4011 3125 γενομένην

2448 3147 2670 3198 ἀπέτισε
2714 3149 2890 3214 δίκην.
2924 3150 2986 3199 Τί
3018 3151 3122 3218 γὰρ
3164 3148 3228 3201 ἂν
3276 3149 3422 3212 ἄξιον
3459 3150 3551 3200 καὶ
3603 3149 3766 3200 πάθοι
3822 3148 4011 3210 δοῦλος

2446 3239 2745 3304 αἴσχιστος,
2793 3241 2890 3308 τὴν
2917 3241 3102 3292 εἰκόνα
3154 3241 3446 3309 συντρίψας
3478 3241 3573 3309 τὴν
3605 3238 3894 3310 βασιλικὴν
3920 3245 4010 3291 καὶ

2444 3330 2580 3396 πρὸς
2605 3330 2857 3382 τοσοῦτον
2887 3330 3018 3398 ὕψος
3045 3331 3268 3400 ὑϐρίσας
3292 3348 3308 3397 ;
3333 3332 3428 3382 Διά
3467 3330 3640 3384 ταῦτα
3660 3333 3687 3382 ὁ
3724 3333 4009 3399 Δεσπότης

2441 3425 2468 3475 ὁ
2486 3425 2887 3492 ἀναμάρτητος,
2909 3425 3117 3479 πολλῶν
3140 3427 3324 3478 δεινῶν
3344 3427 3732 3496 ἀνασχόμενος,
3765 3428 4012 3498 ἀποθνή-

2445 3529 2564 3562 σκει
2597 3516 2690 3565 καὶ
2714 3513 2874 3582 φέρει
2902 3515 2998 3584 μὲν
3022 3514 3121 3585 τὴν
3149 3515 3383 3584 πληγὴν,
3405 3517 3540 3585 ὑπὲρ
3562 3518 3668 3569 τῶν
3697 3518 4011 3586 ἀνθρώπων

2446 3603 2886 3672 ἀπολογούμενος
2929 3605 3213 3675 ἄνθρωπος
3253 3606 3350 3667 ὣν,
3382 3607 3498 3659 λύει
3526 3607 3580 3658 δὲ
3613 3607 3670 3658 τὸ
3707 3607 3864 3673 γένος
3895 3609 4009 3660 τῶν

2447 3695 2816 3762 ἐγκλημάτων
2858 3699 2950 3748 καὶ
2975 3697 3157 3749 δίδωσι
3189 3700 3300 3760 τοῖς
3326 3698 3631 3767 δεδεμένοις
3665 3698 4006 3767 ἐλευθερίαν,

2443 3787 2523 3839 ὅτι
2549 3787 2709 3849 αὐτὸς
2739 3789 2836 3840 ούκ
2861 3789 3028 3842 ἐδεῖτο
3061 3789 3279 3860 ταύτης,
3310 3790 3439 3852 Θεὸς
3472 3789 3546 3842 ὢν
3581 3792 3672 3841 καὶ
3701 3793 4008 3861 Δεσπότης.

2527 3974 2668 4024 ’Λνθ’
2702 3967 2775 4026 ὧν
2825 3976 2920 4042 μὲν
2960 3974 3050 4026 οῦν
3086 3976 3118 4044 ἡ
3149 3976 3374 4044 ἀληθινὴ
3394 3975 3505 4045 ζωὴ
3529 3978 3623 4028 διὰ
3650 3977 3743 4030 τοῦ
3770 3979 4009 4032 θανάτου

2446 4065 2538 4119 τοῦ
2569 4068 2817 4135 Σωτῆρος
2849 4070 2926 4127 εἰς
2967 4070 3109 4135 ἡμᾶς
3139 4069 3422 4132 διαὸαίνει,
3457 4071 3629 4122 ταῦτά
3662 4072 3828 4123 ἔστιν.
3871 4074 3929 4123 Ὀ
3952 4073 4010 4124 δὲ

2446 4159 2664 4226 τρίπος.
2699 4161 2844 4218 ὅπως
2873 4160 3073 4228 ταύτην
3107 4161 3337 4225 ἕλκομεν
3369 4164 3444 4222 εἰς
3479 4162 3573 4223 τὰς
3605 4163 3879 4230 ἡμετέρας
3910 4163 4013 4230 qiu-

2447 4253 2564 4318 χας,
2598 4251 2754 4301 τοῦτό
2787 4253 2903 4301 ἐστι
2933 4251 2991 4301 τὸ
3027 4251 3347 4318 τελεσθῆναι
3370 4253 3436 4302 τα
3472 4254 3766 4319 μυστήρια,
3797 4254 3854 4303 τὸ
3886 4253 4014 4304 λούο

2449 4342 2663 4401 σασθαι,
2693 4344 2751 4393 τ’)
2800 4344 3109 4412 χρισθῆυαι,
3143 4345 3199 4394 τὸ
3245 4345 3529 4412 τραπέζης
3569 4344 3874 4397 ἀπολαῦσαι
3908 4345 4010 4411 τῆς

2450 4436 2620 4500 ἱερᾶς.
2653 4436 2837 4487 Ταῦτα
2875 4437 2980 4502 γὰρ
3014 4435 3255 4486 ποιοῦσιν
3287 4437 3311 4486 ὁ
3342 4438 3575 4503 Χριστὸς
3607 4438 3886 4506 ὲπιδημεῖ“
3912 4440 4013 4490 καὶ

783 4542 1020 4601 habitat,
1068 4539 1178 4591 illis
1209 4536 1492 4602 copulatur
1520 4547 1576 4588 ct
1621 4537 1959 4598 adhaerescit,
1989 4549 2039 4586 ut
2065 4549 2340 4603 peccatum

2450 4527 2644 4577 ενοικεῖ
2697 4531 2789 4577 καὶ
2841 4527 3169 4577 συνάπτεται
3209 4529 3300 4579 καὶ
3362 4528 3726 4596 προσφύεται,
3760 4531 3852 4580 καὶ
3904 4532 4014 4596 τὴν

785 4635 960 4695 elidit,
989 4635 1268 4697 vitattique
1318 4643 1472 4691 suam
1503 4637 1554 4679 et
1591 4627 1964 4678 ειιϊιιιιίιιιιθιιι
2001 4627 2258 4691 impertit,
2293 4627 2345 4678 in

782 4739 994 4796 partem
1031 4723 1274 4775 victoriae
1298 4736 1410 4774 sum
1442 4719 1699 4782 admittit,
1731 4719 1784 4784 (ο
1821 4718 2111 4769 bonitatem
2139 4717 2177 4784 !)
2213 4718 2348 4769 lotos

783 4827 1032 4877 coronat,
1063 4823 1116 4867 et
1147 4812 1493 4867 cmnantibus
1528 4809 1850 4874 praconium
1897 4807 2108 4860 tribuit.
2145 4805 2347 4870 Quam-

785 4911 976 4962 obrem
1021 4916 1225 4963 autem,
1283 4911 1336 4952 et
1392 4914 1627 4967 quanam
1665 4900 1871 4950 ratione
1904 4896 1984 4959 ﬁt,
2031 4904 2150 4948 uta
2201 4897 2346 4948 lava-

783 5000 957 5059 tione,
993 5008 1047 5050 et
1096 4995 1378 5052 unctione,
1415 5001 1470 5044 et
1526 5006 1711 5042 mensa
1759 4989 1983 5040 victoria
2035 5002 2348 5056 coronaque

787 5090 1062 5151 obveniat,
1100 5102 1221 5155 qua:
1253 5087 1525 5143 laborum,
1560 5081 1841 5143 sudorum,
1873 5079 2348 5146 periculorumque

787 5182 1010 5249 prannia
1046 5176 1215 5230 sunt?
1245 5175 1380 5238 Quia
1419 5171 1630 5226 tanti-tsi
1667 5187 1770 5221 non
1805 5179 2097 5232 certamus,
2133 5185 2231 5222 nec
2273 5171 2348 5222 la-

787 5269 1050 5321 boramus
1085 5267 1188 5317 ista
1237 5265 1524 5324 obeuntes,
1562 5260 1918 5312 nihilominus
1948 5258 2090 5309 illius
2119 5273 2341 5326 agonem

787 5358 1044 5413 laudibus
1094 5355 1462 5413 celebramus,
1494 5351 1773 5404 victoriam
1837 5348 2187 5415 suscipimus.
2239 5360 2348 5402 tro-

785 5465 962 5519 pzenm
1003 5447 1333 5508 adoramus,
1363 5454 1414 5496 et
1438 5458 1564 5510 erga
1600 5441 1910 5493 bellatorem
1962 5439 2342 5506 fortissimum,

785 5538 1067 5598 eximium,
1132 5531 1612 5598 incredibilemque
1678 5543 1915 5582 antorem
1966 5527 2344 5592 ostendimus;

786 5626 1122 5693 vulneraque
1157 5624 1269 5684 illa,
1305 5633 1357 5674 et
1406 5623 1608 5689 plagas,
1639 5629 1692 5672 et
1726 5630 1952 5671 mortem
1985 5618 2048 5670 ad
2103 5634 2200 5672 nos
2234 5629 2346 5672 tra-

787 5719 994 5781 himus,
1041 5729 1094 5771 et
1139 5732 1242 5784 qua
1298 5715 1378 5769 \ia
1421 5729 1733 5782 possumus,
1776 5712 1933 5764 nobis
1979 5709 2341 5774 vindicamus,

787 5808 1070 5879 ipsamque
1120 5821 1340 5862 carnem
1399 5803 1598 5858 mortui
1659 5813 1710 5857 ct
1769 5802 1987 5860 redivivi
2033 5809 2336 5870 gustamus.

2449 4618 2723 4684 ἁμαρτίαν
2773 4619 2831 4668 ὲν
2867 4619 2995 4684 ἡμῖν
3049 4617 3338 4684 ἀποπνίγει
3370 4619 3463 4670 καὶ
3514 4619 3612 4685 τὴν
3647 4617 3790 4685 ζωὴν
3828 4620 4010 4686 ἐνίησι

2446 4711 2544 4771 τὴν
2581 4707 2773 4758 ἑαυτοῦ
2804 4709 2897 4760 καὶ
2927 4717 3024 4766 τὴν
3055 4708 3355 4775 ἀριστείαν,
3390 4709 3481 4761 καὶ
3511 4698 3799 4769 κοινωνοῦς
3830 4713 4011 4760 ποιεῖ-

2447 4815 2535 4849 ται
2591 4800 2687 4865 τῆς
2740 4801 2912 4866 νίκης,
2966 4799 3046 4863 (ὣ
3098 4801 3191 4867 τῆς
3217 4798 3544 4867 ἁγαθότητος
3577 4801 3630 4865 ί)
3680 4800 4006 4865 λουομένους

2447 4888 2625 4939 div:an
2650 4889 2739 4938 καὶ
2767 4887 3114 4948 δειπνοῦντας
3141 4887 3523 4956 ἀνακηρύττει.
3551 4889 3645 4939 Διὰ
3670 4887 3721 4938 τί
3744 4887 3836 4938 καὶ
3859 4887 4010 4937 κατὰ

2446 4979 2527 5029 τίν
2545 5000 2562 5025 ι.
2601 4979 2693 5029 τοῦ
2749 4982 3026 5046 γινομένου
3078 4979 3237 5043 λόγου
3272 4979 3377 5030 ἀπὸ
3417 4977 3640 5047 λουτροῦ
3687 4980 3778 5030 καὶ
3813 4981 4012 5046 μύρων

2448 5072 2538 5122 καὶ
2569 5071 2842 5136 τραπέζης
2875 5071 2996 5135 νίκη
3023 5070 3115 5121 καὶ
3145 5073 3428 5138 στέφανος,
3461 5069 3496 5122 ὃ.
3521 5070 3696 5121 πόνων
3727 5070 3818 5122 καὶ
3843 5069 4012 5137 ἱδρώ-

2445 5177 2551 5211 των
2577 5161 2692 5210 ὲστὶ
2727 5166 2934 5227 καρπός
2963 5177 2976 5222 ;
3006 5160 3127 5212 Ὅτι
3159 5163 3205 5211 εί
3232 5162 3322 5212 καὶ
3352 5161 3424 5228 μὴ
3455 5159 3832 5228 ἀγωνιζόμεθα
3862 5162 4011 5229 μηδὲ

2447 5250 2714 5317 πονοῦμεν
2770 5251 2938 5301 ταῦτα
3004 5249 3299 5312 ποιοῦντες,
3356 5251 3493 5302 ἀλλα
3549 5250 3636 5301 τόν
3692 5268 3752 5317 γε
3813 5252 4008 5317 ἀγῶνα.

2450 5339 2730 5409 ὑμνοῦμεν
2785 5345 2987 5392 ἐκεῖνον
3044 5343 3137 5392 καὶ
3169 5342 3519 5408 θαυμάζομεν
3565 5340 3662 5409 τὴν
3715 5341 3867 5409 νίκην
3907 5345 4011 5395 καὶ

2447 5433 2856 5502 προσκυνοῦμεν
2910 5433 2968 5483 τὸ
3022 5434 3280 5500 τρόπαιον
3314 5435 3406 5484 καὶ
3463 5435 3589 5501 περὶ
3636 5433 3725 5485 τὸν
3773 5435 4009 5501 ἀριστέα

2448 5523 2673 5591 σφοδρόν
2709 5540 2761 5573 τι
2794 5524 2887 5574 καὶ
2915 5525 3151 5592 ἄρρητον
3183 5524 3600 5592 ἐπιδεικνύμεθα
3624 5524 3862 5594 φίλτρον.
3896 5529 4012 5582 Καὶ

2444 5615 2512 5666 τὰ
2570 5615 2855 5682 τραύματα
2927 5616 3108 5667 ἐκεῖνα
3176 5618 3267 5666 καὶ
3314 5617 3411 5685 τὴν
3478 5617 3692 5688 πληγὴν
3749 5623 3842 5670 καὶ
3900 5628 4012 5674 τὸν

2445 5705 2668 5758 θάνατον
2701 5707 3064 5776 οἰκειούμεθα,
3123 5710 3211 5758 καὶ
3262 5708 3331 5760 δι’
3361 5702 3432 5761 ὧν
3471 5709 3675 5771 ἔξεστιν
3722 5714 3800 5774 εἰς
3852 5715 4011 5780 ἡμᾶς

2445 5796 2637 5861 attito”);
2678 5799 2931 5866 ἕλκομεν,
2973 5799 3064 5850 καὶ
3099 5799 3278 5854 αύιτῶν
3321 5802 3590 5873 γενόμεθα
3624 5804 3733 5858 τῶν
3781 5807 4012 5873 σαρκῶν
