4154 6308
136 407 275 472 ⁷51⁸1

1266 403 1363 463 DE
1402 401 1581 464 Vl'l‘A
1622 397 1706 459 IN
1746 397 2086 466 CHRISTO
2125 398 2276 459 LIB.
2320 399 2373 456 Ῑ.

3295 387 3402 451 518

162 519 263 574 τοῦ
292 520 662 592 νεκρωθέντος
695 519 786 573 καὶ
808 519 1137 579 ἀναστάντος
1218 517 1342 571 ὅθεν
1373 517 1600 580 είκότως
1626 514 1737 567 τῶν

1843 516 1992 565 Unde
2024 526 2130 564 non
2192 512 2389 577 injuria
2443 507 2602 573 bonis
2631 514 2661 561 c
2692 514 2869 560 morte
2899 512 2953 559 et
2986 496 3262 573 agonibus
3293 503 3406 559 illis

163 611 277 663 ἀπὸ
304 610 398 663 τοῦ
430 609 661 664 θανάτου
693 611 787 664 καὶ
817 606 924 663 τῶν
952 609 1180 675 ἀγώνων
1208 608 1429 661 εκείνων
1468 605 1738 659 ἀπολαύο-

164 718 271 770 μεν
302 701 543 769 ἀγαθῶν.
572 702 633 769 El
654 703 762 770 γάρ
792 717 875 763 τις
900 699 1156 768 τύραννον
1188 699 1385 751 ἁλόντα
1415 699 1509 750 καὶ
1531 696 1730 767 (δίκην)

162 792 572 862 ἀπαιτούμενον
618 791 907 860 παρελθὼν
962 790 1257 860 ἐξαιρεῖται
1314 788 1408 843 καὶ
1455 789 1734 855 στεφάνων

161 881 311 946 ἀξιοῖ
339 883 433 934 καὶ
486 882 742 951 σεμνύνει
777 882 873 934 τὶν
902 882 1214 953 τυραννίδα.
1245 880 1339 934 καὶ
1387 880 1547 940 αύτδς
1580 880 1733 946 ἡγεῖ-

164 988 260 1024 ται
291 972 661 1039 ἀποθνήσκειν
686 973 895 1026 ἐκείνου
929 974 1218 1034 πίπτοντος
1248 970 1341 1025 καὶ
1367 969 1607 1040 καταδοᾷ
1627 969 1733 1024 τῶν

166 1064 355 1132 νόμων
382 1064 489 1116 ικαὶ
524 1064 661 1133 πρὸς
706 1062 777 1116 τὰ
815 1065 997 1116 δῖκαια
1035 1062 1397 1131 δυσχεραίνει,
1430 1061 1526 1114 καὶ
1542 1059 1732 1113 Ἴταῦτα
1768 1091 1772 1095 -

165 1154 229 1206 ού
272 1155 372 1206 σὺν
404 1154 637 1224 αἰσχύνη
685 1155 807 1207 οὐδὲ
839 1153 1237 1219 συγκαλύπτων
1292 1152 1393 1223 τὴν
1441 1150 1731 1221 πονηρίαν,

165 1246 302 1298 ἀλλὰ
339 1247 851 1317 παρρησιαζόμενος
883 1247 978 1299 καὶ
1011 1246 1561 1316 μαρτυρόμενοςριαὶ
1605 1246 1732 1297 ἐπι-

162 1335 519 1407 δεικνύμενος
561 1338 751 1390 τοῦτον
842 1338 1001 1390 τίνων
1050 1336 1355 1407 ἀξιώσομεν
1401 1336 1637 1406 ψήφωνς
1670 1336 1731 1388 ού

163 1429 280 1482 τῶν
303 1429 487 1482 αὐτῶν
513 1428 862 1498 τιμησὸμεθα
889 1428 966 1497 τῷ
994 1429 1272 1498 τυράννῳ;
1306 1428 1476 1481 Παντί
1514 1443 1615 1478 που
1644 1426 1736 1495 δῆ-

166 1519 283 1572 λον.
316 1516 529 1572 οὐκοῦν
563 1520 874 1572 τούναντίον
922 1518 1089 1583 ἅπαν,
1126 1519 1181 1573 εί
1224 1535 1306 1581 τις
1340 1520 1568 1588 ἀριστέα
1600 1518 1734 1571 θαυ-

171 1608 339 1679 μάζει
386 1612 481 1661 καὶ
533 1611 713 1679 χαίρει
746 1612 1052 1680 νενικηκότι
1096 1613 1189 1665 καὶ
1237 1611 1530 1680 στεφάνους
1584 1610 1733 1681 αύτῷ

168 1701 365 1755 πλέκει
396 1701 494 1755 καὶ
555 1701 818 1771 θορύϐους
871 1704 1074 1773 ἐγείρει
1112 1703 1215 1765 καὶ
1247 1702 1379 1757 σείει
1413 1702 1472 1754 τὸ
1509 1704 1735 1772 θέατρον

166 1793 267 1843 καὶ
289 1788 682 1859 θριαμϐεύοντι
712 1790 1042 1860 προσπίπτει
1068 1790 1163 1843 σὺν
1190 1788 1347 1862 ἡδονῇ
1378 1790 1469 1842 καὶ
1492 1787 1733 1855 κεφαλὴν

169 1843 466 1949 καταφιλεῐ
494 1880 589 1933 καὶ
613 1843 1046 1951 περιπτύσσεται
1078 1843 1279 1944 δεξιάν,
1306 1843 1399 1933 ,ἱάι
1428 1843 1583 1933 οὕτω.
1601 1843 1733 1945 σφύ⁶
1753 1843 1809 1901 Β

164 1972 271 2042 δρα
312 1968 565 2040 μαίνεται
590 1971 719 2040 περὶ
749 1969 842 2023 τὸν
874 1970 1214 2041 στρατιώτην
1254 1968 1349 2022 καὶ
1378 1970 1444 2038 ἢν
1472 1967 1736 2038 ἀνῄρηται

164 2060 349 2126 νίκην,
376 2059 567 2131 ὥσπερ
611 2061 773 2123 αὐτὸς
799 2059 877 2113 ὢν
908 2061 936 2113 6
958 2060 1059 2129 τὴν
1094 2059 1333 2129 κεφαλὴν
1361 2059 1436 2127 τῷ
1486 2056 1737 2128 στεφάνῳ

167 2153 471 2221 κοσμήσων
516 2152 617 2223 τὴν
658 2149 879 2207 ἑαυτοῦ.
914 2143 1081 2213 Οὗτος
1119 2151 1227 2222 γὰρ
1273 2151 1500 2220 μερίτης
1536 2144 1600 2203 5v
1648 2148 1735 2220 εῐη

168 2245 279 2297 τῶν
313 2243 567 2305 επάθλων
612 2242 691 2314 τῷ
719 2244 913 2313 νικητῇ
947 2241 1097 2311 παρά
1130 2257 1194 2310 γε
1237 2240 1543 2309 εὐγνώμοσι
1576 2240 1734 2293 δικα-

173 2334 354 2395 σταῖς,
396 2333 651 2402 καθάπερ
707 2332 933 2397 ἐκεῖνος,
966 2324 1147 2399 οἶμαι,
1195 2332 1518 2399 κοινωνήσει
1540 2328 1619 2399 τῷ
1642 2346 1736 2382 τυσ

173 2424 355 2492 ράννιρ
370 2422 468 2491 τῆς
495 2421 671 2493 δίκης.
698 2422 761 2474 El
795 2423 901 2492 γὰρ
922 2426 1047 2493 περὶ
1071 2424 1195 2485 τοὺς
1224 2420 1493 2492 πονηροὺς
1513 2420 1549 2476 ἀ
1571 2437 1740 2490 προσ-

168 2515 298 2583 ῆκε,
330 2514 423 2565 καὶ
448 2512 542 2581 τῆς
577 2515 945 2585 προαιρέσεως
993 2516 1087 2569 καὶ
1115 2514 1211 2585 τῆς
1256 2512 1484 2584 γνώμης
1508 2514 1740 2584 ἀπαιτη-

167 2605 296 2657 τέον
332 2601 589 2673 εὐθύνας,
618 2605 779 2675 σχολῇ
805 2622 871 2673 γε
894 2604 1043 2667 είκός
1068 2606 1184 2657 ἔστι
1211 2604 1337 2666 τοὺς
1369 2604 1606 2671 ἀγαθοὺς
1628 2605 1739 2659 τῶν

172 2695 520 2763 γιγνομένων
542 2697 887 2766 ἀποστερεῖν.
912 2696 974 2749 Εί
1000 2695 1055 2749 δὲ
1084 2697 1179 2751 καὶ
1205 2692 1363 2747 τοῦτο
1386 2692 1738 2766 προστιθείη,

173 2788 271 2840 καὶ
298 2786 328 2837 ὁ
356 2784 455 2854 τὴν
493 2785 650 2855 νίκην
684 2784 1046 2855 εἰργασμένος
1088 2784 1307 2855 ἐκείνην
1333 2785 1492 2849 αὐτὸς
1530 2787 1630 2857 μὶν
1676 2788 1738 2841 ού

172 2877 349 2929 δεῖται
393 2875 505 2928 τῶν
554 2874 665 2928 ἀπὸ
711 2876 811 2945 τῆς
859 2876 1015 2946 νίκης
1052 2874 1248 2946 γερῶν,
1304 2877 1481 2931 έκεῖνο
1531 2876 1590 2931 δὲ
1618 2876 1742 2930 ἀντὶ

174 2966 399 3022 πάντων
423 2967 663 3036 ἡγεῖται,
686 2965 942 3037 λαμπρὸν
976 2966 1106 3020 ἰδεῖν
1136 2969 1231 3021 ἐπὶ
1260 2968 1355 3021 τοῦ
1389 2968 1619 3037 θεάτρου
1649 2967 1742 3022 τὸν

96 3102 99 3103 ν
175 3056 543 3129 σπουδαστὴν,
600 3058 698 3112 καὶ
741 3057 899 3111 τοῦτο
930 3058 1029 3128 τῆς
1072 3059 1314 3127 ἀγωνίας
1354 3055 1517 3114 ἆθλον
1558 3061 1740 3132 ἑαυτῷ

1838 601 2234 669 prolluentibus
2265 598 2620 669 pcrl‘ruimur.
2657 597 2715 652 Si
2748 597 2873 666 quis
2920 597 3073 667 enim
3104 606 3403 667 tyrannum

1838 702 2052 758 captum
2110 700 2163 741 et
2222 692 2398 758 prauis
2453 690 2727 742 addictum
2792 686 3124 739 conveniens
3174 687 3405 751 eximat,

1837 798 2036 853 corona
2086 784 2434 847 condecoret,
2488 782 2557 835 ob
2606 780 2951 852 tyrannidem
3013 768 3321 841 veneretur,
3351 786 3409 833 et

1835 888 1902 927 eo
1954 884 2211 942 pereunte
2266 873 2608 927 moriendum
2662 872 2764 925 sibi
2813 873 3106 933 existimet,
3140 872 3407 924 adversus

1838 966 1982 1035 leges
2016 968 2302 1027 exclamet.
2336 978 2387 1022 et
2429 977 2621 1023 contra
2668 968 2795 1035 jura
2853 967 3188 1036 indignetur,
3229 982 3408 1034 neque

1838 1054 1891 1109 id
1932 1071 2054 1109 cum
2116 1058 2345 1125 pudore.
2397 1072 2462 1111 ac
2511 1058 2857 1126 improbitate
2890 1057 3236 1111 dissimulata
3261 1094 3277 1118 ,
3310 1054 3406 1107 sed

1836 1156 2107 1217 proterve,
2136 1162 2200 1202 ac
2250 1146 2384 1203 deos
2410 1157 2635 1209 testans,
2663 1157 2715 1201 ct
2764 1163 2822 1203 se
2877 1148 2930 1200 in
2985 1162 3049 1199 eo
3098 1156 3404 1209 ostentans,
3462 1168 3465 1169 ν

1838 1253 2001 1307 quam
2030 1239 2353 1293 sententiam
2404 1240 2455 1292 in
2490 1240 2637 1292 hunc
2670 1238 2953 1293 feremus?
2981 1237 3173 1291 Nonne
3208 1238 3403 1298 iisdem

1838 1344 1963 1382 cum
2012 1341 2244 1401 tyranno
2292 1331 2572 1400 suppliciis
2621 1333 2960 1385 multandum
3021 1329 3411 1385 censebimus?

1840 1418 2063 1486 Planum
2099 1422 2201 1475 hoc
2248 1424 2466 1490 quidem
2500 1424 2691 1476 cuivis.
2747 1421 2941 1476 Nonne
2982 1424 3144 1490 igitur
3175 1437 3403 1490 prorsus

1838 1512 2174 1565 contrarium
2205 1512 2359 1577 facit,
2386 1514 2477 1581 qui
2504 1520 2695 1583 regem
2724 1514 3193 1569 bellicosissimum
3229 1514 3408 1567 adrni-

1840 1611 2027 1666 ratur;
2069 1602 2185 1671 cjus
2222 1603 2448 1656 victoria
2487 1598 2721 1658 exsultat
2748 1620 2763 1669 ;
2795 1614 3055 1658 cor-Onam
3094 1605 3144 1659 ci
3179 1605 3405 1674 plectit;

1840 1694 2091 1762 plausum
2130 1696 2367 1756 excitat;
2402 1700 2479 1749 et'
2516 1696 2791 1749 theatrum
2849 1704 3022 1750 totum
3058 1706 3406 1761 commovet;

1840 1794 1963 1839 ante
1998 1786 2418 1851 triumphantem
2472 1802 2593 1840 cum
2647 1788 2925 1854 voluptate
2960 1790 3013 1842 in
3063 1803 3236 1858 genua
3284 1804 3411 1858 pro-

1838 1876 2083 1941 cumbit;
2120 1885 2284 1947 caput
2311 1878 2430 1946 ejus
2460 1880 2841 1945 deosculatur;
2885 1882 3133 1935 dextram
3165 1880 3409 1948 comple-

1838 1968 2025 2029 ctitur,
2063 1976 2229 2036 atque
2280 1968 2419 2021 adeo
2473 1970 2842 2033 vehementer,
2875 1977 2929 2023 et
2962 1984 3126 2038 prope
3156 1971 3222 2023 ad
3259 1970 3410 2023 insa-

1838 2056 1985 2111 niam
2020 2058 2425 2127 imperatorem,
2456 2069 2895 2129 izeportatamque
2929 2062 2997 2114 ab
3026 2075 3092 2114 eo
3120 2060 3409 2123 victoriam

1838 2148 2036 2213 diligit,
2070 2150 2225 2216 quasi
2264 2149 2334 2204 ab
2361 2150 2553 2203 eodem
2588 2158 2753 2219 caput
2783 2164 2943 2203 suum
2974 2163 3175 2205 corona
3209 2166 3413 2207 ornan-

1838 2235 1966 2289 dum
2002 2238 2117 2290 sit?
2150 2235 2283 2291 Nam
2313 2238 2399 2293 hic
2425 2249 2633 2306 partem
2667 2241 2957 2309 quamdam
2990 2243 3345 2309 praemiorum
3380 2257 3410 2296 a

1827 2325 2047 2395 _victore
2082 2329 2278 2397 rapiet,
2341 2331 2482 2397 apud
2534 2328 2681 2397 juste
2715 2344 2827 2383 rem
2883 2330 3237 2394 aestimantes,
3272 2330 3415 2386 sicut

1840 2417 1933 2472 ille
1963 2418 2125 2482 alius,
2174 2420 2390 2488 opinor,
2424 2431 2657 2491 tyranno
2690 2422 2930 2476 victoriae
2976 2424 3164 2477 socius
3193 2423 3319 2478 erit.
3353 2425 3412 2478 Si

1841 2509 1987 2563 enim
2042 2511 2307 2579 improbis
2341 2527 2459 2581 quae
2506 2527 2601 2566 eos
2633 2512 2881 2581 accipere
2910 2513 3102 2568 decent
3149 2514 3415 2568 concede-

1842 2615 1988 2665 mus,
2038 2601 2456 2672 voluntatisque
2509 2612 2563 2657 et
2619 2603 2785 2657 animi
2828 2603 3078 2658 habenda
3135 2612 3215 2657 est
3248 2605 3413 2670 ratio,

1841 2692 2159 2761 neutiquam
2210 2693 2290 2746 las
2320 2703 2406 2748 est
2437 2694 2611 2749 bonos
2664 2696 2780 2749 suis
2808 2696 3193 2752 emolumentis
3228 2698 3413 2767 priva-

1842 2788 1956 2835 tum
2003 2782 2092 2835 iri.
2132 2782 2286 2847 Quod
2320 2784 2362 2837 si
2419 2786 2522 2839 hoc
2553 2785 2719 2839 etiam
2758 2788 3074 2854 accesserit,
3113 2797 3171 2842 ut
3201 2804 3293 2859 qut
3329 2790 3414 2843 vi-

1842 2874 2073 2929 ctoriam
2111 2876 2258 2928 illam
2297 2877 2524 2944 peperit,
2568 2877 2684 2946 ipse
2733 2879 2975 2934 victoria:
3030 2881 3269 2949 pratmiis
3304 2897 3415 2936 non

1842 2967 2106 3035 indigeat,
2138 2976 2192 3021 et
2229 2967 2364 3020 illud
2398 2969 2571 3023 instar
2604 2971 2849 3025 omnium
2883 2972 3065 3035 ducat,
3093 2973 3179 3026 sui
3214 2988 3417 3026 amau-

1845 3068 1951 3114 tem
1994 3072 2058 3113 ac
2089 3058 2393 3113 studiosum
2443 3061 2495 3113 in
2541 3061 2790 3120 theatrali
2823 3062 3177 3117 multitudine
3203 3066 3419 3133 conspi-

176 3148 394 3218 νομίζει
430 3148 841 3218 στεφανωθῆναι
870 3148 962 3202 τὸν
995 3149 1208 3219 ἑταῖρον
1277 3150 1391 3212 πῶς
1424 3152 1484 3204 ού
1515 3150 1742 3215 δικαίως

1846 3164 2009 3203 cuum
2042 3164 2287 3213 cernere,
2348 3153 2531 3206 ethoc
2579 3153 2900 3208 certaminis
2946 3157 3029 3208 sui
3062 3154 3414 3209 honorarium

174 3241 385 3302 ἐκεῖνος
418 3239 513 3292 καὶ
548 3238 691 3308 μάλα
728 3238 1040 3303 ἀκολούθως
1063 3242 1191 3295 ἀνευ
1226 3240 1465 3311 ἱδρώτων
1499 3243 1595 3296 καὶ
1625 3259 1741 3295 κιν-
1772 3245 1777 3252 ’

153 3330 348 3383 δύνων
379 3328 470 3382 τὸν
523 3328 630 3381 ἀπὸ
677 3329 773 3382 τοῦ
829 3329 1068 3399 πολέμου
1097 3329 1367 3400 κομιεῖται
1422 3332 1735 3399 στέφανον;

176 3419 369 3473 Ταῦτα
394 3420 460 3488 δὴ
487 3419 583 3471 καὶ
607 3421 745 3489 ἡμῖν
770 3418 831 3473 τὸ
858 3420 1080 3489 λουτρὸν
1110 3419 1269 3473 τοῦτο
1291 3420 1515 3473 δύναται
1554 3421 1651 3473 καὶ
1676 3420 1738 3472 τὸ

165 3505 393 3567 ’δεῖπνον
427 3511 522 3565 καὶ
551 3513 586 3580 ἠ
618 3511 853 3581 σώφρων
884 3510 982 3565 τοῦ
1016 3510 1188 3582 μύρου
1236 3512 1442 3582 τρυφή.
1478 3512 1738 3580 Μυοῦμε-
1782 3514 1785 3515 ⁷

176 3622 260 3657 νοι
294 3604 404 3673 γὰρ
442 3601 530 3656 τὸν
565 3601 663 3671 μὲν
688 3602 949 3670 τύραννον
980 3602 1280 3672 κακίζομεν
1308 3605 1402 3656 καὶ
1433 3604 1740 3656 καταπτύοο

180 3708 287 3762 μεν
324 3694 414 3745 καὶ
436 3692 910 3762 ἀποστρεφόμεθα,
941 3692 1035 3747 τὸν
1068 3694 1294 3765 ἀριστέα
1319 3695 1373 3747 δὲ
1410 3694 1740 3764 ἐπαινοῦμεν

180 3789 281 3836 καὶ
328 3782 683 3853 θαυμάζομεν
738 3784 833 3837 καὶ
882 3782 1293 3855 προσκυνοῦμεν
1338 3786 1432 3838 κοιλ⁹
1481 3786 1741 3857 φιλουμεν

173 3875 277 3947 ὅλῃ
310 3874 476 3943 ψυχῇ,
509 3873 647 3927 ὥστε
695 3874 774 3944 τῷ
802 3874 1046 3944 περιόντι
1074 3874 1167 3928 τοῦ
1209 3874 1445 3945 φίλτρου·
1465 3876 1538 3939 ώς
1577 3877 1741 3946 ἄρτον

176 3964 476 4032 σιτούμεθα
526 3965 620 4018 καὶ
640 3964 715 4028 ώς
752 3964 921 4034 μύρον
959 3965 1223 4036 χριόμεθα
1253 3967 1346 4020 καὶ
1373 3967 1445 4030 ώς
1475 3968 1617 4036 ὕδωρ
1650 3985 1743 4020 πε-

176 4054 572 4126 ριῦαλλόμεθα,
603 4055 839 4127 Φανερδν
863 4056 920 4109 δὲ
935 4057 1016 4110 ὅτι
1035 4057 1124 4110 τὸν
1145 4057 1377 4127 πόλεμον
1405 4059 1545 4127 ὑπὲρ
1583 4059 1740 4136 ἡμῶν

175 4146 355 4200 εἵλετο
385 4147 596 4211 τοῦτον,
630 4148 723 4200 καὶ
751 4148 837 4200 ἵνα
866 4147 1180 4218 νικήσωμεν
1213 4150 1396 4216 ἡμεῖς,
1425 4149 1586 4211 αὐτὸς
1616 4149 1741 4201 ἀνέ-

175 4255 341 4308 σχετο
369 4238 750 4309 ἀποθνήσκων,
810 4236 950 4290 ὥστε
1010 4237 1161 4315 οὐδέν
1213 4239 1570 4299 ἀνακόλουθον
1614 4241 1739 4293 οὐδὲ

173 4329 409 4399 ἀπᾷδον,
435 4330 543 4380 ἀπὸ
568 4328 674 4380 τῶν
701 4328 1018 4397 μυστηρίων
1038 4328 1240 4382 τούτων
1271 4330 1361 4384 ἐπὶ
1390 4332 1515 4392 τοὺς
1540 4332 1741 4398 στεφά-

175 4435 307 4481 νους
333 4418 612 4487 ἔρχεσθαι.
652 4418 840 4488 Ἢμείς
889 4418 987 4486 μὲν
1015 4417 1113 4488 τὴν
1156 4419 1387 4489 δυνατὴν
1432 4422 1738 4474 ἐπιδεικνύ-

1845 3251 2082 3311 reputet,
2118 3243 2372 3295 coronari
2420 3242 2678 3297 videlicet
2705 3245 2943 3297 amicum
2973 3285 2986 3308 ,
3026 3247 3299 3311 quonmtlt)
3330 3247 3418 3300 ille

1846 3348 1953 3385 non
1991 3332 2135 3400 jure,
2175 3344 2228 3387 et
2276 3335 2669 3387 convenienter
2698 3336 3016 3399 admodum,
3046 3338 3162 3391 sine
3193 3337 3415 3391 sudori-

1845 3422 1949 3477 bus
1988 3423 2350 3492 periculisque
2401 3440 2429 3477 e
2480 3425 2618 3479 bello
2669 3442 2925 3480 coronam
2982 3429 3231 3483 auferet?
3292 3429 3417 3485 Hmc

1847 3530 1978 3569 sane
2017 3514 2174 3568 nobis
2220 3516 2515 3569 conciliare
2562 3526 2791 3583 possunt
2844 3519 3120 3572 lavacrum
3168 3522 3310 3575 istuc
3361 3530 3417 3575 et

1847 3618 2036 3669 eterra;
2069 3606 2251 3659 Sobria
2279 3590 2452 3670 coena,
2484 3605 2725 3675 inquam,
2759 3618 2812 3659 et
2840 3610 3100 3663 modesta:
3131 3611 3412 3663 unctionis

1846 3696 2055 3749 deliciae
2101 3696 2392 3750 conciliare
2431 3708 2695 3765 possunt;
2749 3712 2872 3756 nam
2931 3715 3054 3752 cum
3110 3701 3412 3764 initiamur,

1849 3796 2137 3855 tyranuum
2212 3786 2590 3850 detestamur,
2666 3788 3027 3853 conspuimus
3082 3800 3134 3841 et
3192 3804 3420 3843 aversa-

1849 3894 1993 3933 mur.
2032 3878 2407 3932 Fortissimum
2440 3888 2618 3931 autem
2649 3880 2966 3933 bellatorem
3013 3880 3414 3944 collaudauius.

1848 3971 2223 4032 admiramur,
2285 3971 2601 4036 adoramus,
2664 3980 2718 4027 et
2786 3981 2895 4026 toto
2942 3982 3159 4040 pectore
3232 3973 3412 4041 diligi-

1847 4074 1992 4124 mus,
2026 4070 2078 4115 et
2108 4062 2441 4115 abundantia
2495 4066 2722 4124 amoris,
2761 4072 3019 4129 tanquam
3055 4078 3191 4130 pane
3240 4065 3421 4131 pasci-

1848 4166 1990 4213 mur,
2042 4161 2096 4205 et
2139 4153 2303 4205 veluti
2354 4168 2494 4221 aqua
2531 4150 2985 4207 circmnﬂuimus.
3022 4152 3219 4221 Liquet
3254 4168 3419 4221 porro

1846 4242 2011 4296 etiam
2047 4245 2295 4312 praelium
2329 4245 2434 4298 hoc
2465 4245 2533 4298 ab
2561 4245 2654 4299 illo
2691 4246 2867 4299 nostri
2907 4261 3070 4299 causa
3101 4254 3417 4315 susceptum

1848 4353 1973 4393 csse
2008 4354 2022 4389 :
2055 4348 2109 4390 et
2138 4346 2197 4389 ut
2232 4351 2336 4391 nos
2366 4338 2732 4402 vinceremus,
2770 4337 2950 4405 ipsum
3002 4338 3141 4389 mori
3190 4352 3297 4389 non
3331 4351 3417 4388 re-

1848 4443 2097 4485 cusasse.
2126 4428 2396 4492 Quocirca
2433 4442 2538 4480 nou
2569 4438 2653 4480 est
2694 4442 2885 4495 parum
2920 4441 3285 4495 consequens,
3317 4444 3421 4482 uec

174 4511 324 4581 μεθα
352 4508 662 4577 προθυμίαν
711 4508 805 4561 καὶ
849 4509 908 4559 τὸ
954 4507 1101 4576 ὕδωρ
1140 4507 1430 4571 ἀκούοντες
1478 4510 1635 4563 τοῦτο
1670 4512 1738 4564 τὰ

1848 4516 2174 4580 absurdum,
2212 4517 2281 4570 ab
2306 4515 2456 4570 hisce
2487 4516 2764 4585 mysteriis
2800 4530 2898 4569 uos
2928 4516 2993 4568 ad
3024 4530 3256 4569 coronas
3299 4531 3419 4583 per-

167 4600 274 4656 τοῦ
316 4598 551 4654 θανάτου
582 4596 678 4649 τοῦ
709 4597 946 4666 Χριστοῦ
974 4599 1069 4649 καὶ
1101 4598 1275 4666 τάφου
1318 4598 1601 4663 δύνασθαι,
1645 4605 1742 4654 καὶ

175 4690 515 4758 πιστεύομεν
544 4685 605 4741 εὖ
640 4686 783 4756 μάλα
815 4687 910 4739 καὶ
942 4687 1209 4755 πρόσιμεν
1244 4687 1414 4755 ἡδέως
1441 4689 1535 4741 καὶ
1569 4707 1742 4743 κατα-

171 4781 418 4851 δυόμεθα
485 4781 513 4833 ὁ
547 4778 603 4831 δὲ
635 4778 714 4847 (ού
748 4776 856 4844 γὰρ
888 4777 1063 4845 μικρὰ
1099 4776 1332 4842 δίδωσιν,
1363 4779 1483 4833 οὐδὲ
1525 4783 1740 4852 μικρῶν

174 4873 343 4941 ἀξιοῖ)
385 4870 513 4932 τοὺς
562 4867 1021 4938 προστιθεμένους
1055 4870 1167 4930 τοῖς
1204 4871 1340 4937 μετά
1362 4870 1459 4930 ,τὸν
1508 4871 1741 4925 θάνατον

176 4966 273 5017 καὶ
304 4962 407 5033 τὴν
452 4961 631 5031 ταφὴν
661 4958 950 5025 δεξιοῦται,
993 4959 1053 5011 οὐ
1106 4960 1368 5026 στέφανόν
1417 4978 1538 5014 τινα
1574 4966 1745 5032 παρέ-

178 5072 315 5125 χων,
350 5053 413 5104 οὐ
440 5052 600 5119 δόξης
649 5050 987 5120 μεταδιδοὺς.
1019 5048 1135 5102 ἀλλ’
1179 5049 1342 5103 αὑτὸν
1385 5051 1474 5104 τὸν
1520 5055 1742 5124 νικητὴν

179 5147 345 5207 αὐτὸς
377 5142 572 5197 ἑαυτὸν
602 5141 1068 5212 ἐστεφανωμένον.
1110 5141 1221 5194 Καὶ
1249 5141 1309 5193 τὸ
1344 5140 1485 5211 ὕδωρ
1516 5145 1744 5198 ἀναδῦν-

179 5254 272 5300 τες
303 5234 472 5288 αὐτὸν
503 5234 595 5286 τὸν
629 5233 854 5302 Σωτῆρα
902 5232 1141 5302 φέρομεν
1172 5232 1264 5283 ἐπὶ
1309 5232 1419 5286 τῶν
1462 5235 1747 5305 ἡμετέρων

178 5326 391 5396 ψυχῶν,
420 5325 512 5376 ιπι
542 5324 638 5393 τῆς
669 5320 933 5391 κεφαλῆς,
956 5323 1049 5374 ἐπὶ
1072 5320 1177 5373 τῶν
1206 5308 1522 5392 ὀφθαλμῶν,
1553 5327 1610 5377 ἐν
1645 5329 1745 5379 αύ-

179 5419 294 5477 τοῖς
350 5415 463 5475 τοῖς
500 5412 852 5481 σπλάγχνοις,
911 5411 1008 5462 ἐπὶ
1068 5409 1177 5465 τῶν
1235 5413 1412 5480 μελῶν
1468 5416 1749 5480 ἁπάντων,

182 5504 459 5575 ἁμαρτίας
487 5502 748 5571 καθαρὸν,
782 5499 988 5570 φθορᾶς
1025 5500 1243 5568 ἁπάσης
1294 5504 1741 5574 ἀπηλλαγμένον,

180 5594 294 5659 οἷος
319 5596 520 5664 ἀνέστη
551 5596 644 5647 καὶ
672 5595 781 5656 τοῖς
816 5592 1086 5662 μαθηταῖς
1120 5591 1276 5662 ὤφθη
1315 5596 1411 5646 καὶ
1441 5596 1742 5668 ἀνελήφθη,

180 5683 290 5753 οἶος
318 5688 574 5757 ἀφίξεται
600 5686 761 5755 πάλιν
779 5683 968 5739 τοῦτον
986 5686 1305 5755 ἀπαιτήσων
1335 5688 1426 5739 τὸν
1448 5686 1743 5758 θησαυρόν.

181 5837 419 5894 purum,
465 5821 534 5873 ab
585 5818 733 5874 omni
790 5819 1137 5887 corruptione
1201 5818 1468 5881 liberum,

1858 4608 2065 4661 venire.
2101 4606 2210 4660 Nos
2243 4610 2387 4660 enim
2420 4621 2584 4675 quam
2619 4606 2897 4675 potuimus
2926 4606 3262 4660 alacritatem
3300 4620 3419 4661 sm-

1854 4700 2114 4766 diumque
2171 4696 2705 4760 demonstravimus,
2763 4706 2816 4751 et
2866 4698 3155 4753 Audientes
3214 4698 3419 4752 fontem

1853 4790 2021 4842 istum
2060 4788 2260 4841 habere
2288 4789 2479 4841 mortis
2505 4795 2559 4840 et
2591 4788 2909 4857 sepulturae.
2945 4787 3147 4841 Christi
3174 4788 3418 4843 edicit-u-

1836 4883 2009 4944 tiam,
2060 4888 2114 4935 et
2160 4880 2439 4933 credimus
2473 4895 2686 4938 omnes.
2718 4890 2779 4933 et
2824 4880 3053 4933 libenter
3079 4883 3415 4944 accedimus,

1851 4978 1907 5023 et
1939 4969 2333 5037 immergimur.
2375 4962 2495 5021 Non
2535 4970 2680 5021 enim
2713 4970 2909 5038 exigua
2953 4970 3139 5033 donat,
3174 4984 3270 5023 nec
3303 4986 3419 5023 me-

1851 5060 2128 5113 diocribus
2168 5059 2442 5125 dignatur.
2495 5063 2563 5112 At
2610 5059 2700 5113 ille
2752 5074 2873 5114 sese
2926 5071 3046 5128 post
3083 5068 3420 5121 mortem,ct

1851 5149 2185 5217 sepulturam
2241 5164 2392 5203 suam
2435 5151 2529 5202 :rd-
2564 5151 2738 5218 ipsqu
2780 5150 3115 5219 applicantes
3172 5162 3418 5205 amanter

1851 5237 2102 5303 suscipit,
2160 5250 2266 5289 nou
2330 5252 2589 5290 coronam
2659 5238 2897 5306 aliquam
2961 5241 3266 5308 porrigens,
3317 5256 3419 5296 nec

1830 5328 2076 5397 eglorinm
2109 5328 2175 5381 iis
2206 5342 2359 5383 suam
2398 5331 2811 5383 communicaus
2848 5349 2861 5384 :
2898 5333 2994 5384 sed
3028 5333 3207 5399 ipsum
3242 5332 3416 5387 victo-

1852 5416 2139 5484 rem,.ipse
2174 5419 2526 5482 semetipsum
2560 5432 2881 5473 coronatum
2935 5423 3329 5486 communit-at,
3363 5430 3418 5477 ct

1852 5522 1881 5560 e
1912 5522 2069 5560 sacro
2102 5507 2249 5559 loute
2282 5518 2566 5573 exeuntes,
2605 5510 2780 5578 ipsum
2831 5509 3171 5565 Salvatorem
3203 5512 3255 5564 in
3291 5510 3416 5565 ani-

1852 5597 2045 5653 mabus
2102 5597 2306 5651 nostris
2339 5608 2635 5666 portamus,
2694 5600 2746 5650 in
2776 5601 2977 5667 capite,
3018 5600 3071 5652 in
3124 5601 3323 5661 oculis,
3360 5599 3419 5653 in

1851 5688 1984 5755 ipsis
2021 5687 2348 5751 visceribus,
2388 5689 2443 5741 in
2502 5688 2762 5742 membris
2812 5691 3085 5756 omnibus,
3113 5706 3143 5743 a
3192 5698 3416 5760 peccato

1560 5822 1738 5888 qualis
1817 5821 2137 5885 l'CSill'l'tIll,
2194 5829 2247 5877 ct
2298 5821 2583 5892 discipulis
2662 5824 2944 5893 apparuit,
2996 5834 3047 5881 et
3107 5827 3160 5881 in
3215 5826 3417 5880 malum

192 5922 473 5998 prolectus
500 5930 602 5988 cst,
633 5919 805 5989 qualis
840 5917 1054 5983 redibit,
1080 5919 1395 5974 ilirsaurum
1426 5922 1565 5973 hunc
1592 5930 1903 5978 exacturus.
