4154 6308
1278 394 1370 454 DE
1413 398 1584 456 \'lT.\
1637 397 1708 455 IN
1748 396 2086 456 (IIIRISTO
2124 390 2272 454 LIB.
2315 395 2394 452 II.

3355 383 3462 452 522

673 706 1063 830 ΠΕΡΙ
1139 706 1474 829 ΤΗΣ
1559 706 1763 828 ΕΝ
1839 705 2455 831 ΧΡΙΣΤΩ
2531 705 2981 830 ΖΩΗΣ

1322 947 1687 1033 ΛΟΓΟΣ
1765 945 2352 1032 ΔΕΥΤΕΡΟΣ.

962 1085 1105 1140 Τίνα
1129 1087 1488 1142 συντέλειαν
1522 1088 1585 1142 τὸ
1624 1087 1785 1141 θεῖον
1825 1086 1980 1154 αὐτῇ
2020 1089 2343 1156 παρέχεται
2372 1087 2711 1153 βάπτισμα.

1002 1373 1196 1495 DE
1258 1371 1652 1503 VITA
1714 1375 1870 1496 IN
1969 1371 2662 1508 CHRISTO

1257 1620 1604 1706 [ABER
1727 1620 2382 1708 SECUNDUS.

873 1775 1062 1852 Quem
1087 1776 1142 1835 ei
1175 1771 1474 1834 utilitatis
1509 1774 1787 1851 fructum
1823 1773 2102 1836 divinum
2143 1777 2451 1855 baptisma
2481 1783 2788 1845 conciliet.

281 1937 353 1988 Τὸ
390 1939 488 2007 μὲν
519 1934 612 1992 οὖν
641 1939 697 1990 ἐν
735 1941 844 2000 τοῖς
894 1941 1060 2008 ἱεροῖς
1101 1937 1423 2007 μυστηρίοις
1475 1937 1574 2005 τὴν
1626 1937 1778 2008 ίεράν

1956 1938 2140 1995 Sacris
2174 1941 2359 2012 itaque
2401 1942 2677 2011 mysteriis
2709 1943 2874 1997 vitam
2927 1960 3145 2014 sacram
3182 1948 3454 2002 contineri

207 2025 360 2095 ζωὴν
391 2031 715 2080 συνεστάναι
736 2028 844 2080 ἀπὸ
866 2029 974 2080 τῶν
1007 2029 1291 2098 προτέρων
1313 2029 1621 2082 δέδεικται·
1651 2027 1780 2079 Exa-

208 2134 339 2169 στον
371 2120 426 2171 δὲ
455 2120 564 2170 τῶν
592 2121 909 2188 μυστηρίων
935 2121 1082 2181 ὅπως
1123 2122 1203 2183 εἰς
1236 2119 1449 2174 τουτονὶ
1487 2119 1641 2187 φέρει
1688 2117 1778 2170 τὸν

211 2211 350 2276 βίον,
387 2212 506 2261 νυνὶ
547 2211 860 2278 σκοπῶμεν.
901 2211 1058 2262 Ἐστι
1093 2210 1192 2277 μὲν
1245 2211 1354 2280 γὰρ
1397 2211 1430 2278 ἠ
1480 2213 1537 2262 ὲν
1557 2208 1779 2279 Χριστῷ

208 2301 326 2372 ζωὴ
355 2303 486 2354 αὐτὸ
527 2301 586 2354 τδ
620 2302 957 2370 συναφθῆναι
992 2302 1216 2371 Χριστῷ
1242 2317 1256 2332 ·
1280 2301 1340 2354 δν
1367 2300 1412 2353 δ’
1434 2301 1540 2369 ἄρα
1578 2302 1778 2371 τρόπον

210 2393 416 2458 ἑκάστη
447 2391 640 2458 τελετὴ
670 2393 794 2453 τοὺς
827 2390 1245 2460 τετελεσμένους
1294 2389 1373 2458 τῷ
1400 2389 1622 2460 Χριστῷ
1649 2405 1778 2445 συν-

209 2486 394 2545 άπτει,
426 2482 676 2549 λέγωμεν
705 2482 827 2550 ἥδη.

287 2574 447 2626 Ἐστι
483 2573 547 2641 δὴ
578 2571 796 2640 Χριστῷ
821 2570 1162 2640 συνσφθῆναι
1186 2571 1272 2624 διὰ
1302 2574 1519 2624 πάντων
1540 2571 1776 2634 ἐλθοῦσι,

208 2669 279 2724 δι’
317 2666 392 2722 ὦν
425 2671 454 2721 ὀ
494 2670 684 2739 Σωτηρ
738 2664 891 2739 ἦλθε,
925 2670 1018 2723 καὶ
1050 2669 1228 2722 πάντα
1277 2667 1372 2721 καὶ
1418 2668 1650 2720 παθοῦσι
1684 2666 1779 2720 καὶ

209 2759 529 2828 γενομένοις
558 2758 658 2810 ὅσα
691 2759 918 2822 ἐκεῖνος.
962 2758 1197 2821 Ἐκεῖνος
1223 2757 1406 2813 τοίνυν
1434 2754 1621 2827 ὴνώθη
1678 2756 1779 2825 μὲν

206 2850 409 2914 αἵματι
437 2849 530 2900 καὶ
556 2849 722 2918 σαρκὶ
767 2847 948 2918 πάσης
972 2847 1235 2918 καθαροῖς
1265 2847 1542 2918 ἁμαρτίας
1563 2862 1578 2876 ·
1615 2845 1778 2914 φύσει

207 2940 266 2992 δὲ
297 2938 373 2992 ὢν
404 2939 538 3001 Θεὸς
572 2939 732 3002 αὐτὸς
791 2938 849 3006 ἐξ
887 2938 1063 3009 ἀρχῆς
1113 2931 1206 2993 καὶ
1251 2939 1410 2991 τοῦτο
1431 2931 1716 3002 τεθέωκεν,
1748 2935 1777 2989 ὃ

209 3031 438 3098 γέγονεν
487 3030 732 3100 ὕστερον,
775 3030 876 3108 τὴν
902 3030 1250 3100 ἀνθρωπείαν
1297 3028 1480 3096 φύσιν,
1508 3028 1776 3081 τελευτῶν

205 3123 264 3174 δὲ
293 3123 386 3174 καὶ
420 3121 657 3175 ἀπέθανε
708 3121 808 3190 τῆς
853 3122 1058 3192 σαρκὸς
1089 3119 1252 3174 ἕνεκα
1282 3122 1378 3175 καὶ
1408 3121 1630 3190 ἀνέστη.
1686 3120 1779 3171 Δεῖ

1882 2041 1935 2084 ct
1968 2031 2263 2092 cohaerere.
2301 2032 2442 2085 libro
2489 2032 2738 2099 proxime
2791 2036 3076 2104 superiore
3109 2037 3460 2093 demonstra.

1883 2128 1998 2171 tum
2031 2131 2133 2172 cst.
2164 2119 2450 2185 Quomodo
2483 2125 2666 2176 autem
2702 2127 3138 2198 unumquodque
3170 2144 3266 2196 per
3297 2145 3356 2184 se
3392 2132 3459 2183 ad

1883 2225 2001 2262 eam
2071 2211 2386 2279 pertineat,
2437 2213 2689 2282 sequitur
2737 2224 2796 2269 ut
2847 2217 3193 2287 indagemus.
3231 2218 3350 2274 \‘ita
3405 2220 3457 2282 in

1883 2301 2105 2377 Christo
2168 2318 2275 2356 non
2343 2303 2492 2357 aliud
2553 2313 2671 2368 est,
2724 2322 2887 2375 quam
2957 2310 3331 2377 conglutinari
3406 2313 3460 2364 in

1881 2374 2260 2458 Christo.Quo
2278 2406 2462 2447 autem
2507 2387 2671 2448 modo
2705 2374 3046 2466 unaquaeque
3081 2401 3319 2455 initiatio
3360 2401 3465 2454 ini-

1881 2479 2044 2536 nates
2075 2497 2198 2536 cmn
2232 2483 2452 2538 Christo
2478 2485 2834 2554 conglutinet,
2872 2505 3019 2544 nunc
3040 2492 3459 2560 explicabimus.

1955 2574 2104 2628 Licet
2139 2574 2304 2639 igitur
2334 2591 2460 2632 cum
2497 2577 2718 2631 Christo
2777 2579 3038 2650 conjungi
3080 2596 3176 2637 eos
3210 2585 3300 2651 qui
3332 2567 3461 2653 per-

1882 2664 2220 2718 transierunt
2258 2666 2466 2729 omnia,
2501 2681 2596 2734 per
2625 2681 2747 2735 qute
2795 2669 2883 2721 ille
2911 2672 3184 2737 transivit,
3219 2673 3462 2745 factique

1879 2763 2008 2808 sunt
2046 2765 2100 2808 et
2141 2756 2380 2824 perpessi
2411 2757 2600 2810 omnia
2639 2773 2763 2827 qua:
2798 2757 2911 2814 ille.
2968 2759 3222 2818 Christus
3274 2764 3462 2832 itaque

1881 2859 2048 2899 carne
2086 2854 2140 2898 et
2171 2849 2436 2916 sanguine
2482 2849 2664 2903 omnis
2707 2852 2912 2918 peccati
2964 2854 3288 2921 expertibus
3332 2871 3462 2910 con-

1876 2937 2102 3006 junctus
2128 2946 2183 2990 et
2223 2938 2409 2992 unitus
2444 2947 2550 2992 est.
2590 2939 2839 3010 Cumque
2860 2942 3010 2998 Deus
3062 2956 3209 2999 esset
3243 2948 3312 3000 ah
3353 2947 3457 3001 ini-

1882 3026 1979 3090 tio,
2016 3025 2179 3080 etiam
2221 3026 2345 3090 hoc,
2381 3027 2525 3097 quod
2568 3038 2755 3097 postea
2811 3030 2993 3087 tactus
3036 3041 3141 3098 est,
3176 3035 3460 3092 divinitate

1882 3114 2087 3180 affecit,
2127 3118 2426 3173 humanam
2454 3125 2711 3174 naturam
2743 3119 3019 3179 videlicet.
3051 3124 3294 3181 Tandem
3333 3143 3460 3182 car-

205 3212 390 3262 τοίνυν
444 3211 538 3263 καὶ
585 3210 686 3279 τῆς
736 3209 936 3278 σαρκὸς
982 3209 1132 3278 αὐτῷ
1184 3207 1505 3278 μεταλαϐεῖν
1538 3210 1633 3262 καὶ
1678 3209 1774 3276 τῆς

1883 3207 1966 3260 nis
1996 3209 2168 3277 gratia
2207 3219 2436 3263 mortem
2466 3225 2684 3281 quoque
2712 3213 2938 3278 subivit,
2967 3225 3022 3269 et
3053 3217 3107 3272 in
3143 3219 3306 3272 vitam
3339 3234 3459 3275 sese

207 3299 462 3360 θεὼσεως
515 3301 806 3367 μετασχεῖν
845 3300 935 3349 καὶ
963 3297 1058 3349 τοῦ
1088 3299 1263 3365 τάψου
1294 3298 1390 3351 καὶ
1418 3301 1515 3366 τῆς
1543 3298 1776 3350 ἀναστά-

209 3407 350 3450 σεως
379 3390 709 3458 κοινωνῆσαι
729 3390 821 3440 τὸν
854 3389 1190 3457 συναφθῆναι
1219 3387 1488 3458 ζητοῦντα
1515 3407 1528 3420 ο
1584 3389 1679 3442 καὶ
1710 3389 1774 3459 δὴ

208 3481 593 3552 βαπτιζόμεθα
663 3480 785 3549 μὲν,
853 3480 940 3533 ῐνα
987 3480 1076 3534 τὸν
1130 3481 1360 3534 θάνατον
1411 3480 1775 3549 ἀποθάνωμεν

203 3572 416 3623 ἐκεῖνον
452 3572 544 3623 καὶ
565 3570 664 3640 τὴν
715 3570 1012 3624 ἀνάστασιν
1048 3572 1394 3641 ἀναστῶμεν,
1420 3571 1686 3642 χριόμεθα
1718 3574 1772 3625 δὲ

205 3660 297 3716 ινα
335 3659 430 3712 τοῦ
455 3662 756 3730 χρίσματος
787 3661 881 3713 τοῦ
915 3659 1200 3730 βασιλικοῦ
1220 3665 1318 3729 τῆς
1347 3662 1594 3725 θεὼσεως
1622 3663 1774 3733 αὐτῷ

203 3753 494 3821 γενώμεθα
553 3752 823 3806 κοινωνοί.
879 3753 1196 3822 Σιτούμενοι
1253 3753 1310 3807 δὲ
1354 3755 1447 3808 τὸν
1483 3755 1774 3825 ἱερώτατον

170 3846 374 3917 ’ἄρτον
408 3845 503 3898 καὶ
538 3844 631 3898 τοῦ
669 3843 950 3898 θειοτάτου
985 3846 1233 3909 πίνοντες
1279 3847 1546 3916 ποτηρίου
1603 3848 1773 3916 αὐτῆς

208 3939 520 4008 μετέχομεν
541 3937 644 4006 τῆς
684 3936 909 4005 σαρκὸς,
943 3935 1106 3989 αὐτοῦ
1138 3934 1234 3989 τοῦ
1263 3937 1517 4007 αἵματος,
1561 3939 1666 3991 τῶν
1697 3939 1774 4009 τῷ

201 4032 423 4100 Σωτῆρι
471 4029 996 4100 προσειλημμένωνο
1059 4031 1154 4082 καὶ
1202 4030 1393 4083 τοῦτον
1453 4030 1543 4084 τὸν
1575 4030 1774 4100 τρόπον

204 4113 604 4189 συνᾶπτόμεθα
650 4118 728 4188 τῷ
771 4120 914 4188 ὑπὲρ
943 4119 1099 4189 ἡμῶν
1125 4121 1471 4192 σαρκωθέντι
1509 4122 1602 4173 καὶ
1637 4122 1772 4173 θεω-

205 4218 355 4270 θιντι
384 4217 480 4268 καὶ
514 4213 842 4286 ἀποθανόντι
873 4215 966 4266 καὶ
1007 4215 1323 4267 ἀναστάντι.
1352 4214 1419 4265 Τί
1449 4209 1543 4267 οὖν
1576 4212 1650 4283 μὴ
1682 4215 1774 4266 καὶ

203 4310 304 4378 τὴν
336 4308 508 4378 αὐτὴν
533 4307 725 4376 ἐκείνῳ
759 4305 1006 4373 σώζομεν
1049 4304 1228 4370 τάξιν,
1261 4306 1377 4358 ἀλλ’
1408 4306 1531 4358 ὅθεν
1562 4307 1770 4374 ἔληξεν,

201 4400 518 4468 ἀρχΰμενοι,
554 4399 610 4449 ἑν
642 4389 722 4458 οἷς
747 4399 950 4454 ἐκεῖνος
974 4395 1191 4464 ἡοξατο,
1226 4397 1608 4465 τελευτῶμεν;
1648 4397 1772 4449 Ὀτι

204 4491 476 4559 κατῆλθεν
508 4488 574 4541 ἵν’
604 4489 764 4557 ἡμεῖς
791 4487 1128 4556 ἀνέλθωμεν,
1177 4488 1272 4540 καὶ
1299 4489 1394 4557 τῆς
1426 4488 1598 4557 αὐτῆς
1640 4491 1772 4542 ὐπο-

1883 3299 2180 3354 rcvocavil.
2199 3297 2422 3366 Oportet
2444 3315 2572 3369 ergo
2601 3312 2656 3356 et
2680 3303 2732 3355 in
2757 3317 2923 3358 carne
2945 3305 3092 3361 illius
3123 3324 3306 3363 conso:
3326 3323 3456 3371 zont,

1879 3398 1932 3443 et
1978 3389 2030 3441 in
2065 3388 2350 3443 divinitate
2382 3391 2729 3460 participem,
2764 3402 2816 3445 et
2850 3395 2902 3446 in
2948 3397 3225 3464 sepultura
3257 3415 3322 3454 ac
3374 3417 3458 3457 re-

1879 3481 2227 3533 surrectione
2252 3478 2463 3534 socium
2491 3495 2634 3544 esse,
2668 3481 2757 3550 qui
2806 3498 2930 3535 cum
2974 3485 3168 3542 eodem
3205 3489 3454 3560 colligari

1879 3568 2177 3622 desiderat.
2211 3569 2338 3625 Ideo
2379 3570 2430 3624 in
2469 3573 2671 3626 undam
2716 3573 3013 3629 salutarem
3053 3579 3453 3650 immergitnur,

1880 3665 1937 3708 ut
1969 3656 2113 3709 illius
2141 3666 2315 3712 morte
2347 3660 2649 3720 moriamur
2680 3670 2734 3715 et
2764 3667 3173 3721 resurrectione
3205 3684 3457 3740 εσθαι-κει

1879 3764 2022 3802 mus.
2060 3746 2328 3816 Ungimur
2357 3756 2563 3817 autem,
2603 3761 2662 3806 ut
2697 3754 2860 3821 regis:
2890 3758 3138 3812 unctioni
3171 3769 3225 3816 et
3265 3763 3455 3819 deitati

1880 3841 1958 3895 illi
1993 3835 2407 3895 consociemur.
2464 3835 2701 3898 Edentes
2735 3860 2864 3900 vero
2897 3862 3089 3916 panem
3144 3856 3460 3910 saeratissi-

1879 3948 2052 3997 mum,
2086 3942 2139 3988 et
2172 3933 2574 3988 divinissimnm
2614 3935 2872 4006 poculum
2907 3939 3243 4008 haurientes,
3273 3947 3458 4002 carnis

1879 4027 2054 4092 ipsius
2082 4035 2134 4079 et
2160 4028 2469 4098 sanguinis,
2502 4043 2626 4097 qua
2653 4033 2972 4100 assumpsit,
3005 4037 3298 4105 participes
3329 4042 3454 4094 red-

1877 4116 2082 4170 dimur.
2124 4115 2192 4170 Et
2246 4117 2349 4172 ista
2389 4118 2476 4171 via
2513 4119 2838 4187 copulamur
2890 4121 2940 4176 ei
2993 4123 3085 4192 qui
3145 4141 3244 4194 pro
3295 4130 3454 4185 nobis

1879 4207 2219 4269 incarnatus,
2243 4217 2298 4264 et
2318 4208 2619 4274 tleilicatus,
2641 4220 2692 4264 et
2718 4219 2968 4268 mortuus
2999 4222 3102 4280 est,
3130 4221 3184 4270 et
3207 4231 3454 4275 resurre-

1877 4303 1973 4355 xit.
1995 4298 2132 4366 Quid
2169 4297 2372 4370 igitur?
2397 4317 2526 4356 num
2554 4311 2610 4357 et
2633 4305 2885 4358 eumdem
2920 4319 3045 4360 cum
3081 4305 3174 4361 illo
3206 4309 3452 4373 ordinem

1878 4391 2172 4446 tenemus?
2219 4386 2366 4445 Nihil
2403 4394 2604 4458 minus,
2649 4393 2744 4449 sed
2780 4395 2873 4450 ubi
2910 4396 3002 4451 ille
3036 4398 3340 4459 desiit,nos
3371 4405 3456 4455 in-

1878 4482 2136 4551 cipimus,
2161 4492 2216 4536 et
2249 4496 2279 4538 a
2307 4481 2512 4552 quibus
2543 4485 2633 4538 ille
2664 4485 2889 4555 incepit,
2923 4486 2975 4539 in
3010 4502 3211 4542 canos
3245 4489 3455 4544 desim-

204 4583 465 4648 κειμένης
519 4578 640 4631 ἐιδοῦ
687 4579 746 4630 τὸ
779 4579 877 4648 μὲν
922 4579 1132 4630 ἐκείνου
1163 4579 1396 4648 πρᾶγμα
1427 4581 1650 4643 κάθοδος
1679 4577 1768 4650 ἦν,

1882 4585 2037 4628 mus..
2055 4570 2349 4627 Descendit
2379 4576 2524 4626 enim
2574 4581 2633 4627 ut
2671 4588 2773 4630 nos
2808 4576 3199 4646 ascendatnus,
3231 4590 3285 4634 et
3328 4591 3453 4636 cum

202 4676 366 4745 ἡμεῖς
397 4674 453 4725 δὲ
479 4671 860 4742 ἁνερχόμεθαο
907 4670 1105 4723 οὐκοῦν
1136 4670 1324 4740 ὥσπερ
1359 4661 1460 4725 ἔπι
1501 4671 1768 4740 κλίμακος

203 4768 344 4832 ὅπερ
367 4763 592 4830 ἱσχατον
644 4756 712 4830 ἦν
750 4760 946 4831 ἐκείνῳ
1003 4762 1414 4829 κατερχομένῳ,
1449 4763 1611 4816 ’τοῦτο
1643 4765 1772 4832 ἡμῖν

204 4856 417 4912 ἀνιοῦσι
445 4855 654 4920 γίνεται
681 4853 916 4922 πρῶτον.
951 4853 1161 4914 Ἄλλως
1190 4869 1250 4905 τε
1279 4854 1386 4906 οὐδ’
1414 4855 1542 4922 ἐξῆν
1569 4857 1771 4926 ἑτέρως

206 4945 391 5008 αὐτῶν
413 4943 576 4995 ἓνεκα
602 4940 707 5000 τῶν
728 4940 1088 5008 πραγμάτων.
1127 4941 1200 4991 Τὸ
1233 4940 1329 5008 μὲν
1353 4941 1460 5007 γάρ
1489 4940 1771 5011 βάπτισμα

204 5041 482 5108 γέννησις,
531 5033 590 5086 τὸ
622 5032 679 5085 δὲ
719 5031 892 5102 μύρον
941 5032 1222 5100 ἐνεργείας
1256 5033 1351 5084 καὶ
1393 5033 1664 5102 κινήσεως
1716 5034 1775 5084 ἐν

207 5133 338 5201 ἡμῖν
369 5129 482 5197 ἔχει
513 5126 669 5191 λόγον
693 5139 708 5154 ⁶
739 5126 767 5176 6
809 5124 864 5175 δὲ
913 5123 1011 5188 τῆς
1042 5123 1187 5190 ζωῆς
1217 5123 1380 5192 ἄρτος
1406 5125 1583 5176 καὶτὸ
1607 5126 1773 5195 ποτή-

209 5239 325 5292 pinv
355 5221 452 5288 τῆς
486 5216 844 5285 Ρῖὑχαριστίας
888 5213 1091 5283 βρῶσίς
1130 5217 1245 5267 ἐστι
1308 5219 1401 5267 καὶ
1446 5217 1605 5278 πόσις
1637 5215 1772 5286 ἀλη-

206 5314 350 5384 θινή.
383 5313 496 5366 Οὐκ
530 5311 645 5361 ἔστι
679 5309 734 5361 δὲ
766 5305 1053 5376 κινηθῆναι
1075 5307 1109 5376 ἢ
1153 5307 1389 5376 ταφῆναι
1420 5309 1550 5378 πρὶν
1575 5326 1772 5380 γεννη.

205 5391 383 5477 θῆναι.
411 5404 555 5455 ’λἜτι
579 5401 634 5453 δὲ
663 5401 724 5452 τὸ
773 5399 872 5467 μὶν
898 5397 1185 5468 βάπτισμα
1218 5397 1337 5469 Θεῷ
1362 5400 1452 5451 τὸν
1485 5401 1771 5470 ἄνθρωπον

203 5495 588 5551 medianas,
625 5489 683 5541 τὸ
706 5488 762 5541 δὲ
788 5487 959 5557 μύρον
991 5487 1098 5540 τῶν
1147 5488 1356 5539 ἐκεῖθεν
1389 5489 1530 5553 ἀξιοῖ
1554 5489 1767 5558 δώρων,

205 5590 236 5654 ὴ
268 5586 326 5639 δὲ
355 5581 635 5653 τραπέζης
667 5580 898 5647 δύναμις
936 5580 1034 5646 τὴν
1064 5580 1248 5646 σάρκα
1278 5577 1369 5631 τοῦ
1401 5579 1640 5648 Χριστοῦ
1679 5583 1771 5634 καὶ

205 5681 266 5730 τὸ
296 5673 433 5745 αἷμα
471 5675 623 5726 κοινά
655 5674 797 5724 ποιεῖ
849 5673 943 5723 καὶ
971 5671 1048 5741 τῷ
1096 5672 1423 5742 τελουμένῳ.
1467 5674 1772 5743 Ἀμήχανον

185 5864 191 5868 _
278 5797 324 5828 ⁵⁸
353 5800 512 5850 toan.
551 5807 626 5854 vi,
666 5791 758 5844 56.

486 5885 754 5944 Ρλτιιυι..
804 5880 890 5939 GH
905 5924 918 5940 .
961 5879 1053 5938 Cl.
1071 5917 1088 5936 .

1877 4663 2068 4716 eadem
2101 4663 2172 4717 sit
2208 4663 2292 4716 via
2323 4665 2623 4732 proposita,
2659 4666 2806 4720 illius
2842 4670 3119 4733 negotium
3154 4675 3456 4732 descenSus

1879 4753 2001 4820 fuit,
2040 4764 2287 4808 nostrum
2341 4771 2606 4811 ascensus
2641 4767 2746 4811 est.
2799 4757 2985 4828 Itaque
3040 4772 3099 4816 ut
3151 4763 3204 4815 in
3267 4769 3451 4830 scalis,

1878 4848 2022 4914 quod
2076 4845 2151 4898 illi
2196 4847 2544 4901 descendenti
2588 4857 2891 4904 extremum
2950 4860 3094 4917 erat,
3161 4855 3263 4909 hoc
3294 4857 3456 4912 nobis

1880 4937 2304 4992 ascendentibus
2338 4938 2573 5006 primum
2590 4946 2707 4993 ‘est:
2731 4939 2932 4994 Deinde
2956 4943 3116 4998 aliter
3135 4937 3297 5003 ctﬂm
3325 4965 3454 5018 prn-

1880 5037 1998 5095 pter
2028 5028 2266 5095 ipsarum
2287 5043 2468 5082 rerum
2492 5030 2860 5085 conditionem
2898 5049 3004 5086 non
3035 5036 3184 5092 licet.
3234 5039 3449 5108 Baptis-

1882 5133 2006 5172 ntus
2073 5118 2220 5171 enim
2249 5131 2330 5172 est
2376 5121 2677 5188 generatio,
2710 5122 3052 5181 sive-ortus.
3078 5120 3452 5197 Unguentum.

1883 5211 1996 5264 sive
2056 5211 2299 5263 chrisma
2356 5210 2592 5264 actionis
2633 5219 2687 5264 et
2739 5215 2998 5269 molientis
3040 5219 3305 5272 rationem
3363 5225 3457 5275 ha-

1883 5286 2003 5354 bet.
2039 5299 2205 5354 Panis
2235 5312 2416 5356 autem
2450 5301 2573 5355 vita:
2598 5343 2612 5366 ,
2645 5310 2701 5355 et.
2745 5305 3002 5372 poculum
3050 5309 3450 5375 Eucharistite.

1885 5408 2044 5448 verus
2070 5406 2152 5446 est
2180 5392 2360 5457 cibus,
2393 5403 2446 5446 et
2473 5407 2637 5447 verus
2665 5404 2822 5462 potus
2853 5394 2921 5450 “'.
2949 5397 3115 5467 Atqui
3150 5415 3257 5454 non
3290 5404 3456 5458 datur

1885 5497 2033 5540 motu
2081 5485 2213 5539 cieri
2282 5495 2376 5538 aut
2411 5485 2504 5547 ali,
2564 5486 2881 5554 priusquam
2920 5497 3081 5544 natus
3124 5493 3223 5547 sis.
3253 5492 3451 5553 Adhaec

1883 5579 2188 5647 baptismus
2217 5577 2490 5631 hominem
2522 5592 2644 5630 cum
2684 5576 2792 5631 Deo
2827 5575 2881 5632 in
2913 5582 3142 5650 gratiam
3177 5588 3451 5652 restituit;

1887 5679 2224 5740 unguentum
2285 5669 2446 5724 donis
2498 5669 2611 5723 illic
2662 5671 2921 5740 repositis
2976 5674 3200 5743 dignum
3249 5676 3449 5732 emcitt

2988 5885 3059 5942 1'7
