4154 6308
599 357 715 420 ξπΞἹ

606 567 766 635 plecti
792 574 974 637 queat.
1002 565 1158 633 Atqui
1190 562 1331 616 istud
1362 562 1687 617 onmimudis
1717 559 1858 612 aliud
1888 568 1990 623 est,
2026 559 2171 627 inge-

608 656 807 727 nioque
855 672 915 710 ac
968 655 1239 709 desiderio
1283 665 1471 707 nostro
1516 652 1788 721 superius.
1842 670 1859 701 ι
1910 650 2102 705 Unctio
2144 668 2160 695 ι

606 757 786 801 autem
817 750 930 802 sive
966 766 985 799 ι
1023 749 1259 801 chrisma
1301 765 1318 797 ι
1358 745 1688 814 appellatur.
1726 743 1853 812 quia
1890 741 2165 795 Christum

606 850 831 909 propter
874 854 972 893 nos
1003 850 1225 892 unctum
1278 837 1507 891 initiatis
1536 834 1804 899 inscribit,
1837 846 1891 888 et
1927 833 2165 903 sigillum

605 939 715 995 est,
758 931 933 999 ipsum
984 929 1321 983 Salvatorem
1366 926 1707 995 imprimens.
1770 924 1971 979 Unctio
2021 923 2165 976 enim

606 1022 824 1091 ubique.
876 1036 971 1089 per
1023 1030 1190 1073 totam
1239 1018 1467 1072 formam
1515 1016 1758 1085 corporis
1818 1014 2169 1084 suscipientis

607 1112 845 1181 perfecte
878 1117 1167 1178 penetrans
1194 1148 1207 1169 .
1248 1116 1301 1161 et
1350 1106 1475 1161 illud
1510 1109 1778 1173 adaptans
1801 1147 1815 1172 ,
1848 1105 2025 1173 ipsum
2061 1118 2165 1156 un-

608 1212 754 1257 ctum
789 1202 1001 1270 exeipso
1029 1214 1348 1269 expressum
1381 1208 1435 1253 et
1478 1205 1755 1268 signatum
1791 1196 1941 1258 facit,
1974 1204 2026 1249 et
2056 1194 2167 1247 for-

605 1309 749 1347 niam
796 1293 1050 1352 ostendit.
1092 1301 1138 1345 ct
1185 1292 1420 1361 sigillum
1482 1299 1566 1344 est
1616 1304 1826 1343 revera.
1870 1289 2165 1345 Docuimus

604 1398 770 1451 porro
820 1382 1056 1452 sigillum
1108 1382 1246 1434 idem
1293 1380 1435 1447 quod
1503 1380 1902 1449 generationem
1966 1393 2163 1449 posse,

602 1473 746 1526 sicut
776 1473 917 1525 idem
951 1473 1090 1540 quod
1133 1472 1369 1540 sigillum
1392 1509 1408 1534 ,
1440 1470 1816 1524 indumentum
1858 1480 1912 1526 et
1941 1470 2164 1524 immer-

606 1566 705 1619 δίο.
752 1564 854 1617 Sed
894 1562 1148 1630 quoniam
1186 1558 1411 1625 donum,
1452 1570 1505 1614 ct
1536 1562 1882 1628 illuminatio,
1914 1569 1968 1615 et
2016 1563 2164 1615 lava-

604 1669 755 1706 crum
791 1653 978 1707 eodem
1021 1667 1130 1721 quo
1162 1651 1416 1705 formatio
1450 1652 1837 1721 generatioque
1870 1652 2159 1722 pertinent,

604 1743 795 1812 patuit.
850 1757 1066 1796 onmem
1114 1742 1461 1811 baptismatis
1517 1741 1934 1811 appellationem
1995 1757 2159 1796 unum

1852 354 2156 414 NICOLM
2204 354 2585 415 CADASIIt/E

606 474 819 529 felicem
864 474 1188 543 cogitamus,
1224 487 1382 542 quam
1437 472 1651 525 animus
1702 472 1976 523 humanus
2024 483 2159 521 conv

2280 470 2371 520 καὶ
2433 470 2526 535 τῆς
2563 468 2860 539 ἐπιθυμίας
2921 467 3018 539 τῆς
3067 468 3363 538 ἡμετέρας.

3735 353 3843 417 518

3422 470 3645 539 Χρίσμα
3675 471 3730 524 δὲ
3756 471 3841 523 ὅτι

2274 559 2365 610 τιν
2389 559 2455 609 δι’
2478 561 2623 629 ἡμᾶς
2645 560 2954 628 χρισθέντα,
2990 560 3082 612 τὸν
3130 560 3389 630 Χριστὸν,
3421 556 3838 629 ἐγγράφει-τοῖς

2275 649 2637 713 τελουμένοις,
2671 651 2761 702 καί
2795 651 3030 719 σφραγίς
3049 653 3197 703 ἐστιν
3232 651 3397 704 αὐτὸν
3428 653 3840 719 ἐνσημαίνοντα

2277 742 2367 792 τὸν
2395 743 2639 811 Σωτῆρι.
2696 744 2769 794 Τὸ
2798 744 2905 811 γὰρ
2965 744 3174 812 χρίσμα
3228 728 3620 813 πανταχοῦδιά
3654 747 3839 813 πάσης

2274 832 2517 899 ἀκριϐῶς
2559 833 2662 901 τῆς
2710 836 2925 904 μορφῆς
2978 834 3283 905 ἀφιγμένον
3313 834 3407 888 τοῦ
3459 835 3713 905 σώματος
3739 836 3837 888 τοῦ

2272 922 2566 991 δεξαμένου
2595 925 2689 976 καὶ
2710 926 3103 996 προσαρμόσαν
3128 926 3289 980 αὑτὸν
3312 928 3369 979 ἐν
3392 926 3540 996 αύτῷ
3569 921 3725 994 φέρεῖ
3744 928 3835 980 τὶν

2273 1014 2641 1083 ἀληλιμμένον
2691 1003 3119 1086 ὲνᾶημανθέντα,
3169 1018 3269 1070 καὶ
3314 1017 3377 1071 τδ
3422 1012 3562 1081 είδος
3592 1018 3829 1070 δείκνυσ·

2273 1110 2363 1160 καὶ
2394 1110 2629 1177 σφραγίς
2660 1112 2808 1163 ἐστιν
2830 1112 3092 1181 ἀτεχνῶς.
3123 1113 3405 1167 Δέδεικται
3446 1112 3503 1167 δι
3539 1103 3836 1179 τοῖςίείρη-

2275 1201 2477 1269 μένοις,
2510 1204 2576 1270 τῇ
2622 1204 2870 1272 γεννήσει
2916 1205 3080 1257 ταὺτὸ
3122 1204 3380 1258 δύνασθαι
3408 1205 3506 1273 τὴν
3537 1205 3835 1275 σφραγῖδα,

2270 1292 2519 1360 καθάπερ
2550 1294 2641 1346 καὶ
2678 1293 2744 1362 τῇ
2798 1294 3051 1363 σφραγῖδι
3082 1295 3141 1347 τὸ
3181 1295 3386 1365 ἔνδυμα
3417 1296 3513 1349 καὶ
3540 1296 3602 1349 τὸ
3630 1296 3835 1365 βάπτι-

2272 1397 2404 1448 σμα.
2446 1382 2597 1434 Ἐπεὶ
2630 1382 2685 1435 δὲ
2710 1384 2801 1435 καὶ
2830 1387 2890 1436 τὸ
2923 1385 3169 1454 χάρισμα
3214 1386 3309 1437 καὶ
3340 1386 3402 1437 τὸ
3437 1386 3696 1454 φώτισμα
3737 1386 3837 1443 καὶ

2269 1471 2328 1521 τὸ
2356 1472 2580 1541 λοῦτρον
2603 1473 2671 1541 τῇ
2691 1471 2887 1525 πλάσει
2910 1475 3005 1526 καὶ
3030 1473 3283 1544 γεννήσει
3308 1472 3446 1543 πρὸς
3467 1473 3633 1526 ταὺτὸ
3649 1476 3833 1544 φέρει,

2268 1560 2427 1628 δῆλον
2462 1563 2698 1629 ἐγένετο,
2749 1563 2928 1616 πᾶσαν
2954 1563 3046 1616 τοῦ
3100 1563 3476 1634 βαπτίσματος
3506 1568 3834 1634 ἐπωνυμίαν

2267 1652 2327 1703 τὸ
2354 1654 2411 1705 ἓν
2435 1654 2610 1705 ἐκεῖνο
2647 1670 2956 1724 σημαινειν,
2978 1654 3049 1717 ὡς
3084 1656 3193 1724 ἀρα
3231 1657 3483 1727 γέννησις
3513 1644 3733 1727 καὶτῆς
3770 1661 3833 1709 ὲν

2272 1742 2490 1813 Χριστῷ
2518 1745 2663 1813 ζωῆς
2693 1747 2823 1815 ἡμῖν
2856 1746 3002 1799 ἐστιν
3030 1746 3173 1816 ἀρχὴ
3204 1748 3264 1799 τὸ
3297 1748 3538 1818 λουτρόν.
3573 1749 3634 1802 Ei
3656 1749 3713 1802 δὲ
3738 1751 3833 1802 καὶ

603 1832 733 1886 illud
779 1832 1120 1899 signiﬁcare,
1167 1845 1362 1898 nempe
1394 1831 1496 1884 hoc
1544 1831 1813 1884 lavacrum
1862 1832 2159 1899 generatio-

2265 1832 2331 1883 τά
2375 1833 2672 1902 τελούμενα
2713 1813 2818 1888 καὶ
2851 1813 3135 1904 λεγόμενα
3162 1813 3262 1889 τοῦ
3299 1813 3603 1909 μυστηρίου
3635 1840 3834 1894 τοῦτον

604 1936 726 1973 nem
785 1928 839 1973 et
888 1920 1011 1973 vitae
1070 1919 1123 1972 in
1170 1918 1388 1972 Christo
1439 1918 1767 1986 principium
1816 1918 1976 1973 nobis
2022 1933 2163 1973 esse.

601 2009 792 2067 Utrum
817 2020 994 2064 autem
1022 2008 1382 2073 caeremoniae,
1404 2016 1457 2061 et
1483 2023 1601 2077 qtue
1634 2010 1935 2063 recitantur
1982 2009 2035 2063 in
2067 2011 2169 2063 hoc

600 2100 879 2171 mysterio,
902 2099 1042 2153 hanc
1060 2099 1165 2151 vim
1199 2097 1452 2159 habeant.
1484 2097 1711 2150 clarehit
1739 2096 1828 2161 iis,
1855 2097 1947 2163 qui
1982 2098 2165 2151 initia-

599 2193 802 2246 tionem
836 2192 996 2244 istam
1027 2188 1395 2256 particulatim
1430 2188 1808 2257 expenderint.

669 2282 924 2341 Cernitur
957 2284 1101 2334 enim
1142 2280 1233 2349 qui
1267 2278 1333 2332 ad
1364 2282 1680 2348 mysterium
1715 2278 1820 2331 hoc
1853 2277 2163 2347 percipien-

597 2375 723 2427 dum
766 2372 998 2437 accedit,
1032 2380 1322 2440 antequam
1354 2370 1620 2431 initietur,
1656 2370 1895 2422 nondum
1940 2368 2049 2423 Deo
2083 2381 2167 2421 re-

598 2464 949 2525 conciliatus,
987 2460 1228 2515 nondum
1265 2475 1295 2513 a
1339 2460 1506 2513 veteri
1541 2459 1804 2513 dedecore
1839 2472 1903 2512 ac
1934 2458 2166 2526 turpitu-

596 2555 725 2609 dine
756 2553 1037 2608 immunis.
1064 2550 1327 2607 Precatur
1347 2552 1549 2619 quippe.
1576 2549 1817 2603 initiator
1848 2561 1973 2603 ante
1998 2548 2160 2602 aliam

595 2646 1001 2710 eaeremoniam,
1055 2652 1117 2697 ut
1173 2658 1203 2697 a
1252 2656 1361 2712 quo
1409 2651 1706 2708 occupatus
1751 2652 1835 2695 est
1888 2641 2159 2703 daemone,

596 2735 879 2792 liberetur.
916 2734 1027 2789 Nee
1054 2732 1228 2789 solum
1266 2732 1565 2801 alloquitur
1596 2732 1766 2785 Deum
1803 2746 1902 2800 pro
1944 2747 2030 2794 eo,
2066 2732 2158 2786 sed

596 2845 648 2889 ct
674 2834 853 2903 ipsum
885 2830 1334 2886 cateeltumenum
1361 2826 1638 2890 adoriens,
1661 2834 1950 2897 tyranuum
1984 2827 2162 2891 incre-

605 2935 719 2996 pat.
754 2934 803 2978 et
836 2922 1049 2990 flagello
1086 2921 1407 2976 insectatur.
1442 2916 1736 2985 Flagellum
1773 2928 1855 2972 est
1910 2932 2157 2971 «nomen

594 3016 728 3071 itlud
761 3030 925 3084 super
953 3026 1117 3068 omne
1152 3026 1348 3067 nomen
1374 3010 1443 3064 “.
1485 3027 1503 3061 ι
1535 3008 1882 3077 Tantumque.
1917 3008 2068 3062 abest
2100 3016 2160 3062 ut

597 3109 760 3166 vivat.
788 3116 842 3160 et
879 3105 1022 3160 ﬁlius
1048 3115 1209 3172 atque
1233 3102 1405 3155 haeres
1432 3101 1522 3165 sit,
1548 3109 1617 3155 ut~
1638 3099 1815 3154 adhuc
1850 3101 1903 3153 in
1940 3099 2154 3170 tyranni

597 3195 863 3264 araneipio
891 3200 1157 3250 versetur.
1193 3189 1327 3244 Nam
1360 3191 1452 3258 qui
1496 3202 1619 3243 eum
1651 3188 1888 3257 maligno
1917 3189 2154 3242 rationes

594 3285 841 3347 habet,is
881 3298 910 3336 a
948 3280 1056 3336 Deo
1087 3282 1300 3350 penitus
1326 3278 1551 3334 recedit.
1586 3278 1698 3332 lloc
1732 3293 1861 3333 vero
1890 3289 1973 3333 est
1996 3293 2152 3349 pror-

593 3390 691 3431 sus
723 3383 995 3428 mortuum
1032 3386 1173 3426 esse.
1214 3369 1393 3435 Quare
1437 3370 1601 3424 etiam
1652 3369 1818 3423 veluti
1856 3368 1923 3423 ad
1965 3367 2153 3422 exani-

581 3480 738 3519 mem
779 3461 957 3515 adhuc
986 3461 1258 3514 accedens
1290 3458 1552 3521 initiator,
1580 3459 1634 3511 in
1670 3458 1862 3511 faciem
1896 3458 2010 3526 ejus
2042 3458 2155 3511 suf-

594 3554 723 3608 llit:
768 3568 888 3622 quae
920 3550 1209 3605 insufﬂatio
1252 3549 1374 3602 vitae
1412 3549 1628 3603 caelitus
1674 3548 1967 3603 inferendae
2013 3560 2151 3604 tecta

594 3644 917 3715 significatio
942 3649 1047 3695 est.
1078 3640 1208 3706 Quae
1239 3651 1560 3708 sequuntur,
1587 3639 1939 3705 respondent.
1958 3638 2153 3693 Omnia

593 3737 739 3789 enim
774 3734 1071 3801 suntquasi
1108 3732 1270 3786 modo
1320 3741 1754 3799 procreatorum,
1785 3740 1839 3785 et
1863 3732 2152 3799 prtesentia

596 3840 825 3893 qumque
855 3826 908 3877 in
942 3823 1196 3876 manibus
1231 3831 1359 3877 sum
1390 3822 1824 3890 despicienlium,
1844 3829 1897 3875 et
1925 3821 1992 3875 ad
2024 3837 2155 3876 mo-

594 3916 849 3969 dcramen
899 3913 1045 3967 aliud
1092 3912 1499 3967 translatorum.
1538 3910 1773 3978 Urgetur
1801 3912 1945 3965 enim
1992 3927 2023 3965 e
2050 3912 2154 3966 du-

594 4008 718 4078 plici
768 4006 969 4060 mundo
1011 3999 1160 4059 hunc
1211 4014 1593 4070 centcmnere,
1643 4005 1793 4058 illum
1842 4004 2150 4070 honorare;

593 4110 648 4152 et
679 4100 800 4152 vita:
859 4097 984 4151 huic
1021 4097 1236 4166 quidem
1281 4096 1605 4156 valedicere.
1640 4094 1784 4149 illam
1832 4095 2045 4159 vivere;
2094 4103 2151 4149 et

593 4186 715 4239 vita:
742 4187 929 4238 ducem
960 4186 1104 4239 hunc
1127 4185 1257 4239 velis
1281 4184 1553 4252 remisque
1576 4184 1781 4254 fugere,
1804 4185 1956 4238 illum
1986 4199 2149 4253 quam

593 4276 1001 4332 studiosissime
1024 4277 1200 4345 sequi.
1234 4276 1399 4345 Igitur
1437 4276 1563 4344 quia
1594 4274 1880 4344 praesentia
1912 4274 2151 4342 deponit,

593 4371 729 4424 satis
756 4369 986 4430 indicat.
1020 4383 1248 4437 quorum
1276 4376 1449 4423 semet
1476 4367 1715 4423 nondum
1752 4367 1929 4422 adhuc
1964 4381 2154 4422 recon-

2262 1922 2486 1977 δύναται
2518 1926 2609 1979 τὸν
2646 1925 2819 1993 λόγον,
2856 1929 3095 1999 φανερὸν
3133 1929 3201 1984 ὃν
3231 1932 3317 2000 είη
3355 1932 3496 1985 κατά
3533 1934 3701 2003 μέρος
3730 1938 3835 2002 τὴν

2262 2014 2488 2078 τελετὴν
2515 2016 2748 2071 ἐπιοῦσι.

2335 2281 2735 2363 Φαίνεταιχὰρ
2768 2286 2796 2337 ό
2828 2284 3069 2354 προσιὼν
3088 2285 3167 2356 τῷ
3195 2289 3482 2360 μυστηρίῳ
3512 2290 3646 2362 πρὶν
3672 2294 3830 2348 τελε-

2265 2373 2460 2442 σθῆναι
2518 2375 2688 2443 μήπω
2718 2376 2835 2445 Θεῷ
2885 2378 3356 2447 κατηλλαγμένος,
3394 2382 3563 2452 μήπω
3588 2383 3691 2453 τῆς
3727 2388 3831 2456 ἀρ-

2262 2466 2419 2532 χαίας
2444 2463 2705 2537 αἰσχύνης
2749 2468 3207 2537 ἀπηλλαγμένος’
3258 2470 3478 2541 εὔχεται
3525 2474 3633 2545 γάρ
3675 2478 3829 2547 αὐτῷ

2261 2560 2562 2624 προσιόντι.
2596 2561 2727 2626 πρὶν
2756 2557 2884 2610 ἄλλο
2902 2576 2953 2610 τι
2974 2559 3209 2630 τελέσῃ,
3244 2559 3341 2631 τὴν
3371 2562 3468 2616 τοῦ
3502 2568 3831 2635 κατέχοντος

2258 2644 2513 2713 δαίμονος
2564 2646 2885 2716 ἀπαλλαγὴν
2939 2650 2967 2700 ὁ
3000 2648 3191 2714 τελῶν,
3241 2655 3334 2705 καὶ
3359 2653 3421 2706 οὐ
3452 2653 3530 2725 τῷ
3549 2654 3667 2725 Θεῷ
3700 2659 3831 2729 περὶ

2260 2734 2425 2788 αὑτοῦ
2459 2736 2766 2804 διαλέγεται
2803 2740 2986 2809 μόνον,
3033 2741 3171 2794 ἀλλά
3210 2744 3307 2797 καὶ
3337 2744 3488 2816 αὑτῷ
3514 2728 3829 2801 ᾞέπιπεσιῖνιν

2258 2828 2486 2897 ιπιτιμᾷ
2515 2828 2593 2897 τῷ
2619 2829 2871 2899 τυράννῳ
2919 2833 3014 2885 καὶ
3060 2831 3273 2886 ἐλαύνει
3326 2826 3623 2903 μαστίζων.
3659 2837 3725 2891 Ἢ
3767 2838 3825 2893 δὲ

2262 2918 2459 2986 μάστιξ
2492 2918 2641 2987 αὐτῷ
2669 2938 2689 2970 ‹
2716 2920 2777 2972 τὸ
2798 2920 2973 2990 δνομά
3006 2923 3124 2975 ἐστι
3160 2922 3222 2976 τὸ
3250 2925 3391 2996 ὐπὶρ
3429 2928 3538 2981 πᾶν
3566 2927 3758 2999 ὄνομα.
3798 2948 3819 2981 ι

2258 3009 2526 3064 Τοσοῦτον
2550 3012 2741 3081 ἀπέχει
2782 3011 2893 3074 ζῶν
2916 3006 3055 3065 εῖναι
3080 3013 3175 3067 καὶ
3208 3016 3321 3079 υίὸς
3350 3017 3442 3070 καὶ
3467 3017 3819 3089 κληρονόμος,

2256 3103 2316 3165 ὃς
2353 3120 2414 3170 γε
2445 3103 2526 3155 ἔτι
2562 3102 2638 3171 τῷ
2666 3104 2915 3173 τυράννῳ
2942 3104 3219 3158 δουλεύειθ
3266 3106 3557 3177 συμϐαίνει
3611 3104 3722 3179 γὰρ
3743 3110 3826 3179 τῷ

2212 3177 2225 3197 ’
2258 3190 2478 3259 πονηρῷ
2536 3189 2762 3243 συνόντα
2816 3191 2952 3245 Θεοῦ
2985 3192 3268 3255 παντελῶς
3301 3195 3629 3262 ἀφεστάναι,
3676 3177 3737 3250 τὸ
3765 3177 3853 3252 δέ

2253 3282 2371 3335 ἔστι
2413 3276 2733 3334 παντάπασι
2775 3283 2973 3351 νεκρὸν
3025 3278 3187 3336 εἶναι.
3220 3283 3321 3336 Διά
3342 3286 3500 3339 τοῦτο
3529 3286 3624 3339 καὶ
3646 3287 3723 3351 ὡς
3756 3286 3823 3340 ἂν

2253 3370 2407 3424 οῠπω
2442 3370 2586 3442 ζωῆς
2617 3372 3008 3441 μετειληφότος
3035 3372 3348 3441 προσελθὼν
3378 3375 3686 3447 ὁτελεστὴς
3720 3378 3746 3429 ὲ
3768 3399 3819 3427 ,ι-

2254 3465 2402 3535 φυσᾷ
2435 3464 2512 3535 τῷ
2544 3464 2820 3533 προσώπῳ
2885 3464 2947 3515 τὸ
2979 3464 3086 3532 γὰρ
3110 3461 3419 3533 ἐμφύσημα
3447 3466 3653 3520 ἀνωθεν
3674 3467 3823 3535 ζωῆς

2253 3556 2500 3623 αἴνιγμα.
2528 3555 2637 3608 Καὶ
2662 3554 2730 3607 τὰ
2761 3553 2886 3622 ἑξῆς
2911 3553 2968 3607 δὲ
2988 3553 3296 3619 ἀκολούθως
3320 3555 3433 3625 ἔχει
3456 3570 3473 3586 ⁸
3508 3557 3687 3610 πάντα
3712 3560 3819 3626 γὰρ

2252 3645 2361 3696 τῶν
2390 3645 2511 3709 ἄρτι
2540 3642 2981 3710 καθισταμένων.
3020 3643 3117 3695 καὶ
3144 3643 3254 3695 τῶν
3281 3644 3380 3713 μὲν
3410 3640 3700 3715 παρόντων
3724 3649 3819 3701 καὶ

2254 3735 2314 3785 έν
2338 3734 2524 3804 χερσὶν
2574 3733 2672 3785 ὐπε
2683 3733 2988 3803 ρορώντων,
3014 3734 3100 3786 ἐπ’
3119 3733 3254 3787 ἀλλα
3272 3734 3328 3788 δὲ
3353 3737 3817 3807 μετατιθεμένων.

2266 3824 2577 3891 Ἐπείγεται
2610 3823 2719 3893 γὰρ
2752 3822 2975 3891 κόσμων
3003 3823 3095 3876 τοῦ
3124 3824 3225 3893 μὲν
3257 3828 3693 3899 καταφρονῆσαι,
3728 3830 3818 3882 τ’,ν

2251 3915 2307 3969 δὲ
2331 3916 2582 3984 τιμῆσαι,
2619 3916 2711 3967 καὶ
2740 3914 2855 3983 βίον
2882 3916 2972 3969 τὸν
3006 3917 3106 3983 μὲν
3139 3918 3562 3986 ἀπογεγονέναι,
3615 3922 3708 3974 τὸν
3761 3921 3817 3975 δὲ

2255 4006 2467 4076 βιῶναι.
2500 4007 2595 4059 καὶ
2629 4006 2773 4075 ζωῆς
2797 4009 3105 4077 ἡγούμενον
3135 4008 3228 4060 τὸν
3266 4008 3364 4077 μὲν
3385 4010 3448 4063 ἐκ
3471 4011 3674 4075 παντὸς
3697 4013 3820 4082 τρό-

2254 4110 2356 4145 που
2387 4094 2634 4160 φευγετν,
2687 4092 2778 4146 τὸν
2807 4094 2863 4145 δὲ
2915 4095 3064 4164 πάσῃ
3099 4096 3306 4166 σπουδῇ
3336 4096 3574 4153 διώκειν.
3609 4101 3820 4155 Οὐκοῦν

2252 4182 2320 4235 δι’
2357 4176 2433 4237 ὧν
2480 4183 2580 4251 μὲν
2622 4183 3034 4236 ἀποτίθεταιτά
3066 4186 3325 4252 παρόντα,
3378 4186 3535 4257 δῆλός
3565 4191 3718 4244 ἐστιν
3740 4181 3836 4246 εἶν’

2254 4272 2591 4340 κατεγνώκει
2622 4274 2791 4343 μήπω
2814 4276 2906 4325 καὶ
2931 4275 3029 4326 νῦν
3061 4275 3489 4345 ἀπηλλαγμένος
3509 4294 3524 4309 ο
3560 4278 3630 4331 δι’
3662 4273 3739 4335 ὧν
3762 4282 3820 4335 δι

2254 4366 2323 4418 τὰ
2349 4364 2580 4427 δόξαντα
2603 4362 2811 4416 καλλίω
2840 4366 2935 4416 καὶ
2968 4364 3004 4417 ἃ
3046 4363 3328 4434 προῦθηκε
3371 4366 3482 4419 τῶν
3535 4370 3821 4440 παρόντων

592 4458 811 4513 ciliatus
845 4458 1191 4513 condemnet.
1240 4456 1378 4523 Quia
1423 4470 1606 4512 autem
1653 4458 1766 4512 visa
1810 4458 2146 4525 pulchriora.

2260 4454 2359 4507 iur-5
2405 4453 2500 4507 τοῦ
2558 4455 2864 4523 μυστηρίου
2893 4452 3083 4506 τούτου
3136 4454 3429 4524 λαμὸάνει,
3474 4456 3712 4511 δείκνυσι
3741 4459 3824 4531 τῷ

592 4560 646 4602 et
697 4564 726 4601 a
775 4563 834 4603 se
890 4548 1245 4616 praesentibus
1308 4548 1634 4616 anteposita,
1661 4550 1728 4600 ab
1754 4547 1859 4601 hoc
1896 4546 2155 4617 mysterio

594 4639 811 4708 accipit,
865 4640 1124 4704 ostendit,
1186 4654 1246 4693 se
1298 4637 1445 4707 quod
1500 4638 1807 4706 baptiaatus
1863 4637 2151 4701 sit,vitam

594 4729 917 4786 laudabilem
965 4728 1222 4783 exordiri.
1249 4729 1531 4798 Templum
1579 4730 1781 4798 quippe
1836 4730 2153 4799 ingressus,

594 4830 799 4874 vestem
852 4818 1099 4888 deponit,
1150 4829 1204 4874 et
1255 4818 1621 4873 calceamenta
1669 4819 1870 4881 solvit,
1904 4828 2054 4873 veste
2101 4828 2157 4873 et

597 4909 819 4969 calceis,
848 4924 968 4978 qua:
1001 4911 1064 4963 ad
1093 4909 1258 4963 vitam
1288 4918 1416 4964 sunt
1455 4911 1782 4974 necessaria,
1808 4911 2043 4977 priorem
2073 4910 2155 4963 vi-

597 5000 757 5054 vendi
785 5004 1048 5055 rationem
1084 5002 1389 5058 insinuans.
1416 5001 1682 5055 Praaterea
1719 5003 1786 5056 ad
1818 5003 2155 5057 occidentem

601 5107 917 5155 cettvcrsus,
945 5092 1199 5161 spiritum
1236 5107 1333 5148 ore
1379 5094 1599 5157 emittit,
1642 5094 1764 5148 vita:
1818 5094 1871 5148 in
1920 5096 2157 5149 tenebris

600 5190 737 5236 actze
764 5181 1048 5247 iudicium;
1069 5197 1262 5237 manus
1283 5185 1543 5247 extendit,
1566 5194 1620 5237 et
1644 5194 1898 5254 tanquam
1922 5200 2158 5255 praesen-

601 5281 707 5325 tem
758 5271 972 5339 sibique
1015 5271 1422 5326 incumbentem
1476 5273 1771 5338 malignum
1822 5275 2053 5343 repellit,
2105 5284 2160 5331 et

601 5377 701 5417 ceu
728 5362 1001 5431 impurum
1030 5362 1430 5431 scelestumque
1460 5364 1829 5428 abominatur,
1856 5365 2158 5434 foederique

603 5453 989 5509 inimicissimo
1021 5464 1075 5509 et
1108 5455 1309 5510 inﬁdeli
1341 5465 1395 5509 et
1424 5470 1603 5510 causa:
1656 5458 1838 5511 omnis
1881 5459 2035 5512 exitii
2073 5473 2159 5512 re-

604 5548 837 5608 nuntiat.
864 5547 1273 5614 amicitiamque
1302 5550 1459 5618 longe
1489 5549 1894 5605 acerbissimam
1926 5550 2157 5617 dissuit;

676 5728 722 5759 "
753 5726 978 5795 Philipp.
1017 5742 1077 5791 ιι,
1115 5726 1167 5783 9.

2258 4544 2616 4615 βαπτισθῆναι
2641 4543 2739 4612 τῆς
2767 4544 3160 4613 ἐπαινουμένης
3192 4545 3498 4614 ἀρχόμενος
3523 4547 3690 4616 ζωῆς.
3715 4550 3824 4604 Τὸν

2256 4637 2363 4705 γὰρ
2395 4636 2543 4704 ἱερὸν
2598 4633 2859 4687 εἰσελθὼν
2910 4629 3061 4687 οἶκον
3094 4635 3185 4687 τὸν
3237 4636 3439 4702 χιτῶνα
3466 4638 3823 4693 κατατίθετλι

2257 4727 2352 4780 καὶ
2379 4726 2447 4779 τὰ
2474 4727 2801 4797 ὑποδήματα
2827 4724 3077 4789 ὑπολύει,
3104 4726 3183 4794 τῷ
3208 4727 3409 4795 ίματίῳ
3447 4730 3668 4791 καὶτοῖς
3689 4732 3826 4784 ὑπο-

2257 4821 2517 4887 δήμασιν,
2568 4818 2604 4871 ἃ
2642 4817 2781 4887 πρὸς
2827 4817 2929 4886 τὴν
2965 4816 3108 4887 ζωὴν
3146 4816 3359 4888 βοηθεῖ,
3415 4822 3508 4872 τὸν
3554 4822 3826 4891 πρότερον

2258 4912 2630 4980 αἰνιττόμενος
2660 4908 2799 4977 βίον.
2829 4909 2949 4961 Ἔτι
2979 4908 3036 4960 δὲ
3075 4908 3211 4977 πρὸς
3255 4910 3465 4979 δυσμὰς
3496 4911 3825 4969 ἀποϐλέπων

2260 5002 2473 5071 πνεῦμα
2501 5001 2597 5053 τοῦ
2632 5000 2901 5069 στόματος
2931 5000 3188 5063 ἀποπνεῖ,
3222 5000 3324 5069 τῆς
3357 5002 3414 5053 ὲν
3464 5002 3649 5056 σκότει
3676 5003 3825 5074 ζωῆς

2261 5096 2507 5159 σημεῖον,
2534 5091 2720 5161 χεῖράς
2750 5107 2807 5142 τε
2832 5090 3064 5143 ἐκτείνει
3096 5090 3189 5141 καὶ
3220 5091 3296 5154 ὡς
3324 5094 3571 5160 παρόντα
3590 5098 3687 5148 καὶ
3706 5099 3826 5148 ὲπι-

2258 5186 2509 5254 κείμενον
2561 5185 2651 5237 τὸν
2693 5183 2929 5253 πονηρὸν
2987 5182 3288 5235 ἀπωθεῖται
3350 5186 3440 5235 καὶ
3491 5185 3568 5247 ὡς
3626 5189 3825 5256 μιαρσιῦ

2262 5278 2353 5328 καὶ
2382 5272 2638 5345 βδελυροῦ
2666 5272 2994 5335 καταπτύει,
3026 5274 3119 5324 καὶ
3149 5271 3250 5335 τὰς
3281 5272 3532 5341 ἐχθίστας
3570 5276 3665 5327 καὶ
3690 5275 3823 5325 ἀπί-

2264 5383 2419 5426 στους
2452 5365 2546 5416 καὶ
2576 5362 2801 5431 ὀλέθρου
2835 5361 3035 5422 παντὸς
3085 5362 3277 5425 αἰτίας
3324 5365 3562 5436 ἀρνεῖται
3595 5366 3826 5428 σπονδὰς

2260 5460 2353 5510 καὶ
2407 5457 2505 5523 τὴν
2551 5453 2733 5523 φιλίαν
2759 5452 2858 5522 τὴν
2892 5453 3095 5522 πικρὰν
3149 5452 3465 5506 παντάπασι
3495 5454 3707 5507 διαλύει
3733 5457 3827 5507 xit.

2261 5549 2358 5617 τὴν
2386 5546 2588 5617 ἔχθραν
2641 5545 2874 5598 ἐπαινεῖ.
2908 5543 3019 5596 Καὶ
3049 5543 3171 5595 ἐπεὶ
3207 5543 3371 5613 φύγοι
3396 5544 3450 5597 τὸ
3481 5544 3699 5611 σκότος,
3734 5547 3829 5599 Li.
