4154 6308
272 420 377 482 5'2")

1345 411 1441 471 DE
1482 409 1659 471 VITA
1701 408 1779 469 IN
1835 407 2169 467 CIIRISTO
2208 407 2352 470 LIB.
2400 407 2481 469 ll.

3403 397 3510 462 530

274 535 369 599 τὴν
396 531 609 599 ἡμέραν
640 528 821 598 τρέχει
853 528 945 579 καὶ
975 526 1109 596 πρὸς
1140 527 1236 595 τὴν
1275 525 1348 577 ἓω
1388 523 1649 593 στραφεὶς
1683 521 1836 591 ζητεί

1954 529 1990 572 :t
2033 520 2217 575 odium
2248 521 2593 591 amplectitur
2620 538 2635 586 ;
2664 528 2715 574 et
2746 533 2775 573 e
2815 517 3053 574 tenebris
3085 515 3150 571 al
3184 514 3327 569 diem
3372 529 3500 584 pro-

273 624 361 674 τὺν
394 620 571 688 ἥλιον,
608 620 699 671 καὶ
728 617 910 679 λυθεὶς
941 617 1051 670 τῶν
1085 615 1176 669 τοῦ
1211 615 1473 683 τυράννου
1498 612 1704 682 χειρῶν
1747 612 1837 664 τὸν

278 710 504 782 βασιλέα
546 710 863 779 προσκυνεῖ,
925 708 1018 759 καὶ
1070 705 1164 758 τοῦ
1218 707 1370 757 νόθου
1418 703 1722 770 καταγνοὺς
1749 701 1838 752 τὸν

278 803 500 868 γνήσιον
533 800 888 865 ἐπιγινώσκει
910 798 1211 863 Δεσπότην,
1250 798 1343 848 καὶ
1376 795 1593 862 εὔχεται
1633 793 1838 844 ὑποτα-

278 889 543 957 γήσεσθαι
570 890 719 958 αὐτῷ
745 891 841 941 καὶ
876 887 1185 941 δουλεύσειν
1216 888 1312 958 ὅλῃ
1342 886 1487 956 ψυχῇ
1522 885 1615 937 καὶ
1641 886 1746 952 πρό
1777 899 1839 950 γε

276 980 479 1032 τούτων
504 980 577 1041 ὠς
609 979 741 1032 Θεὸν
770 980 851 1041 εἰς
878 980 1042 1031 αὑτὸν
1076 978 1355 1030 πιστεύειν
1405 978 1497 1029 καὶ
1528 975 1563 1029 ἃ.
1587 974 1718 1045 περί⁹
1742 976 1840 1027 αὖ·

274 1068 367 1119 τοῦ
399 1070 643 1137 προσῆκε
704 1066 1016 1134 γινώσκειν.
1073 1066 1184 1120 Καὶ
1212 1064 1373 1118 τοῦτο
1426 1065 1534 1132 γὰρ
1568 1060 1710 1129 ἀρχὴ
1741 1060 1840 1126 τῆς

279 1158 557 1226 μακαρίας
589 1158 760 1225 ζωῆς,
794 1158 826 1226 ἡ
860 1156 1069 1226 ἀληθὴς
1100 1157 1228 1225 περὶ
1256 1153 1394 1207 Θεοῦ
1437 1153 1639 1220 γνῶσις
1661 1168 1674 1181 ·
1711 1170 1727 1201 ι
1768 1149 1840 1203 Τὸ

276 1249 385 1313 γὰρ
411 1247 736 1299 ἐπίστασθαί
768 1264 847 1311 σε,
871 1248 1005 1316 φησὶ
1029 1245 1300 1316 Σολομὼν,
1331 1245 1455 1314 ῥίζα
1484 1242 1833 1303 ὰθανασίας,ι

275 1332 465 1404 ὥσπερ
488 1335 549 1386 τὸ
573 1336 837 1404 ἀγνοῆσαι
863 1335 953 1387 τὸν
983 1334 1115 1387 Θεὸν
1136 1333 1226 1385 τὸν
1258 1335 1485 1386 θάνατον
1518 1330 1841 1399 εἰσήνεγκεν

276 1425 334 1491 t5
361 1428 556 1497 ἀρχῆς.
610 1427 763 1480 Ἐπεὶ
815 1428 923 1497 γὰρ
967 1430 995 1481 ὁ
1057 1428 1229 1497 Ἀδὰμ
1255 1429 1353 1495 τὴν
1394 1426 1549 1480 θείαν
1573 1426 1843 1495 ἀγνοήσας

280 1518 693 1587 φιλανθρωπίαν
721 1519 988 1587 βάσκανον
1014 1515 1149 1573 εῖναι
1178 1518 1332 1589 ᾠήθη
1356 1520 1449 1571 τὸν
1487 1516 1717 1585 ἀγαθὸν,
1748 1517 1844 1569 καὶ

274 1608 372 1675 τῆς
395 1610 589 1676 σοφίας
619 1611 1005 1679 ἐπιλαθόμενος
1035 1611 1217 1662 λαθεῖν
1251 1609 1474 1677 ἐνόμισε
1508 1608 1601 1660 τὸν
1652 1606 1842 1674 σοφὸν,

274 1698 351 1765 τῷ
383 1700 631 1771 δραπέτῃ
663 1702 966 1771 προσετέθη
992 1703 1083 1755 τὸν
1111 1702 1391 1770 Δεσπότην
1432 1701 1716 1771 περῖιδὼν,
1751 1702 1845 1753 καὶ

277 1784 366 1838 6:5:
390 1787 549 1839 τοῦτο
580 1789 674 1840 τοῦ
704 1789 1033 1859 παραδείσου
1065 1805 1124 1841 τε
1159 1788 1419 1858 ἀπηλάθη
1450 1788 1541 1841 καὶ
1571 1786 1668 1856 τὴν
1700 1786 1846 1854 ζωὴν

277 1874 528 1945 ἀφῃρέθη
558 1880 651 1929 καὶ
677 1855 926 1947 ὠδυνήῧη
956 1879 1048 1932 καὶ
1067 1855 1339 1931 ἀπέθανεν
1410 1855 1548 1931 »ὅθεν
1602 1877 1681 1945 τῷ
1711 1877 1846 1944 πρὸς
1877 1855 1919 1909 Β

278 1965 376 2035 τὴν
430 1966 579 2037 ζωὴν
634 1969 976 2039 ἐπειγομένῳ
1022 1970 1117 2022 καὶ
1164 1970 1254 2023 τὸν
1300 1969 1434 2023 Θεὸν
1462 1970 1715 2041 ἡγεῖσθαι
1748 1969 1848 2038 τὴν

280 2058 410 2127 περὶ
438 2058 575 2111 Θεοῦ
608 2061 809 2127 γνῶσιν
843 2064 991 2114 πᾶσα
1019 2062 1257 2131 ἀνάγκη.

350 2240 460 2293 Καὶ
482 2241 542 2293 τὸ
563 2240 920 2311 γυμνωθῆναι
938 2241 995 2293 δέ
1021 2239 1278 2305 καθάπαξ
1312 2240 1403 2293 καὶ
1431 2238 1523 2291 τὸν
1541 2238 1849 2291 τελευταῖον

280 2331 620 2385 καταθέσθαι
657 2334 861 2404 χιτῶνα
890 2334 1179 2402 δείκνυμεν
1205 2333 1329 2402 ἄρτι
1366 2334 1463 2402 τῆς
1502 2335 1580 2394 είς
1610 2332 1701 2384 τὸν
1744 2347 1853 2386 πα.-

284 2424 532 2493 ρὰδεισον
555 2426 829 2496 φερούσης
857 2428 1152 2494 ἁπτόμενοι
1178 2426 1274 2479 καὶ
1299 2426 1396 2495 τὴν
1423 2425 1661 2480 ἐνταῦθα
1679 2425 1847 2493 ζωήν.

292 2515 350 2566 '0
387 2515 487 2584 μέν
515 2519 624 2585 γὰρ
660 2518 830 2582 Ἀδὰμ
858 2519 966 2571 ἀπὸ
995 2521 1092 2588 τῆς
1116 2518 1435 2585 εὐδαίμονος
1458 2518 1672 2588 ἐκείνης
1696 2532 1852 2586 περι-

281 2604 443 2673 ϐολῆς
467 2607 560 2658 ἐπὶ
586 2608 684 2676 τὴν
716 2608 997 2677 γύμνωσιν
1026 2608 1215 2671 ἐλθὼν,
1268 2609 1373 2662 ἀπὸ
1403 2596 1607 2679 ταύτης
1636 2611 1727 2662 ἐπὶ
1752 2612 1854 2679 τὴν

276 2696 471 2750 ἀθλίαν
501 2700 703 2770 ταύτην
733 2694 833 2772 ἧκε
867 2704 1087 2771 σκευήν,
1128 2704 1319 2773 Ἡμεῖς
1368 2703 1425 2755 δὲ
1457 2702 1565 2757 ἀπὸ
1587 2703 1696 2756 τῶν
1725 2704 1851 2772 δερ-

283 2791 527 2861 ματίνων
556 2792 802 2862 χιτώνων
831 2798 923 2849 ἐπὶ¹
951 2795 1051 2865 τὴν
1095 2797 1379 2863 γύμνωσιν
1431 2798 1602 2859 ἰόντες
1630 2800 1722 2865 καὶ
1763 2798 1852 2851 διὰ

281 2881 375 2935 τοῦ
404 2880 572 2936 αὐτοῦ
626 2883 933 2953 βαδίζοντες
987 2886 1151 2955 μέσου
1182 2887 1336 2957 δῆλοι
1360 2888 1708 2956 καθέσταμεν
1756 2889 1852 2957 τὴν

282 2974 453 3044 αὑτὴν
482 2976 796 3039 ἐπανιόντες
824 2978 942 3031 ὁδὸν
975 2979 1069 3031 καὶ
1116 2979 1253 3047 πρὸς
1279 2980 1339 3031 τὸ
1392 2981 1605 3049 ίμάτιον
1639 2981 1855 3049 ἐπειγό-

286 3084 442 3135 μενοι
472 3068 533 3120 τδ
566 3069 861 3138 βασιλικὸν,
886 3073 979 3125 καὶ
1002 3070 1126 3124 ὄθεν
1155 3073 1251 3126 καὶ
1284 3071 1353 3125 δι’
1381 3068 1455 3125 ὧν
1479 3074 1685 3136 ἐκεῖνος
1719 3092 1851 3127 κατ-

1942 613 2145 676 currit;
2168 622 2331 682 atque
2355 616 2420 667 ad
2443 613 2709 667 orientem
2738 607 3249 680 respiciens,solem
3272 605 3506 676 quarit;

1942 700 2339 771 expeditusque
2373 716 2403 757 e
2434 703 2647 772 tyranni
2682 700 2958 758 manibus.
2984 716 3165 769 regem
3208 697 3419 760 adorat,
3460 706 3512 750 et

1942 798 2250 857 contempto
2298 792 2506 859 spurio,
2560 790 2859 859 legitimum
2908 790 3197 845 Dominum
3240 788 3509 858 agnoscit,

1942 875 2017 929 illi
2062 880 2260 948 subjici
2290 890 2344 933 et
2378 891 2485 934 tota
2542 881 2725 934 anima
2777 882 2984 934 servire
3033 890 3221 948 Optat:
3278 889 3333 932 et
3387 890 3513 933 ante

1944 971 2058 1024 haec
2097 970 2148 1023 in
2180 986 2327 1036 eum,
2360 979 2421 1025 ut
2463 973 2517 1029 iu
2550 972 2719 1025 Deum
2751 971 2993 1026 credere.
3029 970 3091 1022 Et
3123 972 3187 1022 ad
3218 986 3339 1023 eum
3388 985 3512 1037 per-

1945 1060 2169 1114 tinentia
2210 1061 2512 1131 cognoscit.
2547 1060 2681 1114 Nam
2713 1070 2768 1115 et
2800 1062 2903 1115 hoc
2941 1060 3111 1113 beatae
3140 1061 3259 1111 vitm
3299 1058 3510 1111 initium

1942 1160 2046 1215 est,
2086 1166 2212 1206 vera
2245 1152 2308 1205 de
2340 1150 2448 1205 Deo
2497 1151 2757 1220 cognitio.
2807 1169 2824 1201 ι
2871 1150 3024 1204 Scire
3077 1149 3511 1219 euimjustitiam

1944 1252 2089 1298 tuam
2136 1251 2190 1297 et
2215 1244 2468 1297 virtutem
2502 1253 2670 1305 tuam,
2691 1245 2767 1295 ait
2794 1241 3085 1303 Salomon,
3106 1241 3261 1293 radix
3293 1240 3517 1292 immor-

1944 1334 2170 1388 talitatis
2193 1336 2235 1367 ⁸⁷
2265 1350 2280 1399 ;
2307 1353 2324 1386 ι
2364 1335 2505 1388 sicut
2548 1334 2799 1402 ignorare
2827 1332 3019 1395 Deum,
3055 1341 3285 1384 mortem
3317 1330 3516 1383 invexit

1945 1439 1974 1476 a
2010 1424 2298 1493 principio.
2331 1424 2631 1491 Postquam
2661 1424 2805 1478 enim
2835 1424 3079 1475 Adamus
3099 1422 3338 1475 divinam
3369 1421 3519 1473 beni-

1945 1514 2205 1583 gnitatem
2258 1515 2540 1583 ignorans,
2590 1530 2715 1568 eum
2768 1514 2859 1580 qui
2910 1514 3087 1567 bonus
3116 1521 3229 1576 est,
3269 1510 3514 1565 invidum

1946 1604 2319 1669 existimavit,
2351 1615 2406 1658 et
2440 1606 2645 1659 oblitus
2680 1606 2983 1671 sapienti-.e,
3015 1620 3072 1657 se
3100 1605 3267 1657 latere
3301 1606 3518 1670 sapien-

1949 1703 2057 1749 tem
2106 1703 2190 1749 est
2238 1695 2559 1758 arbitratus,
2597 1694 2883 1748 Dominum
2941 1693 3241 1760 despicatui
3288 1693 3516 1756 ducens,

1950 1785 2177 1854 fugitivo
2207 1784 2457 1839 adbaasit.
2498 1786 2676 1854 Atque
2725 1785 2796 1838 ob
2834 1784 2885 1837 id
2935 1784 3196 1853 paradiso
3231 1783 3513 1849 expulsus,

1947 1886 2002 1930 et
2029 1876 2140 1929 vita
2180 1875 2481 1945 spoliatus,
2515 1886 2568 1931 et
2594 1876 2879 1930 doloribus
2917 1876 3251 1935 cumulatus.
3285 1884 3515 1926 mortem

1948 1967 2186 2037 denique
2239 1984 2541 2039 perpessus
2613 1976 2714 2023 est.
2769 1968 2958 2036 itaque
3020 1966 3086 2019 ad
3140 1966 3305 2019 vitam
3348 1974 3401 2017 et
3452 1964 3519 2017 ad

1950 2058 2120 2113 Deum
2153 2062 2469 2129 properanti
2515 2060 2880 2130 cognitionem
2911 2057 2977 2112 de
3006 2056 3114 2111 Deo
3148 2058 3337 2127 praeire
3361 2070 3519 2125 pror-

1948 2165 2043 2206 sus
2074 2159 2156 2204 est
2184 2151 2577 2207 necessarium.

2019 2244 2087 2297 Et
2126 2242 2255 2297 dum
2290 2244 2657 2308 denudamur,
2681 2228 3035 2309 intimamque
3073 2238 3315 2291 tunicam
3370 2237 3523 2293 exui-

1951 2349 2095 2402 mus,
2126 2318 2225 2390 nos
2253 2334 2413 2389 modo
2433 2335 2575 2387 viam
2600 2334 2653 2387 in
2677 2332 2989 2401 paradisqu
3013 2331 3379 2391 ducentem,et
3404 2341 3524 2394 qut-.1:

1951 2428 2064 2482 illic
2109 2427 2329 2497 degitur
2378 2426 2547 2480 vitam
2600 2426 2881 2493 ingressos
2930 2420 3293 2476 omendimus.
3347 2418 3521 2470 Adam

1951 2520 2094 2574 enim
2150 2533 2276 2573 cum
2317 2532 2349 2572 a
2388 2516 2563 2572 beatis
2618 2516 2725 2569 illis
2756 2514 2924 2583 septis
2957 2512 3008 2564 in
3043 2510 3345 2564 nuditatem
3380 2507 3522 2559 inci-

1952 2611 2144 2676 disset,
2185 2610 2253 2665 ab
2296 2625 2359 2664 ea
2391 2610 2457 2664 ad
2516 2609 2633 2663 haec
2671 2605 2979 2663 miseranda
3017 2602 3319 2673 gestamina
3360 2600 3528 2651 deve—

1954 2704 2056 2759 nit.
2094 2704 2206 2757 Nos
2246 2711 2437 2756 contra
2479 2715 2510 2754 a
2556 2698 2800 2769 pelliceis
2842 2695 3042 2749 tunicis
3106 2692 3173 2746 ad
3222 2690 3523 2745 nuditatem

1953 2798 2255 2860 venientes,
2282 2804 2334 2849 et
2366 2810 2461 2862 per
2496 2792 2639 2847 idem
2675 2790 2914 2844 medium
2947 2786 3281 2853 incedentes,
3312 2796 3410 2836 nos
3434 2795 3526 2837 eo-

1955 2890 2077 2944 dem
2126 2882 2328 2939 rever'ti
2363 2884 2580 2949 itinere,
2624 2891 2679 2935 et
2709 2881 2777 2935 ad
2815 2880 3021 2949 regiam
3058 2885 3261 2931 vestem
3302 2886 3526 2941 recupe-

1954 2978 2181 3033 randam
2233 2976 2496 3031 festinare
2541 2976 2986 3029 demonstramus
3017 2990 3028 3022 :
3058 2978 3112 3023 et
3144 2967 3309 3032 unde,
3353 2977 3406 3019 et
3433 2980 3527 3032 per

1956 3088 2076 3141 quae
2121 3071 2213 3124 ille
2261 3071 2315 3123 in
2374 3069 2523 3123 hunc
2581 3066 2846 3122 mundum
2894 3062 3216 3122 descendit,
3247 3074 3345 3115 nos
3400 3058 3529 3111 hinc

284 3159 451 3230 ἦλθεν
474 3162 555 3223 είς
588 3161 675 3215 τὸν
696 3163 902 3231 κόσμον
930 3162 1141 3227 τοῦτον,
1180 3166 1345 3233 ἡμεῖς
1378 3165 1625 3218 ἐνθένδεν
1659 3169 1852 3221 ἐπανι-

1957 3165 2179 3221 reverti.
2214 3160 2297 3216 Sit
2328 3169 2509 3215 autem
2540 3170 2593 3215 et
2624 3159 2757 3213 illud
2805 3157 3024 3227 signum
3062 3153 3345 3235 nuditatis,
3384 3151 3527 3218 quod

284 3249 459 3315 ὄντες.
512 3252 610 3321 Εῖη
669 3252 715 3305 δ’
745 3254 813 3307 ἂν
842 3254 1093 3309 κάκείνου
1147 3260 1374 3327 σημεῖον
1397 3259 1458 3311 τδ
1478 3259 1850 3329 γυμνωθῆναι,

286 3343 381 3397 τοῦ
414 3344 510 3397 νῦν
537 3345 795 3427 καθαρῶς
826 3348 900 3417 τῷ
924 3348 1162 3419 ἀληθινῷ
1190 3349 1331 3418 φωτὶ
1366 3350 1652 3419 προσιέναι
1686 3353 1855 3421 μηδὲν

288 3438 724 3509 ἐπιφερομένους
751 3457 764 3471 ·
794 3441 918 3494 ὅθεν
953 3444 983 3510 ἡ
1012 3442 1141 3494 σκιά
1170 3442 1264 3494 τοῦ
1293 3441 1549 3508 θανάτου,
1580 3444 1673 3496 καὶ
1701 3445 1735 3498 ἃ
1758 3448 1854 3514 τὴν

294 3531 573 3601 μακαρίαν
612 3533 808 3585 ἀκτῖνα
842 3533 949 3585 τῶν
972 3535 1159 3604 ψυχῶν
1188 3536 1296 3587 τῶν
1330 3535 1687 3604 ἀνθρωπίνων
1716 3537 1854 3589 ἀποο

292 3623 544 3693 τειχίζει,
581 3625 831 3695 καθάπερ
858 3624 925 3678 τὰ
956 3626 1148 3695 ἱμᾶτια
1186 3626 1386 3695 τειχίον
1414 3626 1471 3691 τί,
1499 3629 1614 3680 ἐστι
1651 3628 1856 3696 μεταξὺ

292 3716 385 3769 τοῦ
415 3716 593 3786 φωτὸς
617 3717 811 3771 τούτου
839 3719 936 3772 καὶ
963 3719 1071 3771 τῶν
1097 3719 1389 3788 σωμάτων.

364 3808 474 3863 Καὶ
508 3808 615 3878 μὴν
661 3809 755 3861 καὶ
786 3810 819 3880 ἠ
854 3809 946 3862 τοῦ
969 3810 1152 3865 ἐλαίου
1184 3814 1367 3881 χρίσις
1406 3811 1618 3879 γένοιτο
1654 3804 1754 3881 μὲν
1792 3814 1859 3867 ἂν

294 3900 387 3954 καὶ
416 3900 579 3954 ἀλλου
608 3900 754 3963 τινὸς
768 3903 1027 3970 σημεῖον,
1059 3903 1156 3954 καὶ
1196 3902 1332 3970 πρὸς
1360 3900 1515 3956 τοῦτο
1548 3903 1602 3956 δὲ
1634 3904 1858 3957 δύναται

295 3994 501 4075 φέρειν.
552 3990 855 4061 Ἐννοῶμεν
884 3992 993 4061 γάρ
1041 3993 1140 4060 τὴν
1198 3992 1395 4049 Ἰακὼϐ
1430 3994 1649 4065 στήλην,
1685 3995 1753 4065 ἥν
1783 3997 1859 4067 τῷ

296 4084 459 4155 ἐλαίῳ
477 4085 673 4155 χρίσας
691 4086 1033 4154 προσήνεγκε
1066 4084 1145 4154 τῷ
1172 4085 1311 4153 Θεῷ,
1335 4088 1430 4139 καὶ
1452 4087 1579 4151 τοὺς
1604 4088 1859 4157 βασιλέας

297 4178 540 4240 καὶτοὺς
574 4177 759 4246 ἱερέας
789 4176 939 4245 αὐτῷ
968 4175 1142 4247 τούτῳ
1176 4176 1253 4247 τῷ
1295 4180 1460 4249 κοινῷ
1491 4182 1583 4232 καὶ
1638 4181 1710 4252 τῷ
1740 4183 1859 4251 Θεῷ

297 4269 783 4340 καθιερουμένους,
832 4268 887 4321 οῖ
915 4285 1066 4335 σφισι
1099 4268 1196 4337 μὲν
1250 4269 1433 4329 αὐτοῖς
1460 4270 1728 4339 οὐδαμῶς,
1783 4276 1861 4344 τῷ

298 4360 416 4429 Θεῷ
455 4360 511 4412 δέ
538 4358 633 4412 καὶ
687 4360 751 4427 τῇ
782 4357 1031 4427 πολιτεία
1080 4355 1236 4419 ζῶσι,
1271 4357 1407 4426 πρὸς
1440 4360 1504 4427 ἢν
1526 4359 1856 4429 ἐτάχθησαν.

296 4450 406 4504 Καὶ
453 4450 617 4518 ἡμεῖς
667 4448 775 4518 γὰρ
802 4447 903 4517 τῆς
932 4446 1140 4510 οἰκείας
1171 4446 1317 4516 ζωῆς
1364 4452 1458 4502 καὶ
1487 4450 1648 4518 ἡμῶν
1678 4452 1858 4505 αὐτῶν

296 4541 627 4610 ἐξικοίμεθα.
648 4538 726 4609 τῷ
750 4538 870 4607 Θεῷ
892 4554 905 4569 ·
932 4538 1053 4591 τόδε
1081 4538 1195 4590 ἐστὶ
1228 4538 1287 4589 τὸ
1303 4538 1533 4592 παλαιὸν
1555 4542 1860 4598 ἀποϐαλόν-

298 4653 393 4697 τας
427 4629 563 4696 εἶδος
605 4630 826 4702 ὁμοίους
875 4629 1028 4698 αὐτῷ
1056 4631 1332 4698 γενέσθαι,
1368 4634 1464 4685 καὶ
1506 4633 1566 4686 τὸ
1591 4634 1860 4703 σύμϐολον

296 4724 496 4777 οίκεῖον
519 4723 616 4775 καὶ
636 4723 703 4791 τῇ
723 4720 833 4773 τῶν
853 4721 1193 4791 Χριστιανῶν
1212 4722 1503 4791 ἐπωνυμίᾳ
1527 4723 1666 4776 πάνυ
1690 4742 1859 4792 προσ-

300 4816 452 4885 ῆκον.
477 4811 762 4883 Χριόμεθα
794 4813 924 4883 γὰρ,
953 4812 1048 4865 καὶ
1075 4804 1119 4879 ᾧ
1144 4809 1415 4881 ζητοῦμεν
1444 4815 1706 4878 ἐοικέναι,
1728 4817 1860 4885 Χρι-

301 4908 424 4970 στός
446 4910 561 4961 ἐστι
581 4909 645 4976 τῇ
680 4905 896 4974 θεότητι
930 4906 1029 4975 τὴν
1056 4905 1456 4973 ἀνθρωπότητα
1486 4906 1703 4976 χρίσας,
1737 4910 1859 4962 ἐπεὶ

300 4998 393 5051 καὶ
444 4998 607 5050 αὑτοῦ
651 4994 745 5048 τοῦ
775 4996 1078 5065 χρίσματος
1114 4994 1263 5065 αὐτῷ
1301 4981 1701 5066 κοινωνοῦμεν·
1766 5000 1859 5053 καὶ

301 5088 410 5158 γάρ
441 5087 535 5139 τοῦ
559 5087 857 5156 χρίσματος
886 5087 1098 5139 ἐκείνου
1122 5084 1279 5139 τοῦτο
1300 5087 1359 5138 τὸ
1380 5086 1591 5157 χρίσμα
1610 5093 1859 5157 σημεῖον,

302 5176 691 5248 καὶιδείκνυσιν
738 5176 767 5227 ό
798 5175 987 5239 τελῶν,
1018 5175 1085 5227 δι’
1118 5170 1193 5228 ὧν
1238 5176 1430 5245 ἐπᾴδει
1477 5178 1753 5245 χριομένῳ
1786 5179 1862 5247 τῷ

301 5268 631 5336 τελουμένῳ.
678 5266 867 5321 Ταῦτα
888 5268 993 5336 γάρ
1038 5268 1188 5320 ἐστιν
1217 5270 1422 5331 ἐκεῖνα,
1450 5268 1517 5321 δι’
1539 5262 1612 5323 ὧν
1647 5272 1674 5322 ό
1700 5272 1863 5324 Δαὸὶὸ

303 5361 402 5431 τὴν
456 5359 637 5429 χρίσιν
686 5358 900 5429 ἐκείνην
945 5360 1183 5429 ἐμήνυσε
1226 5359 1319 5411 καὶ
1367 5358 1467 5429 τὴν
1495 5360 1771 5429 βασιλείαν
1836 5364 1864 5416 ό

313 5451 407 5518 μὲν
432 5451 537 5518 γὰρ
571 5451 770 5517 ἱερεὺς,
795 5468 813 5500 ι
846 5449 1095 5519 Χρίεται,
1119 5449 1307 5520 φησὶν,
1333 5443 1488 5512 οὗτος
1521 5452 1644 5520 (τὸν
1682 5453 1863 5509 τελού-

312 5555 468 5607 μενον
518 5539 726 5608 λὲγων)
782 5537 960 5592 ἔλαιον
1006 5538 1380 5607 ἀγαλλιάσεως
1463 5558 1482 5590 ›
1516 5541 1545 5592 ὁ
1590 5540 1646 5594 δὲ
1676 5542 1861 5606 Δαὸὶδ,

313 5642 334 5679 ι
370 5628 591 5699 Ἕχρισέ
626 5644 685 5679 σε
718 5629 921 5698 (φησιν
961 5628 1096 5699 πρὸς
1130 5629 1219 5684 τὸν
1260 5629 1548 5700 Σωτῆρα),
1597 5632 1625 5683 ό
1652 5632 1784 5693 Θεὸς
1836 5633 1863 5684 ὁ

380 5802 422 5833 ⁸⁷
454 5800 579 5874 Sap.
626 5818 711 5856 xv.
756 5802 799 5855 ὅ.

1956 3272 2105 3312 nunc
2132 3270 2270 3326 pure
2296 3256 2363 3309 ad
2393 3268 2582 3309 verum
2618 3254 2804 3306 lumen
2841 3250 3179 3311 accedimus,
3215 3244 3349 3297 nihil
3400 3242 3532 3295 οσο-

1950 3358 2165 3414 rentes,
2200 3348 2343 3401 unde
2383 3345 2575 3399 umbra
2603 3345 2795 3397 mortis
2822 3350 2874 3394 et
2904 3356 3035 3409 qum
3061 3340 3279 3391 beatum
3316 3335 3527 3389 radium

1958 3445 2270 3499 animarum
2322 3443 2689 3497 humanarum
2741 3434 3070 3503 intercipere
3112 3438 3353 3500 queant;
3387 3430 3530 3484 sicut

1961 3535 2286 3591 vesrimenta
2349 3541 2408 3585 ut
2465 3529 2716 3584 murulus
2757 3526 2980 3597 quidam
3029 3524 3172 3577 inter
3205 3522 3386 3574 lumen
3429 3519 3533 3572 hoc

1958 3638 2011 3683 et
2032 3640 2263 3697 corpora
2294 3621 2658 3679 intercedunt.

2032 3808 2520 3865 Verumenimvero
2572 3804 2674 3857 olei
2725 3802 2911 3857 unctio
2966 3808 3019 3857 et
3077 3799 3217 3854 alius
3269 3796 3346 3853 rei
3393 3796 3532 3850 indi-

1960 3900 2105 3955 cium
2138 3913 2285 3960 esse,
2319 3907 2373 3950 et
2416 3896 2676 3950 aliorsum
2732 3902 2981 3962 spectare
3022 3899 3220 3959 potest.
3253 3888 3531 3942 ltecordur

1960 3991 2104 4045 enim
2141 3987 2343 4057 lapidis
2392 3984 2585 4047 Jacob,
2618 3998 2779 4054 quem
2826 3982 2947 4036 oleo
2978 3981 3279 4034 delibutum
3334 3977 3532 4031 obtulit

1964 4082 2075 4135 Deo
2126 4097 2138 4133 :
2187 4089 2241 4133 et
2289 4093 2445 4147 reges
2507 4086 2560 4131 ct
2602 4075 2911 4129 sacerdotes
2959 4073 3063 4126 hoc
3098 4071 3236 4140 ipso,
3280 4069 3397 4122 oleo
3445 4068 3532 4120 in-

1961 4186 2147 4241 quam,
2179 4169 2381 4239 populo
2410 4176 2461 4221 et
2487 4166 2598 4221 Deo
2631 4173 2980 4220 consecratos
3011 4181 3023 4214 :
3053 4163 3143 4229 qui
3178 4162 3280 4215 sibi
3310 4160 3528 4225 quidem

1964 4261 2305 4330 neutiquam,
2344 4258 2439 4314 sed
2473 4256 2584 4310 Deo
2634 4269 2689 4309 et
2722 4255 3036 4324 reipublicae
3071 4255 3281 4311 vivunt.
3313 4260 3533 4320 propter

1963 4368 2126 4422 quam
2165 4350 2400 4405 instituti
2438 4357 2589 4403 sunt.
2622 4346 2687 4399 Et
2714 4362 2813 4401 nos
2845 4359 3061 4414 quoque
3097 4359 3126 4397 a
3155 4348 3261 4396 vita
3293 4343 3529 4411 propria,

1965 4456 2018 4501 et
2055 4461 2085 4500 a
2119 4444 2278 4498 nobis
2315 4442 2471 4510 ipsis,
2504 4439 2614 4493 Deo
2650 4438 3032 4493 desciscimus.
3082 4434 3194 4489 Hoc
3236 4444 3411 4487 autem
3435 4442 3535 4486 est

1892 4520 1935 4572 Ῑ)
1968 4534 2196 4605 pristina
2227 4533 2401 4586 forma
2433 4540 2671 4599 recepta,
2710 4528 2785 4582 illi
2819 4529 3027 4582 similes
3056 4527 3193 4587 ﬂeri,
3227 4536 3283 4579 et
3314 4523 3533 4595 symbo-

1968 4628 2078 4681 lum
2138 4624 2416 4695 proprium
2500 4621 3050 4689 Christianorumque
3111 4619 3427 4687 cognomini
3478 4616 3532 4671 in

1965 4718 2159 4788 primis
2201 4716 2564 4771 conveniens.
2600 4713 2871 4783 Ungimur
2896 4711 3064 4774 enim,
3091 4717 3144 4762 et
3180 4709 3337 4777 cujus
3379 4707 3533 4760 simi-

1965 4810 2245 4863 litudinem
2277 4806 2743 4871 concupiscimus,
2784 4802 3042 4856 Christus
3070 4809 3175 4863 est,
3212 4800 3304 4868 qui
3329 4799 3534 4852 divini-

1970 4908 2076 4953 tate
2106 4899 2398 4951 humanam
2430 4903 2682 4949 naturam
2715 4892 2905 4955 unxit;
2942 4891 3211 4959 siquidem
3247 4900 3301 4941 et
3344 4889 3395 4940 in
3429 4904 3532 4940 uu-

1970 4992 2147 5047 ctione
2178 5004 2303 5043 cum
2355 4990 2473 5056 ipso
2516 4985 3040 5046 communicamus;
3090 4979 3532 5049 quandoquidem

1968 5081 2115 5135 illius
2168 5079 2446 5134 unctionis
2494 5079 2609 5131 haec
2657 5075 2843 5129 unctio
2897 5072 3112 5141 signum
3159 5080 3213 5125 et
3256 5081 3384 5125 nota
3430 5080 3533 5130 est,

1968 5174 2133 5240 idque
2182 5171 2430 5225 initiator
2494 5170 2582 5223 bis
2629 5181 2749 5235 quae
2796 5180 2959 5233 super
3005 5162 3217 5217 iuitiato
3262 5172 3315 5216 et
3368 5173 3534 5214 uncto

1968 5263 2203 5319 recitare
2245 5260 2554 5325 consuevit,
2587 5258 2877 5328 signiﬁcat.
2920 5256 3061 5309 Sunt
3097 5254 3293 5323 quippe
3343 5253 3528 5305 eadem

1969 5354 2083 5418 illa,
2112 5368 2209 5421 per
2236 5367 2358 5421 qua:
2391 5350 2557 5405 David
2600 5349 2912 5403 unctionem
2938 5344 3145 5398 Clu-isti
3201 5357 3538 5412 regnumque

1970 5443 2198 5498 indicat.
2254 5442 2526 5497 Sacerdos
2586 5441 2771 5504 enim,
2831 5456 2847 5489 ι
2898 5434 3134 5505 Ungitur
3190 5435 3297 5495 hic,
3334 5432 3533 5503 inquit,

1970 5536 2243 5605 (initiatus
2300 5535 2452 5603 puta)
2520 5534 2642 5587 oleo
2722 5528 3127 5586 exsultationis.
3167 5546 3183 5577 ι
3224 5524 3388 5577 David
3439 5538 3535 5575 au-

1970 5636 2102 5693 tem,
2137 5645 2153 5678 ι
2189 5625 2355 5681 Unxit
2387 5636 2436 5680 te
2478 5624 2793 5697 (alloquitur
2827 5622 3188 5682 Salvatorem)
3229 5616 3368 5671 Deus
3397 5613 3538 5667 Deus
