4154 6308
669 308 775 369 535

1916 319 2218 380 NlCOLAl
2253 316 2636 394 canamus

3789 303 3908 367 536

730 422 865 476 Cum
897 432 1176 491 peccatum
1210 425 1402 495 duplex
1431 430 1519 491 sit,
1552 440 1606 483 et
1634 430 1684 482 in
1720 443 2009 499 utrumque
2041 431 2220 489 cadat,

2394 429 2502 496 Τῆς
2528 424 2797 494 ἁμαρτίας
2831 424 3013 491 διττῆς
3042 422 3205 487 οὖσης
3234 419 3328 473 καὶ
3362 420 3441 479 εἰς
3462 417 3628 486 ἄμφω
3672 414 3904 485 χωροό.

661 513 763 568 Ιιοε
790 524 895 577 est,
949 524 1001 568 et
1026 516 1170 569 aliud
1214 518 1267 571 in
1302 520 1536 582 actione,
1583 521 1728 574 aliud
1770 522 1822 574 in
1871 524 2053 575 habitu
2093 536 2215 574 ver—

666 612 809 658 tatur
846 614 899 659 et
932 606 1151 672 haereat,
1207 611 1349 663 actio
1377 612 1492 679 ipsa
1545 612 1838 679 aliquando
1888 627 1992 665 non
2044 611 2215 674 adest,

662 711 839 763 neque
868 709 1071 761 manet,
1126 700 1219 754 sed
1272 701 1431 756 simul
1468 717 1533 757 ac
1580 711 1789 771 patrata
1823 713 1926 765 cst,
1974 717 2092 755 esse
2122 701 2219 754 de-

662 784 791 839 sinit
820 824 834 845 ,
867 786 1010 839 sicut
1039 788 1202 842 telum
1236 804 1355 842 mox
1406 799 1465 844 ut
1510 792 1779 845 vibratum
1810 800 1912 856 est,
1942 791 2219 861 praeteriit.

665 877 903 945 Reliquit
942 889 1123 933 autem
1157 882 1351 935 vulnus
1394 894 1674 950 peccatum
1709 882 1940 936 actionis
2007 882 2091 935 liis
2126 880 2221 947 qui

663 968 792 1019 illud
829 970 1034 1036 operati
1069 979 1219 1034 sunt,
1270 982 1322 1024 et
1359 973 1639 1042 vestigium
1682 973 2064 1041 improbitatis,
2098 985 2227 1024 con-

664 1057 932 1128 fusionem
983 1068 1037 1111 et
1067 1069 1275 1112 reatum
1327 1076 1518 1128 pinnae.
1554 1061 1780 1117 Habitus
1815 1071 1993 1115 autem
2028 1076 2056 1113 a
2098 1075 2224 1128 per-

664 1149 836 1201 versis
868 1149 1196 1215 actionibus,
1229 1151 1394 1205 veluti
1427 1154 1645 1206 morbus
1686 1154 1928 1220 quidam,
1972 1158 2225 1217 corrupta

664 1238 939 1293 voluntate
966 1240 1257 1295 animabus
1282 1242 1503 1304 inditus,
1538 1242 1750 1295 stabilis
1776 1251 1880 1303 est,
1913 1251 1965 1299 et
1995 1240 2230 1293 vinculis

668 1331 1049 1385 insolubilibus
1080 1333 1317 1386 animam
1363 1335 1971 1404 astringit,.sensusque
1998 1341 2054 1386 et
2080 1332 2228 1400 cogi-

669 1429 776 1472 tata
811 1422 861 1476 in
897 1422 1212 1477 servitutem
1252 1424 1464 1493 redigit,
1495 1434 1549 1478 et
1592 1435 1777 1494 captos
1810 1433 2005 1479 tractat
2046 1434 2103 1475 ut
2137 1420 2228 1489 qui

668 1512 903 1578 pessime
957 1512 1010 1565 in
1048 1515 1296 1569 actiones
1324 1515 1777 1570 sceleratissimas
1805 1530 1898 1569 eos
1944 1514 2231 1575 imlucens,

669 1616 764 1667 per
790 1616 927 1669 quas
969 1604 1083 1672 ipse
1118 1604 1385 1659 conﬂatus
1422 1616 1523 1667 est,
1575 1616 1627 1661 et
1657 1620 1793 1674 quas
1828 1619 2040 1673 semper
2069 1602 2231 1672 parit,

669 1702 956 1761 generatus
982 1703 1038 1749 et
1064 1710 1331 1763 generans
1356 1696 1655 1749 secundum
1690 1695 1853 1758 idem,
1882 1704 1936 1747 et
1966 1694 2019 1747 in
2046 1693 2230 1747 orbem

670 1786 1110 1856 quodammodo;
1166 1785 1311 1839 unde
1362 1786 1546 1840 nullus
1597 1786 1859 1854 peccandi
1908 1786 2054 1851 tinis,
2105 1784 2232 1838 dum

671 1877 890 1943 habitus
975 1878 1221 1930 actiones
1293 1875 1586 1945 producit,
1669 1878 1986 1931 accessione
2053 1886 2231 1929 autem

679 1968 957 2019 actionum
1018 1964 1237 2020 habitus
1281 1968 1559 2035 augescit:
1590 1976 1637 2018 et
1673 1967 1741 2017 ita
1775 1964 2020 2032 utrisque
2079 1964 2237 2017 malis

669 2058 908 2112 invicem
943 2066 1206 2125 perpetuo
1234 2056 1728 2125 progredientibus,
1772 2066 2048 2123 peccatum
2084 2056 2237 2118 vivit,

678 2161 779 2215 ego
817 2161 944 2203 vero
982 2155 1234 2199 mortuus
1270 2160 1389 2197 sum
1422 2162 1435 2197 :
1493 2144 1763 2213 siquidem
1796 2158 1903 2196 non
1949 2143 2089 2206 heri,
2140 2156 2240 2195 nec

678 2252 853 2306 nuper
907 2244 1193 2305 peccatum
1244 2237 1387 2304 cepit
1437 2236 1693 2300 initium,
1744 2237 1837 2289 sel
1887 2250 1954 2288 ex
1988 2250 2095 2303 quo
2130 2235 2242 2287 nati

677 2343 891 2385 sumus.
935 2328 1053 2382 Mox
1085 2328 1229 2382 enim
1264 2337 1323 2379 ut
1351 2326 1589 2381 Adamns
1622 2327 1856 2393 maligno
1890 2341 1986 2378 sua
2018 2340 2241 2379 concre-

676 2426 834 2487 didit,
878 2423 1193 2491 bonumque
1232 2421 1519 2474 Dominum
1563 2421 1909 2489 contempsit,
1955 2428 2009 2472 et
2047 2421 2243 2473 volun-

676 2523 788 2567 tate
820 2514 1085 2567 distortus
1116 2528 1179 2565 ac
1209 2525 1503 2580 pcrversus
1532 2519 1633 2573 est,
1664 2519 1717 2563 et
1746 2512 1925 2563 anima
1952 2509 2241 2563 sanitatem

678 2605 827 2660 illam
881 2619 945 2657 ac
992 2603 1195 2657 bonum
1237 2601 1478 2655 habitum
1531 2600 1788 2669 perdidit,
1840 2602 1999 2653 etiam
2049 2614 2247 2667 corpus

678 2694 865 2747 eadem
910 2694 993 2746 via
1026 2692 1272 2753 incessit,
1304 2706 1472 2759 seque
1508 2691 1584 2743 illi
1621 2691 2066 2755 accommodans,
2105 2690 2249 2744 sicut

682 2786 1111 2839 instrumentum
1152 2785 1205 2835 in
1240 2798 1403 2835 manu
1447 2782 1690 2842 artiﬁcis,
1725 2781 1883 2834 simul
1934 2796 2246 2849 perversum

681 2880 786 2927 est.
832 2873 1025 2925 Anima
1069 2886 1306 2939 namque
1347 2885 1469 2924 cum
1503 2886 1731 2938 corpore
1784 2884 2007 2941 prepter
2055 2871 2249 2925 arctis-

683 2963 875 3015 simam
932 2962 1371 3031 coniunctionem
1435 2964 1738 3031 conspirat.
1795 2960 2023 3033 Signum
2087 2962 2252 3031 hujus

2324 516 2446 585 67);,
2478 520 2570 571 καὶ
2608 518 2705 583 τῆς
2734 516 2830 585 μὲν
2866 517 2923 566 ἐν
2953 516 3069 573 ταῖς
3100 510 3404 581 ἐνεργείαις
3431 509 3759 575 γενομένης,
3794 505 3905 571 τῆς

2321 612 2378 663 δὲ
2413 612 2469 661 ἐν
2498 612 2561 678 τῇ
2596 609 2706 671 ἕξει
2735 606 3156 677 συνισταμένης,
3183 605 3216 671 ή
3241 604 3490 669 ἐνέργεια
3518 598 3662 666 αὑτὴ
3691 597 3794 664 μὲν
3834 596 3903 647 οὐ

2326 704 2592 772 πάρεστιν
2635 700 2826 764 ἐνίοτε,
2855 699 2972 752 οὐδὲ
3006 696 3179 766 μένει,
3211 694 3325 747 ἀλλ’
3364 692 3523 753 εὐθύς
3572 708 3633 741 τε
3674 688 3908 755 ἐγένετο

2325 798 2416 848 καὶ
2450 795 2548 846 οὐκ
2582 794 2716 857 ἔστι,
2749 792 2996 858 καθάπερ
3026 789 3177 858 βέλος
3201 786 3316 853 ἅμα
3351 785 3427 854 τῷ
3453 783 3655 850 πλῆξαι
3687 779 3908 847 παρελ-

2326 886 2416 938 θόν
2445 902 2457 915 ·
2493 883 2810 937 καταλείπει
2863 882 2928 933 δὲ
2948 881 3010 933 τὸ
3050 878 3285 949 τραῦμα..
3321 878 3435 938 τοῖς
3470 870 3900 943 εἰργασμένοις,

2325 978 2450 1038 τοὺς
2504 976 2710 1033 τύπους
2759 975 2857 1042 τῆς
2916 973 3113 1033 κακίας
3142 972 3235 1022 καὶ
3289 969 3385 1037 τὴν
3411 965 3673 1034 αἰσχύνην
3705 962 3805 1013 καὶ
3833 961 3903 1011 τὸ

2331 1070 2611 1137 ὑπόχρεως
2631 1064 2769 1119 εἶναι
2792 1066 2967 1133 δίκης.
3015 1065 3077 1115 Ἦ
3105 1063 3159 1115 δὲ
3185 1063 3298 1127 ἕξις
3334 1060 3442 1114 ἀπὸ
3488 1058 3600 1109 τῶν
3628 1051 3899 1121 πονηρῶν

2328 1159 2640 1227 ἐνεργειῶν,
2671 1155 2919 1225 καθάπερ
2944 1156 3097 1216 νόσος
3144 1155 3207 1205 ἐκ
3239 1148 3645 1219 διεφθαρμένης
3675 1143 3905 1208 διαίτης

2332 1255 2449 1313 ταῖς
2502 1253 2700 1320 ψυχαῖς
2757 1248 3087 1309 ἐντεθεῖσα,
3124 1244 3350 1313 μόνιμός
3385 1243 3499 1293 ἐστι
3533 1239 3627 1290 καὶ
3669 1234 3909 1302 δεσμοῖς

2336 1344 2557 1403 ἀλύτοις
2590 1341 2684 1409 τὴν
2715 1338 2894 1408 ψυχὴν
2917 1338 3159 1396 καταδεῖ,
3191 1334 3282 1385 καὶ
3311 1327 3674 1385 δουλοῦταιώ
3694 1323 3911 1394 φρόνη-

2339 1453 2434 1503 μα,
2456 1436 2547 1485 καὶ
2573 1433 2639 1484 τὰ
2663 1432 2880 1483 πάντων
2900 1429 3140 1482 κάκιστα
3164 1423 3484 1494 ἐργάζεται,
3517 1421 3643 1481 τοῦς
3669 1416 3908 1503 ἁλόντας

2338 1497 2416 1585 εἰς
2446 1525 2547 1587 τὰς
2608 1524 2985 1589 πονηροτάτας
3037 1515 3319 1586 ἐνεργείας
3376 1513 3668 1579 ἐναγουσα,
3720 1506 3793 1559 δι’
3828 1497 3909 1557 ὧν

2338 1611 2567 1678 συνέστη
2619 1611 2713 1661 καὶ
2744 1607 2809 1671 ἃς
2861 1608 3119 1659 ἑκάστοτε
3180 1604 3379 1667 τίκτει,
3436 1598 3755 1666 γεννωμένη
3811 1595 3914 1648 καὶ⁵

2336 1700 2580 1767 γεννῶσα
2614 1697 2757 1752 κατὰ
2791 1698 2986 1751 ταύτδν
3027 1696 3214 1763 ὥσπερ
3255 1697 3312 1746 ἐν
3348 1691 3554 1759 κύκλῳ.
3584 1688 3749 1741 Ὅθεν
3776 1703 3911 1737 συν-

2337 1793 2518 1845 ἑὸαινε
2575 1791 2676 1860 τὴν
2703 1788 2980 1859 ἁμαρτίαν
3021 1784 3381 1853 ἀτελεύτητον
3410 1777 3569 1846 εἶναι,
3603 1778 3704 1845 τῆς
3734 1777 3909 1843 ἕξεως

2342 1885 2438 1954 μὲν
2488 1883 2583 1945 τὰς
2635 1880 2917 1951 ἐνεργείας
2953 1875 3364 1946 ἀπογεννώσης,
3416 1876 3482 1943 τῇ
3512 1870 3805 1941 προσθήκῃ
3849 1869 3908 1921 δὲ

2338 1976 2447 2028 τῶν
2475 1972 2770 2041 ἐνεργειῶν
2796 1972 2893 2039 τῆς
2917 1970 3088 2034 ἕξεως
3114 1960 3453 2032 ἐπιδιδούσης
3478 1981 3493 1996 ·
3527 1962 3623 2014 καὶ
3657 1960 3803 2013 οὕτω
3836 1957 3909 2012 δι’

2340 2066 2584 2134 ἀλλήλων
2619 2063 2726 2114 τῶν
2772 2061 2959 2114 κακῶν
2988 2060 3314 2128 ἀμφοτέρων
3338 2056 3423 2107 ἀεὶ
3474 2050 3911 2123 προχωρούντων

2340 2162 2372 2225 ἡ
2408 2158 2505 2225 μὲν
2535 2153 2781 2225 ἁμαρτία
2802 2153 3022 2222 ἔζησεν,
3057 2150 3167 2217 ἐγὼ
3201 2150 3257 2201 δὲ
3285 2148 3579 2209 ἀπέθανον,
3611 2143 3734 2195 ἐπεὶ
3774 2138 3912 2209 μηδὲ

2342 2249 2468 2319 χθὲς
2499 2246 2591 2298 καὶ
2615 2244 2806 2314 πρώην
2833 2242 3037 2311 ἤρξατο
3056 2242 3117 2292 τὸ
3145 2238 3336 2297 κακὸν,
3364 2237 3478 2289 ἀλλ’
3503 2236 3562 2299 ἐξ
3586 2228 3645 2286 οὗ
3680 2232 3916 2300 γεγόνα-

2348 2357 2467 2408 μεν.
2496 2337 2616 2404 Ἀφ’
2645 2331 2706 2387 οὗ
2735 2336 2842 2402 γὰρ
2868 2333 2943 2401 τῷ
2977 2329 3199 2400 πονηρῷ
3233 2327 3533 2388 πιστεύσας
3572 2326 3599 2375 ὁ
3649 2324 3820 2390 Ἀδὰμ
3843 2321 3916 2373 τὰ

2346 2428 2541 2481 ἐαυτοῦ
2587 2427 2677 2480 τὸν
2720 2420 2997 2493 Δεσπότη“ν
3031 2420 3271 2490 περιεῖδε
3318 2419 3410 2472 τὸν
3438 2414 3643 2484 ἀγαθὸν
3676 2412 3775 2466 καὶ
3812 2412 3915 2480 τὴν

2347 2523 2583 2590 γνώμην
2614 2520 2935 2589 διεστράφη,
2969 2516 3065 2568 καὶ
3098 2517 3131 2582 ή
3162 2511 3308 2582 ψυχὴ
3341 2511 3440 2581 τὴν
3474 2508 3661 2577 ὑγείαν
3696 2505 3917 2572 ἐκείνην

2351 2612 2599 2667 ἀπώλεσε
2635 2612 2731 2663 καὶ
2775 2611 2874 2679 τὴν
2920 2607 3155 2672 εὐεξίαν,
3197 2606 3253 2669 ἐξ
3284 2602 3497 2654 ἐκείνου
3528 2600 3621 2652 καὶ
3650 2598 3713 2648 τὸ
3753 2594 3917 2664 σῶμα

2350 2704 2549 2773 συνέϐη
2575 2705 2638 2772 τῇ
2671 2702 2817 2780 ψυχῇ
2851 2700 2945 2751 ml.
2967 2698 3197 2767 ἥρμοσε,
3230 2696 3322 2746 καὶ
3350 2682 3919 2780 συνδιεστράφηκα-ο-

2351 2796 2493 2865 άπερ
2522 2795 2751 2864 ὄργανον
2778 2777 2865 2861 ⁷ιιιῇ
2894 2790 2988 2843 τοῦ
3020 2788 3264 2857 τεχνίτου
3296 2784 3464 2855 χειρί.
3506 2779 3773 2834 Κοινωνεῖ
3804 2777 3917 2845 γὰρ

2352 2887 2387 2955 ή
2416 2883 2561 2954 ψυχὴ
2588 2882 2664 2951 τῷ
2697 2880 2909 2948 σώματι
2935 2876 3043 2929 τῶν
3084 2875 3271 2927 παθῶν
3312 2872 3389 2941 τῷ
3418 2872 3603 2941 ἄκρως
3632 2865 3914 2955 ήνῶσθαιν·

2356 2954 2582 3048 σημεῖον
2614 2974 2670 3026 δέ
2706 2990 2721 3005 -
2759 2971 2852 3024 καὶ
2880 2972 2989 3041 γὰρ
3025 2967 3255 3039 ἐρυθριᾷ
3283 2965 3383 3036 μὲν
3422 2960 3824 3033 αἰσχυνομένης
3854 2954 3918 3009 τὸ

683 3054 757 3106 rei
786 3053 1065 3107 :rubescit
1095 3054 1240 3107 enim
1275 3066 1473 3122 corpus
1499 3069 1620 3105 eum
1656 3054 1803 3106 illam
1832 3052 2023 3122 pudet,
2051 3063 2245 3107 etcum

2357 3069 2542 3139 σῶμα,
2582 3067 2806 3135 τήκεται
2836 3062 2891 3115 δὲ
2920 3059 3169 3130 φροντίσι
3223 3059 3318 3127 τῆς
3351 3053 3532 3125 ψυχῆς
3599 3051 3921 3151 πολιορκου-

686 3145 773 3201 illa
816 3146 1112 3214 angoribus
1156 3145 1461 3211 obsidetur,
1516 3146 1874 3199 contabescit.
1915 3146 2253 3199 Procedente

685 3248 866 3295 autem
907 3246 1123 3300 natura,
1156 3245 1210 3289 et
1243 3252 1442 3304 genere
1474 3245 1666 3289 nostro
1708 3254 1736 3288 a
1775 3237 1953 3305 primo
1984 3237 2077 3290 illo
2127 3252 2254 3290 cor-

688 3340 820 3400 pore
850 3325 1013 3379 latius
1056 3340 1115 3379 se
1144 3322 1481 3379 dili‘undente
1516 3341 1580 3378 ac
1612 3337 1944 3395 prepagante
1991 3342 2087 3395 per
2133 3341 2254 3380 cor-

691 3433 824 3489 pora
861 3428 1227 3485 posterorum,
1279 3419 1444 3471 etiam
1491 3419 1747 3486 pravitas.
1781 3418 1929 3472 velut
1976 3417 2255 3487 quidpiam

694 3511 961 3571 naturale,
1000 3510 1170 3563 didita
1203 3518 1306 3564 est.

761 3601 898 3666 Quia
933 3614 1062 3655 vero
1093 3615 1293 3669 corpus
1334 3616 1439 3655 non
1487 3604 1663 3656 solum
1704 3619 1771 3659 ex
1800 3605 1996 3659 animae
2024 3608 2261 3659 motibus

693 3693 855 3755 simul
891 3691 1153 3754 afﬁcitur,
1197 3692 1290 3746 sed
1331 3705 1385 3746 et
1433 3709 1563 3747 suos
1614 3707 1737 3749 cum
1782 3710 1846 3749 ea
1890 3696 2264 3756 communicat

698 3785 919 3855 (gaudet
969 3785 1114 3838 enim
1172 3784 1333 3838 simul
1385 3786 1590 3849 anima,
1653 3797 1706 3839 et
1757 3787 1919 3840 simul
1964 3788 2149 3843 dolet:
2210 3797 2263 3843 et

698 3887 1067 3947 temperantes
1097 3879 1318 3946 quidam
1346 3891 1473 3933 sunt
1506 3890 1667 3949 atque
1700 3883 1946 3948 ingenui,
1980 3883 2106 3951 quia
2141 3900 2264 3936 cor-

702 3983 801 4035 pus
828 3968 907 4021 sic
955 3975 1037 4021 est
1076 3967 1323 4021 affectum
1387 3980 1440 4021 et
1467 3972 1703 4037 natum),
1733 3970 1858 4024 ideo
1907 3974 2262 4040 Sequebatur,

703 4060 863 4111 etiam
896 4057 1328 4126 uniuscujusque
1372 4060 1609 4112 animam
1653 4060 1813 4129 primi
1848 4061 2041 4116 Adami
2104 4066 2265 4118 vitio-

702 4151 917 4203 sitatem
975 4164 1071 4216 pro
1127 4150 1441 4203 haereditate
1491 4150 1662 4216 adire,
1702 4153 1769 4206 ab
1820 4155 1998 4206 anima
2048 4156 2265 4223 quidem

703 4241 849 4294 illius
881 4244 944 4293 ad
989 4255 1207 4308 corpus,
1240 4258 1266 4291 a
1302 4258 1527 4310 corpore
1572 4254 1751 4297 autem
1803 4244 1951 4298 illius
1983 4246 2048 4298 ad
2090 4255 2270 4313 postc-

704 4346 887 4384 rorum
918 4346 1168 4399 corpora,
1203 4340 1255 4384 et
1295 4332 1362 4383 ab
1414 4332 1546 4399 ipsis
1597 4334 1924 4401 corporibus
1964 4336 2027 4389 ad
2061 4336 2269 4390 animas

2358 3162 2545 3231 μένης.
2594 3157 2747 3209 Ἐπεὶ
2773 3155 2829 3208 δὲ
2854 3155 2887 3223 ή
2911 3152 3070 3219 φύσις
3100 3150 3295 3219 ἐχώρει
3329 3149 3423 3200 καὶ
3446 3144 3640 3216 προῄει
3669 3142 3733 3195 τὸ
3756 3142 3919 3207 γένος

2354 3251 2463 3305 ἀπὸ
2484 3250 2576 3302 τοῦ
2610 3247 2825 3317 πρώτου
2857 3244 3109 3313 σώματος
3132 3241 3344 3294 ἐκείνου
3369 3237 3684 3309 προϐαῖνον,
3706 3233 3917 3301 διεδόθη

2358 3345 2608 3411 καθάπερ
2659 3341 2786 3394 ἄλλο
2832 3355 2886 3390 τι
2914 3336 3020 3388 τῶν
3051 3332 3299 3402 φυσικῶν
3334 3331 3447 3393 τοῖς
3476 3327 3537 3393 ἐξ
3566 3328 3777 3380 ἐκείνου
3814 3325 3935 3379 σώέ

2362 3454 2494 3506 μασι
2521 3437 2612 3487 καὶ
2648 3435 2681 3502 ή
2709 3431 2967 3500 πονηρία.

2445 3610 2598 3664 Ἐπεὶ
2624 3608 2681 3660 δὲ
2716 3608 2776 3659 οὺ
2811 3600 3193 3673 παραπολαύει
3223 3599 3382 3669 μόνον
3413 3596 3474 3650 τδ
3514 3594 3800 3663 adigatth
3825 3595 3921 3661 τῆς

2360 3703 2538 3773 ψυχῆς
2568 3698 2773 3761 παθῶν,
2806 3697 2939 3750 ἀλλὰ
2971 3694 3061 3747 καὶ
3100 3690 3425 3763 μεταδίδωσι
3452 3689 3559 3741 τῶν
3584 3686 3749 3739 αὑτοῦ
3802 3686 3919 3745 (καὶ

2364 3798 2541 3867 χαίρει
2584 3794 2742 3861 γὰρὴ
2776 3790 2922 3858 ψυχὴ
2956 3788 3047 3839 καὶ
3078 3784 3324 3855 ἄχθεται,
3357 3781 3456 3833 καὶ
3494 3779 3822 3849 σωφρονικοί
3844 3786 3922 3829 τι.

2364 3888 2452 3947 νές
2485 3887 2589 3936 εἰσι
2625 3882 2716 3933 καὶ
2746 3878 3039 3946 ἐλευθέριοι
3061 3875 3136 3945 τῷ
3170 3872 3470 3926 διακεῖσθαι
3494 3870 3590 3923 ὡδὶ
3614 3870 3675 3921 τὸ
3715 3870 3919 3938 σῶμα),

2365 3974 2452 4026 διὰ
2478 3971 2633 4024 τοῦτο
2662 3968 2955 4022 ἀκόλουθον
2993 3963 3081 4034 ἦν,
3122 3966 3210 4016 καὶ
3238 3963 3338 4031 τὴν
3368 3960 3601 4013 ἑκάστου
3620 3958 3798 4028 ψυχήν
3818 3959 3918 4026 τῆς

2367 4067 2457 4119 τοῦ
2482 4064 2695 4133 πρώτου
2722 4061 2890 4128 Ἀδὰμ
2909 4057 3313 4127 κληρονομῆσαι
3337 4055 3555 4116 κακίας,
3580 4053 3689 4104 ἀπὸ
3709 4052 3806 4119 μὲν
3827 4051 3923 4117 τῆς

2366 4157 2542 4225 ψυχῆς
2582 4153 2792 4206 ἐκείνου
2836 4151 2969 4219 πρὸς
3020 4148 3078 4199 τὸ
3098 4149 3253 4214 σῶμα
3292 4146 3559 4211 δοθείσης,
3604 4143 3713 4195 ἀπὸ
3737 4143 3791 4194 δὲ
3832 4159 3924 4194 του

2372 4226 2625 4315 σώματος
2654 4247 2765 4306 τοῖς
2794 4243 2853 4308 ἐξ
2876 4240 3086 4293 ἐκείνου
3120 4237 3387 4306 σώμασιν,
3408 4234 3517 4286 ἀπὸ
3553 4233 3792 4286 δἀύτῶν
3828 4250 3927 4285 σω-

2375 4342 2558 4405 μάτων
2591 4334 2684 4386 ἐπὶ
2710 4333 2804 4395 τὰς
2835 4330 3011 4401 ψυχὰς
3039 4329 3357 4399 ἐρχομένης.
3409 4327 3520 4379 Καὶ
3542 4324 3702 4377 τοῦτό
3734 4326 3875 4377 ἐστιν
3897 4324 3927 4375 ὸ

704 4422 1093 4473 dimanantem.
1132 4420 1195 4472 Et
1249 4421 1326 4473 sic
1372 4432 1455 4474 est
1487 4430 1642 4475 vetus
1693 4423 1875 4487 homo,
1923 4440 2082 4492 quem
2119 4440 2251 4491 cum,

2341 4428 2344 4454 '
2375 4429 2601 4489 παλαιὸς
2631 4426 2935 4493 ἄνθρωπος,
2965 4422 3023 4473 ὃν
3042 4419 3264 4488 σπέρμα
3297 4418 3499 4482 κακίας
3517 4418 3624 4471 ἀπὸ
3661 4418 3767 4470 τῶν
3797 4432 3923 4484 προ-

708 4521 764 4565 ιιι
822 4508 1132 4563 vitiositatis
1188 4510 1574 4577 seminarium,
1616 4527 1644 4564 a
1700 4514 1892 4581 primis
1950 4518 2269 4583 parentibus

708 4600 1108 4666 acceperimus,
1139 4608 1340 4651 etcum
1372 4616 1435 4656 eo
1470 4601 1521 4653 in
1558 4600 1732 4655 lucem
1764 4602 1938 4657 simus
1969 4605 2120 4669 editi,
2155 4607 2274 4659 nul-

708 4694 815 4753 lum
848 4691 989 4744 diem
1022 4701 1245 4758 peccato
1284 4708 1478 4760 purum
1513 4693 1772 4758 vidimus,
1810 4711 1908 4750 nec
1942 4712 1969 4750 a
2004 4700 2275 4764 pravitate

708 4784 867 4837 liberi
914 4798 1151 4852 unquam
1204 4784 1560 4855 spiravitntts,
1599 4788 1691 4841 sed
1747 4796 1803 4841 ut
1848 4787 2120 4857 Propheta
2171 4792 2269 4859 ait,

720 4894 737 4926 ι
771 4876 989 4934 alienati
1023 4890 1216 4930 sumus
1248 4893 1274 4930 a
1318 4879 1493 4939 vulva,
1528 4879 1832 4934 erravimus
1872 4880 1940 4933 ab
1976 4890 2132 4935 utero
2161 4882 2267 4953 “,ii

716 4984 815 5023 nec
860 4968 1064 5022 infelici
1095 4969 1189 5023 illo
1230 4970 1579 5038 patrimonio,
1624 4982 1851 5040 peccato
1898 4974 2166 5039 videlicet,
2210 4977 2277 5029 ab

716 5059 1035 5113 auctoribus
1065 5061 1277 5129 generis
1320 5063 1491 5114 nostri
1543 5063 1607 5116 ad
1658 5078 1759 5117 nos
1805 5074 2127 5134 propagato,
2179 5082 2278 5120 nec

719 5150 1040 5205 luereditate
1101 5153 1368 5206 malorum
1428 5155 1667 5207 contenti
1729 5155 1951 5219 fuimus,
2003 5157 2095 5210 sed
2146 5157 2281 5211 adeo

718 5241 866 5294 vitiis
896 5256 998 5295 nos
1043 5240 1265 5309 insuper
1300 5241 1657 5307 inservimus,
1702 5255 1756 5297 et
1785 5245 2033 5298 infandas
2064 5244 2283 5300 divitias

722 5332 1191 5398 exaggeravimus,
1251 5342 1311 5385 ut
1365 5334 1763 5399 posterioribus
1808 5336 1988 5402 priora
2042 5337 2287 5389 oLrueri—

724 5435 867 5486 mus,
904 5420 1320 5492 imitatoresque
1350 5424 1481 5491 ipsis
1510 5422 1915 5494 exemplaribus
1947 5428 2116 5479 multo
2142 5429 2289 5481 dete-

723 5509 899 5571 riores
926 5511 1285 5565 evaserimus.
1320 5512 1383 5565 Et
1409 5514 1552 5578 quod
1582 5514 1877 5569 maximum
1902 5524 1986 5577 est
2017 5517 2285 5587 omnium,

817 5690 856 5721 ε’
914 5686 1053 5747 Γειι.
1096 5704 1224 5753 Lm,
1268 5692 1297 5744 4
1335 5706 1443 5745 see.
1501 5706 1627 5754 ιιι,

2377 4518 2550 4585 γόνων
2583 4515 2835 4576 λαϐόντες
2864 4513 2981 4580 ἅμα
3010 4510 3089 4580 τῷ
3143 4510 3306 4579 φῦναι
3345 4509 3466 4562 οὐδὲ
3525 4510 3655 4578 μίαν
3713 4508 3925 4575 ἡμέραν

2380 4606 2631 4677 καθαρὰν
2650 4604 2865 4671 εῐδομεν
2894 4602 3192 4670 ἁμαρτίας,
3216 4600 3337 4653 οὐδ’
3354 4594 3767 4666 ἀνεπνεύσαμεν
3781 4596 3924 4649 nec.

2382 4701 2537 4770 θεροι
2560 4697 2845 4765 πονηρίας,
2885 4695 3023 4759 ἀλλ’,
3047 4695 3074 4747 ὅ
3106 4709 3267 4762 φησιν
3287 4694 3313 4745 ὁ
3340 4692 3659 4762 Προφήτης,
3702 4708 3721 4741 ι
3758 4686 3921 4757 ἀπηλ-

2381 4790 2758 4861 λοτριώθημεν
2811 4788 2921 4841 ἀπὸ
2950 4788 3186 4857 μήτρας,
3229 4785 3618 4854 ἐπλανήθημεν
3670 4782 3777 4836 ἀπὸ
3829 4798 3923 4845 γαν

2385 4881 2565 4950 ατρὸς,
2608 4896 2626 4929 ι
2678 4878 2738 4929 ού
2776 4876 2937 4946 μέχρι
2992 4875 3085 4928 τοῦ
3135 4872 3429 4944 δυστυχοῦς
3482 4874 3694 4925 ἐκείνου
3734 4868 3931 4939 κλήρου

2387 4970 2608 5033 στάντες
2639 4971 2737 5036 τῆς
2766 4968 3094 5037 προγονικῆς
3118 4966 3418 5035 ἁμαρτίας,
3453 4963 3561 5016 οὐδ’
3588 4958 3671 5024 οἷς
3714 4962 3934 5029 ἐκληρο-

2390 5064 2710 5131 νομήσαμεν
2737 5061 3127 5129 ἀγαπήσαντες
3167 5060 3379 5121 κακοῖς,
3413 5055 3528 5109 ἀλλ’
3561 5054 3703 5131 οὕτω
3735 5054 3933 5121 σφόδρα

2386 5123 2648 5222 τήκακία
2674 5123 3003 5222 προσθέντες
3037 5152 3130 5204 καὶ
3188 5150 3278 5202 τὸν
3310 5148 3546 5216 πονηρὸν
3604 5123 3935 5215 αὐξήσαντες

2391 5245 2643 5309 πλοῦτον,
2670 5244 2809 5296 ὥστε
2831 5246 2941 5305 τοῖς
2964 5243 3236 5314 δευτέροις
3256 5240 3573 5309 ἀποκρύψαι
3602 5238 3671 5288 τὰ
3702 5238 3934 5305 πρότερα

2395 5338 2488 5389 καὶ
2510 5338 2615 5389 τῶν
2656 5336 3114 5403 παραδειγμάτων
3136 5332 3313 5400 πολλῷ
3341 5334 3557 5401 χείρους
3592 5330 3718 5389 τοὺς
3767 5344 3932 5395 μιμη-

2398 5428 2661 5494 σαμένους
2696 5424 3097 5493 ἀναδειχθῆναι.
3148 5423 3255 5473 Καὶ
3285 5422 3345 5472 τὸ
3375 5422 3631 5489 μέγιστον
3664 5416 3936 5477 ἁπάντων,

2395 5521 2455 5572 οὐ
2488 5518 2593 5590 γάρ
2622 5535 2702 5579 τις
2733 5518 2949 5586 ἐγένετο
2986 5512 3443 5586 μεταξῦδιακωχὴ
3467 5510 3560 5565 τοῦ
3583 5506 3776 5571 κακοῦ,
3811 5505 3940 5567 ἀλλὰ
