4154 6308
242 341 349 399 ΚΠ

1311 350 1408 409 DE
1452 350 1623 412 VITA
1671 350 1749 407 IN
1794 347 2126 408 CHRISTO
2153 350 2297 411 LIB.
2338 350 2421 409 Π.

3368 355 3475 417 538

246 462 478 534 συνεχῶς
518 464 550 533 ἡ
589 464 742 527 νόσος
779 462 1006 533 ἐχώρει’
1034 464 1163 528 ἴσως
1184 465 1239 519 δὲ
1264 469 1353 519 καὶ
1383 467 1471 518 διὰ
1498 466 1685 517 τοῦτον
1711 463 1793 515 τὸν

1908 465 2065 517 nulla:
2114 464 2315 517 duntur
2366 463 2489 516 mali
2550 464 2709 535 hujus
2775 466 3043 530 induciae,
3096 466 3187 521 sed
3251 471 3472 523 morbus

243 556 403 623 λόγον
431 558 707 626 ἀμήχανον
750 554 837 627 ἦν,
884 558 943 609 τὸ
980 559 1133 623 γένος
1164 560 1271 609 τεῦν
1324 558 1625 625 ἀνθρώπων
1675 555 1806 607 αὐτὸ

244 648 427 716 ἐαυτῷ
456 649 589 717 πρὸς
616 650 908 718 θεραπείαν
940 649 1190 715 ἀρκέσαι,
1244 650 1401 718 μήτε,
1441 647 1805 715 γεγευσμένον

242 738 430 807 σχεδὸν
454 740 572 792 οὐδὲ
602 740 819 792 πώποτε
849 739 949 807 τῆς
976 740 1313 808 ἐλευθερίας,
1368 741 1505 808 μήτε
1559 740 1679 791 ἐπεὶ
1730 737 1807 805 μὴ

241 831 589 900 ὲπεπείρατο,
614 831 915 897 δυνάμενον
934 832 1014 893 είς
1051 831 1216 883 πόθον
1268 831 1441 881 ἐλθεῖν
1482 830 1576 881 καὶ
1618 830 1800 896 τυχεῖν

241 922 503 987 ἐθελῆσαι
568 922 661 973 καὶ
715 923 857 975 κατὰ
912 922 1008 990 τῆς
1064 922 1375 992 τυραννίδος
1430 920 1799 988 διαναστῆναι.

240 1014 461 1065 Τούτων
488 1012 596 1065 τῶν
625 1012 1023 1083 χαλεπωτάτων
1060 1013 1297 1081 δεσμῶν,
1330 1010 1535 1080 ταύτης
1589 1015 1684 1079 τῆς
1714 1010 1802 1063 δί-

228 1120 364 1169 σκης,
402 1104 501 1171 τῆς
536 1104 713 1166 νόσου,
736 1104 830 1155 τοῦ
857 1103 1090 1156 θανάτου
1118 1105 1177 1156 τὸ
1202 1104 1425 1170 λουτρὸν
1450 1103 1799 1165 ἀπαλλάττει,

237 1194 380 1247 οὕτω
410 1195 511 1263 μὲν
546 1195 763 1263 ῥαδίως,
792 1196 867 1257 ὠς
911 1196 1044 1265 μηδὲ
1074 1197 1267 1265 χρόνου
1321 1197 1601 1266 δεηθῆναι,
1660 1195 1803 1265 οὕτω

235 1285 289 1337 δὲ
328 1289 641 1338 παντάπασι
661 1287 751 1338 καὶ
780 1288 1020 1348 τελεῖως.
1053 1287 1189 1339 ὥστε
1218 1288 1353 1357 μηδὲ
1406 1289 1548 1357 [χνος
1579 1286 1803 1354 λειφθῆ-

238 1392 348 1436 ut,
386 1374 483 1443 καὶ
514 1376 576 1427 οὐ
615 1375 878 1445 πονηρίας
910 1376 1244 1429 ἀπαλλάττει
1291 1376 1469 1444 μόνον,
1530 1375 1663 1427 ἀλλὰ
1707 1375 1801 1427 καὶ

236 1465 335 1530 τὴν
361 1464 610 1518 ἐναντίαν
641 1464 754 1528 ἕξιν
784 1467 1036 1535 παρέχει.
1072 1467 1245 1527 Αὐτὸς
1293 1468 1401 1535 γὰρ
1446 1469 1472 1518 ό
1519 1468 1799 1534 Δεσπότης

233 1555 301 1606 δι’
328 1549 406 1607 ὧν
445 1554 734 1616 ἀπέθανεν,
777 1556 977 1609 ἔδωκεν
1006 1559 1137 1627 ἡμῖν
1198 1555 1446 1622 ἐξουσίαν
1482 1558 1800 1609 ἀποκτεῖναι

232 1645 335 1711 τὴν
370 1644 670 1714 ἁμαρτίαν,
696 1646 763 1698 δι’
786 1640 863 1699 ὧν
890 1646 955 1698 δὲ.
977 1648 1203 1711 ἀνεὸἰω,
1254 1649 1355 1716 τῆς
1418 1649 1609 1713 καινῆς
1652 1646 1799 1715 ζῳῆς

235 1733 463 1803 ιποίησε
502 1734 890 1804 κληρονόμους.
928 1736 986 1788 '0
1017 1737 1125 1805 γὰρ
1153 1736 1381 1798 Θάνατος
1404 1737 1629 1798 ἐκεῖνος,
1663 1735 1797 1787 κιθ-

232 1824 358 1876 έσον
390 1824 491 1892 μιν
550 1826 684 1878 αὐτὸ
707 1824 865 1878 τοῦτο
889 1825 1117 1885 θάνατος
1140 1822 1230 1896 ἦν,
1264 1828 1362 1894 τὴν
1391 1828 1632 1894 πονηρὰν
1658 1826 1800 1896 ζωὴν

231 1914 574 1979 ἀποκτείνει,
608 1915 839 1969 καθόσον
866 1915 922 1969 δέ
959 1918 1075 1968 ἐστι
1108 1917 1260 1986 δίκη,
1288 1916 1387 1977 τὰς
1423 1915 1652 1977 εὐθύνας
1682 1916 1799 1967 λύει

230 2006 343 2057 τῶν
373 2005 811 2074 ἁμαρτημάτων,
838 1998 911 2062 ὧν
943 2006 1033 2059 διὰ
1075 2008 1171 2069 τὰς
1221 2009 1463 2077 πονηρὰς
1518 2006 1800 2076 ἐνεργείας

230 2096 466 2161 ῑκαστος
498 2097 776 2167 ὑπόχρεως
798 2094 959 2168 ἦμεν.

304 2356 416 2409 Καὶ
443 2356 634 2409 τοῦτον
663 2355 755 2409 τὸν
786 2356 987 2427 τρόπον
1014 2356 1111 2426 τῆς
1164 2358 1328 2423 ἕξεως
1361 2360 1455 2411 καὶ
1499 2360 1597 2429 τῆς
1644 2362 1795 2431 ἔνερ-

227 2453 390 2518 γείας
433 2453 727 2520 συμπάσης
785 2451 1066 2521 ἁμαρτίας
1128 2454 1189 2504 τδ
1242 2453 1466 2522 λουτρὸν
1523 2454 1799 2525 καθαροὺς

228 2543 803 2609 ἀποφαίνει,καθόσον
832 2544 1127 2605 κοινωνοὺς
1176 2545 1323 2594 ποιεῖ
1377 2544 1471 2595 τοῦ
1532 2545 1795 2607 ζωοποιοῦ

227 2634 423 2685 τούτου
463 2634 714 2685 θανάτου.
758 2634 911 2685 Ἐπεὶ
928 2634 984 2685 δὲ
1019 2635 1111 2685 καὶ
1149 2634 1245 2701 τῆς
1272 2635 1616 2697 ἀναστάσεως
1668 2654 1796 2704 μετ-

228 2724 431 2793 έχομεν
475 2723 562 2776 διὰ
592 2723 653 2775 τδ
681 2724 930 2793 λουτρόν,
976 2723 1123 2792 ζωὴν
1162 2726 1293 2794 ἡμῖν
1342 2728 1370 2777 ό
1432 2726 1662 2794 Χριστος
1717 2726 1797 2778 δί-

226 2814 394 2866 δωσιν
422 2814 595 2882 ἄλλην
629 2816 729 2867 καὶ
758 2815 897 2884 μέλη
928 2815 1151 2868 πλάττει
1180 2817 1272 2868 καὶ
1294 2816 1552 2884 δυνάμεις
1578 2816 1795 2885 ὲντίθη-

230 2924 343 2969 σιν,
366 2899 441 2959 ὧν
472 2906 655 2975 δεήσει
683 2906 824 2975 πρὸς
844 2906 935 2957 τὸν
966 2905 1230 2973 μέλλοντα
1264 2905 1377 2974 βίον
1417 2907 1794 2981 ἀφικομένοις,

228 3000 332 3053 Διὰ
359 2998 516 3052 τοῦτο
544 2980 651 3066 γὰρ
685 2999 794 3052 τῶν
819 2999 1187 3066 ἐγκλημάτων
1215 2998 1411 3066 ἀθρόον
1467 2999 1667 3069 λύομαι
1701 3001 1795 3051 καὶ

1912 554 2131 611 assidue
2163 554 2349 622 serpit.
2388 554 2453 607 Et
2483 553 2719 609 fortasse
2755 567 2975 624 propter
3014 558 3154 610 hanc
3200 560 3464 610 rationem

1909 659 2080 713 genus
2136 644 2433 698 humanum
2494 645 2671 714 ipsum
2741 663 2800 701 se
2856 663 3050 701 curare
3103 650 3252 702 nullo
3309 653 3469 702 modo

1911 742 2143 801 poterat,
2190 734 2333 802 quod
2383 748 2662 803 nunquam
2721 737 3105 803 prOpemodum
3160 737 3465 790 libertatem

1908 824 2257 891 gustavisset,
2293 839 2487 893 neque,
2535 839 2656 877 cum
2692 839 2972 893 expertum
3007 842 3116 880 non
3165 837 3331 889 esset,
3385 829 3468 881 vel

1908 912 1971 965 ad
2005 912 2333 966 desiderium
2370 914 2562 967 saltem
2611 915 2755 967 illius
2797 917 3129 986 pertingere,
3175 928 3229 971 et
3269 920 3466 969 volun-

1906 1011 2073 1058 tatem
2124 1000 2391 1057 libertatis
2448 1005 2699 1073 asquui,
2764 1016 3063 1075 contraque
3125 1008 3465 1077 tyrannidem

1906 1111 2198 1165 exsurgere
2231 1105 2433 1164 posset.
2482 1096 2562 1148 Ab
2595 1096 2744 1151 hisce
2778 1097 3012 1152 vinculis
3050 1099 3365 1159 tctcrrimis,
3399 1100 3467 1149 ab

1909 1187 2010 1241 hoc
2044 1189 2331 1258 supplicio.
2374 1189 2442 1243 ab
2487 1190 2587 1243 hoc
2625 1190 2833 1253 morbo,
2887 1190 2953 1243 ab
2984 1190 3087 1244 hac
3124 1200 3296 1244 morte
3340 1191 3461 1242 fons

1912 1276 2017 1327 iste
2049 1275 2241 1327 liberat
2271 1292 2285 1341 ;
2317 1284 2370 1330 et
2420 1276 2490 1329 ita
2526 1278 2740 1345 quidem
2788 1277 2946 1332 facile
2998 1288 3161 1347 atque
3191 1280 3468 1343 expedite,

1908 1374 1967 1417 ut
1999 1381 2096 1419 nec
2130 1374 2371 1433 tempore
2394 1368 2663 1436 indigeat,
2694 1378 2912 1435 tamque
2937 1371 3093 1429 plene
3121 1384 3183 1421 ac
3209 1370 3465 1437 perfecte,

1909 1464 1967 1508 ut
1999 1472 2068 1509 ne
2096 1456 2384 1525 vestigium
2419 1457 2636 1525 quidem
2677 1457 3041 1525 relinquatur.
3085 1458 3190 1511 Nec
3219 1460 3394 1510 Solum
3438 1475 3467 1509 ιι

1905 1547 2203 1601 vitiositate
2242 1547 2456 1611 liberat,
2485 1550 2575 1601 sed
2606 1550 2849 1601 habitum
2886 1564 3101 1617 quoque
3130 1550 3467 1603 contrarium

1907 1640 2188 1708 ingenerat
2253 1639 2373 1708 Ipse
2406 1640 2549 1692 enim
2605 1640 2863 1693 Dominus
2915 1657 3008 1708 per
3044 1656 3273 1694 mortem
3312 1655 3468 1693 suam

1904 1730 2108 1797 peccati
2146 1731 2427 1785 occidendi
2465 1740 2785 1801 potestatem
2839 1732 3001 1786 nob's
3050 1733 3219 1795 dedit,
3272 1744 3323 1787 et
3376 1748 3471 1801 per

1906 1823 2368 1877 resurrectionem
2399 1824 2520 1877 vitae
2559 1838 2709 1876 nova:
2746 1824 2985 1878 hatredes
3015 1824 3275 1879 instituit.
3314 1824 3469 1877 Mors

1904 1911 2170 1983 siquidem
2216 1914 2302 1965 illa
2340 1925 2612 1981 quatenus
2654 1915 2755 1969 hoc
2794 1917 2969 1983 ipsum
3000 1923 3105 1979 est,
3140 1932 3287 1971 mors
3318 1918 3468 1971 vide~

1903 2003 2049 2065 licet,
2086 2004 2250 2057 vitam
2315 2007 2556 2073 peccatis
2602 2007 2895 2059 obnoxiam
2937 2016 2991 2060 et
3021 2008 3281 2074 peccandi
3317 2008 3463 2060 babi-

1902 2106 2015 2151 tum
2072 2097 2354 2151 interimit.
2410 2100 2694 2164 Quatenus
2744 2100 3066 2168 supplicium
3123 2109 3226 2166 est,
3277 2116 3469 2169 pinnas

1902 2200 2247 2259 peccatorum
2301 2191 2463 2253 tollit,
2518 2192 2719 2258 quibus
2768 2198 2988 2260 prepter
3035 2193 3314 2245 actionum
3350 2208 3468 2260 per-

1901 2280 2210 2331 versitatetn
2245 2277 2594 2331 debebantur.

1970 2368 2146 2435 Atque
2197 2368 2262 2420 ad
2317 2368 2460 2421 hunc
2518 2367 2737 2420 modum
2794 2366 2863 2420 ab
2920 2370 3069 2421 omni
3124 2366 3347 2420 habitus
3415 2373 3469 2419 et

1900 2458 2134 2511 actionis
2196 2467 2419 2522 peccato
2476 2458 2753 2511 lavacrum
2822 2459 2922 2510 hoc
2978 2472 3146 2527 puros
3206 2466 3463 2524 praestat,

1900 2559 2169 2617 quatenus
2198 2564 2295 2603 nos
2335 2550 2495 2618 hujus
2529 2549 2757 2602 vivitlcze
2788 2552 2977 2603 mortis
3010 2549 3307 2616 participes
3347 2550 3467 2599 γραι-

1899 2641 1999 2694 dit.
2039 2641 2100 2693 Et
2138 2640 2391 2709 quoniam
2444 2655 2539 2708 per
2592 2641 2915 2693 lavationem
2970 2640 3110 2695 hanc
3156 2642 3318 2693 etiam
3381 2654 3467 2691 re-

1899 2732 2253 2785 surrectionis
2301 2731 2637 2789 consortium
2694 2730 3029 2791 obtinemus,
3083 2729 3192 2783 vita
3226 2746 3325 2783 nos
3358 2730 3465 2783 alia

1900 2822 2154 2875 Christus
2199 2821 2385 2883 donat,
2440 2830 2494 2875 et
2547 2820 2788 2874 membra
2848 2820 3024 2885 tingit,
3076 2829 3129 2873 et
3179 2819 3466 2872 facultates

1899 2912 2057 2977 indit,
2117 2911 2315 2978 quibus
2364 2910 2432 2963 ad
2486 2909 2730 2963 futuram
2785 2910 2949 2961 vitam
3014 2909 3274 2978 profectis
3324 2922 3465 2978 Opus

1896 3002 2019 3055 erit.
2060 3000 2269 3055 idcirco
2305 3000 2449 3055 enim
2489 3010 2544 3055 et
2580 3000 2906 3054 criminibus
2953 3000 3138 3055 statim
3186 3000 3462 3063 absolvor,

224 3088 334 3156 τὴν
360 3087 547 3154 ὑγείαν
575 3088 775 3142 αὐτίκα
808 3088 1094 3155 λαμσάνω,
1134 3087 1371 3156 μάλιστα
1405 3089 1504 3156 μὶν
1534 3090 1617 3140 ὅτι
1651 3088 1789 3140 Θεοῦ

1895 3098 1948 3143 et
1991 3088 2282 3143 sanitatem
2324 3103 2453 3141 mox
2494 3088 2811 3158 adipiscar,
2872 3090 3131 3152 maxime,
3184 3088 3311 3157 quia
3369 3087 3463 3143 Dei

226 3176 484 3249 καθαρῶς
506 3177 686 3247 ἔργον,
720 3178 780 3231 δν
803 3180 905 3232 οὐκ
934 3179 1012 3231 ενι
1036 3179 1212 3248 χρόνῳ
1257 3179 1547 3242 δουλεύειν,
1600 3180 1791 3230 ἔπειτα

226 3272 358 3325 οὖδὶ
383 3271 477 3323 νῦν
509 3265 569 3324 εὖ
608 3273 755 3324 ποιεῖ
781 3270 839 3323 τὸ
869 3272 1044 3338 γένος,
1086 3271 1171 3323 ινα
1212 3272 1306 3323 καὶ
1344 3271 1539 3337 χρόνου
1596 3270 1788 3339 δεήσῃ,

229 3362 353 3416 ἀλλ’
372 3359 432 3415 εὖ
468 3362 791 3432 πεποίηκεν.
819 3362 895 3414 Οὐ
918 3362 1029 3429 γὰρ
1053 3360 1147 3414 νῦν
1173 3361 1358 3413 δίδωσι
1389 3362 1487 3429 τὴν
1529 3361 1685 3429 δίκην
1716 3355 1790 3413 ὢν

222 3455 529 3523 ἧμαρτονό
590 3453 892 3521 Δεσπότης,
934 3453 1058 3506 οὐδὲ
1108 3450 1204 3505 νῦν
1252 3452 1654 3516 κατασκευάζει
1694 3453 1791 3522 τὴν

227 3545 471 3613 ἰατρείαν
489 3545 591 3595 ’καὶ
620 3542 754 3610 μέλη
780 3543 1009 3595 πλάττει
1058 3540 1153 3593 καὶ
1185 3541 1444 3609 δυνάμεις
1495 3540 1789 3610 ἐντίθησιν,

224 3636 346 3689 ἀλλ’
378 3635 583 3687 ἔπλασε
616 3635 711 3687 καὶ
737 3634 963 3704 ἐνέθηκε
999 3636 1091 3687 καὶ
1120 3632 1550 3687 κατεσκεύασεν.
1584 3633 1703 3707 Ἀφ’
1728 3625 1790 3684 οὗ

222 3726 338 3796 γὰρ
372 3727 452 3786 είς
480 3726 570 3778 τὸν
621 3724 851 3793 σταυρὸν
905 3723 1073 3793 ἀνέϐη
1115 3724 1209 3776 καί⁵
1248 3724 1487 3777 ἀπέθανε
1530 3724 1622 3776 καὶ
1694 3725 1794 3777 ἀν-

219 3817 389 3883 έστη,
431 3818 465 3887 ή
493 3814 778 3883 ἐλευθερία
796 3815 907 3868 τῶν
961 3814 1271 3884 ἀνθρώπων
1306 3831 1566 3883 κατεστη,
1594 3816 1689 3866 καὶ
1731 3814 1793 3866 τὸ

221 3903 369 3966 εἶδος
413 3906 589 3957 καὶτὸ
623 3906 817 3968 κάλλος
842 3906 1098 3974 συνέστη,
1130 3904 1225 3958 καὶ
1266 3904 1335 3958 τὰ
1364 3906 1459 3957 νέα
1493 3905 1628 3973 μέλη
1660 3921 1793 3956 κειτ-

219 3994 557 4063 εσκευάσθη.
617 3992 733 4045 Νῦν
761 3994 817 4046 δι
852 3994 1169 4062 προσελθεῖν
1203 3995 1285 4046 δεῖ
1312 3994 1471 4058 μόνον
1500 3994 1591 4046 καὶ
1622 4010 1791 4060 προσ-

222 4087 459 4153 αγαγεῖν
482 4087 602 4145 ταῖς
626 4086 832 4153 χάρισισ
861 4084 955 4135 καὶ
977 4083 1134 4136 τοῦτο
1167 4086 1300 4153 ἡμῖν
1326 4085 1549 4136 δύναται
1577 4086 1635 4134 τὸ
1659 4085 1790 4136 λου-

220 4176 377 4246 τρὸν,
402 4176 634 4243 συνάψαι
650 4176 773 4235 τοὺς
796 4175 1019 4242 νεκροὺς
1037 4177 1101 4243 τῇ
1124 4176 1260 4243 ζωῇ,
1280 4176 1345 4242 τῇ
1372 4174 1790 4243 ὲ).ευθεριᾳτοὺς

217 4269 559 4335 δεδεμένους,
582 4268 707 4327 τοὺς
740 4264 1059 4333 διεφθαρμέ·.
1086 4282 1164 4325 Ἰυς
1194 4266 1263 4333 τῇ
1294 4265 1540 4332 μακαρία
1581 4268 1786 4334 μορφῇ.

218 4360 299 4411 ἰδ
332 4358 525 4425 λύτρον
572 4354 751 4423 ἐδόθη,
797 4355 891 4407 νῦν
945 4355 1185 4422 λυόμεθα
1244 4355 1399 4421 μόνον
1483 4356 1543 4407 τὸ
1616 4356 1785 4424 μύρον

219 4452 405 4520 ὲχέθη,
435 4449 530 4501 καὶ
573 4450 605 4516 ἡ
633 4448 830 4499 εὐωδία
864 4446 923 4497 τὸ
958 4446 1063 4498 πᾶν
1092 4446 1319 4515 κατέσχε

220 4556 385 4595 πεται
415 4540 593 4608 μόνον,
633 4536 832 4606 μᾶλλον
873 4535 929 4587 δὲ
959 4534 1080 4587 οὐδὲ
1116 4534 1353 4602 πνεῦμα.
1415 4535 1523 4587 Καὶ
1552 4536 1658 4603 γὰρ
1724 4536 1784 4589 τὸ

216 4630 480 4687 ὂὶνασθαι
511 4626 740 4681 πνεῦσαι
768 4627 919 4695 παρὰ
939 4624 1031 4678 τοῦ
1060 4624 1312 4693 Σωτῆρος
1343 4624 1781 4692 κατεσκευάσθη,

219 4725 321 4778 καὶ
341 4722 402 4776 τὸ
431 4718 691 4773 δύνασθαι
720 4716 945 4782 λυθῆναι
984 4716 1077 4768 καὶ
1115 4714 1175 4767 τὸ
1203 4713 1461 4767 δύνασθαι
1504 4716 1782 4785 φωτισθῆ-

218 4833 331 4869 ναι.
357 4815 468 4868 Καὶ
498 4811 605 4881 γὰρ
628 4810 687 4862 ού
718 4808 834 4876 φῶς
862 4804 1104 4860 ἀνέτειλε
1138 4806 1297 4875 μόνον
1328 4805 1408 4867 είς
1439 4804 1528 4857 τὸν
1576 4806 1783 4874 κόσμον

220 4905 413 4967 ιλθὼν,
450 4903 586 4955 ἀλλά
614 4902 709 4953 καὶ
736 4898 1015 4969 ὀφθαλμὸν
1060 4894 1456 4959 κατεσκεύασε,
1516 4896 1611 4948 καὶ
1634 4897 1692 4948 οὐ
1724 4897 1784 4949 τὸ

223 4997 399 5067 μύρον
422 4995 603 5061 ἐξέχεε
623 4993 801 5060 μόνον,
824 4989 957 5041 ἀλλά
978 4986 1073 5040 καὶ
1104 4986 1359 5055 αῐσθησιν
1386 4984 1578 5037 ἔδωκε’
1612 4988 1705 5037 νῦν
1725 4986 1781 5038 δὲ

218 5091 281 5143 τὸ
316 5086 461 5155 ἱερὸν
497 5084 656 5136 τοῦτο
683 5082 910 5151 λουτρὸν
941 5078 1167 5139 ταύταις
1214 5077 1335 5137 ταῖς
1374 5076 1658 5144 αἰσθήσεσι
1685 5079 1784 5131 καὶ

218 5180 341 5241 ταῖς
367 5174 627 5244 δυνάμεσι
652 5176 776 5234 τοὺς
808 5169 1163 5237 λελουμένους
1199 5168 1482 5219 συνάπτει.
1514 5166 1779 5236 Καθάπερ

222 5271 332 5337 γὰρ
362 5266 463 5334 ὕλη
492 5263 725 5324 ἀνείδεος
767 5261 862 5314 καὶ
886 5260 1133 5327 ἄμορφος
1165 5258 1241 5318 είς
1262 5256 1322 5307 τὸ
1350 5255 1496 5325 ὕδωρ
1518 5258 1780 5309 καταδυό-

224 5376 377 5431 μενοι
400 5358 582 5421 τοῦτο,
615 5358 673 5408 ὲν
694 5351 842 5421 αὑτῷ
866 5352 941 5419 τῷ
963 5350 1111 5417 καλῷ
1135 5349 1602 5418 περιτυγχάνομεν
1618 5349 1770 5405 εῖδει.

1417 4445 1644 4500 πνεῦσαι
1671 4450 1781 4499 λεΞ-
1812 4420 1862 4479 D

1896 3181 2065 3235 solius
2107 3195 2246 3248 opus
2276 3188 2379 3241 est,
2433 3180 2525 3247 qui
2564 3180 2799 3249 tempori
2834 3189 2888 3233 et
2938 3197 3103 3233 morae
3136 3196 3243 3234 non
3286 3190 3465 3248 potest

1894 3270 2127 3338 alligari.
2163 3268 2369 3323 Deinde
2422 3286 2599 3338 neque
2646 3287 2789 3323 nunc
2820 3271 3000 3340 generi
3054 3280 3245 3324 nostro
3296 3281 3463 3323 bene-

1891 3362 2020 3414 t‘aeit
2069 3365 2165 3423 ita,
2223 3369 2282 3415 ut
2326 3371 2569 3430 tempore
2624 3374 2813 3430 egeat,
2869 3362 2961 3414 sed
3012 3362 3299 3415 benefecit.
3342 3360 3461 3413 Non

1889 3452 2036 3506 enim
2091 3466 2236 3505 nunc
2276 3466 2464 3520 pinnas
2503 3450 2767 3505 Dominus
2822 3451 2920 3503 luit
2964 3466 3153 3505 eorum
3188 3466 3307 3517 qua:
3334 3466 3460 3516 pce-

1890 3542 2177 3597 cavimus:
2219 3557 2397 3612 neque
2447 3558 2592 3596 nunc
2632 3542 2954 3597 medicinam
2989 3550 3163 3610 parat,
3194 3550 3250 3597 et
3294 3548 3456 3595 (netu.

1888 3634 1986 3690 bra
2038 3635 2259 3696 format,
2290 3645 2345 3688 et
2390 3634 2534 3688 vires
2564 3633 2736 3696 addit,
2786 3633 2880 3687 sed
2926 3631 3036 3699 jam
3082 3632 3357 3693 formavit.
3405 3642 3459 3686 et

1888 3726 2120 3791 addidit,
2154 3734 2209 3780 et
2239 3726 2469 3793 paravit.
2503 3724 2575 3777 Ex
2617 3741 2727 3794 quo
2756 3725 2901 3779 enim
2933 3724 2986 3776 in
3015 3739 3232 3778 crucem
3265 3739 3459 3777 asceti-

1886 3818 1994 3881 dit,
2052 3818 2420 3886 spiritumque
2480 3815 2723 3876 efﬂavit,
2777 3824 2832 3868 et
2892 3814 3169 3869 redivivus
3231 3816 3457 3882 prodiit,

1891 3906 2171 3961 hominum
2226 3906 2451 3958 libertas
2501 3906 2838 3970 constituta,
2887 3904 3205 3973 speciesque
3248 3914 3303 3957 et
3341 3905 3457 3973 pul-

1888 3998 2145 4051 chritudo
2207 3997 2533 4060 conciliata,
2592 4006 2646 4049 et
2694 4011 2832 4051 nova
2893 3997 3135 4049 membra
3188 3996 3453 4049 adornata

1890 4096 2041 4140 sunt.
2105 4084 2339 4139 Tantum
2398 4085 2657 4139 accedere
2737 4094 2791 4138 et
2838 4100 2959 4139 sese
3012 4086 3200 4157 gratia:
3254 4085 3454 4139 oﬂ‘erre

1888 4192 2025 4246 opus
2059 4186 2163 4231 est.
2218 4176 2281 4228 Et
2327 4175 2471 4229 istud
2517 4176 2570 4228 in
2611 4175 2768 4229 nobis
2803 4176 3105 4244 baptismus
3138 4175 3338 4242 edicit,
3396 4185 3453 4229 ut

1888 4270 2143 4323 nimirum
2180 4278 2427 4321 mortuos
2462 4284 2585 4319 cum
2623 4269 2751 4331 vita,
2803 4280 2857 4322 et
2891 4271 3102 4322 vinctos
3134 4285 3258 4323 cum
3290 4270 3454 4320 liln-r-

1889 4366 2022 4421 tate,
2085 4357 2348 4411 informes
2406 4368 2461 4411 et
2509 4370 2795 4426 corruptos
2854 4375 2977 4412 cum
3059 4359 3214 4412 beata
3278 4357 3450 4412 forma

1886 4449 2199 4519 conjungat.
2229 4447 2577 4502 Persolutum
2597 4458 2678 4503 est
2698 4450 2931 4519 pretium
2960 4466 2973 4502 :
3007 4464 3152 4503 nunc
3182 4460 3389 4503 tantum
3422 4465 3452 4501 e

1886 4540 2120 4595 vinculis
2147 4540 2382 4593 eximus.
2418 4540 2765 4609 Unguentum
2795 4539 3021 4596 eﬂusum
3052 4551 3155 4604 est,
3186 4552 3238 4593 et
3266 4543 3449 4594 odoris

1886 4629 2184 4699 fragrantia
2218 4629 2509 4697 complevit
2546 4630 2663 4683 loca
2695 4630 2913 4683 omnia:
2962 4630 3139 4683 solum
3171 4641 3227 4682 ut
3255 4631 3304 4684 id
3335 4632 3452 4699 spi-

1885 4735 2069 4775 remus
2100 4721 2445 4787 relinquitur.
2476 4718 2589 4773 luto
2626 4734 2693 4773 ne
2732 4718 2880 4773 istud
2921 4721 3186 4788 quidem;
3224 4737 3348 4773 num
3396 4734 3450 4774 et

1884 4810 2095 4879 spirare
2128 4824 2311 4878 posse.
2342 4824 2371 4862 a
2413 4810 2691 4864 Salvatore
2728 4811 2884 4864 nobis
2914 4820 3283 4878 comparatum
3318 4822 3401 4865 est
3428 4848 3446 4873 ,

1883 4902 2030 4955 sicut
2064 4915 2224 4969 posse
2248 4901 2476 4965 exsolvi,
2506 4900 2647 4953 sicut
2675 4914 2837 4968 posse
2880 4900 3199 4953 illuminari.
3238 4901 3448 4953 Etenim

1886 4992 1972 5044 lux
2008 5005 2117 5043 non
2166 4992 2343 5045 solum
2372 5000 2489 5044 orta
2527 5000 2581 5043 et
2634 4992 2688 5045 in
2741 4991 3003 5045 mundum
3056 4992 3300 5059 ingressa
3344 5002 3449 5048 est.

1884 5083 1979 5136 scd
2002 5091 2058 5136 et
2091 5082 2307 5135 oculum
2344 5084 2423 5136 sui
2455 5082 2669 5136 videndi
2698 5083 2903 5135 creavit
2931 5098 2949 5147 ;
2974 5096 3075 5135 nec
3107 5090 3442 5147 unguentum

1884 5174 2270 5229 tantummodo
2309 5175 2521 5236 eﬂudit,
2552 5173 2645 5227 sed
2690 5174 2930 5241 ejusdem
2972 5187 3190 5243 quoque
3226 5188 3447 5226 sensum

1884 5264 2126 5319 donavit.
2178 5264 2334 5320 Nunc
2386 5274 2637 5319 sanctum
2695 5264 2838 5317 istud
2895 5265 3168 5317 lavacrum
3235 5264 3451 5315 ablutos

1886 5352 2196 5420 huiusmodi
2254 5353 2510 5408 sensibus
2546 5361 2599 5407 et
2630 5352 2976 5407 facultatibus
3020 5352 3277 5407 devincit.
3313 5350 3447 5403 Nam

221 5461 283 5513 ut
335 5449 561 5505 materia
611 5446 792 5515 specie
852 5456 1045 5496 carens
1082 5450 1134 5493 et
1174 5439 1424 5496 informis
1474 5442 1525 5494 in
1578 5458 1774 5512 aquam
1852 5448 1993 5501 hanc
2064 5446 2457 5513 demergimur,
2513 5455 2565 5499 et
2625 5446 2677 5501 in
2731 5449 2845 5515 ipsa
2896 5445 3126 5499 formam
3156 5448 3448 5516 quamdam

220 5549 523 5615 elegantem
558 5543 881 5611 reperimus.

294 5642 392 5693 Διά
413 5640 586 5693 ταῦτα
618 5643 795 5694 πάντα
812 5643 945 5709 ἡμῖν
963 5639 1153 5706 ἁθρόον
1184 5638 1462 5691 ἀνατέλλει
1480 5638 1545 5689 τὰ
1569 5637 1768 5704 ἀγαθά·

223 5731 769 5805 προκατεσκεύασται
804 5733 929 5807 γάρ·
973 5750 989 5781 ‹
1031 5732 1102 5781 Τὸ
1136 5730 1357 5799 ἄριστόν
1416 5745 1517 5797 μου
1549 5728 1775 5799 ἡτοίμα.

1955 5636 2036 5691 Oh
2067 5636 2181 5691 haec
2220 5635 2402 5690 subito
2446 5635 2608 5690 nobis
2654 5642 2987 5689 enascuntur
3029 5634 3169 5688 bona
3220 5632 3445 5697 onmia;

1883 5736 2011 5786 sunt
2058 5728 2203 5788 enim
2245 5726 2395 5802 prius
2446 5736 2781 5799 prteparata;
2850 5742 2867 5772 ο
2899 5725 3194 5783 Prandium
3260 5742 3439 5785 meum
