4154 6308
98 404 212 465 545

1163 399 1255 460 DE
1296 397 1472 457 rm
1519 362 1611 454 1N1
1640 372 1980 454 cuntsro
2021 392 2170 452 LIB.
2218 390 2295 455 ll.

3246 385 3351 449 566

99 519 301 572 κάλλει
329 516 385 571 δὲ
436 515 744 585 λάμποθτες
790 513 881 566 καὶ
946 511 1043 583 τὴν
1075 511 1225 582 ὤραν
1273 510 1558 574 σώζοντες,
1615 508 1680 578 ἢν

1787 518 2099 575 sponsoque
2122 505 2233 558 sint
2259 503 2462 567 idonei,
2495 501 2659 571 geniti
2702 501 2919 571 quidem
2954 513 3092 555 nova
3123 513 3353 568 genera-

100 611 296 671 αὒτοῖς
326 609 609 680 ἐνεποίησε
654 609 712 661 τὸ
762 604 1007 677 λουτρὸν,
1049 606 1133 659 δτι
1189 623 1207 656 ι
1247 604 1445 674 ὡραῖος
1495 600 1680 654 κάλλει

94 700 264 771 παρὰ
290 704 417 761 τοὺς
445 700 589 762 υἱοὺς
622 698 950 768 ἀνθρώπων,
983 716 1000 748 ι
1037 699 1130 749 καὶ
1179 700 1279 762 τὴν
1311 694 1409 765 μὲν
1438 691 1681 762 κεφαλὴν

96 788 356 842 ἑστῶσαν
388 788 621 857 ἔχοντες,
676 782 785 839 οἷαι
815 786 925 839 τῶν
950 785 1371 855 ὁλυμπιονίκων,
1405 784 1499 837 ὅτι
1557 781 1679 834 στέ-

98 880 274 947 φανός
300 880 471 941 ἐστιν,
499 871 612 930 ὦτα
657 877 714 929 δὲ
745 877 824 929 ὅτι
880 877 1058 944 λόγος,
1119 876 1429 945 ὀφθαλμοὺς
1493 874 1550 928 δὲ
1598 874 1678 927 ὅτι

95 969 281 1037 ἣλιος,
314 968 586 1036 δσεξρησιν
624 967 679 1020 δὲ
729 968 812 1019 ὅτι
858 966 952 1019 καὶ
999 965 1168 1037 μῦρον
1202 967 1349 1019 ἐστὶν
1395 968 1423 1019 ὁ
1451 964 1679 1034 νυμφίος

98 1060 203 1113 καὶ
226 1059 399 1127 μῦρον
429 1057 753 1124 έκκενωθὲν,
779 1061 965 1128 σεμνοὶ
991 1059 1049 1111 δὲ
1082 1060 1177 1111 καὶ
1204 1059 1297 1112 ἐπὶ
1317 1058 1423 1111 τῶν
1449 1059 1680 1129 ἱματίων

96 1150 194 1202 διὰ
225 1151 319 1202 τὸν
340 1150 546 1219 γάμον.
1034 1142 1041 1145 ’
1244 1162 1247 1163 ⁷

178 1322 327 1381 Εἶεν.
362 1326 547 1381 Ταῦτα
567 1327 623 1381 δὲ
643 1329 738 1381 καὶ
766 1327 899 1398 πρὸς
935 1328 1124 1399 ἕτερον
1163 1330 1319 1400 φέρει
1352 1329 1572 1398 ζήτημα
1602 1327 1680 1381 δί-

95 1422 263 1471 καιον
294 1418 354 1470 δν
390 1420 463 1490 μὴ
503 1418 833 1490 περιῶφθαι.
881 1420 942 1473 Ei
976 1420 1083 1489 γὰρ
1116 1420 1177 1472 τὸ
1222 1421 1320 1488 μὲν
1349 1420 1555 1472 έθέλειν
1585 1417 1679 1471 καὶ

97 1511 402 1563 πιστεῦσαι
425 1510 521 1564 καὶ
552 1510 874 1580 προσελθεῖν
898 1512 1009 1565 τῶν
1036 1511 1130 1565 τοῦ
1148 1566 1153 1572 ,
1165 1511 1541 1581 βαπτίσματος
1573 1508 1677 1563 δώο

98 1618 216 1670 ρων
232 1604 509 1671 ἐπιτυχεῖς
529 1603 858 1673 γεγενῆσθαι
904 1604 1335 1674 παρασκευάσει,
1353 1604 1413 1656 τὸ
1428 1602 1487 1655 δὲ
1506 1602 1680 1657 ταῦτα

99 1692 334 1760 φεύγειν
364 1694 460 1745 καὶ
481 1695 582 1763 τὴν
612 1697 993 1766 μακαριότητα
1023 1697 1200 1749 πᾶσαν
1222 1696 1436 1764 ἐκείνην
1455 1694 1678 1762 φεύγειν

98 1783 275 1849 ἐστὶν,
310 1786 438 1847 τοὺς
470 1785 608 1855 μετὰ
639 1784 700 1838 τὸ
742 1785 925 1839 λαϐεῖν
954 1787 1219 1856 ῥίψαντας
1255 1790 1348 1840 καὶ
1390 1787 1489 1856 τῆς
1541 1784 1679 1854 γνώ-

101 1891 216 1944 μης
265 1875 368 1943 τῆς
414 1876 687 1946 προτέρας
731 1876 957 1939 ἑαυτοὺς
1009 1876 1398 1946 μεμψαμένους
1449 1875 1545 1928 καὶ
1589 1875 1680 1928 τδν

96 1967 341 2037 Κριστδν
362 1967 721 2037 ἠρνημένους,
747 1968 961 2021 ἐπειδὰν
983 1969 1062 2033 είς
1093 1969 1193 2038 τὴν
1225 1967 1567 2037 Ἐκκλησίαν,
1595 1965 1681 2034 ἐφ’

95 2055 183 2120 οἷς
228 2058 545 2134 ὴνόμησαν,
598 2046 953 2127 μεταγνόντες
1000 2058 1403 2127 αὐτοωλῶσιν,
1456 2061 1484 2111 ὁ
1537 2058 1681 2127 ίερθις

97 2150 330 2219 θεσμὸς,
357 2150 645 2203 ἀκόλουθον
669 2150 728 2205 δν
754 2151 844 2203 ἐπὶ
864 2152 925 2204 τὸ
954 2151 1177 2221 λουτρὸν
1197 2151 1393 2213 αὐτοὺς
1413 2150 1565 2217 ἄγειν
1588 2150 1681 2203 καὶ

93 2242 169 2294 τὰ
208 2241 451 2309 μυστικὰ
483 2242 657 2295 τελεῖν
692 2241 753 2307 ἐξ
784 2243 958 2312 ἀρχῆς
989 2243 1137 2295 ὼσὰν
1168 2242 1228 2295 τδ
1267 2242 1372 2294 πᾶν
1406 2240 1680 2293 ἀπολωλο-

98 2333 293 2397 κότας,
324 2334 353 2384 ὁ
382 2332 438 2384 δὲ
471 2332 548 2400 τῷ
576 2332 706 2403 θείῳ
734 2332 889 2403 μύρῳ
914 2332 981 2385 τὰ
1011 2332 1236 2402 σώματα
1266 2333 1446 2390 αὐτοῖς
1474 2336 1681 2399 ἀποση-

98 2422 420 2491 μηνάμενος
471 2427 564 2476 καὶ
620 2424 786 2495 μηδὲν
830 2425 990 2478 πλέον
1034 2425 1289 2494 προσθεὶς
1337 2422 1430 2477 τοῦ
1479 2421 1678 2475 κύκλου

97 2513 381 2583 γράφεται
415 2514 522 2566 τῶν
560 2516 768 2567 πιστῶν
843 2516 894 2569 τί
924 2511 1017 2569 οὖν
1047 2520 1185 2584 πρὸς
1215 2515 1385 2569 ταῦτα
1421 2515 1562 2566 εἴποι
1597 2531 1679 2576 τις

95 2606 167 2660 ἄν
194 2625 209 2671 ;
263 2607 335 2659 ’Ἡ
378 2608 520 2659 δυοῖν
548 2608 752 2660 τούτων
778 2609 906 2676 ἡμῖν
938 2607 1034 2677 τὴν
1068 2608 1204 2675 πρὸς
1242 2606 1372 2659 Θεὸν
1402 2605 1682 2659 εὐσέϐειαν

94 2697 443 2768 δυναμένων.
469 2697 562 2751 τοῦ
593 2715 652 2751 τε
676 2698 860 2752 λαϐεῖν
887 2698 1167 2767 ὀφθαλμὸν
1194 2698 1301 2750 ἀπὸ
1333 2698 1439 2749 τῶν
1474 2714 1680 2766 μυστηο

99 2789 257 2853 ρίων.
286 2789 381 2841 τοῦ
418 2806 477 2841 τε
511 2788 748 2859 χρῆσθαι
796 2790 892 2842 καὶ⁸
925 2791 1059 2859 πρὸς
1098 2789 1199 2858 τὴν
1226 2790 1417 2840 ἀκτῖνα
1465 2788 1680 2858 εκείνην

98 2880 267 2947 δρᾷν,
304 2880 418 2942 τοῖς
466 2879 826 2947 προδεδωκόσι
869 2882 960 2933 τὸν
1009 2880 1437 2950 Χριστιανισμὸν
1478 2881 1540 2932 τὸ
1580 2880 1680 2948 μιν

95 2970 406 3023 ἀπόλλυται
433 2976 495 3023 τὸ
523 2970 797 3043 δεύτερον,
824 2972 998 3024 έκεῖνο
1021 2971 1078 3023 δὲ
1111 2974 1295 3039 μένει;
1322 2972 1465 3039 λέγω
1490 2970 1552 3035 δὴ
1581 2969 1679 3039 τὴν

97 3063 241 3130 πρὸς
297 3061 359 3113 τδ
413 3061 632 3132 βλέπειν
685 3062 1099 3132 ἐπιτηδειότητα
1146 3067 1240 3116 καί
1292 3062 1675 3129 παρασκευήν.

1786 596 1952 660 tione,
1981 596 2237 665 quoniam
2275 594 2447 647 Adam
2494 593 2583 646 ille
2625 608 2797 646 novus
2838 600 2953 646 est:
3004 592 3202 644 decore
3248 589 3351 642 ful-

1782 696 2003 757 gentes,
2080 694 2134 739 et
2190 684 2649 754 pulchritudinem
2709 699 2739 736 a
2802 684 3015 736 lavacro
3072 694 3349 748 aret-plum

1781 790 2172 833 causervantes
2201 796 2212 829 :
2256 796 2273 828 ι
2305 778 2439 843 Quia
2471 778 2752 844 speciosus
2780 776 2952 830 forma
2982 783 3065 829 est
3094 791 3200 843 prae
3225 776 3350 828 tiliis

1783 869 2067 922 hominum
2097 868 2175 933 7';
2227 887 2245 919 ι
2315 876 2581 936 υιηοιιρυι
2636 876 2879 921 erectum
2940 867 3240 929 habentes,
3294 875 3351 917 ιιι

1781 960 2185 1029 olympionicw,
2231 960 2359 1026 quia
2404 972 2605 1011 corona
2640 970 2758 1022 est;
2802 973 2961 1012 aures
2986 968 3190 1020 autem,
3222 958 3350 1027 quia

1783 1048 2005 1101 Verbum
2030 1057 2148 1111 est;
2206 1046 2413 1108 oculos,
2441 1045 2568 1114 quia
2600 1046 2681 1098 sol
2707 1061 2721 1108 ;
2746 1061 2928 1111 nares,
2954 1046 3082 1113 quia
3107 1061 3352 1114 unguen-

1785 1147 1921 1191 tum.
1953 1144 2039 1190 est
2086 1149 2321 1203 sponsus
2367 1135 2476 1199 ille,
2530 1143 2584 1188 et
2629 1145 2960 1203 unguentum
3003 1132 3235 1189 eﬂ‘usum
3262 1134 3347 1188 ":

1782 1226 1970 1280 habitu
2007 1238 2188 1279 autem
2221 1225 2459 1286 honesti,
2489 1232 2707 1293 prapter
2732 1226 2973 1293 nuptias.

1851 1314 1915 1369 Et
1931 1318 2047 1369 haec
2078 1314 2298 1385 quidem
2313 1314 2627 1382 hujusmodi
2651 1328 2834 1369 sunto.
2857 1314 3077 1368 Exsistit
3106 1313 3210 1368 hoc
3228 1313 3296 1367 lor
3315 1329 3350 1367 o

1780 1408 1883 1460 alia
1925 1408 2175 1475 quaestio,
2208 1420 2372 1474 quam
2406 1406 2562 1459 decet
2595 1422 2703 1459 non
2746 1406 3038 1475 negligere.
3078 1404 3131 1459 Si
3198 1408 3342 1459 enim

1781 1497 1937 1562 velle,
1966 1507 2021 1550 et
2085 1495 2429 1549 cmnmittere
2489 1510 2568 1559 sc,
2639 1504 2693 1548 et
2733 1495 3012 1559 accedere,
3076 1495 3343 1547 donorum

1780 1587 2034 1656 baptismi
2058 1593 2342 1654 compotes
2366 1585 2561 1649 efﬁcit;
2591 1592 2643 1639 et
2673 1584 3021 1654 luecdugere,
3044 1593 3127 1638 est
3158 1583 3348 1653 fugere

1779 1693 1998 1732 onmem
2051 1676 2479 1742 beatitudinem;
2518 1677 2606 1744 qui
2658 1676 2874 1745 abiecta
2936 1675 3345 1737 communione,

1781 1780 1835 1824 et
1866 1769 2045 1839 priore
2065 1767 2335 1823 sententia
2368 1767 2507 1836 apud
2543 1780 2603 1820 se
2618 1770 2968 1834 reprehensa,
3024 1774 3079 1821 ct
3126 1765 3348 1820 Christo

1781 1862 2068 1931 abnegato,
2103 1859 2255 1914 ducti
2281 1858 2619 1927 pmnitudiue
2650 1857 3009 1912 scelerissui
3033 1856 3101 1911 ad
3161 1857 3347 1913 Eccle-

1780 1954 1917 2008 siam
1951 1950 2239 2015 redierint,
2296 1966 2419 2005 cum
2459 1953 2803 2018 consequens
2836 1949 2907 2003 sit
2961 1964 3055 2003 eos
3081 1949 3151 2003 ad
3206 1949 3348 2002 lava-

1780 2060 1933 2099 crum
1958 2044 2140 2098 statim
2171 2042 2389 2106 adducit
2422 2051 2478 2096 et
2526 2043 2590 2096 de
2621 2043 2831 2110 integro
2882 2040 3145 2111 mysticas
3187 2055 3350 2094 ρει-ρ-

1783 2136 1997 2199 monias
2020 2134 2292 2198 adhiberi,
2317 2144 2376 2188 ut
2396 2132 2487 2202 qui
2512 2140 2685 2186 totum
2706 2133 2955 2187 funditus
2979 2132 3345 2201 perdiderint;

1780 2228 2039 2281 sacerdos
2064 2236 2244 2279 tamen
2267 2225 2596 2279 auctoritate
2626 2224 2758 2290 legis
2778 2222 3163 2278 ecclesiasticae
3188 2238 3349 2278 sacro

1785 2322 1994 2374 tantum
2024 2318 2145 2371 oleo
2176 2331 2405 2385 corpora
2447 2317 2721 2381 inunctos,
2779 2315 2920 2369 citra
2952 2317 3117 2369 ritum
3153 2316 3345 2376 alium,

1781 2408 1956 2462 ordini
1993 2408 2230 2461 fidelium
2263 2406 2521 2459 restituit.
2576 2404 2713 2471 Quid
2745 2408 2810 2458 ad
2858 2404 2961 2459 hoc
3016 2404 3351 2473 respondet:-

1783 2499 2065 2553 rlum?An
2096 2514 2221 2551 cum
2276 2500 2389 2552 haec
2441 2499 2548 2551 duo
2601 2499 2856 2566 pietatem
2924 2510 3161 2551 nostrum
3218 2511 3347 2566 erga

1782 2591 1950 2659 Deum
1982 2592 2321 2655 contineant,
2351 2601 2460 2643 tum
2494 2594 2775 2659 accepisse
2802 2590 3019 2643 oculum
3059 2604 3089 2642 a
3145 2590 3349 2657 myste-

1782 2686 1901 2747 riis,
1934 2692 2046 2737 tutn
2073 2682 2194 2751 ejus
2232 2698 2388 2735 usum
2422 2683 2642 2744 habere,
2667 2692 2719 2735 et
2747 2681 2958 2734 radium
2981 2682 3133 2733 illum
3175 2680 3351 2732 intue—

1781 2776 1848 2841 ri,
1881 2776 2291 2831 Christianismi
2333 2775 2704 2845 proditoribus
2757 2790 2929 2835 unum
2973 2773 3159 2843 periit,
3209 2776 3350 2826 alte-

1780 2883 1901 2921 rum
1936 2868 2066 2921 illud
2095 2876 2303 2932 manet,
2359 2866 2577 2921 habitus
2608 2865 2853 2935 inquam,
2880 2875 2934 2919 et
2992 2863 3228 2918 facilitas
3280 2866 3348 2915 ad

1784 2962 2071 3019 videndum
2099 2963 2123 3013 Υ
2146 2958 2324 3013 Causa
2349 2959 2463 3013 haec
2508 2966 2613 3023 est,
2642 2957 2771 3026 quia
2804 2957 2906 3010 hoc
2928 2956 3147 3025 quidem
3170 2954 3355 3009 νυιοιι·

1785 3052 1930 3106 tibus
1956 3052 2194 3118 perdere
2224 3049 2391 3113 licet,
2430 3049 2648 3116 quando
2680 3048 2731 3101 in
2769 3056 2956 3101 uestro
2987 3045 3217 3099 arbitrio
3241 3056 3350 3111 est,

96 3155 286 3207 Αῖτιον
324 3152 380 3205 δὲ
413 3154 497 3205 ὅτι
526 3152 586 3205 τὸ
622 3154 720 3223 μὲν
749 3153 1041 3206 ἀποϐαλεῖν
1088 3153 1267 3219 ἔξεστι
1314 3153 1676 3222 βουλομένοις,

1784 3140 1879 3196 aut
1904 3143 2038 3197 solis
2066 3143 2187 3195 luce
2240 3139 2556 3208 aspicienda
2607 3138 2891 3203 delectari,
2944 3146 3038 3190 aut
3087 3136 3351 3190 adversus

97 3245 370 3316 ἡμέτερον
399 3244 510 3313 γὰρ
536 3243 569 3315 ἢ
596 3244 820 3314 στέρξαι
841 3244 931 3297 τὸν
960 3244 1112 3315 ἣλιον
1145 3242 1178 3312 ἢ
1213 3243 1347 3312 πρὸς
1371 3242 1469 3313 τὴν
1491 3244 1681 3296 ἀκτῖνα

101 3336 282 3406 μῦσαι
322 3334 416 3388 τδν
451 3333 726 3402 ὀφθαλμόν
798 3336 857 3387 τό
887 3352 949 3401 γε
983 3336 1088 3405 μὴν
1116 3334 1279 3388 αὐτὸν
1329 3334 1555 3402 ἐκκόψαι
1589 3332 1681 3385 τὸν

94 3425 385 3495 ὀφθαλμὶν
408 3426 501 3478 καὶ
519 3424 618 3493 τὴν
643 3419 840 3478 πλάσιν
863 3426 1076 3497 ἐκείνην
1103 3416 1415 3477 παντάπασι
1443 3424 1681 3491 διαφθεῖ-

99 3533 194 3587 ραι
241 3515 351 3568 τῶν
396 3516 693 3586 ἀμηχάνων
733 3517 883 3586 ἡμῖν.
931 3517 991 3571 Ei
1033 3517 1143 3589 γὰρ
1185 3518 1295 3570 τῶν
1332 3519 1389 3569 ὲν
1426 3520 1493 3593 τῇ
1532 3517 1677 3587 ψυχῇ

93 3608 406 3678 δυνάμεων,
442 3610 569 3677 μεθ’
637 3600 712 3661 ὧν
756 3609 904 3678 ἡμᾶς
932 3611 965 3678 ἡ
1005 3610 1167 3676 φύσις
1204 3610 1522 3678 ἐγέννησεν,
1571 3610 1680 3662 οὐδ’

95 3699 355 3769 ἡντινοῦν
383 3698 666 3769 δυνάμεθα
691 3699 860 3763 λύειν,
892 3700 1091 3770 ἥκιστα
1120 3700 1186 3771 δὴ
1212 3701 1428 3753 πάντων
1457 3701 1522 3771 ἢν
1550 3702 1681 3769 ἡμῖν

94 3789 421 3869 ἀναγεννῶν
465 3790 624 3853 αὐτὸς
658 3791 875 3859 ἀμέσως
905 3791 1163 3862 ἐνέθηκεν
1186 3793 1214 3845 ὁ
1242 3792 1375 3855 Θεός
1439 3795 1562 3846 ἐπεὶ
1587 3793 1680 3847 καὶ

94 3882 233 3937 αὐτὸ
276 3880 339 3933 τὺ
364 3881 423 3933 έν
452 3882 586 3951 ἡμῖν
614 3881 937 3951 ἡγούμενον,
972 3882 999 3934 ὃ
1039 3885 1092 3935 τί
1124 3885 1255 3937 ποτέ
1278 3887 1417 3949 ἐστι,
1456 3884 1679 3939 πλάττει

94 3973 199 4027 καὶ
234 3972 510 4043 διατίθησι
559 3973 622 4026 τὸ
665 3973 909 4042 λουτρὸν,
959 3974 1069 4028 εῐτε
1112 3974 1272 4041 λόγου
1320 3976 1416 4030 καὶ
1455 3975 1682 4045 γνώμης

96 4062 434 4133 αὐτονομίαν
458 4102 474 4127 ,
497 4061 597 4116 εἷθ’
621 4062 806 4133 ἕτερον
844 4063 1024 4118 ὁτιοῦν
1055 4064 1161 4135 χρὴ
1189 4058 1347 4118 τοῦτο
1366 4065 1606 4135 νομίσαι,
1637 4060 1682 4133 ᾧ

98 4154 253 4206 πᾶσα
298 4152 396 4221 μὲν
437 4151 575 4204 εῖκει
620 4151 849 4221 δύναμις
892 4154 989 4221 τῆς
1038 4152 1219 4223 ψυχῆς
1265 4154 1358 4206 καὶ
1405 4154 1544 4225 πρὸς
1581 4158 1682 4223 τὴν

96 4243 317 4296 ἐκείνου
343 4242 567 4311 φέρεται
593 4250 831 4313 κίνησιν,
851 4244 1160 4297 ὲπιττάττει
1187 4245 1242 4298 δὲ
1268 4245 1424 4298 οὐδὲν
1448 4246 1568 4299 οὺδὶ
1590 4246 1681 4299 δύο

97 4354 265 4391 ναται
314 4334 695 4403 μεταϐάλλειν,
739 4335 853 4389 ἀλλ’
881 4334 1004 4388 οὐδὲ
1040 4336 1172 4389 αὐτὸ
1203 4337 1366 4391 ἑαυτό
1434 4339 1681 4407 κρεῖττον

97 4431 213 4498 γὰρ
238 4425 396 4479 οὐδὲν
427 4424 622 4490 γένοιτ’
648 4425 715 4479 ἂν
760 4425 980 4490 ἑαυτοῦ,
1020 4427 1114 4480 καὶ
1150 4426 1259 4497 μὴν
1287 4426 1407 4480 οὐδὲ
1433 4427 1525 4480 τὸν
1548 4427 1680 4482 Θεὸν

1783 3232 1997 3286 radium
2060 3231 2179 3295 ejus
2232 3228 2491 3284 claudere
2558 3228 2780 3282 oculum
2837 3245 2851 3281 :
2908 3242 3099 3281 eruere
3166 3237 3349 3280 autem

1782 3324 1963 3391 ipsum
2007 3322 2253 3385 oculum,
2294 3327 2735 3386 structuratuque
2784 3318 2929 3370 illam
3003 3317 3215 3386 penitus
3273 3318 3343 3366 vi-

1783 3414 1941 3476 tiare,
2001 3412 2157 3466 nobis
2217 3422 2298 3464 est
2377 3410 2606 3463 nimium
2654 3420 2916 3479 quantum
2980 3410 3213 3461 dtllicite.
3291 3405 3348 3461 Si

1782 3508 1927 3561 enim
1977 3505 2295 3559 facultatum
2350 3503 2564 3564 animae,
2602 3520 2729 3556 cum
2790 3502 2991 3571 quibus
3046 3517 3144 3555 nos
3189 3513 3350 3553 natu-

1781 3613 1841 3651 ra
1878 3596 2083 3667 genuit,
2110 3595 2430 3664 disperdere
2484 3594 2693 3649 null-am
2750 3608 3060 3661 possumus,
3123 3593 3350 3646 minime

1781 3692 2024 3745 omnium
2054 3688 2198 3742 illam
2232 3688 2555 3757 poterimus,
2584 3702 2747 3757 quam
2804 3686 2963 3740 nobis
3025 3699 3351 3754 regeneraus

1784 3783 1900 3853 ipse
1943 3782 2085 3836 Deus
2113 3797 2211 3851 per
2242 3798 2301 3837 se
2329 3780 2529 3835 indidit
2562 3799 2576 3833 :
2606 3778 2880 3849 siquidem
2922 3789 2975 3833 et
2998 3779 3175 3847 ipsum
3202 3776 3351 3846 quod

1784 3875 1839 3929 in
1864 3875 2021 3929 nobis
2041 3873 2253 3927 obtinet
2287 3873 2675 3941 principatum,
2708 3871 3074 3939 quodcunque
3120 3870 3340 3922 tandem

1782 3974 1887 4029 est,
1922 3965 2121 4019 format
2165 3974 2218 4017 et
2241 3964 2520 4031 componit
2568 3964 2845 4017 lavacrum
2874 3979 2886 4015 :
2916 3962 3098 4016 siveid
3121 3961 3351 4014 ration‘s

1782 4067 1836 4111 et
1859 4056 2058 4110 tuentis
2084 4056 2423 4120 autouomia,
2449 4055 2564 4109 sive
2588 4054 2735 4108 aliud
2760 4056 3126 4123 quodcunque
3161 4053 3354 4107 eximi-

1786 4148 2044 4201 tnaudum
2062 4155 2167 4210 est,
2200 4146 2285 4200 cui
2328 4146 2509 4199 oumis
2531 4147 2725 4198 aninue
2759 4146 2932 4198 virtus
2959 4146 3121 4208 cedit,
3182 4152 3236 4199 et
3280 4144 3347 4197 ad

1784 4248 1988 4294 motum
2023 4237 2308 4293 illiusscse
2341 4237 2734 4300 accommodat,
2774 4236 2863 4290 cui
2910 4236 3045 4289 nihil
3099 4236 3348 4305 imperat,

1783 4331 2039 4401 quodque
2071 4328 2271 4383 mutari
2299 4343 2329 4382 a
2361 4327 2508 4381 nulla
2541 4343 2598 4382 re
2627 4336 2826 4396 potest.
2858 4325 2965 4382 Sed
3019 4344 3119 4383 nec
3172 4330 3353 4399 ipsum

1783 4420 2137 4489 semetipsum
2169 4417 2555 4485 mutat;nihil
2581 4419 2723 4472 enim
2784 4420 2965 4488 saipso
2983 4420 3179 4476 melius
3237 4419 3351 4473 fieri

98 4486 272 4583 λίπος.
301 4519 375 4572 Οὐ
414 4486 521 4588 γὰρ
550 4518 793 4586 ἀφέλοιτ’
822 4518 887 4571 ἂν
915 4486 989 4572 ὧν
1024 4486 1164 4589 ἡμῖν
1196 4486 1460 4572 κατέθετο
1493 4518 1680 4590 δώρων

1785 4486 2101 4579 ηιιοαιίὸοιι
2132 4523 2305 4577 neque
2330 4523 2360 4561 a
2395 4508 2501 4562 Deo
2532 4508 2731 4562 mutari
2777 4486 2996 4577 aequum
3032 4519 3138 4564 est.
3193 4509 3377 4565 Haud,

97 4612 258 4666 οὐδέν
286 4627 304 4643 υ
349 4631 367 4664 ι
437 4611 853 4681 ’Δμεταμέλητα
892 4613 1001 4682 γὰρ
1039 4610 1108 4665 τὰ
1143 4610 1482 4685 χαρίσματα,
1524 4613 1686 4682 φησὶ,

98 4705 198 4758 τοῦ
230 4704 393 4771 Θεοῦ,
434 4722 456 4756 ι
484 4704 579 4757 καὶ
608 4704 742 4767 ὅλως
771 4703 996 4774 ἄπειρος
1024 4705 1355 4772 ἁγαθότητος
1384 4702 1460 4756 ὢν
1496 4702 1686 4771 βούλε-

98 4812 192 4848 ται
225 4794 337 4846 πᾶν
365 4793 497 4862 ἡμῖν
522 4792 748 4860 ἀγαθὸν,
790 4792 885 4845 καὶ
918 4792 1100 4845 δίδωσί
1129 4808 1191 4861 γε
1223 4791 1425 4847 ἁλύτου
1459 4792 1558 4862 τῆς
1590 4792 1685 4846 τοῦ

100 4883 454 4950 αῦτεξουσίου
480 4882 769 4953 προεδρίας
798 4882 1187 4952 ὑποκειμένης.
1232 4882 1485 4935 Τοιοῦτον
1527 4882 1585 4936 δὲ
1623 4881 1684 4935 τὸ

102 4978 197 5031 τοῦ
237 4975 619 5047 βαπτίσματος
645 4973 871 5043 ἀγαθόν.
902 4974 978 5026 Οὐ
1006 4975 1113 5041 γὰρ
1142 4974 1300 5043 ἄγχει
1326 4975 1426 5045 τὴν
1454 4974 1682 5044 γνώμην

102 5071 225 5140 οῦδὲ
249 5067 493 5137 κατέχει,
516 5066 653 5120 ἀλλὰ
675 5066 905 5136 δύναμις
932 5061 1067 5119 οὖσα
1095 5067 1221 5128 τοὺς
1247 5067 1343 5136 μὲν
1363 5067 1683 5136 χρωμένους

103 5162 255 5215 οὐδὲν
277 5159 518 5213 ἐκώλυσε
546 5159 724 5227 μεῖναι
756 5159 1048 5230 πονηροὺς,
1078 5158 1329 5227 καθάπερ
1357 5158 1453 5211 καὶ⁸
1479 5158 1543 5211 τὸ
1574 5160 1681 5211 σῶν

105 5247 248 5318 έχειν
286 5247 379 5299 τὸν
410 5244 687 5315 ὀφθαλμὸν
716 5246 817 5298 οὐκ
852 5245 918 5298 ἂν
959 5247 1228 5316 προσταίη
1267 5248 1379 5309 τοῖς
1412 5248 1468 5299 ἐν
1504 5248 1683 5301 σκότει

107 5337 208 5407 ζῇν
236 5336 577 5408 βουλομένοις
597 5353 610 5366 ·
640 5339 733 5390 καὶ
758 5336 917 5405 δῆλον
947 5338 1191 5401 αὐτόθεν,
1215 5339 1369 5391 αὐτοὶ
1400 5340 1508 5410 γὰρ
1535 5334 1680 5393 οὗτοι

110 5427 387 5497 μάρτυρες
417 5428 605 5494 σαφεῖς
634 5429 685 5479 οἱ
716 5427 855 5496 μετὰ
888 5427 949 5480 τὸ
979 5427 1277 5481 λούσασθαι
1304 5430 1490 5483 καὶτὰ
1532 5432 1677 5482 ὲκεῖο

108 5519 201 5571 θεν
248 5516 434 5571 πάντα
478 5516 665 5571 λαϐεῖν
716 5519 797 5581 είς
847 5520 947 5587 τὴν
994 5519 1233 5590 ἐσχάτην
1286 5520 1541 5575 ἀσέϐειαν
1588 5521 1682 5574 καὶ

112 5609 413 5683 μοχθηρίαν
433 5609 821 5683 έξενεχθέντες.
846 5610 947 5665 Διὰ
975 5612 1148 5667 ταῦτα
1170 5611 1351 5667 τοίνυν
1375 5614 1452 5684 τῷ
1477 5616 1553 5685 μὴ
1580 5613 1680 5676 τὰς

179 5791 226 5824 ’⁸
249 5790 393 5846 Psal.
429 5804 554 5857 ην,
584 5790 635 5847 7).
712 5790 756 5821 '“
798 5787 957 5843 Cant.
991 5806 1030 5855 ι,
1064 5789 1117 5844 2.
1198 5791 1241 5821 τ’
1283 5789 1436 5843 Rom.
1480 5805 1552 5853 τι,
1596 5788 1686 5843 ‘29.

1780 4603 1926 4656 enim
1962 4601 2033 4654 de
2058 4600 2220 4654 donis
2249 4600 2365 4655 suis
2393 4601 2503 4654 ullo
2528 4614 2625 4654 nos
2674 4600 2931 4667 spoliabit
2966 4616 2984 4655 :
3021 4618 3040 4651 ι
3077 4600 3172 4654 Dei
3202 4601 3350 4655 enim

1780 4694 1925 4749 dona
1958 4696 2077 4748 sine
2124 4692 2623 4763 ptenitentia-sunt,
2662 4710 2679 4743 ι
2720 4693 2895 4762 inquit
2927 4692 3219 4761 Apostolus
3278 4695 3329 4726 υ

1779 4785 1835 4839 1η
1888 4801 2123 4849 summa,
2153 4786 2378 4839 inﬁnitae
2405 4783 2671 4839 bonitatis
2705 4799 2827 4838 cum
2880 4783 2972 4847 sit,
3003 4784 3227 4850 cupitet
3260 4784 3354 4838 dat

1781 4879 1940 4933 nobis
1968 4893 2131 4932 omne
2182 4878 2410 4943 bonum,
2472 4877 2544 4929 ita
2590 4886 2769 4929 tamen
2833 4885 2893 4928 ut
2936 4876 3351 4945 praerogativam

1782 4984 1937 5025 suam
1973 4970 2143 5025 libera
2175 4968 2429 5023 voluntas
2459 4976 2647 5021 nostra
2679 4982 2897 5037 semper
2919 4967 3175 5022 retineat.
3220 4965 3357 5020 Tale

1782 5071 1867 5117 est
1893 5061 2233 5131 baptismatis
2262 5061 2485 5115 bonum.
2509 5056 2627 5112 Non
2644 5058 2793 5114 enim
2850 5067 3085 5113 mentem
3114 5066 3355 5113 coarctat

1784 5167 1960 5219 neque
1989 5150 2275 5219 opprimit,
2308 5150 2401 5204 sed
2432 5163 2554 5203 cum
2580 5148 2653 5203 sit
2677 5148 2756 5202 vis
2797 5157 2849 5202 et
2904 5146 3156 5211 facultas,
3194 5159 3357 5201 uten-

1783 5244 1928 5297 tibus
1951 5244 2212 5312 prodest;
2255 5257 2362 5297 non
2399 5249 2617 5297 utentes
2643 5249 2822 5294 autem
2866 5254 3091 5294 manere
3147 5240 3357 5307 impro-

1785 5335 1885 5390 bos
1918 5351 2025 5389 non
2046 5343 2193 5388 vetat
2224 5353 2237 5390 :
2273 5335 2414 5389 sicut
2447 5346 2500 5387 et
2530 5348 2723 5388 sanum
2766 5332 2968 5388 habere
3026 5330 3246 5386 oculum
3301 5330 3357 5383 in

1790 5429 2029 5484 tenebris
2051 5427 2333 5481 ambulare
2354 5425 2661 5480 voientibus
2686 5424 3075 5491 impedimento
3097 5437 3202 5475 non
3229 5421 3353 5475 erit.

1792 5521 1967 5591 Hujus
2025 5521 2100 5575 rei
2154 5529 2319 5575 testes
2378 5527 2508 5573 sunt
2567 5518 2831 5575 luculenti
2892 5517 3012 5586 qui,
3067 5525 3357 5582 postquam

1792 5613 1963 5670 abluti
2011 5624 2064 5669 et
2096 5614 2281 5671 omnia
2312 5612 2459 5670 illius
2496 5613 2741 5683 mysterii
2774 5611 2957 5679 adepti
2989 5609 3243 5672 fuissent,
3300 5606 3359 5658 in
