4154 6308
209 419 321 485 553

1264 416 1360 474 DE
1401 406 1570 474 VITA
1616 412 1693 472 ΙΝ
1730 401 2061 470 CHRISTO
2124 406 2271 470 LIB.
2314 403 2388 469 ΙῙ.

3350 397 3456 470 554

206 536 309 591 καὶ
335 506 589 605 διάφορον
616 532 855 602 ἐντίθησι
891 532 955 602 τῇ
983 529 1126 601 ψυχῇ
1157 530 1335 598 λόγον,
1368 531 1509 584 οὕτω
1537 530 1631 582 καὶ
1660 528 1780 598 φίλ-

1897 527 2033 580 enim
2062 527 2171 581 (liv.
2194 544 2274 580 asa
2302 527 2509 597 species
2539 535 2748 583 natura
2775 526 3068 597 cujuslibet
3090 526 3254 581 etiam
3281 526 3463 580 diver-

207 643 344 694 τρον
405 623 604 677 οὐκοῦν
656 624 689 692 ή
740 624 831 675 τοῦ
862 622 1109 689 Σωτῆρος
1143 623 1200 673 ὲν
1232 622 1361 691 ἡμῖν
1423 622 1610 689 ἀγάπη
1655 620 1782 671 ὅταν

214 716 317 784 μὲν
351 715 500 768 οὐδὲν
534 714 868 781 ἐπιδείξηται
920 712 1105 766 καινὸν
1143 714 1250 766 οὐδ’
1277 712 1584 782 ὑπερφυὲς,
1634 710 1783 777 δῆλοι

214 807 559 876 καθέσταμεν
584 806 659 868 ὡς
682 806 788 873 ἀρα
817 806 1007 873 μόναις
1036 804 1357 874 ἐνετύχομεν
1388 806 1508 867 ταῖς
1537 804 1663 869 περὶ
1693 801 1783 854 αύ-

209 897 308 951 τοῦ
338 902 559 964 φωναῖς,
588 897 647 961 ἐξ
664 893 740 951 ὧν
763 896 878 960 πῶς
908 897 1005 965 μὲν
1036 896 1101 950 ἂν
1120 901 1328 963 γένοιτο
1353 896 1553 963 γνῶναι
1579 894 1780 957 καλῶς,

210 985 257 1056 ᾧ
284 992 450 1059 μηδὲν
477 992 663 1060 ὅμοιον
702 990 848 1043 ἔστιν
876 990 1075 1059 εὑρεῖν,
1105 987 1213 1042 οὐδ’
1244 985 1271 1040 ὃ
1302 987 1478 1041 κοινὸν
1509 987 1655 1058 αύτῷ
1692 989 1783 1040 καὶ

210 1084 323 1143 τοῖς
351 1084 528 1145 ἄλλοις
555 1081 677 1134 οὐδὲ
710 1082 837 1149 πρὸς
865 1078 892 1133 ὅ
921 1079 1269 1149 παράδειγμα
1296 1080 1646 1149 ἀναφέρεται,
1678 1077 1784 1130 οὐδ’

209 1168 295 1236 οἷς
330 1175 536 1236 ἐκεῖνος
569 1172 915 1242 παράδειγμα
940 1188 954 1234 ;
982 1172 1096 1232 πῶς
1126 1171 1181 1223 δὲ
1212 1170 1552 1240 καταμαθεῖν
1592 1171 1688 1240 μὲν
1724 1170 1784 1222 τὶ

211 1263 434 1325 κάλλος,
469 1264 693 1333 φιλῆσαι
722 1263 776 1314 δὲ
803 1262 897 1315 τοῦ
926 1258 1374 1327 κὰλλουςάξῑωςς
1406 1256 1499 1321 Οἷς
1524 1261 1579 1313 δὲ
1614 1261 1785 1313 τοιοῦ-

208 1374 302 1419 τος
334 1357 550 1421 ἐγένετο
594 1354 776 1417 πόθος,
803 1352 941 1407 ὥστε
983 1354 1079 1422 τῆς
1108 1355 1321 1423 φύσεως
1357 1353 1454 1423 μὲν
1490 1356 1747 1423 ἐκστῆναι
1769 1394 1783 1418 ,

214 1446 387 1514 μείζω
417 1448 471 1498 δὲ
507 1445 601 1498 καὶ
650 1445 1069 1514 προθυμηθῆναι
1116 1446 1209 1498 καὶ
1236 1444 1530 1515 δυνηθῆναι
1556 1446 1785 1521 ῆ·προσ-

208 1536 349 1604 ἧκεν
377 1536 683 1605 ἀνθρώποις
707 1536 1096 1606 ἐνθυμηθῆναι,
1119 1535 1342 1597 τούτους
1365 1537 1523 1599 αὐτὸς
1550 1536 1785 1610 ιτρωσεν

209 1628 494 1696 ὀνυμφίος
582 1629 743 1689 αὐτὸς
788 1627 981 1696 ἐνῆκεν
1030 1623 1224 1680 ἀκτίνά
1268 1644 1387 1679 τινα
1421 1624 1527 1679 τοῦ
1557 1628 1787 1690 κάλλους

209 1723 327 1781 τοῖς
377 1719 694 1787 ὀφθαλμοῖς.
752 1716 825 1772 Τὸ
875 1720 983 1796 γὰρ
1044 1719 1272 1788 μέγεθος
1327 1714 1417 1772 τοῦ
1473 1720 1785 1791 τραύματος

214 1810 412 1878 μηνύει
433 1810 491 1861 τὸ
509 1810 680 1878 βέλος,
705 1811 799 1863 καὶ
824 1813 851 1863 ό
877 1811 1035 1872 πόθος
1057 1813 1145 1863 τὸν
1173 1812 1461 1879 τρώσαντα
1484 1814 1752 1866 δείκνυσιν

215 1904 309 1955 καὶ
351 1901 523 1969 τούτῳ
564 1902 817 1969 διήνεγκε
857 1904 954 1970 τῆς
1001 1901 1241 1966 Παλαιᾶς
1273 1905 1303 1973 ή
1332 1904 1509 1973 Καινὴ
1543 1906 1783 1974 Διαθήκη

213 1996 310 2047 καὶ
353 1994 525 2064 τούτῳ
565 1995 789 2062 ἄμεινον
829 1991 1007 2062 εἶχεν,
1039 1996 1121 2048 ὅτι
1162 1992 1281 2049 τότε
1327 1999 1423 2066 μὲν
1469 1999 1624 2065 λόγος
1663 1994 1729 2068 ῆν
1764 2002 1791 2051 ὁ

216 2086 510 2151 παιδεύων,
558 2085 654 2139 νῦν
692 2086 750 2138 δὶ
780 2087 941 2148 αὐτὸς
976 2086 1162 2157 παρὼν
1198 2090 1225 2140 ό
1275 2088 1507 2157 Χριστος
1550 2088 1790 2160 ἇρῤητόν

212 2192 337 2231 τινα
370 2178 567 2247 τρόπον
601 2176 874 2246 διατίθησι
911 2179 1005 2232 καὶ
1042 2179 1264 2233 πλάττει
1299 2182 1395 2243 τὰς
1428 2182 1535 2234 τῶν
1575 2180 1789 2246 ἀνθρώ-

213 2285 333 2320 πων
363 2268 562 2336 ψυχάς.
594 2268 751 2335 Λόγῳ
774 2270 882 2339 γὰρ
909 2271 1003 2322 καὶ
1029 2270 1344 2341 διδασκαλίᾳ
1368 2272 1462 2324 καὶ
1486 2274 1668 2341 νόμοις
1693 2273 1791 2325 οὐκ

214 2360 345 2427 ἐνῆν
377 2358 670 2426 ἀφικέσθαι
703 2362 829 2421 τοὺς
874 2360 1192 2430 ἀνθρώπους
1233 2365 1313 2423 είς
1360 2366 1419 2415 τὸ
1464 2364 1793 2434 ζητούμενον

214 2452 389 2513 τέλος.
414 2451 475 2505 Εἰ
501 2450 608 2520 γὰρ
636 2451 761 2519 ἐνῆν
787 2452 986 2519 λόγοις,
1008 2454 1107 2506 οὐκ
1142 2454 1207 2506 ἂν
1248 2455 1466 2526 ἐδέησεν
1490 2457 1666 2527 ἔργων
1697 2446 1801 2510 καὶ

216 2545 422 2597 τούτων
458 2544 782 2611 ὑπερφυῶν,
816 2544 949 2597 Θεοῦ
983 2547 1354 2615 σαρκουμένου
1399 2552 1491 2601 καὶ
1528 2566 1793 2619 σταυρου⁹

221 2635 388 2703 μένου
436 2633 533 2687 καὶ
590 2635 1044 2705 ἀποθνήσκοντος.
1095 2635 1264 2690 Τοῦτο
1292 2638 1348 2691 δὲ
1386 2638 1541 2709 δῆλον
1576 2643 1793 2709 ἐγίνετο

217 2725 280 2789 ἐξ
328 2728 500 2795 ἀρχῆς
545 2724 605 2790 ἐξ
654 2726 831 2778 αὐτῶν
876 2726 984 2778 τῶν
1041 2727 1263 2796 πατρῶν
1316 2729 1448 2797 ἡμῖν
1492 2731 1591 2798 τῆς
1634 2734 1787 2784 εὐσε-

217 2818 375 2880 δείας
424 2821 518 2871 καὶ
561 2819 669 2871 τῶν
714 2820 1050 2873 ἀποστόλων.
1100 2821 1285 2890 nam;
1332 2823 1439 2892 γὰρ
1497 2824 1797 2878 ἀπολελαυ-

221 2911 379 2971 κότες
432 2909 799 2973 διδασκαλίας
857 2912 949 2962 καὶ
1008 2910 1178 2963 ταῦτα
1238 2912 1406 2965 αὐτοῦ
1455 2913 1549 2967 τοῦ
1608 2915 1791 2985 Σωτή-

225 3019 317 3069 ρος
382 3003 475 3054 καὶ
529 3002 719 3054 θεαταὶ
766 3000 1047 3069 γενόμενοι
1098 3002 1340 3067 πάντων,
1390 3006 1483 3056 καὶ⁵
1544 2998 1618 3059 ὧν
1670 3024 1798 3060 κατ-

220 3094 377 3147 έθετο
431 3097 496 3162 τῇ
558 3093 719 3160 φύσει
773 3094 1009 3163 χαρίτων
1071 3094 1162 3147 καὶ
1214 3092 1289 3148 ὧν
1344 3097 1604 3166 ἠνέσχετο
1657 3100 1796 3169 ὑπὲρ

1888 632 2005 672 sam
2034 620 2303 672 rationem
2343 621 2395 673 in
2432 619 2613 673 anima
2655 619 2926 689 producit,
2964 620 3044 674 sic
3093 628 3149 674 et
3193 634 3460 673 amorem.

1889 710 2056 781 Igitur
2086 712 2132 764 si
2166 710 2469 766 Salvatoris
2513 711 2755 767 Charitas
2788 713 2839 767 in
2877 712 3036 767 nobis
3062 711 3201 767 nihil
3232 727 3462 774 novum,

1889 815 1988 853 nec
2015 800 2169 854 valde
2197 802 2577 855 admirandum
2604 816 2714 869 pra:
2738 817 2793 857 se
2821 803 3029 865 tulerit,
3057 803 3189 855 satis
3209 811 3459 871 apparet,

1887 906 1987 945 nos
2031 893 2165 946 solis
2202 891 2270 948 de
2298 907 2366 948 eo
2395 894 2621 949 vocibus
2661 895 2861 964 potitos
2888 912 2903 947 :
2934 911 2963 949 e
2986 894 3188 965 quibus
3218 908 3461 965 quonam

1887 991 2047 1050 pacto
2094 983 2231 1037 bene
2276 983 2437 1038 liceat
2466 999 2818 1053 cognoscere,
2866 984 2953 1039 cui
2991 986 3123 1040 nihil
3156 994 3240 1041 est
3282 984 3463 1040 simile

1887 1058 2145 1142 reperire,
2183 1090 2355 1143 neque
2387 1076 2532 1145 quod
2566 1076 2641 1129 illi
2674 1086 2729 1132 et
2766 1077 2887 1130 aliis
2916 1091 3210 1133 commune
3239 1078 3331 1140 sit,
3360 1092 3463 1132 nec

1887 1166 2197 1232 exemplum
2236 1169 2301 1219 ad
2334 1168 2479 1235 quod
2518 1178 2888 1236 comparetur,
2920 1182 3100 1238 neque
3132 1168 3335 1238 quibus
3376 1168 3465 1222 ille

1888 1260 2137 1326 exemplo
2172 1260 2279 1312 sit?
2313 1259 2601 1324 Quomodo
2646 1262 2774 1314 hinc
2822 1260 3118 1316 bonitatem
3168 1261 3468 1330 perspicie-

1889 1364 2030 1409 mus,
2066 1364 2115 1404 et
2160 1359 2218 1403 ιιι
2261 1352 2382 1417 eius
2433 1352 2674 1405 bonitate
2706 1353 2927 1422 dignum
2962 1362 3067 1417 est,
3099 1369 3223 1407 eum
3253 1354 3467 1409 amabi-

1889 1439 2050 1491 mus?
2101 1438 2203 1503 Qui
2256 1456 2420 1509 porro
2472 1444 2608 1496 adeo
2639 1452 2848 1507 amant,
2904 1454 2959 1497 ut
3016 1456 3229 1500 natura:
3266 1446 3467 1502 finibus

1888 1531 2094 1598 egressi
2120 1532 2323 1599 majora
2346 1542 2401 1585 et
2427 1534 2684 1588 studeant
2705 1535 2938 1600 edicere,
2960 1547 3012 1592 et
3043 1540 3277 1607 possint,
3300 1556 3464 1609 quam

1891 1621 2141 1676 homines
2186 1623 2270 1678 l'as
2303 1637 2386 1678 est
2430 1626 2694 1693 cogitare,
2730 1627 2828 1682 hos
2864 1629 2977 1697 ipse
3014 1646 3249 1696 sponsus
3280 1633 3463 1687 vulneo

1892 1715 2051 1775 ravit,
2088 1716 2204 1783 ipse
2245 1716 2457 1769 radium
2500 1718 2926 1785 pulchritudinis
2949 1736 3065 1774 sure
3097 1722 3273 1776 oculis
3319 1724 3469 1788 ipso-

1894 1815 2012 1855 rum
2046 1804 2292 1859 immisit.
2332 1805 2763 1875 Magnitudinem
2799 1811 2944 1861 enim
2984 1810 3233 1864 vulneris
3280 1812 3467 1876 telum,

1892 1904 1948 1949 ct
1975 1880 2377 1951 vulneratorem
2404 1912 2561 1951 amor
2593 1900 2855 1954 declarat.
2888 1894 2952 1953 Et
2986 1902 3088 1955 hoc
3108 1917 3138 1955 a
3160 1901 3337 1957 Veteri
3364 1903 3463 1958 Ted

1894 1994 2167 2038 stamento
2192 2000 2393 2041 novum
2429 1988 2633 2051 diﬂ‘ert,
2665 1999 2720 2043 et
2752 1992 2854 2045 hoe
2886 1994 3083 2047 melius
3120 1995 3467 2065 habet,quod

1896 2091 2024 2134 tunc
2058 2080 2280 2150 quidem
2313 2083 2477 2136 verba
2513 2090 2693 2149 erant,
2726 2100 2846 2153 qua:
2881 2086 3202 2141 crud'rrent:
3242 2096 3296 2141 at
3324 2104 3469 2145 nunc

1896 2182 2137 2237 praesens
2170 2170 2289 2239 ipse
2321 2170 2574 2225 Christus
2603 2172 2858 2227 ineﬂ‘abili
2890 2176 3125 2243 quodam
3164 2177 3327 2231 modo
3355 2179 3469 2231 anis

1897 2274 2013 2313 mas
2064 2268 2283 2315 tractat.
2333 2259 2595 2317 Sermone
2644 2264 2789 2317 enim
2863 2265 3116 2320 doctrina
3166 2278 3221 2322 et
3264 2270 3473 2338 legibus

1899 2344 2149 2405 homines
2198 2351 2358 2405 linem
2388 2362 2707 2421 exoptatum
2746 2356 3013 2424 attingere
3055 2372 3162 2412 non
3198 2370 3471 2427 poterant.
3532 2404 3536 2407 .

1898 2440 1955 2494 Si
1988 2443 2131 2495 enim
2175 2442 2356 2497 verbis
2388 2444 2718 2511 potuissent,
2748 2446 3010 2514 operibus
3037 2464 3141 2501 non
3170 2450 3470 2519 eguissent.

1897 2540 1950 2587 et
2006 2534 2114 2587 illis
2168 2534 2389 2602 quidem
2448 2535 2951 2600 excellentissimis.
3005 2540 3113 2593 Deo
3166 2540 3471 2607 incarnato,

1898 2626 2175 2689 cruciﬁxo,
2228 2634 2283 2679 ct
2324 2634 2564 2680 mortuo.
2611 2630 2787 2698 Atque
2830 2631 2970 2685 istuc
3022 2634 3309 2701 apostolis,
3344 2634 3473 2689 ηιμ

1898 2716 2075 2785 gionis
2121 2723 2321 2769 nostra:
2362 2718 2687 2785 parentibus
2737 2720 2803 2773 ab
2855 2721 3013 2775 initio
3063 2723 3277 2778 claruit.
3335 2727 3474 2780 Nam

1899 2821 2022 2862 cum
2069 2807 2214 2861 omni
2257 2808 2531 2873 doctrina,
2585 2818 2640 2863 et
2687 2811 2905 2879 quidem
2958 2814 3129 2882 ipsius
3178 2814 3476 2875 Salvatoris

1900 2904 2095 2958 imbuti
2143 2918 2208 2957 ac
2243 2905 2408 2973 pasti',
2435 2906 2557 2973 ejus
2597 2908 2873 2961 actionum
2949 2910 3474 2983 miraculorumque,

1899 3005 1953 3049 et
2026 2996 2438 3059 beneﬁciorum,
2485 3013 2608 3066 qua:
2674 3008 2883 3053 natura:
2940 3010 3143 3054 nostra:
3200 3007 3473 3071 praestitit,

1902 3096 2239 3158 spectatores
2278 3086 2403 3142 facti
2440 3100 2648 3153 eSSent,
2688 3107 2920 3159 quzeqne
2971 3092 3255 3148 hominum
3308 3111 3475 3152 causa

216 3180 327 3236 τῶν
366 3183 685 3253 ἀνθρώπων,
739 3185 832 3237 καὶ⁵
884 3183 958 3247 ὡς
1006 3185 1290 3239 ἀποθανὼν
1337 3188 1577 3257 ἀνεϐίον,
1606 3194 1696 3245 καὶ
1721 3196 1792 3257 ὼς

1903 3179 2192 3243 sustinuit,
2240 3189 2294 3233 et
2340 3179 2490 3235 illius
2546 3182 2597 3234 in
2647 3182 2809 3236 vitam
2874 3184 3141 3249 reditum,
3198 3186 3249 3241 in
3304 3190 3477 3245 caelos

222 3272 545 3344 κατειλήφει
584 3275 673 3326 τὸν
701 3275 930 3344 οὐρανόν
993 3276 1084 3328 καὶ
1113 3275 1285 3329 ταῦτα
1338 3280 1513 3332 πάντα
1545 3298 1795 3353 καταμα-

220 3368 408 3429 θόντες
435 3368 581 3436 ὅμως
603 3366 754 3420 οὐδὲν
782 3366 963 3419 καινὸν
984 3367 1105 3419 οὐδὲ
1138 3372 1384 3435 γενναῖον
1410 3372 1527 3424 οὐδὲ
1554 3390 1797 3442 πνευμα-

219 3460 375 3512 τικὸν
423 3458 543 3510 οὐδὲ
593 3459 685 3511 τοῦ
745 3458 973 3510 παλαιοῦ
1027 3458 1235 3526 βέλτιον
1281 3462 1647 3528 ἐπεδείξαντο,
1691 3465 1795 3525 ἕως

224 3550 616 3603 ἐϐαπτίσαντο.
650 3550 947 3618 Γενομένου
977 3550 1032 3601 δὲ
1072 3550 1255 3613 αὐτοῖς
1288 3552 1381 3605 τοῦ
1424 3554 1797 3625 βαπτίσματος

223 3644 317 3694 καὶ
350 3640 441 3693 τοῦ
472 3641 829 3711 Παρακλήτου
866 3644 982 3703 ταῖς
1011 3641 1212 3711 ψυχαῖς
1250 3643 1431 3695 αὐτῶν
1462 3646 1798 3713 ἐμπεσόντος

222 3732 380 3785 αὐτοί
403 3749 461 3784 τε
491 3733 737 3799 ἐγένοντο
762 3732 942 3785 καινοὶ
967 3735 1059 3784 καὶ
1086 3732 1230 3801 ζωῆς
1257 3734 1582 3788 ἐπελάόοντο
1603 3740 1797 3808 καινῆς

224 3825 323 3877 καὶ
370 3823 479 3883 τοῖς
528 3822 708 3883 ἄλλοις
766 3822 1062 3892 ἡγήσαντο,
1112 3824 1206 3877 καὶ
1253 3825 1343 3877 τὸν
1382 3828 1508 3894 περὶ
1564 3828 1799 3894 Χριστὸν

226 3912 393 3965 πόθον
426 3915 520 3963 καὶ
562 3912 772 3972 ἑαυτοῖς
813 3912 906 3964 καὶ
941 3913 1051 3974 τοῖς
1093 3913 1273 3977 ἄλλοις
1314 3915 1546 3984 ἀνῆψαν.
1584 3918 1645 3969 El
1690 3921 1799 3991 γάρ

227 4007 324 4059 καὶ
368 4003 444 4073 τῷ
486 4003 619 4073 ἡλίῳ
660 4003 913 4071 παρῆσαν
954 4003 1047 4055 καὶ
1086 4003 1296 4073 διαίτης
1342 4006 1662 4060 ἐκοινώνουν
1706 4013 1799 4063 xui.

226 4097 427 4162 λόγων,
471 4093 583 4146 ἀλλ’
626 4088 695 4163 ῆν
727 4090 980 4160 αἴσθησις
1009 4092 1191 4156 αὐτοῖς
1232 4093 1583 4163 τῆς·ἁκτίνος
1620 4098 1795 4165 οὔπω,

228 4188 307 4259 μὴ
344 4185 656 4254 δεξαμένοις
695 4183 753 4237 τὸ
787 4184 1159 4252 πνευματικὸν
1201 4188 1376 4238 ἐκεῖνο
1419 4187 1666 4259 λουτρὸν,
1706 4193 1798 4243 τὸν

233 4281 350 4331 ἴσον
379 4278 445 4348 δὴ
469 4277 668 4347 τρόπον
717 4276 807 4328 καὶ
841 4276 964 4339 τοὺς
1002 4275 1191 4344 ἁγίους
1222 4276 1349 4344 ἑξῆς
1388 4278 1635 4343 ἅπαντας
1680 4282 1797 4335 ita.

230 4374 460 4426 λείωσεν
488 4373 517 4423 ό
536 4370 667 4431 Θεός
733 4369 826 4421 καὶ
854 4368 1172 4436 ἐπέγνωσαν
1197 4370 1362 4423 αὑτὸν
1394 4372 1485 4424 καὶ
1515 4373 1799 4442 ἐφίλησαν,

1900 3287 2186 3327 ascensum
2221 3271 2505 3333 vidissent,
2546 3288 2669 3325 cum
2730 3274 2980 3343 inquam,
3026 3277 3141 3331 bare
3172 3280 3357 3334 omnia
3390 3282 3477 3336 di-

1897 3364 2181 3425 dicissent,
2227 3362 2359 3415 nihil
2424 3374 2605 3418 tamen
2655 3379 2878 3429 novum,
2933 3368 3068 3421 nihil
3128 3385 3475 3439 generosum,

1898 3455 2034 3508 nihil
2070 3455 2376 3525 spirituale.
2416 3471 2515 3510 nec
2544 3465 2820 3511 vetustate
2861 3461 3054 3516 melius
3088 3472 3474 3519 ostentarunt:

1897 3546 2070 3601 donec
2113 3546 2389 3616 baptismo
2433 3548 2589 3601 liltCti
2634 3560 2785 3614 sunt,
2834 3565 2942 3619 quo
2974 3553 3191 3622 adepto,
3224 3567 3277 3608 et
3307 3553 3480 3611 Para-

1898 3640 2041 3694 cleto
2087 3654 2279 3691 eorum
2310 3639 2509 3693 animis
2534 3640 2751 3709 illapso,
2780 3650 2833 3694 et
2873 3642 2975 3709 ipsi
3004 3655 3300 3700 evaserunt
3326 3650 3477 3713 novi,

1899 3739 1954 3785 et
2002 3732 2162 3784 vitam
2212 3746 2406 3786 novam
2456 3733 2958 3801 apprehenderunt,
3014 3744 3069 3791 et
3110 3741 3324 3794 caeteris
3354 3756 3477 3797 sese

1899 3821 2066 3874 duces
2104 3820 2157 3873 in
2212 3836 2275 3874 ea
2326 3822 2699 3888 praebuerunt,
2733 3822 3050 3893 Christique
3096 3842 3337 3883 amorem
3373 3831 3482 3885 sibi

1899 3920 1953 3967 et
2002 3912 2123 3967 aliis
2166 3913 2577 3981 implicuerunt.
2630 3913 2955 3985 Quanquam
3010 3919 3154 3971 enim
3190 3935 3315 3975 cum
3367 3922 3481 3977 sole

1902 4005 2283 4063 versabantur.
2319 4019 2426 4057 non
2470 4006 2997 4074 tamen,spiritualis
3046 4007 3253 4064 lavacri
3300 4010 3483 4069 adhuc

1899 4102 2170 4161 expertes,
2210 4094 2421 4147 radium
2473 4096 2806 4150 sentiebant.
2845 4096 2926 4151 Ad
2968 4100 3221 4153 eumdem
3257 4102 3478 4155 modum

1899 4196 1953 4239 et
1983 4196 2203 4240 sanctos
2228 4185 2491 4255 deinceps
2523 4202 2715 4242 omnes
2742 4186 2972 4257 perfecit
3001 4190 3164 4254 Deus,
3190 4203 3243 4247 et
3268 4207 3477 4263 cognos-

1902 4287 2098 4331 verunt
2126 4291 2276 4339 cum,
2310 4286 2364 4331 et
2402 4278 2747 4333 dilexerunt:
2782 4293 2888 4333 non
2919 4284 3268 4340 sermonibus
3320 4287 3481 4343 nudis

1902 4371 2104 4432 allecti,
2128 4372 2222 4425 sed
2254 4371 2456 4426 lavacri
2486 4374 2684 4430 virtute
2715 4377 3031 4445 praeparati,
3062 4378 3184 4446 ipso
3207 4376 3484 4436 fortnante

224 4466 288 4518 ού
332 4464 509 4530 λόγοις
546 4459 989 4531 παρακληθέντες
1040 4459 1238 4527 ψιλοῖς,
1272 4462 1410 4515 ἀλλά
1444 4466 1508 4533 τῇ
1548 4464 1641 4517 τοῦ
1682 4468 1792 4519 λουε

1902 4476 1957 4519 et
2001 4473 2245 4530 aptante,
2292 4466 2397 4533 qui.
2425 4466 2691 4535 diligitur,
2730 4469 2823 4539 qui
2877 4480 2973 4522 cor
3003 4470 3270 4525 mundum
3306 4477 3483 4538 creat,

225 4552 360 4624 τροῦ
383 4552 607 4621 δυνάμει
631 4550 989 4613 διατεθέντες,
1017 4550 1180 4603 αὑτοῦ
1209 4552 1537 4617 πλάττοντος
1566 4558 1660 4609 καὶ
1683 4558 1792 4609 δια-

1902 4563 1955 4608 et
1981 4553 2160 4607 aufert
2194 4553 2491 4623 lapideum,
2530 4565 2583 4609 et
2629 4559 2845 4626 reponit
2882 4573 3164 4626 carneum,
3199 4569 3484 4631 stuporem

226 4647 470 4707 τιθέντος
502 4642 596 4696 τοῦ
615 4642 959 4711 φιλουμένου,
998 4641 1057 4704 ὃς
1079 4643 1251 4707 κτίζει
1284 4645 1511 4713 καρδίαν
1544 4647 1798 4717 σαρκίαν,

228 4735 331 4803 τὴν
370 4731 730 4799 ἀναισθησίαν
757 4731 1057 4797 ἐκϐάλλων,
1094 4734 1192 4784 καὶ
1220 4734 1419 4802 γράφει
1455 4720 1575 4804 μὲν⁹
1614 4736 1729 4789 ἀλλ’

232 4842 365 4894 φησι
397 4822 607 4886 Παῦλος
635 4837 647 4854 ’
684 4842 702 4873 ι
737 4825 836 4876 οὐκ
864 4824 921 4875 ὲν
943 4821 1103 4887 πλαξὶ
1127 4823 1378 4890 λιθίναις,
1414 4826 1527 4877 ἀλλ’
1554 4828 1610 4879 ὲν
1636 4829 1800 4892 πλαξὶ

234 4915 459 4985 καρδίας
495 4914 807 4983 σαρκίναις,
835 4932 853 4964 ι
895 4912 989 4966 καὶ
1013 4914 1075 4967 οὐ
1114 4916 1274 4983 νόμον
1305 4916 1512 4980 ἁπλῶς,
1545 4918 1678 4971 ἀλλὰ
1708 4920 1799 4972 τὸν

230 5006 527 5076 νομοθέτην
552 5002 730 5067 αὑτὸν,
750 5006 910 5070 αὐτὸς
936 5004 1145 5057 ἑαυτόν.
1164 5005 1333 5059 Τοῦτο
1368 5006 1422 5061 δὲ
1451 5009 1664 5071 πολλοῖς
1693 5010 1799 5063 τῶν

232 5099 406 5166 ἁγίων
441 5098 535 5151 καὶ
575 5095 931 5166 φανερώτατα
970 5096 1258 5165 διεδείχθη,
1298 5096 1392 5160 οὒς
1439 5099 1576 5169 μήτε
1621 5098 1797 5168 λόγοις

229 5188 460 5258 τάληθὶς
497 5188 686 5255 μαθεῖν
732 5186 1081 5256 δυνηθέντας,
1123 5190 1258 5258 μήτε
1288 5189 1530 5257 θαύμασι
1574 5208 1671 5259 την
1703 5191 1797 5244 τοῦ

232 5280 639 5349 κηρυττομένου
660 5278 885 5346 δύναμιν
914 5280 1231 5347 ὲπιγνόντας
1259 5270 1616 5351 Χριστιανοὺς
1645 5283 1774 5353 ἀκρι

233 5369 351 5433 ὂείς
385 5369 589 5439 ἀθρόον,
612 5367 861 5433 ἀπέδειξε
893 5368 1186 5438 δεξάμενον
1215 5371 1274 5421 τὸ
1306 5371 1549 5439 λουτρόν.

303 5460 615 5531 Πορφύριος
647 5460 776 5528 γοῦν
803 5464 829 5513 ὁ
857 5460 1125 5529 μακάριος
1157 5463 1250 5513 ἐπὶ
1280 5462 1387 5513 τῶν
1418 5462 1631 5531 καιρῶν
1654 5468 1803 5528 γενό-

232 5569 392 5623 μενος
442 5551 692 5614 ἐκείνων,
719 5555 776 5605 ὲν
824 5546 905 5613 οἷς
936 5554 964 5605 ὁ
1010 5551 1103 5603 τοῦ
1138 5552 1373 5620 Χριστοῦ
1407 5554 1571 5622 νόμος
1612 5555 1791 5625 πάσης

230 5644 454 5713 ἐκράτει
477 5646 573 5712 τῆς
600 5644 947 5711 οἰκουμένης,
979 5646 1071 5693 καὶ
1095 5644 1190 5708 τῆς
1228 5644 1322 5712 μὲν
1353 5644 1534 5711 φωνῆς
1566 5644 1672 5695 τῶν
1700 5661 1797 5709 κη-

302 5824 372 5855 ’⁶⁶
418 5820 610 5874 Ezccli.
645 5836 719 5880 xl,
765 5821 862 5882 19;
892 5819 1030 5875 Psal.
1071 5839 1121 5883 ι,,
1166 5824 1249 5876 l2.
1326 5823 1372 5854 ⁷⁸
1414 5822 1451 5876 ll
1483 5822 1606 5875 Cor.
1650 5836 1729 5886 ιιι,
1772 5823 1824 5874 5.

557 5915 824 5974 ΡΑΤιιυι..
867 5917 982 5975 (in.
1023 5917 1144 5976 CL.

1901 4644 2238 4713 cjiciens"'.
2284 4645 2348 4699 Et
2379 4646 2569 4701 scribit
2614 4649 2857 4716 quidem,
2916 4664 3134 4718 verum,
3177 4660 3237 4706 ut
3283 4651 3485 4709 Paulus

1905 4738 2001 4801 ait,
2063 4754 2081 4788 ι
2121 4752 2226 4790 non
2261 4738 2313 4789 in
2342 4737 2539 4792 tabulis
2570 4738 2820 4808 lapideis,
2857 4741 2951 4796 sed
2982 4741 3035 4795 in
3069 4741 3266 4797 tabulis
3296 4744 3486 4800 cordis

1904 4827 2311 4892 carnalibus",
2341 4845 2360 4877 ι
2396 4838 2451 4882 et
2505 4844 2613 4883 non
2669 4829 2841 4899 legem
2896 4833 3241 4900 simpllciter,
3280 4836 3374 4889 sed
3410 4833 3485 4888 le-

1906 4920 2223 4988 gislatorem
2263 4920 2461 4988 ipsum,
2501 4921 2619 4989 ipse.
2651 4922 3027 4992 semetipsum.
3066 4920 3180 4979 Hoc
3206 4923 3260 4980 in
3295 4928 3482 4981 multis

1909 5019 2250 5073 sanetorum,
2270 5011 2825 5081 manifestissimeque
2852 5023 3191 5083 perspectum
3219 5026 3324 5080 est,
3348 5032 3486 5087 quos

1908 5115 2034 5154 cum
2092 5114 2267 5169 neque
2316 5102 2497 5157 verbis
2551 5102 2833 5157 veritatem
2880 5104 3090 5159 discere
3156 5108 3483 5174 potuissent,

1912 5206 2010 5244 nec
2076 5190 2355 5245 miraculis
2418 5192 2723 5245 sbseunditi
2787 5194 3042 5247 virtutem
3101 5210 3483 5265 agnoscerent,

1910 5291 2221 5351 susceptum
2292 5282 2563 5336 lavacrum
2618 5280 2967 5339 Christianos
3036 5286 3487 5354 przeelarissimos

1915 5374 2095 5429 Subito
2117 5374 2530 5428 demonstravit.

1983 5463 2183 5518 Beatus
2227 5466 2407 5533 itaque
2456 5463 2783 5536 Porphyrius
2816 5482 2937 5521 eum
2989 5465 3100 5522 illis
3150 5470 3488 5537 temporibus

1912 5557 2135 5617 viveret.
2164 5557 2366 5624 quibus
2395 5557 2599 5613 Christi
2637 5559 2719 5613 lex
2754 5566 2925 5612 totum
2958 5558 3144 5612 orbem
3182 5558 3482 5627 subigebat.

1908 5659 2331 5712 paeonumque
2386 5660 2666 5699 sacrorum
2708 5659 2891 5699 vocem
2933 5648 3191 5703 mortales
3244 5645 3486 5701 universi

3081 5914 3155 5976 18
