4154 6308
111 391 172 450 ἷιέ
185 392 219 447 5

1174 389 1265 449 DE
1308 388 1480 446 VITA
1530 385 1609 444 IN
1651 382 1990 445 CllRISTO
2033 386 2180 444 LIB.
2231 385 2306 448 ll.

3257 383 3361 446 5‘6

113 505 308 557 κάλλει
340 503 395 556 δὲ
447 503 754 571 λάμποιτες
801 502 892 554 καὶ
957 501 1053 572 τὴν
1086 500 1234 570 ὥραν
1283 500 1568 563 σώζοντες,
1626 499 1682 569 ἢν

1797 511 2109 566 sponsoque
2133 499 2242 551 sint
2270 497 2472 560 idonei,
2507 496 2669 565 geniti
2713 497 2929 565 quidem
2965 510 3102 550 nova
3133 510 3362 564 genera-

113 598 303 657 αὺττιίς
336 597 618 665 ἐνεποίησε
665 597 722 648 τὸ
772 593 1016 663 λουτρὸν,
1059 595 1143 646 ὅτι
1199 613 1216 644 ι
1258 594 1454 662 ὡραῖος
1506 591 1689 644 κάλλει

109 687 270 756 παρὰ
298 691 424 748 τοὺς
455 688 597 748 υἱοὺς
633 686 959 754 ἀνθρώπων,
993 706 1010 736 ι
1047 688 1138 737 καὶ
1189 690 1288 751 τὴν
1321 684 1418 754 μὲν
1449 683 1690 752 κεφαλὴν

109 776 364 826 ἑστῶσαν
397 775 630 843 ἔχοντες,
687 769 794 826 οἷαι
825 775 934 826 τῶν
959 774 1380 844 ὀλυμπιονίκων,
1415 775 1508 827 ὅτι
1567 773 1688 825 στέ-

113 866 281 930 φανός
307 868 478 927 ἐστιν,
508 858 620 917 ὦτα
667 865 723 916 δὲ
755 866 833 916 ὅτι
890 865 1065 931 λόγος,
1128 866 1438 934 ὀφθαλμοὺς
1503 866 1558 918 δὲ
1607 866 1687 917 ὅτι

111 955 286 1022 ἥλιος,
324 955 594 1023 ὃσιξρησιν
633 955 686 1007 δὲ
739 955 821 1006 ὃτι
868 955 960 1006 καὶ
1008 955 1176 1024 μύρον
1211 957 1358 1008 ἐστὶν
1404 959 1432 1009 ὁ
1460 956 1688 1024 νυμφίος

112 1047 208 1097 καὶ
234 1045 406 1112 μύρον
437 1045 760 1110 ὲκκενωθὲν,
789 1049 973 1115 σεμνοὶ
1000 1047 1056 1099 δὲ
1090 1050 1184 1098 καὶ
1212 1048 1430 1101 ἐπὶτῶν
1457 1050 1688 1118 ίματίων

110 1136 200 1187 διὰ
233 1139 326 1188 τὸν
349 1137 554 1206 γάμον.
1045 1132 1047 1134 ’

185 1309 336 1366 Εἶεν.
370 1313 553 1367 Ταῦτα
575 1315 630 1368 δὲ
651 1316 746 1368 καὶ
774 1316 906 1385 πρὸς
943 1317 1131 1387 ἕτερον
1171 1320 1326 1389 φέρει
1359 1319 1578 1388 ζήτημα
1609 1319 1687 1371 δί-

110 1407 269 1455 καιον
301 1404 362 1456 ὃν
397 1407 470 1476 μὴ
510 1406 838 1476 περιῶφθαι.
889 1409 949 1461 Εἰ
983 1409 1090 1478 γὰρ
1123 1411 1183 1462 τὸ
1229 1411 1326 1477 μὲν
1356 1411 1562 1462 ἐθέλειν
1592 1409 1686 1462 καὶ

111 1498 408 1549 πιστεῦσαι
434 1498 527 1550 καὶ
559 1499 879 1568 προσελθεῖν
904 1501 1015 1553 τῶν
1043 1501 1136 1554 τοῦ
1155 1502 1547 1571 ,βαπτίσματος
1579 1500 1683 1553 δὼς

111 1604 222 1654 ρων
239 1590 515 1658 ἐπιτυχεῖς
536 1591 863 1660 γεγενῆσθαι
911 1594 1340 1661 παρασκευάσει,
1360 1594 1418 1646 τὸ
1435 1593 1491 1645 δὲ
1513 1594 1686 1647 ταῦτα

111 1678 340 1745 φεύγειν
371 1682 465 1731 καὶ
488 1682 587 1749 τὴν
618 1685 998 1753 μακαριότητα
1030 1687 1206 1736 πᾶσαν
1229 1685 1442 1753 ἐκείνην
1461 1685 1683 1751 φεύγειν

110 1769 279 1834 ἐστὶν,
317 1773 444 1834 τοὺς
476 1774 612 1841 μετὰ
645 1773 705 1825 τὸ
748 1773 930 1826 λαϐεῖν
960 1776 1223 1845 ῥίψαντας
1261 1781 1353 1830 καὶ
1396 1777 1494 1846 τῆς
1547 1776 1683 1844 Μ’
1716 1823 1757 1879 Β

113 1877 222 1929 μης
271 1862 372 1930 τῆς
419 1864 692 1932 προτέρας
737 1865 962 1926 ἑαυτοὺς
1015 1866 1402 1935 μεμψαμένους
1454 1866 1549 1918 καὶ
1595 1867 1684 1918 τὸν

109 1953 345 2022 Εριστδν
367 1954 724 2024 ὴρνημένους,
751 1957 966 2009 ἐπειδὰν
989 1958 1066 2022 εις
1098 1959 1198 2027 τὴν
1230 1957 1571 2027 Ἐκκλησίαν,
1600 1957 1686 2024 ἐφ’

107 2042 188 2105 οἷς
235 2045 549 2113 ὴνόμησαν,
603 2048 958 2115 μεταγνόντες
1005 2048 1407 2116 αὑτομολῶσιν,
1460 2051 1488 2101 ό
1541 2049 1685 2118 ίερδς

109 2136 333 2202 θεσμὸς,
361 2137 649 2190 ἀκόλουθον
673 2138 732 2191 ὃν
758 2140 847 2191 ἐπὶ
869 2140 928 2192 τὸ
959 2140 1181 2210 λουτρὸν
1202 2141 1396 2203 αὐτοὺς
1417 2141 1568 2207 ἄγειν
1592 2143 1684 2193 καὶ

106 2228 173 2278 τὰ
215 2228 453 2294 μυστικὰ
488 2230 660 2281 τελεῖν
697 2230 756 2294 ἐξ
788 2231 962 2300 ἀρχῆς
993 2232 1140 2284 ὠσὰν
1172 2232 1232 2283 τὸ
1271 2233 1374 2284 πᾶν
1410 2231 1684 2284 ἀπολωλο·

108 2319 294 2383 κότας,
327 2320 355 2370 ὁ
385 2319 441 2370 δὲ
475 2319 551 2386 τῷ
579 2320 709 2389 θείῳ
737 2321 892 2390 μύρῳ
918 2321 984 2374 τὰ
1015 2321 1238 2391 σώματα
1269 2323 1448 2379 αὐτοῖς
1477 2326 1684 2390 ἀποση-

110 2408 422 2476 μηνάμενος
475 2414 566 2463 καὶ
623 2411 788 2481 μηδὲν
833 2413 994 2466 πλέον
1037 2415 1292 2483 προσθεὶς
1340 2413 1432 2466 τοῦ
1482 2413 1681 2465 κύκλου

107 2499 383 2568 γράφεται
417 2502 524 2552 τῶν
563 2504 770 2554 πιστῶν
846 2505 896 2556 τί
927 2500 1019 2557 οὖν
1051 2510 1187 2573 πρὸς
1217 2505 1387 2558 ταῦτα
1424 2506 1564 2557 εἴποι
1599 2523 1681 2567 τις

105 2592 170 2644 ἄν
199 2611 213 2656 ;
267 2594 336 2644 Ἣ
380 2595 522 2646 δυεῖν
551 2596 754 2647 τούτων
781 2596 909 2664 ἡμῖν
941 2596 1036 2666 τὴν
1070 2598 1205 2664 πρὸς
1245 2595 1374 2648 Θεὸν
1405 2596 1683 2648 εὐσέϐειαν

105 2682 445 2752 δυναμένων.
471 2685 563 2738 τοῦ
595 2703 653 2737 τε
678 2686 861 2739 λαϐεῖν
890 2687 1168 2756 ὀφθαλμὸν
1197 2688 1302 2739 ἀπὸ
1335 2688 1440 2738 τῶν
1476 2705 1682 2757 μυστηο

110 2774 258 2837 ρὲων,
287 2775 381 2827 τοῦ
420 2793 478 2827 τε
514 2775 748 2846 χρῆσθαι
799 2779 893 2830 καὶ
927 2779 1060 2846 πρὸς
1099 2777 1200 2846 τὴν
1228 2780 1417 2830 ἀκτῖνα
1467 2779 1681 2848 ἐκείνην

110 2866 264 2932 όρᾷν,
305 2867 418 2928 τοῖς
467 2867 826 2934 προδεδωκόσι
870 2870 960 2920 τὸν
1011 2871 1437 2938 Χριστιανισμὸν
1479 2872 1540 2922 τὸ
1581 2870 1682 2938 μὲν

107 2955 407 3009 ἀπόλλυται
435 2964 495 3008 τὸ
525 2957 797 3029 δεύτερον,
824 2960 998 3012 ἐκεῖνο
1023 2960 1079 3012 δὲ
1112 2963 1294 3028 μένει;
1323 2962 1465 3028 λέγω
1491 2960 1553 3025 δὴ
1583 2960 1680 3029 τὴν

107 3049 242 3114 πρὸς
297 3048 360 3098 τὸ
415 3048 632 3118 βλέπειν
685 3051 1098 3121 ἐπιτηδειότητα
1147 3056 1240 3104 καὶ
1293 3052 1676 3120 παρασκευήν.

1797 589 1962 652 tione,
1992 589 2248 656 quoniam
2286 589 2457 641 Adam
2505 588 2592 640 ille
2636 605 2807 641 novus
2849 597 2962 641 est:
3014 589 3211 640 decore
3259 587 3360 638 ful-

1792 688 2012 748 gentes,
2091 687 2144 731 et
2201 678 2658 747 pulchritudinem
2720 695 2748 731 a
2813 680 3025 731 lavacro
3083 692 3358 744 ουριιριιιιιι

1791 783 2182 824 causervantes
2211 790 2221 822 :
2267 789 2283 821 ι
2315 773 2448 836 Quia
2481 775 2760 839 Speciosus
2790 773 2961 825 forma
2992 780 3074 825 est
3103 788 3208 840 prze
3235 773 3359 825 liliis

1793 861 2075 914 hominum
2107 862 2183 925 7°;
2237 881 2254 912 ι
2325 872 2377 913 et
2430 872 2590 930 eaput
2645 873 2888 916 erectum
2950 865 3248 926 habentes,
3303 874 3359 914 ut

1790 952 2192 1020 olympionicw,
2241 954 2368 1019 quia
2414 968 2613 1004 corona
2649 966 2766 1015 est;
2811 969 2969 1007 aures
2995 965 3198 1016 autem,
3231 956 3357 1022 quia

1792 1040 2013 1092 Verbum
2039 1050 2156 1104 est;
2215 1040 2421 1101 oculos,
2451 1040 2576 1107 quia
2610 1041 2688 1092 sol
2717 1056 2729 1102 ;
2755 1056 2935 1106 nares,
2963 1043 3088 1108 quia
3116 1058 3360 1110 unguen-

1793 1139 1902 1181 tum
1962 1137 2046 1182 est
2095 1142 2328 1195 sponsus
2376 1130 2484 1193 ille,
2538 1139 2591 1181 et
2637 1141 2968 1198 unguentum
3011 1129 3355 1184 eﬂusum":

1791 1219 1978 1271 habitu
2015 1230 2195 1271 autem
2230 1219 2466 1280 honesti,
2498 1227 2714 1286 propter
2741 1221 2980 1287 nuptias.

1859 1307 2054 1361 Ethzec
2085 1307 2305 1376 quidem
2322 1309 2633 1375 hujusmodi
2659 1323 2840 1362 sunto.
2865 1309 3083 1363 Exsistit
3115 1310 3217 1364 hoc
3237 1311 3357 1364 Ιο‹ο

1787 1400 1889 1451 alia
1932 1401 2182 1468 quaestio,
2216 1414 2378 1466 quant
2413 1401 2568 1452 decet
2603 1417 2709 1452 non
2753 1402 3044 1470 negligere.
3085 1401 3138 1454 Si
3207 1406 3348 1456 enim

1789 1489 1943 1553 velle,
1972 1499 2027 1542 et
2092 1489 2435 1542 committere
2497 1504 2574 1552 se,
2647 1499 2698 1542 et
2740 1491 3019 1554 accedere,
3083 1491 3349 1544 donorum

1787 1580 2040 1648 baptismi
2065 1587 2348 1647 compotes
2373 1579 2530 1632 elIicit
2555 1596 2568 1641 ;
2598 1588 2649 1631 et
2680 1580 3027 1649 haecfugere,
3051 1590 3133 1634 est
3166 1580 3354 1650 fugere

1785 1685 2003 1723 omnem
2058 1669 2485 1735 beatitudinem;
2524 1672 2611 1738 qui
2667 1671 2879 1739 ahjecta
2942 1672 3350 1734 communione,

1786 1772 1839 1814 et
1871 1761 2050 1830 priore
2071 1761 2340 1815 sententia
2375 1761 2512 1828 apud
2549 1775 2608 1814 se
2624 1766 2974 1828 reprehensa,
3031 1771 3084 1817 et
3133 1763 3354 1816 Christo

1787 1855 2073 1923 abnegato,
2109 1852 2260 1907 ducti
2287 1852 2624 1920 pmnitudiue
2657 1853 3013 1908 scelerissui
3039 1854 3106 1907 ad
3168 1854 3352 1909 Eccle-

1786 1946 1920 1998 siam
1957 1944 2244 2008 redierint,
2302 1960 2423 1998 cum
2465 1948 2807 2011 consequens
2842 1945 2912 1997 sit
2968 1961 3060 1999 eos
3087 1946 3156 1999 ad
3211 1947 3353 1998 lava-

1785 2053 1937 2090 crum
1963 2036 2144 2090 statim
2176 2036 2393 2099 adducig
2427 2046 2482 2089 et
2531 2037 2594 2090 de
2626 2038 2836 2104 integro
2888 2037 3149 2106 mySIicas
3193 2053 3354 2091 cazre-

1787 2128 2001 2181 monias
2024 2127 2296 2191 adhiberi,
2321 2138 2380 2180 ut
2401 2127 2491 2196 qui
2517 2136 2689 2180 totum
2711 2128 2959 2182 tumlitus
2985 2129 3350 2196 perdiderint;

1784 2220 2043 2272 sacerdos
2069 2228 2247 2271 tamen
2271 2220 2599 2273 auctoritate
2630 2221 2762 2284 legis
2783 2219 3166 2274 ecclesiasticm
3192 2235 3353 2274 sacro

1789 2315 1997 2364 tantum
2028 2312 2148 2364 oleo
2180 2325 2408 2378 corpora
2451 2311 2724 2375 inunctos,
2783 2311 2923 2364 citra
2956 2314 3120 2364 ritum
3157 2314 3348 2372 alium,

1785 2400 1959 2453 ordini
1996 2401 2232 2453 lidelium
2267 2401 2523 2453 restituit.
2580 2400 2716 2465 Quid
2749 2404 2813 2452 ad
2862 2401 2965 2454 hoc
3021 2402 3354 2469 respondet;-

1786 2492 2067 2543 dum?An
2100 2507 2224 2543 cum
2279 2493 2390 2546 hac
2444 2494 2550 2545 duo
2604 2495 2860 2560 pietatem
2927 2506 3164 2546 llOSll‘ulll
3222 2508 3349 2562 erga

1785 2583 1952 2637 Deum
1985 2585 2323 2647 contineant,
2354 2595 2462 2636 tum
2497 2600 2777 2653 accepisse
2805 2586 3021 2637 oculum
3062 2600 3090 2637 a
3147 2586 3351 2653 myste-

1785 2677 1903 2737 riis,
1937 2685 2047 2729 tum
2075 2676 2195 2743 ejus
2234 2692 2389 2728 usum
2425 2677 2644 2737 habere,
2670 2687 2721 2729 et
2750 2677 2960 2728 radium
2984 2677 3134 2728 illum
3177 2677 3353 2728 intnc-

1783 2769 1849 2832 ri,
1883 2769 2292 2822 Christianismi
2334 2769 2706 2838 proditoribus
2760 2786 2930 2829 unum
2975 2770 3160 2838 periit,
3211 2772 3351 2823 alte~

1782 2875 1902 2912 rum
1938 2861 2066 2913 illud
2097 2869 2303 2925 manet,
2361 2861 2578 2915 habitus
2610 2860 2854 2929 inquam,
2882 2871 2936 2914 et
2995 2859 3228 2914 facilitas
3283 2864 3349 2913 ad

1785 2954 2071 3010 videndum
2101 2951 2324 3006 ‘lCausa
2351 2953 2464 3005 haec
2509 2961 2614 3016 est,
2644 2953 2770 3020 quia
2806 2953 2907 3005 hoc
2930 2952 3148 3020 quidem
3171 2951 3356 3004 volen-

1787 3044 1930 3097 tibus
1959 3045 2194 3109 perdere
2226 3043 2391 3106 licet,
2431 3043 2648 3109 quando
2681 3043 2732 3094 in
2770 3052 2957 3096 n0stro
2989 3043 3217 3094 arbitrio
3243 3053 3351 3107 est,

106 3140 284 3192 Αἴτιον
325 3139 381 3191 δὲ
414 3140 496 3192 ὅτι
528 3140 586 3191 τὸ
622 3142 719 3210 μὲν
749 3142 1040 3194 ἀποϐαλεῖν
1089 3143 1266 3209 ἔξεστι
1314 3143 1676 3212 βουλομένοις,

1785 3136 2186 3189 autsolisluce
2241 3133 2557 3201 aspicienda
2608 3133 2891 3198 delectari,
2945 3143 3038 3185 aut
3088 3133 3352 3187 adversus

108 3232 370 3300 ἡμέτερον
400 3231 509 3299 γὰρ
537 3231 569 3301 ἢ
597 3232 819 3301 στέρξαι
842 3233 931 3284 τὴν
961 3234 1111 3303 ἥλιον
1145 3233 1177 3301 ἢ
1213 3233 1346 3302 πρὸς
1371 3233 1468 3303 τὴν
1491 3235 1680 3286 ἀκτῖνα

111 3323 280 3390 μῦσαι
323 3321 414 3373 τὸν
452 3321 725 3389 ὀφθαλμόν
798 3325 856 3375 τό
887 3340 948 3389 γε
983 3325 1088 3392 μὴν
1116 3324 1278 3377 αὑτὸν
1328 3325 1555 3392 ἐκκόψαι
1589 3324 1680 3376 τὸν

105 3411 383 3479 όεθαλμλν
407 3414 500 3464 καὶ
518 3411 616 3480 τὴν
643 3407 838 3466 πλάσιν
862 3415 1076 3486 ἐκείνην
1102 3409 1414 3466 παντάπασί
1442 3415 1680 3481 διαφθεῖ-

109 3519 194 3570 ραι
240 3502 350 3554 τῶν
395 3503 692 3572 ἀμηχάνων
733 3505 881 3573 ἡμῖν.
930 3507 988 3559 El
1033 3507 1142 3577 γὰρ
1184 3509 1294 3560 τῶν
1332 3509 1388 3560 ὲν
1425 3511 1491 3578 τῇ
1531 3509 1674 3578 ψυκῇ

105 3593 403 3662 δυνάμεων,
443 3597 567 3662 μεθ’
636 3588 711 3648 ὧν
755 3598 902 3666 ἡμᾶς
930 3600 963 3667 ἡ
1004 3600 1165 3664 φύσις
1213 3601 1520 3667 ἐγέννησεν,
1569 3601 1678 3653 οὐδ’

105 3685 352 3752 ἡντινοῦν
382 3685 664 3755 δυνάμεθα
691 3687 857 3751 λύειν,
891 3689 1090 3758 ἥκιστα
1119 3689 1184 3760 δὴ
1211 3691 1426 3743 πάντων
1456 3692 1520 3761 ἢν
1548 3693 1678 3760 ἡμῖν

105 3776 418 3854 ἀναγεννῶν
463 3778 622 3840 αὐτὸς
655 3779 873 3846 ἀμέσως
903 3780 1160 3850 ἐνέθηκεν
1185 3783 1211 3834 ὁ
1240 3783 1372 3845 Θεός
1437 3785 1559 3836 ἐπεὶ
1585 3784 1676 3836 καὶ

103 3869 231 3920 αὐτὸ
273 3868 336 3920 τδ
361 3869 419 3920 ἑν
451 3869 583 3937 ἡμῖν
612 3869 934 3940 ἡγούμενον,
970 3872 996 3923 ὃ
1037 3874 1090 3924 τί
1122 3875 1252 3926 ποτέ
1276 3878 1414 3939 ἐστι,
1455 3875 1676 3929 πλάττει

105 3959 196 4012 καὶ
233 3959 507 4030 διατίθησι
556 3960 619 4013 τὸ
663 3961 906 4030 λουτρὸν,
956 3964 1066 4016 εῖτε
1110 3964 1268 4031 λόγου
1317 3967 1412 4019 καὶ
1453 3966 1678 4036 γνώμης

105 4049 430 4120 αὐτονομίαν
455 4089 470 4113 .
493 4049 594 4103 εἷθ’
618 4050 803 4120 ἕτερον
840 4052 1021 4106 ὁτιοῦν
1052 4053 1157 4124 χρὴ
1186 4049 1343 4108 τοῦτο
1364 4056 1602 4124 νομίσαι,
1634 4051 1678 4123 ᾦ

107 4141 248 4191 πᾶσα
289 4139 390 4207 μὲν
433 4139 570 4191 εῐκει
617 4139 845 4208 δύναμις
889 4143 985 4210 τῆς
1035 4143 1215 4211 ψυχῆς
1261 4146 1353 4196 καὶ
1401 4145 1540 4214 πρὸς
1578 4149 1678 4213 τὴν

106 4229 307 4282 ἐκείνου
337 4230 563 4298 φέρεται
590 4239 826 4300 κίνησιν,
848 4233 1156 4286 ὲπιττάττει
1183 4235 1237 4287 δὲ
1265 4236 1419 4288 οὐδὲν
1444 4237 1564 4289 οὐδὲ
1587 4238 1676 4289 δύ-

107 4341 256 4375 ναται
305 4322 691 4390 μεταϐάλλειν,
735 4324 848 4376 ἀλλ’
878 4323 1000 4377 οὐδὲ
1037 4325 1167 4377 αὐτὸ
1200 4327 1361 4380 ἑαυτό
1430 4330 1677 4397 κρεῖττον

105 4417 205 4484 γὰρ
230 4413 388 4466 οὐδὲν
421 4412 618 4477 γένοιτ’
645 4414 710 4466 ἂν
756 4414 975 4478 ἑαυτοῦ,
1016 4417 1109 4468 καὶ
1145 4415 1254 4486 μὴν
1283 4417 1402 4469 οὐδὲ
1428 4419 1520 4469 τὸν
1544 4419 1676 4472 Θεὸν

1783 3225 1995 3278 radium
2060 3223 2178 3287 ejus
2234 3222 2491 3276 claudere
2559 3223 2780 3276 oculum
2838 3240 2851 3276 :
2909 3239 3098 3277 eruere
3166 3236 3348 3277 autem

1782 3315 1962 3382 ipsum
2006 3315 2251 3377 oculum,
2294 3321 2735 3380 structurainque
2784 3313 2928 3365 illam
3003 3315 3214 3381 penitus
3273 3315 3343 3362 vi-

1783 3407 1939 3467 tiare,
2001 3405 2156 3458 nobis
2217 3415 2296 3456 est
2377 3405 2605 3456 nimium
2655 3416 2916 3472 quantum
2980 3407 3212 3457 dtlliciie.
3291 3403 3348 3457 Si

1781 3500 1924 3552 enim
1976 3497 2294 3551 facultatum
2349 3497 2563 3558 animae,
2602 3515 2728 3550 eum
2790 3498 2990 3566 quibus
3045 3514 3142 3551 nos
3190 3509 3349 3549 natu-

1780 3605 1838 3642 ra
1876 3589 2080 3657 genuit,
2109 3589 2428 3656 disperdere
2483 3589 2691 3641 nnllatn
2749 3604 3058 3656 possumus,
3123 3590 3348 3642 minime

1779 3685 2022 3736 omnium
2053 3681 2195 3734 illam
2231 3682 2553 3750 poterimus,
2583 3697 2745 3751 quam
2803 3681 2960 3735 nobis
3024 3696 3350 3750 regeneratus

1781 3775 1897 3844 ipse
1941 3774 2082 3828 Ileus
2111 3791 2208 3843 per
2240 3791 2298 3830 se
2328 3775 2526 3828 indidit
2561 3793 2573 3826 :
2605 3773 2878 3844 siquidem
2921 3785 2973 3828 et
2997 3775 3172 3843 ipsum
3201 3774 3349 3842 quod

1782 3867 1834 3920 in
1861 3867 2016 3920 nobis
2039 3866 2250 3920 obtinet
2285 3867 2673 3934 principatum,
2706 3866 3072 3934 quodcunque
3119 3867 3338 3918 tandem

1779 3967 1883 4021 est,
1920 3957 2117 4011 format
2162 3968 2214 4009 et
2239 3958 2517 4025 componit
2565 3958 2883 4011 lavacrum:
2913 3958 3094 4011 siveid
3119 3957 3348 4010 ratinn‘s

1779 4059 1832 4103 et
1856 4049 2054 4102 tuentis
2081 4051 2419 4113 autonomia,
2446 4049 2560 4103 sive
2585 4048 2731 4102 aliud
2757 4051 3123 4118 quodcunque
3159 4051 3350 4104 exiSti-

1783 4140 2162 4201 mandnmest,
2196 4140 2282 4193 cui
2325 4139 2505 4193 omnis
2528 4142 2721 4192 anima:
2756 4141 2928 4193 virtus
2956 4142 3118 4204 cedit,
3180 4150 3233 4196 ct
3278 4141 3344 4195 ad

1782 4241 1983 4285 motum
2019 4231 2303 4286 illiusscse
2337 4232 2730 4295 accommodat,
2771 4232 2859 4285 cui
2906 4232 3041 4285 nihil
3096 4233 3344 4302 imperat,

1779 4324 2033 4393 quodque
2067 4323 2266 4376 mutari
2294 4337 2324 4375 a
2357 4321 2504 4375 nulla
2537 4338 2593 4376 re
2624 4333 2822 4390 potest.
2855 4321 2960 4377 Sed
3016 4341 3115 4379 nec
3168 4328 3348 4395 ipsum

1778 4413 2131 4481 semetipsum
2165 4421 2341 4466 mutat
2368 4430 2384 4478 ;
2415 4412 2549 4465 nihil
2577 4415 2718 4467 enim
2780 4415 2961 4482 soipso
2979 4418 3174 4472 melius
3233 4417 3345 4470 fieri

105 4477 260 4570 ιίκός,
290 4507 367 4558 Οὐ
408 4506 515 4575 γὰρ
546 4506 787 4573 ἀφέλοιτ’
817 4507 882 4559 ἂν
910 4477 985 4560 ὧν
1020 4477 1158 4576 ἡμῖν
1192 4477 1454 4562 κατέθετο
1489 4509 1676 4581 δώρων

1783 4477 2095 4570 ψιεαιίδθιί
2127 4517 2300 4571 neque
2325 4517 2355 4555 a
2391 4504 2496 4556 Deo
2527 4504 2726 4556 tnntari
2773 4477 2991 4573 aequum
3028 4517 3133 4559 est.
3189 4507 3346 4560 Haud

103 4600 246 4652 οὐδέν
274 4615 291 4630 ο
341 4619 359 4651 ι
431 4599 848 4668 ’Δμεταμέλητα
887 4601 995 4669 γὰρ
1035 4600 1102 4653 τὰ
1139 4601 1476 4671 χαρίσματα,
1519 4605 1680 4673 φησὶ,

104 4693 187 4744 τοῦ
220 4693 384 4758 Θεοῦ,
428 4709 450 4742 ι
479 4691 573 4743 καὶ
603 4691 736 4754 ὅλως
765 4691 990 4761 ἄπειρος
1019 4694 1349 4760 ἁγαθότητος
1379 4693 1454 4745 ὢν
1491 4695 1680 4761 βούλε-

103 4797 182 4832 ται
215 4784 325 4834 πᾶν
356 4781 489 4850 ἡμῖν
515 4779 741 4847 ἀγαθὸν,
783 4781 879 4833 καὶ
913 4781 1094 4833 δίδωσί
1124 4798 1185 4848 γε
1218 4781 1419 4835 ἀλύτου
1454 4784 1552 4851 τῆς
1585 4783 1678 4836 τοῦ

104 4871 445 4937 αὐτεξουσίου
472 4870 761 4941 προεδρίας
793 4871 1182 4941 ὑποκειμένης.
1226 4871 1478 4924 Τοιοῦτπν
1521 4873 1579 4926 δὲ
1618 4873 1678 4926 τὸ

105 4966 186 5016 τοῦ
225 4963 611 5033 βαπτίσματος
639 4963 863 5030 ἀγαθόν.
895 4963 970 5014 Οὐ
1000 4964 1106 5031 γὰρ
1136 4963 1293 5033 ἄγχει
1320 4966 1420 5036 τὴν
1449 4965 1675 5035 γνώμην

105 5058 213 5110 οὐδὲ
236 5056 484 5124 κατέχει,
509 5054 646 5107 ἀλλὰ
669 5054 897 5125 δύναμις
925 5050 1060 5108 οὖσα
1090 5057 1214 5118 τοὺς
1241 5058 1336 5126 μὲν
1357 5059 1675 5126 χρωμένους

105 5148 242 5201 οὐδὲν
264 5146 508 5200 ἐκώλυσε
539 5147 716 5214 μεῖναι
749 5148 1040 5219 πονηροὺς,
1072 5147 1322 5217 καθάπερ
1351 5149 1445 5201 καὶ
1473 5149 1535 5202 τὸ
1568 5152 1673 5202 σῶν

107 5233 236 5303 ἔχειν
273 5235 366 5286 τὸν
399 5232 678 5302 ὀφθαλμὸν
708 5235 808 5286 οὐκ
844 5235 910 5286 ἂν
952 5237 1220 5305 προσταίη
1261 5239 1371 5299 τοῖς
1405 5239 1460 5288 ὲν
1497 5241 1674 5291 σκότει

109 5322 198 5392 ζῇν
225 5324 568 5393 βουλομένοις
589 5341 601 5353 ·
633 5327 726 5377 καὶ
751 5325 909 5393 δῆλον
939 5328 1183 5390 αὐτόθεν,
1208 5330 1361 5381 αὐτοὶ
1393 5332 1499 5400 γὰρ
1527 5326 1671 5384 οὗτοι

113 5414 373 5484 μάρτυρες
406 5416 597 5481 σαφεῖς
626 5417 677 5466 oi.
709 5417 847 5483 μετὰ
879 5417 940 5468 τὸ
971 5417 1268 5471 λούσασθαι
1297 5420 1392 5471 καὶ
1415 5423 1482 5473 τὰ
1524 5423 1668 5472 ἐκεῖο

113 5503 192 5555 θεν
237 5504 423 5558 πάντα
470 5503 658 5558 λαϐεῖν
709 5508 789 5568 είς
838 5509 937 5576 τὴν
985 5509 1224 5579 ἐσχάτην
1278 5511 1532 5565 ἀσέϐειαν
1581 5513 1672 5565 καὶ

116 5596 400 5670 μοχθηρίαν
423 5596 812 5669 ἑξενεχθέντες.
838 5599 938 5653 Διὰ
967 5601 1139 5656 ταῦτα
1162 5602 1342 5657 τοίνυν
1366 5604 1443 5674 τῷ
1469 5607 1544 5675 μη
1572 5606 1670 5667 τὰς

176 5777 378 5833 "Ps-al.
417 5793 543 5843 xcv,
574 5779 626 5834 3.
705 5777 748 5808 "'
791 5776 948 5830 Cant.
983 5796 1020 5843 ι,
1056 5778 1108 5832 ‘2.
1188 5782 1230 5811 τ’
1274 5779 1426 5832 ῐῖιηη.
1472 5796 1542 5844 χι,
1587 5781 1677 5834 ‘20.

1775 4596 1920 4648 enim
1957 4595 2026 4646 de
2053 4594 2213 4647 donis
2244 4594 2360 4649 suis
2389 4596 2497 4648 ullo
2523 4609 2620 4648 nos
2669 4597 2926 4663 spoliabit
2962 4613 2978 4650 :
3016 4615 3034 4648 ι
3073 4597 3165 4650 Dei
3198 4599 3345 4652 enim

1775 4687 1918 4739 dona
1953 4689 2071 4741 sine
2119 4687 2438 4756 paenitentia
2461 4696 2617 4751 sunt,
2657 4706 2674 4738 ι
2716 4689 2890 4757 inquit
2922 4689 3213 4756 Apostolus
3274 4692 3324 4722 τ’

1774 4777 1829 4832 In
1883 4793 2116 4842 summa,
2147 4780 2371 4832 infinita:
2399 4779 2665 4833 bonitatis
2699 4795 2822 4834 cum
2875 4780 2966 4842 sit,
2998 4781 3146 4846 cupit
3170 4790 3222 4834 et
3254 4781 3348 4834 dat

1776 4872 1933 4925 nobis
1962 4886 2124 4925 omne
2177 4872 2403 4937 bonum,
2467 4872 2537 4924 ita
2583 4881 2763 4924 tamen
2829 4881 2888 4923 ut
2931 4873 3344 4941 pra‘rogativam

1776 4977 1930 5016 suam
1966 4963 2136 5017 libera
2169 4962 2422 5017 voluntas
2452 4971 2639 5016 nostra
2673 4978 2890 5032 semper
2914 4964 3169 5018 retineat.
3214 4962 3349 5018 Tale

1776 5063 1859 5108 est
1887 5054 2225 5124 baptismatis
2256 5054 2478 5108 bonum.
2502 5052 2619 5107 Non
2638 5055 2786 5109 enim
2844 5064 3078 5109 mentem
3107 5064 3348 5110 coarctat

1777 5159 1952 5211 neque
1982 5145 2267 5212 opprimit,
2301 5145 2393 5198 scd
2425 5159 2548 5198 cum
2574 5144 2645 5198 sit
2671 5145 2748 5198 vis
2790 5155 2842 5199 et
2898 5144 3148 5208 facultas,
3187 5157 3350 5198 uten-

1776 5236 1920 5290 tibus
1944 5238 2205 5305 prodest;
2249 5252 2355 5290 non
2392 5245 2608 5292 utentes
2637 5246 2814 5289 autem
2860 5252 3083 5290 manere
3141 5238 3350 5304 impro-

1777 5327 1876 5382 bos
1910 5344 2016 5382 non
2040 5337 2186 5382 vetat
2218 5348 2229 5383 :
2266 5330 2406 5383 sicut
2440 5342 2492 5381 et
2523 5345 2714 5383 sanum
2759 5329 2959 5384 habere
3019 5328 3237 5383 oculum
3293 5329 3348 5381 in

1781 5421 2020 5477 tenebris
2045 5422 2324 5475 ambulare
2348 5421 2653 5475 volentibus
2679 5421 3067 5487 impedimento
3089 5435 3194 5472 non
3222 5420 3345 5473 erit.

1783 5515 1959 5584 Hujus
2017 5515 2092 5569 rei
2147 5523 2310 5569 testes
2371 5523 2499 5567 sunt
2561 5515 2822 5570 luculenti
2884 5514 3002 5582 qui,
3059 5523 3348 5579 postquam

1785 5607 1954 5662 abluti
2003 5619 2054 5663 et
2087 5609 2270 5664 omnia
2304 5607 2450 5665 illius
2489 5609 2732 5678 mystcrii
2765 5607 2948 5675 adepti
2981 5606 3234 5669 fuissent,
3293 5604 3350 5656 in
