4154 6308
659 407 775 473 555

1889 404 2195 463 NICOLM
2236 402 2623 462 CABASILJE

3783 406 3889 462 556

662 522 939 583 audirent,
973 529 1025 574 et
1062 519 1366 589 martyricis
1384 517 1776 573 certaminibus
1804 528 1999 585 tropaea
2040 518 2217 585 IllllQUt

2346 519 2522 585 ρύκων
2554 520 2792 587 ἥκουσαν
2824 517 3099 585 ἅνθρωποι
3141 517 3359 581 πάντες,
3392 517 3624 586 τρόπαια
3657 513 3712 567 δὲ
3747 533 3890 583 μαρ-

662 621 1054 671 stutuercntur,
1086 625 1207 679 qum
1237 610 1543 664 evidentius
1570 622 1731 677 quam
1762 622 1858 660 vox
1894 610 2033 676 ipsa,
2068 606 2221 660 Chr".-

659 715 746 759 διο
776 718 899 756 vere
927 704 1146 757 deitatis
1177 703 1543 756 testimonium
1575 705 1784 764 darent,
1825 714 1947 753 cum
1988 699 2227 765 Evange-

658 794 789 846 lium
817 794 1017 849 millies
1058 796 1372 855 audivisset,
1406 803 1591 861 totque
1628 791 2046 845 fortissimorum
2082 790 2226 841 mili-

658 893 795 947 tum,
824 895 877 938 et
906 884 1295 938 miraculorum
1326 894 1599 953 spectator
1631 882 1845 944 fuisset,
1872 881 2228 934 nihilominus

658 976 713 1027 in
746 988 934 1027 errore
965 989 1316 1043 permanens,
1360 972 1704 1026 mendacium
1745 969 1957 1025 veritati
2004 978 2227 1038 antepo-

659 1062 838 1114 nebat.
868 1062 1162 1128 Postquam
1200 1077 1348 1124 vero,
1388 1062 1546 1129 idque
1577 1074 1670 1128 per
1700 1059 1884 1113 ludum
1922 1057 2229 1127 baptizatus

656 1160 767 1215 est,
797 1166 902 1205 non
935 1152 1281 1207 Christianus
1318 1152 1493 1206 solum
1527 1152 1671 1205 illico
1708 1159 1793 1205 est
1828 1150 2109 1213 redditus,
2136 1144 2226 1202 sed

658 1241 722 1294 ad
758 1246 1000 1310 ipsorum
1032 1259 1251 1311 quoque
1286 1249 1584 1313 martyrum
1617 1246 1934 1297 societatem
1964 1256 2225 1309 aggregan

659 1344 770 1386 tus.
814 1332 1011 1387 Minius
1045 1337 1187 1387 enim
1216 1350 1340 1387 cum
1370 1342 1535 1396 esset,
1575 1342 1630 1387 et
1656 1348 1772 1386 eam
1815 1346 1983 1384 artem
2022 1331 2227 1384 factita-

656 1432 758 1484 ret,
794 1438 899 1474 non
932 1423 1201 1477 dubitavit
1240 1424 1378 1477 hanc
1405 1439 1622 1493 quoque
1664 1424 1954 1477 audaciam
2007 1423 2225 1482 audere,

656 1523 714 1564 ut
747 1513 918 1566 risum
951 1514 1293 1569 conciliaret.
1335 1514 1399 1568 Et
1442 1515 1714 1582 baptismo
1754 1515 2035 1576 illudehat,
2064 1528 2229 1581 seque

656 1603 708 1654 in
743 1602 955 1655 theatro
982 1603 1035 1655 in
1062 1618 1262 1669 aquam
1298 1605 1649 1672 immergens,
1688 1600 2011 1654 Trinitatem
2044 1603 2219 1653 excla-

657 1694 855 1758 rqabat.
886 1694 961 1745 Ac
988 1704 1321 1761 spectatores
1341 1694 1588 1762 quidem,
1616 1692 1817 1762 quibus
1847 1692 2033 1744 drama
2060 1690 2227 1743 daba-

654 1794 765 1846 tur,
795 1782 1123 1836 cachinnum
1163 1784 1427 1836 tollebant
1466 1799 1479 1834 :
1513 1793 1595 1836 ast
1640 1782 1719 1835 illi
1746 1782 1855 1851 jam
1890 1795 1994 1833 non
2027 1782 2228 1835 ridicu-

653 1873 764 1924 lum
809 1888 904 1927 nec
935 1873 1214 1927 scenicum
1261 1883 1379 1926 erat
1424 1875 1567 1941 quod
1609 1875 1896 1942 agebatur,
1933 1872 2222 1939 sed'gene-

654 1962 797 2015 ratio
829 1977 1041 2026 revera,
1071 1972 1125 2016 et
1148 1962 1490 2028 relormatio,
1522 1972 1576 2017 et
1610 1963 1845 2031 idipsum
1878 1964 2220 2032 mysterium,

653 2051 799 2117 quod
832 2050 1039 2119 alioqui
1086 2060 1192 2109 est.
1242 2050 1422 2104 Exivit
1455 2053 1597 2105 enim
1631 2066 1731 2120 pro
1778 2055 1945 2105 mimo
1989 2053 2221 2105 animam

653 2155 845 2205 gert-ns
894 2141 1263 2208 martyricam,
1320 2154 1521 2206 corpus
1574 2142 1915 2208 praeclarum,
1968 2143 2111 2194 velut
2156 2144 2219 2196 ad

653 2230 1054 2299 philosophiam
1128 2240 1183 2285 et
1234 2232 1450 2285 labores
1517 2232 1897 2295 exercitatum,
1959 2232 2221 2310 linguam,

649 2338 770 2390 qua
795 2338 894 2390 pro
927 2324 1043 2377 risu
1076 2323 1289 2393 tyranni
1316 2324 1454 2376 iram
1490 2330 1837 2390 provocaret.
1865 2323 1928 2375 Et
1954 2322 2022 2376 ita
2047 2325 2222 2377 serius

653 2413 755 2466 fuit
788 2414 895 2475 ille,
928 2414 1018 2479 qui
1054 2429 1147 2481 per
1177 2414 1340 2466 vitam
1370 2412 1629 2466 actitabat
1658 2413 1887 2474 ludicra,
1909 2422 2221 2479 tantamque

652 2514 869 2575 propter
919 2503 1201 2557 Christum
1238 2503 1576 2557 alacritatem
1612 2503 1881 2568 adhibuit,
1932 2515 1986 2555 ut
2036 2505 2220 2559 multis

650 2594 989 2647 crueiatlbus
1037 2594 1335 2656 exhaustis,
1395 2594 1570 2647 libens
1629 2603 1953 2657 moreretur,
2014 2602 2067 2648 et
2124 2610 2221 2649 nec

649 2682 829 2753 lingua
861 2683 1137 2752 proderet,
1175 2700 1336 2753 quem
1370 2685 1607 2737 amabat.

721 2770 812 2827 Sic
868 2772 1033 2827 etiam
1095 2770 1347 2829 Gelasius
1416 2773 1689 2828 Christum
1747 2774 1968 2839 dilexit,
2026 2775 2219 2829 simili-

650 2871 839 2931 terque
866 2862 1122 2930 cOgnovit
1154 2872 1235 2927 et,
1273 2872 1330 2917 ut
1362 2873 1606 2931 apparet,
1640 2870 1869 2932 uterque
1900 2865 2079 2918 animo
2117 2865 2218 2917 iui-

648 2954 789 3006 mico
845 2962 901 3006 et
944 2953 1124 3007 hostili
1172 2954 1425 3009 accessit.
1486 2953 1589 3008 Sed
1678 2964 1962 3023 postquam
2023 2957 2217 3009 anima:

649 3046 865 3100 oculum
900 3044 977 3099 illi
1007 3047 1242 3113 aperuit,
1277 3047 1369 3115 qui
1424 3049 1857 3118 oppugnabatur,
1904 3065 2056 3105 suam
2099 3052 2216 3117 pul-

2332 610 2572 674 τυρικοίς
2619 609 2826 675 ἀγῶσιν
2875 608 3149 676 ἐπήγνυτο
3190 605 3467 676 πανταχοῦ
3510 605 3693 675 φωνῆς
3755 604 3891 672 λαμ-

2335 702 2597 769 πρότερον
2651 699 2729 768 τῷ
2776 700 2997 769 Χριστῷ
3041 699 3138 769 τὴν
3186 699 3361 767 ἀληθῆ
3402 698 3632 766 θεότητα
3679 715 3892 767 μαρτυ-

2337 793 2554 851 ροῦντα,
2588 795 2685 844 καὶ
2708 794 2935 860 μυρίων
2986 793 3083 859 μὲν
3113 790 3352 852 ἀκούσας
3387 790 3583 857 λόγων,
3622 806 3748 843 toan
3782 807 3892 843 των

2329 886 2385 937 δὲ
2413 884 2676 952 ἀριστέων
2713 884 2805 934 καὶ
2836 882 3125 951 θαυμάτων
3152 884 3459 949 γενόμενος,
3493 880 3711 949 θεατὴς,
3743 880 3894 946 ὅμως

2331 978 2483 1045 ἔμενε
2542 973 2890 1043 πλανώμενος
2922 974 3014 1025 καὶ
3054 975 3113 1025 τδ
3140 972 3338 1040 ψεῦδος
3367 976 3464 1042 τῆς
3506 972 3762 1041 ἀληθείας
3790 972 3891 1039 ἐμ-

2333 1068 2567 1131 προσοεν
2588 1068 2759 1134 ἄγων.
2779 1068 2933 1119 Ἐπεὶ
2954 1067 3005 1118 δὲ
3026 1065 3347 1133 ἐϐαπτίσθη,
3369 1064 3461 1117 καὶ
3477 1064 3634 1121 τοῦτο
3656 1081 3730 1114 πα
3746 1062 3891 1126 ἶζων,

2332 1162 2389 1210 οὐ
2422 1158 2743 1227 Χριστιανὸς
2774 1153 2841 1225 ἦν
2876 1156 3033 1218 εὐθὺς
3075 1160 3256 1224 μόνον,
3287 1156 3423 1207 ἀλλά
3467 1155 3559 1206 καὶ
3603 1154 3682 1214 είς
3727 1152 3892 1204 αὐτὸν

2330 1251 2421 1302 τὸν
2470 1251 2575 1301 τῶν
2631 1252 2923 1319 μαρτύρων
2959 1250 3169 1301 ἐτέλεσε
3204 1248 3385 1317 χορόν.
3432 1246 3542 1299 Καὶ
3585 1236 3691 1311 γάρ
3726 1244 3893 1311 μῖμος

2330 1342 2404 1392 ὢν
2440 1344 2533 1393 καί
2565 1341 2707 1393 τοῦτ’
2735 1342 2863 1393 αὐτὸ
2899 1341 3221 1410 ποιούμενος
3255 1339 3439 1407 ἔργον,
3477 1336 3743 1405 ἐτόλμησε
3795 1335 3889 1386 ιιαλ

2330 1430 2531 1495 ταύτην
2555 1431 2651 1494 τὴν
2673 1430 2894 1496 τόλμαν,
2917 1432 2989 1490 ὼς
3022 1430 3083 1497 δὴ
3133 1429 3340 1494 γέλωτα
3361 1429 3616 1494 κινήσων,
3637 1426 3728 1476 καὶ
3759 1440 3894 1489 προ·

2331 1519 2547 1582 σέπαιξε
2570 1520 2627 1570 τὸ
2649 1519 2868 1586 λουτρδν
2889 1558 2904 1581 ,
2937 1535 3009 1571 κα
3053 1517 3344 1569 ἐϐάπτισεν
3394 1518 3539 1568 ὲαυτ“
3558 1535 3584 1565 ν
3619 1522 3695 1577 εις
3722 1514 3891 1579 ὕδωρ,

2331 1611 2518 1671 καθεὶς
2548 1612 2640 1661 ἐπὶ
2668 1609 2759 1662 τοῦ
2790 1610 3022 1677 θεάτρου
3055 1610 3154 1673 τὴν
3187 1608 3393 1677 Τριάδα
3423 1606 3753 1674 ἀναϐοήσας.
3782 1607 3893 1658 Καὶ

2328 1704 2377 1753 οί
2417 1703 2514 1769 μὲν
2560 1696 2915 1767 ἑγέλων,.οἷς
2959 1700 3298 1781 ἑπεδείκνιιτο
3332 1698 3392 1750 τὸ
3436 1699 3639 1769 δρᾶμα,
3692 1698 3771 1766 τῷ
3834 1695 3893 1747 δὲ

2328 1794 2507 1845 οὐκέτι
2556 1794 2725 1859 γέλως
2758 1790 2825 1862 ἦν
2873 1793 2989 1844 οῦδὲ
3040 1791 3211 1860 σκηνὴ
3241 1792 3305 1842 τά
3341 1791 3601 1860 παρόντα,
3652 1790 3770 1840 ἀλλ’
3815 1789 3893 1850 ὡς

2328 1884 2541 1953 ἀληθῶς
2562 1886 2815 1953 γέννησις
2842 1887 2936 1936 καὶ
2965 1886 3269 1944 ἀνάπλασις
3291 1882 3381 1935 καὶ
3408 1880 3551 1932 τοῦτ’
3575 1881 3725 1937 αὐτὸ,
3749 1880 3890 1948 ὅπερ

2330 1975 2447 2027 ἐστὶ
2489 1974 2548 2027 τὸ
2586 1977 2903 2044 μυστήριον.
2947 1974 3165 2043 Ἐξῆλθε
3192 1974 3301 2041 γὰρ
3340 1972 3460 2026 ἀντὶ
3507 1973 3675 2041 μίμου
3707 1971 3891 2039 ψυχὴν

2326 2064 2465 2132 ἔχων
2517 2064 2881 2132 μαρτυρικὴν,
2917 2064 3075 2132 σῶμα
3107 2064 3353 2131 γενναῖον
3400 2061 3589 2130 ὥσπερ
3620 2062 3699 2123 είς
3736 2060 3890 2125 φιλο·

2325 2153 2515 2219 σοφίαν
2544 2155 2855 2223 ἠσκημένον
2885 2156 2977 2206 καὶ
3000 2154 3215 2216 πόνους,
3241 2152 3491 2220 γλῶσσαν
3514 2151 3891 2219 ἐφελκομένην

2323 2245 2443 2297 ἀντὶ
2471 2244 2704 2311 γέλωτος
2739 2244 3004 2313 τυράννου
3037 2242 3210 2312 θυμόν
3234 2259 3250 2275 ο
3299 2244 3393 2297 καὶ
3422 2242 3593 2303 οὕτως
3622 2240 3891 2293 ἐσπουδα-

2325 2350 2414 2386 σεν
2448 2337 2475 2387 ὁ
2501 2333 2588 2386 διὰ
2625 2335 2741 2402 βίου
2778 2334 2991 2396 παίζων
3028 2334 3256 2398 exslvar,
3313 2333 3407 2385 καὶ
3448 2330 3587 2383 οὕτω
3634 2331 3760 2397 περὶ
3794 2329 3889 2380 τὸν

2323 2426 2553 2493 Χριστόν
2603 2414 2988 2493 προὺθυμήθη,
3040 2423 3180 2476 ὥστε
3255 2422 3464 2475 πολλῶν
3515 2421 3887 2489 ἀνασχόμενος

2324 2515 2573 2584 βασάνων
2601 2516 2798 2581 ,ἡδέως
2853 2516 3227 2585 ἀπέθνησκεν,
3259 2514 3345 2567 ἵνα
3389 2514 3525 2583 μηδὲ
3556 2516 3621 2582 τῇ
3667 2513 3883 2583 γλώττῃ

2321 2606 2499 2675 προδῷ
2520 2606 2580 2685 τό
2602 2602 2840 2675 ιρίλτρον.

2391 2780 2552 2835 Οῦτω
2614 2780 2709 2832 καὶ
2778 2779 3029 2839 Γελάσιος
3076 2781 3166 2829 τὸν
3213 2777 3442 2846 Χριστὸν
3505 2776 3723 2845 ἐφίλησε
3786 2778 3886 2831 καὶ

2317 2870 2502 2923 τοῦτον
2529 2870 2671 2936 ἔγνω
2693 2870 2782 2921 τὸν
2804 2871 3025 2937 τρόπονζ
3049 2870 3158 2921 Καὶ
3178 2868 3251 2930 ὡς
3279 2867 3447 2931 ἔοικε,
3478 2867 3747 2937 προσῆλθε
3779 2869 3883 2937 μὲν

2318 2962 2573 3030 ἑκάτερος
2617 2962 2827 3031 ἐχθρῶς
2874 2961 3014 3029 ἔχων
3050 2961 3143 3013 καὶ
3177 2960 3453 3026 πολεμίως
3475 2975 3488 2989 ⁸
3518 2962 3638 3012 ἐπεὶ
3675 2960 3728 3012 δὲ
3783 2962 3879 3015 τὸν

2316 3052 2593 3119 ὀφθαλμὸν
2622 3051 2772 3120 αὑτῷ
2804 3052 2901 3118 τῆς
2934 3050 3113 3119 ψυχῆς
3151 3048 3385 3118 ἀνέῳξεν
3412 3052 3439 3101 ό
3470 3051 3881 3119 πολεμούμενος

651 3135 1021 3193 cbritudinem
1046 3136 1095 3188 ei
1142 3135 1559 3202 demonstravit,
1595 3138 1740 3191 illico
1787 3155 1949 3208 super
1980 3140 2216 3195 bonitate

2321 3144 2414 3194 καὶ
2452 3141 2554 3207 τὴν
2589 3142 2797 3193 οίκείαν
2841 3141 3043 3204 ἔδειξεν
3078 3139 3252 3207 ὥραν,
3283 3140 3477 3207 ἐξέστη
3511 3157 3568 3191 τε
3602 3142 3757 3201 εὐθὺς
3788 3144 3884 3196 ἐπὶ

648 3221 1079 3290 obstupefactus,
1117 3224 1276 3294 longe
1308 3224 1744 3282 diversissimum
1776 3244 1994 3284 sensum
2019 3248 2127 3301 prae
2162 3250 2219 3288 se

646 3311 795 3375 tulit,
828 3321 881 3365 et
928 3326 1025 3380 pro
1059 3314 1212 3371 hoste
1260 3314 1629 3371 amicissimus
1667 3320 1862 3372 erasit.
1904 3321 2031 3375 Erat
2071 3327 2217 3378 enim

650 3414 801 3452 amor
830 3399 917 3453 ille
942 3401 1201 3465 exstasis,
1234 3402 1360 3469 quia
1398 3418 1426 3456 a
1458 3419 1515 3459 se
1538 3418 1725 3475 captos
1758 3419 1907 3463 extra
1950 3411 2086 3465 lines
2120 3418 2217 3466 hu-

648 3504 841 3543 manos
900 3492 1289 3548 constituebat.
1349 3493 1415 3547 Et
1492 3496 1597 3551 hoc
1656 3500 1859 3555 docens
1918 3507 2213 3573 prophet,

652 3597 671 3629 ι
719 3580 879 3633 Sicut
942 3580 1371 3650 obstupuerunt,
1430 3583 1627 3653 inquit,
1698 3605 1864 3658 super
1925 3600 1978 3645 te
2040 3594 2214 3659 multi,

650 3670 885 3741 (quando
903 3686 1067 3739 super
1092 3687 1255 3728 cruce
1290 3683 1344 3727 et
1369 3683 1544 3730 morte
1566 3676 1842 3732 Christum
1870 3682 2212 3752 alloquitur),

647 3761 726 3815 sic
786 3762 1049 3833 inglorius
1101 3772 1220 3817 erat
1269 3763 1414 3819 inter
1462 3766 1607 3823 viros
1654 3782 1907 3839 aspectus
1960 3782 2108 3838 tuus,
2162 3784 2215 3827 et

647 3848 819 3903 fortna
850 3862 941 3906 tua
976 3850 1118 3905 inter
1150 3852 1286 3907 ﬁlios
1332 3855 1610 3911 hominum
1638 3860 1703 3914 "".
1736 3878 1756 3911 ο

715 4026 971 4081 Ardallon
1016 4043 1200 4083 autem
1246 4031 1479 4102 insignis
1530 4033 1653 4100 ille,
1694 4036 1810 4104 ipse
1852 4054 2069 4108 quoque
2114 4058 2213 4111 pro

644 4116 753 4173 alio
805 4118 1041 4181 ludicro,
1086 4135 1196 4188 quo
1257 4132 1565 4190 spectantes
1614 4126 1858 4193 jucunde
1907 4134 2208 4197 recreabat,

648 4204 951 4273 baptizatus
979 4215 1087 4259 est.
1125 4205 1256 4262 Erat
1295 4210 1561 4277 siquidem
1600 4213 1883 4282 ridiculus,
1930 4230 1984 4275 et
2030 4221 2213 4277 istius.

648 4292 794 4352 modi
820 4294 1127 4365 voluptates
1160 4298 1226 4353 ad
1261 4304 1615 4367 spectandum
1650 4306 2047 4363 conﬂuentibus
2078 4328 2203 4378 prae-

646 4383 826 4438 bebat.
856 4382 1168 4455 Baptizatus
1193 4399 1276 4443 est
1301 4401 1503 4458 autem,
1525 4409 1628 4447 non
1648 4396 1928 4465 symbolis,
1954 4416 2052 4455 nec
2077 4401 2212 4457 ima-

2319 3231 2396 3300 τῷ
2429 3232 2612 3286 κάλλει
2649 3232 2743 3282 καὶ
2772 3230 2869 3300 τὴν
2906 3230 3307 3297 ἐναντιωτάτην
3326 3230 3637 3293 ἐπεδείξατο
3655 3231 3883 3302 γνώμην

2321 3325 2416 3378 καὶ
2440 3319 2507 3392 ἦν
2554 3323 2788 3392 ἐραστὴς
2844 3324 2966 3374 ἀντὶ
3019 3322 3299 3391 πολεμίου.
3347 3324 3455 3376 Καὶ
3483 3323 3591 3394 γὰρ
3626 3326 3885 3394 ἔκστασις

2319 3411 2387 3483 ἦν
2420 3417 2448 3466 ό
2479 3413 2617 3483 ἔρως
2646 3416 2869 3477 ἐκεῖνος,
2899 3414 2981 3467 ὅτι
3016 3414 3142 3477 τοὺς
3183 3413 3409 3477 ἀλόντας
3447 3418 3605 3480 ἐκτὸς
3635 3417 3743 3472 τῶν
3786 3422 3885 3474 ἀν-

2320 3505 2604 3574 θρωπίνων
2639 3507 2845 3574 ἢγαγεν
2874 3507 3016 3574 ὅρων
3040 3521 3055 3537 ·
3087 3505 3181 3558 καὶ
3215 3505 3373 3558 τοῦτο
3409 3508 3623 3571 δεικνὺς
3667 3510 3695 3561 6
3742 3529 3883 3581 προ-

2320 3598 2527 3664 φήτης,
2572 3612 2590 3646 ι
2647 3595 3052 3663 Ἑκστήσονται,
3077 3597 3231 3665 φησὶ,
3278 3597 3461 3651 πολλοὶ
3498 3602 3587 3653 ἐπὶ
3621 3603 3703 3655 σοι
3748 3620 3767 3653 ι
3796 3609 3881 3673 (ἐν

2317 3681 2397 3747 οἷς
2428 3684 2557 3753 περὶ
2586 3684 2678 3737 τοῦ
2708 3685 2945 3754 σταυροῦ
2971 3687 3065 3738 καὶ
3086 3687 3182 3740 τοῦ
3210 3688 3443 3742 θανάτου
3472 3692 3608 3759 πρὸς
3633 3694 3721 3745 τὸν
3742 3695 3878 3765 Χρι-

2320 3776 2441 3829 στὸν
2477 3775 2855 3844 διαλεγόμενος
2892 3775 3058 3847 ἔφη),
3111 3796 3130 3829 ι
3174 3777 3234 3830 ὃν
3271 3781 3471 3849 τρόπον
3521 3785 3879 3854 ἐκστήσονται

2318 3867 2498 3918 πολλοὶ
2529 3868 2620 3917 ἐπὶ
2648 3868 2754 3929 σοί,
2790 3868 2963 3929 οὕτως
3000 3868 3261 3938 -ἀδοξήσει
3312 3871 3419 3924 ἀπὸ
3462 3872 3765 3947 ἀνθρώπων
3815 3880 3879 3932 τὸ

2316 3958 2509 4019 κάλλος
2546 3974 2634 4008 σου
2671 3958 2775 4009 ἀπὸ
2804 3958 2934 4009 υἱῶν
2958 3958 3278 4028 ἀνθρώπων.
3328 3981 3348 4015 ι

2398 4048 2694 4115 Ἀρδαλίων
2723 4046 2777 4099 δὲ
2808 4049 2835 4099 ὀ
2873 4051 3116 4113 γενναῖος
3142 4051 3444 4123 ἐϐαπτίσθη
3472 4053 3572 4123 μὲν
3592 4063 3685 4108 καὶ
3712 4058 3878 4122 αὐτὸς

2314 4140 2433 4190 ἀντὶ
2460 4136 2675 4198 παιδιᾶς
2707 4137 2873 4205 ἀλλης
2902 4138 3078 4207 τούτῳ
3119 4141 3475 4209 χαριζόμενος
3503 4146 3617 4207 τοῖς
3646 4146 3873 4215 θεωμέ-

2314 4247 2450 4292 νοις·
2483 4234 2573 4283 καὶ
2600 4231 2707 4299 γὰρ
2739 4226 2806 4299 ἦν
2837 4229 3073 4296 γίλωτος
3102 4233 3354 4302 τεχνίτης
3383 4237 3476 4289 καὶ
3508 4237 3762 4291 τοιούτων
3785 4255 3874 4291 τι-

2313 4321 2419 4371 νῶν
2452 4319 2653 4389 ἡδονῶν
2686 4323 2800 4382 τοῖς
2828 4322 3043 4374 συνοῦσι
3069 4320 3413 4393 δημιουργός.
3453 4323 3788 4396 Ἐὃαπτίσθη
3813 4329 3874 4382 δὲ

2312 4410 2371 4462 οὐ
2402 4410 2688 4479 συμϐόλοις
2717 4413 2835 4465 οὐδὲ
2864 4413 3039 4465 είκόσι
3074 4414 3133 4466 τὸ
3164 4416 3333 4478 πάθος
3367 4418 3747 4487 μιμησάμενος
3776 4420 3873 4474 τοῦ

649 4472 860 4540 ginibus
913 4468 1190 4529 Christum
1242 4478 1533 4547 patierttem
1588 4482 1851 4549 imitatus,
1907 4489 1998 4543 sed
2049 4492 2212 4547 rebus

2321 4468 2587 4568 Σωτῆρος,
2612 4468 2725 4552 ἀλλ’
2761 4503 2946 4564 αὐτοῖς
2980 4508 3090 4567 τοῖς
3124 4468 3447 4576 πράγμασι..

649 4562 802 4630 ipsis.
836 4562 1045 4633 Etenim
1081 4568 1360 4636 pulchram
1389 4572 1784 4628 confessionem
1836 4588 1889 4629 et
1915 4590 2208 4650 martyrum

649 4653 988 4707 tolerantiam
1048 4656 1171 4709 licte
1205 4658 1539 4724 imitabatur,
1592 4675 1644 4717 ct
1692 4664 1747 4717 in
1797 4681 1959 4722 cruce
2008 4673 2207 4737 nudus,

648 4742 841 4796 ludens
885 4757 915 4795 a
976 4743 1289 4800 ludentibus
1342 4752 1795 4817 suspcntlehatur.
1858 4755 2049 4812 Verum
2116 4762 2205 4814 ubi

646 4833 922 4885 Christum
954 4843 1035 4888 est
1072 4836 1373 4903 professus,
1406 4850 1459 4892 et
1492 4841 1675 4909 plagas
1710 4846 1901 4907 sensit,
1927 4851 2204 4916 repentina

652 4924 951 4992 mulatione
998 4925 1178 4989 anima
1227 4943 1349 4980 cum
1397 4946 1529 4985 voce
1572 4933 1925 5014 conspiravit,
1954 4941 2207 5008 quodque

648 5012 1031 5079 simulabatur,
1065 5030 1224 5070 mens
1253 5033 1375 5072 vere
1408 5022 1686 5090 complexa
1722 5034 1824 5088 est,
1845 5012 2071 5096 eratque
2098 5046 2212 5086 om-

650 5103 798 5165 nino,
853 5103 999 5171 quod
1053 5120 1113 5159 se
1165 5122 1261 5177 per
1299 5109 1487 5163 ludum
1537 5114 1781 5179 vocabat,
1838 5117 2203 5185 Christianus,

650 5192 940 5263 plagasque
1013 5194 1260 5252 ludentes
1294 5240 1309 5262 ,
1372 5211 1424 5256 et
1470 5218 1656 5256 vocent
1710 5205 1887 5260 ﬁctam
1923 5226 2059 5279 opus
2100 5215 2207 5268 tale

652 5287 1002 5351 sequebatur,
1032 5296 1091 5342 et
1115 5304 1238 5344 cum
1265 5292 1539 5349 Christum
1565 5310 1623 5349 se
1650 5298 1874 5368 diligere
1896 5303 2209 5373 adiuuaret,

648 5377 836 5450 eodem
868 5385 1071 5445 puncto
1099 5385 1357 5449 temporis
1392 5385 1670 5455 diligebat,
1701 5404 1884 5445 arnore
1920 5393 2206 5449 utllamma

649 5464 715 5515 ab
743 5479 837 5518 ore
881 5468 1055 5533 ipsum
1086 5484 1182 5523 cor
1214 5472 1448 5530 aﬂlante.
1476 5475 1721 5547 Cumque
1752 5482 1873 5536 aliis
1906 5484 2106 5540 bonum
2139 5488 2208 5543 de

651 5555 790 5610 hono
829 5559 1085 5614 thesauro
1115 5565 1299 5619 cordis
1330 5567 1396 5622 ad
1424 5583 1486 5625 os
1520 5571 1725 5637 veniat,
1765 5573 2044 5634 Ardalioni
2082 5583 2200 5634 the-

718 5736 759 5764 ”
785 5734 884 5789 lsi.
916 5752 1010 5799 ur,
1055 5739 1138 5792 14.

2315 4590 2482 4657 καλὴν
2501 4590 2788 4658 ὁμολογίαν
2817 4594 2912 4645 καὶ
2930 4594 3029 4663 τὴν
3057 4594 3164 4647 τῶν
3195 4596 3491 4666 μαρτύρων
3516 4600 3874 4670 ὑπεκρίνατο,

2312 4680 2408 4730 καὶ
2436 4680 2712 4749 ἀνηρτὴθη
2745 4682 2843 4751 μὲν
2873 4684 2967 4736 ἰπὶ
2992 4685 3083 4738 τοῦ
3116 4686 3276 4751 ξύλου
3307 4688 3512 4756 γυμνὸς
3536 4691 3742 4753 παίζων
3767 4693 3879 4745 ὑπὸ

2313 4767 2618 4831 παιζόντων
2693 4773 2814 4825 ἐπεὶ
2844 4773 2900 4824 δὲ
2940 4776 3130 4827 ἀνεῖπε
3165 4777 3256 4828 τὸν
3287 4778 3524 4845 Χριστὸν
3555 4781 3651 4831 καὶ
3701 4781 3872 4852 ᾔσθε-

2314 4874 2375 4909 το
2406 4859 2512 4910 τῶν
2547 4858 2793 4924 πληγῶν,
2827 4861 3021 4929 ἀθρόον
3057 4862 3342 4932 μετέϐαλε,
3380 4866 3473 4917 καὶ
3518 4868 3553 4936 η
3597 4867 3743 4937 ψυχὴ
3801 4876 3869 4943 τῇ

2315 4951 2462 5017 φωνῇ
2504 4952 2721 5027 συνέεη⁹
2747 4954 2842 5009 καί¹
2874 4956 3120 5026 ήγνὼμη
3143 4958 3257 5019 τοῖς
3295 4958 3610 5029 πλάσμασιν
3644 4964 3873 5031 ἠκολού-

2314 5036 2414 5090 θει.
2448 5039 2555 5090 Καὶ
2589 5035 2655 5108 ἦν
2674 5041 2887 5109 ἀληθῶς
2926 5043 2955 5096 δ
2989 5046 3197 5108 παίζων
3223 5047 3416 5101 ἑαυτὸν
3465 5050 3671 5115 ἐκάλει,
3732 5054 3872 5122 Χρι-

2314 5133 2551 5194 στιανὸς,
2574 5136 2666 5187 καὶ
2689 5135 2899 5200 γίνεται
2939 5135 3166 5203 πληγῶν
3208 5137 3510 5201 παιζόντων
3547 5142 3643 5195 καὶ
3684 5146 3875 5215 φωνῆς

2313 5222 2703 5293 πεπλασμένης
2734 5225 2903 5292 ἔργον
2934 5226 3214 5293 τοσοῦτον,
3244 5230 3339 5283 καὶ
3375 5235 3464 5283 τδν
3490 5232 3747 5300 Χριστὸν,
3788 5237 3875 5291 ὅτι

2313 5311 2486 5375 φιλεῖν
2512 5309 2683 5375 εἶπεν,
2712 5316 2873 5379 εὐθὺς
2902 5318 3076 5383 ἐφίλει
3108 5319 3202 5373 τοῦ
3246 5320 3445 5389 ἔρωτος
3499 5325 3671 5395 πυρδς
3710 5325 3878 5397 δίκην

2306 5401 2412 5454 ἀπὸ
2444 5402 2535 5455 τοῦ
2568 5406 2837 5475 στόματος
2857 5409 2943 5459 ἐπ’
2970 5410 3141 5481 αὐτὴν
3164 5412 3581 5477 είσπνεύσαντος
3609 5416 3711 5483 τὴν
3730 5434 3875 5488 καρ·

2302 5492 2441 5547 δίαν.
2478 5495 2587 5547 Καὶ
2612 5499 2723 5558 τοῖς
2750 5499 2848 5567 μὲν
2877 5499 3061 5562 ἀλλοις
3090 5502 3151 5553 τὸ
3199 5502 3404 5570 ἀγαθὸν
3438 5505 3545 5557 ἀπὸ
3588 5506 3684 5559 τοῦ
3729 5509 3875 5577 ἀγα-

2312 5586 2402 5638 θοῦ
2460 5588 2731 5657 θησαυοοῦ
2778 5593 2872 5661 τῆς
2927 5594 3152 5665 καρδίας
3215 5597 3308 5648 ἐπὶ
3358 5598 3421 5651 τὸ
3461 5598 3634 5667 στόμα
3672 5607 3870 5672 χωρεῖ,
