4154 6308
652 354 770 416 3:50

1894 361 2199 421 NICOLAI
2234 360 2621 421 CABASILL

3785 364 3909 430 560

661 479 823 523 tenus
873 468 1218 537 procedebat.
1274 468 1536 533 Quocirca
1594 476 1647 523 et
1692 469 1883 523 umbra
1947 480 1999 523 et
2050 471 2222 539 imago

2333 473 2546 537 πνεῦμα
2574 474 2634 524 τὸ
2664 476 2765 525 πᾶν
2796 474 3103 542 ἐργάζεται,
3142 475 3385 546 γραπτδς
3409 477 3464 530 δὲ
3513 478 3742 542 ἐκεῖνος,
3805 479 3902 529 ὅτε

662 560 800 622 fuit;
838 575 925 613 res
956 568 1135 615 autem
1175 569 1228 611 et
1255 561 1474 622 veritas.
1514 576 1633 628 qum
1665 576 1809 615 nunc
1842 561 1997 614 ﬁunt.
2044 562 2219 615 Verba

654 650 803 703 enim
838 650 902 703 ad
931 651 1108 718 ipsum
1142 665 1261 704 esse
1294 666 1471 703 rerum
1522 650 1772 718 imaginis
1815 651 2219 719 proportionem

659 741 898 805 habent;
951 757 1111 810 quas.
1151 743 1465 811 priusquam
1494 753 1842 812 apparerent,
1878 744 2063 796 multis
2097 753 2221 796 ante

657 833 872 888 sarculis
929 833 1111 902 lingua
1178 835 1561 902 prophetarum
1624 834 1763 888 Deus
1826 834 2154 903 signiﬁcavit
2207 850 2219 884 :

662 942 681 975 ι
723 924 971 987 Feriam,
1023 926 1220 992 inquit,
1265 924 1443 995 fmdus
1487 940 1709 986 norum,
1766 941 1871 977 non
1916 926 2218 979 secundum

655 1024 903 1085 pactum,
950 1016 1093 1081 quod
1154 1015 1328 1085 pipigi
1376 1030 1498 1069 cum
1553 1016 1803 1084 patribus
1851 1029 2040 1068 corum
2067 1016 2134 1067 ⁸⁸.
2196 1033 2216 1066 ι

657 1104 762 1158 Sed
791 1106 935 1174 quod
956 1106 981 1158 ἲ
1022 1124 1039 1155 ι
1076 1103 1191 1159 Hoc
1215 1108 1315 1159 erit
1343 1115 1581 1174 pactum,
1617 1106 1814 1175 inquit,
1846 1106 1989 1173 quod
2029 1104 2217 1158 feriam

655 1213 779 1250 cum
804 1196 965 1250 domo
988 1195 1175 1261 Israel,
1206 1198 1259 1250 in
1282 1199 1445 1251 domo
1475 1196 1637 1252 Juda.
1677 1196 1824 1251 Dabo
1852 1198 2019 1266 legem
2044 1212 2218 1253 meam

659 1288 710 1341 in
743 1284 1046 1344 visceribus
1078 1304 1292 1355 eorum,
1344 1299 1397 1343 et
1452 1290 1504 1343 in
1557 1290 1819 1343 cordibus
1859 1304 2046 1344 eorum
2078 1288 2217 1343 scri-

660 1382 780 1435 bam
839 1394 957 1434 eam
986 1380 1054 1433 ³¹.
1087 1399 1106 1433 ι
1141 1379 1258 1434 Non
1294 1395 1387 1449 per
1426 1395 1582 1436 voces
1614 1380 1975 1448 compositam
2012 1389 2065 1433 et
2093 1394 2222 1433 con-

657 1474 955 1532 cinnatam,
1002 1473 1095 1526 sed
1127 1472 1237 1539 ipse
1272 1487 1373 1540 ego
1399 1471 1676 1541 Iegislalor
1720 1487 1817 1541 per
1858 1486 1965 1535 me,
2013 1472 2222 1538 absque

658 1562 840 1615 medio
878 1577 893 1613 :
939 1580 959 1613 ε
994 1560 1110 1615 Non
1143 1563 1288 1615 eiiim
1318 1563 1553 1630 amplius
1581 1562 1798 1617 docebit
1844 1562 2220 1630 unusquisque

659 1654 881 1708 fratrem
932 1668 1115 1718 suum,
1153 1663 1207 1708 et
1248 1654 1630 1724 unusquisque
1680 1654 1987 1724 proximum
2032 1670 2217 1718 suum,

656 1746 866 1807 dicens,
901 1737 1184 1815 Cagnoscc
1213 1747 1539 1811 Dominum;
1576 1746 1834 1815 quoniam
1870 1759 2062 1800 omnes
2120 1760 2218 1798 co-

2326 566 2483 633 μέχρι
2519 566 2625 616 τῶν
2645 567 2989 633 γραμμάτων
3014 569 3141 638 ἔστη
3180 569 3273 621 καὶ
3320 570 3431 621 τῶν
3490 570 3708 639 φωνῶν,
3773 569 3901 623 ἀνθ’

2325 650 2400 709 ὧν
2429 659 2520 709 καὶ
2550 659 2678 709 σκιὰ
2716 660 2814 726 μὲν
2840 660 2926 711 καὶ
2958 660 3123 711 εἰκὼν
3152 662 3382 723 ἐκεῖνος,
3413 664 3644 732 πρᾶγμα
3686 661 3744 714 δέ
3800 660 3898 714 καὶ

2326 746 2553 816 ἀλήθεια
2584 748 2649 799 τὰ
2682 747 2944 817 παρόντα.
2976 750 3038 801 Ol
3066 750 3172 817 γὰρ
3205 743 3351 809 λόγοι
3384 753 3475 803 καὶ
3500 752 3567 805 τὰ
3589 753 3897 823 γράμμιτα

2324 840 2459 906 πρὸς
2483 840 2612 891 αὐτὸ
2637 840 2697 891 τὸ
2726 836 2866 893 εἶναι
2914 842 3019 892 τῶν
3064 845 3407 909 πραγμάτων
3454 844 3663 902 εἰκόνος
3705 843 3895 911 έχουσι

2322 930 2477 995 λόγον
2547 931 2720 983 ταῦτα
2752 933 2882 999 πρὶν
2917 933 2996 994 είς
3020 931 3180 1001 ἔργον
3214 934 3463 1001 ἐκϐῆναι,
3499 926 3719 995 πολλοῗς
3755 933 3892 1002 πρό-

2319 1038 2475 1087 τῖρον
2504 1024 2713 1090 χρόνοις
2743 1025 2805 1087 τῇ
2836 1024 3049 1095 γλώττῃ
3098 1025 3207 1077 τῶν
3238 1026 3535 1094 προφητῶν
3608 1026 3884 1094 ἐμήνυσεν

2320 1114 2348 1163 ὁ
2380 1113 2529 1174 Θεὸς.
2570 1133 2585 1161 ι
2620 1113 2983 1184 Διοθήσομαι,
3025 1116 3179 1182 φησὶ,
3234 1116 3502 1184 διαθήκην
3556 1116 3773 1180 καινὴν,
3825 1114 3889 1167 οὐ

2321 1202 2461 1253 κατὰ
2491 1203 2776 1271 διαθήκην,
2813 1204 2879 1273 ἢν
2913 1203 3174 1273 διεθέμην
3208 1207 3320 1267 τοῖς
3356 1206 3628 1273 πατράσιν
3655 1205 3829 1273 ὑμῶν.
3867 1222 3887 1255 ι

2321 1292 2457 1343 ἀλλά
2486 1294 2605 1345 τίνα
2633 1294 2837 1363 ταύτην
2874 1311 2888 1357 ς
2924 1312 2942 1345 ι
2977 1294 3151 1360 Αῦτη,
3186 1296 3375 1365 φησιν,
3412 1297 3443 1365 ἠ
3496 1296 3758 1365 διαθήκη,
3819 1295 3891 1365 ἢν

2322 1382 2650 1451 θιαθήσομαι
2683 1383 2759 1450 τῷ
2808 1384 2940 1453 οίκῳ
2973 1383 3189 1455 Ἰσραὴλ
3247 1384 3343 1437 καὶ
3378 1384 3455 1453 τῷ
3497 1386 3631 1453 οίκῳ
3693 1382 3889 1436 Ἰούδαο

2319 1474 2491 1536 τιθεὶς
2510 1475 2635 1537 τοὺς
2665 1474 2866 1543 νόμοος
2899 1492 3000 1543 μου
3031 1476 3113 1537 είς
3154 1475 3398 1529 διάνοιαν
3455 1475 3636 1528 αὐτῶν
3680 1475 3775 1526 καὶ
3829 1475 3893 1527 ἐν

2322 1565 2572 1633 καρδίαις
2612 1565 2791 1617 αὐτῶν
2851 1566 3047 1634 γράψω
3098 1568 3315 1629 αὐτοὺς,
3358 1584 3376 1617 ι
3439 1567 3501 1618 οὐ
3551 1565 3640 1617 διὰ
3700 1563 3893 1633 φωνῆς

2324 1656 2625 1726 ῥυθμίζων,
2661 1657 2779 1709 ἀλλ’
2832 1657 2996 1720 αὐτὸς
3044 1658 3263 1724 ἁμέσως
3295 1659 3323 1710 ὁ
3362 1657 3684 1726 νομοθέτης.
3754 1675 3773 1707 ς
3811 1658 3893 1708 Οῦ

2322 1746 2426 1813 γὰρ
2482 1745 2776 1809 διδάξουσιν
2828 1746 2929 1803 ἔτι.
2998 1748 3182 1815 φησὶν,
3229 1746 3460 1809 ἕκαστος
3510 1747 3621 1815 (τὸν
3657 1746 3895 1812 ἀδελφὺν

654 1844 918 1905 gnoscent
962 1853 1069 1899 me,
1109 1852 1138 1889 a
1176 1839 1401 1891 minimo
1435 1853 1606 1904 usque
1648 1838 1713 1891 ad
1763 1838 2061 1890 maximum
2082 1838 2151 1889 ⁸¹.
2195 1856 2213 1886 ι

2324 1835 2507 1901 αὐτοῦ,
2532 1838 2626 1889 καὶ
2650 1837 2895 1903 ἕκαστος)
2911 1837 3002 1889 τὸν
3023 1837 3248 1906 πλησίον
3272 1838 3460 1902 αὑτοῦ,
3482 1838 3651 1891 Γνῶθι
3670 1838 3760 1890 τὸν
3782 1837 3898 1890 K6-

662 1928 811 1981 llanc
837 1940 892 1983 ct
927 1929 1091 1984 David
1124 1932 1292 2001 legem
1316 1932 1567 2001 adeptus,
1608 1930 1820 1984 beatam
1849 1929 1995 1982 illam
2030 1942 2217 1981 vocem

659 2018 840 2071 emisit
872 2035 886 2071 :
917 2038 936 2069 ι
974 2018 1244 2085 Quoniam
1268 2036 1370 2090 ego
1397 2022 1653 2088 cOgnovi,
1684 2021 1828 2091 quod
1866 2035 2097 2088 magnus
2136 2028 2221 2075 est

660 2107 924 2164 Dominus
949 2111 1016 2163 ⁸³.
1071 2131 1089 2163 ι
1148 2114 1260 2183 Ego
1285 2115 1540 2181 cognovi,
1574 2114 1773 2179 inquit,
1807 2128 1903 2181 per
1932 2114 2221 2181 experieno

659 2197 813 2263 tiam,
870 2213 974 2252 non
1026 2208 1085 2253 ut
1126 2202 1217 2270 qui
1256 2202 1375 2257 aliis
1428 2201 1748 2255 docentibus
1797 2200 1849 2253 id
1896 2198 2219 2251 audiverim.

654 2286 779 2354 Quo
808 2298 863 2343 et
892 2289 1027 2345 alios
1060 2292 1361 2347 inducens:
1389 2310 1410 2342 ι
1441 2290 1695 2353 Gustate,
1722 2290 1921 2358 lnquit.
1949 2298 2002 2342 et
2026 2287 2221 2349 videte,

658 2381 919 2449 quoniam
955 2383 1133 2437 bonus
1168 2393 1252 2438 est
1286 2383 1631 2437 Dominus“.
1668 2400 1687 2432 ι
1727 2382 1868 2447 Quin
1897 2383 2059 2435 etiam
2084 2380 2226 2433 mul-

662 2473 735 2525 tis
791 2485 842 2526 et
879 2473 1045 2526 variis
1075 2474 1421 2528 sermonibus
1450 2476 1640 2529 beatus
1673 2474 1759 2527 ille
1792 2472 1884 2527 Dei
1923 2472 2221 2526 bonitatem

660 2562 1015 2616 collaudavit.
1057 2562 1163 2616 Sed
1200 2564 1355 2632 quasi
1392 2564 1552 2617 verba
1606 2578 1717 2617 rem
1787 2564 1960 2631 ipsam
2008 2576 2225 2627 requare

665 2662 951 2723 nequeant,
984 2654 1049 2705 ad
1075 2652 1463 2721 experientiam
1494 2668 1709 2716 eortlm,
1736 2668 1854 2721 quae
1878 2652 1933 2706 in
1966 2652 2073 2706 Deo
2104 2652 2226 2705 lau-

664 2747 883 2808 dantur,
920 2745 1202 2801 audientes
1224 2754 1506 2814 provocat.

738 2991 887 3046 llanc
915 2992 1303 3059 experientiam
1335 2992 1731 3057 baptizatorum
1762 2989 2050 3044 animabus
2072 3004 2227 3044 sacer

2324 1946 2456 1997 ριον,
2477 1930 2557 1980 ὅτι
2580 1930 2777 1991 πάντες
2792 1930 3067 1997 είδήσουσί
3089 1948 3156 1998 με
3178 1931 3285 1983 ἀπὸ
3311 1932 3507 1999 μικροῦ
3528 1932 3629 1990 ἓως
3649 1932 3894 1999 μεγάλου

2321 2019 2519 2071 αὐτῶν.
2566 2038 2584 2071 ι
2622 2020 2827 2072 Τούτου
2858 2020 3035 2087 τυχὼν
3079 2019 3177 2072 τοῦ
3230 2022 3395 2090 νόμου
3453 2025 3543 2074 καὶ
3587 2021 3748 2072 Δασιδ
3788 2021 3898 2088 τὴν

2325 2109 2601 2176 μακαρίαν
2628 2108 2842 2175 ἐκείνην
2869 2110 3044 2177 ἀφῆκε
3068 2110 3271 2180 φωνὴν,
3304 2112 3387 2163 ὅτι
3417 2129 3435 2162 ι
3470 2110 3614 2177 Ἐγὼ
3639 2111 3885 2178 ἔγνωκα.

2322 2202 2403 2253 ὅτι
2442 2200 2615 2267 μάγας
2652 2202 2679 2252 ὁ
2711 2200 2937 2268 Κύριος,
2982 2219 3000 2253 ι
3033 2200 3142 2267 ἐγὼ
3176 2201 3415 2265 ἔγνωκα,
3478 2202 3632 2270 φησι,
3687 2204 3897 2269 πεῖραν

2319 2294 2485 2357 αὐτὸς
2514 2293 2714 2354 λαῦὼν,
2750 2294 2809 2345 οῦ
2856 2294 3216 2347 διδασκόντων
3246 2294 3722 2356 sumam”;-
3766 2294 3898 2347 ὅθεν

2325 2383 2416 2434 ἐπὶ
2449 2382 2516 2434 τὰ
2548 2382 2638 2434 ῐσα
2696 2381 2791 2433 καὶ
2838 2381 2965 2443 τοὺς
3028 2382 3219 2443 ἄλλους
3265 2382 3495 2449 ἐνάγων,
3533 2401 3550 2433 ι
3588 2381 3893 2446 Γευσαςθσ,

2327 2475 2487 2541 φησι,
2521 2474 2615 2525 καὶ
2662 2472 2822 2536 ἴδετε,
2888 2472 2969 2524 δτι
3020 2474 3253 2543 χρηστὸς
3282 2475 3308 2522 ὁ
3342 2474 3564 2542 Κύριος.
3613 2491 3629 2524 ι
3696 2473 3900 2527 Καίτοι

2326 2564 2537 2625 πολλοῖς
2558 2562 2656 2631 τὴν
2689 2563 3034 2632 χρηστότητα
3060 2565 3153 2615 τοῦ
3182 2563 3313 2615 Θεοῦ
3347 2566 3438 2615 καὶ
3466 2563 3829 2627 παντοδαποῖς
3856 2564 3894 2617 ὁ

2327 2653 2597 2719 μακάριος
2618 2650 2896 2720 ἁνύμνησε
2937 2652 3113 2719 λόγοις
3198 2652 3225 2703 δ
3257 2654 3334 2716 δὲ,
3370 2653 3445 2716 ὡς
3484 2654 3543 2706 οὑ
3571 2654 3899 2721 δυναμένων

2326 2744 2664 2808 ἐνδείξασθαι
2705 2745 2770 2795 τὰ
2808 2742 2938 2795 ὄντα
2966 2743 3072 2796 τῶν
3095 2744 3269 2810 λόγων
3295 2747 3385 2797 ἐπὶ
3413 2748 3511 2814 τὴν
3540 2748 3739 2815 πεῖραν
3775 2746 3891 2800 τῶν

2328 2837 2700 2904 ὑμνουμένων,
2733 2835 2928 2895 αὐτοὺς
2959 2835 3115 2888 καλεῖ
3138 2837 3261 2898 τοὺς
3288 2837 3695 2906 ἀκροωμένους.

2394 2990 2613 3061 Ταύτην
2636 2991 2734 3057 τὴν
2766 2992 2957 3060 πεῖραν
2996 2990 3056 3043 τὸ
3086 2990 3309 3060 λουτρδν
3330 2991 3574 3059 ἐντίθησι
3598 2993 3715 3051 ταῖς
3776 2993 3895 3046 τῶν

669 3084 787 3138 I‘ons
824 3084 1034 3143 inserit,
1071 3093 1126 3137 et
1150 3099 1213 3137 ex
1250 3083 1464 3151 opilicio
1500 3083 1777 3151 opiﬁcem.
1826 3083 1990 3134 menti
2026 3082 2217 3132 verita-

2331 3082 2738 3153 βαπτιζομένων
2758 3081 2976 3151 ψυχαῖς,
3011 3083 3105 3134 καὶ
3138 3081 3394 3151 γνωρίζει
3440 3082 3519 3151 τῷ
3547 3081 3891 3154 δημιουργή-

666 3184 800 3239 tem,
849 3174 1120 3229 desiderio
1171 3175 1347 3229 solum
1390 3174 1801 3228 desiderabilem
1862 3175 2220 3226 demonstrat.

669 3269 791 3323 Ideo
822 3278 875 3322 et
906 3282 1161 3337 magnum
1193 3266 1545 3328 desiderium,
1577 3274 1801 3317 etamor
1827 3264 2135 3325 inell‘abilis,
2171 3273 2226 3316 et

668 3359 909 3414 cbaritas
937 3372 1163 3427 prorsus
1192 3358 1484 3428 singularis
1523 3373 1537 3410 :
1573 3357 1831 3425 quoniam
1866 3371 1973 3410 non
2009 3367 2089 3409 est
2116 3370 2225 3423 quo

666 3458 839 3520 egeat,
864 3456 917 3502 et
945 3448 1128 3501 omnia
1152 3447 1503 3507 conveniunt,
1531 3456 1584 3501 et
1607 3447 1737 3500 nihil
1765 3448 2030 3505 dissonat.
2056 3458 2108 3500 ct
2140 3447 2225 3499 in-

666 3554 834 3608 super
863 3546 947 3593 est
988 3539 1169 3591 omnis
1204 3537 1543 3591 excellentia.
1591 3536 1682 3592 Sic
1728 3538 1872 3591 enim
1909 3553 2021 3589 rem
2056 3537 2228 3605 dispi-

664 3633 899 3686 ciamus.
934 3628 1268 3684 Desiderium
1298 3629 1585 3683 animabus
1616 3628 1813 3683 indidit
1846 3627 2008 3682 Deus.
2036 3629 2095 3680 Si
2130 3628 2225 3681 bo-

669 3738 799 3775 num
828 3720 959 3774 illud
990 3720 1210 3789 assequi
1244 3719 1525 3782 debemus,
1556 3726 1610 3772 et
1643 3722 1843 3773 veritas
1878 3717 2223 3785 intelligenda

665 3823 771 3876 est,
825 3814 937 3867 haec
983 3812 1094 3865 duo
1138 3810 1329 3881 utique
1379 3826 1512 3879 pura
1558 3810 1781 3864 omnino
1819 3810 2222 3875 desideramus,

669 3910 870 3969 bonum
903 3920 933 3960 a
956 3905 1122 3968 malo,
1146 3906 1425 3960 veritatem
1460 3920 1489 3957 a
1526 3904 1830 3958 mendacio.
1882 3903 2052 3958 Nemo
2078 3902 2222 3956 enim

665 3996 928 4067 deceptus
973 3998 1211 4063 laetatur,
1258 4012 1357 4053 nec
1400 3996 1704 4050 delectatur
1747 3996 1800 4049 in
1841 4009 2082 4049 errorem
2135 3995 2223 4047 in-

665 4089 882 4152 ductus,
914 4096 969 4144 et
998 4103 1096 4157 pro
1122 4089 1349 4143 bonoin
1383 4087 1581 4140 malum
1620 4086 1883 4140 incidens.
1941 4085 2067 4140 Haec
2094 4100 2226 4139 con-

669 4179 1078 4249 cupiscentibus
1114 4193 1247 4245 pure
1294 4176 1660 4245 consequendi
1716 4165 1995 4244 nunquam
2043 4162 2221 4228 adhuc

667 4270 811 4324 facta
858 4277 946 4324 est
996 4267 1154 4337 copia
1207 4284 1220 4321 :
1262 4266 1354 4322 sed
1408 4266 1547 4333 quod
1601 4280 1630 4319 a
1685 4265 1843 4319 nobis
1914 4264 2117 4317 bonum
2169 4272 2223 4316 ct

668 4373 855 4412 verum
877 4357 1199 4427 appellatur,
1248 4371 1356 4411 non
1400 4371 1569 4423 magis
1604 4355 1708 4410 hoc
1751 4365 1835 4410 est
1862 4356 2005 4424 quod
2037 4356 2221 4423 appel-

2328 3166 2455 3245 ματι
2482 3176 2574 3228 τὸν
2601 3174 2954 3243 δημιουργὸν,
2982 3164 3063 3243 τῷ
3092 3174 3167 3243 νῷ
3194 3174 3293 3244 τὴν
3318 3175 3597 3245 ἀλήθειαν,
3762 3179 3890 3227 ἐπι-

2326 3266 2494 3335 θυμίᾳ
2524 3265 2613 3317 τὸν
2645 3265 2805 3331 μόνον
2825 3264 3184 3331 ἐπιθυμητόν.
3221 3267 3319 3317 Διά
3346 3263 3506 3317 τοῦτο
3564 3266 3656 3317 καὶ
3708 3265 3895 3333 μέγας

2324 3358 2353 3409 ὁ
2382 3356 2544 3417 πόθος
2569 3357 2663 3407 καὶ
2686 3355 2746 3406 τὸ
2773 3352 2998 3423 φίλτρου
3036 3355 3273 3423 ἄρρητον
3306 3354 3399 3407 καὶ
3445 3356 3473 3407 ὁ
3526 3357 3666 3423 ἐρως
3726 3355 3895 3424 ὕπερ·

2327 3447 2489 3515 φυὴς,
2520 3446 2719 3499 ὅτιούκ
2754 3445 2905 3497 ἐστιν
2958 3438 3018 3499 οῦ
3063 3445 3162 3507 δεῖ,
3221 3449 3316 3498 καὶ
3365 3446 3543 3498 πάντα
3566 3446 3887 3514 συμϐαίνει,

2326 3539 2419 3591 καὶ
2441 3538 2593 3590 οὐδὲν
2622 3536 2839 3605 ἀπᾴδει,
2882 3536 2977 3588 καὶ
3022 3536 3158 3605 πρός
3208 3552 3270 3603 γε
3314 3536 3465 3589 πᾶσά
3524 3537 3675 3589 ἐστιν
3715 3536 3892 3605 ὑπερ-

2326 3630 2482 3699 ϐολή.
2513 3628 2813 3696 Σκοπῶρεν
2837 3628 2965 3696 γάρ.
3008 3625 3339 3695 Ἐπιθυμίαν
3378 3630 3496 3689 ταῖς
3548 3627 3747 3696 ψυχαῖς
3794 3631 3889 3680 ἐνο

2324 3721 2519 3790 έθηκεν
2546 3724 2573 3772 ὁ
2598 3719 2755 3780 Θεὸς.
2784 3719 2852 3775 ἂν
2885 3718 2987 3785 μέν
3015 3734 3111 3770 του
3145 3717 3260 3786 δέη,
3293 3720 3585 3787 τυγχάνειν
3613 3718 3709 3771 τοῦ
3747 3722 3889 3785 ἀγα-

2326 3812 2439 3872 θοῦ.
2472 3814 2659 3879 νοῆσαι
2686 3809 2957 3878 emensa.
2990 3809 3087 3877 τῆς
3108 3806 3391 3877 ἀληθείας,
3431 3808 3527 3861 καὶ
3576 3806 3751 3861 ταῦτα
3789 3794 3893 3862 ποέ

2326 3904 2525 3973 θοῦμεν
2568 3902 2781 3971 καθαρὰ
2809 3898 3007 3970 δήπου,
3051 3900 3109 3952 τὸ
3154 3900 3252 3969 μὲν
3291 3899 3497 3968 ἀγαθὸν
3548 3900 3643 3953 τοῦ
3688 3900 3891 3967 κακοῦ,

2323 3993 2413 4047 τοῦ
2442 3994 2670 4061 ψεύδους
2700 3991 2755 4044 δὲ
2798 3990 2898 4061 τὴν
2922 3990 3187 4061 ἀλήθειαν
3280 3991 3341 4042 οὐ
3370 3990 3478 4061 γάρ
3529 4008 3612 4054 τις
3666 3993 3896 4046 ἀπατώ-

2328 4103 2484 4155 μενος
2515 4085 2717 4154 χαίρει,
2754 4084 2849 4137 οὺδ
2898 4084 2965 4137 ἂν
2992 4082 3186 4154 ἡσθείη
3220 4082 3573 4151 πλανώμενος
3606 4083 3703 4135 καὶ
3728 4084 3889 4155 κακῷ

2322 4177 2738 4247 περιτυγχάνων
2794 4174 2910 4227 ἀντ’
2959 4173 3187 4242 ἀγαθοῦ.
3249 4174 3470 4226 Τούτων
3527 4174 3891 4245 ἐπιθυμοῦσιν

2323 4270 2442 4321 οὐδὲ
2473 4268 2690 4323 πώποτε
2720 4267 2935 4332 ἐγένετο
2964 4267 3150 4335 τυχεῖν
3190 4265 3470 4335 καθαρῶς,
3498 4266 3633 4319 ἀλλᾶ
3661 4268 3724 4320 τὸ
3755 4267 3890 4337 παρ’

2323 4360 2456 4429 ἡμῖν
2487 4358 2687 4425 ἀγαθὸν
2713 4359 2803 4410 καὶ
2837 4357 2897 4409 τὸ
2929 4356 3126 4425 ἀληθὲς
3156 4357 3217 4410 οῦ
3247 4355 3402 4409 τοῦτό
3421 4358 3593 4419 ἐστιν,
3641 4356 3671 4409 δ
3697 4357 3889 4410 καλεί-

669 4451 831 4514 latur,
880 4462 1044 4516 quam
1088 4448 1450 4503 contrarium.
1504 4445 1659 4501 Unde
1710 4455 1958 4511 apertum
2016 4445 2091 4502 lit.
2136 4446 2222 4499 hic

2327 4467 2415 4502 ται
2442 4450 2694 4518 μᾶλλονῆ
2726 4448 3042 4501 τούναντίον
3132 4448 3254 4500 ὅθεν
3284 4448 3405 4501 οὺδέ
3446 4449 3478 4518 ή
3513 4447 3611 4516 τῆς
3666 4449 3891 4515 ἀγάπης

668 4557 842 4609 neque
888 4540 1174 4594 charitatis
1229 4555 1406 4609 neque
1449 4538 1633 4609 gaudii
1692 4539 1742 4591 in
1800 4538 1959 4592 nobis
2018 4546 2220 4591 tantam

668 4635 775 4685 vim
804 4630 1052 4700 reperiri,
1086 4638 1289 4699 quanta
1320 4629 1733 4698 reperiretur,si
1756 4644 1876 4697 quae
1894 4627 2136 4697 diligere,
2175 4637 2226 4680 et

665 4724 867 4792 quibus
890 4722 1128 4792 gaudere
1157 4731 1390 4790 oportet,
1420 4722 1704 4790 praesentia
1743 4725 2015 4774 adessent.
2043 4719 2227 4785 Neque

666 4815 873 4868 amoris
934 4815 1211 4868 vinculum
1263 4821 1532 4883 quantum
1586 4815 1678 4877 sit,
1743 4829 1845 4868 nec
1908 4814 2227 4881 magnitudo

670 4907 818 4959 illius
840 4904 1076 4959 incendii
1121 4912 1247 4958 nota
1289 4912 1405 4969 est;
1448 4905 1572 4973 quia
1624 4903 1765 4972 quod
1814 4915 2047 4965 amatur,
2088 4919 2222 4958 nus-

665 5011 828 5067 quam
855 5004 957 5051 est.
1004 4994 1074 5051 lis
1118 5004 1299 5051 autem
1330 4998 1425 5065 qui
1461 4996 1799 5050 Salvatorem
1840 5005 2216 5065 gustaverunt,

664 5090 820 5142 adest
859 5087 1093 5154 idipsum
1126 5086 1268 5156 quod
1295 5088 1630 5151 desiderant,
1664 5086 1729 5139 ad
1763 5100 1922 5154 quem
1951 5086 2226 5139 humanus

667 5194 821 5232 amor
848 5178 991 5232 velut
1013 5178 1080 5231 ad
1106 5191 1374 5232 canonem
1411 5178 1644 5247 aliquem
1676 5187 1729 5231 et
1762 5176 1921 5231 linem
1975 5177 2041 5230 ab
2068 5176 2224 5229 initio

665 5276 1015 5336 comparatus
1044 5277 1127 5322 est
1162 5286 1175 5322 :
1215 5268 1356 5322 velut
1394 5271 1686 5322 thesaurus
1738 5268 1812 5320 ita
1862 5282 2110 5336 Inaguus,
2151 5266 2222 5327 ita

669 5360 831 5425 latus,
858 5368 918 5411 ut
950 5356 1116 5412 Deum
1143 5358 1313 5427 possit
1342 5373 1552 5428 capere.
1584 5356 1701 5412 Hac
1733 5360 1940 5413 ratione
1965 5368 2019 5414 et
2042 5360 2225 5413 omnia

670 5453 808 5505 bona
836 5451 888 5505 in
911 5452 1016 5503 vita
1041 5460 1469 5519 consequuntur.
1496 5450 1651 5506 Nulla
1674 5451 1958 5505 intercedit
1981 5450 2227 5514 satietas,

668 5560 769 5599 nec
800 5545 1096 5614 quidquam
1131 5545 1460 5599 desiderium
1505 5543 1687 5599 deﬁnit
1771 5546 1861 5598 sed
1898 5546 2073 5599 adhuc
2105 5544 2225 5597 siti-

738 5755 782 5786 “
810 5752 1004 5819 Jercm.
1042 5771 1188 5816 aut,
1223 5754 1308 5816 5|,
1346 5752 1434 5806 52.
1510 5751 1552 5782 ⁸¹
1590 5750 1714 5804 ibid.
1741 5749 1829 5802 '55.
1908 5750 1950 5780 θ’
1977 5749 2107 5819 Ibid,
2153 5750 2241 5801 δί.

2328 4540 2559 4594 ἐνταῦθα
2594 4539 2859 4607 δύναμις⁹
2890 4538 3009 4590 οὑδέ
3045 4538 3199 4606 ὴτῆς
3227 4540 3401 4605 χαρᾶς
3434 4537 3492 4589 ἐν
3551 4538 3683 4605 ἡμῖν
3732 4537 3893 4604 δῆλον

2324 4627 2392 4701 ἧν
2430 4631 2600 4699 ὁπόση
2628 4647 2712 4693 τις
2738 4624 2825 4698 ἦν,
2856 4628 2892 4682 ἃ
2934 4628 3107 4695 φιλεῖν
3146 4627 3253 4680 ἔδει
3285 4629 3379 4681 καὶ
3431 4624 3513 4691 οἷς
3556 4626 3770 4697 χαίρειν
3824 4622 3892 4698 ἦν

2329 4727 2404 4793 μὴ
2437 4725 2739 4791 παρόντων,
2774 4722 2892 4773 οὑδέ
2931 4723 2957 4773 ὁ
2991 4718 3083 4773 τοῦ
3140 4720 3306 4773 πόθου
3367 4719 3565 4788 δεσμὸς
3610 4719 3890 4788 γνώριμος

2324 4816 2444 4869 οὐδὲ
2474 4815 2531 4866 τὸ
2557 4815 2666 4884 πῦρ
2686 4815 2830 4867 ὅσον.
2863 4808 2969 4865 Ἦν
3007 4814 3117 4880 γὰρ
3149 4814 3207 4864 τὸ
3242 4811 3580 4878 ποθούμενον
3602 4810 3847 4879 οὐδαμοῦ
3870 4808 3888 4841 ³

2323 4908 2435 4969 τοῖς
2465 4907 2519 4958 δὲ
2549 4905 2912 4973 γευσαμένοις
2942 4903 3034 4957 τοῦ
3072 4903 3323 4972 Σωτῆρος
3356 4902 3491 4955 αὐτὸ
3554 4903 3787 4973 πάρεστι
3829 4904 3892 4956 τὸ

2327 4997 2677 5065 ποθούμενον,
2726 4997 2864 5065 πρὸς
2886 4995 2945 5048 ὃν
2971 4996 2998 5048 ὁ
3023 4994 3365 5065 ἀνθρώπινος
3386 4993 3529 5064 ἐρως
3585 4994 3776 5063 ὥσπερ
3808 4997 3890 5059 είς

2325 5090 2525 5155 κανόνα
2554 5090 2673 5140 τινὰ
2710 5089 2804 5140 καὶ
2829 5088 2952 5155 ὅρον
2985 5084 3404 5151 κατεσκευάσθη
3454 5083 3515 5137 τὸ
3581 5084 3640 5150 ἐξ
3690 5069 3890 5154 ἀρχῆς,

2326 5181 2578 5249 καθάπερ
2616 5178 2885 5248 θησαυρὸς
2915 5176 3057 5230 οὕτω
3098 5177 3298 5244 μέγας.
3331 5173 3474 5229 οὕτω
3508 5174 3691 5245 εὐρὺς,
3749 5176 3892 5229 ὥστε

2328 5273 2459 5324 Θεὸν
2492 5268 2855 5334 ὑποδέξασθαι
2894 5268 3211 5337 δυνηθῆναι.
3254 5267 3419 5320 Ταῦτ’
3450 5267 3556 5337 ἄρα
3612 5269 3705 5319 καὶ
3753 5268 3894 5324 πάν-

2327 5380 2435 5416 των
2467 5364 2796 5431 τυγχάνουσι
2833 5361 2939 5413 τῶν
2972 5361 3028 5413 ἐν
3055 5358 3133 5429 τῷ
3164 5358 3263 5429 βίῳ
3305 5358 3486 5412 καλῶν
3506 5374 3521 5390 ·
3548 5359 3723 5422 οὐδείς
3773 5361 3894 5413 ἐστι

2335 5458 2512 5525 κόρος,
2554 5456 2659 5511 οὐδ’
2696 5455 2911 5520 ἵστησιν
2940 5452 3092 5505 οὐδὲν
3125 5451 3224 5520 τὴν
3276 5451 3592 5520 ἐπιθυμίαν,
3631 5450 3746 5503 ἀλλ’
3810 5451 3895 5505 ἔτι

2334 5548 2594 5616 διψῶμεν,
2628 5547 2813 5614 ὥσπερ
2862 5547 2909 5597 εί
2953 5542 3140 5613 μηδενὶ
3174 5546 3428 5613 παρῆμεν
3463 5536 3535 5595 ὧν
3571 5540 3894 5607 ἐποθοῦμεν.

2317 5748 2364 5788 ⁸³
2396 5748 2534 5803 Psal.
2571 5763 2755 5812 xxxiv,
2796 5746 2846 5798 4.
2928 5744 3135 5799 "Psal.
3179 5760 3375 5811 sum,
3416 5744 3471 5799 9.
