4154 6308
223 441 321 506 561

221 651 312 702 ταί
347 664 492 708 τινος
525 647 715 708 ὓδατος
791 647 818 697 ό
847 645 903 698 δὲ
939 646 1139 712 κόσμος
1168 638 1321 703 οὗτος
1374 633 1785 706 πεπερασμένος

223 740 454 808 ἀρκέσαι
480 739 543 809 δὴ
577 738 693 799 πῶς
718 735 920 788 δύναιτ’
950 736 1045 800 ἀνς
1086 735 1194 787 Καὶ
1241 730 1399 784 τοῦτό
1453 730 1619 790 ἐστιν,
1651 713 1785 790 ὅπερ

224 828 250 880 ὁ
284 827 487 896 Κύριος
521 825 809 880 αίνίττεται
862 825 997 894 πρὸς
1033 823 1132 879 τὴν
1184 817 1548 889 Σαμαρείτιδα
1580 815 1751 878 λέγων

237 936 254 967 ι
300 918 358 970 Ὀ
395 920 566 968 πίνων
607 916 670 966 ὲκ
710 913 802 966 τοῦ
857 913 1046 974 ὓδατος
1093 910 1280 962 τούτου
1339 907 1554 975 διψήσει
1586 903 1744 956 πάλιν

226 1010 280 1066 ὃς
309 1009 352 1060 δ’
379 1011 444 1062 ἂν
490 1007 586 1079 πίῃ
612 1008 675 1059 ὲκ
701 1007 792 1058 τοῦ
822 1006 1033 1067 ὕδατος,
1064 997 1124 1056 οὗ
1165 1004 1273 1068 ἐγὼ
1300 999 1454 1052 δώσω
1514 995 1681 1063 αὐτῷ,
1726 993 1786 1044 οὐ

234 1099 309 1165 μὴ
341 1099 542 1168 διψήσῃ
599 1097 678 1159 είς
714 1096 804 1146 τὸν
855 1094 1042 1147 αἰῶνα.
1081 1112 1096 1142 ι
1160 1088 1330 1144 Τοῦτο
1381 1087 1489 1157 γάρ
1554 1087 1666 1137 ἐστι
1730 1083 1791 1134 τὸ

230 1186 395 1255 ὕδωρ,
446 1187 474 1239 ὃ
495 1187 593 1252 τὴν
621 1186 914 1254 ἐπιθυμίαν
941 1185 1121 1253 ἵστησι
1155 1182 1262 1234 τῶν
1307 1177 1660 1247 ἀνθρωπίνων
1690 1174 1792 1242 ψυ-

234 1277 362 1347 χῶν.
410 1294 428 1327 ε
457 1277 910 1345 Χορτασθήσομαι
965 1280 1094 1344 γὰρ,
1126 1274 1306 1342 φησὶν,
1335 1272 1390 1323 ὲν
1438 1269 1513 1335 τῷ
1565 1264 1792 1348 όφθῆναί

233 1383 324 1436 μοι
351 1366 448 1436 τὴν
485 1367 642 1431 δόξαν
681 1383 797 1419 σου.
847 1385 866 1417 ι
908 1367 1014 1416 Καὶ
1044 1366 1151 1433 γὰρ
1180 1350 1454 1431 ὀφθαλμὸς
1511 1360 1608 1428 μὲν
1638 1375 1795 1411 κατεο

230 1457 508 1527 σκευάσθη
539 1453 648 1520 οἷος
682 1457 816 1526 πρὸς
844 1456 904 1508 τδ
933 1456 1045 1524 φῶς
1067 1443 1325 1524 ἀρκέσαι,
1363 1453 1457 1505 καὶ
1487 1451 1625 1519 ἀκοὴ
1661 1448 1803 1518 πρὸς

231 1547 419 1616 ηχους,
453 1547 544 1599 καὶ
569 1547 798 1600 ἕκαστον
819 1540 898 1608 οἷς
931 1545 1190 1615 ἁρμόττει
1287 1542 1464 1612 ψυχῆς
1503 1531 1562 1594 δὲ
1611 1539 1797 1592 ἐπιθυ-

236 1639 335 1709 μία
368 1639 502 1707 πρὸς
532 1638 622 1690 τὸν
660 1639 892 1706 Χριστὸν
923 1638 1061 1690 ῑεται
1093 1637 1271 1706 μόνον.
1313 1636 1423 1690 Καὶ
1462 1636 1522 1688 τὸ
1567 1633 1796 1687 κατάλυ-

245 1745 323 1796 μα
353 1726 509 1779 τοῦτό
542 1728 687 1778 ἐστιν
728 1727 888 1797 αὐτῇ,
918 1726 996 1778 ὅτι
1048 1727 1140 1777 καὶ
1195 1724 1395 1793 ἀγαθὸν
1426 1727 1517 1775 καὶ
1571 1723 1796 1792 ἀλήθεια

234 1819 330 1870 καὶ
369 1817 566 1883 ὁτιοῦν,
599 1811 674 1868 ὧν
700 1819 846 1870 ἐστιν
880 1816 1038 1884 ἔρως,
1071 1816 1226 1882 μόνος
1260 1814 1394 1868 ὲστί.
1421 1815 1636 1866 Τούτων
1681 1814 1797 1865 ἓνε-

235 1923 307 1957 κα
333 1906 427 1957 καὶ
489 1905 690 1957 κωλύει
753 1906 879 1967 τοὺς
927 1904 1188 1973 τυχόντας
1241 1904 1391 1956 οὐδὲν
1423 1905 1620 1970 φιλεῖν,
1679 1904 1801 1955 ὅσον

237 1996 442 2066 ἔρωτος
475 1997 533 2061 ἐξ
564 1997 737 2065 ἀρχῆς
771 2000 888 2058 ταῖς
911 1996 1108 2065 ψυχαῖς
1153 1995 1390 2064 ὲνετέθη,
1435 1996 1527 2047 καὶ
1572 1996 1801 2064 χαίρειν,

245 2089 372 2167 ὅρον
416 2087 643 2141 δύναται
696 2088 906 2157 χαίρειν
936 2090 968 2158 ἡ
994 2087 1175 2154 φύσις,
1207 2089 1299 2140 καὶ
1337 2089 1388 2139 εῐ
1416 2105 1466 2140 τι
1498 2087 1803 2155 πρσέθηκεν

238 2181 422 2242 αὐτοῖς
454 2180 620 2251 ἀρετὴ
667 2183 760 2234 καὶ
790 2183 848 2233 τὺ
885 2185 979 2250 τῆς
1019 2183 1423 2252 ἀναγεννήσεως
1472 2179 1636 2252 ὕδωρ.
1682 2181 1804 2234 Ἐπὶ

245 2272 343 2342 μιν
374 2272 479 2342 γὰρ
521 2272 628 2325 τῶν
659 2275 716 2325 ὲν
749 2273 826 2341 τῷ
885 2272 983 2344 βίῳ
1020 2273 1199 2328 καλῶν
1229 2272 1350 2326 οὔτε
1377 2273 1464 2326 τὸν
1497 2273 1672 2343 ἔρωτα
1713 2273 1803 2324 οὗ·

239 2381 301 2417 τε
328 2365 423 2432 τὴν
454 2364 628 2433 χαρὰν
661 2364 883 2432 ἐνεργὸν
925 2361 1061 2416 εἶναι
1086 2365 1306 2418 δυνατὸν
1332 2365 1670 2433 ψευδομένων
1707 2365 1805 2432 τὴν

243 2455 561 2522 ὲπωνυμίαν
659 2456 707 2505 εἰ
757 2455 864 2522 γάρ
927 2472 981 2506 τι
1035 2457 1130 2509 καὶ
1181 2456 1324 2508 δοκεῖ
1380 2456 1559 2519 καλὸν,
1608 2455 1807 2524 φαῦλόν

247 2546 396 2596 ἔστιν
429 2544 649 2596 είδωλον
702 2543 796 2596 τοῦ
855 2543 1105 2613 ἀληθοῦς.
1144 2545 1404 2597 Ἐνταῦθα
1462 2545 1536 2609 δὲ,
1595 2546 1808 2607 ούδενὲς

243 2636 395 2700 ὄντος
421 2637 451 2690 ὃ
479 2637 730 2702 κωλύσει,
756 2636 1067 2705 θαυμαστὸν
1095 2638 1186 2688 καὶ
1225 2637 1462 2708 ἄρρητον
1507 2636 1808 2689 διαδείκνυ-

246 2730 422 2784 ταιτδ
454 2728 673 2798 φίλτρον
725 2730 816 2781 καὶ
857 2729 890 2795 ἡ
919 2727 1058 2796 χαρά
1105 2729 1210 2781 οὐδ’
1254 2729 1352 2796 ὅση
1409 2728 1641 2798 μηνύσαι
1708 2729 1809 2797 μά-

247 2818 404 2870 λιστα
456 2819 553 2885 μὲν
591 2818 672 2870 ὅτι
723 2815 856 2885 πρὸς
906 2817 1097 2869 ἑαυτὸν
1148 2818 1406 2888 ἑκάτερον
1455 2817 1563 2870 τῶν
1623 2817 1810 2871 παθῶν

245 2907 451 2960 τούτων
485 2906 670 2970 ἑταξεν
695 2909 722 2960 ὁ
747 2907 899 2970 Θεὸς,
934 2907 1018 2960 ἵνα
1045 2908 1203 2960 αὐτὸν
1231 2910 1328 2978 μὲν
1353 2909 1619 2977 φιλῶμεν,
1662 2909 1810 2979 αὒτῴ

248 3001 308 3052 δὲ
369 2999 650 3068 χαίρωμεν
719 2999 864 3068 μόνῳ
953 3000 1046 3051 καί
1089 3001 1234 3052 ἐστιν
1282 2999 1593 3062 ἀκόλουθον,
1635 2995 1808 3068 οἴμαι,

255 3090 414 3158 λόγον
441 3090 562 3143 τινὰ
607 3091 743 3159 πρδς
775 3090 836 3142 τὸ
879 3089 1104 3159 ἄπειρον
1133 3091 1334 3158 ἀγαθὸν
1383 3093 1560 3145 ἐκεῖνο
1591 3092 1807 3160 σώζειν,

252 3179 349 3230 καὶ
377 3178 564 3230 τοῦτον
589 3177 662 3240 ὡς
687 3180 861 3230 εἰπεῖν
903 3179 993 3231 τὸν
1032 3179 1229 3249 τρόπον
1254 3179 1562 3250 σύμμετρον
1586 3177 1744 3234 εἷναι.

323 3268 620 3338 Σκοπῶμεν
664 3267 729 3338 δὴ
753 3269 814 3321 τὸ
861 3268 1091 3337 μέγεθος
1133 3272 1274 3336 ὅσον,
1308 3271 1496 3324 ἔπειτα
1527 3274 1624 3341 τῆς
1659 3273 1821 3341 ὑπερ-

249 3360 421 3431 ϐολῆς
449 3362 672 3414 κάκεῖνο
701 3364 948 3432 σημεῖον.
991 3362 1216 3414 Πάντων
1266 3364 1397 3432 γὰρ,
1446 3357 1521 3416 ὧν
1575 3364 1820 3434 ὑπῆρξεν

254 3453 335 3514 είς
362 3453 509 3519 ἡμᾶς
536 3450 780 3518 ἀγαθῶν,
813 3452 982 3520 μόνην
1006 3451 1238 3520 ἀμοιϐὴν
1266 3454 1449 3521 ήγεῐτο
1479 3453 1538 3506 τὸ
1569 3455 1818 3523 φίλτρον,

252 3545 347 3597 καὶ
373 3541 528 3595 τοῦτο
561 3544 691 3609 παρ’
711 3543 864 3612 ἡμῶν
890 3545 938 3596 εί
964 3543 1138 3606 λάϐοι,
1159 3544 1278 3596 λύει
1301 3545 1360 3596 τὸ
1381 3546 1564 3614 χρέος·
1589 3545 1618 3599 ὃ
1642 3548 1822 3601 τοίνυν

253 3634 497 3702 ἀπείρων
544 3633 696 3686 ἐστὶν
744 3634 1073 3704 ἀντίρροπον
1117 3635 1336 3702 ἀγαθῶν
1389 3637 1539 3704 παρά
1599 3653 1661 3703 γε
1704 3639 1822 3707 Θεῷ

254 3726 507 3796 δικαστῇ,
549 3726 668 3789 πῶς
696 3726 794 3796 οὐχ
811 3726 1113 3796 ὑπερφυέςς
1148 3727 1414 3797 Πρόδηλον
1443 3727 1500 3780 δὲ
1522 3729 1603 3782 ὅτι
1627 3732 1695 3801 τῇ
1723 3732 1822 3801 τῆς

257 3820 478 3886 ἀγάπης
512 3817 780 3888 ὑπερϐολῇ
817 3819 1158 3871 παντάπασιν
1217 3819 1512 3888 ὶιράμιλλος
1555 3822 1588 3888 ἡ
1637 3822 1783 3892 χαρά
1807 3837 1818 3849 ·

256 3926 331 3961 κα
375 3908 453 3978 τῷ
484 3907 690 3978 φίλτρῳ
722 3907 1009 3977 συμσαίνει
1045 3909 1131 3962 διὰ
1189 3909 1403 3963 πάντων
1430 3910 1490 3963 τὸ
1511 3911 1705 3977 γάννος
1732 3915 1824 3966 καὶ

258 4001 542 4056 ἀκολουθεῖ
573 4001 811 4069 μεγίστῳ
852 4001 1126 4070 μέγιστον.
1177 4001 1425 4054 Φαίνεται
1495 4003 1673 4057 τοίνυν
1703 4008 1823 4069 ταῖς

259 4091 626 4160 ἀνθρωπίναις
653 4091 873 4159 ψυχαῖς,
912 4091 1132 4159 ἀγάπης
1191 4092 1287 4145 καὶ
1343 4094 1518 4163 χαρᾶς
1579 4095 1823 4165 μεγάλην

259 4180 380 4233 τινά
433 4181 529 4233 καὶ
572 4179 893 4251 θαυμαστὴν
948 4176 1270 4235 ἀποκεῖσθαι
1331 4183 1684 4254 παρασκευὴν
1729 4186 1823 4238 καὶ

260 4272 530 4342 παρόντος
553 4269 649 4324 τοῦ
681 4272 758 4335 ὡς
795 4271 1008 4341 ἀληθῶς
1052 4274 1331 4344 χαρίεντος
1385 4275 1479 4328 καὶ
1535 4276 1821 4346 ἀγαπητοῦ

261 4363 562 4435 τηνικαῦτα
592 4363 791 4426 τελέως
822 4365 1044 4434 ἐνεργὸν
1089 4361 1231 4418 εἶναι
1296 4366 1390 4419 καὶ
1445 4365 1602 4419 τοῦτό
1651 4368 1819 4434 ἔστιν,

263 4457 402 4526 ὅπερ
474 4456 647 4526 χαράν
696 4457 725 4509 ό
771 4455 960 4525 Σωτὴρ
1008 4455 1442 4526 πεπληρωμένην
1493 4459 1668 4513 καλεῖ.
1717 4459 1821 4512 Διά

261 4545 436 4599 ταῦτα
482 4545 578 4599 καὶ
623 4542 719 4598 τοῦ
783 4544 1094 4612 Πνεύματος
1137 4545 1574 4615 ἐπιδημήσαντος
1627 4544 1828 4614 ὁτῳοῦν

1249 432 1343 493 DE
1393 429 1566 494 VITA
1613 425 1691 485 IN
1732 418 2067 480 CHRISTO
2100 417 2224 476 LIB
2291 415 2367 474 ΙῘ.

231 556 296 608 Ἦ
326 555 435 625 γὰρ
465 557 573 608 τῶν
611 553 964 624 ἀνθρωπίνων
997 552 1184 622 ψυχῶν
1241 550 1368 618 δίψα
1407 544 1632 612 ἀπείρου
1677 538 1778 589 δεῖ·
1806 580 1811 590 .

1914 545 2025 592 ius,
2089 542 2151 580 ac
2211 525 2255 579 si
2313 521 2448 576 nihil

3351 395 3459 456 562

2497 517 2934 573 desideratorum
2998 509 3452 564 obtinuissemus.

1887 622 2205 673 Animarum
2253 616 2453 684 quippe
2484 612 2844 664 humanarum
2891 605 3011 660 sitis
3046 601 3284 671 quadam
3317 611 3460 665 aqua

1889 712 2100 768 inlinita
2153 708 2356 777 indiget
2405 723 2416 757 :
2476 702 2566 756 cui
2625 697 3024 762 mundus-istc
3100 691 3287 744 ﬁnitus
3369 685 3461 754 qui

1889 804 2065 875 possit
2093 799 2342 855 sufﬁcere
2375 797 2398 848 ?
2454 795 2515 848 Et
2551 796 2653 847 hoc
2681 800 2764 844 est
2798 787 2936 858 quod
2975 784 3238 837 Dominus
3268 779 3463 833 tectius

1889 870 2247 950 Samaritana:
2285 891 2359 943 ait
2395 907 2407 942 :
2459 905 2476 938 ι
2509 885 2612 950 Qui
2651 882 2847 936 biberit
2878 895 2940 932 ex
2978 879 3079 930 hac
3103 887 3266 941 aqua.
3318 870 3468 923 sitiet

1893 989 2114 1041 iterum.
2171 982 2274 1048 Qui
2333 989 2513 1034 autem
2567 974 2766 1030 biberit
2808 986 2872 1025 ex
2929 983 3092 1038 aqua,
3154 977 3318 1030 quam
3368 973 3467 1026 ego

1888 1080 2033 1134 dabo
2062 1078 2131 1142 ei,
2161 1092 2268 1129 non
2302 1074 2454 1128 sitiet
2485 1073 2536 1123 in
2581 1077 2844 1122 aeternum
2873 1063 2941 1115 ⁸³.
2982 1080 2999 1112 ι
3042 1059 3169 1112 llaec
3209 1055 3352 1108 enim
3383 1059 3467 1104 est

1894 1186 2072 1241 aqua,
2129 1183 2251 1239 qua:
2299 1165 2608 1220 animarum
2665 1160 3030 1212 humanarum
3097 1144 3466 1217 appetentiam

1895 1232 2070 1320 sedat.
2202 1256 2475 1320 Satiabor,
2517 1251 2714 1320 inquit.
2764 1262 2891 1301 cum
2944 1237 3256 1312 apparuerit
3298 1232 3468 1304 gloria

1899 1365 1988 1406 tua
2017 1351 2084 1405 ⁸⁸.
2120 1369 2137 1401 ι
2171 1348 2384 1402 Etenim
2433 1343 2626 1398 oculus
2676 1345 3027 1404 comparatus
3082 1340 3164 1384 est
3214 1326 3305 1381 ille
3349 1322 3472 1392 qui-

1897 1445 2043 1505 dem,
2081 1451 2136 1494 ut
2168 1440 2235 1493 ad
2270 1440 2451 1491 lumen
2503 1429 2911 1502 percipiendum
2963 1421 3214 1483 suﬂiciat,
3271 1427 3324 1470 et
3375 1429 3472 1467 au-

1897 1534 2032 1587 ditio
2057 1534 2121 1586 atl
2144 1545 2360 1591 sonum,
2394 1535 2446 1580 et
2478 1519 2902 1590 unumquodque
2929 1516 3129 1584 quibus
3164 1506 3419 1577 congruit
3452 1520 3468 1558 :

1900 1627 2093 1678 animae
2165 1630 2346 1674 autem
2414 1615 2749 1670 desiderium
2825 1611 2892 1663 ad
2969 1605 3246 1660 Christum
3301 1599 3474 1652 fertur

1901 1716 2100 1778 solum,
2125 1722 2178 1767 et
2206 1712 2306 1765 hoc
2339 1711 2415 1762 illi
2449 1704 2811 1760 diversorium
2841 1718 2856 1764 ;
2909 1698 3035 1768 quia
3069 1707 3116 1750 et
3151 1695 3380 1761 bonum,
3421 1697 3476 1740 ct

1903 1806 2127 1869 veritas,
2168 1813 2222 1857 et
2255 1801 2624 1870 quodcunque
2669 1792 2922 1853 amabile,
2969 1789 3122 1842 solus
3151 1792 3253 1838 est.
3299 1781 3472 1846 Quem

1903 1901 1994 1969 qui
2037 1893 2273 1952 assecuti
2310 1900 2458 1955 sunt,
2507 1904 2602 1942 eos
2662 1884 2794 1940 nihil
2847 1880 3068 1947 impedit
3128 1887 3330 1934 amare,
3378 1885 3477 1938 pro

1903 2005 1967 2045 eo
1999 1996 2236 2057 quantus
2267 1998 2417 2036 amor
2452 1983 2519 2034 ab
2565 1977 2720 2031 initio
2769 1971 3061 2027 animabus
3099 1976 3183 2021 est
3234 1962 3474 2019 insitus;

1904 2091 1952 2133 et
1980 2049 2217 2148 gaudere
2251 2080 2516 2148 quantum
2551 2077 2748 2122 natura
2797 2061 3032 2131 gaudere
3065 2064 3278 2126 potest;
3330 2061 3383 2105 et
3433 2049 3476 2102 si

1905 2144 2032 2240 quid
2081 2168 2215 2236 ipsis
2258 2147 2432 2218 virtus
2485 2172 2538 2216 et
2574 2153 3009 2230 regenerationis
3066 2165 3209 2218 aqua
3256 2144 3477 2215 adjecit.

1907 2260 1961 2313 In
2001 2235 2159 2311 bonis
2211 2256 2355 2309 enim
2405 2253 2527 2305 vitae
2572 2247 2760 2315 hujus.
2811 2258 3008 2298 nomen
3055 2235 3475 2295 mentientibus,

1906 2369 2084 2422 neque
2134 2365 2284 2405 amor
2337 2361 2510 2414 neque
2559 2341 2813 2413 gaudium
2851 2337 3033 2405 vigere
3086 2337 3282 2400 potest.
3346 2325 3477 2378 Nam

1906 2447 2007 2500 etsi
2046 2443 2176 2513 quid
2227 2442 2431 2495 bonum
2476 2438 2723 2497 videtur,
2773 2431 2934 2483 inane
2979 2423 3095 2479 veri
3143 2421 3268 2474 boni
3309 2418 3483 2472 simu-

1908 2510 2119 2592 lacrum
2160 2543 2265 2588 est.
2315 2531 2413 2586 Hic
2461 2537 2639 2582 autem
2672 2537 2795 2577 cum
2831 2519 2966 2573 nihil
2996 2516 3070 2572 sit
3099 2512 3244 2584 quod
3281 2510 3480 2566 obstet,

1910 2622 2251 2679 admirabilis
2295 2628 2349 2673 et
2399 2613 2692 2671 ineﬂabilis
2719 2624 2895 2672 amor,
2941 2615 2995 2661 et
3026 2602 3268 2657 cliaritas
3315 2613 3487 2666 quan-

1910 2726 2018 2772 tam
2050 2714 2229 2769 verbis
2265 2724 2444 2764 memo
2476 2701 2852 2772 descripserit,
2886 2695 3214 2752 ostenditur.
3252 2687 3488 2743 Maxime

1910 2823 2033 2861 cum
2079 2805 2144 2859 ad
2188 2818 2246 2857 se
2281 2803 2462 2871 ipsum
2497 2805 2789 2862 utrumque
2821 2792 3021 2845 horum
3055 2786 3352 2840 aﬂ'ectuum
3402 2781 3487 2831 in-

1911 2898 2157 2954 stituerit
2212 2897 2378 2956 Deus,
2437 2901 2496 2944 ut
2549 2888 2733 2957 ipsum
2777 2883 3094 2955 diligamus,
3142 2888 3320 2944 eoque
3370 2871 3489 2926 solo

1912 2989 2270 3060 gaudeamus.
2333 2983 2396 3038 Et
2427 2989 2509 3036 est
2556 2989 2920 3044 consequens,
2964 2979 3024 3027 ut
3071 2968 3353 3030 existimo,
3403 2976 3491 3015 ra-

1915 3081 2116 3136 tionem
2158 3077 2453 3148 quamdam
2509 3074 2576 3126 ad
2615 3073 2815 3126 bonum
2869 3065 2999 3119 illud
3053 3060 3330 3115 inﬁnitum
3375 3070 3490 3110 ser-

1843 3181 1887 3243 C
1919 3189 2067 3236 vare,
2100 3180 2154 3225 et
2192 3172 2358 3243 hunc,
2389 3177 2448 3220 ut
2480 3165 2718 3220 breviter
2751 3160 2951 3218 dicam,
2989 3156 3213 3210 modum
3240 3166 3382 3207 esse.

1993 3240 2418 3318 Consideremus
2443 3255 2636 3326 igitur,
2664 3258 2867 3321 quanta
2899 3248 2969 3302 sit
3001 3246 3122 3316 ejus
3153 3240 3491 3311 magnitudo.

1925 3353 2125 3408 Deinde
2170 3347 2510 3406 excellentiae
2556 3351 2612 3398 et
2655 3339 2789 3397 illud
2827 3337 3048 3408 signum
3089 3342 3192 3390 est.
3232 3329 3493 3386 Omnium

1921 3443 2065 3500 enim
2101 3443 2396 3500 bonorum,
2445 3450 2567 3506 qua:
2601 3433 2748 3486 ultro
2800 3429 2958 3483 nobis
3007 3425 3267 3495 praebuit,
3321 3421 3494 3476 solam

1923 3532 2418 3604 compensationem
2473 3526 2627 3581 ducit
2678 3537 2950 3595 amorem,
3000 3533 3164 3586 quem
3194 3517 3236 3572 si
3271 3531 3300 3570 a
3339 3514 3498 3568 nobis

1924 3625 2194 3691 retulerit,
2227 3621 2450 3676 nomina
2493 3619 2778 3685 expuugit.
2828 3613 2931 3680 Qui
2968 3627 3098 3681 ergo
3138 3610 3296 3663 bonis
3340 3607 3500 3661 innu-

1926 3715 2278 3770 merabilibus
2307 3711 2420 3782 pari
2447 3709 2592 3763 velut
2616 3707 2855 3775 pondere
2889 3702 3202 3772 respondet,
3226 3698 3502 3770 quomodo

1925 3806 2067 3874 apud
2096 3804 2264 3859 Deum
2293 3803 2536 3873 judicent
2568 3815 2676 3852 non
2711 3798 2785 3852 sit
2812 3789 3352 3850 excellentissimus?
3373 3789 3503 3842 Cer-

1927 3907 2042 3952 tum
2070 3904 2152 3950 est
2188 3906 2377 3965 porro,
2403 3889 2665 3959 gaudium
2701 3899 2920 3955 aequare
2959 3882 3187 3938 omnino
3214 3880 3504 3935 claritatis

1926 3984 2399 4060 magnitudinem,
2461 3990 2516 4036 et
2578 3979 2752 4033 amori
2810 3975 3156 4046 coniunctam
3217 3986 3343 4027 esse
3409 3985 3506 4039 per

1923 4079 2109 4132 omnia
2150 4076 2510 4149 voluptatem,
2564 4080 2619 4125 et
2667 4067 2969 4124 maximum
3028 4063 3283 4120 comitari
3332 4063 3508 4116 maxi-

1926 4185 2094 4224 mam.
2122 4166 2308 4236 Itaque
2326 4164 2580 4218 humanis
2606 4160 2899 4214 animabus
2925 4157 3219 4213 claritatis
3246 4164 3301 4208 et
3321 4151 3506 4223 gaudii

1924 4262 2194 4330 insignem
2227 4257 2522 4328 quamdam
2553 4265 2608 4310 et
2636 4251 3015 4308 admirabilem
3069 4249 3358 4302 materiam
3387 4259 3509 4298 essu

1926 4353 2248 4428 repositam,
2299 4359 2354 4404 et
2408 4356 2680 4419 praesente
2725 4359 2853 4400 vere
2893 4340 3127 4412 pulchro
3184 4347 3239 4407 et
3285 4337 3509 4393 dilecto.

1927 4441 2362 4498 eﬂlcacisslmam
2401 4453 2524 4494 esse
2557 4444 2724 4509 patet.
2770 4436 2839 4490 Et
2873 4435 2979 4489 hoc
3005 4440 3090 4486 est
3130 4431 3277 4502 quod
3319 4429 3510 4483 Salva-

1934 4539 2018 4587 tor
2044 4531 2303 4603 gaudium
2332 4530 2549 4597 pleuum
2586 4537 2764 4582 vocat.
2799 4544 2818 4577 ι
2854 4522 3048 4597 Ρθιίιο,
3092 4541 3110 4574 ι
3149 4520 3355 4590 inquit,
3395 4537 3413 4570 ε
3456 4528 3510 4568 (ιι

265 4638 357 4690 καὶ
389 4627 698 4690 τῶνάὑτοῧ
734 4609 1054 4705 μεταδόντος
1086 4633 1192 4688 τῶν
1244 4609 1589 4704 ἀνασχόντων
1619 4609 1811 4688 ικέιθιε

1933 4624 2234 4698 accipietis,
2282 4630 2341 4676 ut
2391 4620 2649 4690 gaudium
2701 4625 2944 4674 vestrum
2993 4614 3067 4669 sit
3119 4609 3342 4682 plenum
3372 4610 3442 4663 ".
3488 4630 3506 4662 ι

267 4726 516 4799 καρπῶν,
550 4727 618 4780 τὰ
646 4725 868 4796 πρώτην
899 4726 1091 4796 ἔχοντα
1156 4725 1310 4790 τάξιν
1357 4727 1545 4795 ἀγάπη
1573 4727 1686 4780 ἐστὶ
1735 4727 1811 4779 κα¹

1936 4718 2282 4786 Quapropter
2315 4727 2438 4768 cum
2473 4710 2713 4782 Spiritus
2743 4723 2961 4778 quoque
3005 4706 3266 4769 venisset,
3297 4717 3510 4764 suaque

270 4797 429 4890 χαρά.
481 4838 498 4871 ι
535 4819 596 4873 ’0
652 4822 762 4889 γάρ
810 4818 1021 4885 καρπὸς
1087 4818 1182 4873 τοῦ
1240 4816 1578 4887 πνεύματος,
1645 4821 1811 4891 φησὶν

1940 4814 2081 4867 dona
2109 4809 2451 4884 contulisset,
2480 4807 2755 4883 fructuum
2787 4803 2915 4858 inde
2962 4801 3258 4856 orientium
3303 4797 3511 4868 primas

269 4888 482 4980 ἀγάπη,
515 4909 659 4979 χαρά
781 4911 842 4962 τὸ
872 4909 929 4962 δὲ
967 4911 1158 4975 αῐτιον,
1186 4911 1269 4964 ὅτι
1314 4910 1470 4963 τοῦτο
1490 4888 1716 4980 πρῶτον
1755 4911 1811 4964 at

1945 4905 2187 4960 Charitas
2219 4912 2272 4957 et
2297 4902 2558 4972 gaudium
2590 4900 2855 4954 tulerunt.
2883 4915 2904 4948 ι
2943 4894 3181 4949 Fructus
3213 4893 3358 4946 enim
3390 4888 3514 4959 Spi—

271 4999 467 5070 σθησιν
526 4998 721 5051 ἑαυτοῦ
775 5001 1006 5069 παρέχει
1061 5001 1178 5064 ταῖς
1245 5001 1443 5070 ψυχαῖς
1499 5003 1811 5072 δπιδημῶντ

1949 4998 2109 5063 ritus,
2145 5013 2164 5046 ι
2219 4994 2418 5064 inquit,
2469 5011 2487 5044 ι
2532 4981 2622 5046 est
2651 4983 2955 5059 gaudium,
2988 4996 3042 5042 et
3091 4985 3334 5041 claritas
3378 4983 3446 5037 ⁸⁸.
3491 5001 3510 5033 ι

270 5091 425 5152 ϐιός.
466 5090 868 5159 Αίσθςινόμενος
899 5091 958 5143 δὲ
994 5091 1087 5145 τοῦ
1137 5092 1340 5160 ἀγαθοῦ
1375 5095 1467 5146 καὶ
1511 5095 1684 5163 φιλεῖν
1743 5112 1811 5146 κα

1944 5089 2070 5144 Ideo
2124 5087 2393 5151 videlicet,
2438 5083 2682 5155 quodin
2733 5082 2817 5137 liis
2858 5081 3371 5149 primumsensum
3428 5074 3514 5131 sui

272 5182 486 5252 χαίρειν
529 5180 768 5250 ἀνάγκη,
798 5182 920 5233 ἐπεὶ
971 5182 1065 5235 καὶ
1112 5183 1438 5252 σωματικῶς
1500 5186 1689 5251 φανεὶς
1724 5189 1836 5249 τοῖς

275 5273 585 5344 ἀνθρώποις
615 5272 776 5326 τοῦτο
829 5273 1048 5342 πρῶτον
1087 5274 1217 5344 παρ’
1250 5263 1407 5344 ἡμῶν
1465 5277 1685 5347 ἀπῄτει,
1741 5279 1838 5350 τὴν

277 5365 573 5432 ἐπίγνωσιν
593 5363 694 5436 τὴν
723 5364 919 5418 ἑαυτοῦ
996 5368 1088 5417 καὶ
1117 5364 1274 5418 τοῦτο
1297 5367 1567 5430 ἐδίδασκε,
1595 5368 1689 5422 καὶ
1716 5371 1840 5422 τοῦ·

277 5470 339 5505 το
365 5455 587 5521 εἰσῆγεν
613 5453 798 5521 εὐθὺς,
837 5454 1036 5522 μᾶλλον
1092 5454 1148 5507 δι
1180 5456 1268 5508 διὰ
1316 5455 1474 5511 τοῦτο
1507 5459 1698 5527 μέχρις
1759 5463 1843 5513 al-

280 5542 528 5614 σθήσεως
550 5541 682 5615 ἦλθε
711 5548 806 5600 καὶ
837 5544 978 5615 ύπὶρ
1030 5544 1220 5599 τούτου
1266 5546 1327 5600 τὸ
1370 5549 1480 5601 πᾶν
1519 5551 1835 5619 είργάσατο.

283 5651 302 5684 ι
327 5636 437 5688 Καὶ
465 5635 573 5706 γὰρ
604 5637 687 5700 εις
718 5634 896 5700 τοῦτο,
931 5637 1086 5707 φησι,
1117 5637 1449 5707 γεγέννημαι
1479 5642 1572 5694 καὶ
1601 5643 1680 5705 είς
1718 5643 1841 5695 τοῦ-

358 5813 403 5846 υ
434 5811 591 5870 Joan.
629 5827 702 5880 Iv,
733 5812 823 5880 ll,
863 5813 952 5868 l5.
981 5835 992 5845 ·
1027 5814 1072 5846 ⁸⁸
1109 5814 1248 5870 l’sa'.
1280 5832 1388 5882 ut,
1426 5816 1505 5871 l5.

1584 5818 1627 5849 "
1660 5817 1850 5871 Ma'tli.
1885 5834 1978 5882 ιιι,
2016 5818 2066 5870 7.

1947 5181 2121 5250 ipsius
2143 5179 2429 5234 animabus
2458 5175 2663 5245 prabet
2687 5173 2982 5232 adveniens
3007 5171 3172 5226 Deus.
3202 5167 3517 5224 Sentientes

1944 5272 2090 5326 enim
2130 5270 2261 5324 illud
2293 5270 2515 5324 bonum.
2555 5277 2612 5321 et
2647 5279 2849 5319 amare
2899 5272 2954 5318 et
3003 5262 3242 5332 gaudere
3291 5275 3520 5316 necesse

1948 5372 2052 5418 est.
2084 5362 2351 5429 Quoniam
2382 5370 2436 5415 rt
2467 5360 2652 5414 forma
2692 5358 3010 5425 aspectabili
3063 5355 3378 5410 hominibus
3421 5369 3514 5423 ap-

1952 5468 2169 5522 parens,
2212 5453 2316 5506 hoc
2341 5453 2554 5521 signum
2590 5450 2885 5520 agnitionis
2914 5463 3025 5501 suae
3053 5463 3081 5500 a
3127 5446 3288 5501 nobis
3324 5446 3516 5514 exigit.

1951 5544 2016 5599 Et
2064 5546 2165 5598 Itoc
2193 5544 2400 5607 docuit,
2443 5552 2498 5598 et
2532 5545 2635 5597 hoc
2666 5552 2851 5596 statim
2903 5539 3151 5602 induxit;
3199 5537 3283 5590 vel
3331 5535 3518 5604 potius

1951 5647 2171 5708 propter
2201 5637 2304 5691 hoc
2333 5637 2398 5689 ad
2425 5650 2644 5690 sensum
2679 5649 2854 5704 usque
2884 5647 2943 5688 se
2973 5633 3216 5693 demisit,
3257 5639 3314 5686 et
3357 5627 3537 5699 huius.

2145 5817 2190 5847 “
2218 5817 2394 5871 Galat.
2430 5833 2479 5878 ν,
2512 5815 2608 5874 22.
