4154 6308
277 408 383 471 565

1314 415 1409 475 DE
1446 414 1623 475 VITA
1666 414 1745 472 lN
1788 412 2117 471 CHRISTO
2156 412 2303 473 LIB.
2340 412 2429 469 ll-

3399 404 3504 468 sas

278 521 531 587 δευτέρας
559 519 769 591 ἡμέρας
794 524 853 575 ὲν
889 523 1017 591 ἡμῖν
1077 515 1226 592 μένει
1301 526 1486 578 λοιπὸν
1544 528 1600 579 δὲ
1660 526 1867 594 αὐτὴν,

1963 542 2071 580 ius.
2108 526 2387 594 Siquidem
2417 525 2529 578 haec
2585 520 2868 575 ineffabilis
2902 535 2966 574 ac
3020 518 3295 573 tremenda
3337 518 3502 588 gloria

284 608 745 678 κατασϐέννυμεν,
807 612 899 662 τὸν
961 614 1203 680 χειμῶνα
1234 616 1527 681 ἐπάγοντες
1562 617 1669 668 τῶν
1701 616 1828 684 βιω-

280 700 451 751 τικῶν
494 704 832 770 πραγμάτων
880 704 972 755 καὶ
1030 706 1093 772 τῇ
1150 706 1441 774 πυκνότητι
1498 707 1608 760 τῶν
1658 706 1834 773 νεφῶν

281 791 709 861 ἀποκοσυὸμενοι
733 794 828 855 τὰς
859 797 1098 857 ἀκτῖνας.
1150 814 1168 845 ι

352 968 561 1022 Οὐκοῦν
589 971 651 1022 οὐ
683 972 841 1040 μέχρι
872 970 965 1024 τοῦ
996 972 1341 1041 διανοηθῆναι
1387 973 1479 1024 καὶ
1518 972 1838 1039 λογίσασθαι

283 1064 377 1112 καὶ
407 1061 698 1113 πιστεῦσαι
736 1063 825 1113 τὸν
858 1062 992 1115 Θεὸν
1015 1064 1142 1125 τοὺς
1195 1064 1627 1132 βαπτιζομένους
1665 1064 1838 1129 ἔξεστι

286 1151 506 1215 γνῶναι,
564 1152 699 1205 ἀλλά
758 1169 811 1203 τι
854 1155 947 1204 καὶ
1012 1154 1193 1221 μεῖζον
1240 1155 1331 1205 καὶ
1394 1154 1486 1207 τοῦ
1524 1156 1842 1222 πράγματος

286 1239 471 1307 ἔγγιον
500 1243 559 1293 ἐν
596 1244 706 1301 τοῖς
746 1242 897 1296 ὕδασι
925 1243 1135 1305 τούτοις
1172 1245 1316 1295 ἔστιν
1353 1244 1548 1309 εὑρεῖν.
1588 1245 1697 1312 Τὴν
1736 1246 1842 1313 γὰρ

286 1332 575 1401 ἀστραπὴν
631 1334 843 1400 ἐκείνην
870 1333 1004 1385 Θεοῦ
1037 1336 1237 1386 τιθέναι
1278 1335 1477 1400 γνῶσιν
1526 1337 1582 1387 ἐν
1614 1318 1840 1403 δίανοία,

288 1425 380 1472 καὶ
407 1422 568 1488 λόγου
602 1424 721 1475 τινὰ
753 1424 1035 1492 δᾳδουχίαν
1066 1421 1205 1476 εἶναι
1236 1425 1499 1491 νομίζειν,
1525 1426 1623 1477 οὐκ
1668 1426 1734 1478 ἃν
1759 1426 1842 1494 εἴη

287 1512 445 1578 λόγον
479 1513 671 1577 σῶζον,
728 1516 816 1566 ὅτε
866 1515 962 1583 τὴν
1026 1514 1122 1581 μὲν
1168 1515 1525 1582 ἀφανίζεσθαι
1561 1515 1843 1582 συμϐαίνει

292 1604 427 1668 μετὰ
457 1603 589 1670 μίαν
615 1603 708 1654 καὶ
738 1604 992 1673 δευτέραν
1018 1606 1226 1673 ἡμέραν
1256 1605 1429 1673 ὄχλων
1464 1606 1559 1657 καὶ
1600 1604 1845 1672 Θορύδων

289 1694 403 1752 τοῖς
455 1694 828 1763 μεμνημένοις
912 1695 1331 1764 περιχεθέντων,
1391 1697 1490 1761 τὴν
1541 1696 1725 1747 πίστιν
1787 1696 1844 1747 δὲ

290 1782 466 1843 οὐδείς
503 1785 650 1836 ἔστιν
698 1784 755 1846 ὃς
806 1787 1063 1852 ἠγνόησε,
1132 1788 1468 1855 μεριμνήσας
1495 1789 1552 1837 ὲν
1575 1786 1716 1839 οὕτω
1754 1789 1845 1838 καὶ

1938 619 2002 670 ad
2032 633 2198 670 unum
2228 628 2404 684 usque
2432 615 2735 667 alterumve
2787 611 2929 665 diem
2981 610 3033 663 lu
3085 610 3243 664 nobis
3298 620 3501 664 manet.

1936 708 2054 761 Jam
2112 723 2238 761 vero
2289 708 2453 761 etiam
2497 706 2641 758 illam
2693 703 3151 770 exstinguimus“
3185 702 3506 755 inducentcs

1940 800 2285 867 negotiorum
2327 798 2668 852 srecularittm
2700 796 2959 858 hiemem,
2993 795 3330 861 nubiumque
3370 795 3500 846 den-

1930 890 2100 943 Sitatc
2138 888 2466 954 depellentes
2499 888 2699 939 radios.
2740 906 2757 936 ι

2016 981 2134 1033 Non
2187 982 2351 1047 igitur
2375 996 2546 1047 usque
2570 980 2633 1032 ad
2670 977 3075 1045 cogitationem.
3106 985 3162 1031 et
3192 975 3511 1031 mstimatio-

1942 1085 2090 1132 nem,
2118 1079 2171 1123 et
2204 1071 2359 1123 iidem
2406 1077 2617 1123 tantum
2681 1069 2969 1136 baptizatis
3030 1067 3155 1121 licet
3201 1068 3366 1121 Deum
3423 1082 3511 1118 co-

1943 1174 2235 1226 gnoscere:
2268 1163 2361 1212 sed
2402 1169 2456 1211 et
2506 1160 2683 1225 majus
2724 1158 2979 1228 quiddam
3027 1166 3081 1210 ct
3145 1158 3221 1210 rei
3279 1156 3511 1209 vicinius

1944 1250 1996 1301 in
2036 1247 2189 1315 aquis
2220 1249 2339 1301 istis
2369 1256 2445 1300 est
2496 1248 2758 1299 invenire.
2816 1245 3100 1314 Fulgorem
3161 1247 3306 1298 enim
3361 1244 3509 1296 illum

1947 1337 2037 1391 Dei
2062 1338 2422 1405 cognitionem
2452 1338 2501 1389 in
2537 1336 2718 1389 animo
2746 1335 3039 1399 collocare,
3076 1342 3129 1386 et
3154 1334 3350 1387 mentis
3381 1334 3516 1386 lani-

1946 1426 2135 1492 padcm
2170 1439 2288 1479 esse
2318 1425 2651 1487 existimare,
2704 1439 2812 1477 non
2845 1424 3057 1477 videtur
3092 1424 3278 1492 aliqua
3307 1425 3517 1477 ratione

1946 1516 2067 1570 niti.
2104 1508 2255 1568 Hunc
2287 1516 2433 1569 enim
2464 1524 2584 1582 post
2617 1530 2787 1569 unum
2840 1515 3148 1568 alterumve
3192 1514 3362 1577 diem,
3404 1524 3517 1566 tur-

1948 1610 2031 1663 bis
2068 1618 2113 1661 et
2150 1608 2475 1661 tumultibus
2499 1607 2743 1659 initiatos
2780 1606 3162 1660 invadentibus
3190 1619 3519 1659 evanescere

1948 1698 2245 1767 contingit:
2284 1708 2367 1753 ast
2389 1697 2545 1751 ﬁdem
2582 1696 2673 1765 qui
2708 1696 3069 1750 sollicitudine
3097 1695 3337 1750 adhibita
3371 1697 3523 1765 igno-

1948 1791 2170 1853 raverit,
2196 1799 2254 1843 et
2289 1800 2401 1842 tam
2431 1788 2578 1841 brevi
2626 1797 2891 1854 tempore,
2924 1800 3085 1840 nemo
3116 1794 3223 1843 est.
3260 1786 3365 1839 Sed
3397 1788 3522 1838 licet

290 1872 462 1925 ταῦτα
492 1873 670 1942 χρόνῳ
698 1874 887 1944 βραχεῖ
953 1874 1067 1927 ἀλλ’
1098 1876 1212 1928 ἔστι
1242 1881 1335 1929 καὶ
1385 1878 1683 1947 πράγματα
1703 1878 1847 1946 ἔχειν

1963 1893 2003 1936 3t
2062 1882 2330 1936 molestiis
2389 1877 2716 1946 conﬂictari,
2774 1886 2826 1931 et
2880 1877 2948 1931 de
3001 1877 3200 1930 divinis
3251 1877 3523 1930 disserere

291 1968 390 2018 καὶ
420 1966 691 2032 Θεολογετν
729 1966 931 2017 εἰδέναι
967 1967 1165 2029 καλῶς,
1204 1969 1297 2019 καὶ
1331 1968 1392 2019 τὸ
1419 1968 1604 2036 μεῖζον
1650 1967 1849 2023 πάθεσι

292 2056 724 2123 προσκειμένους
749 2053 889 2108 εἶναι
916 2060 1189 2126 πονηροῖς,
1212 2058 1302 2110 καὶ
1332 2059 1422 2109 τὸν
1454 2060 1549 2124 τῆς
1580 2058 1851 2127 σωτηρίας

293 2146 528 2213 καὶτῆς
582 2147 811 2214 ἀληθοῦς
874 2148 1190 2215 φιλοσοφίας
1251 2150 1409 2215 λόγον
1461 2151 1561 2201 οὐκ
1614 2148 1851 2216 ἀγνοεῖν.

298 2237 465 2288 Ὅθεν
490 2237 648 2305 δῆλον
678 2239 931 2309 αἴσθησιν
956 2238 1161 2307 άμεσον
1207 2238 1351 2295 εἷναί
1394 2259 1515 2292 τινα
1547 2240 1717 2295 ταῦτα
1754 2242 1851 2294 τοῦ

294 2326 462 2389 Θεοῦ,
484 2331 579 2397 τῆς
603 2330 814 2382 ἐκεῖθεν
846 2333 1061 2393 ἀκτῖνος
1098 2333 1193 2401 τῆς
1221 2333 1401 2403 ψυχῆς
1433 2333 1603 2401 αὐτῆς
1631 2335 1853 2402 άφανῶς

297 2418 630 2485 ἁπτομένης.
662 2419 875 2489 Ταύτης
907 2422 1150 2491 σύμϐολα
1172 2424 1272 2492 τῆς
1302 2426 1537 2489 ἀκτῖνος,
1587 2425 1622 2479 ἃ
1650 2426 1710 2478 τὸ
1734 2426 1856 2478 λου-

295 2507 423 2573 τρὸν
454 2505 756 2575 ἐκδέχεται.
811 2510 991 2562 Πάντα
1054 2511 1163 2579 γὰρ
1222 2513 1611 2583 λαμπρότητος
1672 2516 1853 2584 γέμει,

295 2594 597 2660 λαμπάδες,
642 2597 801 2665 ᾠδαὶ,
861 2602 1092 2668 χορεῖαι,
1123 2601 1402 2671 Θρίαμῦοι,
1457 2604 1608 2656 οὐδὲν
1632 2607 1659 2659 ὃ
1694 2622 1744 2657 τι
1784 2608 1856 2674 μὴ

299 2684 545 2752 φαιδρὸν,
578 2687 738 2754 ἐσθὴς
778 2692 923 2742 πάσα
959 2691 1058 2759 μὲν
1079 2690 1371 2761 λάμπουσα
1399 2698 1489 2746 καὶ
1522 2698 1654 2765 πρὸς
1679 2698 1855 2765 φωτὸς

299 2776 430 2828 οέαν
480 2780 851 2848 ἐσκευασμένη
905 2782 1023 2847 ἡδὲ
1052 2786 1185 2853 πρὸς
1216 2789 1282 2854 τῇ
1322 2786 1528 2856 κεφαλῇ
1586 2789 1677 2841 καὶ
1726 2788 1858 2841 αὐτὸ

297 2865 499 2932 γράφει
524 2867 584 2918 τὸ
612 2867 831 2936 πνεῦμα
860 2871 953 2923 καὶ
976 2872 1075 2939 τῆς
1100 2874 1263 2925 αὐτοῦ
1294 2877 1596 2945 παρουσίας
1631 2878 1859 2946 αἴνιγμα

301 2955 458 3023 φέρει
485 2956 546 3008 τὸ
584 2960 793 3027 σχῆμα.
838 2960 947 3012 Καὶ
991 2962 1098 3031 γὰρ
1128 2964 1207 3026 είς
1248 2966 1430 3018 είκόνα
1472 2967 1720 3037 γλώσσης
1767 2984 1860 3021 πε-

302 3044 545 3111 ποίηται.
616 3049 869 3117 καθάπερ
920 3044 1031 3103 οἷόν
1075 3069 1134 3104 τε
1165 3055 1259 3106 καὶ
1293 3056 1509 3124 ἱμάτιον
1554 3062 1617 3125 τῇ
1650 3059 1858 3130 κεφαλῇ

304 3134 499 3196 σώζειν
526 3136 699 3190 καὶτὸ
721 3140 909 3209 σχῆμα
942 3141 1100 3195 τοῦτο
1125 3145 1392 3212 κομίζειν,
1418 3148 1476 3198 ἐν
1500 3143 1541 3215 ᾧ
1560 3148 1619 3199 τὸ
1644 3150 1861 3219 πνεῦμα

1950 1970 2121 2041 probe
2155 1985 2349 2033 nosse,
2379 1977 2433 2023 et
2461 1970 2610 2038 quod
2647 1965 2827 2035 majus
2851 1972 2952 2029 est,
3014 1964 3522 2035 perturbationibus

1952 2062 2228 2116 addictum
2256 2075 2378 2116 esse
2408 2059 2640 2121 νίιίοδίε,
2664 2066 2717 2110 ct
2743 2055 2935 2112 salutis
2969 2069 3034 2109 ac
3088 2070 3228 2110 verae
3286 2055 3529 2122 philoso.

1953 2153 2095 2223 phiae
2118 2152 2385 2206 rationem
2418 2166 2527 2204 non
2563 2148 2796 2203 nescire.
2834 2144 2994 2200 Unde
3040 2144 3232 2215 liquet.
3270 2145 3385 2198 hrcc
3433 2143 3524 2195 υιιὶ

1954 2259 2175 2300 sensum
2208 2256 2328 2295 esse
2365 2240 2641 2308 quondam
2674 2239 2809 2291 citra
2840 2237 3076 2290 medium
3105 2237 3258 2289 radio
3279 2237 3371 2306 qui
3403 2236 3527 2290 inde

1955 2332 2458 2402 proceditauimam
2505 2330 2676 2398 ipsam
2729 2326 3000 2381 occultius
3046 2326 3299 2379 feriente.
3350 2324 3527 2393 Hujus

1958 2423 2095 2477 radii
2126 2420 2372 2492 symbola
2399 2429 2550 2485 sunt,
2600 2433 2721 2487 qua:
2765 2417 2821 2471 in
2881 2417 3149 2486 baptismo
3201 2427 3525 2471 cernuntur.

1956 2511 2150 2565 Omnia
2188 2510 2329 2563 enim
2366 2509 2522 2576 plena
2550 2516 2678 2561 sunt
2707 2505 3023 2574 splendore,
3076 2506 3373 2575 lampades,
3401 2521 3532 2559 cau-

1959 2612 2065 2665 tus,
2105 2600 2282 2661 chori,
2311 2598 2599 2667 triumphi,
2665 2597 2799 2651 nihil
2859 2596 3004 2665 quod
3056 2611 3163 2649 non
3200 2597 3274 2649 sit
3314 2596 3529 2650 hilare.

1958 2688 2138 2743 Vestis
2175 2698 2284 2741 tota
2311 2687 2545 2757 fulgens,
2572 2695 2626 2739 et
2673 2685 2741 2738 ad
2810 2684 3051 2752 speciem
3120 2683 3261 2736 lucis
3321 2694 3531 2753 parata.

1958 2782 2088 2847 Quae
2114 2789 2276 2848 caput
2300 2780 2448 2846 tegit,
2476 2786 2529 2831 et
2550 2778 2724 2845 ipsum
2757 2776 3005 2843 spiritum
3036 2775 3197 2828 habet
3239 2775 3529 2842 depictum,

1958 2881 2013 2925 et
2044 2870 2267 2941 ﬁguram
2297 2868 2419 2931 fert,
2455 2882 2562 2934 qua
2595 2866 2863 2919 adventus
2922 2864 3040 2932 ejus
3072 2864 3369 2918 obscurius
3392 2864 3535 2915 indi-

1960 2968 2139 3017 catur.
2180 2959 2388 3020 Etenim
2446 2958 2644 3025 lingua:
2678 2954 2874 3009 similis
2944 2963 3049 3019 est,
3111 2962 3277 3024 prout
3332 2964 3535 3007 vestem

1961 3061 2170 3121 gestare
2205 3057 2386 3117 caput,
2418 3057 2469 3101 et
2496 3048 2713 3100 schema
2779 3054 2997 3114 portare
3037 3052 3238 3113 potest,
3271 3058 3381 3112 quo
3417 3043 3540 3112 Spi-

1963 3144 2101 3197 ritus
2126 3143 2403 3210 apostolos
2433 3154 2459 3193 a
2502 3136 2773 3208 principio
2804 3136 3086 3205 baptizans
3126 3136 3277 3191 visits
3307 3146 3409 3202 est,
3444 3151 3538 3189 ex-

300 3228 430 3289 τοὺς
481 3207 897 3295 ἀποστόλουςεξ
929 3234 1102 3303 ἀρχῆς
1148 3207 1319 3307 ἐφάνη
1380 3207 1668 3305 ἡβαπτίζον.
1708 3207 1859 3294 Ἐπεὶ

1966 3235 2238 3304 primitur.
2279 3231 2549 3297 Quoniam
2583 3238 2637 3283 et
2671 3228 2758 3281 hic
2808 3236 3021 3296 partem
3084 3227 3332 3295 corporis
3392 3226 3539 3291 ipso-

306 3318 584 3372 καὶτοῦτο
615 3321 709 3373 τοῦ
744 3320 994 3391 σώματος
1038 3324 1220 3377 αὐτῶν
1272 3328 1579 3396 τηνικαῦτα
1633 3331 1862 3399 κατέσχε

304 3410 367 3460 τὸ
416 3411 601 3480 μέρος,
654 3414 748 3465 καὶ
798 3412 866 3483 ἦν
902 3415 993 3467 ἐπὶ
1033 3415 1133 3483 τῆς
1176 3418 1416 3487 κεφαλῆς
1459 3421 1691 3473 ἑκάστου
1756 3422 1865 3492 πῦρ

307 3501 438 3553 ξδείν
460 3505 515 3554 ἐν
544 3505 783 3573 σχήματι
812 3505 1079 3576 γλώττης.
1109 3508 1197 3572 ἵν’,
1215 3505 1388 3578 οἶμαι,
1424 3510 1493 3580 τῷ
1506 3511 1572 3581 τῆ
1625 3511 1866 3579 γλώττης

290 3594 439 3670 εῖδει
488 3595 587 3663 τῆς
624 3596 850 3649 καθόδου
910 3598 1127 3669 μηνύσῃ
1160 3601 1260 3669 τὴν
1292 3604 1588 3670 πρόφασιν,
1647 3604 1731 3657 ὅτι
1776 3604 1867 3658 τὸν

310 3684 546 3753 συγγενῆ
595 3686 750 3753 λόγον
808 3689 1150 3758 ἐρμηνεῦσον
1207 3691 1431 3760 ἐλήλυθε
1506 3694 1600 3745 καὶ
1654 3694 1866 3758 διδάξον

306 3776 583 3840 ἀγνοοῦσι.
603 3777 773 3830 Τοῦτο
804 3780 909 3847 γάρ
931 3780 1045 3832 ἐστι
1065 3775 1329 3849 γλώττης,
1356 3782 1389 3847 ἦ
1412 3782 1601 3835 τᾶνδον
1624 3786 1865 3852 ἐκφέρει,

306 3867 417 3920 τῶν
448 3868 668 3937 ἀφανῶν
701 3870 791 3923 τοῦ
814 3870 905 3924 νοῦ
946 3872 1260 3939 κινημάτων
1285 3873 1513 3939 ἄγγελος
1554 3874 1707 3929 οὖσα.
1762 3879 1870 3929 Καὶ

307 3959 417 4027 γὰρ
446 3962 471 4011 ὁ
493 3961 593 4027 μὲν
617 3960 707 4011 τὸν
722 3962 1105 4030 γεγεννηκότα,
1128 3964 1217 4014 τὸν
1236 3963 1291 4014 δὲ
1322 3965 1382 4016 τὸ
1417 3964 1640 4033 Πνεῦμα
1672 3967 1873 4036 κηρύτ-

311 4064 417 4101 τει.
481 4048 668 4115 «Ἐγὼ
706 4055 836 4119 γὰρ,
888 4051 1072 4119 φησὶν,
1121 4050 1349 4114 ἐδόξασά
1394 4069 1477 4117 σε,
1510 4072 1527 4103 ι
1590 4056 1723 4125 πρὸς
1780 4057 1872 4109 τὸν

312 4138 549 4206 Πατέρα,
589 4158 608 4189 ι
637 4136 731 4190 καί⁵
763 4132 915 4202 οὗτος
938 4141 1038 4208 ἐμὲ
1068 4140 1299 4205 δοξάσει,
1340 4156 1358 4193 ι
1396 4144 1485 4195 τὸν
1516 4144 1873 4216 Παράκλητον

309 4228 520 4295 λέγων·
558 4228 678 4280 ἀντὶ
704 4229 908 4282 τούτων
956 4232 1056 4297 μὲν
1091 4230 1319 4294 ἐκείνοις
1362 4234 1419 4284 ἐν
1481 4235 1657 4304 τούτῳ
1693 4238 1876 4304 φαίνε-

310 4334 401 4369 ται
429 4318 507 4384 τῷ
538 4318 705 4385 τόπῳ.
744 4319 817 4371 Τὸ
854 4317 1118 4387 σύμϐολον
1144 4320 1201 4373 δὲ
1228 4322 1360 4390 ἡμῖν
1392 4327 1471 4385 είς
1501 4327 1675 4377 ἐκεῖνο
1718 4327 1873 4396 φέρει

310 4409 372 4460 τὸ
397 4408 602 4478 θαῦμα,
631 4411 721 4461 τὸν
754 4410 1012 4479 λογισμὸν
1036 4412 1130 4463 καὶ
1159 4414 1254 4480 τὴν
1285 4414 1499 4479 ἡμέραν
1528 4416 1746 4487 ὲκείνην
1778 4419 1875 4488 τὴν

1969 3340 2088 3378 rum
2119 3331 2247 3377 tunc
2273 3321 2489 3383 insedit,
2524 3330 2578 3373 et
2608 3326 2724 3373 erat
2767 3331 2932 3387 super
2972 3328 3137 3384 caput
3161 3316 3435 3384 cujusque
3466 3320 3543 3368 vi-

1965 3416 2094 3469 dure
2125 3414 2302 3482 ignem
2342 3412 2394 3464 in
2426 3410 2593 3479 ﬁgura
2619 3410 2854 3479 linguae;
2898 3416 2977 3473 ut,
3023 3408 3075 3461 ni
3123 3406 3298 3469 fallor,
3361 3410 3543 3474 specie

1966 3508 2164 3575 linguas
2192 3503 2533 3559 occasionem
2556 3516 2893 3568 causamque
2923 3502 3223 3554 descensus
3252 3500 3539 3559 indicaret,

1969 3598 2115 3669 quod
2148 3596 2384 3651 Verbum
2410 3596 2510 3649 sibi
2542 3609 2783 3648 comvum
2812 3594 3271 3661 interpretaturus
3310 3592 3541 3653 veniret,

1970 3698 2021 3744 ct
2052 3690 2314 3743 docturus
2360 3687 2710 3756 ignorantes;
2746 3686 2848 3737 hoc
2902 3683 3048 3736 cnim
3106 3683 3305 3752 lingme
3347 3698 3545 3735 munus

1970 3792 2073 3845 cst,
2107 3795 2227 3849 quae
2272 3780 2419 3832 intus
2473 3777 2707 3845 cogitata
2766 3774 2944 3835 eﬂ'ert.
3005 3788 3113 3827 non
3169 3774 3549 3841 apparentium

1973 3872 2136 3925 animi
2170 3870 2469 3924 motionum
2494 3867 2704 3921 nuntia.
2729 3866 2935 3919 Etenim
2958 3865 3045 3918 hic
3078 3863 3548 3931 quidemiAdyoq)

1973 3977 2096 4016 eum
2128 3962 2219 4029 qui
2258 3958 2559 4028 generavit,
2597 3965 2913 4026 generatum
2962 3954 3197 4021 Spiritus
3261 3955 3548 4021 praedicat:

1978 4071 1995 4102 ε
2026 4054 2154 4119 Ego,
2190 4068 2207 4099 ι
2236 4049 2410 4117 inquit
2426 4049 2490 4101 ad
2505 4046 2745 4109 Patrem,
2767 4063 2785 4096 ι
2807 4042 3101 4113 glorillcavi
3128 4042 3234 4095 te"
3262 4059 3277 4103 ;
3317 4050 3398 4095 iet
3419 4062 3437 4093 ι
3464 4042 3554 4099 ille

1977 4158 2061 4196 me
2092 4141 2417 4212 glorttlcabit
2445 4139 2510 4203 “,
2549 4156 2569 4189 ι
2596 4136 2907 4190 Paracletus
2943 4136 3223 4188 nimirum.
3249 4134 3541 4202 Propterea

1976 4233 2138 4301 igitur
2172 4231 2223 4284 in
2255 4234 2354 4283 hac
2395 4230 2565 4298 ﬁgura
2597 4228 2705 4281 illis
2734 4242 2793 4282 se
2845 4225 3066 4293 objecit.
3104 4224 3419 4294 Symbolum
3453 4238 3553 4277 au-

1978 4335 2085 4377 tem
2126 4323 2515 4390 cogitationem
2554 4330 2800 4373 nostram
2844 4318 2910 4371 ad
2960 4316 3091 4371 illud
3120 4315 3471 4375 miraculum,
3501 4324 3555 4366 et

1977 4418 2120 4470 diem
2152 4415 2303 4467 illiilli
2338 4414 2543 4466 felicem
2573 4409 2813 4473 deducit,
2861 4423 2983 4477 quae
3024 4408 3200 4476 prima
3264 4405 3553 4475 baptisma-

313 4497 510 4567 καλὴν,
548 4498 582 4568 ἢ
608 4497 701 4550 τοῦ
732 4498 1116 4568 βαπτίσματος
1141 4501 1239 4571 τὴν
1280 4502 1503 4571 πρώτην
1546 4500 1655 4557 εἶδε
1704 4524 1867 4560 κατα-

1981 4508 2049 4560 tis
2076 4504 2328 4574 promissi
2378 4504 2700 4572 pensionem
2747 4498 2910 4552 vidit:
2965 4506 3025 4552 ut
3059 4498 3300 4552 sciamus
3357 4496 3551 4560 eos,in

313 4588 498 4658 ϐολήν,
533 4588 601 4640 ἶν’
632 4589 883 4658 εξδῶμεν,
916 4590 989 4652 ώς
1010 4591 1057 4641 οἱ
1095 4592 1213 4658 μὲν,
1246 4585 1324 4653 οἷς
1374 4593 1576 4661 ἐπῆλθε
1632 4594 1869 4665 πρώτοις

312 4682 374 4733 τὸ
390 4680 635 4749 Πνεῦμα,
664 4682 775 4742 τοῖς
798 4681 926 4749 ἑξῆς
961 4682 1273 4750 μετέδοσαν,
1310 4685 1403 4736 καὶ
1429 4679 1575 4738 οὗτοι
1603 4690 1715 4751 τοῖς
1750 4693 1872 4756 μετ’

313 4774 578 4838 ἐκείνους,
607 4780 699 4826 καὶ
725 4774 917 4843 μέχρις
968 4774 1120 4843 ἡμῶν
1141 4774 1312 4837 οὕτως
1344 4772 1471 4844 ἦλθε
1507 4778 1719 4845 βαδίζον
1741 4797 1752 4809 ’
1781 4784 1873 4834 καὶ

313 4864 415 4915 οὐκ
460 4861 726 4929 ἐπιλείψει
753 4862 811 4913 τὸ
837 4861 1027 4929 δῶρον,
1080 4863 1182 4924 ἕως
1238 4864 1303 4915 ἂν
1336 4867 1469 4934 ἡμῖν
1496 4869 1657 4926 αὐτὸς
1716 4870 1873 4938 ἐναρ-

315 4952 475 5017 γῶςὸ
514 4951 746 5020 χορηγὸς
792 4952 1009 5020 ἐπιστῇ.
1069 4954 1200 5004 Τότε
1236 4954 1337 5018 μὲν
1383 4950 1476 5007 οὖν
1531 4958 1642 5019 τοῖς
1697 4974 1873 5025 μακα-

318 5042 455 5113 ρίοις
484 5044 513 5093 ὁ
544 5042 818 5110 Δεσπότης
851 5041 1098 5109 καθαρὰν
1130 5042 1379 5112 αἴσθησιν
1410 5045 1601 5097 ἑαυτοῦ
1648 5046 1874 5114 παρέξει

316 5134 425 5185 τῶν
472 5132 947 5203 ιπιπροσθούντων
988 5133 1371 5204 ἀνῃρημένων,
1433 5134 1530 5187 νῦν
1578 5136 1635 5187 δὲ
1686 5135 1875 5206 ὥσπερ

318 5223 495 5290 ἔξεστι
543 5224 659 5284 τοῖς
724 5222 890 5291 σαρκὶ
911 5223 1113 5291 παχείᾳ
1159 5222 1607 5291 καλυπτομένοις.
1660 5225 1876 5295 Ταύτης

317 5314 417 5379 τῆς
457 5312 826 5381 αίσθήσεωςή
860 5311 1096 5382 span-.0;
1155 5314 1299 5379 χαρὰ
1349 5316 1443 5364 καὶ
1496 5316 1527 5381 ἠ
1590 5315 1877 5384 ὑπερφυὴς

321 5405 509 5473 ἀγάπη
528 5404 734 5472 καρπός
788 5402 989 5455 τούτων
1008 5403 1062 5453 δὲ
1083 5402 1139 5454 τὸ
1158 5402 1384 5469 μέγεοος
1401 5404 1507 5456 τῶν
1528 5406 1883 5475 κατορθωμάο

318 5510 449 5557 των,
474 5494 567 5543 καὶ
592 5495 624 5561 ή
647 5492 933 5559 θαυμαστὴ
954 5491 1061 5541 τῶν
1080 5489 1254 5557 ἔργων
1277 5491 1555 5555 ἐπίδειξις,
1595 5495 1687 5545 καὶ
1718 5495 1779 5546 τὸ
1794 5495 1881 5549 διὰ

323 5585 538 5638 πάντων
570 5582 835 5644 νικῶντας
872 5584 963 5635 καὶ
999 5581 1541 5650 στεφανηφοροῦντας
1562 5582 1716 5637 ἰέναὶ.
1745 5585 1882 5638 Τού-

327 5689 432 5733 τοις
447 5672 549 5738 γὰρ
566 5671 942 5735 ὡπλισμένους
959 5675 1067 5733 τοῖς
1085 5672 1264 5731 ὅπλοις
1283 5670 1404 5721 οὔτε
1430 5671 1527 5722 τῶν
1558 5675 1743 5727 δεινῶν
1758 5674 1880 5728 οὒτε

397 5787 445 5820 ⁵⁸
472 5786 629 5841 Juan.
669 5802 794 5847 xvu.
826 5787 880 5841 4.
960 5786 1005 5816 ⁵⁸
1043 5785 1175 5839 Joan
1234 5801 1338 5838 ιιι.
1385 5786 1465 5837 li.

1975 4613 2112 4667 quos
2150 4598 2385 4665 primum
2446 4593 2684 4661 Spiritus
2734 4592 2903 4658 venit,
2953 4588 3186 4658 posteris
3248 4588 3544 4641 communi-

1978 4702 2153 4746 casse.
2184 4697 2238 4740 ct
2270 4686 2395 4738 illos
2426 4685 2543 4741 suis
2603 4683 2860 4752 posteris,
2889 4690 2945 4735 et
2988 4680 3066 4735 ita
3110 4678 3549 4748 progredientem

1979 4775 2045 4829 ad
2077 4792 2173 4829 nos
2208 4775 2444 4834 venisse,
2472 4787 2571 4825 nec
2619 4769 2960 4825 deiecturum
2985 4770 3210 4830 donum,
3253 4767 3427 4820 donec
3454 4782 3549 4818 uo-

1981 4867 2061 4917 bis
2088 4864 2138 4918 id
2164 4864 2277 4931 ipse
2298 4862 2668 4933 suppeditator
2696 4860 2998 4917 contrahat.
3022 4856 3176 4912 Tunc
3210 4858 3374 4927 igitur
3404 4858 3535 4910 bea-

1982 4962 2051 5015 tis
2115 4957 2377 5013 Dominus
2434 4972 2624 5026 purmu
2659 4958 2878 5009 sensum
2934 4952 3018 5005 sui
3061 4951 3232 5021 ipsius
3268 4950 3546 5019 praebebit,

1981 5065 2103 5104 cum
2135 5048 2415 5116 iuterjecta
2463 5055 2516 5099 et
2546 5044 2841 5098 luminibus
2885 5040 3174 5097 omclentia
3221 5040 3433 5093 sublata
3468 5038 3557 5091 fu-

1978 5141 2145 5193 erint.
2168 5136 2321 5191 Nunc
2348 5145 2549 5197 autem,
2582 5144 2641 5188 ut
2670 5134 2811 5196 licet,
2832 5133 3012 5186 carnis
3040 5130 3289 5186 crassitie
3317 5127 3557 5197 cooperti

1989 5228 2151 5297 hujus
2180 5240 2374 5281 sensus
2431 5223 2861 5293 inexplicabilem
2906 5212 3167 5279 laetitiam,
3195 5228 3247 5271 et
3288 5217 3578 5282 insignem,

1985 5316 2266 5371 charitatis
2288 5315 2524 5369 fructum
2584 5312 2910 5381 percipiunt,
2961 5319 3127 5377 penes
3155 5322 3294 5376 quos
3327 5315 3411 5359 est
3449 5322 3563 5358 nia--

1987 5406 2206 5475 gnitudo
2256 5413 2399 5458 recte
2455 5402 2741 5463 factorum,
2774 5406 2839 5453 et
2878 5396 3282 5451 admirabilium
3334 5410 3558 5461 operum

1986 5494 2404 5555 demonstratio,
2431 5493 2633 5560 quique
2663 5506 2786 5545 cum
2814 5488 3058 5542 victoriis
3112 5496 3162 5539 et
3196 5485 3413 5541 coronis
3444 5500 3556 5553 per-

1987 5593 2179 5653 agrant
2216 5585 2419 5637 omnia.
2456 5582 2552 5636 llis
2577 5581 2722 5637 enim
2753 5579 2921 5633 armis
2968 5575 3247 5638 instructi,
3282 5589 3381 5627 nec
3412 5582 3558 5626 atro.

1987 5677 2167 5738 cibus,
2216 5689 2313 5727 noc
2363 5672 2620 5743 jucundis
2679 5671 2992 5724 vincuntur.
3039 5667 3246 5720 Etenim
3303 5663 3561 5734 gaudium
