4154 6308
694 332 801 390 575

1886 330 2187 390 ΝΙΟΟΙ.ΑΙ
2224 331 2618 390 CABASHJZ

3816 336 3929 396 ιτδ

691 451 811 503 dem
836 450 1009 505 virtus
1024 463 1112 516 per
1138 449 1316 502 omnia
1338 454 1665 516 operatur,et
1688 461 1791 500 una
1815 447 1977 501 unius
1998 447 2120 515 agni
2162 447 2257 498 im-

2362 446 2455 496 καὶ
2481 446 2609 512 μιᾶς
2632 444 2844 513 σφαγῆς
2872 446 2987 507 ἐνὸς
3009 446 3178 514 ἀμνοῦ
3212 448 3305 500 καὶ
3328 447 3525 500 ταύτοῦ
3559 446 3790 501 θανάτου
3820 447 3921 501 καὶ

694 542 1069 607 molatio,ejus
1096 557 1240 596 mors
1281 553 1333 597 et
1352 543 1569 611 sanguis
1591 542 1970 609 perfectionem
1998 542 2251 597 omnibus

694 632 921 687 confert.
956 634 1115 687 Datus
1135 643 1217 687 est
1245 633 1404 701 igitur
1429 648 1549 685 rere
1567 633 1798 699 Spiritus
1845 643 2087 694 sanctus,
2121 633 2250 695 illis,

696 725 893 777 utaliis
921 736 1118 790 queant
1148 723 1481 785 benefacere,
1509 732 1562 777 et
1608 734 1664 776 ut
1708 723 1904 777 Paulus
1951 725 2249 792 loquitur’,

695 814 993 868 Ecclesiam
1013 815 1564 877 :edificare,eventura
1587 814 1933 882 prtedicentes
1949 826 2040 867 aut
2059 826 2255 885 mystc-

698 908 774 960 ria
809 907 1209 967 tradentes,aut
1237 906 1451 958 morbos
1472 905 1633 960 verbo
1654 906 1997 973 proﬂigantes
2019 924 2033 959 :
2058 907 2165 969 his,
2194 920 2255 963 ut

697 997 797 1063 ipsi
822 997 952 1049 fiant
983 995 1484 1061 meliores,pietate,
1520 1003 1611 1048 aut
1639 996 1905 1057 castitate,
1932 1006 2026 1047 aut
2069 994 2252 1047 chari-

696 1096 830 1147 tate,
862 1094 955 1138 aut
1002 1084 1273 1154 praestanti
1322 1083 1624 1139 humilitate
1652 1084 1907 1137 illustres.
1951 1083 2250 1137 Possumus

696 1178 837 1230 enim
865 1179 1045 1231 animo
1086 1187 1138 1230 et
1168 1176 1740 1245 morihusrpmucitiam
1768 1176 1966 1236 colere,
1985 1184 2036 1227 et
2060 1190 2158 1228 nos
2186 1174 2252 1227 ad

694 1270 961 1338 justitiam
990 1284 1263 1331 exercere,
1284 1278 1335 1322 et
1362 1268 1427 1321 ad
1466 1278 1650 1335 pret-es
1689 1266 2115 1331 charitatcmque
2174 1266 2257 1316 ln-

697 1362 973 1413 cumbere.
1007 1360 1137 1413 Alite
1184 1360 1312 1412 item
1355 1360 1646 1427 probitates
1693 1356 2063 1410 consectandse
2106 1364 2251 1408 sunt.

698 1448 963 1503 Praeterea
994 1463 1281 1516 possumus
1311 1465 1339 1501 a
1376 1447 1481 1500 Deo
1519 1446 1732 1500 excitati
1762 1442 2255 1512 perturbationibus

698 1538 1053 1605 imperare.et
1071 1538 1459 1590 humanitatem
1478 1535 1893 1603 aequitatemque
1913 1533 2108 1595 colere,
2124 1539 2175 1583 et
2199 1531 2252 1583 in

701 1626 907 1693 reliqua
936 1626 1271 1694 plziiosnphia
1294 1625 1599 1678 Christiana
1628 1623 1857 1677 versari.
1882 1620 2254 1686 Quemadmo-

2356 535 2594 599 αἵματος
2626 534 2723 601 τὴν
2746 534 3026 587 τελείωσιν
3060 536 3299 598 ἀπάσαις
3331 540 3739 606 παρεχομένων.
3766 541 3921 591 Δεδο-

2353 641 2439 677 ται
2462 626 2643 676 τοίνυν
2672 625 2881 694 ἀληθῶς
2912 627 2971 678 τὸ
2993 627 3171 692 ἅγιον,
3189 630 3300 689 τοῖς
3334 628 3431 694 μιν
3454 629 3540 680 ῖνα
3568 631 3691 691 τοὺς
3717 631 3917 691 ἄλλους

2354 711 2414 768 εὖ
2439 717 2657 781 ποιῆσαι
2684 716 2947 779 δυνηθῶσι
2982 718 3094 778 καὶ,
3124 713 3305 786 ᾖφησι
3333 719 3562 779 Παῦλος,
3585 720 3917 786 Ἐκκλησίαν

2352 804 2730 872 οἰκοδομῆσαι,
2768 808 2895 874 περὶ
2913 807 3005 858 τοῦ
3044 807 3328 875 μέλλοντος
3356 810 3618 871 είπόντες,
3647 810 3678 876 ἦ
3704 814 3907 876 μυστή-

2356 912 2444 961 ρια
2464 894 2789 957 διδάξαντες,
2814 894 2845 963 ἢ
2869 901 3037 946 νόσων
3063 896 3469 959 ἀπαλλάξαντες
3522 896 3681 964 λόγῳ,
3714 900 3825 958 τοῖς
3857 898 3906 949 δὲ

2353 986 2500 1046 ὅπως
2521 987 2671 1037 αὐτοὶ
2714 987 2977 1051 γένωνται
3019 986 3287 1055 βελτίους,
3318 989 3566 1054 εὐσεϐείᾳ
3599 988 3903 1056 λάμψαντες

2354 1074 2761 1143 ἢσωφροσύνης
2815 1076 2843 1142 ἦ
2882 1076 3100 1142 ἀγάπης
3136 1076 3166 1145 ἢ
3213 1078 3711 1147 ταπεινοφροσύνης
3747 1080 3911 1145 ὑπερ-

2356 1163 2505 1233 ϐολῇ.
2546 1165 2652 1216 Καὶ
2703 1166 2812 1233 γάρ
2858 1166 2975 1216 ἐστι
3030 1168 3128 1229 μὲν
3160 1170 3509 1236 σωφρονῆσαι
3546 1168 3787 1237 λογισμῷ
3819 1171 3922 1221 καὶ

2355 1256 2465 1307 ἔθει
2487 1256 2852 1324 χρησάμενον,
2889 1262 2984 1308 καὶ
3015 1258 3075 1308 τὸ
3097 1253 3226 1324 ἦθος
3253 1259 3334 1320 είς
3366 1260 3712 1325 δικαιοσύνην
3738 1262 3922 1326 ἀσκῆ-

2355 1364 2445 1398 σαι
2477 1348 2571 1398 καὶ
2600 1346 2857 1411 εὔξασθαι
2892 1351 2983 1401 καὶ
3012 1351 3295 1415 ἀγαπῆσαι
3346 1353 3438 1405 καὶ
3473 1352 3642 1405 τᾶλλα
3666 1353 3729 1421 δὴ
3758 1355 3919 1420 γενέ-

2356 1437 2479 1487 σθαι
2512 1438 2829 1489 σπουδαῖονο
2883 1438 3078 1491 ἔστιδὲ
3116 1442 3207 1492 καὶ
3246 1442 3396 1509 παρά
3421 1441 3555 1493 Θεοῦ
3589 1442 3923 1509 κινούμενον

2354 1527 2451 1594 τὴν
2500 1527 2725 1599 γνώμην
2770 1529 2955 1581 παθῶν
2985 1531 3252 1598 κρατῆσαι
3285 1532 3378 1584 καὶ
3435 1531 3923 1601 φιλανθρωπεύσα-

2357 1617 2482 1670 σθαι
2530 1620 2623 1671 καὶ
2670 1620 3159 1689 δικαιοπραγῆσαι,
3193 1622 3285 1673 καὶ
3320 1624 3416 1691 τὴν
3450 1622 3617 1691 ἀλλην
3660 1624 3923 1675 ἐπιδεδεῖο

697 1716 824 1769 dum
854 1731 992 1768 enim
1026 1716 1146 1767 vitia
1183 1718 1426 1783 quaedam
1458 1713 1639 1767 feralia
1669 1722 1793 1766 sunt
1828 1713 1880 1765 iu
1921 1712 2251 1774 hominibus,

2362 1709 2484 1777 χθαι
2533 1710 2872 1775 φιλοσοφιαν.
2928 1711 3194 1779 Καθάπερ
3244 1712 3350 1781 γὰρ
3408 1713 3597 1765 κακίαι
3630 1712 3922 1782 θηριώδεις

697 1806 844 1873 quia
868 1805 1141 1872 spiritibus
1160 1804 1410 1867 malignis
1436 1804 1801 1871 exagitantur:
1825 1802 1905 1855 sic
1928 1810 2111 1855 contra
2138 1801 2257 1868 ipso

704 1896 813 1948 Deo
856 1904 1122 1955 :uownte,
1150 1894 1346 1945 divina:
1380 1895 1607 1945 virtutes
1664 1900 1717 1945 et
1764 1907 1923 1959 supra
1959 1892 2255 1943 humanum

703 1994 916 2051 captum
948 1984 1302 2051 reperiuntur.
1330 1986 1443 2045 Qua
1476 1983 1680 2036 ratione
1700 1982 1888 2035 dilexit
1912 1982 2097 2035 beatus
2125 1979 2262 2032 Pau-

704 2075 809 2132 lus,
861 2081 1173 2125 mansuetus
1201 2073 1301 2124 l'uit
1329 2072 1514 2134 David,
1552 2083 1596 2124 et
1625 2074 1759 2125 alius
1800 2072 1943 2124 aliud
1994 2071 2256 2123 eximium

707 2179 771 2218 ac
798 2162 1086 2221 laudabile.
1140 2172 1191 2215 et
1222 2163 1361 2215 ultra
1407 2163 1676 2216 modulum
1746 2163 2037 2215 humanum
2070 2162 2257 2215 habuit

706 2269 768 2306 ac
800 2254 1208 2308 demonstravit.
1272 2253 1527 2307 Scriberis
1584 2252 1727 2306 enim
1795 2252 2255 2318 Philippensibus,

702 2348 777 2395 ait
806 2360 861 2397 se
894 2345 1015 2397 illos
1056 2345 1276 2412 diligere
1319 2363 1335 2395 ι
1375 2344 1427 2396 in
1453 2344 1748 2396 visceribus
1769 2343 1892 2395 Jcsu
1920 2342 2121 2396 Christi
2158 2342 2254 2395 ⁸⁸.»

704 2434 777 2487 De
809 2434 1005 2488 Πανὶ.ἔο
1033 2434 1189 2497 Deus,
1220 2454 1236 2485 ι
1277 2436 1455 2488 Inveni
1489 2435 1656 2486 virum
1693 2434 1980 2485 secundum
2007 2448 2100 2485 cur
2146 2448 2257 2485 me-

706 2541 794 2578 um
832 2528 923 2580 ".r
964 2526 1070 2579 imo
1104 2526 1263 2580 etiam
1285 2526 1413 2579 fides
1447 2524 1644 2578 donum
1672 2536 1749 2578 est
1781 2524 2083 2593 spirituale,
2114 2525 2256 2591 quod

705 2621 933 2687 apo=tnli
971 2619 1304 2672 Salvatorem
1336 2626 1585 2685 poscunt,
1629 2636 1647 2667 ι
1674 2617 1916 2684 Adauge,
1978 2615 2258 2684 inquiunt,

704 2709 860 2762 nobis
924 2708 1149 2759 ﬁdem"
1219 2726 1237 2758 ι
1299 2707 1359 2759 Et
1396 2707 1620 2775 ipsemet
1661 2706 1906 2758 Salvator
1956 2704 2260 2757 sanctifica-

702 2801 903 2853 tinnem
932 2814 957 2849 a
1002 2798 1155 2852 Patre
1208 2798 1311 2851 illis
1341 2808 1623 2865 precatur:
1662 2794 1983 2850 «Sanctiﬁca
2014 2810 2129 2858 eos,
2168 2796 2257 2847 ine

707 2890 843 2959 quit,
878 2893 928 2942 in
968 2889 1194 2942 veritate
1219 2890 1294 2951 ";
1334 2907 1352 2939 ι
1379 2888 1629 2956 deditque
1652 2887 1796 2941 Dens
1847 2886 1922 2939 illi
1954 2886 2096 2954 quod
2138 2901 2260 2951 pre-

707 2980 970 3033 cabatur:
1006 2997 1022 3028 ι
1063 2979 1124 3031 Et
1148 2980 1261 3045 ipse
1302 2977 1538 3045 Spiritus
1572 2977 1803 3045 postslat
1828 2990 1925 3045 pro
1955 2974 2113 3028 nobis
2163 2989 2261 3040 ge-

2361 1801 2496 1851 εῐσὶν
2528 1800 2584 1850 ἐν
2616 1799 2919 1867 ἀνθρώποις
2950 1801 3053 1853 ὑπὸ
3085 1801 3193 1853 τῶν
3215 1803 3467 1872 πονηρῶν
3500 1805 3922 1872 ἐνεργουμένοις

2360 1891 2703 1959 πνευμάτων,
2745 1890 2885 1942 οὕτω
2934 1892 3027 1943 καὶ
3065 1884 3376 1945 τούναντίον
3412 1895 3601 1962 ἀρεταὶ
3638 1896 3780 1947 θεῖαι
3818 1898 3923 1947 καὶ

2360 1981 2498 2049 ὑπὲρ
2552 1982 2642 2033 τὸν
2687 1982 3029 2052 ἀνθρώπινον
3062 1985 3222 2052 νόμον
3281 1985 3444 2037 αὑτοῦ
3488 1985 3766 2047 κινοῦντος
3818 1987 3921 2040 τοῦ

2358 2070 2491 2121 Θεοῦ
2556 2072 2615 2123 δν
2655 2074 2859 2141 τρόπον
2894 2074 3147 2143 ἠγάπησε
3174 2074 3270 2141 μὲν
3294 2075 3320 2124 ὀ
3358 2077 3630 2144 μακάριος
3679 2075 3920 2136 Παῦλος.

2359 2162 2531 2228 πρᾶος
2558 2161 2613 2213 δὲ
2648 2157 2714 2231 ἦν
2740 2165 2766 2213 ὁ
2790 2162 2978 2224 Δαϐὶδ,
3001 2166 3094 2215 καὶ
3117 2164 3273 2225 ἄλλος
3308 2164 3490 2216 ἄλλοτι
3519 2164 3628 2217 τῶν
3667 2166 3926 2218 ἐπαινου-

2365 2252 2542 2318 μένων
2574 2252 2712 2321 ὑπὲρ
2763 2253 2852 2306 τδν
2907 2254 3092 2306 εἰκότα
3124 2257 3233 2316 τοῖς
3263 2255 3569 2325 ἀνθρώποις
3605 2254 3924 2319 ἐπεδείξατο

2358 2342 2535 2407 λόγον.
2576 2345 2635 2395 'U
2670 2344 2765 2411 μὲν
2798 2346 2904 2415 γὰρ
2941 2346 3113 2412 φιλεῖν
3145 2345 3348 2416 ἔγραψε
3376 2348 3761 2417 Φιλιππησίοις
3799 2366 3817 2398 ι
3861 2350 3925 2401 ἐν

2362 2433 2691 2501 σπλάγχνοις
2737 2435 2913 2502 Ἰησοῦ
2972 2437 3229 2505 Χριστοῦ,
3268 2456 3285 2489 ι
3346 2442 3471 2508 περὶ
3496 2439 3553 2491 δὲ
3600 2439 3694 2493 τοῦ
3729 2440 3921 2505 Δαϐἳδ,

2365 2542 2380 2572 ι
2423 2516 2615 2589 Εὗρον,
2665 2526 2829 2592 φησὶν
2858 2527 2885 2576 ό
2940 2525 3092 2587 Θεὸς,
3139 2526 3309 2597 ἄνδρα
3360 2528 3504 2581 κατά
3536 2530 3636 2597 τὴν
3690 2531 3923 2600 καρδίαν

2363 2628 2484 2679 μου.
2522 2635 2536 2661 1
2579 2614 2689 2665 Καὶ
2718 2615 2821 2683 μὴν
2858 2615 2951 2667 καὶ
2976 2617 3153 2679 πίστις
3178 2617 3350 2686 δῶρόν
3379 2620 3495 2671 ἐστι
3526 2621 3920 2689 πνευματικὸν,

2357 2703 2386 2754 ὃ
2414 2702 2619 2756 δέονται
2667 2705 2851 2757 λαϐεῖν
2879 2708 2927 2757 οἱ
2952 2708 3235 2761 ἀπόστολοι
3257 2708 3349 2761 τοῦ
3382 2708 3657 2778 Σωτῆρος,
3682 2729 3700 2759 ι
3744 2709 3923 2778 Πρόσο·

2361 2792 2447 2856 θες
2466 2795 2614 2869 ἡμῖν,
2644 2814 2661 2844 ι
2684 2797 2953 2861 λέγοντες,
2978 2816 2997 2849 ι
3030 2799 3231 2864 πίστιν,
3261 2818 3278 2850 δ
3298 2800 3389 2852 καὶ
3408 2800 3566 2863 αὐτὸς
3586 2800 3802 2869 εῦχεται
3826 2801 3928 2853 at).

2357 2887 2469 2948 τοῖς
2498 2884 2766 2955 ἁγιασμόν
2786 2888 3039 2959 παράτοῦ
3066 2884 3339 2961 Πατρδς,ἰ
3380 2892 3616 2960 Δγίασον
3634 2893 3851 2957 αύτοῗις,
3887 2911 3907 2943 ι

2358 2975 2550 3042 λέγων,
2576 2996 2593 3027 ι
2623 2978 2680 3028 ὲν
2696 2980 2760 3048 τῇ
2781 2978 3003 3049 ἀληθείᾳ
3024 2997 3115 3032 σου
3169 3000 3187 3032 ι
3206 2983 3298 3034 καὶ
3318 2981 3533 3035 δίδωσιν
3558 2985 3585 3035 ό
3600 2982 3729 3044 Θεὸς
3755 2984 3923 3052 εὐχὴν

707 3072 777 3126 Ini
808 3074 925 3125 ibus
999 3069 1540 3138 inenarrabilibus“,
1580 3086 1596 3117 ι
1674 3067 1924 3120 virtutem
2000 3064 2257 3134 precandi

2362 3066 2436 3135 τῷ
2466 3068 2764 3137 εὐχομένω,
2793 3071 2886 3121 καὶ
2908 3071 3039 3122 αὐτὸ
3068 3090 3084 3120 ι
3109 3072 3169 3123 rb
3192 3072 3412 3142 Πνεῦμα
3439 3074 3758 3143 ἐντυγχάνει
3779 3074 3920 3144 ὑπὲρ

705 3162 1078 3231 suppe-litans,
1131 3161 1209 3213 uti
1254 3174 1395 3213 reor.
1436 3157 1501 3210 Et
1542 3171 1764 3227 prorsus
1798 3155 1947 3224 juxta
1996 3154 2137 3207 hanc
2175 3169 2266 3207 ra-

706 3254 743 3307 ti
784 3268 902 3306 nem
937 3251 1167 3319 Spiritus
1206 3258 1427 3304 sanctus
1478 3259 1558 3301 est
1614 3247 1834 3314 spiritus
1882 3244 2184 3311 sapientia.
2213 3252 2266 3298 et

707 3344 927 3412 spiritus
955 3343 1277 3404 intellectus,
1329 3349 1383 3394 et
1428 3338 1633 3393 consilii
1692 3347 1747 3391 et
1801 3334 2153 3397 fortitudinis,
2213 3336 2268 3389 et

708 3435 940 3501 pietatis,
971 3443 1025 3486 et
1049 3434 1302 3496 aliorum,
1329 3447 1357 3484 a
1409 3430 1610 3499 quibus
1655 3441 1871 3481 nomina
1938 3428 2263 3493 sortiuntur,

704 3525 1025 3594 quibuscum
1058 3540 1153 3580 sua
1189 3524 1552 3578 communicat
1578 3525 1641 3575 ι’.

783 3616 1058 3671 Universis
1097 3616 1257 3683 igitur
1286 3615 1533 3676 initiatis.
1575 3614 1890 3684 mysterium
1932 3612 2076 3682 quod
2107 3625 2265 3664 suum

709 3715 787 3760 est
818 3705 978 3768 facit;
1012 3720 1323 3775 quanquam
1369 3705 1603 3773 cognitio
1629 3705 1916 3768 donorum,
1945 3712 1996 3756 et
2028 3702 2264 3754 studium

706 3795 1012 3849 divitiarum
1050 3795 1275 3849 istarum
1296 3795 1496 3849 utiliter
1520 3792 1991 3855 collocandarum,
2016 3806 2123 3843 non
2153 3804 2270 3843 om-

709 3886 871 3941 nibus
937 3889 1111 3954 inest;
1175 3887 1297 3942 aliis
1356 3885 1572 3956 quidem
1624 3893 1845 3953 propter
1919 3883 2266 3940 immaturam

706 3986 917 4033 aetatem
979 3977 1214 4031 nondum
1286 3976 1337 4029 id
1396 3974 1741 4045 intelligentia
1811 3973 2265 4041 assequentibus;

707 4073 833 4127 aliis
862 4071 987 4139 quia
1029 4068 1310 4139 praeparati
1351 4084 1455 4122 non
1484 4075 1630 4130 sunt,
1664 4081 1761 4120 nec
1794 4065 2031 4120 debitam
2068 4065 2269 4120 alacri-

711 4170 870 4216 tatem
902 4176 1012 4230 pra:
1044 4174 1103 4214 se
1126 4157 1445 4213 ferentibus.
1471 4155 1709 4222 Quorum
1730 4156 2054 4225 quibusdam
2082 4164 2266 4225 postea

708 4252 1018 4309 delictorum
1045 4248 1359 4318 pmoitentia
1385 4258 1439 4303 ct
1473 4248 1741 4318 lacrymae,
1774 4255 1828 4301 et
1859 4246 1970 4301 vita
2004 4245 2071 4301 ad
2103 4246 2272 4300 virtu-

709 4341 780 4396 tis
815 4339 1071 4395 amussim
1122 4340 1322 4393 directa
1399 4340 1634 4392 infusam
1698 4337 1985 4392 animabus
2038 4336 2265 4407 gratiam

711 4430 1047 4483 nmnstravit.
1078 4425 1228 4482 Unde
1254 4438 1307 4481 ct
1339 4427 1539 4482 l‘aulus
1570 4429 1633 4480 ad
1660 4427 2031 4489 Timotheum,
2078 4445 2096 4478 ι
2137 4426 2260 4482 Noli
2296 4425 2315 4452 ³

709 4521 975 4587 negligere
1001 4518 1249 4586 gratiam,
1291 4518 1342 4570 in
1367 4518 1483 4585 luit,
1524 4532 1644 4586 quae
1674 4518 1726 4570 in
1752 4526 1803 4570 te
1834 4524 1917 4571 est
1940 4517 2034 4581 ¹⁸·;
2075 4533 2093 4567 ι
2121 4516 2263 4584 quod

711 4609 843 4662 nihil
899 4608 1268 4676 proﬁciamus,
1326 4608 1574 4674 quamvis
1632 4608 1833 4660 donum
1870 4607 2264 4674 acceperimus.

711 4697 756 4751 si
785 4696 1039 4752 socordes
1077 4706 1132 4750 et
1163 4697 1334 4765 ignavi
1385 4697 1578 4760 simus,
1631 4706 1678 4749 et
1728 4695 1871 4765 quod
1910 4696 2094 4749 labore
2128 4696 2251 4766 vigis

713 4789 908 4858 Iiisque
936 4802 1071 4857 opus
1100 4791 1170 4842 sit
1197 4788 1302 4853 his,
1341 4787 1431 4856 qui
1461 4789 1695 4842 animam
1740 4788 1965 4843 istorum
2005 4790 2261 4844 actricem

716 4881 912 4934 habere
940 4882 1351 4948 concupiscunt.
1392 4879 1651 4945 Quocirca
1675 4879 1718 4934 si
1752 4881 1874 4949 quis
1940 4880 2115 4934 bonus
2140 4880 2267 4934 cha-

713 4966 894 5031 ritite,
917 4976 1010 5022 aut
1033 4967 1261 5037 puritate
1278 4968 1569 5031 castitatis,
1591 4978 1681 5023 aut
1705 4968 2005 5023 humilitate
2029 4983 2262 5034 summa,

713 5068 809 5113 aut
850 5060 1048 5128 pietate
1108 5059 1327 5121 eximia,
1360 5068 1453 5112 aut
1476 5060 1655 5127 aliquo
1686 5060 1901 5113 domum
1950 5061 2144 5114 horum
2169 5074 2261 5112 ex-

711 5150 883 5209 cellit.
916 5165 1037 5219 qua:
1077 5150 1315 5205 hominis
1344 5149 1654 5205 facultatem
1694 5161 2042 5217 exsuperant,
2099 5165 2266 5204 causa

714 5250 991 5307 unguento
1015 5240 1390 5295 sacratissimo
1449 5242 1729 5303 tribuenda
1790 5250 1890 5303 est,
1913 5242 2269 5295 credendum-

715 5347 822 5400 que
855 5330 956 5399 ipsi
998 5328 1212 5399 quidem
1259 5332 1379 5385 data
1422 5346 1562 5392 esse,
1596 5332 1806 5401 quando
1836 5330 2107 5385 unctionis
2156 5347 2270 5402 my—

718 5424 887 5478 sterio
917 5420 1150 5475 donatus
1174 5431 1292 5475 est:
1328 5430 1512 5490 postea
1537 5436 1663 5476 vero
1685 5422 1835 5476 illum
1872 5422 1937 5476 ad
1999 5422 2268 5476 actionem

718 5527 781 5567 se
819 5508 1057 5564 dedisse.
1080 5509 1221 5565 Idem
1251 5511 1318 5565 de
1352 5512 1419 5566 iis
1452 5512 1814 5574 sentiendum,
1854 5511 1947 5580 qui
1996 5512 2269 5581 exquisite

788 5626 810 5656 ⁹
840 5626 854 5676 Ι
884 5604 1012 5679 Cur.
1047 5642 1155 5695 xlv,
1180 5625 1235 5679 5.
1334 5626 1375 5657 ⁸⁸
1428 5626 1657 5695 Philipp.
1690 5642 1726 5695 1,
1777 5627 1847 5689 8;
1876 5624 1996 5681 Art.
2032 5642 2153 5690 xm,
2184 5625 2275 5695 23.

725 5709 852 5750 xm.
894 5695 972 5749 I7.
1051 5694 1093 5726 “
1124 5695 1279 5749 Hum.
1307 5708 1423 5753 xm.
1463 5695 1550 5750 211.
1630 5696 1670 5727 ⁸⁵
1702 5694 1782 5751 lsa
1826 5711 1897 5751 at.
1940 5695 1993 5750 2.

2366 3156 2523 3225 ἡμῶν
2557 3162 2877 3228 στεναγμοῖς
2907 3161 3214 3229 ἀλαλήτοις,
3261 3182 3279 3215 ι
3316 3163 3547 3233 δύναμιν
3579 3165 3741 3235 εὐχῆς
3765 3162 3922 3235 οἶμαι

2368 3247 2627 3316 παρέχον.
2657 3249 2768 3301 Καὶ
2802 3249 2937 3312 ὅλως
2960 3252 3049 3304 τὸν
3078 3251 3235 3319 λόγον
3262 3254 3451 3305 τοῦτον
3477 3254 3695 3323 πνεῦμα
3729 3257 3924 3323 σοφίας

2366 3339 2484 3391 εστὶ
2509 3339 2569 3391 τδ
2604 3339 2826 3408 Πνεῦμα
2856 3341 2915 3392 τὸ
2948 3342 3099 3407 ἀγιον
3138 3343 3231 3396 καὶ
3278 3343 3495 3414 πνεῦμα
3532 3346 3797 3406 συνέσεως
3827 3347 3923 3397 καὶ

2368 3429 2563 3499 βουλῆς
2598 3432 2693 3482 καὶ
2730 3432 2910 3499 ίσχύος
2944 3434 3036 3484 καὶ
3067 3432 3351 3494 εὐσεϐείας
3383 3435 3476 3485 καὶ
3497 3432 3605 3485 τῶν
3624 3432 3818 3497 ἄλλων,
3845 3428 3924 3486 ὧν

2368 3519 2687 3587 ἐπωνύμους
2716 3520 3015 3582 δείκνυσιν,
3048 3514 3125 3583 οἷς
3157 3521 3483 3589 μεταδίδωσι
3519 3521 3625 3574 τῶν
3663 3522 3848 3573 αὐτοῦ.

2442 3612 2659 3673 Πάντας
2717 3611 2813 3679 μὲν
2864 3607 2956 3662 οὖν
3008 3612 3128 3673 τοὺς
3186 3611 3574 3681 μεμυημένους
3613 3612 3680 3664 τὰ
3731 3610 3924 3665 ἑαυτοῦ

2369 3706 2515 3752 ποιεῖ
2566 3701 2630 3753 τὸ
2682 3703 2982 3771 μυστήριον
3070 3701 3324 3769 αἴσθησις
3376 3702 3433 3754 δὲ
3468 3702 3576 3755 τῶν
3612 3702 3801 3769 δώρων
3828 3703 3926 3756 καὶ

2370 3792 2572 3858 σπουδὴ
2603 3810 2666 3845 πε
2676 3794 2730 3861 pi.
2754 3793 2842 3844 τὸν
2865 3793 3113 3858 πλοῦτον,
3138 3792 3276 3845 ὥστε
3307 3793 3615 3862 χρήσασθαι
3639 3797 3752 3857 τοῖς
3782 3795 3926 3848 δεδο-

2371 3884 2578 3950 μένοις,
2631 3881 2690 3933 ού
2747 3882 2903 3944 πᾶσι,
2963 3882 3075 3943 τοῖς
3129 3881 3226 3949 μὲν
3256 3879 3345 3933 διὰ
3380 3882 3481 3950 τὴν
3528 3879 3746 3949 ἡλικίαν
3772 3880 3927 3934 οὔπω

2368 3972 2550 4026 λαϐεῖν
2578 3970 2705 4025 νοῦν
2738 3971 3033 4039 δυνηθεῖσι,
3060 3972 3167 4034 τοῖς
3187 3970 3245 4023 δὲ
3270 3969 3347 4040 τῷ
3375 3969 3451 4040 μὴ
3477 3970 3925 4039 παρεσκευάσθαι

2372 4062 2505 4133 μηδὲ
2536 4064 2634 4132 τὴν
2679 4061 3007 4131 γιγνομένην
3063 4060 3437 4125 ἐπιδείξασθαι
3480 4060 3811 4131 προθυμίαν,
3847 4052 3928 4114 ὧν

2371 4154 2533 4215 ἐνίοις
2567 4154 2794 4223 ὕστερον
2848 4150 2923 4206 ὦν
2974 4153 3226 4223 ἥμαρτον
3276 4152 3540 4222 μετάνοια
3594 4153 3690 4206 καὶ
3713 4152 3929 4222 δάκρυα

2369 4245 2463 4298 καὶ
2488 4243 2598 4314 βίος
2628 4243 2771 4297 κατὰ
2799 4244 2891 4297 τδν
2920 4243 3080 4313 ὀρθὸν
3133 4243 3292 4312 λόγον
3322 4242 3422 4311 τὴν
3454 4243 3767 4295 ἐντιθεῖσαν
3804 4246 3927 4307 ταῖς

2368 4332 2566 4404 ψυχαῖς
2600 4334 2845 4397 ὑπέδειξε
2871 4335 3056 4405 χάριν.
3098 4333 3263 4387 Ὅθεν
3303 4333 3400 4388 καὶ
3432 4331 3642 4393 Παῦλος
3675 4333 3928 4403 Τιμοθέῳ

2368 4428 2614 4498 γράφων,
2639 4444 2657 4475 ι
2792 4424 3002 4495 ἀμέλει,
3027 4426 3180 4495 φησι,
3200 4422 3294 4477 τοῦ
3312 4425 3369 4478 ἐν
3399 4426 3479 4478 σοι
3498 4423 3860 4495 χαρίσματος,
3900 4443 3921 4478 ε

2368 4517 2444 4581 ὡς
2474 4518 2625 4570 οὐδὲν
2649 4515 2715 4569 δν
2742 4518 2905 4569 πλέον
2933 4518 3066 4586 ἡμῖν
3102 4517 3194 4570 καὶ
3226 4516 3286 4569 τὸ
3316 4515 3491 4585 δῶρον
3519 4516 3831 4585 δεξαμένοις
3859 4518 3927 4569 ἂν

2370 4608 2724 4680 ῥᾳθυμῶμεν,
2756 4611 2852 4663 καὶ
2899 4610 2983 4662 ὅτι
3013 4607 3096 4661 δεῖ
3141 4609 3303 4661 πόνου
3334 4608 3430 4660 καὶ
3468 4607 3780 4679 ἀγρυπνίας
3814 4610 3927 4672 τοῖς

2366 4698 2715 4769 βουλομένοις
2735 4700 2958 4769 ἐνεργὸν
3009 4698 3076 4752 τὰ
3132 4698 3357 4752 τοιαῦτα
3403 4697 3503 4768 τὴν
3533 4699 3709 4768 ψυχὴν
3737 4698 3882 4769 ἔχειν

2368 4791 2506 4844 ὥστε
2536 4791 2587 4844 εί
2613 4808 2696 4853 τις
2737 4791 2845 4843 τῶν
2873 4790 3172 4843 σπουδαίων
3203 4789 3389 4861 ἀγάπῃ
3428 4792 3677 4858 φαίνεται
3710 4792 3921 4861 διενεγο

2368 4882 2480 4935 κὼν
2511 4882 2544 4951 ἢ
2573 4882 2909 4952 καθαρότητι
2942 4882 3298 4952 σωφροσύνης
3332 4883 3364 4952 ἢ
3416 4882 3924 4953 ταπεινοφροσύνης

2370 4975 2472 5026 ὑπε
2486 4973 2647 5044 ρϐολῇ
2681 4973 2714 5044 ἢ
2746 4973 3027 5035 εὐσεϐείας
3050 4974 3082 5042 ἢ
3107 4974 3215 5026 τῶν
3239 4973 3497 5027 τοιούτων
3520 4972 3665 5035 τινὸς
3697 4973 3839 5045 ὑπὲρ
3860 4978 3929 5027 ,τὸ

2371 5066 2517 5129 εἰκὸς
2549 5066 2657 5118 τῶν
2689 5064 2996 5136 ἀνθρώπων
3029 5065 3255 5133 τούτων,
3280 5065 3563 5119 αἰτιᾶσθαι
3590 5066 3753 5119 δεῖτὸ
3783 5068 3928 5120 0nd-

2370 5174 2533 5210 τατον
2568 5156 2738 5226 μύρον
2768 5158 2864 5209 καὶ
2894 5156 3175 5209 πιστεύειν
3220 5156 3367 5227 αὐτῷ
3396 5156 3646 5210 δεδόσθαι
3682 5157 3803 5225 μὲν,
3838 5159 3928 5211 ὅτε

2371 5246 2464 5299 τοῦ
2496 5245 2797 5315 μυστηρίου
2835 5249 3077 5314 μετεῖχε,
3109 5245 3170 5297 τὸ
3198 5245 3389 5314 δῶρον,
3420 5243 3670 5312 γενέσθαι
3696 5242 3754 5295 δὲ
3777 5246 3928 5310 ἐνερ-

2372 5335 2468 5402 γὸν
2493 5334 2722 5401 ὕστερον
2792 5333 2883 5385 τδν
2906 5333 3020 5385 ῐσον
3052 5333 3248 5403 τρόπον
3279 5333 3371 5384 καὶ
3398 5329 3654 5400 περὶτῶν
3684 5328 3927 5397 ἀκριϐῶς

2370 5423 2678 5489 μελλόντων
2736 5422 2920 5491 λέγειν
2970 5422 3193 5484 εἰδέναι,
3246 5421 3342 5475 καὶ
3396 5421 3511 5482 τοῖς
3559 5417 3655 5489 τὴν
3700 5420 3927 5487 γνώμην

2365 5512 2749 5582 ιλαυνομένοις
2803 5513 2898 5565 καὶ
2960 5511 3136 5573 ἄλλως
3181 5506 3468 5564 ἀσθενοῦσι
3502 5509 3754 5578 σωτῆρας
3786 5503 3926 5563 εἶναι

2378 5626 2421 5658 ¹¹
2463 5625 2481 5678 l
2510 5624 2642 5696 Reg.
2675 5642 2784 5690 ενι,
2814 5627 2894 5691 12,
2931 5626 3015 5683 l5.
3119 5628 3162 5659 "
3187 5626 3317 5682 Luc.
3346 5641 3478 5690 xvn,
3529 5624 3584 5679 5.
3688 5623 3733 5655 "
3766 5622 3922 5676 Joan-

3119 5628 3162 5659 "
3187 5626 3317 5682 Luc.
3346 5641 3478 5690 xvn,
3529 5624 3584 5679 5.

2073 5696 2136 5727 "'
2169 5696 2185 5749 Ι
2214 5693 2353 5751 Tun.
2379 5710 2448 5750 tr.
2488 5696 2568 5752 Hs
