4154 6308
207 427 278 489 77
1189 421 1287 481 DE
1314 419 1485 482 VITA
1534 420 1611 481 IN
1650 419 1735 481 CH

1835 419 1985 482 ‘STO
2024 420 2167 480 LIB.
2215 418 2328 479 111.

3293 420 3397 483 573

174 539 325 607 πέρα
356 536 602 606 μηχανῆς
634 536 875 601 ἁπάσης,
907 533 1001 586 καὶ
1028 532 1197 586 τᾶλλα
1244 534 1371 593 τοὺς
1396 531 1735 601 ᾂπιδειξαμέ-

1835 529 2058 591 dicturi,
2097 540 2150 583 et
2185 529 2394 583 animos
2432 527 2737 597 impnlsuri.
2768 537 2822 581 et
2847 528 3048 596 alioqui
3083 543 3257 596 uagi-os
3281 533 3403 584 sin"

172 645 303 690 νους
331 629 436 680 ἀπὸ
460 628 552 680 τοῦ
581 626 882 695 μυστηρίου
903 623 1164 685 λαϐόντας
1182 624 1342 691 ἔχειν.
1370 624 1432 675 Ei
1464 622 1568 690 γὰρ
1591 622 1729 689 μήτε

173 716 307 784 παρ’
351 717 483 769 αὐτὸ
509 716 569 768 τὸ
612 713 887 767 τελεῖσθαι
920 714 977 768 τὸ
1011 713 1308 782 μυστήριον
1340 712 1592 780 ἐνεργοὺς
1626 710 1732 761 δεί-

172 822 334 857 κνυσι
356 808 480 866 τοὺς
513 806 868 874 τελουμένους
897 803 995 864 τὰς
1029 803 1404 869 πνευματικὰς
1431 794 1739 871 ἐνεργείας,

176 896 320 965 μήτε
348 888 423 948 ὧν
453 899 631 965 χρόνῳ
661 896 887 964 ὕστερον
930 895 1083 947 αὐτοὶ
1139 892 1520 960 πνευματικῶς
1577 894 1733 960 ἔνερ-

173 985 357 1051 γοῦσι,
394 986 490 1052 τὴν
523 986 742 1053 τελετὴν
802 983 1081 1036 αἰτιᾶσθαι
1140 984 1408 1051 προσῆκε,
1439 984 1489 1034 τί
1522 984 1602 1036 δεῖ
1638 984 1730 1034 καὶ

180 1075 458 1143 μυηθῆναι
483 1093 498 1140 ;
519 1076 651 1144 πρὸς
684 1077 733 1127 τί
766 1075 810 1126 δ’
841 1075 904 1127 ἂν
924 1077 1055 1143 ἡμῖν
1082 1076 1112 1143 ἡ
1149 1072 1238 1126 τοῦ
1268 1073 1436 1142 μύρου
1459 1072 1553 1125 τοῦ
1584 1074 1730 1125 θείου

180 1165 384 1235 μύησις
415 1166 494 1217 ἔτι
553 1167 731 1235 φέροι,
778 1167 1032 1234 χορηγεῖν
1086 1165 1224 1231 ὑπὲρ
1258 1159 1318 1219 οὗ
1372 1165 1615 1233 ζητεῖται
1656 1164 1731 1232 μὴ

164 1258 489 1329 ’δυναμένης
520 1262 627 1313 Καὶ
655 1261 773 1314 οὐδὲ
813 1263 985 1313 ὲκεῖνο
1017 1261 1237 1322 εἰκότως
1268 1260 1411 1312 ἐστιν
1442 1262 1637 1320 εἰπεῖν,
1656 1259 1730 1321 ὡς

174 1354 226 1404 εί
260 1352 335 1421 μὴ
391 1354 559 1405 ταῦτα
614 1351 993 1421 ἀπολαύσομεν
1022 1350 1115 1403 τοῦ
1164 1350 1485 1420 χρίσματος.
1516 1350 1643 1403 ἄλλο
1676 1366 1727 1401 τι

178 1440 386 1494 δύναιτ’
408 1440 472 1494 ἂν
490 1440 671 1509 ἡμῖνὴ
696 1439 886 1509 τελετὴ
913 1439 1146 1507 βοηθεῖν.
1174 1439 1235 1490 Ei
1262 1440 1369 1505 γὰρ
1397 1440 1537 1505 ἅπερ
1564 1439 1732 1502 ἑπαγ-

179 1532 453 1598 γέλὶεται,
487 1532 582 1584 καὶ
613 1531 743 1600 πρὸς
778 1530 813 1583 ἆ
849 1532 997 1582 πᾶσα
1035 1531 1277 1598 φέρεται,
1322 1530 1417 1581 καὶ
1444 1521 1671 1598 περὶηῶν
1701 1529 1730 1579 ὁ

177 1622 434 1691 τελεστὴς
478 1620 715 1691 εῦχεται,
764 1622 856 1673 καὶ
888 1620 924 1674 ἃ
960 1619 1133 1673 πείθει
1183 1619 1271 1671 τὸν
1300 1619 1619 1687 τελούμενον
1655 1620 1731 1680 ὼς

178 1713 380 1768 αὐτίκα
428 1714 677 1780 λήψεται,
715 1717 919 1765 τούτων
952 1714 1131 1779 τυχεῖν
1156 1711 1215 1764 οὐ
1250 1710 1485 1771 δίδωσιν,
1518 1710 1645 1761 ἄλλο
1676 1725 1730 1761 τι

174 1807 285 1859 τῶν
316 1805 538 1873 ἀγαθῶν
568 1806 779 1857 ἐκεῖθεν
808 1805 971 1874 σχολῇ
1004 1820 1065 1870 γε
1114 1804 1193 1855 δεῖ
1226 1795 1526 1872 προσδοκᾷν
1599 1802 1647 1855 εί
1679 1801 1726 1852 δ’

174 1901 239 1953 οὐ
274 1901 451 1969 μάτην
474 1901 531 1951 τὸ
557 1901 870 1968 μυστήριον,
900 1900 983 1951 ὅτι
1016 1899 1147 1968 μηδὲ
1185 1897 1313 1953 ἄλλο
1335 1896 1439 1949 τῶν
1471 1897 1731 1965 Χριστιαι

178 1994 346 2045 νικῶν
397 1993 567 2054 οὐδὲν,
609 2012 628 2043 ι
662 1992 734 2045 Οὐ
770 1991 877 2061 γὰρ
932 1992 1103 2053 κενὸν,
1151 1990 1303 2059 φησὶ,
1359 1988 1417 2041 τδ
1469 1989 1730 2059 κήρυγμα

176 2084 367 2152 ἡμῶν,
400 2084 519 2136 οὐδὲ
548 2083 751 2153 ματαία
779 2084 811 2151 ἡ
839 2081 1018 2143 πίστις
1069 2081 1244 2148 ἡμῶν,
1278 2100 1295 2130 ι
1335 2081 1386 2131 εί
1413 2096 1531 2132 τινα
1571 2096 1733 2131 πνευ-

176 2174 417 2245 ματικὴν
468 2174 747 2244 ἐνέργειαν
793 2174 969 2242 εὑρεῖν
1023 2173 1169 2225 ἔστιν
1209 2173 1265 2223 ἐν
1300 2170 1602 2237 ἀνθρώποις
1635 2170 1732 2221 καὶ

171 2265 271 2318 τοῦ
332 2266 528 2317 κύκλου
585 2265 693 2316 τῶν
726 2265 935 2316 ἐκεῖθεν
966 2264 1223 2332 χαρίτων,
1284 2266 1363 2317 είς
1415 2262 1514 2324 τὰς
1562 2261 1729 2329 εὐχὰς

171 2354 470 2423 ἀναφέρειν
502 2354 714 2422 ἀνάγκη
746 2354 945 2416 ταύτας
985 2353 1077 2407 καὶ
1105 2355 1163 2405 τὸ
1198 2355 1404 2424 χρίσμα
1439 2353 1497 2404 τὸ
1526 2354 1693 2420 ίερόν.

256 2621 434 2678 "Oiei:
469 2620 576 2689 γὰρ
605 2618 728 2674 οὔτε
774 2621 940 2688 ἔστιν,
972 2620 1070 2673 οὐκ
1098 2620 1243 2673 ἔστιν
1276 2621 1427 2674 οὐδὲν
1452 2621 1673 2687 ἀγαθὸν,
1703 2618 1733 2673 δ

175 2714 258 2783 τῷ
288 2713 405 2783 Θεῷ
434 2714 796 2777 διαλλαγεῖσιν
820 2712 1027 2765 ἐκεῖθεν
1055 2713 1296 2783 ὑπῆρξεν
1340 2714 1671 2783 ἀνθρώποις,
1704 2714 1732 2767 ὃ

175 2806 257 2874 μὴ
288 2805 376 2858 διὰ
419 2802 511 2857 τοῦ
546 2804 913 2864 καταστάντος
965 2803 1096 2856 Θεοῦ
1142 2805 1235 2856 καὶ
1258 2804 1559 2872 ἀνθρώπων
1586 2823 1732 2875 παρ·

170 2894 380 2962 εσχέθη
415 2894 658 2961 μεσίτου,
693 2893 815 2947 οὔτε
850 2894 940 2945 τὸν
974 2896 1195 2964 μεσίτην
1222 2894 1400 2962 εὑρεῖν
1428 2896 1520 2949 καὶ
1547 2896 1732 2949 λαὸεῖν

172 2986 274 3037 καὶ
310 2984 417 3035 τῶν
467 2983 671 3034 ἐκείνου
730 2986 912 3051 τυχεῖν
943 2983 1069 3035 ἄλλο
1102 3001 1155 3035 τι
1217 2983 1430 3035 είδωσιν
1469 2986 1603 3053 ἡμῖν
1625 2984 1733 3036 τῶν

173 3077 436 3129 ἁπάντων
464 3070 495 3137 ἢ
518 3072 582 3124 τὰ
616 3058 888 3140 μυστήρια
952 3072 1121 3127 ταῦτα
1148 3076 1254 3141 γὰρ
1282 3076 1560 3141 συγγενεῖς
1586 3074 1733 3141 ἡμᾶς

1832 620 1943 673 ullo
1976 620 2254 673 molimine
2301 621 2544 673 sanaturi
2596 629 2741 680 sunt,
2780 627 2833 673 et
2854 619 2944 688 qui
2973 619 3074 673 alia
3116 619 3256 675 dona
3306 635 3403 675 ac-

1831 720 2111 780 ceperunt,
2134 726 2230 764 eos
2256 710 2507 765 videlicet
2530 711 2617 764 illa
2652 726 2680 763 a
2711 711 2972 779 mysterio
3028 721 3250 779 accepta
3301 714 3401 767 ha-

1832 802 1979 856 bere.
2011 801 2068 855 Si
2096 802 2239 855 enim
2270 816 2369 854 nec
2415 800 2529 867 ipsa
2586 800 2824 870 mysterii
2877 800 3096 853 collatio
3157 802 3400 857 initiatos

1829 893 2191 962 spiritualium
2238 906 2462 960 operum
2502 899 2848 944 cxsecutores
2884 890 3077 953 reddit,
3125 906 3225 945 nec
3279 907 3399 957 qum

1832 991 2074 1052 tempore
2105 983 2436 1051 procedente
2490 980 2590 1049 ipsi
2653 982 3009 1048 spiritualiter
3076 993 3391 1049 operantur,

1832 1076 2122 1131 initiationi
2152 1078 2205 1130 in
2224 1075 2465 1143 acceptis
2509 1074 2789 1128 referenda
2836 1084 2984 1134 sunt.
3021 1077 3148 1141 quid
3176 1091 3397 1129 neceSse

1813 1176 1916 1235 ~est
1956 1164 2497 1230 initiari‘iQuorsum
2556 1179 2719 1233 porro
2768 1166 2926 1218 nobis
2949 1166 3129 1219 divina
3168 1165 3283 1219 lucc
3311 1166 3397 1217 in-

1832 1257 2018 1311 unctio
2063 1260 2352 1318 conducet,
2414 1270 2559 1318 cum,
2635 1264 2853 1321 propter
2915 1256 3059 1322 quod
3103 1258 3392 1320 expetitur,

1832 1348 2175 1417 Suppeditare
2206 1362 2316 1401 non
2348 1347 2559 1414 possit?
2592 1345 2701 1400 Nec
2751 1346 2879 1399 illud
2924 1349 3117 1401 merito
3174 1362 3400 1415 respou-

1833 1437 1950 1490 dcri
2000 1444 2184 1503 queat,
2214 1450 2521 1503 quanquam
2568 1436 2751 1488 unctio
2797 1434 2943 1488 hunc
2969 1436 3127 1490 nobis
3161 1435 3400 1489 fructum

1833 1540 1941 1579 non
1982 1527 2177 1595 pariat,
2255 1540 2412 1593 posse
2466 1534 2645 1579 tamen
2677 1540 2776 1579 nos
2820 1527 3099 1593 adjuvare.
3144 1524 3197 1580 Si
3256 1532 3401 1583 enim

1833 1632 1955 1685 qua:
1986 1616 2274 1685 promittit,
2301 1624 2354 1669 et
2392 1616 2455 1668 ad
2512 1630 2631 1682 quat
2664 1624 2772 1669 tota
2811 1617 2999 1679 tendit,
3057 1631 3173 1683 qum
3217 1617 3402 1671 initia-

1836 1718 1920 1761 tor
1954 1718 2093 1771 orat,
2120 1716 2175 1760 et
2213 1722 2331 1775 qua:
2358 1706 2622 1759 initiaudo
2652 1707 2938 1775 persuadet
2999 1723 3120 1760 mox
3146 1717 3403 1776 acceptu-

1836 1810 1975 1858 rum,
2004 1795 2049 1848 si
2075 1796 2190 1847 hac
2216 1795 2477 1862 consequi
2511 1809 2613 1848 non
2664 1795 2777 1858 dat,
2821 1795 2966 1847 aliud
3012 1794 3135 1847 inde
3200 1797 3399 1848 boumn

1836 1886 2254 1951 haudquaquam
2290 1882 2719 1951 exspectandum
2781 1893 2883 1937 est.
2921 1883 3077 1947 Quod
3112 1884 3155 1937 si
3189 1900 3292 1937 non
3319 1894 3404 1939 est

1828 1979 1998 2032 inane
2062 1974 2404 2044 mysterium,
2483 1975 2607 2041 quia
2666 1987 2766 2027 nec
2819 1974 2963 2028 aliud
3030 1974 3399 2028 Christianum

1834 2069 2030 2130 ullum,
2072 2084 2089 2116 ι
2122 2063 2238 2118 Non
2262 2064 2405 2117 enim
2431 2064 2607 2120 inanis
2627 2073 2730 2129 est,
2755 2066 2949 2131 inquit,
2968 2067 3282 2135 praedicatio
3305 2082 3405 2119 no-

1831 2170 1965 2220 stra,
2004 2171 2177 2226 neque
2218 2155 2399 2209 inanis
2435 2156 2565 2210 ﬁdes
2625 2158 2899 2221 vesua“;
2942 2177 2959 2207 ι
2999 2158 3232 2225 siquam
3274 2173 3404 2225 ope-

1832 2250 2098 2303 rationem
2135 2248 2476 2318 spiritualem
2533 2248 2775 2303 invenire
2811 2260 2892 2303 est
2941 2251 3079 2303 inter
3130 2251 3401 2313 homines,

1832 2352 1885 2394 et
1926 2356 1993 2393 ex
2053 2340 2183 2393 orbe
2238 2338 2329 2391 illo
2384 2339 2745 2406 spiritualium
2799 2340 3115 2408 gratiarum,
3159 2356 3276 2396 eam
3333 2340 3399 2397 ad

1835 2431 1995 2484 hasce
2033 2445 2220 2498 preces
2261 2438 2313 2481 et
2354 2430 2659 2483 unctionem
2714 2445 2922 2484 sat-ram
2958 2431 3160 2486 referre
3225 2448 3403 2487 neces-

1832 2522 1977 2573 sario
2003 2520 2283 2575 debemus.

1902 2610 2066 2665 Plane
2092 2611 2253 2664 -enim
2314 2625 2417 2665 non
2467 2619 2571 2676 est,
2624 2627 2728 2666 non
2803 2621 2903 2671 est.
2942 2612 3194 2681 inquam,
3230 2615 3400 2668 ullum

1833 2704 2056 2765 bonum,
2094 2705 2220 2758 inde
2266 2703 2584 2758 hominibus
2621 2703 2731 2756 Deo
2765 2704 3133 2757 reconciliatis
3189 2706 3401 2773 prasti-

1835 2802 1972 2853 tum.
2010 2793 2153 2861 quod
2187 2809 2292 2846 non
2328 2807 2423 2862 per
2453 2791 2804 2846 mediatorem
2841 2792 2981 2846 inter
3012 2792 3178 2845 Deum
3211 2804 3266 2846 et
3302 2795 3399 2847 lio-

1833 2885 2009 2940 mines
2045 2885 2407 2939 constitutum
2454 2884 2614 2938 nobis
2650 2884 2722 2939 sit
2770 2884 3061 2947 collatum;
3116 2899 3292 2954 neque
3343 2893 3402 2939 ut

1840 2978 2195 3032 mediatorem
2242 2977 2602 3037 inveniamus.
2649 2985 2701 3028 et
2730 2976 3217 3044 apprchendamus,
3250 2988 3303 3030 et
3333 2979 3401 3031 il-

1836 3067 1940 3121 lius
1977 3070 2115 3121 houa
2150 3082 2536 3135 assequamur,
2564 3067 2629 3119 ab
2660 3065 2766 3117 alio
2806 3081 2868 3119 ex
2902 3067 3158 3121 omnibus
3183 3105 3199 3125 ,
3234 3084 3397 3135 quam

175 3170 330 3222 ποιεῖ
363 3167 472 3221 τῶν
502 3166 746 3237 αἱμάτων
777 3165 1024 3229 ἐκείνων,
1060 3168 1152 3219 καὶ
1202 3160 1277 3219 ὧν
1312 3166 1499 3235 εἴληφε
1521 3167 1609 3220 διὰ
1638 3166 1734 3234 τὴν

1837 3174 1869 3213 a
1898 3160 2255 3214 sacramentis
2287 3158 2655 3229 ad'piscimur.
2692 3156 2826 3211 Nam
2861 3158 2970 3211 inter:
3002 3174 3101 3212 nos
3131 3159 3204 3212 illi
3239 3161 3396 3225 quasi

180 3259 366 3324 σάρκα
400 3257 635 3326 χαρίτων
665 3255 759 3308 καὶ
799 3251 874 3313 ὧν
905 3256 1096 3307 παθεῖν
1127 3255 1385 3323 ἠνέσχετο
1422 3255 1732 3317 κοινωνούς.

188 3349 353 3400 Ἐπεὶ
384 3349 490 3415 γὰρ
525 3348 668 3400 δυοῖν
698 3346 890 3405 ὄντοιν,
921 3344 956 3399 ἃ
983 3345 1058 3414 τῷ
1083 3346 1197 3414 Θεῷ
1242 3346 1519 3413 συνίστησι
1551 3346 1644 3397 καὶ
1679 3348 1736 3397 ιν

175 3433 265 3498 οἷς
292 3438 443 3490 πᾶσα
471 3436 577 3488 τῶν
608 3435 911 3507 ἀνθρώπων
936 3437 967 3504 ἠ
993 3435 1254 3504 σωτηρία,
1281 3435 1374 3487 τοῦ
1404 3450 1460 3487 τε
1481 3437 1547 3487 τὰ
1579 3434 1737 3505 ἱερώ-

171 3546 318 3583 τατα
385 3528 657 3597 μυττήρια
707 3526 1002 3596 μυηθῆναι,
1062 3528 1152 3579 καὶ
1201 3525 1293 3577 τοῦ
1346 3528 1479 3594 πρός
1534 3526 1733 3595 ἀρετὴν

170 3622 418 3686 ἀσκῆσαι
463 3618 562 3687 τὴν
610 3616 859 3686 γνώμην,
918 3615 1009 3668 τοῦ
1039 3615 1314 3685 δευτέρου,
1372 3616 1513 3678 λέγω
1546 3615 1609 3682 δὴ
1637 3616 1735 3679 τῆς

172 3705 525 3777 ἀνθρωπείας
555 3704 815 3771 σπουδῆς,
849 3704 1000 3755 οὐδὲν
1026 3704 1153 3756 ἄλλο
1190 3703 1384 3770 γένοιτ’
1412 3704 1476 3755 ἂν
1507 3704 1665 3771 ἔργον
1700 3703 1733 3773 ἢ

171 3800 245 3849 τὰ
279 3796 498 3847 δοθέντα
533 3793 705 3847 σῶσαι
742 3796 834 3847 καὶ
870 3794 943 3862 μὴ
973 3793 1259 3862 προδοῦναι
1305 3794 1395 3845 τδν
1427 3794 1695 3862 θησαυρόν

169 3887 427 3939 λείπεται
458 3885 523 3953 δὴ
554 3886 721 3955 μόνην
742 3886 977 3953 χορηγὸν
1011 3887 1143 3954 ἡμῖν
1177 3886 1282 3939 τῶν
1307 3885 1527 3951 ἀγαθῶν
1565 3886 1737 3939 ἁπάν-

168 3996 289 4031 των
313 3979 413 4045 τὴν
435 3977 544 4029 τῶν
573 3976 887 4046 μυστηρίων
914 3975 1142 4043 δύναμιν
1171 3970 1328 4029 εἶναι.
1360 3977 1465 4028 Καὶ
1500 3978 1606 4047 μὴν
1628 3978 1735 4029 τῶν

169 4067 415 4121 τελετῶν
469 4067 633 4135 ἄλλης
682 4065 782 4135 μὲν
842 4065 1002 4136 ἔργον
1039 4065 1165 4119 ἄλλο
1222 4084 1298 4129 τι,
1335 4066 1651 4137 [Ινεύματος
1678 4067 1735 4120 δὲ

172 4158 414 4213 καὶτῶν
451 4158 659 4211 ἑκείνου
714 4157 1098 4227 μετειληφέναι
1117 4157 1306 4229 δώρων
1328 4160 1420 4212 τοῦ
1456 4160 1736 4227 παναγοῦς

173 4251 483 4319 ἐξήρτηται
521 4248 691 4317 μύρου
756 4247 843 4301 διὰ
872 4247 1043 4301 ταῦτα
1072 4248 1172 4300 κᾶν
1202 4248 1276 4317 μὴ
1306 4251 1436 4317 παρ’
1461 4250 1621 4304 αὐτὸν
1643 4250 1735 4304 τὸν

172 4341 281 4409 τῆς
310 4338 533 4407 τελετῆς
562 4340 774 4407 χρόνον,
809 4336 1029 4405 ὕστερον
1055 4338 1111 4389 δὲ
1152 4338 1331 4408 πολλῷ
1361 4342 1737 4410 πνευματικὴν

173 4430 385 4500 δυνηθῇ
438 4446 522 4489 τις
576 4427 944 4492 ιπιδείξασθαι
976 4427 1203 4496 δωρεὰν,
1234 4429 1296 4482 οὐ
1324 4428 1404 4482 δεῖ
1430 4430 1528 4498 τὴν
1557 4430 1736 4485 αἰτίαν

1842 3250 2307 3319 consanguineos,
2347 3259 2401 3303 et
2449 3250 2789 3302 cruciatuum
2836 3264 2974 3315 quos
3026 3250 3310 3313 sustinuit,
3348 3260 3404 3304 et

1835 3344 2153 3407 gratiarum.
2180 3356 2315 3408 quas
2348 3349 2571 3410 propter
2599 3355 2820 3395 carnem
2847 3342 3081 3409 accepit,
3111 3342 3320 3409 pantici}
3344 3358 3403 3395 cs

1833 3433 2095 3487 eﬂiciunt.
2139 3431 2275 3485 Cum
2315 3433 2463 3485 enim
2499 3434 2604 3487 duo
2639 3432 2773 3494 sint,
2813 3447 2934 3499 qua:
2991 3433 3237 3487 homines
3295 3423 3402 3487 Deo

1828 3525 2229 3591 commendent,
2250 3536 2304 3578 et
2325 3526 2525 3595 quibus
2559 3536 2666 3581 tota
2700 3528 2845 3580 salus
2877 3528 3115 3581 humana
3148 3528 3398 3589 fulcitur,

1832 3615 2061 3668 alterum
2093 3624 2150 3669 ut
2186 3618 2458 3685 mysteriis
2491 3618 2883 3672 sacratissimis
2913 3618 3192 3672 initientur
3216 3660 3231 3684 ,
3265 3620 3401 3673 alte-

1834 3722 1977 3769 rum,
2012 3715 2066 3759 ut
2095 3707 2338 3759 animum
2364 3706 2429 3761 ad
2461 3709 2710 3761 virtutem
2748 3709 3109 3778 appellamus,
3138 3711 3399 3772 humana,

1844 3797 2066 3873 inquam
2098 3835 2112 3857 .
2146 3797 2451 3867 diligentia,
2486 3800 2624 3853 nihil
2655 3800 2798 3853 aliud
2838 3816 2976 3871 opus
3022 3801 3204 3866 fuerit,
3236 3817 3401 3869 quam

1835 3888 1959 3941 data
1988 3903 2239 3952 servare,
2269 3897 2326 3944 et
2365 3890 2680 3944 thesaurum
2745 3906 2851 3943 non
2913 3890 3160 3959 prodere.
3215 3891 3395 3945 ltelin.

1834 3978 2020 4047 quitur
2053 3988 2209 4048 ergo,
2252 3978 2425 4033 solam
2456 3982 2836 4050 mysteriorum
2868 3982 3121 4036 virtutem
3154 3983 3398 4036 omnium

1836 4067 2102 4122 bonorum
2136 4068 2291 4123 nobis
2327 4068 2651 4139 largitricem
2688 4084 2830 4123 esse.
2856 4069 3015 4137 Atqui
3041 4070 3233 4125 horum
3261 4071 3401 4125 alius

1832 4158 2055 4215 etractus
2091 4167 2146 4214 et
2203 4174 2342 4227 opus
2399 4168 2503 4225 est,
2537 4159 2773 4229 Spiritus
2834 4161 3087 4230 illiusque
3133 4162 3400 4215 donorum
3452 4179 3455 4181 ’

1834 4250 2150 4304 communio
2180 4263 2209 4301 a
2239 4250 2587 4305 sanctissima
2619 4251 2874 4304 unctione
2906 4254 3121 4319 pendet.
3171 4250 3402 4309 Idcirco,

1840 4340 2060 4394 tametsi
2092 4355 2200 4393 non
2238 4340 2355 4407 ipso
2394 4340 2721 4395 initiatiouis
2764 4348 3031 4410 tempore,
3085 4344 3180 4397 sed
3231 4344 3405 4396 multo

1836 4438 1981 4499 post,
2013 4429 2299 4498 spirituale
2333 4430 2537 4483 donum
2566 4431 2632 4485 ad
2666 4445 2778 4485 rem
2809 4431 3060 4486 conferre
3090 4434 3216 4501 quis
3247 4444 3404 4503 pote-

175 4524 274 4575 καὶ
458 4521 491 4588 ἡ
516 4519 747 4587 δύναμις
773 4520 1009 4587 ἀγνοεῖν.
1056 4521 1209 4572 Ἐπεὶ
1241 4521 1338 4575 καὶ
1364 4524 1391 4574 ό
1423 4497 1516 4576 τοῦ
1542 4522 1735 4590 βαπτί-

1841 4497 1928 4586 rit,
1958 4497 2308 4574 nihilominus
2330 4535 2578 4584 causam,
2602 4529 2659 4576 et
2690 4520 2833 4575 unde
2864 4523 3031 4577 robur
3059 4497 3215 4587 illud,
3250 4497 3405 4593 igno-

175 4618 394 4681 σματδς
453 4611 731 4678 φωτισμδς
778 4611 980 4663 ὲνίεται
1033 4612 1130 4680 μὲν
1193 4612 1354 4674 εὐθὺς
1387 4615 1741 4682 λουσαμένων

174 4705 301 4763 ταῖς
339 4700 450 4751 τῶν
502 4699 839 4767 τελουμένων
884 4699 1103 4769 ψυχαῖς,
1155 4700 1275 4753 ἐστι
1332 4702 1388 4754 δὲ
1441 4702 1740 4769 τηνικαῦτα

174 4794 334 4855 δῆλος
361 4792 422 4843 ού
455 4792 639 4853 πᾶσιν,
664 4790 827 4851 ἐνίοις
856 4790 913 4843 δὲ
947 4791 1055 4844 τῶν
1086 4792 1392 4847 σπουδαίων
1435 4794 1522 4847 διὰ
1549 4796 1739 4865 χρόνου

176 4881 437 4950 φαίνεται
465 4877 650 4946 ἱδρῶσι
683 4877 896 4941 πολλοῖς
920 4880 1016 4932 καὶ
1049 4878 1230 4940 πόνοις
1261 4882 1355 4933 καὶ
1397 4884 1462 4951 τῇ
1490 4883 1621 4953 περὶ
1654 4884 1742 4935 τὸν

176 4970 423 5041 Χριστὸν
450 4969 638 5039 ἀγάπῃ
663 4969 753 5021 τὸν
778 4968 878 5037 τῆς
897 4967 1077 5037 ψυχῆς
1106 4968 1413 5038 καθάρασιν
1440 4971 1737 5040 ὀφθαλμὸν,

173 5063 269 5115 διὰ
302 5058 465 5113 τοῦτο
511 5058 573 5110 τὸ
628 5056 802 5127 μύρον
829 5058 1135 5125 προσευχῆς
1188 5057 1285 5127 μὲν
1316 5055 1453 5112 οἴκοι
1484 5061 1618 5131 πρὸς
1642 5062 1740 5124 τὰς

178 5150 353 5221 εὐχὰς
386 5149 517 5217 ἡμῖν
541 5146 819 5217 βοηθοῦσι.
846 5147 1137 5218 Χριόμενοι
1167 5150 1277 5218 γὰρ
1314 5150 1390 5217 τῷ
1420 5152 1577 5220 μύρῳ
1594 5151 1740 5205 τοῦτ’

177 5238 320 5293 αὐτὸ
367 5236 613 5304 γίνονται
648 5237 778 5306 ἡμῖν
821 5236 849 5290 δ
892 5236 1201 5303 καλοῦνται,
1230 5238 1367 5292 διότι
1412 5241 1474 5292 τὸ
1504 5240 1739 5295 κενωθὲν

183 5330 359 5401 μύρον
416 5328 765 5397 παράκλητος
817 5330 950 5399 ἡμῖν
1001 5330 1119 5383 ἔστι
1171 5331 1306 5400 πρὸς
1334 5332 1426 5385 τὶν
1480 5332 1612 5386 Θεὸν
1644 5333 1740 5385 καὶ

180 5421 406 5487 Πατέρα
437 5418 507 5470 δι’
560 5416 691 5471 αὐτὸ
725 5416 901 5483 τοῦτο,
936 5420 1019 5472 ὅτι
1051 5420 1349 5473 κεκένωται
1383 5421 1479 5472 καὶ
1526 5421 1737 5490 χρίσμα

180 5515 401 5580 γέγονε,
441 5513 534 5563 καὶ
572 5509 731 5579 μέχρι
754 5509 853 5577 τῆς
878 5510 1095 5577 φύσεως
1117 5512 1279 5580 exter,
1311 5512 1409 5581 τῆς
1444 5512 1738 5581 ἡμετέρας.

179 5602 225 5653 Τ
229 5602 266 5654 ὰ
289 5599 654 5669 θυσιαστήρια
674 5597 733 5651 δὲ
766 5598 862 5668 τὴν
885 5598 978 5651 τοῦ
1006 5600 1249 5671 Σωτῆρος
1276 5602 1525 5670 μιμεῖται
1556 5603 1744 5670 χεῖρα,

260 5784 303 5816 ³⁸
333 5782 347 5834 1
382 5781 508 5836 Cor.
541 5795 628 5842 ιν,
672 5779 754 5830 14.

1841 4624 1963 4662 rare
2001 4624 2109 4662 non
2150 4609 2426 4664 convenit.
2471 4608 2606 4663 Nam
2658 4621 2711 4663 et
2764 4610 3020 4679 baptismi
3070 4612 3403 4667 illumina'io

1845 4716 1967 4753 uinx
2005 4699 2224 4767 quidem
2276 4700 2583 4755 ablutorum
2621 4699 2910 4754 animabus
2959 4703 3314 4767 immittitur;
3351 4715 3407 4759 at

1845 4808 1949 4844 non
1990 4803 2117 4844 tunc
2152 4790 2221 4843 ab
2252 4790 2507 4843 omnibus
2556 4789 2821 4854 cernitur,
2866 4791 2962 4845 sed
3007 4806 3036 4845 a
3076 4794 3401 4861 quihusdam

1847 4886 2029 4955 probis
2079 4892 2203 4953 post
2254 4882 2598 4936 intervallum
2647 4885 3017 4959 cognoscitur,
3067 4887 3158 4952 qui
3222 4874 3405 4943 multis

1845 4976 2137 5030 sudoribus
2168 4982 2223 5028 et
2250 4972 2546 5037 laboribus,
2578 4981 2635 5027 et
2667 4973 2937 5028 charitate
2969 4990 3095 5041 erga
3132 4976 3402 5032 Christum

1845 5065 2064 5120 oculum
2089 5063 2285 5116 animae
2310 5072 2723 5133 perpurgarunt.
2757 5063 2986 5134 Propter
3013 5063 3169 5118 istam
3198 5069 3407 5122 unctiu-

1850 5172 1970 5212 nem
2031 5158 2227 5212 domus
2267 5157 2526 5211 orationis
2556 5157 2623 5211 ad
2651 5172 2841 5225 preces
2865 5158 3021 5213 nobis
3050 5160 3403 5215 auxiliantur.

1849 5245 2035 5303 Unctae
2066 5248 2211 5300 enim
2239 5254 2512 5316 unguento
2554 5246 2658 5301 hoc
2688 5247 2862 5308 ipsum
2893 5248 3054 5302 nobis
3081 5249 3237 5310 ﬁunt,
3262 5252 3403 5318 quod

1847 5344 2135 5399 vocantur,
2197 5335 2459 5403 quoniam
2507 5334 2737 5389 eﬂ‘usum
2790 5344 3143 5405 unguentum,
3175 5338 3407 5393 advoca-

1848 5437 1959 5482 tum
1990 5436 2075 5481 est
2103 5425 2260 5480 nobis
2283 5426 2424 5495 apud
2456 5424 2623 5480 Deum
2655 5434 2710 5481 et
2738 5425 2978 5490 Patrem,
3009 5436 3061 5481 et
3089 5428 3160 5483 ob
3185 5428 3288 5483 hoc
3326 5430 3407 5497 ip-

1846 5530 1998 5577 sum,
2029 5513 2173 5583 quod
2202 5513 2432 5568 eﬂusutn
2473 5523 2575 5575 est.
2609 5523 2662 5567 et
2690 5514 2929 5569 chrisma
2967 5514 3190 5577 factum,
3219 5524 3273 5570 et
3313 5533 3411 5571 us-

1846 5622 1947 5675 qui!
1980 5604 2044 5658 ad
2078 5603 2311 5658 animam
2335 5618 2573 5660 nostram
2597 5604 2829 5659 eilusmn
2865 5615 2966 5660 est.
2996 5605 3199 5660 Altaria
3223 5615 3407 5662 autem
