4154 6308
738 397 774 457 ξι
786 395 853 457 ΒΊ

1975 399 2279 460 NICOLH
2326 399 2643 459 CABASIL
2664 400 2709 458 Ἐ

3882 401 3987 465 διε

740 521 796 566 ct
828 509 1133 566 initiatione
1189 524 1342 564 suam
1393 511 1447 564 in
1503 510 1658 565 nobis
1712 513 1963 566 virtutem
2011 521 2311 575 exscrente,

2421 511 2495 582 τῷ
2533 513 2811 582 εὐεργέτῃ,
2836 511 2947 565 ἀλλ’
2972 512 3229 565 ἀδύνατον
3259 513 3412 566 οὐδέν
3432 532 3444 546 ·
3483 514 3626 566 ἐστιν
3663 510 3740 569 ὧν
3788 516 3883 569 καὶ
3908 516 3987 569 δί-

742 599 973 669 gratiam
1042 598 1259 669 quidem
1319 599 1500 652 datam
1557 610 1827 664 tenemus,
1870 608 2069 655 cetera
2128 612 2307 656 autem

741 690 986 758 ιιι-πειστί
1012 705 1041 743 a
1067 691 1408 744 benefactore
1440 705 1545 744 non
1604 691 1893 745 admodum
1949 708 2176 749 necesse
2207 704 2309 749 est.

744 781 889 836 Fieri
920 781 1066 835 enim
1109 788 1305 847 potest,
1339 796 1442 835 nos
1472 784 1834 851 quorumdam
1864 797 2053 852 paenas
2080 784 2307 849 debere;

744 888 845 927 nec
880 872 1129 939 prohibet
1164 872 1488 941 quidquam,
1522 882 1569 925 et
1612 875 1735 927 data
1784 890 1884 927 nos
1934 889 2309 942 corrumpere,

742 973 796 1019 et
828 963 986 1017 oﬂicii
1020 978 1280 1017 numeros
1309 979 1415 1017 non
1447 964 1683 1033 explere.

813 1054 984 1124 Cujus
1017 1046 1091 1107 rei
1124 1055 1276 1108 multi
1306 1062 1433 1108 sunt
1462 1064 1651 1120 testes,
1702 1065 1758 1109 et
1782 1056 2082 1114 Corinthiis
2110 1060 2160 1113 id
2188 1075 2316 1128 apo-

746 1146 904 1201 seulis
934 1146 1228 1199 etiamnum
1258 1145 1654 1207 vivis,'accidit.
1686 1146 1818 1199 Nam
1851 1162 1915 1200 ex
1951 1150 2033 1201 his
2065 1149 2155 1217 qui
2185 1150 2309 1217 Spi-

752 1238 860 1289 ritu
916 1247 1072 1289 erant
1120 1236 1283 1304 pleni,
1334 1236 1425 1304 qui
1502 1237 1923 1305 prophetabaut,
1970 1240 2063 1306 qui
2110 1240 2312 1307 linguis

752 1326 1140 1395 loquebantur,
1193 1327 1424 1395 aliisque
1456 1329 1793 1381 ornamentis
1824 1330 2100 1395 conspicui
2132 1340 2309 1392 erant,

750 1425 963 1470 tantum
1001 1425 1179 1469 tamen
1210 1417 1422 1477 aberat,
1459 1426 1518 1468 ιιι
1565 1432 1794 1485 prorsus
1840 1418 2005 1470 divini
2047 1427 2105 1472 et
2155 1420 2313 1487 spiri-

748 1508 887 1561 tales
912 1514 1116 1571 essent,
1147 1517 1205 1559 ut
1238 1505 1461 1568 invidia,
1492 1506 1787 1567 ambitione
1815 1507 2144 1575 importuna,
2182 1525 2312 1562 ron-

752 1601 1014 1660 tentione,
1048 1607 1103 1653 et
1127 1597 1502 1667 hujuscemodi
1543 1597 1688 1651 vitiis
1721 1597 2051 1653 laborarent.
2087 1600 2152 1652 Et
2194 1601 2308 1654 huic

746 1688 855 1744 illis
880 1688 1218 1757 exprobrans
1250 1686 1474 1751 Paulus,
1516 1705 1534 1737 ι
1572 1688 1762 1741 Adhuc
1813 1689 2077 1752 carnales,
2119 1689 2311 1758 inquit,

2413 622 2515 665 κας
2543 604 2799 672 ὀφείλειν,
2828 607 2925 656 καὶ
2950 603 3102 657 οὐδὲν
3130 604 3327 657 κωλύει
3382 606 3442 657 τό
3472 623 3530 657 τε
3567 608 3870 677 μυστήριον
3895 624 3988 659 τι·

2411 694 2665 763 λεσθῆναι
2712 696 2806 747 καὶ
2834 695 2901 747 τά
2947 694 3170 747 δοθέντα
3225 697 3300 764 μὴ
3352 694 3660 765 διαφθεῖραι
3724 698 3817 750 καὶ
3876 696 3991 751 τῶν

2413 786 2640 840 δεόντων
2673 787 2936 849 ἄλλειπεῖς
2971 783 3132 843 εἶναι.

2484 1044 2698 1096 Τούτων
2723 1042 2910 1096 πολλοὶ
2946 1044 3251 1113 μάρτυρες,
3293 1046 3385 1099 καὶ
3427 1046 3733 1113 Κορινθίοις
3784 1045 3837 1099 δὲ
3893 1047 3998 1101 ὲτὶ

2411 1135 2517 1185 τῶν
2538 1135 2849 1186 ἀποστόλων
2878 1134 3075 1205 συνέϐη
3146 1135 3254 1187 τῶν
3287 1136 3394 1205 γάρ
3424 1135 3514 1187 τοῦ
3550 1134 3866 1203 Πνεύματος
3886 1138 3983 1201 γέ-

2415 1241 2603 1293 μοντες
2630 1227 2721 1277 καὶ
2754 1225 3213 1294 προφητεύοντες,
3249 1229 3341 1277 καὶ
3381 1226 3651 1293 γλώσσαις
3673 1226 3993 1289 λαλοῦντες,

2416 1318 2511 1369 καὶ
2534 1317 2703 1371 τᾶλλα
2734 1313 3169 1381 ἐπιδεικνύμενοι
3200 1317 3451 1371 τοσοῦτον
3499 1321 3727 1387 ἀπεῖχον
3767 1319 3993 1387 ἀμέλει,

2414 1407 2571 1469 θείως
2622 1406 2878 1472 καθάπαξ
2935 1409 3027 1461 καὶ
3064 1409 3451 1474 πνευματικῶς
3502 1409 3666 1476 ἔχειν,
3708 1408 3847 1461 ὥστε
3910 1408 3994 1480 μὴ

2414 1499 2600 1569 πόρῤω
2634 1498 2935 1568 βασκανίας
2974 1500 3067 1551 καὶ
3095 1501 3402 1569 φιλοτιμίας
3457 1500 3689 1570 ἀκαίρου
3730 1501 3824 1553 καὶ
3867 1501 3991 1569 ἐρι-

2412 1590 2500 1650 δος
2549 1591 2642 1642 καὶ⁵
2682 1590 2793 1643 τῶν
2840 1590 3097 1643 τοιούτων
3147 1592 3368 1643 ἑστάναι
3422 1592 3626 1643 κακῶν.
3673 1592 3783 1645 Καὶ
3808 1591 3987 1643 ταῦτα

2412 1682 2594 1744 αὐτοῖς
2624 1682 2935 1752 προφέρων.
2955 1685 2984 1735 ὁ
3018 1683 3250 1747 Παῦλος,
3282 1701 3298 1733 ι
3329 1684 3609 1752 Σαρκικοὶ,
3643 1685 3827 1753 φησὶν,
3862 1683 3994 1737 ἐστὶ

745 1779 901 1841 eatis,
964 1787 1020 1832 et
1077 1778 1375 1832 secundum
1414 1778 1685 1831 hominem
1748 1778 2037 1831 ambulatis
2086 1779 2185 1833 υ.»
2220 1782 2311 1831 Λι-

2421 1774 2515 1825 καὶ
2545 1776 2687 1825 κατά
2714 1773 3000 1842 ἄνθρωπον
3049 1777 3397 1842 περιπατεῖτε
3419 1790 3433 1805 ’
3470 1793 3487 1825 ι
3523 1774 3703 1826 καίτοι
3736 1791 3991 1843 πνευμα-

745 1870 841 1937 qui
873 1868 1186 1936 spirituales
1208 1879 1382 1930 erant,
1413 1870 1556 1935 quod
1584 1870 1651 1923 ad
1682 1879 1888 1939 partem
1916 1871 2155 1940 aliquam
2184 1887 2305 1940 gra-

748 1962 947 2013 tiarum
986 1960 1181 2013 attinet
1211 1975 1227 2024 ;
1258 1960 1351 2013 sed
1386 1960 1488 2013 hoc
1517 1960 1598 2014 eis
1638 1963 1704 2013 ad
1748 1975 1963 2014 omnem
2011 1964 2307 2031 nequitiam

748 2068 813 2107 ex
842 2053 1023 2105 anima
1055 2051 1377 2119 ejiciendam
1410 2051 1635 2105 minime
1670 2050 1987 2106 sulliciebat.
2017 2052 2073 2106 lu
2102 2053 2313 2106 Eucha-

747 2142 901 2197 ristia
948 2155 1076 2195 vero
1106 2141 1212 2195 tale
1262 2139 1399 2194 nihil
1434 2150 1537 2197 est.
1594 2141 1651 2194 lu
1706 2141 1905 2209 quibus
1962 2142 2107 2197 enim
2157 2143 2311 2210 panis

751 2232 871 2284 vita:
901 2246 964 2283 ea
1006 2238 1266 2298 operatus
1294 2235 1397 2293 est,
1434 2244 1530 2297 per
1566 2244 1688 2298 quae
1733 2239 1963 2283 mortem
2011 2231 2309 2296 evitarunt,

749 2332 803 2374 et
830 2335 1003 2388 neque
1024 2328 1299 2374 caenantes
1324 2318 1431 2373 ullo
1457 2320 1659 2373 scelere
1686 2320 1931 2374 obstricti
1960 2329 2107 2383 sunt,
2138 2337 2313 2391 neque

750 2412 918 2466 ullum
938 2412 1448 2480 superinduxerunt,
1475 2427 1633 2464 nemo
1656 2414 1789 2466 tales
1820 2416 2169 2469 accusaverit.
2195 2415 2310 2469 Non

750 2504 894 2579 enim
920 2512 1112 2571 petest,
1136 2516 1242 2556 non
1265 2509 1462 2571 potest,
1487 2503 1730 2572 inquam,
1752 2504 1852 2558 hoc
1873 2508 2186 2574 mysterium
2220 2521 2313 2573 per

753 2594 935 2650 omnia
973 2594 1210 2663 operari,
1241 2602 1296 2648 et
1343 2594 1584 2647 initiatos
1618 2609 1647 2647 a
1700 2596 2067 2664 qualicunque
2120 2599 2315 2663 imper-

757 2686 992 2740 l‘ectione
1027 2683 1323 2738 vindicare.
1357 2683 1434 2737 Cu
1456 2699 1479 2735 r
1515 2684 1585 2736 itu
1612 2684 1636 2735 2
1666 2684 1929 2750 Quoniam
1964 2685 2064 2739 hoc
2092 2696 2175 2739 est
2206 2702 2315 2755 my-

753 2777 977 2833 sterium
1000 2773 1236 2843 cperari,
1267 2773 1487 2843 quando
1510 2788 1573 2827 eo
1596 2772 1811 2829 allectos
1835 2776 1967 2828 nihil
1985 2790 2171 2830 eorum
2197 2793 2315 2846 quae

748 2865 943 2920 adesse
1001 2871 1254 2933 possunt,
1319 2863 1539 2920 defecit.
1586 2863 1783 2919 Mensa:
1815 2868 1960 2919 enim
2022 2870 2315 2936 promissio

750 2958 806 3011 in
870 2956 1091 3011 Christo
1149 2970 1271 3020 nos,
1316 2963 1371 3008 et
1435 2954 1489 3009 in
1546 2955 1702 3009 nobis
1743 2954 2016 3010 Christum
2070 2959 2315 3013 habitare

751 3046 904 3100 facit.
947 3045 1037 3099 Ait
1076 3044 1219 3099 enim
1272 3061 1285 3098 :
1323 3043 1407 3097 «In
1436 3059 1522 3097 me
1561 3054 1762 3109 manet,
1813 3054 1866 3100 ct
1895 3062 1993 3115 ego
2025 3048 2165 3103 ineo
2211 3050 2308 3104 “.o

750 3136 976 3192 Christo
1011 3136 1064 3190 in
1093 3137 1252 3191 nobis
1298 3148 1575 3201 manente,
1616 3139 1743 3204 quid
1796 3140 2029 3207 amplius
2066 3142 2308 3210 requira-

752 3228 883 3282 tur?
923 3236 1016 3281 aut
1066 3226 1210 3295 quod
1261 3226 1459 3279 bouum
1516 3242 1616 3283 nos
1656 3228 1932 3295 effugiat?
1987 3231 2043 3285 In
2094 3232 2310 3288 Christo

755 3329 1034 3373 manentes
1061 3318 1188 3388 quid
1230 3317 1375 3371 aliud
1409 3309 1878 3373 desidet-abimus?
1912 3319 2004 3375 llle
2035 3323 2310 3379 habitator

754 3421 958 3472 noster,
990 3419 1044 3464 et
1068 3410 1182 3480 ipse
1212 3409 1471 3464 habitatio
1521 3420 1703 3464 nostra
1728 3422 1829 3465 est.
1871 3410 1914 3466 0
1945 3429 2044 3467 nos
2084 3416 2172 3468 tali
2224 3418 2311 3470 ha-

757 3503 1021 3556 bitatione
1050 3501 1243 3554 beatos
1275 3538 1288 3550 .
1320 3508 1374 3553 et
1408 3500 1591 3552 beatos
1621 3500 1834 3565 iterum,
1870 3508 1997 3570 quia
2039 3503 2306 3571 ejusmodi

754 3594 951 3647 domus
981 3590 1171 3645 incola:
1195 3590 1316 3643 I'acti
1338 3605 1553 3644 sumus.
1584 3590 1702 3655 Quo
1726 3606 1956 3661 namque
1985 3594 2127 3648 bono
2152 3612 2310 3664 egere

755 3691 1009 3751 poterunt
1039 3682 1117 3735 sic
1144 3679 1319 3733 aﬂ'ecti
1354 3689 1407 3733 et
1442 3681 1769 3733 constituti?
1824 3680 1964 3746 Quid
2004 3666 2301 3745 vitiositati.

757 3784 813 3828 et
864 3774 919 3827 in
971 3781 1119 3826 tanta
1177 3770 1445 3825 cbaritate
1488 3771 1827 3826 versantibus
1869 3787 2156 3830 commune
2197 3778 2309 3847 sit?

757 3867 897 3933 Quid
941 3866 1154 3919 tandem
1228 3864 1353 3916 mali
1429 3872 1578 3917 tanto
1637 3863 1900 3919 bonorum
1969 3868 2187 3923 cumulo
2253 3885 2311 3930 se

757 3958 1027 4029 apponat?
1069 3955 1208 4021 Quid
1246 3954 1387 4007 enim
1444 3955 1525 4010 vel
1573 3972 1809 4023 prmseus
1874 3959 2186 4020 subsistere,
2227 3954 2309 4015 vel

761 4051 960 4104 absens
984 4050 1238 4116 ingruere
1266 4054 1448 4123 quept,
1478 4048 1694 4115 quando
1714 4046 1965 4102 Christus
1986 4050 2121 4104 adeo
2156 4050 2313 4105 fami-

766 4141 970 4194 liai-iter
993 4138 1277 4191 nobiscum
1308 4145 1412 4199 est,
1437 4145 1491 4188 et
1524 4150 1623 4190 nos
1659 4144 1802 4191 totos
1835 4147 2099 4203 penetrat,
2131 4140 2308 4193 omnia

761 4230 1022 4285 interiora
1064 4227 1325 4296 possidet,
1356 4234 1410 4279 et
1439 4239 1539 4279 nos
1586 4226 1753 4294 cingit
1780 4242 1843 4279 ac
1868 4228 2141 4297 protegit?
2177 4230 2308 4282 Nam

762 4322 864 4376 tela
892 4318 1233 4374 extrinsecus
1270 4318 1470 4385 iactata
1540 4332 1606 4369 ne
1647 4317 1695 4369 iu
1744 4332 1844 4371 nos
1906 4319 2145 4374 incidant
2186 4336 2311 4392 pro-

2409 1866 2548 1915 τικοὶ
2590 1860 2751 1934 ἦσαν,
2792 1866 2854 1916 τό
2903 1882 2966 1932 γε
3016 1866 3127 1918 τῶν
3168 1867 3405 1937 χαρίτων
3452 1868 3639 1935 μέρος,
3670 1866 3783 1919 ἀλλ’
3831 1868 3994 1921 οὐδὲν

2410 1956 2639 2025 ἧρκεσεν
2672 1956 2852 2018 αὐτοῖς
2891 1956 3026 2025 πρὸς
3058 1957 3118 2007 τὸ
3146 1958 3250 2009 πᾶν
3276 1956 3479 2023 φαῦλον
3515 1958 3621 2009 ἀπὸ
3666 1956 3765 2024 τῆς
3806 1956 3994 2025 ψυχῆς

2412 2047 2679 2099 ἐκϐαλεῖν.
2718 2047 2841 2099 Ἐπὶ
2867 2047 2923 2119 δὲ
2956 2052 3052 2114 τῆς
3081 2047 3439 2115 Εὐχαριστίας
3461 2047 3664 2099 τούτων
3686 2047 3870 2099 οἰδὲν·
3902 2041 3992 2109 οἷς

2411 2138 2518 2205 γὰρ
2545 2141 2571 2189 ὁ
2592 2138 2657 2206 τῆ
2721 2136 2864 2205 ζωῆς
2888 2136 3051 2205 ἄρτος
3095 2136 3315 2206 ἐνεργὸς
3365 2137 3605 2204 ἐγένετο,
3627 2137 3693 2189 δι’
3723 2130 3799 2190 ὧν
3845 2139 3981 2205 ἔφυ-

2411 2228 2639 2292 λάξαντο
2668 2227 2758 2280 τὸν
2788 2228 3035 2289 θάνατον,
3063 2230 3156 2280 καὶ
3178 2229 3302 2281 οὔτε
3352 2229 3696 2292 δειπνοῦντες
3740 2231 3987 2298 πονηρὸν

2413 2319 2565 2377 οὐδὲν
2596 2313 2761 2387 εἶχον,
2783 2317 2896 2370 οὔτ’
2926 2319 3309 2387 ἑπεισήγαγον,
3335 2319 3436 2371 οὐκ
3457 2319 3520 2371 ἄν
3550 2337 3632 2381 τις
3654 2320 3801 2373 οὐδὲν
3822 2320 3992 2386 ἐγκα-

2412 2412 2564 2462 λέσαι
2594 2411 2851 2463 τοιοῦτον.
2886 2411 2960 2461 Οὐ
2987 2412 3093 2478 γὰρ
3126 2410 3292 2475 ἔστιν,
3328 2412 3427 2464 οὐκ
3454 2411 3592 2476 ἐστι,
3618 2413 3715 2481 τὴν
3762 2413 3991 2482 τελετὴν

2414 2503 2636 2571 ἐνεργὸν
2692 2502 3039 2553 παντάπασιν
3096 2498 3235 2552 εἶναι
3289 2502 3385 2553 καὶ
3436 2504 3547 2563 τοῖς
3609 2504 3989 2572 μεμνημένοις

2416 2591 2729 2660 ἡστινοσοῦν
2765 2593 3004 2658 μετεῖναι
3060 2589 3421 2657 φαυλότητος”
3451 2591 3537 2643 διὰ
3569 2592 3796 2656 τί;”οτι
3821 2592 3988 2646 τοῦτό

2415 2683 2529 2733 ἐστι
2560 2680 2658 2749 τὴν
2688 2679 2907 2749 τελετὴν
2938 2678 3158 2748 ἐνεργὸν
3184 2676 3348 2743 εἶναι,
3388 2680 3447 2732 τὸ
3473 2681 3599 2742 τοὺς
3625 2683 3989 2750 τελουμένους

2413 2771 2625 2833 οὐδενὸς
2654 2772 2764 2823 τῶν
2794 2773 3131 2839 γιγνομένων
3160 2771 3443 2825 ἐλλείπειν.
3481 2773 3554 2823 Ἢ
3593 2773 3700 2841 γὰρ
3731 2774 3829 2843 τῆς
3849 2792 3980 2844 τρα-

2416 2862 2584 2932 πέζης
2616 2864 2914 2930 ἐπαγγελία
2943 2862 3020 2931 τῷ
3054 2862 3274 2931 Χριστῷ
3301 2863 3399 2927 μὲν
3428 2864 3596 2932 ἡμᾶς,
3629 2866 3761 2932 ἡμῖν
3782 2864 3837 2917 δὲ
3892 2866 3988 2917 τὸν

2418 2956 2649 3026 Χριστὸν
2701 2955 2973 3017 ὲνοικίζει.
3016 2973 3033 3003 ι
3076 2955 3163 3007 Ἐν
3217 2954 3341 3022 ἐμοὶ
3424 2954 3557 3023 γὰρ,
3604 2954 3758 3025 φησι,
3806 2956 3987 3024 μένει,

2419 3044 2575 3110 κάγὼ
2602 3046 2659 3094 ἐν
2686 3042 2866 3113 αὐτῷ⁸
2898 3064 2916 3096 ι
2957 3043 3051 3096 τοῦ
3075 3044 3308 3110 Χριστοῦ
3354 3043 3411 3096 δὲ
3443 3046 3499 3097 ιν
3558 3047 3689 3113 ημῖν
3731 3046 3988 3114 μένοντος

2416 3138 2557 3196 τίνος
2588 3134 2668 3187 ἔτι
2696 3135 2896 3203 δεήσει,
2924 3135 2977 3186 τί
3002 3134 3045 3187 δ’
3081 3134 3145 3187 ἂν
3176 3135 3284 3187 τῶν
3316 3137 3537 3202 ἀγαθῶν
3568 3139 3851 3207 διαφύγοις
3892 3141 3984 3193 Ἑν

2411 3229 2488 3295 τῷ
2523 3225 2742 3294 Χριστῷ
2771 3226 2826 3280 δὲ
2859 3226 3108 3294 μένοντες
3140 3227 3281 3289 τίνος
3306 3228 3722 3299 ἐπιθυμήσομεν
3775 3231 3942 3284 ἄλλου
3968 3249 3984 3297 ;

2413 3320 2505 3372 καὶ
2544 3316 2747 3379 ἔνοικός
2776 3318 2923 3369 ἐστιν
2958 3319 3089 3386 ἡμῖν
3116 3318 3211 3391 καὶ
3247 3319 3417 3381 οίκία,
3446 3319 3521 3381 ὡς
3563 3320 3826 3391 μακάριοι
3885 3322 3990 3390 μὲν

2412 3412 2508 3477 τῆς
2586 3411 2781 3471 οἰκίας,
2835 3410 3097 3479 μακάριοι
3151 3389 3206 3461 δὲ
3243 3411 3322 3463 ὅτι
3387 3411 3611 3480 τοιούτῳ
3683 3389 3992 3483 γεγόναμεν

2412 3502 2576 3555 οἰκία.
2610 3502 2675 3554 Τί
2709 3504 2816 3570 γὰρ
2855 3501 2964 3554 τῶν
2993 3500 3213 3566 ἀγαθῶν
3264 3502 3325 3552 οὐ
3391 3504 3624 3571 πάρεστι
3681 3506 3795 3559 τοῖς
3846 3504 3991 3559 οὕτω

2409 3593 2734 3656 διατεθεῖσις
2796 3593 2845 3645 τί
2873 3592 3047 3644 κοινὸν
3087 3593 3175 3644 καὶ
3212 3592 3509 3661 φαυλότητι
3581 3598 3692 3656 τοῖς
3749 3596 3989 3650 ἐνταῦθα

2411 3685 2722 3755 γενομένοις
2766 3684 3150 3754 λαμπρότητος
3176 3700 3192 3747 ;
3224 3683 3275 3735 τί
3319 3686 3433 3737 ποτ’
3460 3686 3528 3737 ἂν
3552 3688 3709 3755 σταίη
3752 3690 3992 3759 πονηρὸν

2412 3778 2545 3846 προς
2584 3774 2836 3827 τοσοῦτον
2865 3774 3040 3837 σωρὸν
3072 3772 3324 3838 ἀγαθῶν;
3356 3773 3407 3824 τί
3442 3774 3539 3842 μὲν
3570 3774 3742 3844 παρὸν
3781 3775 3991 3829 δύναιτ’

2414 3870 2479 3920 ἂν
2519 3866 2723 3936 μένειν,
2752 3865 2885 3917 τίδὲ
2915 3862 3053 3915 ἀπὸν
3112 3862 3329 3917 ίσγύσαι
3386 3868 3776 3931 προσαγαγεῖν,
3806 3867 3937 3919 ὅταν
3962 3868 3993 3919 ὁ

2411 3957 2639 4027 Χριστὸς
2664 3955 2835 4017 οὕτως
2866 3953 3109 4024 ἀκριϐῶς
3139 3955 3267 4021 ἡμῖν
3295 3956 3424 4021 συνῇ
3453 3954 3546 4005 καὶ
3574 3955 3642 4006 δι’
3665 3956 3801 4007 ὅλων
3829 3956 3991 4026 ἡμῶν

2412 4051 2559 4118 χωρῇ
2591 4049 2682 4100 καὶ
2715 4047 2898 4100 τᾶνδον
2944 4052 3118 4097 πάντα
3157 4046 3405 4113 κατέχων
3436 4047 3527 4098 καὶ
3555 4049 3683 4115 περὶ
3730 4048 3878 4115 ἡμᾶς
3912 4044 3987 4122 ᾖ,

2412 4142 2494 4192 Τὰ
2526 4139 2621 4208 μὲν
2652 4140 2761 4207 γὰρ
2811 4137 3009 4200 ἔξωθεν
3058 4138 3276 4188 ἐπιόντα
3333 4136 3463 4205 βέλη
3526 4135 3725 4189 κωλύει
3786 4137 3988 4205 ψαύειν

2413 4230 2567 4298 ἡμῶν
2594 4228 2930 4297 πανταχόθεν
2968 4225 3433 4295 προσεόλημένος,
3469 4225 3620 4277 οἰκία
3646 4227 3755 4293 γάρ
3801 4229 3951 4280 ἔστιν

2412 4317 2465 4369 εἴ
2489 4334 2542 4369 τι
2578 4315 2622 4367 δ’
2654 4316 2803 4367 εστιν
2835 4317 2853 4382 (
2872 4313 3052 4382 ἔνδον)
3078 4311 3301 4381 φαῦλον,
3326 4312 3687 4381 διωθούμενος
3737 4314 3991 4367 ἀπελαύ-

764 4410 931 4472 hibet,
968 4409 1326 4475 undecunque
1373 4418 1432 4459 se
1480 4404 1775 4471 objicicns;
1826 4410 2080 4462 estenim
2109 4413 2311 4478 donius,

2431 4429 2529 4475 νει,
2572 4410 2778 4469 ἔνοικος
2803 4407 2910 4474 γάρ
2937 4407 3053 4458 ἐστι
3083 4405 3261 4457 πᾶσαν
3292 4402 3486 4456 ἑαυτοῦ
3518 4404 3744 4474 πληρῶν
3782 4404 3882 4473 τὴν
3908 4408 3991 4458 oi-

758 4512 815 4557 et
864 4502 909 4558 si
943 4501 1076 4571 quid
1118 4501 1261 4554 intus
1285 4499 1535 4553 vitiosum
1584 4511 1687 4565 est,
1739 4500 1937 4567 disjicit
1974 4512 2027 4556 et
2057 4504 2317 4569 cXpellit;

759 4605 845 4650 est
870 4596 1017 4651 enim
1051 4595 1250 4655 incola,
1317 4602 1371 4649 et
1434 4595 1654 4649 domum
1702 4608 1855 4647 suam
1906 4601 2072 4648 totam
2111 4594 2313 4663 implet.

764 4686 883 4741 Non
905 4685 1047 4738 enim
1078 4682 1283 4750 aliquid
1310 4682 1449 4750 ejus,
1480 4683 1574 4736 sed
1604 4696 1725 4735 eum
1754 4682 1929 4750 ipsum
1954 4682 2314 4745 continemus,

762 4792 862 4833 nec
892 4774 1101 4829 radium
1133 4774 1363 4840 aliquem
1414 4785 1477 4825 ac
1534 4772 1735 4836 lmnen,
1787 4771 1881 4825 scd
1916 4771 2083 4825 solem
2137 4774 2313 4841 ipsum

766 4870 819 4924 in
852 4867 1063 4920 animas
1114 4865 1428 4932 recipimus,
1470 4873 1528 4918 ut
1582 4863 1944 4918 inhabitemus
1972 4871 2025 4918 et
2049 4863 2315 4918 inhabite-

767 4974 908 5021 mur,
945 4967 1004 5009 ut
1046 4955 1335 5007 induamur
1360 4961 1412 5007 et
1446 4950 1733 5006 induamus
1769 4961 1823 5005 et
1866 4956 2312 5019 permlsceamur,

762 5060 820 5106 et
852 5064 994 5103 unus
1024 5046 1249 5117 spiritus
1279 5060 1401 5098 cum
1426 5060 1491 5097 eo
1525 5042 1840 5097 evadamus.
1874 5042 2081 5096 Etenim
2134 5043 2312 5096 anima

766 5154 822 5197 el.
857 5156 1081 5207 corpus,
1110 5150 1164 5193 et
1196 5137 1482 5192 facultates
1513 5150 1705 5191 omnes
1743 5145 1962 5205 repente
2006 5135 2319 5204 spiritualcs

774 5232 1073 5294 exsistunt,
1104 5230 1362 5297 quoniam
1389 5227 1567 5280 anima
1613 5224 1829 5287 animae,
1867 5238 2063 5295 corpus
2082 5226 2316 5293 corpori,

762 5335 817 5378 et
844 5323 1071 5391 sanguis
1099 5318 1347 5387 sanguini
1376 5315 1651 5371 coalescit.
1690 5315 1829 5381 Quid
1854 5315 2018 5369 inde?
2051 5323 2312 5384 pmstazt-

763 5416 902 5467 tiora
935 5410 1233 5479 prmvalent
1267 5406 1671 5471 humilioribus,
1707 5420 1760 5458 et
1789 5419 1818 5458 a
1848 5403 2046 5458 divinis
2075 5404 2311 5457 humana

762 5510 1118 5572 superantur,
1205 5499 1456 5568 quodque
1523 5497 1589 5551 de
1643 5495 2042 5550 resurrectione
2109 5493 2310 5548 Paulus

2424 4506 2569 4558 κίαν.
2601 4502 2675 4554 Οὐ
2740 4503 2846 4571 γάρ
2880 4500 3063 4553 τιτῶν
3090 4499 3277 4563 αὑτοῦ,
3307 4497 3426 4551 ἀλλ’
3473 4498 3635 4551 αὐτὸν
3665 4500 3989 4569 μετέχομεν,

2420 4594 2542 4646 οὔδε
2572 4592 2765 4645 ἀκτῖνά
2797 4608 2916 4644 τινα
2947 4593 3040 4644 καὶ
3076 4590 3211 4658 φῶς,
3266 4590 3401 4644 ἀλλὰ
3455 4591 3547 4642 τὶν
3585 4590 3768 4643 δίσκον
3826 4594 3991 4646 αυτὸν

2422 4685 2539 4745 ταῖς
2568 4681 2765 4750 ψυχαῖς
2793 4679 3082 4751 δεχόμεθα,
3110 4678 3253 4738 ὥστε
3283 4680 3378 4732 καὶ
3402 4678 3622 4746 οἰκῆσαι
3673 4682 3767 4731 καὶ
3828 4682 3992 4733 εἰσοι-

2424 4773 2674 4825 κίσασθαι
2728 4776 2822 4824 καὶ
2857 4770 2915 4823 ἓν
2955 4769 3169 4838 πνεῦμα
3195 4770 3466 4838 γενέσθαι.
3512 4770 3618 4822 Καὶ
3668 4770 3777 4840 γὰρ
3840 4772 3990 4842 ψυχὴ

2424 4862 2700 4930 καὶσῶμα
2740 4861 2834 4912 καὶ
2867 4861 3037 4912 πᾶσαι
3084 4860 3346 4928 δυνάμεις
3374 4859 3571 4913 αὐτίκα
3619 4865 3988 4930 πνευματικὰ,

2421 4956 2503 5006 ὅτι
2540 4952 2684 5022 ψυχὴ
2706 4952 2815 5021 -μὲν
2841 4951 3007 5021 ψυχῇ,
3046 4949 3205 5019 σῶμα
3236 4949 3294 5003 δὲ
3330 4950 3565 5018 σώματι,
3597 4952 3691 5004 καὶ
3727 4946 3868 5018 αἷμα
3896 4953 3987 5007 ατ-

2426 5061 2555 5113 ματι
2613 5042 3027 5112 μίγνυται-καὶ
3084 5041 3136 5093 τί
3199 5040 3260 5092 τὸ
3318 5038 3613 5104 ἐντεῦθεντ
3671 5040 3741 5093 τὰ
3791 5042 3989 5111 βελτίω

2425 5134 2657 5205 κρείττω
2686 5132 2795 5185 τῶν
2829 5131 3125 5185 ἔλαττόνων
3152 5130 3249 5184 καὶ
3279 5133 3347 5183 τὰ
3396 5130 3516 5183 θεῖα
3557 5130 3665 5183 τῶν
3710 5131 3989 5201 ἀνθρωπί-

2425 5242 2531 5277 νων
2586 5223 2909 5291 ὲπικρατεῖο
2942 5222 3033 5275 καί
3058 5222 3098 5277 ’ὅ
3135 5239 3267 5292 φησι
3310 5224 3438 5291 περὶ
3493 5223 3588 5285 τῆς
3637 5224 3989 5289 ἀναστάσεως

2428 5315 2655 5373 Παῦλος,
2691 5331 2709 5363 ι
2737 5313 2811 5364 Th
2872 5312 3065 5381 θνητὸν
3101 5313 3206 5364 ὑπὸ
3260 5313 3356 5383 τῆς
3402 5313 3547 5381 ζωῆς
3569 5314 3983 5377 καταπίνεται.»

2420 5407 2479 5457 τὸ
2516 5404 2570 5456 δὲ
2604 5404 2756 5473 ἑξῆς·
2790 5423 2805 5453 ι
2833 5404 2920 5457 Ζῶ
2948 5403 3005 5455 δὲ
3035 5402 3216 5457 οὐκέτι
3249 5406 3380 5472 ἐγὼ,
3407 5404 3562 5473 φησι,
3600 5404 3665 5475 ζῇ
3691 5402 3747 5457 δὲ
3773 5406 3832 5458 ἑν
3861 5408 3988 5476 ἐμοὶ

2418 5495 2672 5562 Χριστός.
2705 5514 2723 5545 ι

760 5598 1003 5667 scripsit:
1034 5612 1052 5644 ι
1079 5593 1673 5647 Mortaleabsorbetura
1693 5591 1800 5645 vita
1815 5590 1880 5642 ".
1909 5608 1927 5639 ι
1956 5590 2027 5646 De
2053 5600 2247 5644 caetero
2270 5610 2281 5641 :
2312 5609 2327 5640 ι
2352 5591 2483 5645 Vivo
2506 5590 2616 5660 jam
2645 5604 2747 5642 nou
2768 5604 2890 5658 ego,
2913 5590 3105 5658 inquit,
3130 5589 3263 5644 vivit
3282 5605 3406 5643 vero
3429 5591 3478 5643 in
3506 5605 3589 5645 me
3603 5589 3857 5648 Christus
3878 5595 3981 5647 ³⁸.»

832 5778 878 5809 ’⁸
907 5777 925 5828 ι
962 5776 1083 5829 Cor.
1111 5789 1193 5835 nt,
1214 5771 1276 5825 5.

1343 5771 1395 5801 ³³
1429 5768 1581 5824 Juuu.
1612 5786 1682 5823 νι.
1712 5770 1798 5822 57.
1875 5770 1918 5800 "
1950 5769 1987 5820 ll
2031 5771 2152 5822 Cor.
2198 5786 2243 5831 ν,
2272 5770 2319 5823 ι.
2399 5771 2443 5802 ³⁸
2478 5770 2648 5823 ϐειὶειι.
2695 5784 2751 5831 ιι,
2776 5770 2863 5821 ΞίΟ.
