4154 6308
207 337 324 402 εδδ

1243 343 1342 403 DE
1383 343 1556 404 VITA
1591 341 1671 402 IN
1700 339 2032 402 CHRISTO
2071 341 2217 404 LIB.
2269 342 2368 400 IV.

3356 334 3461 398 586

287 457 352 507 Ὠ
405 456 496 508 τοῦ
576 456 840 525 μεγέθους
894 456 1002 508 τῶν
1084 457 1434 526 μυστηρίωνί
1493 445 1616 510 όῖον
1672 458 1776 524 γάρ

1951 453 1995 509 O
2026 456 2409 525 mysteriorum
2442 451 2890 520 magnitudinem!
2919 451 3191 516 Quantum
3209 459 3287 504 cst
3312 454 3457 505 enim

209 548 336 601 ἐστι
387 548 476 601 τὸν
537 549 630 602 τοῦ
691 551 925 618 Χριστοῦ
993 549 1115 602 νοῦν
1167 550 1244 616 τῷ
1272 549 1524 624 ἡμετέρῳ
1584 550 1784 618 συμμί-

210 640 306 705 ξαι
344 640 440 708 νῷ,
482 644 574 692 καὶ
633 641 848 711 θελήσει
880 641 1094 702 θέλησιν
1119 642 1330 711 ἐκείνην
1363 645 1452 695 καὶ
1485 642 1641 710 σῶμα
1682 642 1783 693 σώ-

213 748 350 798 ματι
383 733 478 784 καὶ
517 731 652 800 αἷμα
681 734 870 800 αἵματι
903 733 1265 802 κερασθῆναι·
1297 727 1407 795 οἷος
1470 733 1568 802 μὲν
1608 736 1632 784 ὁ
1655 733 1779 794 νοῦς

211 823 350 888 ἡμῖν
382 823 473 874 τοῦ
501 823 644 875 θείου
681 825 1198 893 κατακρατήσαντος
1227 826 1338 890 νοῦ,
1372 825 1462 877 οἵα
1517 825 1570 876 δὲ
1608 825 1633 894 ἡ
1695 823 1782 874 θέ-

212 912 371 979 λησις
409 913 506 982 τῆς
539 913 812 981 μακαρίας
840 913 1115 982 θελήσεως
1162 914 1618 984 περιγενομένης,
1672 906 1780 975 οἷος

211 1000 271 1052 δὲ
309 1002 436 1069 χοῦς
490 1002 584 1054 τοῦ
625 1003 790 1070 πυρὸς
844 1004 1334 1074 ὑπερνενικηκότος
1393 1004 1633 1056 ὲκείνουί
1679 1003 1784 1054 Καὶ

216 1093 329 1161 μὴν
360 1093 442 1146 ὅτι
486 1093 656 1145 ταῦτα
695 1093 840 1147 οῦτω
898 1095 1186 1162 συμόαίνει
1246 1094 1488 1147 δείκνυσι
1554 1094 1781 1157 Παῦλος,

214 1183 344 1234 οὔτε
379 1183 501 1234 νοῦν
525 1184 684 1246 αὑτδς
717 1185 859 1253 ἔχειν
899 1183 986 1236 τὸν
1012 1184 1211 1240 ἑαυτοῦ
1258 1185 1382 1237 οὔτε
1415 1184 1628 1254 θέλησιν
1687 1185 1787 1251 φά-

218 1291 368 1328 σκων
389 1275 512 1328 οὔτε
544 1276 714 1344 ζωὴν,
743 1276 876 1331 ἀλλὰ
919 1278 1092 1329 πάντα
1136 1275 1308 1330 ταῦτα
1331 1276 1481 1346 αὑτῷ
1532 1275 1784 1344 γενέσθαι

215 1365 474 1432 Χριστόν
502 1368 598 1419 καὶ
667 1367 797 1436 γὰρ,
852 1385 869 1416 ι
893 1367 1036 1419 Νοῦν
1073 1367 1308 1435 Χριστοῦ
1373 1367 1591 1437 ἔχομεν,
1618 1383 1636 1418 ι
1671 1367 1783 1430 καλ,

225 1473 245 1506 ι
275 1457 519 1525 Δοκιμὴν
573 1457 808 1524 ζητεῖτε,
869 1457 1024 1526 φησὶ,
1090 1457 1184 1509 τοῦ
1223 1458 1280 1510 ὲν
1332 1458 1456 1526 ἐμοὶ
1503 1457 1788 1520 λαλοῦντος

217 1547 261 1597 Χ
279 1547 485 1614 ριστοῦ,
502 1569 519 1598 ο
562 1549 679 1609 καὶ,
707 1547 888 1599 ιΔοκῶ
907 1547 1128 1616 Πνεῦμα
1147 1548 1278 1601 Οεοῦ
1298 1547 1464 1616 ἔχειν,
1493 1567 1509 1599 ι
1535 1549 1646 1614 καὶ,
1669 1549 1789 1600 (Φι-

216 1637 296 1688 λῶ
328 1639 469 1705 ὑμᾶς
503 1640 560 1688 ὲν
596 1638 885 1704 σπλάγνοις
928 1637 1100 1707 Ἰησοῦ
1133 1639 1392 1709 Χριστοῦ’
1427 1638 1600 1692 »οὸθεν
1631 1639 1787 1705 δῆλος

217 1723 283 1795 ἦν
314 1728 414 1797 τὴν
447 1729 611 1799 αὐτὴν
642 1730 834 1799 ἐκείνῳ
862 1730 1075 1800 θέλησιν
1113 1728 1250 1800 ἔχων
1270 1747 1284 1763 ο
1317 1731 1411 1784 καὶ
1431 1731 1606 1784 πάντα
1664 1745 1790 1782 συν-

1887 546 2091 600 Christi
2125 555 2361 599 mentem
2395 559 2459 598 ac
2489 559 2712 598 sensum
2760 556 2960 598 nostrae
2992 544 3159 597 menti
3193 545 3459 612 copulari,

1888 647 1940 690 et
1989 637 2250 691 voluntati
2302 646 2503 690 nostra:
2555 636 2704 690 illius
2762 636 3121 697 toluntatem,
3159 644 3211 689 ct
3259 651 3461 704 corpus

1886 725 2029 778 illius
2050 733 2241 778 nostro
2264 722 2478 790 corpori
2513 723 2834 776 admisct-ri'!
2859 722 3044 787 Qualis
3063 733 3248 777 nostra
3281 739 3459 788 mens,

1886 815 2065 869 divma
2097 823 2274 868 mente
2312 814 2590 868 obtinente
2612 815 2933 882 imperium!
2968 814 3154 880 Qualis
3188 817 3460 884 voluntas,

1886 907 2042 961 beata
2089 906 2179 960 illa
2225 906 2504 960 voluntate
2558 917 2877 974 superante.
2945 907 3136 972 Qualis
3170 919 3332 974 terra,
3394 913 3462 964 ab

1887 999 2008 1067 igne
2037 998 2127 1052 illo
2163 1000 2318 1066 longe
2349 1000 2512 1051 victa.
2547 995 2670 1051 Haec
2695 1011 2858 1064 porro
2889 998 2958 1051 ita
2994 1001 3214 1054 evenire
3258 1001 3460 1054 Paulus

1886 1088 2227 1152 testificatur,
2278 1086 2407 1140 dum
2463 1100 2521 1139 se
2559 1101 2658 1140 nec
2705 1096 2938 1139 mentem
2988 1103 3050 1140 ac
3087 1098 3332 1152 sensum,
3363 1105 3462 1143 nec

1886 1180 2240 1244 \oluntatem,
2278 1193 2376 1234 nec
2405 1178 2568 1230 vitam
2612 1193 2764 1231 suam
2804 1178 3022 1241 habere,
3065 1181 3158 1234 sed
3193 1181 3308 1234 haec
3340 1197 3463 1234 om-

1887 1271 1974 1324 nia
1995 1270 2270 1326 Christum
2293 1272 2394 1325 sibi
2431 1270 2634 1326 factum
2667 1286 2787 1326 esse
2822 1272 3128 1327 confirmat.
3158 1275 3244 1327 Ait
3275 1275 3418 1328 enim
3445 1291 3458 1326 :

1893 1362 2031 1416 «Nos
2067 1377 2288 1416 sensum
2321 1362 2521 1416 Christi
2556 1363 2878 1416 habemus"
2903 1379 2917 1426 ;
2947 1382 2964 1414 ι
2995 1372 3067 1429 ct,
3100 1382 3118 1414 ι
3147 1367 3227 1418 Αη
3259 1369 3466 1437 experi-

1890 1440 2130 1507 mentum
2172 1452 2416 1520 quaeritis
2447 1452 2589 1520 ejus.
2620 1452 2713 1521 qui
2773 1453 2827 1506 in
2879 1468 2965 1506 me
3017 1453 3262 1522 loquitur
3303 1456 3466 1509 Chri-

1889 1553 2007 1598 stus
2031 1543 2074 1573 ¹⁸
2098 1544 2121 1596 ?
2141 1543 2202 1595 Et
2233 1560 2248 1595 :
2281 1543 2448 1597 iPuto
2477 1552 2660 1597 autem
2683 1544 2828 1611 quod
2870 1551 2924 1596 et
2953 1557 3054 1612 ego
3084 1542 3347 1612 Spiritum
3371 1546 3463 1600 Dei

1889 1635 2116 1688 habeam
2143 1635 2231 1699 ”;
2271 1653 2289 1685 ι
2345 1643 2401 1687 et
2437 1651 2449 1686 :
2485 1652 2500 1683 ι
2527 1633 2696 1701 Diligo
2734 1649 2828 1688 vos
2881 1635 2933 1687 in
2984 1635 3284 1692 Visceribus
3331 1637 3462 1691 Jcsu

1890 1723 2090 1778 Christi
2118 1723 2205 1789 '°;
2243 1741 2260 1775 ι
2301 1739 2368 1778 ex
2415 1737 2526 1791 quo
2557 1731 2723 1791 patet,
2784 1723 2833 1776 ei
2875 1739 3143 1776 summam
3193 1742 3316 1778 cum
3372 1725 3465 1779 illo

215 1819 378 1882 ελὼν,
420 1839 437 1870 ι
477 1821 561 1872 Ζῶ
593 1821 648 1872 δὲ
673 1820 856 1873 οὐκέτι
886 1822 1014 1888 ἐγὼ,
1044 1821 1196 1892 φησὶ,
1230 1820 1295 1891 ζῇ
1337 1822 1392 1874 δὲ
1422 1823 1480 1874 έν
1506 1821 1627 1891 ἐμοὶ
1655 1820 1787 1887 Χρι-

1895 1815 2228 1869 voluntatem
2294 1817 2828 1884 consensionemque
2859 1815 3028 1869 fuisse
3070 1817 3120 1870 in
3156 1819 3415 1873 omnibus
3447 1835 3462 1871 :

217 1912 368 1972 στός.
395 1929 413 1960 ι
443 1910 598 1964 Οὕτω
636 1913 842 1965 τέλειόν
868 1913 980 1966 ἐστι
1020 1915 1319 1982 μυστήριον
1362 1913 1582 1982 τελετῆς
1641 1913 1785 1964 ἀπά-

217 2017 324 2069 σης
355 2001 722 2069 διαφερόντως
760 2004 856 2056 καὶ
899 2004 1005 2056 τῶν
1053 2003 1275 2071 ἀγαθῶν
1322 2003 1409 2056 ἔπ’
1455 2003 1625 2073 αὑτὴν
1665 2003 1787 2069 ἀγει

215 2091 320 2158 τὴν
361 2091 624 2159 κορυφὴν,
662 2093 784 2144 ἐπεὶ
807 2093 902 2147 καὶ
937 2093 1116 2165 πάσης
1173 2090 1520 2162 ἀνθρωπείας
1552 2092 1788 2161 σπουδῆς

215 2181 452 2233 ἐνταῦθα
481 2182 544 2252 δὴ
579 2182 638 2234 τὸ
663 2183 891 2252 ἔσχατον
919 2185 1089 2244 τέλος.
1124 2181 1262 2236 Οεοῦ
1299 2181 1406 2251 γὰρ
1437 2182 1603 2236 αὑτοῦ
1661 2198 1790 2249 τυγ-

215 2271 455 2338 χάνομεν
486 2275 543 2324 ἐν
572 2273 718 2340 αὑτῷ
751 2275 846 2327 καὶ
880 2273 1012 2336 Οεὸς
1033 2276 1164 2342 ἡμίν
1199 2272 1414 2327 ἑνοῦται
1463 2274 1561 2340 τὴν
1592 2272 1789 2324 ἕνωσιν

214 2360 318 2429 τὴν
348 2361 680 2432 τελεωτάτην
709 2381 722 2396 ·
750 2363 846 2417 τοῦ
881 2365 989 2434 γὰρ
1020 2364 1078 2417 ἓν
1110 2365 1324 2433 πνεῦμα
1353 2364 1492 2434 μετὰ
1525 2362 1619 2414 τοῦ
1651 2363 1789 2416 Θεοῦ

214 2452 494 2519 γενέσθαι,
517 2455 600 2517 τίς
634 2455 699 2508 ἂν
739 2455 1106 2526 ἀκριόεστέρα
1137 2455 1344 2523 γένοιτο
1378 2457 1620 2526 συναφὴ;

292 2729 392 2776 Διά
416 2724 592 2778 ταῦτα
634 2725 864 2786 καὶτοῖς
891 2724 1069 2788 ἄλλοις
1103 2724 1427 2794 μυστηρίοις
1465 2716 1529 2777 τό
1565 2722 1792 2785 τελείοις

222 2811 363 2867 εἶναι
389 2817 684 2884 παρέχεται
744 2816 878 2886 μόνη
920 2815 1150 2870 τελετῶν
1191 2817 1222 2888 ἡ
1284 2815 1655 2885 Εὑχαριστίαο
1701 2815 1793 2868 καλ⁵

224 2905 412 2976 βοηθεῖ
449 2906 545 2973 μὲν
598 2906 781 2970 αὑτοῖς
805 2906 935 2975 παρ’
960 2905 1089 2958 αὑτὸ
1137 2906 1196 2958 τὸ
1253 2905 1527 2962 τελεῖσθαι
1577 2903 1794 2957 τελέσαι

223 3000 302 3067 μὴ
341 2998 659 3064 δυναμένοις
701 2998 871 3068 χωρὶς
918 2997 1104 3066 αὑτῆς,
1163 2996 1350 3067 βοηθεῖ
1401 2996 1458 3050 δὲ
1509 2996 1648 3066 μετᾶ
1696 2996 1794 3064 τὴν

220 3090 505 3146 τελείωσιν
566 3091 622 3142 ἒν
677 3092 790 3152 τοῖς
828 3087 1184 3152 τελεσθεῖσιν,
1234 3088 1451 3141 ἐπειδὰν
1507 3086 1795 3156 ἁμαρτιῶν

224 3183 408 3236 σκότει
448 3182 546 3248 τὴν
573 3181 681 3233 ἀπὸ
710 3179 820 3232 τῶν
857 3177 1177 3248 μυστηρίων
1207 3178 1404 3231 ἀκτῖνα
1438 3175 1793 3246 συγχεθεῖσαν

220 3271 614 3326 ἀνακαλεῖσθαι
701 3271 894 3340 δεήσῃ.
953 3269 1026 3321 Τὸ
1077 3267 1188 3337 γὰρ
1269 3267 1621 3328 ἐκλείποντας
1699 3266 1794 3319 καὶ

223 3363 624 3433 νεκρουμένους
647 3361 950 3431 ἁμαρτίαις
980 3358 1136 3422 αὖθις
1179 3356 1639 3419 ἀναειὼσκεσθαι,
1693 3357 1791 3426 μόο

221 3473 321 3525 νης
343 3455 442 3523 τῆς
467 3454 745 3525 τραπέζης
776 3452 938 3521 ἔργον
953 3451 1050 3520 τῆς
1085 3451 1257 3519 ἱερᾶς.
1288 3450 1362 3503 Οὑ
1388 3449 1495 3519 γὰρ
1531 3451 1675 3502 ἐστιν
1703 3451 1794 3503 ἀν-

221 3548 477 3617 θρωπεία
504 3547 733 3614 δυνάμει
763 3546 856 3596 τὸν
882 3543 1166 3612 ἄνθρωπον
1197 3541 1493 3609 ἀναστῆναι
1536 3543 1790 3606 πεσόντα,

221 3637 348 3690 οὑδὲ
392 3636 593 3688 κακίαν
628 3633 934 3704 ἀνθρώπων
969 3632 1283 3702 ἀνθρωπεία
1316 3632 1543 3700 λυθῆναι
1592 3633 1794 3685 δικαιο-

224 3729 362 3796 σύνῃ
383 3741 396 3755 ’
425 3724 486 3778 τὸ
519 3725 627 3796 γὰρ
661 3726 996 3795 ἁμαρτάνειν
1026 3725 1105 3784 είς
1138 3723 1299 3776 αὑτὸν
1355 3725 1446 3776 τὸν
1476 3723 1608 3776 Οεδν
1638 3724 1792 3793 φέρει

221 3815 322 3884 τὴν
374 3812 532 3883 ὕϐριν
555 3833 566 3845 ·
600 3832 617 3865 ι
643 3813 742 3866 Διά
774 3813 874 3882 τῆς
911 3811 1276 3882 παραῦάσεως
1311 3812 1437 3880 γὰρ,
1494 3813 1646 3881 φησὶ,
1697 3812 1792 3864 τοῦ

225 3909 400 3975 νόμου
452 3905 544 3958 τὸν
608 3906 741 3958 om
795 3905 1102 3973 ἀτιμάζεις,
1141 3923 1159 3956 ι
1194 3904 1286 3956 καὶ
1334 3885 1428 3956 ίδεῖ
1489 3903 1789 3973 μείζονοςῆ

225 3997 373 4052 κατὰ
433 3996 718 4064 ἄνθρωπον
747 3984 974 4064 ἀρετῆς,
1011 3996 1043 4065 ἢ
1085 3994 1147 4047 τὺ
1202 3995 1454 4064 ἔγκλημα
1507 3992 1793 4062 δυνήσεται

221 4089 408 4141 λῦπαι.
441 4088 544 4140 Τὸν
574 4086 988 4155 γάρῒλάχιστον
1024 4086 1105 4147 είς
1130 4085 1221 4137 τὸν
1269 4084 1528 4153 μέγιστον
1577 4081 1793 4152 ὑϐρίσαι

227 4180 331 4250 μὲν
364 4179 600 4247 μάλιστα
651 4179 744 4231 καὶ
775 4177 1140 4247 διαφερόντως
1200 4177 1443 4245 εὐχερὲς,
1486 4173 1794 4244 ἀντισηκῶ-

226 4287 318 4323 σαι
355 4270 410 4322 δὲ
444 4272 578 4338 τιμῇ
616 4269 715 4337 τὴν
748 4267 905 4339 ὓϐριν
938 4269 1245 4338 ἀμήχανον,
1272 4257 1368 4320 καὶ
1422 4265 1635 4334 μάλισθ’
1667 4266 1794 4316 ὅταν

223 4364 432 4425 ἐκεῖνος
463 4361 675 4414 πολλῶν
711 4362 811 4432 μὲν
859 4360 1139 4429 ὀφειλέτην
1191 4361 1290 4431 ἔχῃ
1356 4356 1445 4408 τὸν
1510 4355 1791 4426 ὑϐρικότα,

1901 1904 2069 1960 «Vivo
2095 1917 2274 1960 autem
2303 1907 2414 1975 jam
2446 1919 2553 1960 non
2581 1922 2702 1975 ego,
2732 1907 2931 1988 inquit,
2967 1908 3102 1962 vivit
3135 1925 3265 1964 vero
3297 1911 3349 1964 in
3379 1927 3466 1966 me

1893 1998 2196 2053 Christusa
2235 1998 2385 2053 Adeo
2424 1997 2728 2067 perfectum
2773 2009 2854 2053 est
2898 1999 3002 2053 hoc
3055 2011 3465 2056 sacramentum

1893 2101 1947 2142 et
1978 2090 2125 2143 omni
2175 2098 2524 2144 sacramento
2566 2088 2947 2152 excellentius,
3003 2089 3272 2146 bonorum
3319 2092 3470 2147 fasti-

1897 2180 2049 2248 gium
2097 2187 2153 2233 et
2186 2179 2396 2248 apicem
2431 2179 2799 2247 complectens
2833 2196 2847 2245 ;
2904 2180 3173 2249 siquidem
3209 2190 3262 2236 et
3287 2184 3466 2238 omnis

1899 2271 2150 2323 humana:
2180 2269 2462 2324 industriae
2496 2269 2621 2323 ﬁnis
2654 2270 2883 2325 ultimus
2917 2269 3003 2326 hic
3034 2274 3324 2342 reperitur.
3361 2276 3469 2330 Dco

1897 2363 2042 2416 enim
2077 2361 2195 2430 ipso
2229 2364 2281 2414 in
2310 2364 2493 2431 seipso
2556 2362 2818 2430 petimur.
2855 2371 2910 2418 et
2943 2363 3089 2420 Deus
3136 2367 3296 2422 nobis
3339 2383 3469 2423 con—

1893 2451 2181 2522 junctione
2233 2452 2648 2508 absolutissima
2703 2455 3078 2524 conjungitur.
3118 2458 3295 2512 Unum
3323 2461 3468 2514 enim

1897 2556 2022 2596 cum
2077 2541 2188 2596 Deo
2237 2543 2490 2610 spiritum
2535 2541 2694 2611 eilici,
2740 2544 2872 2614 quid
2923 2547 3025 2600 hac
3064 2550 3473 2606 consociatione

1901 2633 2076 2701 possit
2095 2647 2214 2688 esse
2239 2631 2530 2702 perfectius
2555 2635 2578 2686 ?

1969 2723 2150 2791 Quare
2176 2733 2229 2778 et
2254 2725 2375 2779 aliis
2408 2727 2768 2782 sacramentis
2803 2730 3191 2798 perfectionem
3222 2739 3336 2788 sola
3363 2733 3474 2790 Eu-

1901 2813 2158 2867 charistia
2209 2814 2481 2882 impertit,
2514 2829 2686 2885 eaque
2723 2816 2986 2886 adjuvat,
3025 2821 3154 2873 dum
3209 2823 3429 2876 initiant
3456 2863 3471 2887 ,

1901 2900 2344 2974 quandoquidem
2387 2905 2504 2960 sine
2537 2921 2600 2960 ea
2636 2908 2876 2976 perfecte
2904 2925 3010 2962 non
3043 2911 3282 2966 initiant.
3312 2912 3474 2970 Juvat

1902 2993 2065 3046 etiam
2096 2982 2394 3054 secundum
2426 2996 2780 3052 initiationem
2809 3000 2860 3052 in
2893 2999 3028 3068 ipsis
3058 3003 3305 3070 initiatis,
3343 3020 3469 3060 cum

1905 3083 2116 3138 radium
2147 3099 2177 3138 e
2209 3085 2567 3141 sacramentis
2599 3097 2944 3144 etnanantem
2972 3130 2985 3151 ,
3034 3100 3086 3144 et
3118 3101 3469 3160 peccatorum

1899 3175 2136 3230 tenebris
2170 3189 2501 3245 Oppressum
2548 3190 2876 3248 recuperare
2903 3195 3040 3249 opus
3067 3192 3170 3236 est.
3201 3183 3338 3239 Nam
3369 3187 3468 3241 de-

1896 3266 2138 3322 ﬁcientes
2184 3276 2238 3322 et
2281 3268 2579 3323 sceleribus
2641 3271 2940 3327 exstinctos
2977 3273 3042 3326 ad
3087 3274 3251 3329 vitam
3309 3292 3474 3331 revo-

1895 3374 2038 3423 care,
2069 3359 2230 3413 unius
2265 3374 2432 3415 sacrae
2463 3375 2664 3417 mensae
2701 3377 2899 3416 munus
2931 3374 3031 3416 cst.
3069 3362 3245 3420 Homo
3272 3349 3474 3438 quippe

1895 3450 2082 3520 lapsus
2117 3466 2220 3504 non
2254 3461 2434 3520 p0test
2482 3453 2739 3507 humanis
2770 3455 2979 3507 viribus
3029 3457 3185 3523 erigi,
3221 3472 3321 3512 nec
3372 3460 3474 3512 im-

1896 3541 2142 3608 probitas
2189 3539 2475 3595 hominum
2525 3543 2763 3597 humana
2807 3544 3016 3612 justitia
3068 3547 3300 3614 expiari.
3335 3547 3470 3602 Nam

1895 3646 2144 3700 peccare,
2206 3645 2295 3685 res
2342 3632 2398 3684 in
2442 3632 2620 3700 ipsum
2659 3633 2832 3694 Deum
2886 3636 3287 3691 contumeliosa
3339 3647 3473 3692 est:

1901 3741 1919 3773 ι
1961 3722 2062 3776 Per
2094 3721 2598 3790 praevaricationem
2636 3724 2784 3780 enim
2842 3724 2993 3791 legis,
3052 3726 3247 3795 inquit,
3303 3728 3472 3786 Deum

1897 3813 2199 3867 inhonoras
2233 3814 2298 3866 ³¹.
2338 3831 2356 3865 ι
2397 3813 2464 3867 Ει
2495 3815 2670 3882 major
2715 3815 2987 3884 quaedam,
3025 3831 3188 3884 quam
3239 3835 3336 3887 pro
3374 3822 3476 3874 ho-

1897 3906 2041 3959 mine
2070 3905 2242 3959 virtus
2290 3905 2548 3975 exigitur,
2581 3923 2703 3974 qua:
2748 3909 2956 3963 crimen
3015 3911 3256 3967 aboleat.
3299 3913 3467 3967 Mini-

1896 4013 2044 4050 mum
2082 3997 2224 4050 enim
2250 3997 2512 4051 adversus
2581 3999 2878 4052 maximum
2908 4016 2967 4055 se
2999 4001 3263 4070 injuriose
3291 4018 3355 4057 ac
3387 4019 3475 4070 pe-

1897 4090 2133 4143 tulanter
2180 4104 2391 4158 gerere,
2430 4089 2666 4143 immane
2717 4099 2980 4158 quantum
3021 4103 3105 4148 est
3139 4093 3318 4149 facile.
3362 4095 3469 4148 Sed

1896 4181 2249 4250 petulantiam
2283 4183 2424 4236 hanc
2474 4191 2526 4234 ct
2551 4181 2808 4250 injuriam
2839 4186 2952 4251 pari
2982 4184 3189 4239 honore
3221 4201 3478 4256 compen-

1895 4284 2039 4333 sare,
2077 4272 2179 4324 hoc
2208 4285 2337 4324 vero
2364 4285 2528 4324 nemo
2554 4282 2749 4339 potest,
2776 4276 3080 4341 praesertim
3104 4277 3147 4330 si
3176 4277 3474 4346 injuriosus

1897 4361 2128 4428 plurium
2180 4361 2255 4414 illi
2323 4362 2534 4415 debitor
2577 4360 2764 4426 fuerit,
2793 4375 2848 4418 et
2911 4366 3135 4434 quidem
3187 4377 3296 4422 tam
3339 4369 3476 4424 insi-

224 4451 480 4506 τοσοῦτον
512 4452 568 4503 δὲ
623 4451 892 4522 ὑπερέχῃ,
928 4450 1003 4512 ὡς
1065 4449 1200 4520 μηδὲ
1259 4450 1456 4519 μέτρον
1505 4443 1645 4501 εἶναι
1696 4447 1790 4499 τοῦ

1902 4452 2108 4520 gnium,
2139 4461 2193 4505 ttt
2222 4467 2289 4506 ne
2319 4452 2532 4506 dimidii
2566 4454 2787 4522 quidem
2821 4456 2928 4511 ulla
2961 4474 3214 4512 mensura
3250 4461 3342 4515 sit.
3369 4461 3474 4515 Ne-

227 4550 424 4614 μέσου.
481 4544 591 4599 Καὶ
620 4545 729 4612 γὰρ
784 4544 1023 4612 ἀνάγκη,
1063 4542 1124 4595 τὸ
1150 4543 1404 4611 ἔγκλημα
1443 4541 1637 4593 λύοντα
1699 4541 1795 4595 καὶ

225 4639 328 4708 τὴν
372 4639 762 4708 ἀπενεχθεῖσαν
852 4637 1022 4706 τιμὴν
1077 4634 1530 4704 ἀποκαταστῆσαι
1567 4633 1644 4704 τῷ
1703 4649 1799 4686 πε·-

231 4731 619 4797 παρῳνημένῳ
636 4726 902 4796 ζητοῦντα
943 4727 1113 4780 πλείω
1134 4727 1243 4779 τῶν
1295 4725 1659 4794 ὀφειλομένων
1687 4723 1796 4775 εισ-

232 4820 512 4886 ενεγκεῖν,
537 4819 605 4871 τὰ
641 4818 740 4887 μιν
769 4819 1106 4882 ἀποδιδόντα,
1157 4817 1226 4870 τὰ
1274 4818 1318 4870 δ’
1361 4817 1418 4882 ἐξ
1464 4815 1792 4885 ἀντιρῤὁπου

233 4913 365 4991 περὶ
395 4906 469 4965 ὧν
501 4913 726 4982 ἠδίκησέ
778 4911 1138 4982 προστιθέντα
1161 4925 1175 4939 ⁸
1207 4903 1250 4977 ᾧ
1276 4910 1332 4965 δὲ
1361 4911 1462 4963 οὑκ
1498 4907 1644 4960 ἔστιν
1686 4904 1794 4958 οὐδ’

230 5006 399 5072 ἔγγὺς
434 5003 717 5073 ἐφικέσθαι
743 5003 850 5056 τῶν
883 5003 1204 5072 γινομένων,
1232 5000 1312 5064 τίς
1358 5000 1425 5053 ἂν
1477 4999 1684 5066 γένοιτο
1728 4995 1796 5049 τὰ

235 5096 407 5165 μείζω
444 5094 656 5148 διώκων
681 5110 697 5160 ;

304 5189 403 5240 Διὰ
436 5187 612 5241 ταῦτα
638 5185 739 5240 οὑκ
772 5180 842 5254 ἦν
874 5183 1063 5237 οὐδένα
1118 5179 1423 5250 ἀνθρώπων
1475 5177 1652 5246 ἑαυτῷ
1707 5177 1798 5229 τὸν

232 5276 367 5329 Θεὸν
404 5276 738 5339 καταλλάξαι
772 5274 872 5344 τὴν
918 5270 1109 5326 ἑαυτοῦ
1163 5271 1509 5337 δικαιοσύνην
1558 5270 1796 5334 εἰσενεγ-

232 5367 567 5430 κόντα,ὁθεν
601 5365 774 5419 οῦτεό
831 5363 1056 5424 παλαιὸς
1120 5363 1282 5431 νόμος
1346 5359 1579 5429 ἐδυνήθη
1642 5357 1798 5410 λῦσαι

231 5457 330 5526 τὴν
370 5455 593 5524 ἔχθραν,
621 5456 746 5507 οῦτε
771 5456 880 5515 τοῖς
924 5453 982 5504 ὲν
1012 5451 1193 5520 χάριτι
1232 5449 1364 5512 ζῶσι
1400 5449 1534 5516 πρὸς
1565 5445 1662 5515 τὴν
1718 5447 1795 5497 εί-

237 5541 408 5610 ρήνην
438 5539 644 5609 ταύτην
664 5539 951 5609 ἀρκέσειεν
980 5538 1044 5591 ἂν
1071 5540 1102 5606 ἡ
1127 5536 1350 5606 σπουδή·
1381 5535 1475 5588 καὶ
1506 5534 1612 5603 γὰρ
1645 5532 1800 5586 τοῦτο

1899 4553 2052 4595 cesse
2081 4548 2161 4595 est
2189 4543 2360 4605 enim,
2388 4543 2481 4610 qui
2513 4543 2904 4614 crimcn'piare
2945 4549 3147 4613 studet,
3180 4552 3343 4604 etiam
3374 4552 3470 4606 de-

1901 4637 2129 4685 tractum
2163 4631 2421 4685 honorem
2453 4633 2581 4688 laeso
2613 4650 2890 4702 reparare,
2917 4645 2970 4691 et
3002 4639 3124 4707 plus
3153 4641 3356 4696 debitis
3391 4658 3476 4696 re-

1901 4719 2134 4787 pendere
2179 4719 2392 4789 aliaque
2443 4723 2776 4787 restituere,
2826 4726 2930 4778 alia
2983 4727 3184 4794 quibus
3233 4729 3474 4798 iniquior

1899 4808 2024 4873 fuit,
2061 4809 2207 4863 velut
2246 4812 2442 4879 aequali
2495 4813 2738 4881 pondere
2785 4817 3171 4884 superaddere.
3219 4819 3372 4883 Quod
3423 4821 3468 4874 si

1899 4902 2217 4969 neutiquam
2251 4903 2403 4969 paria
2458 4906 2871 4974 consequimur,
2919 4907 3125 4977 majora
3173 4909 3298 4978 quis
3343 4925 3472 4964 con-

1897 4993 2160 5048 sectetur?

1970 5169 2311 5241 Quapropter
2336 5172 2620 5225 hominum
2653 5172 2835 5226 nullus
2860 5172 3082 5228 sibimet
3107 5174 3296 5241 Deum,
3319 5191 3472 5229 suam

1903 5262 2251 5316 retribuendo
2279 5262 2544 5329 justitiam
2575 5264 2937 5318 reconciliare
2981 5274 3173 5335 potest.
3205 5265 3316 5320 Nec
3349 5282 3476 5322 vero

1903 5362 2056 5406 vetus
2076 5353 2160 5406 lex
2189 5353 2509 5414 inimicitias
2540 5355 2672 5411 istas
2693 5370 3018 5424 componere
3051 5359 3256 5423 valuit;
3292 5373 3392 5412 nec
3422 5360 3475 5411 in

1905 5442 2094 5510 gratia:
2119 5442 2235 5511 lege
2262 5441 2587 5508 viventibus,
2625 5443 2691 5494 ad
2738 5459 2926 5510 pacem
2961 5446 3101 5499 hanc
3131 5463 3477 5514 consequen-

1904 5534 2026 5586 dam
2060 5534 2302 5588 studium
2336 5543 2390 5587 et
2419 5533 2697 5602 diligentia
2737 5533 3034 5589 sulIccerit.
3096 5537 3228 5590 Nam
3276 5548 3330 5592 ct
3372 5539 3477 5594 hoc

313 5722 356 5754 "
396 5719 437 5772 ll
469 5717 602 5771 Cor.
640 5729 703 5779 tt,
740 5713 830 5770 16.
904 5714 950 5745 ³⁸
989 5713 1032 5767 ιι
1071 5712 1198 5766 Cor.
1244 5726 1361 5774 xm,
1403 5711 1454 5764 5.
1537 5711 1580 5744 ²⁹
1621 5708 1642 5764 1
1681 5709 1789 5764 Cor

1895 5727 1944 5776 ll,
1981 5712 2068 5766 40.
2148 5712 2191 5745 ³ο
2227 5712 2466 5783 Philipp.
2503 5728 2542 5778 t,
2589 5711 2640 5767 8.
2723 5714 2766 5744 ³¹
2811 5712 2972 5766 Rom.
3011 5731 3072 5780 ιι,
3098 5717 3190 5773 25.

567 5815 649 5881 Pa
668 5825 854 5870 τιιοι..
884 5809 998 5869 Gn.
1033 5807 1153 5866 CL.

3004 5812 3077 5870 ’19
