4154 6308
652 361 756 425 587

1882 362 2192 423 NICOLAI
2234 362 2620 422 CABASHJE

3777 365 3889 427 538

650 490 705 534 ct
746 479 877 532 illud
909 476 1127 531 virtutis
1173 476 1426 533 humana:
1454 489 1617 543 opera
1648 486 1700 528 ct
1764 476 1997 529 humana
2017 475 2225 545 justitia

2334 482 2553 529 κάκεῖνο
2582 475 2867 543 δυνάμεως
2897 472 3196 543 ἀνθρώπων
3242 475 3377 543 ἔργα
3434 478 3526 529 καὶ
3568 476 3891 546 ἀνθρωπεία

653 583 811 633 sunt;
834 569 1102 637 siquidem
1132 577 1186 621 et
1214 567 1387 636 legem
1422 568 1593 633 ipsam
1626 566 1684 620 Β.
1714 565 1918 621 Paulus
1942 568 2224 623 hominum

651 661 909 729 justitiam
960 658 1241 728 appellat:
1276 679 1294 710 ι
1343 658 1576 712 Iustitia:
1619 660 1762 711 enim
1821 658 1909 712 Dei
1938 698 1951 719 ,
2009 660 2225 726 inquit,

655 766 761 803 non
794 759 917 803 sunt
954 749 1204 813 subjecti,
1240 764 1391 801 suam
1424 748 1693 816 justitiam
1724 750 2058 802 constituere
2084 764 2228 818 quae-

657 848 834 891 rentes
861 838 925 889 ³².
966 855 982 887 ι
1021 836 1097 889 De
1127 836 1291 890 veteri
1321 836 1435 905 lege
1468 836 1727 904 loquitur.
1763 835 1996 890 Tantum
2026 838 2227 906 quippe

653 927 917 980 duntaxat
946 936 1131 981 contra
1163 928 1295 979 vitia
1338 936 1529 979 nostra
1563 926 1811 992 valebat,
1847 936 2111 995 quantum
2145 935 2229 983 est

660 1019 725 1071 ad
770 1018 1059 1071 sanitatem
1097 1032 1425 1091 praeparare,
1473 1016 1785 1086 mediciquc
1822 1034 1983 1073 manu
2031 1018 2228 1088 dignos

648 1110 864 1162 ellieere
896 1126 910 1162 :
944 1128 961 1159 ι
992 1108 1101 1162 Lex
1135 1109 1302 1169 enim,
1343 1109 1539 1177 inquit,
1572 1107 1895 1179 paedagogus
1920 1120 2101 1163 noster
2125 1108 2228 1162 fuit.

654 1202 708 1253 in
740 1194 956 1254 Christo
988 1199 1117 1253 Jesu
1151 1201 1217 1252 ⁸³.
1258 1218 1275 1250 ι
1312 1198 1378 1253 Ει
1425 1209 1651 1253 sanctus
1700 1200 1942 1254 Joannes
1994 1202 2047 1254 in
2098 1216 2222 1256 eum

656 1290 749 1358 qui
802 1298 1069 1344 venturus
1118 1299 1236 1342 erat
1277 1301 1403 1358 post
1460 1290 1634 1355 ipsum
1698 1289 2008 1351 baptizabat
2052 1290 2119 1355 “,
2174 1298 2227 1345 et

655 1382 913 1436 universa
957 1381 1297 1449 philosophia
1345 1383 1603 1444 humana,
1640 1388 1930 1450 omnisque
1966 1382 2121 1437 labor
2157 1385 2224 1436 ad

654 1489 964 1543 germanam
992 1472 1260 1540 justitiam
1291 1474 1446 1538 quasi
1480 1474 1821 1526 initiamenta
1874 1481 1929 1526 et
1960 1487 2231 1543 prepara-

657 1566 832 1618 tiones
871 1564 1119 1629 quasdam
1152 1573 1296 1617 sunt.
1326 1562 1506 1629 Quare
1533 1565 1789 1633 quoniam
1837 1579 1932 1631 per
1966 1579 2065 1619 nos
2117 1574 2172 1619 et
2196 1578 2227 1619 a

657 1657 819 1711 nobis
849 1656 982 1724 ipsis
1015 1654 1283 1724 justitiam
1328 1654 1469 1708 hanc
1506 1666 1762 1722 praestare
1811 1654 2176 1722 nequibamus
2207 1693 2243 1719 ,ι

662 1766 682 1799 ε
715 1748 964 1800 Christus
1001 1747 1115 1814 ipse
1160 1745 1314 1800 nobis
1342 1747 1549 1815 justitia
1594 1744 1770 1799 factus
1799 1758 1879 1798 est
1913 1760 1942 1797 a
1979 1744 2087 1799 Deo
2121 1743 2225 1798 Pa-

652 1848 761 1903 tre,
789 1848 841 1891 et
873 1812 1232 1892 sanctificatio
1258 1877 1271 1901 ,
1304 1812 1360 1891 et
1401 1837 1705 1906 redemptio
1732 1837 1799 1900 ³⁵,
1842 1855 1860 1887 ε
1894 1845 1949 1891 et
1983 1836 2217 1890 inimici-
2256 1812 2297 1871 Β

660 1924 766 1975 tias
812 1924 864 1976 in
918 1938 1085 1977 carne
1115 1939 1211 1977 sua
1240 1925 1485 1978 dissolvit
1518 1926 1585 1991 ",
1617 1934 1670 1978 et
1706 1926 1874 1979 Deum
1907 1926 2065 1980 nobis
2106 1926 2219 1995 pla-

658 2026 772 2078 cat;
819 2032 924 2069 non
970 2016 1148 2068 solum
1184 2030 1305 2068 cum
1356 2026 1563 2070 naturae
1608 2016 1999 2081 communicat,
2046 2030 2221 2070 neme

654 2109 832 2161 Solum
879 2108 1102 2174 quando
1148 2117 1320 2159 morte
1370 2106 1665 2169 occubuit,
1715 2107 1811 2161 sed
1875 2120 2113 2175 semper,
2168 2116 2223 2161 et

660 2197 956 2263 unicuique
1005 2196 1331 2249 hominum:
1367 2208 1476 2250 tum
1523 2206 1579 2249 ut
1621 2196 1769 2253 cruci
1816 2196 2028 2262 aﬂixus,
2076 2212 2222 2253 nunc

661 2298 719 2340 ut
760 2288 979 2355 epulum
1028 2286 1187 2349 dans.
1217 2284 1283 2341 ‘si
1330 2288 1711 2357 resipislentes
1762 2290 1975 2343 veniam
2019 2290 2221 2361 rogite-

658 2396 803 2434 mus.
850 2378 1015 2434 Solus
1054 2379 1198 2432 enim
1240 2389 1293 2432 et
1331 2381 1647 2433 universum
1694 2379 1963 2435 honorem
2003 2380 2223 2436 Parenti

660 2470 991 2534 refunderc,
1023 2480 1078 2523 et
1124 2470 1191 2523 de
1232 2470 1411 2523 ablato
1457 2469 1774 2525 satisfacere
1821 2472 2033 2540 potuit;
2091 2472 2222 2526 illud

652 2565 791 2627 vita,
844 2564 943 2616 hoc
988 2575 1127 2615 nece
1168 2576 1285 2614 sua.
1325 2560 1548 2615 Mortem
1579 2561 1873 2629 siquidem,
1912 2577 2074 2631 quam
2124 2576 2225 2632 pro

650 2654 825 2722 gloria
874 2650 1051 2703 Patris
1094 2650 1148 2703 in
1209 2663 1374 2703 cruce
1433 2650 1693 2719 pertulit,
1753 2650 2141 2705 contumeliam
2193 2664 2222 2704 a

664 2744 819 2796 nobis
880 2742 1084 2793 illatam
1126 2749 1469 2810 aequantem,
1521 2739 1733 2808 majore
1778 2741 2000 2794 cumulo
2063 2755 2224 2809 repo-

660 2848 814 2894 nens.
850 2832 1134 2893 honorem,
1177 2845 1338 2898 quem
1381 2831 1430 2884 ei
1460 2832 1741 2899 peccando
1782 2844 1883 2885 nos
1921 2830 2225 2884 abstulera-

663 2940 783 2977 mus
825 2924 1113 2993 reparavit.
1158 2920 1412 2991 Magnum
1456 2923 1644 2990 utique
1677 2921 1936 2991 pretium.
1978 2920 2095 2976 Vita
2128 2934 2226 2975 au.

659 3026 767 3070 tem
816 3031 1029 3069 omnem
1076 3014 1338 3068 honorem
1380 3013 1633 3077 reddidit,
1678 3023 1732 3068 et
1775 3027 1883 3080 quo
1928 3013 2079 3066 illum
2132 3014 2228 3066 ho-

2312 1754 2695 1818 ,ἐπιδείξασθαι
2777 1761 2851 1822 μὴ
2916 1752 3238 1820 δυναμένοις
3309 1750 3659 1820 δικαιοσύνην

2326 563 2664 633 δικαιοσύνη.
2703 563 2813 616 Καὶ
2839 563 2947 633 γάρ
2979 562 3195 615 καὶτὸν
3245 564 3408 631 νόμον
3456 565 3617 618 αὐτὸν
3675 564 3891 633 ἀνθρώ-

2328 670 2445 705 πων
2494 652 2841 720 δικαιοσύνην
2891 653 2920 705 ὁ
2960 653 3230 720 μακάριος
3283 653 3440 705 καλεί
3488 653 3731 714 Παῦ).οςο
3764 671 3784 703 ι
3813 654 3890 705 Ού

2327 743 2435 809 γὰρ
2470 746 2845 811 ὑπετάγησαν,
2880 741 3036 810 φησὶ,
3068 744 3133 811 τῇ
3164 741 3475 813 δικαιοσύνῃ
3501 742 3593 794 τοῦ
3624 742 3761 795 Θεοῦ
3791 743 3893 811 τὴν

2331 834 2467 886 ἰδίαν
2525 833 2873 900 δικαιοσύνην
2933 836 3126 900 στῆσαι
3181 831 3491 902 ζητοῦντες,
3524 851 3543 883 ι
3581 833 3674 886 τὸν
3727 834 3893 902 νόμον

2330 923 2499 989 λέγων
2550 924 2643 975 τὸν
2694 923 2957 977 παλαιόν·
3003 922 3258 975 τοσοῦτον
3299 924 3407 994 γὰρ
3452 925 3684 993 ἐδυνήθη
3730 927 3892 993 μόνον

2330 1011 2470 1064 κατὰ
2522 1012 2628 1064 τῶν
2689 1014 2976 1081 ἡμετέρων
3033 1012 3247 1078 κακῶν,
3297 1013 3426 1065 ὅσον
3476 1016 3896 1083 παρασκευάσαι

2327 1110 2464 1180 πρὸς
2498 1110 2595 1181 τὴν
2624 1110 2812 1178 ὑγείαν
2841 1110 2935 1163 καὶ
2974 1110 3159 1176 ἀξίους
3193 1112 3416 1181 ποιῆσαι
3448 1112 3546 1180 τῆς
3570 1112 3661 1169 τοῦ
3706 1110 3897 1180 ἰατροῦ

2328 1206 2529 1270 χειρός.
2576 1222 2594 1253 ε
2629 1204 2688 1255 '0
2724 1203 2835 1272 γὰρ
2869 1203 3031 1271 νόμος
3081 1202 3429 1269 παιδαγωγὸς
3488 1203 3643 1270 ἡμῶν
3680 1204 3893 1267 γέγονε.

2328 1296 2511 1363 φησιν,
2544 1296 2623 1358 είς
2648 1293 2885 1363 Χριστὸν
2924 1294 3150 1364 Ἰησοῦν,
3182 1314 3198 1345 ι
3234 1301 3328 1348 καὶ
3351 1298 3377 1348 ό
3410 1297 3678 1364 μακάριος
3716 1294 3899 1345 Ἰωάν-

2327 1401 2424 1453 νης
2460 1386 2540 1445 εἰς
2567 1384 2656 1437 τὸν
2684 1385 2977 1455 ἐρχόμενον
3006 1384 3290 1451 ἐσάπτιζε,
3319 1388 3413 1437 καὶ
3465 1387 3613 1439 πᾶσα
3676 1385 3898 1451 €90.05")-

2329 1480 2427 1544 φία
2449 1476 2752 1547 ἀνθρώπων
2780 1478 2876 1529 καὶ
2904 1478 3066 1539 πόνος
3096 1477 3241 1539 ἄπας
3272 1477 3407 1546 πρὸς
3449 1479 3546 1543 τὴν
3596 1476 3770 1545 ἀληθῆ
3815 1475 3898 1525 διν

2330 1568 2622 1637 καιοσύνην
2671 1568 2978 1638 προτέλειαί
3031 1570 3175 1631 τινές
3225 1569 3329 1621 είσι
3378 1569 3471 1620 καὶ
3522 1569 3896 1635 παρασκευαί.

2327 1660 2493 1714 Ταῦτ’
2526 1660 2633 1727 ἀρα
2650 1662 2746 1714 καὶ
2791 1661 2864 1722 ὼς
2892 1661 2957 1714 ἂν
2986 1661 3199 1713 οἴκοθεν
3225 1662 3317 1711 καὶ
3347 1661 3477 1727 παρ’
3512 1658 3664 1727 ἡμῶν
3714 1659 3899 1711 αὐτῶν

3732 1747 3901 1809 αὐτὸς

2326 1846 2458 1914 ἡμῖν
2508 1844 2791 1905 δΧριστος
2845 1842 3060 1909 ἐγένετο
3090 1840 3402 1909 δικαιοσύνη
3457 1840 3565 1893 ἀπὸ
3608 1838 3740 1891 Θεοῦ
3800 1856 3899 1891 και

2325 1936 2591 2002 ἀγιασμος
2621 1937 2713 1985 καὶ
2742 1932 3138 2001 ἀπολύτρωσις,
3177 1932 3273 1984 καὶ
3311 1930 3427 1982 λύει
3460 1930 3559 1999 τὴν
3609 1928 3810 1997 ἔχθραν
3840 1929 3903 1980 ἐν

2323 2027 2390 2095 τῇ
2424 2036 2585 2094 σαρκὶ
2613 2024 2705 2076 καὶ
2729 2023 2817 2073 τὸν
2843 2021 2974 2074 Θεὸν
3003 2022 3137 2089 ἡμῖν
3179 2017 3561 2078 καταλλάττει,
3599 2018 3660 2068 ού
3684 2020 3747 2085 τῇ
3799 2017 3903 2083 φύ-

2327 2132 2408 2169 σει
2440 2115 2633 2175 κοινῶς
2661 2111 2770 2167 οὐδ’
2795 2113 2882 2165 ὅτε
2918 2112 3215 2183 ὲπέθνησκε
3266 2112 3449 2179 μόνον,
3475 2108 3590 2162 ἀλλ’
3635 2109 3898 2160 ἑκάστοτε

2327 2206 2423 2259 καὶ
2452 2206 2669 2275 ἑκάστῳ
2697 2205 2807 2257 τῶν
2857 2203 3180 2273 ἀνθρώπων,
3224 2203 3411 2272 ὥσπερ
3481 2199 3894 2269 σταυρούμενος

2325 2302 2467 2365 τότε,
2544 2298 2641 2351 νῦν
2716 2295 2955 2365 εὐωχῶν,
3041 2294 3260 2348 ἐπειδὰν
3332 2295 3694 2364 μεταγνόντες
3761 2294 3898 2358 περὶ

2327 2384 2403 2444 ὧν
2436 2388 2758 2459 ἡμάρτομεν
2807 2384 3223 2455 παραιτώμεθα.
3279 2386 3458 2446 Μόνος
3511 2383 3619 2451 γὰρ
3659 2382 3894 2450 ἐδυνήθη

2328 2480 2420 2532 καὶ
2444 2477 2539 2546 τὴν
2569 2476 2929 2545 ὀφειλομένην
2978 2472 3199 2527 ἅπασαν
3262 2470 3555 2525 ἀποδοῦναι
3597 2468 3761 2539 τιμὴν
3818 2469 3900 2537 τῷ

2326 2569 2675 2639 γεγεννηκότι
2709 2568 2803 2619 καὶ
2830 2566 2957 2635 περὶ
2989 2566 3087 2634 τῆς
3117 2562 3507 2631 ἀπενεχθείσης
3551 2560 3870 2629 ἀπολογήσα

2328 2662 2474 2721 σθαι,
2502 2657 2563 2708 τὸ
2589 2655 2687 2726 μὶν
2714 2656 2792 2725 τῷ
2832 2654 2951 2723 βίῳ,
2982 2654 3044 2704 τὸ
3092 2652 3151 2704 δὲ
3208 2654 3273 2721 τῇ
3332 2650 3577 2719 τελευτῇ.
3624 2649 3729 2703 Τὸν
3785 2648 3899 2717 γάρ

2328 2750 2573 2815 θάνατον,
2598 2747 2657 2799 δν
2682 2746 2821 2809 ὑπὲρ
2842 2745 2942 2813 τῆς
2959 2743 3113 2812 δόξης
3143 2740 3236 2795 τοῦ
3264 2741 3474 2811 Πατρδς
3504 2740 3772 2794 ἀπέθανεν
3800 2742 3872 2791 ὲπ

2324 2841 2420 2895 τοῦ
2448 2838 2709 2907 σταυροῦ,
2740 2838 2839 2905 τῆς
2894 2836 3023 2904 παρ’
3054 2833 3211 2905 ήμῶν
3279 2832 3491 2902 ὕϐρεως
3563 2832 3900 2903 ἀντίρροπον

2327 2929 2655 2999 εἰσενεγκὼν
2713 2928 2853 2999 μετά
2911 2928 3156 2996 μείζονος
3218 2927 3314 2994 τῆς
3383 2923 3760 2994 παρασκευῆς,
3824 2922 3900 2989 ἢν

2328 3025 2489 3094 ἡμεῖς
2523 3020 2849 3090 όφειλόμεθα
2881 3020 3049 3089 τιμὴν
3089 3018 3156 3071 δι’
3186 3012 3261 3070 ὧν
3308 3015 3729 3086 ὲξημάρτομεν,
3765 3013 3905 3066 ἀνα-

658 3123 857 3163 norare
928 3117 980 3160 et
1052 3105 1263 3159 Patrem
1316 3104 1575 3160 honorari
1625 3113 2054 3160 consentaneum
2104 3104 2225 3160 fuit.

2332 3116 2575 3169 καλεῖται
2625 3112 2806 3181 πολλῷ
2830 3110 2907 3181 τῷ
2936 3111 3051 3164 δντι
3120 3110 3199 3179 τῷ
3230 3108 3288 3162 δὲ
3324 3108 3423 3177 βίῳ
3472 3110 3653 3161 πᾶσαν
3685 3105 3905 3160 ἀπέδω-

664 3199 871 3254 Etenim
907 3206 1102 3268 printer
1137 3196 1303 3250 multa
1340 3210 1642 3266 magnaque
1688 3211 1855 3265 opera
1902 3211 2025 3265 qua:
2068 3195 2225 3249 exhi-

661 3290 801 3355 buit,
844 3305 963 3355 quae
1003 3287 1147 3342 Patri
1196 3287 1381 3357 gloriae
1425 3288 1672 3341 maximae
1716 3287 1957 3352 fuerunt,
1988 3296 2103 3343 tum
2146 3288 2227 3343 vi-

666 3391 776 3436 tam
827 3393 993 3435 totam
1044 3380 1114 3433 ab
1167 3378 1313 3431 omni
1355 3386 1578 3446 peccato
1618 3391 1810 3447 puram
1868 3378 2069 3446 gessit;
2114 3386 2228 3431 tum

666 3471 1077 3529 accuratissime
1127 3479 1181 3523 et
1239 3468 1634 3538 perfectissime
1682 3468 1824 3538 leges
1872 3468 1976 3521 sibi
2045 3469 2114 3521 ab
2160 3482 2227 3523 eo

667 3566 823 3622 datas
864 3571 1159 3618 exsecutus
1201 3570 1328 3625 est,
1376 3574 1481 3613 non
1537 3568 1746 3613 tantum
1800 3558 1868 3613 iis
1928 3573 2066 3629 quas
2111 3558 2227 3627 ipse

668 3656 901 3713 servavit
955 3652 1175 3723 (etenim
1230 3668 1249 3701 ι
1290 3649 1462 3706 Patris
1506 3648 1607 3702 mei
1644 3656 1907 3717 praecepta
1948 3646 2182 3710 servavi,
2208 3664 2225 3695 ε

668 3749 846 3818 inquit
878 3748 970 3815 "),
999 3746 1093 3800 sed
1138 3746 1299 3798 etiam
1342 3756 1481 3811 quas
1522 3740 1800 3794 hominum
1828 3740 1951 3793 vitae
1981 3738 2232 3807 pra'scri-

669 3843 792 3908 psit,
824 3839 977 3892 solus
1004 3836 1279 3890 caelestem
1311 3830 1711 3901 philosophiam
1763 3838 1921 3883 terra:
1958 3843 2231 3897 prannon-

669 3942 847 3984 strans
891 3934 944 3979 et
989 3926 1252 3988 inserens,
1278 3929 1533 3990 praeterea
1580 3918 1859 3973 miraculis
1901 3917 2059 3985 ipsis,
2098 3932 2233 3986 quo-

672 4034 789 4073 rum
827 4030 1045 4071 causam
1088 4022 1141 4068 et
1172 4021 1451 4065 auctorem
1485 3995 1698 4063 Patrem
1732 4006 2062 4077 praedicavit.

739 4286 942 4339 Ρινειοτ
971 4281 1086 4334 haec
1109 4278 1312 4339 omnia,
1337 4274 1462 4343 quis
1491 4288 1596 4327 non
1626 4271 1790 4335 videt,
1822 4274 1924 4327 hoc
1955 4289 2063 4328 uno
2118 4276 2233 4330 solo

674 4391 796 4430 cum
854 4370 1166 4427 hominibus
1215 4374 1489 4419 versatum
1532 4378 1675 4429 esse,
1730 4373 1784 4417 et
1836 4363 1974 4416 adeo
2030 4365 2234 4435 integre

2331 3222 2391 3259 κε
2424 3204 2606 3273 τιμὴν,
2629 3202 2723 3255 καὶ
2758 3202 2821 3272 ἢν
2855 3199 2998 3262 είκδς
3026 3194 3093 3268 ἦν
3118 3198 3343 3268 τιμῆσαι
3373 3198 3473 3266 μὲν
3537 3196 3762 3261 ἐκεῖνον,
3814 3213 3904 3248 τι-

2333 3294 2569 3365 μηθῆναι
2593 3292 2649 3344 δὲ
2694 3292 2781 3344 τδν
2834 3290 3079 3359 Πατέρα.
3109 3290 3274 3341 Ἀνευ
3310 3287 3415 3357 γὰρ
3475 3282 3549 3341 ῶν
3587 3285 3901 3351 ἑπεδείξατο

2330 3385 2541 3439 πολλῶν
2586 3385 2680 3437 καὶ
2713 3381 2961 3451 μεγάλων
2990 3381 3189 3449 ἕργων,
3230 3380 3265 3433 ἃ
3296 3380 3373 3448 τῷ
3409 3380 3580 3446 Πατρὶ
3606 3378 3704 3448 τὴν
3737 3378 3897 3448 μεγί-

2332 3492 2464 3545 στην
2493 3470 2603 3543 εἶχε
2634 3472 2817 3542 τιμὴν,
2856 3470 3012 3523 τοῦτο
3040 3470 3137 3538 μὲν
3170 3469 3442 3539 ἁμαρτίας
3475 3469 3694 3538 ἀπάσης
3719 3469 3897 3522 καθα-

2337 3566 2427 3636 ρδν
2454 3560 2865 3634 παρασχόμενος
2898 3560 2987 3612 τὸν
3020 3562 3153 3629 βίον,
3183 3560 3338 3613 τοῦτο
3366 3561 3423 3613 δὲ
3465 3559 3532 3613 δι’
3568 3554 3645 3614 ὧν
3672 3561 3902 3631 ἀκριϐέ-

2332 3669 2503 3706 στατα
2533 3652 2625 3704 καὶ
2654 3649 2957 3703 τελεώτατα
3011 3650 3136 3710 τοὺς
3189 3650 3395 3703 ἐκεῖθεν
3445 3650 3614 3703 ἔσωσε
3676 3652 3898 3721 νόμους,

2331 3743 2428 3813 οὐχ
2464 3738 2543 3805 οἷς
2569 3741 2726 3803 αὐτὸς
2747 3739 3035 3811 εἰργάσατο
3068 3741 3224 3809 μόνον
3279 3744 3326 3810 (ι
3351 3743 3462 3797 Καὶ
3488 3743 3596 3810 γὰρ
3627 3747 3722 3805 τάς
3752 3745 3905 3797 two-
3954 3814 3957 3819 ὗ

2334 3832 2431 3893 λὰς
2459 3830 2551 3883 τοῦ
2584 3829 2794 3898 Πατρός
2840 3846 2967 3897 μου,
2996 3831 3148 3898 φησὶ,
3208 3833 3482 3901 τετήρηκα
3517 3834 3590 3898 ι),
3624 3832 3757 3885 ἀλλὰ
3804 3834 3903 3885 καὶ

2333 3918 2412 3984 οἷς
2433 3921 2510 3992 τῷ
2557 3920 2657 3991 βίῳ
2716 3921 2824 3973 τῶν
2885 3919 3186 3988 ἀνθρώπιον
3228 3921 3555 3989 ὲνομοθίτει,
3596 3922 3754 3991 μόνος
3798 3923 3901 3994 τὴν

2333 4011 2578 4079 οὐράνιον
2596 4014 2661 4080 τῇ
2698 4013 2769 4079 γῇ
2802 4008 3085 4079 προδείξας
3120 4009 3211 4061 καὶ⁵
3244 4010 3513 4077 φυτεύσας
3552 4010 3897 4081 φιλοσοφίαν,

2334 4102 2416 4155 ἑτι
2439 4101 2495 4153 δὲ
2525 4101 2701 4154 αὐτῶν
2729 4101 2835 4152 τῶν
2861 4102 3174 4170 θαυμάτων,
3200 4095 3273 4155 ὧν
3303 4104 3477 4156 αἱτιον
3504 4102 3767 4173 ἐκήρυττε
3806 4103 3901 4156 τὸν

2335 4211 2559 4264 γεγεννη
2569 4194 2721 4246 κότα.

2408 4284 2563 4355 Παρά
2584 4292 2762 4338 πάντα
2790 4283 2854 4352 δὴ
2878 4281 3049 4336 ταῦτα
3080 4282 3162 4345 τίς
3187 4282 3287 4336 οὐκ
3306 4277 3467 4348 οίδεν,
3495 4283 3572 4346 ὡς
3586 4285 3720 4337 αὐτὸ
3742 4285 3905 4339 τοῦτο

2346 4376 2505 4444 μόνον
2536 4376 2593 4429 τὸ
2627 4376 2763 4445 μετά
2788 4375 3090 4445 ἀνθρώπων
3117 4374 3369 4443 γενέσθαι
3402 4378 3495 4428 καὶ
3525 4374 3698 4439 οὕτως
3736 4379 3898 4445 ἀκριο

677 4464 829 4518 carni
862 4459 1181 4526 implicitum
1219 4454 1384 4508 fuisse
1405 4491 1421 4516 ,
1462 4468 1570 4522 quo
1606 4454 1943 4507 clementiam
1973 4464 2024 4509 et
2052 4457 2230 4526 benig-

2346 4467 2452 4529 δὼς
2497 4468 2660 4535 σαρκὶ
2695 4464 3061 4534 συναφθῆναι,
3109 4467 3208 4533 τὴν
3254 4465 3349 4517 τοῦ
3386 4466 3704 4534 πέμψαντος
3765 4485 3903 4538 χρη-

676 4557 896 4609 nitatem
934 4549 1198 4604 mittentis
1254 4561 1311 4600 se
1344 4546 1657 4616 plenissime
1706 4556 1760 4599 et
1803 4546 2240 4605 manifestissime

670 4643 1098 4703 demonstravit,
1131 4638 1381 4707 gloriam,
1410 4651 1574 4703 quam
1606 4649 1798 4689 omnes
1825 4637 1873 4689 ci
1908 4639 2237 4691 convenien-

674 4750 755 4789 tes
800 4734 1038 4787 tribuere
1083 4728 1373 4789 debebant,
1412 4724 1753 4779 conciliatam
1800 4726 1958 4778 esse?
1990 4723 2047 4779 Si
2094 4728 2235 4780 enim

668 4826 890 4881 bonitas
919 4823 1040 4889 ejus
1080 4817 1375 4877 benefactis
1401 4815 1671 4869 metienda
1704 4825 1806 4880 est,
1841 4824 1894 4867 et
1928 4817 2110 4882 generi
2141 4817 2245 4871 hu-

676 4931 836 4973 mano
870 4928 962 4983 per
988 4908 1349 4965 meouomiam
1396 4907 1539 4960 Deus
1586 4905 1723 4962 adeo
1770 4906 2056 4973 benefecit,
2090 4916 2148 4961 ut
2176 4925 2240 4965 eo

673 5003 1061 5077 pertinentium
1095 4999 1228 5054 nulli
1252 5008 1518 5068 parceret,
1541 4997 1636 5051 sed
1658 5012 1847 5052 omnes
1868 4999 2087 5053 divitias
2110 5016 2239 5056 suas

673 5106 879 5149 natura:
910 5093 1163 5146 hutnanaa
1216 5085 1520 5141 includeret
1547 5085 1792 5154 (ctenim,
1824 5086 1909 5139 «In
1944 5088 2059 5156 ipso
2090 5090 2240 5143 Itabi‘

672 5192 769 5249 tat,
802 5182 996 5251 inquit,
1043 5178 1224 5233 ontais
1273 5175 1552 5241 plenitudo
1600 5175 1901 5231 divinitatis
1940 5180 2239 5245 corporali—

668 5273 892 5343 ter‘ﬂ),
918 5269 1262 5341 perspicuum
1284 5275 1389 5332 est,
1409 5279 1511 5319 nos
1551 5265 1605 5318 in
1621 5263 1899 5321 Salvatore
1929 5280 2237 5336 supremam

663 5376 721 5422 et
750 5365 1011 5420 extimam
1068 5357 1458 5428 benignitatem
1492 5355 1615 5423 ejus
1648 5357 2013 5424 cognovisse;
2049 5367 2104 5411 et
2142 5377 2237 5427 per

662 5472 730 5511 ea
756 5470 878 5525 qua:
902 5450 1181 5523 pratstitit,
1228 5449 1377 5502 solus
1408 5445 1660 5498 homines
1706 5446 1960 5510 erudivit,
2008 5463 2238 5517 quanio.

662 5563 793 5618 pere
821 5545 967 5599 Deus
1020 5542 1285 5596 mundum
1336 5532 1612 5599 dilexerit,
1641 5545 1957 5605 quantaque
2000 5542 2070 5592 sit
2119 5540 2237 5608 ejus

2343 4559 2574 4627 στότητα
2620 4558 2714 4609 καὶ
2761 4558 3173 4625 φιλανθρωπίαν
3210 4554 3585 4627 ἀκριϐέστατα
3616 4559 3712 4611 καὶ
3741 4575 3905 4625 φανε-

2345 4648 2562 4718 ρώτατα
2628 4648 2895 4710 διαδείξας
2946 4649 3044 4717 τὴν
3102 4648 3234 4717 περὶ
3295 4647 3463 4701 αὑτοῦ
3514 4650 3902 4719 προσήκουσαν

2340 4738 2562 4807 ἐνέθηκε
2589 4738 2745 4802 δόξαν
2768 4754 2785 4803 ;
2823 4738 2886 4790 Et
2911 4740 3018 4807 γὰρ
3046 4737 3123 4808 τῷ
3147 4734 3204 4792 εὖ
3231 4740 3407 4790 ποιεῖν
3428 4738 3530 4809 τὴν
3552 4739 3903 4809 χρησ;ότητα

2341 4829 2421 4881 δεῖ
2453 4831 2693 4899 μετρεῖν,
2723 4829 2869 4881 οὓτω
2893 4816 2953 4882 δὲ
2986 4830 3046 4883 τὸ
3076 4830 3230 4897 γένος
3260 4831 3349 4882 ἐπὶ
3370 4830 3470 4899 τῆς
3498 4832 3813 4899 οίκονομίας
3839 4827 3901 4885 εὖ

2346 4918 2643 4987 πεποίηκεν
2683 4920 2710 4970 ὁ
2763 4920 2919 4986 Θεὸς,
2948 4920 3022 4984 ὡς
3058 4920 3283 4991 μηδενδς
3335 4921 3626 4990 φείσασθαι
3670 4924 3780 4977 τῶν
3819 4928 3903 4986 είς

2343 5008 2502 5061 τοῦτο
2544 5010 2839 5078 φερόντων,
2874 5009 3010 5063 ἀλλὰ
3044 5011 3221 5064 πάντα
3266 5011 3357 5064 τὸν
3405 5009 3634 5064 πλοῦτον
3659 5011 3896 5064 ἐνθεῖναι

2343 5102 2411 5169 τῇ
2439 5098 2599 5166 φύσει
2627 5099 2719 5151 τὸν
2748 5098 2963 5162 ἑαυτοῦ,
2994 5103 3087 5152 καὶ
3112 5102 3219 5171 γὰρ
3250 5119 3271 5153 ε
3317 5102 3405 5153 Ἐν
3436 5101 3584 5170 αύτῷ
3626 5105 3894 5164 κατοικεί,

2347 5191 2503 5260 φησὶ,
2537 5190 2643 5241 πᾶν
2670 5188 2731 5241 τδ
2759 5189 3031 5260 πλήρωμα
3064 5192 3163 5261 τῆς
3202 5191 3455 5259 θεότητος
3488 5192 3839 5260 σωματικῶς,
3871 5211 3889 5241 ι

2346 5279 2610 5349 πρόδηλον
2639 5278 2719 5331 ὅτι
2762 5278 2852 5330 τδν
2879 5279 3101 5349 ἔσχατον
3133 5280 3233 5349 τῆς
3275 5280 3427 5342 θείας
3484 5279 3897 5350 φιλανθρωπίας

2340 5369 2466 5437 ὅρον
2494 5369 2580 5421 ἐπὶ
2632 5368 2727 5422 τοῦ
2762 5370 3013 5439 Σωτῆρος
3061 5369 3329 5441 ἔγνωμεν,
3365 5372 3459 5424 καὶ
3499 5369 3570 5424 δι’
3595 5364 3671 5423 ὧν
3708 5372 3899 5440 είργά-

2344 5474 2477 5511 ono
2509 5458 2668 5529 μόνος
2713 5458 2947 5523 ἐδίδαξεν
2991 5460 3335 5532 ἀνθρώπους,
3374 5462 3522 5523 ὅπως
3558 5461 3846 5530 ὴγάπησεν
3873 5464 3903 5514 ό

2341 5547 2472 5609 Θεὸς
2506 5547 2598 5600 τὸν
2652 5548 2854 5619 κόσμον
2881 5552 2973 5603 καὶ
3019 5551 3117 5619 ὅση
3165 5551 3247 5614 τίς
3286 5554 3432 5604 ἐστιν
3483 5552 3634 5620 αὐτῷ
3682 5552 3812 5619 περὶ
3834 5552 3901 5606 τὸ

734 5661 779 5692 ιι
818 5658 1064 5729 {tam},
1099 5654 1157 5729 ξ»,
1235 5652 1276 5684 ³³
1323 5649 1499 5729 ϐολαὶ.
1533 5661 1617 5711 ιιι,
1682 5648 1771 5702 24.
1848 5650 2033 5707 "Act.
2076 5669 2230 5720 ιαμ

2350 5657 2591 5714 "lCor.
2654 5660 2812 5719 1.30.
2890 5659 3142 5729 "Ephes
3221 5679 3279 5727 ει,
3351 5664 3431 5725 H,
3496 5660 3584 5715 Ιϐ.
3663 5658 3904 5717 "Joan.

670 5746 759 5795 Iv,
792 5727 878 5783 Ιθ.
956 5724 1239 5779 ⁸δίὶοιοεε.
1278 5735 1340 5787 ιι,
1363 5720 1451 5774 19.
