4154 6308
214 324 328 386 58Ί

1289 314 1383 375 DE
1422 312 1599 375 Vl'l‘A
1636 310 1714 370 IN
1756 309 2087 369 CIIRIS’I‘O
2126 310 2274 371 LIB.
2300 313 2400 371 ιν.
2996 314 3003 345 ί

3358 305 3463 370 590

216 438 376 504 γένος
421 429 737 505 κηδεμονία.
763 428 923 481 Ὅθεν
973 424 1065 478 καί
1114 422 1204 476 τὸν
1256 422 1566 492 Νικόδημον
1597 420 1688 473 ἐπὶ
1733 420 1792 471 τὸ

1899 435 2017 490 erga
2064 435 2235 490 genus
2269 427 2515 474 nostrum
2549 433 2681 475 cura
2728 428 2781 474 et
2829 417 3162 473 sollicitudo.
3214 415 3372 471 Unde
3415 422 3468 469 et

217 529 429 594 γνῶναι
456 525 552 595 τὴν
581 518 995 590 φιλανθρωπίαν
1043 516 1137 569 τοῦ
1168 515 1378 583 Πατρός
1424 512 1675 566 ἐντεῦθεν
1706 514 1790 565 ὲν-

217 625 367 689 ἀγει,
402 620 495 671 καί.
526 617 683 669 τοῦτο
712 612 933 682 σημεῖον
957 608 1140 660 ἰκανὸν
1164 608 1396 657 ποιεῖται
1432 604 1528 671 τῆς
1558 604 1785 668 ἀπείρου

214 712 604 781 χρηστότητος,
634 707 727 757 καὶ
757 722 774 753 ι
810 700 991 764 Οὕτω,
1033 699 1216 768 φησὶν,
1249 698 1277 749 ό
1303 696 1434 758 Θεὸς
1465 695 1535 746 τδι
1585 694 1787 764 κόσμον

215 805 531 873 ἠγάπησεν,
564 798 704 851 ὥστε
742 794 835 847 τὸν
877 793 1004 844 Υἰδν
1031 789 1195 842 αὐτοῦ
1232 788 1321 842 τὸν
1360 788 1625 857 μονογενῆ
1653 787 1784 837 ἔδω-

222 912 339 955 κεν,
371 893 459 944 ἵνα
508 892 615 950 πᾶς
647 890 675 937 ό
725 882 999 938 πιστεύων
1032 882 1114 943 είς
1173 878 1333 932 αὐτὸν
1382 882 1459 947 μὴ
1495 878 1785 945 ἀπόληται,

220 984 337 1036 ἀλλ’
366 983 464 1052 ἔχῃ
511 980 657 1049 ζωὴν
706 975 944 1029 αἰώνιον.
986 990 1004 1021 ι
1041 973 1102 1023 Εἰ
1159 970 1266 1039 γὰρ
1294 963 1368 1021 ὧν
1413 969 1673 1021 κατέθετο
1720 969 1784 1036 τῇ

225 1075 385 1143 φύσει
424 1074 663 1141 χαρίτων
690 1069 782 1121 ἐπὶ
804 1069 868 1136 τῇ
903 1064 1115 1132 καθόδῳ
1151 1062 1241 1115 τοῦ
1275 1060 1593 1129 μονογενοῦς
1620 1060 1646 1110 ὁ
1674 1062 1785 1111 [lat-

219 1167 347 1233 τὴρ,
385 1164 603 1232 μείζους
647 1160 679 1228 ἦ
718 1159 967 1219 καλλίους
1004 1158 1104 1207 οὐκ
1137 1154 1247 1223 ἔχει
1276 1153 1479 1213 δοῦναι,
1523 1150 1681 1235 δῆλον
1714 1148 1787 1204 ὡς

218 1254 341 1307 οὐδὲ
395 1252 567 1321 μείζω
617 1250 774 1315 δόξαν
830 1250 896 1302 ἂν
945 1247 1220 1314 παράσχοι
1282 1244 1650 1313 χρηστότητος
1695 1242 1787 1292 καὶ

220 1345 654 1413 φιλανθρωπίας,
678 1337 745 1412 ἦς
784 1340 991 1393 ἐκεῖθεν
1026 1335 1236 1407 ὑπῆρξε
1276 1336 1464 1388 λαϐεῖν
1544 1334 1639 1387 καί¹
1664 1333 1786 1385 τού-

218 1456 315 1490 του
370 1438 529 1507 χάριν
556 1436 647 1487 τὸν
696 1433 897 1502 τρόπον
933 1429 1123 1499 τρῦτον
1174 1432 1202 1483 ὁ
1244 1428 1435 1499 Σωτὴρ
1480 1426 1547 1479 δι’
1590 1419 1785 1477 ἒαυτοῦ

221 1529 388 1595 ἀξίως
448 1526 642 1579 ἑαυτοῦ
690 1526 782 1583 καί.
844 1522 937 1575 τοῦ
996 1522 1392 1590 γεγεννηκότος
1444 1520 1535 1571 τὸν
1571 1518 1787 1586 Πατέρα

220 1619 376 1686 τιμᾷ.
416 1617 564 1685 Τιμὴ
590 1617 697 1684 γὰρ
741 1613 876 1665 Θεοῦ
917 1613 967 1665 τί
996 1609 1195 1679 γένοιτ’
1224 1608 1289 1663 ἂν
1319 1608 1529 1681 mea
1581 1608 1637 1660 τὸ
1671 1607 1787 1660 δια-

221 1711 498 1778 δειχθῆναι
519 1707 887 1775 διαφερόντως
916 1704 1118 1771 ἀγαθὸν
1143 1703 1270 1754 ὄντα
1294 1719 1308 1764 ;
1343 1701 1451 1753 Καὶ
1478 1699 1617 1769 αὕτη
1643 1701 1786 1753 ἐστὶν

221 1803 256 1868 ὴ
291 1800 416 1863 δόξα
451 1800 483 1865 ἣ
528 1797 811 1868 πόρρωθεν
840 1793 1104 1862 ὠφείλετο
1137 1794 1258 1862 μὲν,
1287 1792 1388 1846 οὐκ
1414 1792 1541 1859 ὲνῆν
1567 1790 1624 1843 δὲ
1656 1793 1789 1860 παρ’

221 1891 439 1954 οὐδενὸς
470 1889 770 1959 ἀνθρώπων
798 1885 1192 1955 εἰσενεχθῆναι,
1215 1885 1308 1938 καί
1338 1883 1423 1935 διὰ
1450 1882 1605 1936 τοῦτο
1624 1924 1640 1948 ,
1672 1900 1689 1933 ι
1718 1884 1780 1936 Εἰ

224 1984 439 2053 Πατὴρ,
474 1985 659 2052 φησὶν,
690 1982 807 2049 εἰμὶ
836 1979 968 2048 ἐγὼ,
1022 1977 1124 2030 ποῦ
1151 1980 1296 2030 ἐστιν
1334 1980 1365 2046 ἠ
1409 1966 1537 2041 δόξα
1580 1993 1679 2044 μου
1702 1990 1728 2039 τ
1757 1995 1774 2026 ι

222 2077 387 2145 Μόνῳ
438 2075 548 2144 γὰρ
597 2075 722 2143 ἐξῆν
776 2071 853 2141 τῷ
904 2072 1204 2139 Μονογενεῖ
1243 2070 1312 2122 τὰ
1369 2069 1551 2121 εἰκότα
1610 2069 1784 2120 πάντα

217 2166 493 2219 διασῶσαι
526 2164 660 2235 πρὸς
688 2163 776 2216 τὸν
816 2163 1035 2231 Πατέρα
1108 2163 1202 2215 καὶ
1243 2160 1420 2214 τοίνυν
1468 2160 1601 2212 αὐτὸ
1629 2160 1787 2211 τοῦτο

215 2256 461 2320 δεικνὺς,
511 2255 585 2316 ὠς
627 2254 734 2323 ἄρα
789 2253 949 2321 μόνος
995 2251 1220 2321 ἐδυνήθη
1263 2249 1476 2303 τουτονί
1507 2250 1598 2301 τὸν
1626 2244 1785 2303 ἆθλον

216 2348 446 2411 ἀνῦσαι,
502 2345 627 2400 ἐπεὶ
657 2344 717 2397 τὸ
753 2346 857 2398 πᾶν
885 2344 1125 2396 ἐτέλεσεν
1167 2342 1326 2411 ἔργον
1356 2343 1490 2410 πρὸς
1524 2341 1614 2393 τὸν
1640 2359 1785 2393 τετιο

219 2439 472 2510 μημένον
524 2436 761 2504 Πατέρα,
796 2453 814 2487 ι
863 2433 1021 2502 Ἐγὼ,
1075 2434 1257 2505 φησιν,
1316 2432 1541 2498 ἔδόξασά
1581 2449 1639 2484 σε
1694 2434 1787 2484 ἐπὶ

216 2535 325 2602 τῆς
359 2533 483 2601 γῆς,
520 2530 838 2600 ὲφανέρωσά
865 2546 957 2582 σου
992 2529 1050 2582 τὸ
1074 2530 1245 2597 ὄνομα
1269 2532 1382 2590 τοῖς
1400 2527 1728 2597 ἀνθρώποις.
1760 2546 1779 2579 ι

217 2624 485 2685 Εἰκότως.
534 2622 706 2688 Λόγος
750 2623 858 2690 γάρ
909 2622 1054 2673 ἐστιν
1101 2618 1323 2690 ἀκριΰὲς
1368 2618 1461 2673 τοῦ
1519 2635 1781 2687 γεγεννη-

217 2718 382 2779 κότος
429 2716 610 2784 φέρων
657 2712 718 2764 τὸ
761 2708 919 2774 εἶδος,
956 2711 1299 2781 ἀπαύγασμα
1333 2710 1433 2780 τῆς
1479 2710 1637 2778 δόξης
1688 2711 1784 2762 καὶ

222 2808 515 2879 χαρακτὴρ
550 2807 649 2874 τῆς
704 2805 1052 2865 ὑποστάσεως
1078 2803 1241 2857 αὐτοῦ
1320 2805 1414 2855 καὶ
1458 2803 1579 2854 ἐπεὶ
1609 2801 1674 2854 δι’
1707 2796 1781 2855 ὧν

225 2899 399 2967 σαρκὶ
428 2900 693 2969 συνήφθη,
724 2900 836 2959 τοῖς
867 2898 924 2949 ὲν
963 2895 1210 2962 αἰσθήσει
1247 2890 1383 2956 ζῶσι
1419 2892 1635 2953 συνετὸς
1667 2891 1792 2958 ἐγέ-

221 3006 372 3052 νετο,
403 2989 579 3041 πᾶσαν
607 2986 699 3039 τοῦ
730 2983 1152 3056 προενεγκὸντος
1173 2981 1264 3034 νοῦ
1292 2983 1391 3048 τὴν
1416 2980 1626 3048 ἀγαθὴν
1653 2979 1792 3048 ὲμή-

1900 512 2254 567 Nicodemum
2294 510 2363 565 ad
2411 510 2585 566 Patris
2620 511 3015 565 humanitatem
3059 508 3464 577 agnoscendaln

1892 603 2016 657 hinc
2053 602 2282 665 inducit,
2315 612 2367 655 et
2393 602 2534 656 istuc
2568 602 2831 656 bonitatis
2864 600 2983 669 ejus
3025 593 3300 655 Suili‘cieus
3328 598 3469 652 indi-

1889 693 2031 747 cium
2064 708 2183 748 csse
2206 694 2321 747 vult
2348 711 2361 747 :
2393 710 2411 745 ι
2449 692 2540 748 Sic
2567 694 2709 748 Deus
2739 693 2927 746 dilexit
2954 692 3239 753 mundum,
3268 689 3467 758 inquit,

1890 797 1947 840 ut
1981 785 2175 838 Filium
2212 802 2371 841 suum
2422 786 2763 853 unigenitum
2810 784 2984 847 daret,
3041 790 3101 836 ut
3146 782 3327 835 omnis
3372 764 3477 848 qui

1890 876 2063 929 credit
2087 876 2139 929 in
2169 876 2345 945 ipsum
2378 892 2485 929 non
2518 884 2727 945 pereat,
2763 873 2854 927 sed
2887 873 3085 926 habeat
3113 871 3280 925 vitam
3308 878 3467 923 mter-

1889 981 2011 1019 nam
2047 965 2113 1017 ³³.
2154 983 2171 1016 ι
2220 966 2274 1018 Si
2304 966 2447 1018 enim
2484 963 2643 1018 Pater
2671 962 2881 1033 majora
2916 969 2970 1014 et
3000 961 3225 1014 meliora
3267 957 3472 1013 beueti-

1889 1056 1971 1109 cia
2022 1055 2075 1107 in
2129 1063 2383 1108 naturam
2432 1054 2709 1109 collocare
2771 1067 2878 1105 non
2937 1050 3148 1119 potuit,
3200 1063 3363 1118 quam
3414 1047 3467 1099 in

1889 1145 2008 1199 Filii
2042 1145 2109 1197 ad
2138 1159 2235 1197 nos
2263 1144 2530 1198 descensu
2556 1142 2864 1207 collocavit,
2892 1140 3114 1209 planum
3146 1148 3250 1203 est,
3271 1135 3468 1191 Filium

1887 1239 1935 1289 el
1980 1237 2242 1304 majorem
2280 1234 2505 1305 gloriam
2562 1233 2824 1286 bonitatis
2867 1240 2918 1284 et
2970 1229 3329 1284 humanitatis
3379 1242 3473 1296 pa-

1889 1343 2007 1381 rere
2037 1344 2144 1382 non
2179 1328 2446 1396 potuisse,
2481 1340 2644 1394 quam
2678 1324 2807 1378 hinc
2841 1330 2926 1377 est
2960 1330 3312 1376 consecutus.
3354 1316 3469 1371 llac

1888 1418 1953 1473 de
1978 1433 2142 1473 causa
2174 1419 2282 1471 isto
2317 1417 2478 1471 modo
2516 1415 2766 1469 Salvator
2825 1427 2923 1483 per
2977 1413 3221 1477 seipsum
3248 1450 3261 1475 ,
3298 1417 3358 1461 ut
3411 1422 3471 1461 se

1888 1517 1939 1561 et
1985 1508 2232 1575 genitore
2277 1506 2498 1576 dignum
2545 1513 2648 1569 est,
2700 1518 2825 1558 eum
2860 1501 3115 1553 honorat.
3147 1496 3289 1563 Quid
3319 1496 3468 1551 enim

1888 1598 2033 1651 aliud
2070 1597 2159 1652 Dei
2201 1598 2378 1652 honor
2413 1597 2503 1657 sit,
2540 1611 2708 1664 quam
2751 1593 3107 1647 excellentem
3140 1591 3260 1658 ejus
3303 1587 3465 1640 boni-

1891 1698 2052 1744 tatem
2084 1689 2481 1745 demoustrari?
2507 1688 2687 1756 Atque
2726 1686 2839 1739 haec
2867 1691 2953 1738 est
2981 1683 3174 1752 gloria,
3207 1693 3329 1749 quae
3358 1677 3469 1748 jam

1894 1779 2099 1848 pridem
2148 1779 2195 1830 ei
2236 1778 2536 1831 debebatur
2560 1816 2574 1841 ,
2607 1785 2660 1828 et
2696 1790 2728 1828 a
2760 1771 3072 1828 mortalium
3105 1767 3326 1823 nemine
3354 1781 3474 1835 per-

1896 1872 2033 1927 solvi
2065 1880 2296 1942 poterat.
2332 1870 2487 1934 liinc,
2530 1888 2549 1920 ι
2588 1870 2643 1924 Si
2677 1869 2856 1930 Pater,
2890 1865 3065 1934 inquit
3096 1904 3111 1928 ,
3157 1877 3260 1931 ego
3307 1874 3426 1914 sum
3455 1895 3473 1923 ,

1895 1962 1985 2015 ubi
2020 1968 2102 2016 est
2127 1961 2302 2015 honor
2336 1976 2490 2013 meus
2515 1958 2599 2011 δοῖ
2639 1977 2657 2009 ι
2691 1958 2803 2011 Soli
2850 1969 3086 2024 namque
3118 1952 3255 2007 Filio
3291 1949 3473 2004 omnia

1894 2060 2262 2106 consentanea
2302 2066 2430 2120 erga
2483 2050 2694 2105 Patrem
2744 2056 3003 2117 prmstare
3058 2044 3237 2099 licuit.
3287 2040 3476 2109 Itaque

1896 2146 1996 2201 hoc
2025 2148 2199 2215 ipsum
2237 2143 2553 2205 ostendens,
2586 2156 2645 2197 se
2679 2143 2858 2197 solum
2892 2138 3139 2209 potuisse
3172 2135 3276 2188 hoc
3306 2146 3474 2200 nego-

1897 2236 2332 2299 tiumconticere
2353 2276 2369 2301 ,
2401 2244 2689 2305 postquam
2726 2246 2866 2302 Opus
2896 2242 3058 2285 omne
3088 2224 3343 2287 absolvit,
3374 2223 3476 2276 Pa-

1896 2339 2031 2384 trem
2068 2329 2278 2382 honore
2304 2324 2560 2381 all'ectum
2593 2324 2679 2380 bis
2720 2324 2901 2379 verbis
2935 2319 3277 2389 alloquitur:
3311 2334 3331 2366 ‹
3364 2314 3477 2385 Ego

1899 2432 1952 2475 te
2002 2419 2299 2476 clariﬁcavi
2342 2434 2508 2488 super
2568 2426 2809 2481 terram,
2865 2409 3216 2469 manifestavi
3274 2420 3476 2465 nomen

1895 2524 2047 2569 tuum
2089 2513 2404 2568 hominibus
2428 2512 2497 2566 “.
2528 2529 2548 2563 ι
2584 2509 2769 2564 Recte.
2805 2507 2902 2563 Est
2939 2506 3087 2561 enim
3116 2503 3393 2567 Verbum,
3423 2506 3481 2553 et

1894 2604 2169 2660 Genitoris
2200 2616 2513 2673 expressam
2542 2600 2647 2655 fert
2671 2598 2987 2671 imaginem,
3020 2614 3038 2647 ι
3072 2592 3346 2664 Splendor
3367 2589 3480 2661 glo-

1895 2696 2011 2760 riae,
2040 2703 2093 2747 et
2120 2693 2291 2764 ﬁgura
2324 2691 2643 2748 substantia:
2663 2692 2783 2761 ejus
2808 2690 2906 2743 “.i
2938 2689 3004 2743 Et
3029 2687 3312 2758 quoniam,
3347 2682 3477 2752 quia

1898 2784 2049 2841 carni
2085 2784 2406 2855 copulatum
2444 2792 2529 2838 est
2553 2822 2568 2848 ,
2604 2798 2727 2837 cum
2763 2797 2929 2837 sensu
2960 2777 3272 2834 viventibus
3306 2774 3482 2829 evasit

1896 2875 2259 2948 iuteliigibile,
2291 2890 2514 2929 omnem
2551 2875 2748 2933 mentis
2777 2890 2897 2943 qua:
2931 2875 3106 2944 ipsum
3138 2867 3350 2942 genuit,
3384 2869 3483 2923 bo-

1901 2984 2023 3022 nam
2063 2970 2393 3023 voluntatem
2434 2968 2731 3021 nuntiavit‘.
2776 2967 2855 3019 Ad
2890 2966 3038 3035 quod
3085 2974 3140 3019 et
3179 2964 3313 3018 illud
3362 2976 3488 3046 spe-

221 3097 360 3135 νυσε
407 3079 624 3146 θέλησιν
697 3052 833 3146 πρδς
878 3076 906 3128 ὃ
941 3076 1161 3128 κάκεῖνο
1210 3074 1396 3140 φέρειν
1450 3071 1714 3141 ἡγοῦμαι,
1762 3068 1793 3123 ὃ

1899 3070 2045 3116 ctare
2073 3062 2287 3128 Opinor,
2312 3060 2456 3130 quod
2490 3058 2741 3127 Philippo
2768 3055 2988 3111 Patrem
3024 3056 3207 3109 videre
3237 3052 3482 3120 cupienti

1933 3154 1966 3165 ._
2113 3152 2211 3165 η.
2288 3152 2335 3165 ..
2388 3159 2401 3165 -
2504 3164 2511 3165 ,
2610 3149 2660 3165 ..
2705 3158 2716 3165 _
2766 3158 2803 3165 Α.
3086 3146 3131 3165 ι.
3190 3164 3195 3165 ,
3248 3144 3311 3165 π.
3353 3144 3482 3165 L2---

225 3172 372 3242 πρδς
416 3171 507 3223 τόν
563 3169 849 3231 Φίλιππον,
889 3167 1016 3219 ἰδεῖν
1060 3164 1150 3217 τόν
1186 3163 1433 3233 “Πατέρα
1494 3159 1787 3230 ζητοῦντα,

224 3262 395 3331 φησὶν
419 3262 446 3313 '5
477 3260 689 3331 Σωτὴρ,
725 3278 744 3311 t
793 3259 853 3311 ’0
892 3254 1154 3325 ἑωρακὼς
1186 3254 1285 3324 ἐμὲ
1315 3253 1531 3323 ἑώρακε
1560 3252 1650 3304 τὸν
1679 3253 1790 3304 Πα-

225 3358 388 3423 τέρα,
430 3373 447 3405 ι
487 3355 577 3404 καὶ
608 3352 697 3405 διὰ
719 3350 876 3404 τοῦτό
903 3366 1068 3418 φησιν
1105 3346 1357 3411 Ἡσαΐας,
1384 3362 1402 3396 t
1442 3345 1701 3397 Καλείται
1731 3343 1792 3395 τὸ

222 3446 401 3511 ὄνομα
431 3443 594 3496 αὑτοῦ
628 3441 867 3511 μεγάλης
898 3437 1382 3510 βουλῆς¹Αγγελος.
1422 3453 1442 3487 ι

301 3535 459 3588 Οὕτω
490 3536 668 3588 τοίνυν
731 3534 868 3603 πρὸς
913 3532 1011 3601 τὴν
1046 3530 1207 3594 δόξαν
1246 3529 1339 3581 τοῦ
1378 3528 1588 3597 Πατρός
1643 3525 1795 3579 οὐδὲν

230 3627 562 3697 παραλιπὼν
601 3628 629 3677 ὁ
681 3624 995 3694 Μονογενὴς
1038 3625 1199 3692 μόνος
1246 3618 1505 3689 καθαιρεί
1542 3619 1602 3671 τὸ
1638 3617 1798 3688 μεσό-

226 3737 414 3788 τοιχον
456 3719 554 3786 τῆς
604 3716 826 3786 ἔχθρας,
876 3715 970 3768 καὶ
1003 3713 1120 3765 λύει
1170 3711 1278 3765 τῶν
1303 3711 1659 3780 ἐγκλημάτων
1710 3710 1799 3763 τὸν

229 3809 544 3877 ἄνθρωπον.
602 3805 753 3858 Ἐπεὶ
782 3804 839 3857 δὲ
884 3802 1024 3855 κατά
1052 3801 1151 3870 τὴν
1194 3800 1390 3868 ἑτέραν
1416 3799 1523 3851 τῶν
1562 3797 1797 3866 φύσεων,

230 3904 337 3970 τὴν
367 3899 638 3970 ἡμετέραν
683 3897 826 3962 λέγω
856 3895 953 3961 τὴν
979 3892 1343 3962 ἀνθρωπείαν,
1378 3891 1406 3943 ό
1440 3889 1657 3950 διπλοῦς
1698 3887 1804 3956 ἰη-

231 3991 366 4055 σοῦς
394 3991 483 4043 τὸν
515 3989 734 4057 Πατέρα
766 3987 996 4053 ἐτίμησε
1028 3984 1122 4037 καὶ
1152 3982 1259 4036 ἀπὸ
1289 3980 1383 4034 τοῦ
1420 3982 1669 4048 σώματος
1700 3978 1803 4030 αὑ-

226 4083 332 4136 τοῦ
364 4083 462 4135 καὶ
490 4079 583 4133 τοῦ
615 4079 847 4146 αἵματος
878 4078 967 4128 τὸν
1002 4071 1317 4141 θαυμαστὸν
1362 4072 1570 4123 εκεῖνον
1598 4067 1801 4135 στέφα-

231 4191 329 4227 νον
365 4172 462 4240 τῆς
491 4169 650 4237 δόξης
684 4166 875 4229 ἔπλεξε
926 4165 1003 4233 τῷ
1041 4163 1217 4231 Πατρί
1304 4161 1393 4214 διὰ
1428 4158 1600 4212 ταῦτα
1645 4157 1805 4225 μόνον

234 4264 345 4332 μέν
368 4263 487 4312 ἐστι
512 4259 653 4314 κατὰ
683 4257 781 4325 τῆς
812 4255 1088 4325 ἁμαρτίας
1132 4257 1419 4323 φάρμακον
1458 4249 1518 4301 τὸ
1548 4247 1639 4300 τοῦ
1674 4249 1806 4317 Χρι-

232 4354 372 4408 στοῦ
409 4353 590 4420 σῶμα,
624 4350 763 4420 μόνη
790 4350 847 4404 δὲ
879 4351 913 4418 ἡ
937 4347 1091 4408 λύσις
1117 4343 1531 4415 ἁμαρτημάτων
1556 4344 1616 4392 τὸ
1641 4335 1801 4408 αἷμα.

1894 3154 1973 3207 ait
2003 3168 2017 3203 :
2054 3170 2073 3203 (
2110 3152 2214 3218 Qui
2250 3152 2407 3206 videt
2435 3164 2541 3215 me,
2574 3149 2723 3204 videt
2756 3158 2809 3205 et
2843 3149 3054 3202 Patrem
3086 3146 3154 3200 ”.
3186 3164 3204 3197 ›
3248 3144 3315 3198 Ει
3353 3144 3485 3199 hinc

1895 3255 1979 3298 est
2015 3242 2156 3313 apud
2190 3242 2387 3297 isaiam
2445 3258 2461 3294 :
2503 3259 2521 3293 ι
2573 3239 2875 3296 Vocabitur
2908 3254 3109 3293 nomen
3142 3238 3265 3305 ejus
3299 3236 3481 3306 magni

1895 3334 2108 3391 consilii
2136 3333 2371 3405 Angelus
2396 3330 2459 3385 “.
2476 3351 2497 3385 ι

1968 3511 2060 3565 Sic
2092 3510 2254 3580 igitur
2285 3509 2422 3562 nihil
2451 3507 2515 3562 ad
2542 3508 2770 3578 gloriam
2806 3506 2988 3561 Patris
3019 3512 3473 3575 praetermittens,

1898 3602 2076 3657 solum
2119 3601 2361 3655 medium
2394 3599 2656 3669 parietem
2692 3596 3110 3653 inimicitiarum
3140 3595 3399 3660 destruit,
3422 3604 3481 3651 et

1901 3694 2177 3749 hominem
2196 3692 2523 3746 criminibus
2547 3689 2805 3745 absolvit.
2825 3688 3099 3755 Quoniam
3130 3701 3260 3742 vero
3288 3701 3486 3742 secun-

1900 3787 2027 3841 dum
2066 3786 2297 3840 alteram
2342 3760 2949 3849 naturamfnostram,
3012 3782 3238 3849 inquam
3292 3788 3346 3835 et
3374 3779 3484 3835 hu-

1904 3875 2386 3953 manam,‘duplici
2424 3882 2621 3927 natura
2655 3883 2914 3928 constans
2945 3870 3108 3927 Jesus
3138 3867 3355 3926 Patrem
3385 3871 3488 3926 bo-

1905 3968 2137 4030 noravit,
2170 3976 2225 4022 et
2252 3968 2320 4021 de
2365 3978 2599 4035 corpore
2627 3966 2696 4033 {et
2738 3963 3006 4031 sanguine
3035 3976 3140 4019 suo
3188 3962 3488 4017 admirabi-

1906 4059 2008 4112 lem
2041 4056 2189 4110 illam
2226 4067 2490 4110 coronam
2520 4052 2568 4106 ei
2594 4049 2807 4115 nexuit,
2834 4049 3041 4104 idcirco
3075 4049 3255 4105 solum
3277 4048 3485 4103 Christi

1906 4159 2107 4214 corpus
2140 4144 2449 4198 remedium
2479 4141 2749 4196 adversus
2776 4147 3059 4208 peceatum
3108 4146 3210 4203 est,
3237 4147 3290 4192 et
3320 4138 3486 4192 unica

1909 4243 2260 4306 peccatorum
2293 4231 2524 4287 abolitio
2551 4231 2780 4300 sanguis
2805 4231 2945 4298 ejus.
2981 4226 3190 4299 Nempe
3233 4228 3304 4283 ob
3347 4230 3489 4283 hanc

1908 4341 2125 4397 quoque
2157 4338 2379 4379 causam
2414 4338 2442 4376 a
2474 4321 2748 4392 principio
2769 4310 3025 4375 conditus
3044 4329 3150 4385 est,
3184 4327 3243 4374 ut
3267 4318 3486 4374 Patrem

232 4447 350 4498 Καὶ
380 4410 604 4511 γάρ-διά
625 4410 799 4493 ’τοῦτο
831 4410 1058 4507 συνέστη
1090 4410 1188 4504 τὴν
1222 4410 1417 4504 ἀρχήν,
1452 4432 1543 4485 ἶνα
1574 4431 1663 4483 τὸν
1695 4431 1802 4483 [ια-

1912 4419 2266 4488 gloriticaret,
2295 4415 2441 4470 sicut
2488 4416 2604 4482 ipse
2638 4414 2953 4472 contitetur,
2973 4426 3033 4466 se
3065 4410 3133 4466 ad
3157 4412 3263 4465 hoc
3296 4420 3487 4464 natum

227 4539 373 4606 τέρα
407 4532 629 4603 δοξάσῃ,
657 4531 750 4583 καὶ
778 4532 805 4582 ὃ
846 4546 1008 4595 φησιν
1036 4526 1195 4586 αὐτὸς
1222 4527 1249 4576 ό
1280 4523 1490 4592 Σωτὴρ,
1520 4523 1597 4583 εἰς
1637 4520 1799 4571 τοῦτο

230 4626 564 4696 γεγέννηται
593 4622 686 4675 καὶ
720 4623 799 4682 εἰς
825 4619 981 4672 τοῦτο
1031 4617 1287 4687 ἐλήλυθεν
1337 4617 1416 4674 εἰς
1459 4614 1548 4665 τὸν
1596 4612 1800 4678 κόσμον

228 4720 330 4770 καὶ
387 4716 479 4767 τὶν
518 4712 642 4781 ὲξῆς
674 4713 887 4764 ᾶπαντα
929 4710 1139 4779 χρόνον,
1200 4707 1359 4775 μόνον
1405 4704 1505 4773 μὲν
1556 4702 1617 4753 τὸ
1666 4700 1799 4769 πρὸς

227 4809 397 4862 τοῦτο
424 4805 587 4874 φέρον
614 4804 757 4857 άπαν
781 4802 1029 4853 ἐτέλεσεν
1061 4798 1243 4866 ἔργον,
1282 4795 1440 4866 μόνον
1466 4793 1522 4846 δὲ
1552 4795 1639 4845 τίιν
1664 4791 1801 4859 ὑπὲρ

230 4900 434 4952 τούτου
482 4893 846 4962 διαφερόντως
892 4890 1280 4959 ὑπομεμένηκε
1332 4887 1514 4938 πόνον.
1550 4883 1659 4935 Καὶ
1689 4882 1796 4950 γὰρ

233 4985 400 5039 τοῦτο
436 4981 498 5033 τὸ
535 4980 697 5049 σῶμα
743 4979 839 5032 τοῦ
881 4978 1251 5048 πληρώματος
1284 4974 1385 5041 τῆς
1420 4974 1669 5041 θεότητος
1692 4970 1807 5038 ἐγέ-

233 5091 364 5128 νετο
398 5070 670 5140 θησαυρὸς
692 5070 787 5122 καὶ
812 5071 990 5136 πάσης
1020 5068 1117 5137 μὲν
1144 5063 1211 5136 ἦν
1229 5066 1490 5133 ἄγευστον
1512 5060 1806 5131 ἁμαρτίας,

236 5166 537 5234 ἐπλήρωσε
569 5161 628 5215 δὲ
666 5162 847 5214 πᾶσαν
899 5156 1272 5225 δικαιοσύνην,
1316 5154 1552 5223 ἐκήρυξε
1594 5153 1649 5205 δὲ
1702 5154 1814 5213 τοῖς

235 5255 539 5324 όμογενέσι
578 5252 944 5322 ἀγνοούμενον
992 5250 1085 5302 τόν
1123 5247 1362 5315 Πατέρα,
1415 5248 1510 5296 καί⁵
1553 5237 1638 5305 οἷς
1664 5242 1817 5309 ἔλεγε

235 5350 345 5402 καὶ
374 5341 455 5407 οἷς
502 5343 867 5396 ἐπεδείκνυτο.
916 5338 1087 5393 Τοῦτό
1124 5340 1238 5389 ἐστι
1269 5336 1330 5388 τὸ
1364 5334 1569 5403 σφαγὲν
1606 5335 1695 5385 ἐπὶ
1725 5329 1818 5383 τοῦ

239 5436 484 5501 σταυροῦ
551 5436 646 5487 καί.
676 5432 704 5485 ὃ
759 5433 827 5502 τῇ
882 5431 1063 5497 σφαγῇ
1118 5426 1415 5495 προσάγων,
1467 5422 1693 5490 ἐδειλία,
1727 5419 1820 5473 καὶ

240 5532 459 5602 ἠγωνία
497 5529 592 5581 καὶ
630 5527 818 5597 ἰδρῶσι
866 5524 1213 5595 περιερρεῖτο
1257 5522 1350 5573 καὶ
1403 5516 1677 5587 προύδόθη
1727 5513 1822 5565 καὶ

1902 4527 2045 4573 esse,
2068 4520 2123 4564 et
2154 4510 2220 4562 ad
2278 4507 2380 4559 boc
2407 4504 2625 4559 venisse
2654 4505 2708 4557 in
2746 4503 3007 4557 innndum
3043 4517 3057 4553 :
3092 4511 3144 4556 et
3185 4516 3281 4569 per
3324 4516 3491 4553 omne

1902 4612 2114 4668 tempus
2133 4598 2409 4664 deinceps,
2428 4591 2809 4647 tantummodo
2834 4591 3098 4662 quidquid
3138 4592 3245 4644 huc
3278 4590 3490 4644 iaceret

1900 4690 2030 4761 egit,
2056 4690 2217 4757 hujus
2250 4687 2411 4740 unius
2439 4686 2515 4739 rei
2539 4683 2715 4753 gratia
2746 4682 2910 4736 etiam
2945 4689 3108 4751 atque
3131 4680 3294 4735 etiam
3319 4679 3497 4750 majo-

1902 4796 2121 4851 remque
2141 4780 2193 4833 in
2218 4778 2436 4835 modum
2461 4775 2749 4830 laboravit.
2766 4772 2878 4828 Hoc
2899 4786 3137 4840 namque
3181 4786 3384 4841 corpus
3406 4772 3495 4840 ple

1906 4873 2164 4928 nitudinis
2192 4868 2492 4925 divinitatis
2515 4869 2806 4922 thesaurus
2846 4865 2968 4931 fuit,
2993 4874 3050 4919 et
3080 4867 3259 4921 omnis
3286 4863 3494 4932 peccati

1912 4978 2114 5035 expers
2159 4971 2297 5026 erat,
2345 4974 2563 5014 omnem
2604 4957 2876 5026 justitiam
2938 4955 3223 5025 implebat,
3280 4969 3497 5024 generis

1916 5053 2263 5111 consortibus
2300 5047 2661 5119 (hominibus)
2694 5047 2912 5100 Patrem
2947 5061 3109 5115 quem
3144 5043 3495 5113 ignorabant,

1920 5142 2320 5215 promulgabat,
2358 5148 2471 5193 tum
2498 5153 2593 5204 per
2628 5153 2689 5190 ca
2720 5151 2841 5205 qua:
2870 5136 3223 5204 loquebatur,
3254 5141 3371 5187 tum
3399 5146 3520 5200 per.

1924 5251 1986 5290 ea
2021 5249 2142 5303 qua:
2165 5231 2491 5302 patiebatur.
2527 5230 2873 5281 immolatum
2900 5237 2985 5281 ρει
3002 5225 3265 5279 nimirum
3290 5224 3343 5277 in
3368 5237 3497 5276 cru-

1926 5343 2008 5393 ce,
2038 5335 2231 5393 etquae
2284 5319 2712 5374 immolationem
2749 5326 3171 5380 praecesserunt,
3219 5314 3498 5385 pavidum,

1926 5416 2151 5474 anxium
2215 5411 2340 5478 fuit,
2399 5411 2601 5465 sudore
2648 5408 2879 5463 dimuxit
2923 5407 3505 5478 proditum,compre-

1929 5510 2160 5563 hensum
2210 5512 2313 5569 est,
2342 5502 2608 5572 judicium
2646 5501 2893 5570 iniquum
2932 5500 3124 5563 subiit,
3154 5500 3256 5553 sub
3302 5497 3501 5552 Pontio

335 5710 385 5739 ³⁹
423 5704 579 5759 Joan.
610 5716 691 5766 tu,
732 5700 816 5753 i6.
892 5701 938 5735 ⁸ο
972 5695 1202 5750 lialacb.
1232 5711 1269 5757 ι,
1304 5695 1356 5748 6.
1436 5692 1476 5723 δ’
1506 5689 1662 5744 Joan.
1700 5704 1806 5743 xvu

1904 5730 1915 5742 ,
1990 5684 2034 5715 δ’
2075 5680 2241 5733 llebr.
2275 5693 2313 5742 I,
2342 5678 2395 5729 5.
2477 5675 2520 5705 ⁸³
2543 5673 2703 5727 Joan.
2731 5688 2844 5741 xiv,
2872 5672 2924 5727 9.
3002 5673 3048 5705 “
3083 5673 3189 5729 lsa.
3218 5688 3276 5740 ll,
3301 5673 3353 5729 6.
