4154 6308
646 318 751 385 591

1872 314 1919 373 N
1936 314 2180 375 lCOLM
2224 314 2483 376 CABASl
2497 314 2607 375 UE

3775 300 3881 366 592

649 433 827 485 Pilato
851 427 1225 481 testimonium
1252 424 1541 495 perhibuit,
1569 424 1761 476 bonum
1795 425 2219 488 conifessmnem,

2328 423 2635 492 συνελήφθη
2698 423 2791 475 καὶ
2843 420 3047 493 κριτῶν
3093 419 3353 491 ἠνέσχετο
3402 414 3737 484 παρανόμων
3787 414 3883 466 καὶ

647 534 708 575 ut
759 520 959 573 Paulus
986 518 1277 587 inquit‘”,
1312 530 1612 583 pruinasque
1657 513 2019 569 confessionis.
2052 516 2211 581 hujus

651 614 705 665 in
739 626 901 666 cruce
933 609 1171 662 moriens
1213 606 1362 661 dedit
1391 623 1404 669 ;
1441 616 1495 661 et
1531 604 1733 674 ﬂagella
1766 614 1936 673 tergo,
1965 606 2217 662 manibus

648 713 703 757 et
740 703 966 769 pedibus
992 701 1202 763 clavos,
1241 700 1406 752 latere
1468 697 1711 750 lanceam
1741 697 1976 766 excepit.
2008 696 2219 767 Flagris

649 803 961 861 coopertum
993 791 1185 851 doluit,
1214 800 1267 843 et
1289 790 1559 843 confixum
1595 790 1762 843 clavis
1784 789 2085 842 cruciatum
2114 798 2217 843 est.

652 882 751 934 llie.
782 880 1005 950 sanguis
1056 895 1085 932 e
1134 879 1454 932 vulneribus
1509 893 1806 945 erumpens
1860 875 1990 931 solis
2038 876 2216 929 lumen

651 972 995 1032 ubscuravit,
1022 979 1075 1022 ct
1105 978 1306 1021 terram
1352 967 1653 1029 concussit,
1684 976 1733 1019 et
1773 980 1953 1019 aerem
1982 964 2223 1019 sanctiﬁ-

651 1061 816 1119 eavit,
857 1068 910 1112 et
954 1058 1211 1111 mundum
1266 1058 1581 1109 universum
1637 1070 1666 1108 a
1726 1055 1932 1121 peccati
1966 1056 2221 1109 sordibus

652 1150 805 1205 lavit.
845 1149 1031 1216 Itaque
1061 1147 1203 1200 sicut
1260 1145 1473 1215 scripue
1526 1145 1626 1213 legi
1678 1144 1904 1197 omnino
1953 1144 2222 1212 spirituali

654 1241 771 1307 lege
824 1254 959 1307 opus
1002 1238 1125 1300 fuit,
1184 1234 1519 1304 imperfectae
1571 1233 1829 1302 perlecta,
1865 1235 1914 1287 ei
1961 1249 2081 1302 qua:
2116 1248 2221 1287 non

656 1332 833 1401 potuit
867 1330 1165 1399 perfectum
1191 1329 1369 1381 facere
1403 1328 1750 1390 servientem,
1775 1342 1835 1379 ea
1860 1341 1980 1393 qua:
2009 1334 2217 1393 potest:

657 1422 844 1475 eodem
879 1427 1041 1474 modo
1068 1420 1157 1488 qui
1190 1431 1311 1487 pust
1337 1419 1663 1486 baptismum
1692 1417 1744 1469 in
1775 1417 2003 1486 gratiam
2037 1430 2226 1484 pecca-

655 1522 874 1575 verunt,
927 1510 1370 1579 suppliciumque
1407 1511 1792 1578 deprecantur,
1825 1508 2038 1559 illorum
2075 1507 2225 1559 labo-

657 1604 830 1666 ribus,
863 1601 1158 1655 amtoribus
1194 1608 1248 1652 ct
1298 1598 1551 1669 lacrymis
1580 1597 1841 1667 sanguine
1880 1595 2010 1649 Novi
2034 1596 2225 1650 Testa-

2322 514 2671 582 ἐμαρτύρησε
2714 512 2814 582 μὲν
2870 515 2962 566 ἐπὶ
3011 510 3233 564 Ποντίου
3284 508 3517 561 Πιλάτου
3563 506 3662 576 τὴν
3708 503 3883 573 καλὴν

2317 605 2625 674 ὁμολογίαν,
2724 620 2856 674 φησι
2888 601 3122 665 Παῦλος,
3154 600 3317 653 ἔδωκε
3351 598 3407 650 δὲ
3432 598 3591 665 δίκην
3615 597 3717 661 τῆς
3749 596 3880 661 όμο-

2318 697 2508 762 λογίας
2530 697 2777 760 θάνατον,
2810 695 2904 749 καὶ
2935 696 3122 747 τοῦτον
3143 694 3233 744 ἐπὶ
3263 688 3524 758 σταυροῦ,
3555 688 3647 739 καὶ
3681 687 3884 755 μάστι-

2320 805 2423 856 γας
2458 792 2556 856 μὲν
2585 789 2676 839 ἐπὶ
2722 787 2828 839 τῶν
2868 785 3248 855 μεταφρένων,
3284 783 3376 834 ἐπὶ
3428 782 3484 835 δὲ
3535 779 3642 831 τῶν
3681 778 3886 847 χειρῶν

2321 880 2415 931 καὶ
2462 878 2566 930 τῶν
2611 877 2787 929 ποδῶν
2844 878 3027 946 ἥλους,
3074 879 3139 945 τῇ
3193 874 3405 943 πλευρᾷ
3453 872 3507 923 δὲ
3548 869 3646 940 τὴν
3682 869 3887 937 λόγχην

2321 969 2535 1035 ἐδέξατο
2594 970 2687 1021 καὶ
2741 967 2945 1035 ἤλγησε
3000 964 3435 1034 μαστιγούμενον
3487 963 3581 1014 καὶ
3632 958 3887 1027 ώδυνήθη

2324 1060 2788 1129 προσηλούμενον,
2831 1058 2988 1111 τοῦτο
3019 1057 3080 1109 τὸ
3130 1051 3265 1125 αἷμα
3302 1054 3411 1107 τῶν
3460 1050 3683 1122 πληγῶν
3716 1051 3893 1118 ἐκπη-

2322 1152 2498 1219 δῆσαν
2526 1150 2616 1202 τὸν
2644 1149 2795 1219 ἥλιον
2820 1148 3011 1200 ἔσϐεσε
3044 1147 3137 1199 καὶ
3163 1146 3262 1215 τὴν
3305 1145 3412 1213 γῆν
3443 1143 3622 1196 ἔσεισε
3658 1141 3756 1193 καὶ
3794 1140 3889 1192 τὸν

2324 1242 2463 1311 ἀέρα
2520 1242 2714 1310 ήγίασε
2786 1240 2879 1293 καὶ
2942 1238 3120 1291 πάντα
3193 1239 3284 1290 τὸν
3342 1236 3547 1304 κόσμον
3609 1233 3889 1286 ἁπέκλυσε

2324 1332 2415 1383 τοῦ
2464 1331 2634 1399 ῥύπου
2690 1332 2785 1400 τῆς
2829 1329 3121 1399 ἁμαρτίας.
3152 1327 3314 1381 Ὀθεν
3363 1327 3615 1393 καθάπερ
3660 1325 3885 1392 ἐδέησεν

2327 1422 2511 1485 ἁπλῶς
2550 1423 2625 1491 τῷ
2675 1422 2905 1493 γραπτῷ
2951 1421 3100 1491 νόμῳ
3134 1418 3229 1472 τοῦ
3276 1415 3649 1485 πνευματικοῦ
3695 1414 3888 1482 νόμου,

2322 1513 2402 1583 τῷ
2434 1512 2639 1575 ἀτελῶς
2672 1513 2851 1581 ἔχοντι
2880 1510 2974 1563 τοῦ
3006 1510 3236 1574 τελείου,
3268 1509 3346 1578 τῷ
3376 1508 3584 1560 τέλειον
3614 1505 3891 1573 ἀποφῆναι

2325 1604 2417 1656 τὸν
2452 1601 2821 1671 κατορθοῦντα
2859 1600 2933 1671 μὴ
2981 1600 3261 1670 δυναμένῳ
3286 1598 3381 1651 τοῦ
3422 1597 3725 1673 διυαμένου
3798 1593 3891 1647 τδν

664 1693 855 1756 menti,
888 1702 939 1744 et
1007 1689 1360 1743 immaculato
1408 1703 1636 1756 corpore
1706 1703 1843 1758 Opus
1886 1696 1990 1751 est,
2043 1696 2227 1756 utpote

2330 1692 2443 1745 ἴσον
2473 1692 2676 1763 τρόπον
2706 1694 2796 1745 καὶ
2844 1693 2949 1745 τῶν
2976 1693 3117 1761 μετά
3152 1690 3213 1743 τδ
3239 1690 3483 1759 λουτρὸν,
3512 1688 3641 1757 περὶ
3674 1680 3752 1739 ὧν
3798 1682 3890 1748 ἐξ·

657 1783 792 1837 citra
829 1782 944 1837 bace
980 1781 1087 1834 illis
1114 1779 1247 1833 nihil
1282 1777 1607 1834 valentibus.

2252 1765 2298 1821 Β
2327 1785 2596 1854 ήμαρτον,
2637 1783 2717 1846 είς
2750 1783 2847 1853 τὴν
2900 1784 3061 1853 χάριν
3096 1780 3543 1851 παραιτουμένων
3572 1780 3681 1838 τοῖς
3709 1775 3893 1834 πόνοις

657 1877 751 1928 καὶ
783 1877 895 1937 τοῖς
922 1873 1149 1942 δάκρυσι
1187 1870 1279 1923 τοῦ
1311 1870 1539 1932 αἵματος
1566 1868 1645 1920 δεῖ
1669 1870 1765 1937 τῆς
1793 1868 1978 1939 κοινῆς
2012 1869 2289 1942 Διαθήκης·
2318 1876 2413 1927 καὶ
2443 1873 2535 1926 τοῦ
2568 1873 2869 1943 σφαγέντος
2892 1871 3164 1942 σώματος,
3225 1871 3302 1933 ὡς
3362 1870 3515 1923 οὐδὲν
3578 1866 3775 1937 ὄφελος
3832 1861 3894 1915 ὃν

656 1964 880 2018 εκείνων
911 1964 1113 2016 τούτων
1145 1961 1334 2031 χωρίς.

730 2060 951 2115 Dirinus
984 2072 1146 2127 porro
1183 2056 1469 2127 Dionysius
1499 2065 1553 2108 et
1584 2054 1728 2123 ipsas
1757 2055 2090 2110 initiationes
2121 2056 2227 2110 rite

655 2154 937 2223 ραι-ευρ,ίά
980 2163 1176 2203 munus
1225 2164 1387 2203 suum
1412 2149 1592 2203 facere
1610 2162 1767 2215 posse
1803 2155 1979 2215 negat,
2009 2147 2051 2200 si
2072 2161 2226 2200 sacra

660 2256 816 2298 caena
848 2256 953 2293 non
985 2238 1272 2294 accesserit
1298 2257 1311 2293 :
1334 2238 1503 2293 multo
1558 2239 1739 2291 minus
1771 2237 2008 2291 laborem
2044 2245 2096 2290 et
2135 2238 2226 2305 ju-

658 2333 858 2387 stitiam
893 2330 1195 2391 hominum,
1220 2337 1433 2396 peccata
1465 2330 1767 2380 emaculare
1818 2334 1872 2378 et
1913 2324 2015 2378 alia
2044 2323 2228 2379 efﬁce-

660 2418 719 2475 re
742 2435 903 2491 posse
939 2418 1262 2473 credendum
1304 2427 1407 2471 est.
1474 2415 1676 2469 Deinde
1724 2424 1779 2468 et
1815 2416 1917 2470 hoc
1948 2430 2114 2468 unum
2145 2424 2228 2469 est

663 2511 733 2567 de
768 2510 1143 2574 sacramentis,
1172 2512 1235 2561 de
1257 2508 1495 2578 peccatis
1516 2508 1860 2577 ptenilcntes,
1912 2515 1965 2560 et
2013 2507 2226 2575 seipsos

662 2601 1035 2656 s:-.cerdotibus
1068 2599 1388 2667 aperientes,
1422 2597 1490 2651 ab
1525 2598 1669 2651 oumi
1705 2612 1860 2666 pmna
1886 2596 2026 2665 apud
2060 2596 2225 2651 Deum

664 2690 901 2761 judieem
938 2689 1199 2751 eximere,
1223 2702 1327 2757 qua
1352 2686 1638 2741 elhcientia
1673 2684 1925 2739 similiter
1949 2686 2106 2755 potiri
2142 2701 2231 2740 ne-

670 2782 923 2849 quibunt.
954 2782 1044 2849 qui
1084 2779 1254 2834 sacris
1280 2778 1593 2846 epulisnon
1650 2776 2021 2830 accubuerint.
2079 2776 2231 2841 Quo-

667 2871 819 2923 circa
848 2883 1151 2937 quanquam
1202 2866 1371 2920 semel
1397 2866 1708 2929 invitamur,
1739 2866 1935 2933 saepius
1960 2876 2136 2918 tamen
2168 2863 2238 2917 ad

676 2961 817 3014 hanc
862 2974 1103 3013 mensam
1126 2956 1468 3012 accedimus:
1503 2955 1943 3025 quandoquidem
1994 2956 2240 3007 homines

674 3060 831 3105 natos
847 3065 1059 3119 semper
1079 3049 1240 3103 Deum
1260 3047 1533 3102 oﬂ'endere
1560 3047 1843 3117 contingit,
1878 3046 2033 3100 noxis
2058 3055 2240 3099 autem

670 3143 821 3197 exire
863 3150 1139 3203 conantes,
1167 3139 1504 3208 poenitentia,
1537 3138 1817 3192 laboribus
1877 3147 1931 3192 et
1963 3137 2239 3205 triumpho

673 3232 905 3304 quodam
928 3232 993 3285 de
1033 3238 1255 3300 peccato
1280 3231 1542 3299 indigent.
1563 3230 1739 3298 Atque
1762 3229 1866 3283 hoc
1886 3236 2075 3283 contra
2107 3242 2235 3296 pec-

2402 2056 2679 2118 Διονύσιος
2702 2057 2758 2110 δὲ
2790 2058 2817 2110 ό
2846 2056 2989 2118 θεῖος
3023 2054 3118 2108 καὶ
3144 2051 3243 2116 τὰς
3287 2051 3441 2122 ίεράς
3471 2048 3641 2110 αὐτὰς
3668 2044 3897 2107 τελετὰς

2335 2147 2411 2217 μὴ
2439 2148 2505 2200 ἂν
2530 2148 2748 2200 τελέσαι
2787 2146 2943 2215 φησὶ,
2975 2146 3107 2216 μηδὲ
3150 2146 3215 2197 τὰ
3248 2142 3427 2195 αὐτῶν
3479 2138 3773 2209 δυνηθῆναι
3816 2138 3896 2208 μὴ

2331 2238 2426 2293 τοῦ
2479 2239 2696 2293 δείπνου
2733 2237 3124 2309 προστεθέντος
3164 2234 3258 2288 τοῦ
3312 2231 3486 2303 ἱεροῦ,
3523 2230 3689 2300 σχολῇ
3737 2246 3801 2297 γε
3830 2229 3898 2293 δὴ

2334 2330 2495 2383 πόνον
2540 2330 2634 2383 καὶ
2662 2329 3011 2397 δικαιοσύνην
3059 2325 3361 2396 ἀνθρώπων
3406 2322 3677 2391 ἁμαρτίας
3731 2319 3898 2372 δῦνα-

2336 2419 2459 2472 σθαι
2496 2420 2645 2473 λύειν
2683 2419 2775 2471 καὶ
2818 2419 2885 2472 τὰ
2932 2415 3155 2469 τοιαῦτα
3208 2418 3489 2483 περαίνειν
3545 2412 3690 2483 ἔχειν
3750 2410 3900 2472 εἰκός

2332 2513 2479 2563 ἔστιν
2552 2511 2724 2572 ἄλλως
2757 2526 2813 2561 τε
2848 2509 2953 2560 τῶν
2990 2508 3036 2559 ίε
3049 2507 3158 2577 ρῶν
3190 2505 3248 2557 ἓν
3274 2506 3366 2559 καὶ
3395 2504 3552 2557 τοῦτο
3579 2505 3899 2575 μυστηρίων

2332 2601 2458 2662 τοὺς
2492 2602 2621 2669 περὶ
2655 2592 2729 2651 ὧν
2761 2597 3067 2668 ἐξήμαρτον
3112 2594 3478 2665 μεταγνόντας
3520 2594 3614 2647 καὶ
3644 2609 3899 2661 προσαγ-⁹

2335 2690 2619 2757 γείλαντας
2666 2691 2887 2751 ἑαυτοὺς
2919 2690 3031 2751 τοῖς
3079 2685 3283 2757 ἱερεῦσι
3328 2686 3511 2753 πάσης
3558 2684 3898 2738 ἀπολύεσθαι

2336 2780 2495 2846 δίκης
2528 2783 2676 2850 παρὰ
2724 2781 2843 2849 Θεῷ
2871 2781 3122 2850 δικαστῇ.
3153 2777 3365 2832 Οὐκοῦν
3410 2778 3533 2831 οὐδὲ
3569 2778 3759 2831 τούτου
3800 2777 3897 2844 γέ-

2339 2874 2468 2925 νοιτ’
2500 2870 2566 2924 ἂν
2599 2873 2782 2941 τυχεῖν
2823 2870 3069 2941 ἐνεργοῦ,
3111 2871 3183 2939 μὴ
3214 2870 3273 2921 τὸ
3322 2869 3469 2939 ἱερὸν
3500 2869 3898 2937 δειπνήσαντας

2341 2963 2555 3016 δεῖπνον
2608 2966 2704 3017 Διά
2732 2964 2887 3017 τοῦτο
2912 2967 3003 3017 καὶ
3024 2963 3263 3032 λούμεθα
3298 2965 3395 3031 μὲν
3424 2960 3589 3027 ἅπαξ.
3626 2961 3896 3029 πρόσιμεν

2336 3054 2393 3107 δὲ
2425 3058 2491 3124 τῇ
2512 3055 2763 3127 τραπέζῃ
2791 3054 3067 3119 πολλάκις,
3093 3055 3172 3107 ὅτι
3202 3054 3486 3125 συμϐαίνει
3512 3053 3608 3122 μὲν
3634 3053 3895 3106 ἑκάστοτε

2334 3147 2454 3216 Θεῷ
2490 3149 2855 3217 προσκρούειν
2885 3146 3203 3217 ἀνθρώπους
3227 3147 3405 3210 δντας,
3450 3146 3599 3200 λύειν
3634 3146 3691 3200 at
3724 3145 3784 3198 τδ
3804 3145 3896 3211 εγ-

2336 3237 2522 3306 κλημα
2550 3239 2915 3307 πειρωμένοις
2945 3237 3235 3306 μετανοίας
3261 3237 3419 3307 χρεία
3471 3238 3565 3289 καὶ
3596 3237 3775 3290 πόνων
3803 3235 3896 3290 καὶ

672 3335 853 3379 catum
887 3324 1111 3387 facient,
1150 3323 1221 3388 si,
1264 3324 1405 3390 quod
1439 3322 1613 3377 solum
1649 3331 1732 3375 est
1764 3321 2025 3375 adversus
2060 3321 2232 3374 homi-

2334 3292 2829 3394 τοῦηθριαμδεῦισαι
3001 3292 3308 3394 ἁμαρτίανΝ
3347 3292 3517 3377 ταῦτα
3546 3324 3602 3377 δὲ
3646 3324 3896 3393 δράσειεν

672 3430 803 3468 num
836 3421 1055 3482 peccata
1086 3411 1563 3477 medicamentum,
1604 3409 1905 3464 adhibitum
1948 3406 2128 3462 fuerit.

741 3588 896 3641 Sicut
919 3586 1061 3641 enim
1091 3584 1389 3639 oleastrum
1417 3583 1518 3638 sibi
1542 3585 1809 3636 insertum
1836 3580 1978 3635 oliva
2009 3580 2234 3634 horten-

572 3695 577 3699 ‘
667 3680 751 3734 sis
773 3693 898 3733 mox
919 3679 973 3731 in
1005 3691 1061 3732 se
1077 3679 1366 3740 convertit,
1397 3689 1451 3730 et
1466 3675 1677 3733 fructus
1712 3682 1895 3742 postea
1914 3673 2232 3740 neutiquam

672 3770 910 3824 oleastro
927 3769 1199 3833 convenit,
1232 3766 1304 3820 ita
1325 3776 1378 3821 et
1399 3766 1634 3819 humana
1646 3763 1857 3832 justitia
1877 3762 1993 3832 ipsa
2018 3762 2234 3831 quidem

674 3876 769 3932 per
801 3876 859 3915 se
904 3860 1073 3928 ipsam
1140 3858 1205 3912 ad
1258 3856 1393 3915 niln.
1440 3855 1721 3918 conducit;
1785 3854 1879 3909 sed
1910 3854 1964 3906 in
2030 3853 2114 3907 his
2144 3850 2238 3921 qui

670 3953 891 4008 Christo
937 3949 1177 4019 copulati
1206 3947 1428 4009 fuerint,
1479 3946 1739 4015 carnique
1765 3954 1818 3999 et
1850 3943 2096 4013 sanguini
2121 3940 2239 4009 ejus

673 4040 1215 4104 communicaverint,
1269 4038 1527 4093 continuo
1557 4036 1695 4090 bona
1750 4035 2082 4104 amplissima
2112 4048 2240 4103 pro-

674 4140 916 4203 generat,
969 4138 1311 4197 peecatorum
1360 4125 1738 4181 remissionem
1770 4132 1824 4179 et
1865 4124 2237 4179 haereditatem

676 4222 848 4292 regni,
875 4222 967 4289 qui
996 4218 1223 4290 iustitiae
1261 4217 1462 4272 Christi
1522 4215 1731 4271 fructus
1797 4225 1943 4271 sunt.
1991 4212 2063 4271 Ut
2092 4217 2239 4270 enim

674 4329 704 4367 a
735 4326 894 4368 sacra
925 4324 1111 4364 mensa
1144 4307 1350 4363 Christi
1387 4321 1585 4377 corpus
1640 4308 1959 4377 accipimus,
1991 4314 2043 4361 et
2097 4307 2242 4376 quod

671 4399 1021 4472 praestantius
1043 4406 1147 4461 est,
1173 4409 1375 4467 corpus
1396 4408 1645 4450 nostrum
1671 4398 1827 4464 longe
1853 4397 2042 4472 vincit:
2065 4397 2138 4451 ita
2158 4412 2245 4451 se-

676 4470 864 4560 quitur
883 4490 993 4553 hic,
1024 4496 1082 4542 ut
1104 4486 1312 4557 justitia
1336 4496 1520 4540 nostra
1543 4485 1741 4541 Christi
1764 4470 1987 4555 iustitiae
2010 4489 2242 4556 speciem

2336 3413 2403 3468 ἃν
2428 3415 2575 3474 κατὰ
2615 3415 2714 3483 τῆς
2750 3416 3046 3485 ἁμαρτίας,
3084 3416 3149 3480 ἢν
3173 3416 3233 3467 τὸ
3268 3415 3429 3483 μόνον
3474 3415 3584 3468 τῶν
3615 3414 3896 3484 ἀνθρωπί-

2335 3524 2442 3562 νων
2479 3506 2665 3560 κακῶν
2692 3506 2977 3575 φάρμακον
3005 3507 3299 3577 προστεθῇ.

2410 3595 2672 3668 Καθάπερ
2699 3596 2806 3666 γὰρ
2836 3598 2935 3665 τὴν
2963 3597 3276 3665 ἀγριέλαιον
3299 3597 3333 3667 ἡ
3359 3597 3718 3663 καλλιέλαιος,
3740 3599 3897 3651 ἐπει-

2338 3685 2433 3739 δάν
2454 3687 2838 3758 ὲγκεντρισθῇ,
2867 3687 3001 3756 πρὸς
3035 3688 3236 3754 ἑαυτὴν
3272 3686 3524 3753 καθάπαξ
3550 3688 3770 3755 ἀμείϐει
3801 3692 3897 3742 καὶ

2339 3780 2367 3831 ὁ
2404 3779 2612 3848 καρπὸς
2661 3777 2955 3848 οὐδαμόθεν
3006 3779 3203 3849 κοτίνῳ
3247 3779 3541 3850 προσήκων
3633 3782 3725 3834 τὸν
3783 3782 3896 3835 ἴσον

2340 3870 2537 3940 τρόπον
2573 3871 2667 3923 καὶ
2705 3872 2739 3934 ἡ
2772 3873 2877 3925 τῶν
2918 3870 3218 3939 ἀνθρώπιον
3268 3871 3585 3940 δικαιοσύνη
3629 3873 3763 3938 αὐτὴ
3798 3874 3898 3941 μὲν

2341 3957 2477 4027 πρὸς
2498 3958 2647 4011 οὐδὲν
2670 3958 2824 4028 φέρει
2847 3960 2915 4012 δι’
2942 3960 3162 4028 ἑαυτὴν,
3182 3958 3260 4029 τῷ
3287 3959 3342 4012 δὲ
3362 3960 3582 4029 Χριστῷ
3606 3962 3898 4030 συναφθέν-

2343 4066 2454 4103 των
2496 4049 2590 4101 καὶ
2624 4049 2822 4120 σαρκὸς
2862 4051 2957 4103 καὶ
2998 4050 3228 4117 αἵματος
3283 4052 3780 4120 κεκοινωνηκότων,
3828 4054 3898 4104 τὰ

2349 4138 2579 4209 μέγιστα
2606 4139 2713 4191 τῶν
2742 4139 2962 4207 ἀγαθῶν
2994 4138 3153 4201 εὐθὺς
3175 4140 3425 4209 ἐδυνήθη,
3458 4141 3742 4209 ἁμαρτιῶν
3768 4143 3897 4210 dus-

2347 4246 2432 4282 σιν
2461 4233 2555 4283 καὶ
2595 4229 2871 4299 βασιλείας
2898 4231 3284 4301 κληρονομίαν,
3326 4231 3363 4286 ἃ.
3387 4232 3484 4301 τῆς
3535 4233 3630 4285 τοῦ
3661 4232 3895 4302 Χριστοῦ

2343 4319 2687 4390 δικαιοσύνης
2716 4321 2834 4374 ἐστὶ
2858 4323 3091 4393 καρπός.
3126 4323 3337 4392 Ὠσπερ
3362 4324 3470 4392 γὰρ
3496 4323 3602 4377 ἀπὸ
3635 4324 3731 4391 τῆς
3751 4326 3901 4394 ἱερᾶς

2343 4411 2624 4483 τράπεξης
2657 4414 2717 4465 τὸ
2752 4413 2911 4483 σῶμα
2947 4413 3184 4485 Χριστοῦ
3222 4414 3561 4485 κομιζόμεθα
3607 4414 3767 4485 σῶμα
3794 4416 3900 4468 τῶν

2349 4504 2674 4571 κρειττόνων
2698 4504 3134 4576 ῦπερνικώντων,
3157 4505 3331 4569 οὕτως
3356 4506 3647 4559 ἀκόλουθον
3672 4506 3901 4562 ἐνταῦθα

676 4580 995 4647 vultumque
1013 4577 1140 4630 inse
1154 4582 1420 4643 capessat.
1444 4575 1571 4628 Haec
1584 4575 1754 4638 enim,
1779 4591 1797 4623 ι
1814 4572 2027 4642 Corpus
2043 4575 2232 4629 Christi

2348 4593 2442 4645 καὶ
2470 4593 2570 4663 τὴν
2619 4572 2969 4665 δικαιοσύνην
3004 4596 3162 4665 ἡμῶν
3188 4597 3494 4665 χριστοειδῆ
3542 4597 3791 4665 γενέσθαι
3823 4597 3901 4650 δι-

680 4683 893 4735 sumus,
917 4678 973 4721 et
990 4666 1230 4721 membra
1248 4681 1314 4719 ex
1334 4674 1486 4734 parte
1507 4665 1553 4695 “
1569 4704 1586 4729 ,
1610 4683 1630 4715 ι
1661 4679 1769 4719 non
1794 4664 1862 4719 de
1891 4680 2123 4737 corpore
2139 4667 2244 4722 diei

674 4760 853 4813 solum
878 4754 1251 4811 existimemus
1283 4753 1428 4816 licet,
1446 4753 1617 4807 multo
1633 4764 1813 4807 autem
1836 4754 2036 4822 justius
2055 4756 2246 4811 animm

678 4856 734 4902 et
780 4846 983 4901 actioni
1027 4843 1148 4914 ejus
1200 4843 1338 4897 banc
1394 4844 1829 4897 communionem
1874 4846 2244 4914 tribuendam;

681 4932 1132 5007 quandoquidem
1169 4949 1190 4987 ι
1230 4932 1332 4997 Qui
1369 4934 1608 4987 adhaeret
1638 4934 1880 4998 Clu-isto,
1913 4951 2053 4990 unus
2083 4936 2245 5005 spiri-

681 5036 771 5080 tus
791 5031 1017 5078 est-eum
1049 5037 1112 5075 eo
1143 5020 1235 5074 ⁸³⁸.
1266 5038 1285 5071 ι
1316 5021 1528 5085 Quibus
1554 5021 1729 5077 verbis
1759 5023 2088 5089 declaratur,
2105 5026 2244 5082 banc

682 5121 1125 5171 communionem
1158 5120 1212 5168 et
1241 5113 1649 5167 coalescentiam
1687 5114 1739 5168 in
1775 5118 1953 5170 anima
2002 5126 2059 5171 et
2096 5132 2246 5171 men-

685 5222 737 5266 te
765 5210 941 5279 potius
974 5208 1292 5261 consistere.
1342 5205 1469 5261 ldeo
1532 5221 1636 5260 non
1693 5222 1887 5276 corpus
1921 5209 2121 5273 solum,
2152 5210 2246 5265 sed

686 5303 923 5355 animam
956 5307 1249 5367 quoque,et
1282 5310 1533 5359 mentem,
1559 5306 1612 5351 et
1646 5299 2072 5365 voluntatem,et
2100 5318 2248 5372 quae-

688 5405 905 5458 cunque
929 5388 1161 5442 bumana
1192 5389 1507 5455 assumpsit,
1538 5389 1765 5444 utnobis
1796 5394 1925 5446 totis
1952 5395 2093 5448 uniri
2117 5411 2244 5463 pos-

686 5486 793 5545 set,
818 5492 1024 5548 nosque
1045 5484 1188 5531 totos
1204 5476 1543 5544 pervaderet,
1593 5478 1718 5533 etin
1744 5481 1980 5551 seipsum
2012 5485 2249 5540 resolve-

757 5655 1044 5718 wl'fim.
1085 5670 1168 5721 vr,
1198 5654 1252 5709 2.
1327 5654 1373 5687 “
1400 5655 1415 5709 Ι
1446 5655 1571 5712 Cor.
1604 5671 1698 5725 an,
1733 5661 1822 5715 27.

2350 4682 2661 4753 καιοσύνην.
2693 4685 2765 4738 Τὸ
2793 4685 2902 4755 γὰρ
2935 4704 2953 4736 ι
2985 4685 3151 4755 Σῶμα
3176 4685 3412 4756 Χριστοῦ
3443 4688 3613 4756 ἔσμεν
3641 4687 3737 4739 καὶ
3766 4687 3897 4757 μέλη

2348 4772 2414 4825 ἐκ
2463 4772 2680 4844 μέρους,
2732 4793 2751 4827 ι
2805 4776 2866 4828 οὗ
2898 4776 3040 4829 κατά
3086 4777 3146 4829 τὸ
3200 4776 3359 4847 σῶμα
3413 4777 3574 4847 μόνον
3621 4776 3900 4846 νομιστέον

2348 4862 2619 4932 εἰρῆσθαι,
2652 4864 2787 4918 ἀλ.λά
2834 4864 3016 4936 πολλῷ
3044 4867 3382 4936 δικαιότερον
3428 4870 3492 4939 τῇ
3524 4866 3667 4936 ψυχῇ
3716 4870 3812 4921 καὶ
3838 4870 3900 4937 τῇ

2349 4950 2471 5003 κατ’
2500 4951 2668 5022 αὐτὴν
2696 4953 2947 5025 ἐνεργείᾳ
2974 4955 3075 5024 τὴν
3097 4956 3383 5009 κοινωνίαν
3418 4956 3706 5008 ἀποδοτέον
3736 4957 3899 5009 ἐστίν’

2342 5038 2468 5092 επεὶ
2494 5043 2590 5095 καὶ
2625 5062 2644 5093 ι
2672 5046 2699 5096 ὁ
2722 5044 3059 5115 κολλώμενος
3086 5047 3163 5116 τῷ
3184 5048 3374 5116 Κυρίῳ
3401 5046 3457 5099 ἓν
3481 5046 3699 5114 πνεῦμά
3717 5050 3851 5114 ἐστι,
3879 5066 3898 5100 ι

2348 5130 2503 5185 τοῦτό
2541 5132 2658 5185 ἐστι
2704 5134 3033 5199 δεικνύντος,
3081 5137 3178 5206 τὴν
3224 5137 3511 5191 κοινωνίαν
3563 5137 3772 5205 ταύτην
3816 5140 3903 5191 καὶ

2353 5224 2630 5289 συμφυΐαν
2671 5224 2765 5276 ἐπὶ
2800 5224 2895 5278 τοῦ
2935 5226 3025 5279 νοῦ
3061 5227 3294 5297 μάλιστα
3326 5210 3647 5280 συνεστάναι
3679 5227 3776 5287 καὶ
3811 5229 3903 5296 τῆς

2347 5308 2544 5380 ψυχῆς.
2590 5313 2690 5367 Διὰ
2733 5314 2889 5367 τοῦτο
2924 5316 3030 5387 γὰρ
3073 5317 3134 5370 οὐ
3185 5316 3342 5385 σῶμα
3392 5316 3672 5385 περιέθετο
3727 5319 3900 5383 μόνον,

2351 5400 2486 5453 ἀλλὰ
2511 5402 2606 5455 καὶ
2632 5403 2808 5475 ψυχὴν
2841 5404 2997 5458 ἔλαϐε
3028 5405 3123 5459 καὶ⁵
3151 5404 3276 5459 νοῦν
3297 5406 3388 5458 καὶ
3421 5405 3640 5474 θέλησιν
3673 5406 3767 5458 καὶ
3798 5406 3903 5458 πᾶν

2353 5492 2535 5547 ὁτιοῦν
2570 5495 2933 5566 ἀνθρώπειον,
2977 5496 3046 5550 ἵν’
3076 5497 3217 5562 ὅλοις
3248 5499 3377 5568 ἡμῖν
3409 5498 3674 5567 ἑνωθῆναι
3703 5496 3903 5568 δυνηθῇ

1901 5658 1969 5692 δ’·
2002 5662 2169 5719 lCor.
2198 5680 2272 5733 vr,
2309 5665 2396 5720 17.
