4154 6308
246 413 357 475 593

1269 422 1362 479 DE
1406 423 1576 481 Vl'l‘A
1629 425 1702 483 IN
1744 424 2085 483 ClllilS'l‘O-
2139 425 2282 483 ΗΒ.
2326 423 2423 485 ιν.

3375 419 3481 484 591.

247 526 345 577 καὶ
368 524 599 579 δι’δλων
644 528 803 595 ἡμῶν
834 530 1077 599 χωρήσῃ,
1116 534 1209 582 καὶ
1246 534 1377 598 πρὸς
1423 534 1616 586 ἑαυτὸν
1653 536 1800 604 ἡμᾶς

1929 542 2008 595 ‘et,
2042 549 2164 587 cum
2199 535 2455 588 otnmbus
2487 532 2689 597 omnia,
2724 532 2926 588 nostris
2961 547 3059 587 sua
3114 537 3482 601 cougmtinas-

249 618 513 687 ἀναλύσῃ,
544 620 679 671 πᾶσι
729 621 908 672 πάντα
959 620 1203 689 συνάψας
1245 627 1355 686 τοῖς
1404 625 1690 695 ἡμετέροις
1736 627 1804 679 τά

246 707 467 772 ἑαυτοῦ,
520 708 640 761 ὅθεν
693 710 1101 777 ἁμαρτάνουσιν
1156 713 1498 781 ἀνάρμοστός
1550 718 1662 768 ἐστι
1712 716 1805 768 καὶ

247 797 569 864 ἀκόλλητος,
598 801 679 852 ὅτι
711 800 881 870 ταύτῃ
921 801 1080 869 μόνον
1126 804 1303 855 κοινὸν
1336 806 1462 873 ἡμῖν
1492 806 1626 874 πρὸς
1668 809 1807 858 ἐκεῖ⁴

250 900 361 936 νον.
398 886 439 937 Τ
445 888 475 937 ἃ
504 889 613 956 γάρ
646 887 777 939 ἄλλα
804 888 979 940 πάντα
1014 891 1105 941 καὶ
1140 890 1355 957 ἐδέξατο
1386 894 1511 962 παρ’
1538 895 1690 964 ἡμῶν
1723 913 1809 963 φι-

248 976 586 1055 λανθρώπως
637 981 729 1031 καὶ
783 981 914 1048 ἡμῖν
962 980 1226 1034 συνάπτει
1277 982 1803 1054 φιλανθρωπότερον.

250 1066 324 1115 Τὸ
363 1076 463 1131 μιν
492 1070 601 1137 γὰρ
628 1065 695 1135 ἦν
738 1070 827 1122 τὸν
855 1071 987 1122 Θεὸν
1035 1071 1114 1131 εἰς
1140 1072 1241 1139 τὴν
1280 1072 1381 1140 γῆν
1421 1074 1718 1134 κατελθεῖν,
1749 1073 1808 1125 τὸ

250 1153 307 1205 δὲ
331 1156 476 1223 ἡμᾶς
512 1156 720 1210 ἐνθένδε
747 1159 1046 1226 ἀναγαγεῖν
1122 1161 1218 1212 καὶ
1249 1162 1308 1212 τὸ
1335 1161 1435 1230 μὲν
1468 1162 1628 1216 αὑτὸν
1662 1164 1811 1215 ἐναν-

248 1246 564 1316 θρωπῆσαι,
603 1250 663 1302 τὸ
703 1249 761 1303 δέ
806 1253 897 1304 τὸν
944 1254 1232 1323 ἄνθρωπον
1275 1255 1574 1324 θεωθῆναι·
1615 1231 1711 1309 κάὶ
1750 1256 1811 1307 τὸ

255 1340 355 1409 μὲν
392 1341 489 1409 τὴν
520 1342 681 1410 φύσιν
714 1342 903 1406 ἁπλῶς
946 1344 1055 1396 τῶν
1091 1344 1305 1400 ὀνειδῶν
1349 1346 1700 1411 ἀπαλλάττει,
1725 1346 1813 1415 ἐφ’

249 1432 335 1483 ἐνὶ
370 1430 583 1501 σώματι
622 1435 715 1486 καὶ
751 1436 851 1504 μιᾷ
876 1434 1022 1505 ψυχῇ
1060 1436 1156 1505 τὴν
1185 1437 1462 1507 ἁμαρτίαν
1489 1432 1813 1507 νικήσασαν,

249 1522 312 1572 τὸ
340 1522 396 1574 δὲ
433 1523 664 1576 ἕκαστον
684 1526 792 1577 τῶν
827 1527 1129 1593 ἀνθρώπων
1156 1530 1439 1597 ἁμαρτιῶν
1470 1529 1693 1582 ἀπολύει
1720 1530 1814 1582 καὶ

248 1612 372 1681 Θεῷ
405 1613 682 1683 συνίστησι
750 1615 934 1671 ταῦτα
959 1617 1014 1669 δὲ
1044 1618 1265 1671 ἐκείνων
1306 1619 1811 1689 φιλανθρωπότερα.

264 1706 420 1757 Ἐπεὶ
460 1706 569 1774 γὰρ
625 1706 727 1759 οὐκ
763 1705 889 1776 ἐνῆν
934 1710 1079 1776 ἡμᾶς
1124 1709 1446 1772 ἀνελθόντας
1499 1711 1606 1762 τῶν
1650 1712 1811 1765 αὐτοῦ

253 1799 572 1866 μετασχεῖν,
610 1797 768 1860 αὐτὸς
801 1800 1080 1853 κατελθὼν
1115 1802 1192 1863 είς
1218 1804 1360 1871 ἡμᾶς
1388 1802 1495 1854 τῶν
1523 1803 1811 1873 ἡμετέρων

256 1889 686 1957 μεταλαμϐάνει,
727 1894 821 1943 καὶ
852 1892 1024 1952 οὕτως
1069 1894 1315 1963 ἀκριϐῶς
1348 1892 1425 1954 οἷς
1464 1895 1623 1948 ἔλαϐε
1682 1914 1807 1949 συν·

253 1979 420 2048 εφύη,
448 1979 586 2032 ὥστε
616 1982 681 2034 δι’
706 1975 780 2036 ὧν
800 1985 951 2052 ἡμῖν.
976 1984 1011 2038 ἃ
1034 1984 1163 2053 παρ’
1195 1985 1349 2053 ἡμῶν
1380 1985 1592 2050 Ελαοεν,
1634 1988 1813 2039 ἀποδί-

255 2071 443 2134 δωσιν,
475 2073 665 2125 ἐαυτοῦ
713 2075 1058 2140 μεταδίδωσι,
1084 2076 1175 2128 καὶ
1218 2077 1415 2145 σαρκὸς
1452 2078 1543 2129 καὶ
1586 2078 1813 2145 αἵματος

260 2164 579 2231 μετέχοντες
613 2165 958 2232 ἀνθρωπείου
992 2167 1082 2218 τὸν
1116 2168 1246 2218 Θεὸν
1283 2170 1445 2221 αὐτὸν
1476 2172 1594 2230 ταῖς
1617 2172 1816 2238 ψυχαῖς

253 2252 543 2320 δεχόμεθα.
577 2254 669 2306 καὶ
702 2255 859 2325 σῶμα
886 2255 1020 2308 Θεοῦ
1049 2258 1145 2310 καὶ
1178 2255 1314 2324 αἷμα
1346 2263 1437 2313 καὶ
1477 2260 1653 2332 ψυχὴν
1682 2260 1816 2313 Θεοῦ

257 2349 359 2398 καὶ
388 2346 511 2399 νοῦν
540 2347 633 2399 καὶ
685 2347 901 2417 θέλησιν
934 2350 1086 2401 οὐδὲν
1126 2350 1347 2403 ἔλαττον
1394 2354 1426 2420 ἢ
1481 2355 1815 2423 ἀνθρώπινα.

263 2437 416 2489 Ἐδει
448 2437 553 2507 γὰρ
604 2440 695 2492 καλ⁵
723 2438 879 2491 τοῦτο
909 2436 1046 2492 εἶναι
1092 2443 1309 2495 κάκεῖνο
1341 2444 1590 2509 γενέσθαι
1632 2445 1691 2496 τὸ
1724 2447 1820 2513 τῆς

262 2529 408 2594 ἐμῆς
436 2528 716 2589 ἀσθενείας
743 2532 1032 2599 φάρμακον
1101 2535 1149 2585 εἰ
1192 2534 1290 2597 μὲν
1320 2536 1427 2602 γὰρ
1468 2536 1597 2595 Θεὸς
1632 2532 1697 2605 ἦν
1728 2537 1821 2604 μό·

260 2636 377 2679 νον.
410 2619 505 2672 οὐκ
529 2621 591 2673 ἂν
619 2620 788 2682 οὕτως
825 2622 1002 2694 ήνῴθη
1064 2624 1179 2687 πῶς
1210 2627 1316 2693 γέρ
1347 2629 1411 2679 ἂν
1452 2630 1581 2697 ἡμῖν
1609 2631 1823 2696 ἐγένετο

256 2711 512 2773 δεῖπνονς
550 2712 611 2764 Εἰ
657 2712 701 2765 δ’
751 2714 888 2783 ὅπερ
938 2715 1097 2783 ἡμεῖς
1152 2718 1331 2785 μόνον,
1396 2718 1495 2770 οὐκ
1545 2720 1609 2772 ἂν
1652 2720 1823 2784 οὕτως

264 2802 481 2870 ἔδρασε.
513 2802 626 2855 Νῦν
660 2804 716 2858 δὲ
746 2804 805 2855 τὸ
839 2804 1241 2872 συναμφότερον
1302 2808 1443 2859 οὕτω
1471 2809 1568 2875 μὲν
1599 2809 1672 2871 ὡς
1697 2812 1826 2877 δμο-

262 2898 485 2961 γενέσιν
534 2894 747 2949 ἑνοῦται
801 2897 893 2949 καὶ
954 2898 1259 2965 συμφύεται
1316 2902 1426 2962 τοῖς
1478 2900 1823 2969 ἀνθρώποις,

266 2984 493 3044 ἐκείνως
524 2986 578 3037 δὲ
607 2987 704 3055 τὴν
730 2985 894 3054 φύσιν
934 2984 1063 3056 ἆραι
1097 2988 1317 3041 δύναται
1355 2989 1449 3041 καὶ
1485 2991 1705 3058 νικῆσαι
1733 2994 1827 3045 καὶ

269 3075 409 3141 πρδς
459 3077 647 3128 ἑαυτὸν
709 3078 1067 3146 μεταστῆσαι.
1103 3080 1221 3131 Τῶν
1266 3079 1376 3151 γὰρ
1415 3082 1700 3151 δυνάμεων
1731 3084 1831 3146 τὰς

1908 637 2008 680 sel.
2039 625 2193 681 Unde
2216 626 2563 693 peccantibus
2587 626 2829 695 adaptari
2874 634 2927 678 et
2952 628 3225 679 cohaerere
3259 641 3361 679 non
3380 642 3482 695 pos

1910 727 2050 781 test,
2072 719 2329 786 quoniam
2358 718 2458 771 hac
2490 726 2700 770 tantum
2728 717 2939 769 ratione
2976 716 3123 768 nulla
3162 717 3322 770 nobis
3352 733 3477 769 cum

1908 808 1998 861 illo
2028 808 2381 862 consociatio.
2402 806 2532 861 Nam
2563 818 2755 860 caetera
2800 806 2980 859 omnia
3014 817 3069 860 et
3101 807 3407 859 humaniter
3452 823 3481 859 a

1910 898 2067 952 nobis
2090 898 2349 965 suscepit,
2376 909 2427 952 et
2446 915 2541 952 sua
2562 899 2845 951 nobiscum
2868 896 3481 962 humaniusconjunxit.

1912 989 2046 1041 Illud
2085 998 2201 1042 erat
2236 987 2403 1042 Deum
2451 989 2503 1041 in
2558 996 2735 1042 terras
2765 986 3131 1048 descendisse,
3166 986 3311 1039 istud
3378 1001 3479 1040 nos

1912 1079 2035 1132 hinc
2062 1079 2116 1132 in
2154 1079 2352 1132 coelum
2388 1079 2748 1142 subvexisse;
2789 1077 2916 1129 illud
2941 1076 3121 1145 ipsum
3190 1076 3474 1129 hominem

1911 1172 2112 1226 factum
2141 1188 2283 1237 esse,
2312 1174 2412 1227 hoc
2449 1174 2723 1225 hominem
2761 1170 2929 1223 Deum
2954 1170 3236 1234 evasisse;
3259 1177 3312 1222 et
3350 1168 3485 1221 illud

1912 1262 2132 1327 quidem
2180 1272 2432 1315 naturam
2469 1262 2679 1329 probris
2711 1276 2774 1314 ac
2804 1260 3071 1313 dedecere
3098 1259 3316 1327 penitus
3355 1258 3481 1311 lihe-

1913 1363 2016 1415 rat,
2050 1353 2173 1421 quia
2210 1354 2262 1406 in
2298 1370 2406 1406 uno
2461 1367 2688 1421 corpore
2722 1361 2775 1405 et
2832 1366 2934 1404 una
2981 1351 3157 1403 anima
3205 1360 3486 1419 peccatum

1914 1446 2135 1505 devicit;
2164 1446 2263 1498 hoc
2288 1460 2731 1512 unumquemque
2761 1444 3032 1497 hominem
3064 1458 3090 1493 a
3115 1449 3342 1507 peccato
3364 1440 3489 1493 vin-

1914 1536 2059 1589 dieat
2118 1536 2332 1602 hecque
2358 1534 2724 1588 commendat.
2784 1532 2908 1586 Haec
2963 1548 3121 1601 porro
3152 1531 3259 1584 illis
3294 1532 3489 1583 huma-

1914 1625 2081 1677 nitate
2110 1631 2390 1690 praestant.
2426 1620 2692 1685 Quoniam
2754 1621 2898 1673 enim
2956 1634 3052 1673 nos
3084 1618 3401 1676 ascendere,
3437 1624 3491 1669 et

1914 1714 2180 1769 bonorum
2214 1713 2334 1779 ejus
2375 1711 2671 1780 participes
2708 1711 2820 1763 ﬁeri
2856 1726 2960 1762 non
2998 1710 3331 1767 valebamus,
3376 1708 3490 1773 ipse

1914 1807 1979 1858 ad
2014 1820 2111 1859 nos
2145 1803 2451 1864 descendit,
2487 1811 2836 1869 nostramque
2876 1800 3244 1852 conditionem
3302 1798 3489 1861 subiit,

1916 1897 2158 1966 adeoque
2180 1894 2423 1964 perfecte
2453 1896 2518 1949 iis
2540 1909 2661 1963 quae
2686 1894 3006 1961 assumpsit,
3039 1891 3265 1955 c0uluit,
3303 1899 3364 1944 ut
3400 1903 3493 1957 per

1917 2003 2036 2056 qua:
2052 1986 2228 2049 nobis,
2244 2002 2363 2055 quae
2377 2001 2406 2039 a
2426 1983 3150 2053 nobissumpsit,reddit,per
3167 1997 3230 2036 ea
3249 1980 3489 2048 seipsum

1917 2076 2300 2138 communicet,
2330 2085 2381 2129 et
2401 2090 2562 2128 carne
2580 2076 2950 2144 sanguineque
2973 2075 3209 2125 hmnano
3237 2078 3498 2124 constan-

1918 2176 2021 2232 tes,
2058 2169 2222 2221 Deum
2255 2168 2431 2235 ipsum
2462 2167 2750 2219 animabus
2774 2164 3160 2232 suscipiamus,
3197 2168 3251 2215 et
3289 2176 3491 2228 corpus

1919 2270 1975 2315 et
1999 2262 2339 2329 sanguinem,
2365 2268 2419 2310 et
2448 2256 2684 2310 animam
2711 2266 2765 2308 et
2797 2263 3028 2308 mentem
3054 2268 3118 2306 ac
3156 2252 3493 2305 voluntatem

1923 2348 2016 2401 Dei
2054 2328 2206 2416 teque
2252 2344 2585 2399 nthominis.
2623 2343 2921 2412 Oportebat
2950 2342 3219 2410 siquidem
3276 2350 3325 2392 et
3350 2328 3525 2392 aliud

1921 2457 2066 2503 esse,
2096 2450 2148 2493 et
2182 2440 2325 2493 aliud
2362 2438 2474 2491 fieri
2516 2436 2821 2507 aegritudini
2868 2450 3001 2487 mea:
3058 2432 3406 2486 medicinam.
3439 2432 3498 2485 Si

1922 2531 2064 2586 enim
2087 2529 2225 2581 Deus
2250 2536 2393 2582 esset
2417 2535 2648 2587 tantum,
2680 2540 2784 2578 non
2807 2524 2881 2576 ita
2915 2523 3179 2575 uniretnr.
3209 2520 3313 2584 Qui
3345 2520 3491 2571 enim

1924 2621 2081 2674 nobis
2112 2634 2264 2673 omna
2292 2617 2548 2671 fieret?Si
2580 2623 2760 2669 autem
2784 2624 2931 2667 esset
2963 2618 3177 2665 tantum
3211 2609 3357 2678 quod
3396 2623 3497 2661 nos

1926 2727 2138 2772 sumus,
2166 2710 2448 2763 nobiscum
2481 2724 2584 2764 non
2607 2707 2687 2760 sic
2703 2706 2922 2773 egisset.
2950 2703 3106 2756 Nunc
3138 2718 3261 2755 cum
3282 2710 3498 2754 utrum-

1926 2819 2030 2873 que
2048 2804 2137 2866 sit,
2161 2802 2263 2854 hoc
2294 2799 2516 2868 quidem
2571 2796 2909 2860 hominibus,
2948 2804 3005 2848 ut
3036 2796 3201 2847 homo
3230 2792 3501 2862 jungitur,

1926 2903 1979 2947 et
2009 2890 2279 2945 coalescit:
2299 2890 2402 2942 .illo
2429 2898 2674 2942 naturam
2694 2887 2956 2941 extollere
2985 2896 3037 2939 et
3067 2880 3326 2943 excitare,
3358 2890 3409 2934 et
3444 2882 3495 2933 in

1929 2982 2167 3049 seipsum
2201 2979 2499 3031 transferre
2530 2986 2728 3045 potest.
2786 2974 3095 3027 Facultates
3126 2972 3268 3024 enim
3306 2980 3501 3037 potent»

1936 3073 2130 3133 tiores,
2161 3070 2287 3123 siin
2324 3067 2653 3122 infirmiores
2693 3064 3008 3126 inciderint,
3051 3062 3354 3116 consistere
3408 3074 3505 3113 eas

264 3168 524 3230 ἐλάττους
557 3170 612 3223 αἱ
642 3170 862 3239 μείζους
892 3173 984 3223 ἐπὶ
1028 3172 1135 3224 τῶν
1165 3172 1342 3226 αὐτῶν
1381 3175 1581 3241 μένειν,
1610 3176 1824 3230 ἐπειδὰν

1933 3166 1985 3217 in
2009 3164 2199 3217 iisdem
2232 3176 2339 3215 non
2377 3160 2683 3229 patiuntur.
2715 3156 2779 3210 Et
2802 3155 3004 3210 ferrum
3033 3155 3139 3223 igni
3190 3153 3503 3222 impositum

266 3261 465 3322 αὑταῖς
500 3261 915 3329 συνενεχθῶσιν,
945 3263 1005 3314 οὐ
1053 3263 1416 3332 συγχωροῦσι,
1469 3270 1558 3317 καὶ
1608 3267 1822 3335 σίδηρος

266 3353 424 3404 οὐδὲν
461 3352 679 3422 σιδήρου
735 3353 889 3421 φέρει
944 3354 1075 3423 πυρὶ
1132 3354 1421 3418 συνελθὼν,
1485 3358 1577 3407 καὶ
1612 3359 1681 3423 γῆ
1733 3359 1827 3410 καὶ

264 3442 419 3511 ὕδωρ
445 3444 551 3494 τῶν
584 3444 798 3496 οἰκείων
826 3446 888 3496 τὰ
925 3445 1014 3496 τοῦ
1059 3445 1227 3521 πυρὸς
1265 3446 1612 3500 ἀλλάττονται
1660 3451 1825 3519 πυρὸς

266 3533 683 3587 ἀπολελαυκότα
756 3534 803 3585 εί
856 3535 914 3586 δέ
960 3534 1067 3586 τῶν
1118 3535 1391 3603 ὁμογενῶν
1437 3536 1717 3603 δυνάμεων
1770 3541 1827 3592 αἱ

269 3625 554 3691 κρείττους
578 3623 721 3675 οὕτω
744 3623 942 3691 δρῶσιν
971 3625 1049 3684 είς
1076 3624 1172 3686 τάς
1219 3625 1491 3687 ἐλάττους,
1521 3628 1574 3679 τί
1596 3629 1675 3680 δεῖ
1704 3629 1829 3698 περὶ

271 3715 374 3782 τῆς
400 3714 714 3784 ὑπερφυοῦς
745 3716 959 3781 ἐκείνης
986 3713 1239 3781 impleat;
1269 3716 1506 3785 1Ιιτινερδν
1530 3718 1728 3775 τοίνυν.
1755 3720 1828 3780 ὡς

271 3809 515 3874 ἐγχεῖται
558 3808 656 3870 μὲν
695 3807 828 3873 ἡμῖν
854 3806 881 3856 δ
922 3805 1155 3871 Χριστὸς
1185 3806 1279 3858 καὶ
1316 3806 1672 3874 ἀναμίγνυσιν
1704 3811 1830 3863 ἑαυ-

268 3898 385 3960 τδν,
414 3896 628 3965 thy-.563
671 3896 725 3947 δὲ
763 3898 852 3947 καὶ
889 3895 1019 3966 πρὸς
1058 3896 1246 3948 ἐαυτὸν
1291 3896 1615 3965 μεταὸάλλει
1666 3900 1836 3953 καθά-

273 4002 383 4053 περ
415 3982 603 4051 pausa
635 3983 836 4053 μικράν
862 3982 1049 4045 ὕδατος
1078 3984 1396 4052 ἐγχεθεῖσαν
1417 3986 1631 4056 ἀπείρῳ
1661 3988 1833 4059 μύρου

275 4075 525 4142 πελάγει.
574 4072 823 4127 Τοσαῦτα
859 4075 966 4142 γὰρ
997 4074 1220 4127 δύναται
1244 4077 1354 4136 τοῖς
1397 4075 1695 4144 ἐμπεσοῦσι
1720 4078 1834 4129 τόδε

273 4166 337 4217 τὸ
387 4166 577 4233 μύρον,
633 4163 772 4215 ὥστε
813 4164 912 4214 οὐκ
958 4163 1175 4225 εὐώδεις
1226 4165 1604 4218 ἀποδείκνυσιν
1652 4167 1835 4229 ἁπλῶς

271 4254 397 4308 οὐδὲ
431 4254 601 4323 μύρου
638 4252 901 4313 πνέοντας
932 4250 1111 4320 μόνον,
1146 4250 1261 4304 ἀλλ’
1293 4253 1520 4305 εὐωδίαν
1548 4254 1716 4323 αὐτὴν
1742 4254 1837 4323 τὴν

274 4347 392 4408 ἕξιν
424 4345 586 4397 αὐτοῦ
614 4342 708 4395 τοῦ
742 4342 1069 4403 κενωθέντος
1105 4343 1169 4395 δι’
1197 4345 1344 4412 ἡμᾶς
1403 4346 1577 4415 μύρου
1648 4365 1666 4396 ι
1703 4347 1840 4414 Χρι-

280 4437 411 4493 στοῦ
441 4438 571 4506 γάρ,
607 4439 791 4504 φησὶν,
824 4437 1020 4489 εὐωδία
1049 4436 1233 4501 ἐσμέν.
1269 4454 1287 4486 ι

1934 3256 2069 3312 nihil
2100 3254 2227 3309 ferri
2253 3252 2467 3308 retinet.
2486 3251 2651 3305 Terra
2677 3251 2804 3304 item
2831 3258 2883 3303 et
2900 3264 3041 3318 aqua
3072 3249 3123 3299 in
3149 3247 3325 3315 ignem
3362 3258 3502 3297 con-

1924 3348 2067 3417 jecta
2113 3346 2222 3415 igni
2277 3350 2577 3399 mutantur.
2611 3342 2763 3407 Quod
2795 3340 2838 3394 si
2876 3339 3190 3393 facultatum
3246 3344 3507 3405 cognata-

1930 3454 2049 3493 rum
2088 3436 2379 3491 validiores
2410 3437 2491 3489 sic
2548 3434 2602 3487 in
2635 3430 3018 3486 imbecilliores
3050 3435 3236 3497 agunt,
3280 3425 3409 3493 quid
3441 3425 3508 3478 de

1931 3529 2300 3600 illasingulari
2345 3536 2402 3600 et
2425 3524 2736 3579 admirabili
2763 3522 3022 3575 facultate
3053 3516 3511 3574 existimabimus?

1930 3596 2158 3678 Constat
2192 3596 2362 3689 igitur.
2403 3616 2680 3671 Christum
2736 3612 3021 3665 infundere
3083 3621 3138 3663 et
3185 3611 3415 3662 miscere
3452 3624 3509 3660 se

1934 3712 2114 3774 nobis,
2150 3718 2363 3762 mutare
2396 3721 2514 3766 nos,
2545 3714 2598 3756 et
2629 3703 2682 3755 in
2712 3718 2771 3757 se
2822 3709 3212 3763 transmutare,
3246 3706 3509 3763 tanquam

1934 3818 2088 3871 aquae
2123 3811 2329 3871 guttam
2360 3797 2627 3850 modicam
2661 3794 2901 3847 infusam
2952 3793 3218 3845 immenso
3250 3790 3511 3858 unguenti

1936 3895 2142 3964 pelago.
2180 3892 2412 3945 Tantum
2450 3889 2647 3956 quippe
2688 3884 3057 3938 incidentibus
3098 3881 3150 3933 in
3177 3897 3233 3935 se
3262 3894 3507 3949 unguen-

1938 3993 2076 4049 tum,
2105 3983 2243 4037 istuc
2288 3987 2529 4050 praestat,
2577 3986 2769 4030 utnon
2798 3976 2977 4031 solum
3020 3975 3187 4043 plane
3222 3972 3508 4035 odoratos,

1939 4091 2039 4131 nec
2098 4084 2447 4142 unguentum
2511 4071 2786 4139 Spirantes
2843 4064 3243 4123 tantummodo.
3273 4063 3366 4117 sed
3405 4062 3515 4116 fra—

1940 4165 2211 4238 grantiam
2240 4165 2417 4233 ipsam
2452 4162 2663 4223 habitu,
2710 4168 2765 4213 et
2796 4159 2999 4213 bonum
3059 4158 3283 4211 odorem
3346 4154 3518 4223 ipsius

1942 4258 2203 4327 unguenti
2231 4262 2449 4323 propter
2484 4270 2585 4307 nos
2626 4251 2789 4307 effusi
2824 4250 3045 4304 reddat:
3092 4264 3115 4297 ι
3144 4246 3349 4301 Christi
3372 4244 3514 4297 enim

1942 4350 2117 4403 bonus
2138 4350 2271 4402 odor
2301 4361 2490 4401 sumus
2522 4345 2587 4413 ‘°,
2622 4363 2641 4397 ι
2672 4343 2867 4413 inquit.

356 4529 618 4597 Τοιαύτη-ι
650 4526 760 4595 ἔχει
794 4527 1021 4594 δύναμιν
1056 4529 1146 4578 καὶ
1171 4528 1328 4595 χάριν
1355 4527 1465 4588 τοῖς
1516 4528 1824 4597 τετελεσμέ-

2017 4519 2164 4574 llanc
2212 4519 2317 4572 vim
2341 4526 2394 4572 et
2421 4519 2648 4587 gratiam
2681 4517 2822 4585 apud
2859 4516 3327 4571 communicantes
3367 4526 3523 4567 coena

278 4640 393 4682 νοις
429 4622 487 4670 τὸ
524 4620 737 4672 δεῖπνον
805 4618 898 4670 ἐάν
928 4634 991 4684 γε
1036 4618 1264 4685 καθαροὶ
1310 4616 1697 4684 προσελθόντες
1737 4636 1839 4671 κα-

279 4714 406 4774 κίας
431 4710 649 4778 ἁπάσης
678 4707 842 4778 μηδὲν
868 4708 1324 4775 ἐπεισαγάγωμεν
1351 4707 1539 4760 ἔπειτα
1571 4710 1802 4779 πονηρόν
1820 4726 1834 4739 .

278 4802 426 4855 οὕτω
464 4800 570 4869 γὰρ
594 4798 775 4866 έχουσι
827 4800 919 4851 καὶ.
955 4797 1493 4867 παρεσκευασμένοις
1542 4798 1691 4850 οὐδὲν
1725 4816 1835 4852 κω-

282 4893 436 4946 λύσει
466 4889 556 4942 τδν
605 4888 839 4955 Χριστὸν
867 4886 1039 4947 οὕτως
1080 4887 1322 4956 ἀκριΰῶς
1355 4888 1484 4955 ἡμῖν
1530 4889 1796 4957 ἐνωθῆναι
1819 4904 1832 4917 ο

290 5002 311 5035 ι
343 4983 415 5035 Τὸ
452 4977 752 5049 μυστήριον
778 4974 936 5027 τοῦτο
962 4976 1102 5044 μέγα
1134 4976 1267 5036 ἐστὶ,
1311 4993 1328 5025 ι
1370 4975 1466 5043 τὴν
1495 4974 1685 5027 ἕνωσιν
1714 4976 1841 5029 ταύ-

284 5090 383 5144 την
432 5070 661 5139 ὲξαίρων
693 5069 720 5119 ὁ
762 5066 1026 5136 μακάριος
1076 5065 1177 5132 ἔφη
1240 5065 1444 5127 Παῦλος
1528 5067 1685 5118 τοῦτο
1735 5066 1842 5136 γάρ

288 5166 435 5217 ἐστιν
466 5161 494 5213 δ
528 5158 701 5227 γάμος
752 5161 785 5209 ἁ
812 5155 1207 5224 πολυύμνητος,
1261 5156 1380 5206 καθ’
1420 5155 1478 5206 ὃν
1525 5157 1550 5207 ὁ
1581 5158 1842 5223 πανάγιος

289 5253 515 5320 νυμφίος
537 5254 636 5318 τὴν
672 5247 994 5316 Ἐκκλησίαν
1015 5245 1087 5308 ὡς
1114 5246 1378 5313 παρθένον
1396 5246 1585 5309 ἄγεται
1604 5247 1842 5315 νύμφην.

295 5345 402 5397 Καὶ
433 5341 541 5408 γὰρ
588 5338 821 5391 ἐνταῦθα
852 5336 949 5405 μὲν
986 5337 1013 5387 ὁ
1043 5334 1273 5403 Χριστὸς
1314 5332 1566 5400 ἐκτρέφει
1600 5333 1690 5384 τὸν
1722 5334 1848 5398 περὶ

290 5433 451 5484 αὑτὸν
479 5431 656 5498 χορὸν,
677 5430 849 5496 τούτῳ
871 5428 925 5479 δὲ
959 5426 1100 5495 μόνῳ
1131 5426 1236 5478 τῶν
1261 5426 1570 5494 μυστηρίων
1601 5442 1618 5475 ι
1652 5426 1850 5491 σάρκες

294 5522 459 5589 ἐσμὲν
488 5523 551 5571 ὲκ
581 5518 687 5571 τῶν
715 5518 931 5586 σαρκῶν
957 5516 1143 5583 αὐτοῦ,
1169 5516 1411 5568 καὶὸστᾶ
1435 5517 1498 5567 ἐκ
1537 5517 1646 5565 τῶν
1674 5514 1851 5567 ὀστῶν

296 5611 483 5665 αὑτοῦ.
515 5630 533 5661 ι
565 5610 751 5665 Ταῦτα
770 5610 825 5661 δέ
853 5612 1020 5673 ἐστιν,
1052 5602 1131 5671 οἷς
1163 5610 1190 5661 ὁ
1220 5606 1513 5669 ἀπόστολος
1536 5607 1852 5675 ὁριζόμενος

382 5792 426 5825 ⁸⁸
458 5794 497 5849 ιι
529 5793 657 5850 Cor.
694 5806 754 5857 it,
796 5790 877 5845 l5.
956 5790 997 5821 ’⁵⁷
1028 5787 1204 5860 Ephrs
1260 5803 1313 5854 ν,
1350 5786 1438 5840 52.

1943 4609 2398 4678 habet,siquidem
2413 4608 2558 4661 omni
2578 4607 2695 4661 labe
2707 4618 2952 4661 carentes
2968 4623 3086 4660 cum
3104 4602 3520 4665 act-csserimus,

1943 4700 2081 4756 nihil
2112 4709 2296 4768 postea
2318 4699 2441 4754 novi
2464 4698 2688 4753 sceleris
2706 4697 3155 4751 consciverimus.
3176 4694 3267 4749 Sic
3285 4695 3429 4749 enim
3453 4693 3527 4747 af-

1943 4792 2120 4857 fectis,
2143 4798 2198 4845 et
2224 4789 2431 4859 paratis
2453 4789 2628 4853 nobis,
2660 4788 2795 4842 nihil
2821 4788 3113 4856 perfectam
3148 4785 3354 4839 Christi
3387 4800 3529 4839 con-

1934 4881 2271 4960 junctionem
2299 4879 2583 4933 nobiscum
2610 4874 2929 4930 retardabit:
2958 4876 3399 4929 tSacramentum
3421 4873 3529 4925 hoc

1951 4983 2204 5038 magnum
2224 4967 2413 5031 est",:
2436 4967 2688 5033 copulam
2710 4966 2869 5019 istam
2894 4963 3151 5028 eﬂ‘erens,
3176 4964 3366 5017 beatus
3388 4962 3527 5015 Pau-

1951 5060 2037 5116 lus
2070 5059 2167 5114 ait.
2198 5057 2287 5111 llze
2326 5068 2453 5111 sunt
2487 5057 2632 5110 enim
2668 5057 2870 5126 nuptiae
2890 5056 3302 5118 landatissimue,
3329 5053 3531 5124 quibus

1953 5149 2294 5205 castissimus
2314 5149 2403 5202 ille
2421 5162 2654 5217 sponsus
2678 5146 2976 5202 Eeclcsiam
3002 5156 3061 5201 ut
3078 5147 3339 5215 virginem
3368 5159 3533 5211 spon-

1956 5256 2071 5294 sam
2105 5240 2274 5293 dueit.
2306 5237 2405 5291 Hic
2438 5240 2583 5291 cnim
2604 5238 2849 5291 Christus
2900 5238 3125 5290 chormn
3163 5237 3264 5290 sibi
3310 5234 3526 5287 allixum

1957 5330 2072 5384 alit.
2096 5329 2207 5382 Hoc
2228 5328 2346 5382 solo
2368 5329 2623 5398 mysterio
2646 5344 2803 5381 «caro
2823 5341 3013 5383 sumus
3036 5329 3100 5382 de
3130 5343 3293 5380 carne
3322 5328 3462 5394 ejus,
3479 5333 3534 5379 et

1960 5436 2079 5475 ossa
2113 5421 2177 5475 de
2205 5420 2424 5474 ossibus
2446 5420 2564 5487 ejus
2599 5421 2664 5474 “.
2713 5420 2892 5474 Lilaoc
2922 5430 3051 5476 sunt
3077 5462 3091 5486 ,
3118 5420 3319 5490 quibus
3382 5418 3535 5486 Λυο·

1961 5511 2138 5567 stolus
2161 5513 2378 5580 nuptias
2395 5514 2661 5567 definiens
2692 5513 2967 5567 Christum
3000 5528 3122 5567 esse
3149 5526 3409 5580 sponsum
3436 5510 3533 5565 do-

1962 5613 2066 5670 cet,
2099 5610 2157 5658 ct
2183 5618 2307 5659 eum
2336 5619 2594 5674 sponsam
2631 5606 2824 5660 habere
2852 5605 3113 5672 Joannes,
3146 5604 3307 5675 hujus
3324 5616 3535 5659 connu—

1519 5784 1559 5815 "
1587 5783 1720 5837 Gen.
1766 5796 1825 5848 tl,
1858 5781 1944 5835 21.
