4154 6308
763 454 868 517 595

1961 471 2267 530 NICOLAI
2307 471 2696 533 CABASILE

3884 474 3985 537 59G

766 569 841 623 hii
872 584 1072 640 auspex
1102 582 1155 626 et
1180 574 1499 628 conciliator
1530 576 1605 628 ait
1636 577 1701 629 δ’.
1752 578 1863 632 lloc
1920 591 2305 635 sacramentum

2420 586 2508 639 τὸν
2545 590 2745 653 γάμον,
2794 584 3023 653 νυμφίον
3071 585 3416 638 ἀποδείκνυσι
3459 585 3548 637 τον
3579 585 3812 655 Χριστὸν
3848 584 3982 638 εἶναι

762 659 946 716 lumen
983 673 1065 717 est
1094 664 1207 731 jam
1275 666 1536 733 purgatis;
1567 667 1620 721 in
1657 668 1739 724 bis
1769 679 1971 727 autem.
2010 673 2099 739 qui
2127 672 2320 725 etiam-

765 768 893 804 num
928 764 1245 822 purgantur,
1277 757 1537 825 purgandi
1565 757 1879 814 facultatem
1911 758 2070 815 habet
2102 772 2319 816 eontra-

761 861 866 913 que
889 847 1181 916 malignum
1208 857 1261 901 et
1292 849 1629 904 turbulentas
1652 852 1815 905 animi
1841 854 2108 908 motiones
2130 855 2319 909 decer-

761 947 959 1000 tantes,
994 937 1138 991 sicut
1166 939 1401 993 athletas
1438 942 1487 992 in
1524 944 1877 1010 gymnasticis
1929 945 2318 999 certaminibus

763 1023 932 1091 ungit.
965 1024 1075 1079 illis
1112 1041 1346 1095 namque
1386 1030 1512 1082 nihil
1556 1039 1723 1084 restat
1766 1032 1935 1094 aliud,
1978 1048 2139 1099 quam
2172 1033 2319 1085 velut

761 1114 917 1179 pulso
952 1117 1021 1169 ab
1067 1118 1241 1172 oculis
1292 1120 1423 1172 vitio
1458 1162 1471 1184 ,
1528 1120 1708 1175 lumen
1764 1123 1947 1176 mundi
2013 1125 2313 1177 admittere.

760 1206 861 1269 Qui
903 1217 1080 1261 autem
1128 1214 1268 1263 unde
1328 1213 1541 1279 purgari
1573 1222 1794 1282 queant,
1832 1216 2008 1270 adhuc
2050 1218 2313 1287 indigent,

757 1312 854 1352 eos
888 1298 1146 1366 quidnam
1175 1302 1345 1360 aliud.
1371 1306 1833 1373 quaeso,purgct?
1872 1325 1888 1357 t
1917 1305 2149 1374 Sanguis
2172 1311 2312 1362 enim

757 1388 881 1442 Filii
928 1389 1021 1443 Dei
1052 1392 1311 1445 emundat
1365 1409 1464 1449 nos
1498 1396 1565 1449 ab
1611 1399 1756 1448 omni
1805 1412 2047 1465 peccato,
2095 1418 2112 1449 ι
2143 1402 2317 1468 inquit

752 1476 993 1534 Joannes
1022 1482 1067 1513 ⁵ο
1105 1481 1322 1536 Christo
1378 1484 1753 1539 charissimns.
1813 1488 2101 1542 Victoriam
2161 1506 2317 1559 porro

752 1579 942 1623 contra
1001 1572 1315 1642 malignum,
1345 1589 1375 1628 a
1430 1576 1652 1630 Christo
1687 1580 1799 1632 solc
1838 1580 2139 1647 dependere
2198 1586 2317 1652 quiis

757 1658 975 1713 nescit?
1030 1661 1190 1730 cujus
1260 1664 1429 1719 solius
1480 1675 1679 1735 carpus
1737 1677 1992 1737 tropaeum
2060 1673 2316 1728 adversus

754 1758 1032 1816 peccatum
1091 1753 1283 1815 erexit,
1347 1762 1400 1807 et
1466 1770 1560 1820 per
1614 1758 1716 1811 hoc
1769 1761 2086 1829 Oppugnatis
2125 1766 2318 1819 all'crre

753 1841 1014 1894 auxilium
1065 1852 1282 1910 potest,
1321 1844 1375 1899 in
1406 1861 1513 1916 quo
1567 1848 1683 1915 ipso
1726 1866 1917 1918 passus
1972 1862 2073 1915 est,
2112 1864 2162 1908 et
2201 1866 2315 1908 ten-

754 1937 897 1985 tatus
956 1932 1104 1987 vicit.
1144 1935 1411 1998 Quoniam
1460 1938 1600 1990 enim
1656 1942 1803 1994 carni
1861 1958 1983 1996 cum
2038 1947 2144 1998 vita
2202 1947 2283 2015 εςρί

754 2016 932 2073 ι-ἰιοιιί
984 2021 1117 2074 nihil
1156 2023 1235 2076 rei
1295 2034 1378 2078 est
1413 2041 1571 2093 quam
1619 2029 1781 2082 etiam
1836 2032 2104 2087 hostiliter
2146 2036 2259 2089 odit
2300 2054 2313 2089 :

756 2126 776 2159 ι
823 2108 1171 2179 Concupiscit
1218 2116 1383 2178 enim,
1427 2117 1625 2186 inquit,
1668 2136 1796 2175 caro
1845 2124 2104 2179 adversus
2150 2128 2313 2195 spiri-

753 2210 866 2252 tum
895 2200 963 2264 ";
1002 2219 1023 2253 ι
1057 2203 1126 2257 ob
1151 2203 1203 2257 id
1236 2207 1537 2276 excogitata
1572 2220 1623 2263 et
1658 2212 1874 2267 inventa
1908 2224 1990 2269 est
2019 2232 2146 2271 caro
2178 2232 2312 2272 con-

750 2298 831 2345 tra
903 2307 1146 2359 carnem,
1200 2307 1388 2352 contra
1445 2308 1712 2356 terrenam
1753 2308 2051 2375 spiritualis
2088 2329 2101 2364 :
2138 2322 2190 2365 et
2231 2312 2311 2367 lex

748 2384 932 2441 carnis
961 2386 1272 2457 abrogatur,
1300 2398 1353 2444 et
1372 2405 1499 2446 caro
1521 2394 1664 2448 cedit
1713 2398 1943 2465 spiritui,
1970 2411 2022 2454 et
2052 2402 2313 2459 adversus

750 2473 918 2543 legem
948 2478 1146 2543 peccati
1172 2478 1275 2533 fert
1302 2480 1786 2551 subsidium.Quia
1818 2504 2047 2558 namque
2084 2506 2209 2548 caro
2240 2496 2313 2549 is-

749 2569 802 2614 ta
843 2561 999 2615 beata
1054 2565 1296 2619 nondum
1343 2580 1627 2637 compacta
1658 2582 1711 2627 et
1743 2590 2117 2644 coagmentata
2175 2596 2307 2645 erat.

748 2652 910 2708 vitam
945 2656 1279 2725 spiritualem
1319 2659 1501 2713 vivere
1545 2666 1750 2720 nemini
1786 2670 2027 2724 omnium
2050 2675 2313 2727 concede-

747 2744 944 2799 batur:
979 2750 1197 2816 quando
1220 2767 1318 2806 nec
1346 2753 1459 2822 ipsa
1494 2755 1577 2809 lex
1601 2758 1937 2821 servabatur,
1964 2764 2177 2817 tametsi
2201 2780 2305 2817 non

744 2836 1033 2889 admodum
1061 2841 1338 2895 recondita
1361 2843 1677 2900 etahstrusa
1712 2862 1727 2911 ;
1758 2849 2133 2905 necclliciebat
2154 2855 2307 2920 quid-

741 2940 906 2992 quam
945 2927 996 2980 in
1017 2927 1358 2995 hominibus,
1385 2948 1511 2988 cum
1563 2948 1757 2991 natura
1798 2952 1982 2994 nostra
2040 2945 2304 2999 deteriora

741 3028 1081 3087 sequeretur.
1129 3021 1515 3079 Inﬁrmabatur
1562 3030 1708 3082 enim
1740 3030 1822 3085 lex
1859 3047 1953 3099 pcr
1981 3049 2221 3097 carnem,
2252 3051 2306 3091 et

742 3110 848 3164 alia
880 3126 1045 3169 carne
1072 3129 1207 3184 opus
1238 3117 1496 3184 habebat,
1519 3136 1641 3189 quae
1674 3123 1838 3176 robur
1856 3138 1972 3190 ejus
2005 3127 2139 3179 tueri
2182 3142 2304 3196 pos-

2424 679 2515 730 καὶ
2545 678 2640 744 τὴν
2670 676 2885 745 νύμφην
2912 675 3079 745 ἔχειν,
3114 677 3144 727 6
3184 679 3557 744 νυμφαγωγός
3607 693 3771 745 φησιν
3809 678 3983 729 Ἰωάνο

2420 785 2535 836 νης.
2571 754 2742 820 Τοῦτο
2781 766 2840 818 t6
2870 767 3174 835 μυστήριον
3208 764 3322 830 φῶς
3353 765 3451 832 μέν
3480 767 3593 816 ἐστι
3622 768 3736 827 τοῖς
3759 768 3859 835 ἥδη
3892 784 3981 818 κεν-

2423 860 2804 926 καθαρμένοις,
2854 857 3145 925 καθάρσιον
3176 857 3232 909 δὲ
3259 858 3370 918 τοῖς
3415 856 3494 908 ἔτι
3537 856 3981 925 καθαιρομένοις,

2420 948 2683 1015 ἀλείπτης
2711 946 2768 999 δὲ
2800 946 2939 999 κατὰ
2965 944 3058 997 τοῦ
3091 944 3331 1013 πονηροῦ
3362 946 3456 995 καὶ
3478 944 3585 995 τῶν
3615 944 3805 995 παθῶν
3841 946 3982 1008 ἀγω-

2418 1037 2720 1105 νιζομένοις
2804 1037 2913 1097 τοῖς
2950 1035 3047 1103 μὲν
3077 1034 3185 1103 γάρ
3230 1033 3382 1085 οῦδὲν
3417 1033 3544 1087 ἄλλο
3572 1033 3758 1084 λοιπὸν
3791 1033 3821 1110 ῆ
3851 1034 3984 1084 καθ·

2417 1131 2558 1198 ἁιτερ
2613 1127 2878 1195 ὀφθαλμῷ
2926 1126 3023 1191 τὴν
3060 1125 3237 1193 λύμην
3285 1125 3605 1191 ἀποθεμένῳ
3646 1124 3707 1175 t6
3734 1126 3847 1190 φὼς
3886 1123 3981 1173 τοῦ

2418 1222 2620 1287 κόσμου
2649 1218 2926 1282 δέξασθαι,
2950 1219 3062 1278 τοῖς
3093 1217 3149 1267 δὲ
3176 1215 3453 1283 δεομένοις
3486 1214 3566 1265 ἔτι
3606 1215 3701 1266 τοῦ
3740 1214 3979 1281 καθᾶραι

2417 1310 2735 1378 δυναμένου,
2780 1308 3071 1376 καθάρσιον
3098 1306 3149 1359 τί
3188 1306 3383 1373 γένοιτ’
3408 1304 3474 1356 ἂν
3518 1305 3686 1366 ἄλλος
3720 1322 3736 1352 ι
3776 1304 3849 1353 T6
3874 1305 3982 1369 γὰρ

2418 1394 2552 1467 αἷμα
2581 1398 2669 1451 τοῦ
2709 1397 2837 1450 Υἱοῦ
2870 1397 2960 1449 τοῦ
2988 1396 3123 1449 Θεοῦ
3154 1396 3437 1463 καθαρίζει
3464 1396 3629 1461 ἡμᾶς,
3659 1395 3846 1461 φησιν,
3874 1395 3981 1444 ἀπ’)

2419 1494 2595 1560 πάσης
2621 1491 2911 1559 ἁμαρτίας,
2945 1508 2963 1541 ι
2995 1490 3023 1543 6
3052 1489 3416 1555 διαφερόντως
3442 1487 3518 1556 τῷ
3543 1486 3761 1551 Χριστῷ
3789 1483 3977 1549 φιλού-

2420 1600 2578 1652 μενος
2622 1582 2874 1650 Ἰωάννης
2962 1580 3057 1649 τὴν
3114 1579 3169 1631 δὲ
3210 1582 3349 1631 κατὰ
3386 1578 3476 1630 τοῦ
3530 1577 3769 1644 πονηροῦ
3818 1576 3980 1638 νίκην

2417 1674 2499 1736 τίς
2528 1674 2627 1726 οὐκ
2653 1667 2817 1734 οἶδεν,
2844 1671 2919 1733 ὡς
2952 1673 2979 1723 6
3011 1669 3242 1739 Χριστὸς
3272 1666 3543 1737 ἀνῄρηται
3576 1668 3756 1734 μόνος,
3786 1659 3847 1717 οὗ
3883 1666 3975 1731 μό-

2414 1782 2503 1817 νον
2539 1764 2667 1831 ἔστη
2700 1763 2958 1832 τρόπαιον
2980 1762 3118 1812 κατὰ
3141 1758 3241 1827 τῆς
3272 1758 3545 1826 ἁμαρτίας
3570 1757 3629 1809 t6
3664 1755 3843 1823 σῶμα,
3883 1756 3980 1805 καὶ

2419 1856 2589 1925 τούτῳ
2635 1854 2859 1907 δύναται
2900 1851 3165 1922 βοηθῆσαι
3226 1848 3669 1917 πολεμουμένοις,
3710 1848 3767 1897 ὲν
3798 1841 3843 1909 ᾧ
3878 1847 3977 1897 πέ-

2420 1949 2611 1999 πονθεν
2656 1944 2817 2004 αὐτὸς
2857 1943 2949 1995 καὶ
2979 1942 3231 2009 νενίκηκε
3279 1937 3627 2007 πειρασθείς;
3674 1936 3827 1987 Ἐπεὶ
3866 1936 3977 2001 γὰρ

2415 2042 2481 2109 τῇ
2509 2039 2673 2107 σαρκὶ
2706 2035 2839 2105 πρὸς
2887 2034 2985 2103 τὴν
3013 2030 3390 2101 πνευματικὴν
3432 2028 3576 2096 ζωὴν
3611 2027 3789 2079 κοινὸν
3819 2026 3976 2078 οὐδὲν

2414 2127 2504 2200 ἦν,
2553 2129 2587 2199 ἦ
2651 2146 2712 2194 γε
2752 2130 2843 2180 καὶ
2888 2127 3007 2180 λίαν
3059 2122 3313 2190 ἀπεχθῶς
3368 2120 3479 2189 ἔχει
3530 2120 3624 2171 καὶ
3672 2117 3973 2184 πολεμίως,

2421 2241 2439 2271 ι
2463 2220 2756 2289 ἘπιθυμΟεῖ
2783 2219 2908 2287 γὰρ,
2952 2216 3104 2284 φησι,
3142 2213 3282 2266 κατὰ
3314 2215 3408 2264 τοῦ
3458 2210 3788 2277 πνεύματος,
3835 2231 3853 2257 ι
3886 2209 3975 2260 διὰ

2412 2312 2585 2366 ταῦτα
2614 2310 2749 2377 σὰρξ
2772 2306 3037 2371 ἐπενοήθη
3066 2305 3206 2358 κατά
3230 2306 3327 2372 τῆς
3359 2304 3582 2366 σαρκὸς,
3615 2299 3711 2366 τῆς
3747 2298 3971 2365 χοῖκῆς,

2412 2406 2446 2473 ἡ
2481 2400 2846 2470 πνευματικὴ,
2886 2399 2978 2452 καὶ⁵
3025 2397 3209 2448 λύεται
3261 2393 3460 2461 σαρκὸς
3508 2393 3657 2460 νόμῳ
3710 2389 3973 2454 σαρκικος

2412 2496 2595 2562 νόμος,
2632 2494 2726 2545 καὶ
2776 2489 2913 2559 σάρξ
2958 2489 3094 2541 εῐκει
3135 2485 3406 2550 πνεύματι
3462 2483 3557 2535 καὶ
3602 2481 3793 2565 βοηθεῖν
3831 2478 3969 2530 κατά

2410 2586 2504 2639 τοῦ
2546 2588 2712 2652 νόμου
2741 2582 2840 2648 τῆς
2868 2579 3165 2649 ἁμαρτίας.
3201 2577 3298 2627 Διά
3332 2573 3506 2628 ταῦτα
3529 2572 3637 2640 γάρ
3804 2587 3970 2671 πνευ-

2413 2676 2645 2750 ματικὴν
2679 2675 2838 2742 ζῆσαι
2880 2671 3025 2739 ζωὴν
3057 2670 3233 2722 οὐδενὶ
3269 2666 3377 2719 τῶν
3426 2666 3644 2719 πάντων
3685 2661 3833 2750 ἐξῆν,
3870 2661 3970 2750 τῆς

2412 2748 2685 2837 μακαρίας
2740 2762 2939 2831 σαρκὸς
2984 2758 3187 2824 ταύτης
3236 2757 3402 2825 μήπω
3453 2750 3742 2818 παγείσης,
3802 2748 3967 2800 ὁπότε

2406 2853 2721 2925 μηὸἀύτδς
2757 2854 2785 2905 6
2836 2852 2997 2918 νόμος
3033 2847 3287 2911 ἐσώζετο,
3340 2844 3518 2897 καίτοι
3569 2841 3702 2909 μηδὲ
3754 2840 3963 2906 σφόδρα

2407 2945 2724 3016 φιλοσοφίας
2758 2940 3170 3008 ἀπειλημμένος,
3218 2937 3328 2990 οὐδ’
3356 2937 3540 3003 ἴσχυεν
3586 2930 3737 2984 οὐδὲν
3784 2936 3840 2985 ὲν
3868 2933 3965 2982 ἀν-

2406 3034 2663 3106 θρώποις,
2697 3033 2793 3087 τοῦ
2826 3021 2947 3084 καθ’
2978 3031 3121 3097 ἡμᾶς
3151 3027 3413 3094 πεφυκότι
3448 3028 3512 3092 τῇ
3554 3026 3757 3093 χείρονι
3796 3024 3962 3092 μοίρᾳ

2404 3127 2743 3197 βοηθοῦντος.
2778 3141 2797 3176 t
2840 3120 3086 3176 Ἦσθένει
3115 3120 3243 3187 γὰρ,
3272 3118 3459 3184 φησιν,
3489 3117 3516 3168 6
3541 3116 3703 3181 νόμος
3733 3115 3820 3166 διὰ
3860 3114 3964 3179 τῆς

738 3207 843 3254 set.
885 3220 904 3252 ι
934 3201 1066 3258 Nam
1098 3207 1239 3274 quod
1273 3208 1603 3277 impossibile
1638 3222 1753 3267 erat
1782 3213 1908 3282 legi,
1935 3233 1955 3267 ι
1980 3216 2172 3286 inquit,
2199 3238 2216 3271 ι
2248 3220 2300 3274 in

2409 3220 2630 3291 σαρκὸς.
2664 3236 2682 3269 ι
2714 3217 2809 3269 καὶ
2841 3211 3041 3283 σαρκὸς
3087 3211 3280 3277 ἐτέρας
3314 3208 3483 3260 ἐδεῖτο
3528 3207 3699 3259 σῶσαι
3728 3206 3964 3275 δυναμέ-

744 3305 856 3359 quo
883 3291 1266 3352 infirmabatur
1295 3314 1391 3369 per
1411 3315 1656 3368 carnem,
1680 3300 1823 3357 Deus
1866 3306 2293 3363 mittens-Filium

736 3394 897 3437 suum
928 3385 983 3438 in
1013 3387 1417 3445 similitudinem
1440 3393 1621 3447 carnis
1643 3396 1945 3462 peccati,et
1972 3399 2039 3453 de
2074 3410 2297 3469 peccato

736 3473 1015 3529 damnavit
1038 3487 1319 3545 peccatum
1352 3480 1406 3535 in
1437 3497 1656 3539 carnem
1685 3486 1756 3541 ⁸⁸.
1790 3476 1825 3533 ⁷ιν
1850 3491 2025 3554 Quam
2061 3492 2131 3546 ob
2158 3507 2294 3547 can-

736 3577 853 3616 sam
888 3578 1055 3621 carne
1086 3566 1187 3623 hac
1216 3583 1429 3640 semper
1457 3588 1701 3643 egemus,
1732 3580 1992 3633 etcrebro
2036 3579 2120 3635 his
2146 3582 2295 3650 dapi~

736 3653 843 3707 bus
882 3670 981 3711 nos
1032 3659 1328 3725 reﬁcimus,
1370 3672 1428 3717 ut
1470 3665 1555 3720 lex
1582 3668 1804 3735 spiritus
1838 3672 1890 3725 in
1917 3672 2073 3725 nobis
2105 3687 2295 3743 opere-

737 3752 845 3810 tur,
877 3754 931 3799 et
981 3748 1102 3803 vitae
1130 3753 1312 3807 carnis
1340 3753 1493 3811 locus
1519 3759 1699 3814 nullus
1727 3760 2085 3832 relinquatur,
2120 3780 2293 3835 neque

734 3837 1077 3893 occasionem
1132 3840 1378 3897 inveniat
1440 3845 1493 3899 in
1542 3856 1742 3903 terram
1785 3852 2294 3921 devergendi,sicut

734 3928 918 3994 gravia
947 3944 1197 4000 corpora,
1242 3936 1589 3993 adminiculis
1622 3949 1674 3994 et
1705 3946 2093 4003 sustentaculis
2128 3946 2296 4000 destio

736 4028 868 4072 tuta.
906 4016 1001 4075 Est
1034 4022 1179 4076 enim
1212 4037 1613 4083 sacramentum
1658 4032 1953 4098 perfectum
1992 4038 2290 4091 secundum

733 4105 935 4171 omnia,
969 4123 1145 4178 neque
1194 4116 1480 4183 requirunt
1499 4114 1702 4187 aliquid
1738 4121 1831 4188 qui
1875 4136 1941 4175 eo
1975 4124 2293 4194 impertiun-

735 4208 842 4263 tur,
872 4201 1015 4268 quod
1040 4217 1148 4256 non
1179 4206 1376 4260 eximie
1405 4210 1729 4277 suppeditet.

805 4374 940 4441 Quia
966 4393 1095 4432 vero
1121 4381 1357 4437 materiai
1402 4396 1603 4440 nostra:
1627 4388 1889 4445 vitiositas
1916 4393 2151 4460 sigillum
2185 4414 2291 4450 ιιιιο

734 4477 941 4521 motum
972 4484 1188 4523 manere
1213 4486 1317 4526 non
1342 4474 1469 4529 sinit
1500 4494 1513 4528 :
1551 4476 1854 4533 «Habemus
1892 4483 2033 4537 enim
2071 4485 2287 4541 thesau-

2405 3330 2502 3380 νης
2533 3309 2680 3379 αὐτῷ
2704 3307 2800 3375 τὴν
2833 3304 2983 3373 ἰσχύν
3006 3320 3018 3331 ·
3060 3320 3077 3352 ι
3112 3301 3185 3352 T6
3215 3299 3323 3366 γὰρ
3372 3303 3654 3359 ἀδύνατον,
3687 3299 3841 3365 φησὶ,
3869 3295 3962 3348 τοῦ

2404 3403 2590 3469 νόμου,
2620 3401 2677 3450 ὲν
2700 3389 2744 3464 ᾧ
2770 3395 2984 3463 ⁴ἠσθένει
3011 3390 3099 3444 διὰ
3132 3391 3227 3457 τῆς
3258 3388 3479 3454 σαρκὸς,
3512 3391 3539 3441 6
3566 3388 3699 3449 Θεὸς
3722 3387 3810 3439 τὸν
3834 3388 3965 3439 ἑαυ-

2403 3491 2497 3544 τοῦ
2526 3490 2655 3542 Υἱὺν
2710 3485 2930 3553 πέμψας
2970 3483 3026 3534 ὲν
3063 3479 3371 3548 ὁμοιώματι
3430 3476 3630 3547 σαρκὸς
3686 3478 3963 3541 ἁμαρτίας

2404 3582 2687 3649 κατέκρινε
2738 3575 2836 3645 τὴν
2890 3572 3163 3641 ἁμαρτίαν
3215 3571 3272 3621 ἐν
3321 3572 3385 3639 τῇ
3443 3568 3628 3636 σαρκί.
3668 3586 3686 3617 ι
3736 3565 3960 3617 Τούτων

2400 3675 2563 3726 ἓνεκα
2596 3670 2699 3738 τῆς
2733 3665 2931 3734 σαρκὸς
2959 3664 3162 3729 ταύτης
3193 3662 3277 3714 ἀεὶ
3309 3659 3540 3727 δεόμεθα
3570 3659 3665 3713 καὶ
3697 3657 3957 3725 συνεχοῦς

2403 3761 2753 3826 ἀπολαύομεν
2774 3756 2872 3825 τῆς
2901 3754 3197 3823 τραπέζης,
3227 3751 3302 3814 ὡς
3326 3754 3391 3805 ἂν
3425 3754 3448 3803 6
3472 3752 3635 3817 νόμος
3663 3749 3755 3802 τοῦ
3787 3748 3959 3801 πνεύ·

2406 3870 2573 3923 ματος
2605 3853 2660 3902 ὲν
2694 3851 2824 3920 ἡμῖν
2869 3845 3086 3912 ἐνεργὸς
3116 3842 3171 3916 ᾖ,
3205 3843 3566 3942 καὶλτῇΔζωῇ
3602 3842 3697 3942 τῇς
3753 3841 3957 3942 capue);

2407 3942 2645 4013 μηδεμία
2684 3940 2906 4008 γένηται
2943 3939 3118 4007 χώρα,
3172 3934 3305 4004 μηδὲ
3337 3933 3477 4003 λάϐῃ
3500 3934 3690 3999 καιρὸν
3722 3933 3803 3993 είς
3851 3933 3958 3997 γῆν

2400 4034 2707 4103 ἐνεχθῆναι,
2756 4030 3009 4097 καθάπερ
3030 4027 3099 4080 τά
3130 4026 3300 4095 βαρέα
3331 4025 3441 4076 τῶν
3470 4023 3741 4091 σωμάτων
3782 4021 3955 4073 διαλι-

2401 4128 2591 4188 πόντος
2626 4123 2719 4177 τοῦ
2762 4122 3145 4190 ὑπανέχοντος.
3177 4119 3334 4171 Ἐστι
3375 4115 3475 4185 μὲν
3502 4114 3613 4181 γάρ
3651 4112 3711 4165 τὸ
3744 4112 3955 4180 μυστή-

2402 4234 2516 4289 ριον
2540 4217 2740 4271 τέλειον
2774 4216 2934 4267 ἕνεκα
2980 4215 3197 4265 πάντων
3226 4217 3317 4265 καὶ
3348 4213 3447 4265 οὐκ
3476 4212 3623 4264 ἐστιν
3651 4216 3695 4279 ᾧ
3733 4210 3813 4263 δεῖ
3841 4211 3956 4272 τοῖς

2400 4306 2761 4375 τελουμένοις,
2792 4303 2819 4355 ὃ
2849 4302 2923 4371 μὴ
2958 4301 3186 4371 παρέχει
3221 4301 3609 4370 διαφερόντως.

2484 4396 2639 4448 Ἐπεὶ
2668 4394 2723 4446 δὲ
2749 4396 2781 4463 ἡ
2812 4393 2910 4461 τῆς
2940 4392 3072 4461 ὕλης
3110 4392 3383 4458 φαυλότης
3422 4394 3525 4445 οὐκ
3556 4394 3621 4461 ἐᾷ
3646 4392 3745 4460 τὴν
3777 4408 3953 4459 σφρα-

2401 4487 2522 4553 γῖδα
2551 4486 2731 4553 μένειν
2762 4482 3020 4549 ἀκίνητον
3069 4482 3123 4551 (ι
3157 4482 3394 4550 Ἐχομεν
3426 4481 3535 4549 γὰρ
3565 4480 3655 4533 τδν
3679 4480 3954 4549 θησαυρὸν

735 4572 850 4609 rum
881 4558 1043 4613 istum
1078 4561 1130 4613 in
1171 4563 1315 4618 vasis
1374 4566 1624 4623 ﬁctilibus
1657 4571 1726 4635 ";
1766 4590 1785 4622 ι
1816 4573 1947 4626 obid
1975 4589 2080 4630 non
2106 4581 2291 4646 semel,

2407 4577 2583 4629 τοῦτον
2626 4578 2682 4628 ἐν
2721 4574 3061 4644 ὀστρακίνοις
3115 4573 3355 4637 σκεύεσι,
3401 4572 3485 4641 ι),
3529 4574 3618 4627 διά
3644 4575 3801 4627 τοῦτο
3851 4575 3951 4643 οὐχ

732 4646 827 4701 sed
856 4648 1081 4702 assiduo
1113 4653 1433 4707 medicinam
1455 4660 1811 4725 capessimus,
1841 4661 2173 4732 figulumque
2204 4669 2289 4723 lu-

732 4749 786 4792 to
819 4752 1034 4808 semper
1082 4744 1326 4800 assidere
1364 4758 1611 4816 Oportet,
1637 4764 1690 4806 et
1728 4754 2008 4809 confusam
2062 4759 2285 4827 efﬁgiem

730 4831 923 4883 iterum
976 4830 1277 4902 iterumque
1332 4851 1600 4905 reparare,
1631 4850 1684 4896 et
1734 4843 2042 4913 frequenter
2089 4851 2290 4905 sentire

729 4936 829 4973 nos
854 4936 1073 4976 manum
1105 4926 1324 4993 medici,
1360 4930 1449 4995 qui
1510 4933 1789 4988 materiam
1838 4935 2175 4993 fatiscentem
2204 4956 2285 4995 re-

726 5010 1013 5081 dintegret,
1044 5020 1096 5066 et
1117 5014 1389 5070 labantem
1424 5020 1755 5075 voluntatem
1790 5025 1982 5093 erigat,
2036 5042 2103 5080 ne
2136 5043 2283 5084 mers

727 5100 1158 5169 imprudentibus
1184 5106 1427 5175 obrepat.
1464 5127 1484 5160 ι
1510 5107 1643 5165 Nam
1672 5126 1795 5167 cum
1826 5128 2069 5170 essemus
2086 5121 2280 5173 mortui

730 5191 989 5258 peccatis,
1044 5193 1445 5251 conviviﬁcavit
1514 5214 1615 5255 nos
1679 5202 1731 5256 in
1774 5201 1990 5259 Christo
2044 5207 2111 5272 “,
2152 5227 2170 5260 ι
2229 5219 2283 5263 et

736 5296 754 5331 ι
793 5278 1023 5348 Sanguis
1068 5283 1269 5339 Christi
1325 5290 1581 5345 emundat
1657 5296 2015 5353 conscientias
2066 5309 2280 5355 nostras

726 5372 795 5422 ab
852 5370 1102 5438 operibus
1182 5379 1431 5444 mortuis,
1513 5382 1579 5435 ad
1630 5388 1971 5441 serviendum
2031 5391 2141 5446 Deo
2196 5393 2282 5447 vi-

728 5462 870 5515 venti
903 5461 972 5515 ".
1036 5481 1054 5515 ι
1114 5464 1305 5520 Veram
1363 5484 1597 5540 namque
1655 5476 1820 5530 vitam
1852 5494 2021 5535 sacrae
2082 5497 2281 5536 mensa:

727 5555 898 5609 virtus
922 5570 950 5608 a
995 5571 1154 5610 sacro
1193 5558 1469 5616 illocorde
1516 5563 1568 5616 in
1606 5580 1702 5620 nos
1734 5568 1963 5635 derivat;
1996 5580 2049 5623 et
2089 5580 2147 5624 ut
2171 5570 2281 5628 Deo

704 5647 926 5715 ‘pariter
973 5646 1296 5714 serviamus,
1334 5650 1457 5705 inde
1481 5654 1636 5709 nobis
1669 5657 2001 5712 conceditur.
2040 5659 2095 5711 Si
2134 5662 2276 5715 cnim

2394 4669 2537 4734 ἅπαξ
2574 4668 2711 4721 ἀλλά
2760 4664 3041 4735 διηνεκοῦς
3093 4664 3441 4734 ἀπολαύομεν
3491 4664 3583 4718 τοῦ
3630 4667 3949 4733 φαρμάκου,

2394 4761 2487 4813 καὶ
2534 4758 2622 4810 τὸν
2652 4757 2898 4825 πλάστην
2938 4755 3026 4808 ἀεὶ
3068 4755 3186 4808 δέον
3212 4754 3290 4820 τῷ
3331 4754 3486 4824 πηλῷ
3526 4755 3952 4824 παρακαθῆσθαι

2395 4854 2485 4906 καὶ
2520 4852 2886 4919 συγχεόμενον
2916 4850 2977 4902 t6
3022 4846 3163 4909 εἶδος
3200 4848 3355 4911 αὖθις
3403 4848 3811 4910 ἀνακαλεῖσθαι,
3855 4850 3951 4901 καὶ

2396 4942 2650 5010 συνεχοῦς
2689 4942 2833 5010 ἡμᾶς
2886 4939 3178 4992 ἀπολαύειν
3223 4942 3320 5005 τῆς
3365 4937 3459 4990 τοῦ
3509 4937 3690 5004 ἰατροῦ
3744 4938 3945 5007 χειρὸς,

2390 5034 2764 5105 χαυνουμένην
2823 5032 3055 5101 ίωμένου
3125 5030 3223 5100 τὴν
3276 5028 3559 5099 ῦλην,καὶ
3621 5030 3949 5101 κλινομένην

2390 5122 2859 5194 ἐπανορθουμένου
2891 5122 2989 5190 τὴν
3023 5120 3268 5189 γνώμην,
3300 5120 3373 5189 μὴ
3408 5121 3502 5173 καὶ
3552 5119 3690 5191 λάθῃ
3719 5120 3948 5183 θάνατος

2394 5214 2702 5284 παρελθών.
2738 5232 2755 5264 ι
2797 5213 3042 5281 Νεκροὺς
3097 5212 3206 5281 γὰρ
3239 5211 3419 5274 ὄντας,
3466 5212 3616 5281 φησι,
3673 5213 3787 5273 τοῖς
3844 5228 3953 5265 πα-

2390 5304 2713 5374 ραπτὼμασι
2726 5303 3151 5371 συνεζωοποίησε
3170 5301 3245 5372 τῷ
3261 5303 3497 5372 Χριστῷ,
3510 5318 3529 5353 t
3548 5302 3661 5355 καίο
3688 5322 3706 5354 ι
3719 5304 3790 5356 Τὸ
3808 5297 3949 5372 αἷμα

2387 5396 2482 5448 τοῦ
2512 5395 2749 5465 Χριστοῦ
2800 5394 3088 5463 καθαρέζει
3134 5395 3231 5464 τὴν
3283 5394 3587 5461 συνείδησιν
3634 5395 3789 5465 ἡμῶν
3834 5396 3948 5449 ἀπὸ

2387 5485 2595 5554 νεκρῶν
2624 5485 2800 5554 ἔργων
2826 5484 2900 5544 εἰς
2932 5484 2990 5537 t6
3025 5483 3306 5553 λατρεύειν
3330 5484 3449 5552 Θεῷ
3472 5484 3652 5547 ζῶντι.
3694 5505 3711 5536 ι
3747 5487 3856 5553 Τήν
3888 5504 3947 5538 τε

2386 5577 2493 5643 γὰρ
2518 5575 2776 5644 ἀληθινὴν
2808 5576 2953 5644 ζωὴν
2984 5577 3061 5636 είς
3101 5576 3248 5643 ἡμᾶς
3278 5576 3311 5643 ἠ
3344 5574 3445 5643 τῆς
3482 5576 3631 5644 ἱερᾶς
3658 5578 3948 5646 τραπέζης
3985 5591 3988 5593 “

2384 5667 2613 5736 δύναμις
2645 5669 2751 5720 ἀπὸ
2778 5669 2875 5734 τῆς
2928 5669 3205 5736 μακαρίας
3237 5668 3451 5737 ἐκείνης
3500 5668 3647 5721 ἕλκει
3686 5669 3945 5737 καρδίας,

793 5760 841 5855 ‘I’.
868 5758 1022 5855 .ilnan.
1072 5764 1275 5855 "p.29.
1356 5766 1446 5818 "l
1488 5766 1641 5825 Joan.
1681 5784 1716 5834 ι,
1752 5770 1805 5824 7.
1880 5772 1920 5804 ³¹
1949 5772 2123 5828 Galal.
2163 5791 2214 5838 ν.
2252 5777 2305 5830 Π

2413 5782 2457 5813 ³³
2492 5782 2648 5835 liom.
2676 5797 2793 5846 vm,
2824 5783 2876 5836 5.
2954 5780 2998 5810 "
3039 5778 3079 5832 ll
3112 5780 3236 5836 Cor.
3274 5799 3348 5847 ιν,
3373 5782 3422 5838 7.
3499 5784 3546 5817 “
3594 5783 3792 5855 Ephes.
3820 5785 3940 5841 115.

726 5829 768 5858 ⁸³
801 5828 961 5881 ΙΙεΙ;ι’.
998 5844 1073 5893 Is,
1115 5830 1197 5886 Η.
