4154 6308
341 335 451 398 597

1325 339 1421 398 DE
1464 339 1641 399 VITA
1675 337 1755 396 1N
1798 336 2127 396 CHRISTO

2192 337 2442 398 LIBJV.
3468 329 3573 393 598

326 464 404 505 το
429 469 489 504 τε
510 452 790 523 λατρεύειν
813 456 931 525 Θεῷ
959 456 1213 527 καθαρῶς
1237 456 1488 510 εντεῦθεν
1519 457 1666 525 ἡμῖν.
1702 454 1760 505 El
1788 456 1894 522 γὰρ

2018 469 2113 506 use
2160 462 2243 508 est
2296 458 2507 509 sincera
2546 454 2638 509 Dei
2669 470 2926 521 scrvuus,
3001 452 3221 523 subjici,
3288 450 3571 521 obtempe-

325 539 492 593 τοῦτό
522 542 639 594 ἐστι
675 543 894 614 καθαρά
935 544 1161 615 λατρεία
1188 544 1349 610 Θεοῦ,
1394 544 1457 597 τὸ
1503 542 1891 612 ὑποτετάχθαι,

329 636 401 688 τὸ
430 636 750 702 ὑπακούειν,
776 638 837 691 τὸ
876 638 1041 691 αὑτοῦ
1068 638 1342 701 κινοῦντος
1367 639 1544 691 πάντα
1570 639 1767 701 ποιεῖν,
1793 636 1891 690 οὐκ

330 720 455 779 οἶδα
483 727 603 779 πότ’
625 726 692 782 ἄν
724 728 925 798 μᾶλλον
958 729 1293 797 ὑποταγῆναι
1326 728 1444 799 Θεῷ
1470 727 1815 796 δυνηθεῖμεν,
1856 725 1890 794 ἢ

330 817 559 870 ἐπειδὰν
592 820 753 872 αὑτοῦ
805 820 1091 890 γενώμεθα
1121 820 1279 890 μέλη.
1313 822 1432 874 Τίνι
1464 819 1571 889 γάρ
1616 820 1679 874 ἂν
1713 818 1894 873 ὁτιοῦν

335 908 645 961 ἐπιτάττειν
669 910 884 964 δύναιτο
912 898 1133 979 μᾶλλον,
1160 911 1192 983 ἢ
1215 913 1323 974 τοῖς
1345 911 1561 981 μέλεσιν
1587 912 1619 981 ή
1649 910 1892 980 κεφαλής

333 998 493 1067 MD.“
523 1002 631 1070 γὰρ
659 1004 897 1071 Χριστοῦ
929 1005 1052 1067 τοὺς
1100 1004 1448 1073 τελουμένους
1480 1004 1572 1056 καὶ
1595 1002 1776 1072 πάσης
1801 1002 1895 1055 ἄλο

334 1091 433 1158 λης
468 1093 621 1162 ἱερᾶς
649 1095 873 1164 τελετῆς
918 1095 1370 1165 ἀπεργαζομένης
1401 1094 1729 1164 τελεώτερον
1767 1094 1897 1163 ἡμῖν

329 1182 361 1233 ὁ
388 1182 487 1253 τῆς
514 1184 659 1255 ζωῆς
691 1186 850 1239 τοῦτο
881 1186 1099 1239 δίδωσιν
1144 1187 1329 1255 ἄρτος.
1363 1184 1630 1253 Καθάπερ
1674 1185 1898 1254 γὰρ’διὰ

333 1275 434 1345 τὴν
468 1278 713 1347 κεφαλὴν
748 1280 841 1330 καὶ
866 1281 967 1346 τὴν
994 1279 1225 1347 καρδίαν
1261 1279 1329 1332 τά
1360 1278 1493 1349 μέλη
1522 1316 1539 1343 ,
1570 1277 1742 1342 οὕτως
1776 1296 1794 1329 ι
1840 1278 1899 1332 '0

333 1365 567 1435 τ’ρώχων
599 1385 693 1437 με,
738 1371 925 1437 φησὶν,
961 1371 1213 1432 κάκεῖνος
1244 1370 1470 1440 ζήσεται
1514 1369 1583 1423 δι’
1613 1369 1735 1438 ἐμέ.
1768 1388 1786 1420 ι
1824 1372 1896 1438 Ζῇ

336 1459 443 1525 μὲν
484 1458 592 1527 γάρ
623 1462 721 1513 καὶ
751 1460 839 1515 διὰ
873 1462 972 1531 τὴν
1010 1462 1240 1531 τροφήν.
1280 1461 1345 1515 Ἢ
1378 1461 1570 1531 τελετὴ
1606 1460 1660 1514 δὲ
1694 1462 1754 1515 ού
1778 1462 1902 1513 τοῦ·

332 1565 427 1600 τον
448 1550 560 1618 ἔχει
588 1550 678 1603 τὸν
705 1552 906 1621 τρόπον
968 1554 1000 1621 ή
1025 1552 1200 1623 τροφὴ
1223 1553 1322 1619 μὲν
1349 1553 1457 1623 γὰρ
1481 1552 1575 1605 ἅτε
1608 1553 1739 1622 μηδὲ
1763 1553 1898 1621 αὕτη

334 1638 505 1705 (ὦσα,
536 1639 683 1711 ζωὴν
723 1645 822 1711 μὲν
870 1644 1000 1713 ἡμῖν
1038 1642 1389 1714 παρ”ὲαυτῆς
1422 1645 1519 1697 οὐκ
1556 1643 1621 1697 ἂν
1655 1646 1898 1712 εἰσενέγ-

334 1748 421 1785 κοι
514 1733 593 1802 τῷ
624 1734 681 1786 δὲ
721 1736 786 1804 τῇ
820 1734 1095 1805 προσούσῃ
1139 1734 1213 1805 τῷ
1258 1735 1469 1803 σώματι
1511 1736 1723 1804 βοηθεῖν
1753 1738 1899 1789 αἰτία

337 1810 487 1889 ζωῆς
517 1824 627 1884 τοῖς
653 1802 1033 1893 προσιεμένοις
1066 1802 1204 1877 εἶναι
1235 1802 1401 1879 δοκεῖ.
1453 1802 1520 1877 ’οΫ
1542 1802 1604 1878 δὲή
1625 1829 1723 1897 τῆς
1754 1828 1900 1897 ζωῆς
1934 1802 1972 1857 Β

336 1912 502 1978 ἄρτος
531 1914 689 1976 αὐτός
718 1916 778 1967 τέ
812 1916 928 1967 ἐστι
961 1914 1089 1980 ζῶν,
1122 1916 1211 1967 καὶ
1235 1914 1303 1967 δι’
1334 1916 1544 1969 ἐκεῖνον
1579 1914 1654 1978 ὡς
1682 1916 1899 1985 ἀληθῶς

336 2000 527 2067 ζῶσιν,
578 1996 658 2065 οἷς
691 2002 760 2057 ἂν
799 2003 964 2057 αὑτοῦ
1024 2006 1311 2076 μεταδοίη’
1341 2004 1463 2059 ὅθεν
1502 2006 1534 2075 ή
1595 2005 1695 2075 μὲν
1722 2007 1898 2077 τροφὴ

342 2091 477 2159 πρὸς
498 2092 589 2145 τὸν
613 2094 931 2162 σιτούμενον
964 2096 1290 2163 μεταϐάλλει
1318 2096 1412 2149 καὶ
1442 2096 1592 2166 ἰχθὺς
1624 2099 1718 2152 καὶ
1737 2100 1901 2170 ἄρτος

341 2182 438 2234 καὶ
475 2182 657 2236 ὁτιοῦν
695 2183 824 2238 ἄλλο
867 2188 1035 2238 σιτίον
1080 2183 1219 2256 αἷμα
1256 2188 1613 2257 ἀνθρώπειον,
1666 2193 1903 2247 ἐνταῦθα

339 2274 397 2325 δὲ
432 2274 738 2327 τούναντίον
788 2277 956 2331 ἅπαν.
1006 2277 1067 2329 '0
1094 2278 1203 2347 γὰρ
1230 2280 1329 2349 τῆς
1362 2279 1508 2351 ζωῆς
1549 2284 1708 2351 ἄρτος
1740 2285 1903 2349 αὐτὸς

346 2367 487 2415 κινεῖ
523 2364 615 2416 τὸν
662 2370 979 2437 σιτούμενον
1016 2369 1108 2422 καὶ
1151 2371 1438 2441 μεθίστησι
1484 2375 1578 2427 καὶ
1610 2375 1745 2445 πρὸς
1777 2378 1905 2431 ἑαυ-

340 2456 434 2506 τὸν
485 2457 836 2521 μταόἀλλει,
872 2462 966 2513 καὶ
1010 2460 1039 2512 ὃ
1074 2462 1171 2531 τῆς
1226 2464 1452 2531 καρδίας
1495 2467 1752 2531 ἐπιεικῶς
1789 2472 1905 2523 ἐστι

344 2550 437 2599 καὶ
474 2550 573 2615 τῆς
626 2551 890 2620 κεφαλῆς,
945 2553 1246 2622 κινούμεθα
1298 2556 1388 2609 καὶ
1427 2556 1613 2626 ζῶμεν
1641 2560 1700 2612 τό
1731 2577 1793 2629 γε
1825 2564 1906 2631 είς

340 2639 503 2691 αὑτὸν
536 2635 691 2709 ἧκον,
729 2642 803 2704 ὡς
828 2641 939 2710 ἔχει
973 2642 1119 2713 ζωῆς
1152 2646 1359 2709 ἐκεῖνος
1423 2646 1451 2699 ό
1483 2648 1577 2701 καὶ
1599 2650 1776 2720 δηλῶν
1804 2654 1903 2705 αύ-

345 2730 439 2791 τὸς
466 2731 495 2781 ό
527 2732 739 2802 Σωτὴρ,
770 2734 847 2795 ώς
878 2733 938 2785 ού
970 2736 1062 2788 τὸν
1086 2738 1273 2791 σιτίων
1302 2738 1506 2807 τρόπον
1552 2741 1683 2811 ἡμῖν
1726 2743 1907 2813 ἀνέχει

342 2821 436 2873 τὸν
465 2821 600 2891 βίον,
631 2823 750 2876 ἀλλ’
793 2824 951 2886 αὐτὸς
982 2824 1119 2896 ἔχων
1146 2828 1358 2881 οἴκοθεν
1402 2830 1619 2898 ιμπνεῖ,
1655 2834 1746 2886 καὶ
1777 2835 1911 2887 καθ.

343 2914 489 2983 ἀπερ
513 2914 709 2982 καρδία
742 2916 962 2983 μέλεσιν
1008 2918 1039 2989 ἢ
1068 2920 1277 2989 κεφαλὴ
1320 2920 1590 2976 διαδίδωσι
1618 2923 1716 2994 τὴν
1740 2928 1907 2997 ζωὴν,

346 3005 523 3067 ζῶντα
546 3007 604 3059 δὲ
634 3007 828 3061 ἑαυτὸν
852 3008 1108 3063 ἐκάλεσεν
1138 3010 1317 3081 ἄρτον,
1359 3014 1472 3076 καὶ,
1504 3031 1522 3065 ι
1570 3013 1629 3067 ⁸0
1685 3014 1911 3084 τρώγων

354 3113 443 3165 με,
474 3097 630 3173 φησὶ,
666 3099 919 3162 κάκεῖνος
948 3098 1174 3170 ζήσεται
1202 3104 1271 3156 δι’
1299 3104 1419 3173 ἐμέ.
1460 3121 1480 3157 ι

419 3189 674 3243 Φαίνεται
696 3192 877 3245 τοίνυν
906 3192 996 3244 τόν
1036 3194 1171 3246 Θεὸν
1205 3200 1531 3265 προσκυνεῖν
1554 3200 1612 3252 ὲν
1636 3199 1909 3271 πνεύματι

350 3281 447 3340 καὶ⁸
472 3281 700 3352 ἀληθείᾳ
724 3284 818 3336 καὶ
840 3284 1119 3354 λατρεύειν
1146 3286 1421 3358 καθαρῶς,
1454 3292 1551 3361 τῆς
1579 3291 1727 3361 ἱερᾶς
1752 3292 1911 3362 ἔργον

349 3368 492 3425 εἶναι
541 3373 820 3442 τραπέζης
890 3376 949 3425 οὐ
1002 3374 1161 3442 μόνον
1201 3376 1439 3445 Χριστοῦ
1495 3378 1717 3446 μέλεσιν
1772 3378 1911 3436 εἶναι

357 3462 450 3515 καὶ
478 3462 668 3516 τοῦτον
698 3466 868 3517 εῖκειν
887 3465 1035 3533 αύτῷ
1064 3465 1153 3518 τὸν
1195 3467 1408 3534 τρόπον,
1440 3469 1548 3521 ἀπὸ
1570 3469 1679 3522 τῶν
1707 3486 1912 3540 μυστη-

354 3555 489 3624 ρίων
541 3553 879 3624 περιγίνεται
932 3555 1139 3609 τούτων
1176 3558 1329 3627 ἡμῖν,
1378 3558 1493 3612 ἀλλ’
1551 3560 1631 3613 ὄτι
1684 3562 1913 3631 νεκροὺς

358 3645 459 3711 μὲν
513 3644 674 3709 ὄντας
706 3646 806 3698 οὐκ
856 3644 922 3698 ἀν
965 3647 1175 3713 γένοιτο
1227 3646 1391 3710 ζῶντι
1442 3648 1726 3719 λατρεύειν
1771 3650 1912 3720 Θεῷ,

354 3738 563 3799 ζῶντας
591 3737 648 3789 δὲ
695 3732 835 3793 εῖναι
862 3739 957 3791 καὶ
995 3736 1170 3806 ἔργων
1199 3739 1544 3810 ἀπηλλάχθαι
1586 3742 1799 3811 νεκρῶν
1839 3745 1915 3816 μὴ

351 3827 514 3881 τυῦτο
562 3827 651 3881 ἀεὶ
702 3827 1051 3893 δειπνοῦντας
1096 3832 1156 3886 τὸ
1207 3832 1441 3886 δεῖπνον.
1485 3834 1754 3903 Καθάπερ
1807 3842 1916 3911 γὰρ

360 3938 380 3972 ι
418 3920 642 3989 Πνεῦμα
688 3920 780 3973 τὸν
817 3920 951 3973 Θεὸν
980 3919 1110 3975 ὄντα
1162 3922 1257 3977 καὶ
1298 3924 1427 3987 τοὺς
1474 3928 1917 3994 προσκυνοῦντας

353 4011 517 4063 αὐτὸν
567 4012 625 4064 ὲν
655 4009 925 4079 πνεύματι
959 4010 1055 4063 καὶ
1098 4010 1325 4082 ἀληθείᾳ
1371 4011 1451 4065 δεῖ
1502 4019 1848 4082 προσκυνεῖν,
1891 4037 1910 4070 ι

351 4103 497 4155 οὕτω
542 4102 634 4156 καὶ
683 4102 846 4167 ζῶντι
900 4102 1107 4167 ζῶντας
1142 4099 1282 4157 sim
1328 4106 1595 4174 προσήκει
1646 4108 1774 4170 τοὺς
1806 4110 1916 4162 λα·-

358 4193 573 4263 τρεύειν
632 4194 1092 4265 προῃρημένουςο
1133 4212 1152 4247 ι
1204 4195 1279 4248 Οὐ
1330 4195 1440 4267 γάρ
1481 4199 1629 4251 ἑστιν
1691 4200 1721 4252 ό
1759 4201 1916 4267 Θεὸς,

355 4287 513 4356 φησὶ,
538 4285 671 4346 Θεὸς
697 4285 930 4354 νεκρῶν,
959 4284 1093 4338 ἀλλά
1122 4284 1361 4349 ζώντων.
1400 4306 1417 4339 ι

434 4376 593 4430 Ἐστι
622 4377 722 4447 μὶν
750 4372 842 4430 οὖν
896 4376 990 4430 καὶ
1039 4378 1097 4429 τὸ
1132 4377 1234 4447 ζῇν
1259 4378 1404 4432 κατά
1431 4380 1524 4433 τὸν
1567 4380 1728 4451 ὀρθὸν
1760 4382 1918 4449 λόγον

2003 559 2144 605 rare,
2200 546 2323 613 ipso‘
2376 554 2625 601 movente
2677 556 2731 602 et
2780 544 3089 615 impellente
3142 544 3321 598 facere
3367 541 3575 607 omnia,

2005 651 2109 687 non
2162 636 2319 690 video
2374 638 2645 705 quomodo
2675 636 2847 703 inagis
2884 635 2991 688 Deo
3046 634 3243 704 subjici
3272 633 3576 703 possimus,

2003 744 2164 796 Quam
2216 730 2258 783 si
2294 729 2413 798 ejus
2450 730 2690 784 membra
2728 729 2943 783 fiamus.
2981 727 3121 793 Quid
3161 728 3306 780 enim
3356 723 3575 778 tandem

2004 820 2179 889 magis
2225 821 2462 889 cuipiam
2524 820 2773 889 imperet,
2826 832 2989 888 quam
3057 826 3223 885 caput
3278 813 3577 870 membris?

2006 910 2151 967 Sane
2174 914 2419 982 quidem,
2476 920 2532 967 ut
2568 915 2803 967 membra
2868 910 3072 973 Christi
3114 910 3305 973 simus,
3366 909 3419 961 in
3476 908 3579 960 hoe

2007 1006 2267 1073 mysterio
2290 1002 2606 1070 perfectius,
2636 1018 2798 1071 quam
2825 1002 2877 1055 in
2912 999 3104 1070 quovis
3126 999 3256 1059 alio,
3281 998 3396 1065 ipse
3424 997 3580 1066 panis

2008 1095 2129 1149 vita:
2168 1095 2323 1149 nobis
2358 1095 2609 1165 largitur.
2644 1093 3115 1159 Quemadmodum
3175 1091 3318 1143 enim
3364 1098 3589 1157 propter-

2006 1198 2169 1257 caput
2198 1196 2250 1241 et
2281 1202 2374 1240 cor
2422 1186 2663 1241 membra
2696 1184 2907 1249 vivunt,
2957 1184 3035 1236 sic
3098 1203 3116 1233 ‹
3156 1181 3257 1240 Οιιί
3291 1179 3586 1233 manducat

2004 1294 2116 1335 me.
2138 1278 2335 1349 inquit,
2366 1288 2419 1331 et
2449 1279 2562 1346 ipse
2590 1278 2731 1331 vivet
2757 1288 2975 1345 propter
2998 1290 3082 1329 me
3101 1276 3171 1327 ⁸⁶.
3209 1293 3226 1323 ι
3259 1272 3398 1325 Vivit
3420 1272 3579 1323 etiam

2010 1380 2227 1439 propter
2258 1370 2612 1432 alimentum;
2648 1378 2704 1422 at
2766 1382 2893 1421 vero
2947 1374 3349 1420 sacramentum
3419 1363 3582 1417 aliam

2011 1463 2275 1515 rationem
2314 1461 2493 1514 habet.
2527 1459 2660 1513 Nam
2722 1458 3145 1519 nutrimentum,
3208 1464 3396 1523 utpote
3436 1452 3584 1521 quod

2010 1553 2185 1621 ipsum
2218 1554 2319 1605 vita
2346 1561 2515 1615 Caret,
2560 1555 2725 1604 vitam
2753 1550 2911 1603 nobis
2941 1564 2968 1601 a
3004 1550 3183 1616 seipso
3214 1548 3451 1602 inserere
3475 1560 3584 1599 non

2008 1654 2172 1712 queat
2191 1660 2207 1698 ι
2223 1645 2312 1697 sed
2335 1642 2429 1711 qui
2446 1644 2609 1696 vitam
2625 1642 2870 1711 corporis
2889 1656 3049 1709 quam
3070 1638 3275 1693 invenit
3291 1645 3582 1700 sustentat,

2010 1735 2419 1790 comedentibus
2436 1737 2557 1788 vitae
2574 1732 2994 1799 causajvidetur.
3015 1731 3111 1784 Ast
3132 1730 3286 1799 panis
3305 1730 3426 1781 vitae
3447 1729 3588 1793 ipse-

2005 1835 2113 1881 met
2143 1829 2289 1890 vivit,
2325 1837 2377 1881 et
2404 1834 2625 1896 propter
2665 1824 2811 1877 illum
2837 1837 2962 1876 vere
2986 1822 3196 1881 vivunt,
3216 1820 3415 1889 quibus
3438 1817 3601 1870 illum

2006 1916 2447 1971 communicarit.
2494 1915 2646 1971 Unde
2668 1914 2988 1968 alimentum
3022 1912 3074 1965 in
3120 1926 3244 1963 eum
3279 1908 3371 1977 qui
3400 1907 3586 1968 alitur,

2010 2005 2425 2071 lransmutatur,
2458 2015 2507 2060 et
2544 2004 2731 2075 piscis,
2758 2013 2812 2059 et
2856 2003 3035 2073 panis,
3060 2010 3113 2055 et
3146 1998 3414 2069 quidquid
3439 1998 3589 2051 aliud

2008 2100 2341 2155 cibariorum
2372 2106 2474 2161 est,
2512 2096 2566 2151 iu
2604 2095 2924 2164 sanguinem
2960 2092 3199 2146 hominis
3229 2090 3589 2145 convertitur.

2010 2192 2105 2248 llis
2135 2207 2361 2262 prorsus
2404 2191 2463 2243 (it
2492 2189 2851 2244 contrarium.
2887 2184 3053 2239 Panis
3105 2186 3252 2239 enim
3302 2183 3427 2236 vita:
3477 2166 3624 2251 ipse.

2012 2263 2197 2337 movet
2218 2296 2343 2335 eum
2375 2287 2464 2349 qui
2498 2279 2766 2348 pascitur,
2796 2290 2850 2331 et
2885 2274 3167 2336 transfert,
3199 2284 3364 2343 atque
3414 2274 3468 2327 in
3506 2289 3581 2330 se-

2012 2375 2191 2441 ipsum
2237 2381 2454 2435 mutat;
2511 2372 2768 2440 quodque
2804 2367 2999 2421 merito
3057 2366 3242 2421 cordis
3298 2376 3352 2421 et
3398 2365 3598 2435 capitis

2011 2476 2116 2529 est,
2157 2479 2441 2518 movemur
2466 2470 2519 2516 et
2549 2462 2809 2522 vivimus,
2858 2467 3123 2521 quantum
3164 2458 3216 2510 in
3248 2457 3367 2527 ipso
3394 2468 3500 2516 est.
3538 2466 3598 2509 ut

2013 2559 2131 2627 ipse
2161 2566 2409 2611 movetur
2454 2563 2507 2610 et
2530 2553 2687 2607 vivit.
2739 2550 2855 2605 Hoc
2891 2551 3029 2603 idem
3076 2548 3347 2615 indicans,
3404 2548 3598 2603 videli-

2014 2657 2119 2711 cet,
2147 2662 2254 2702 non
2290 2648 2465 2701 instar
2491 2658 2744 2699 escarum
2799 2656 2857 2696 se
2910 2642 3074 2696 vitam
3107 2651 3354 2696 nostram
3410 2644 3595 2706 alere;

2016 2739 2110 2795 sed
2145 2753 2308 2809 quam
2343 2737 2458 2806 ipse
2514 2735 2733 2799 habeat,
2763 2748 2883 2787 eam
2918 2732 3063 2785 ultro
3107 2731 3266 2786 nobis
3302 2730 3595 2799 inspirare,

2017 2841 2070 2886 et
2102 2830 2267 2884 veluti
2300 2843 2398 2883 cor
2450 2826 2544 2881 aut
2587 2836 2755 2894 caput
2790 2823 3051 2878 membris
3103 2824 3270 2877 vitam
3299 2821 3597 2891 impertiri,

2018 2934 2065 2978 et
2102 2924 2283 2977 vivum
2309 2934 2503 2989 panem
2538 2933 2659 2973 sese
2684 2916 2991 2987 appellaiit,
3022 2926 3075 2970 et
3105 2934 3118 2970 :
3163 2935 3180 2965 ι
3221 2915 3323 2985 Qui
3367 2917 3597 2971 mandu-

2022 3023 2109 3069 cat
2140 3027 2248 3075 me,
2285 3009 2489 3079 inquit,
2516 3002 2569 3063 et
2596 3008 2710 3076 ipse
2749 3009 2891 3060 vivet
2918 3014 3142 3075 propter
3172 3018 3256 3058 me
3278 3003 3347 3057 ".
3394 3022 3412 3055 ι

2086 3190 2313 3245 Planum
2360 3197 2445 3243 est
2476 3185 2665 3255 igitur,
2706 3182 2872 3238 Deum
2916 3182 2973 3238 in
3025 3182 3226 3253 spiritu
3262 3190 3317 3239 et
3366 3184 3598 3239 veritate

2016 3282 2267 3344 adorare,
2334 3287 2390 3333 et
2453 3277 2530 3331 illi
2592 3276 2803 3331 sincere
2861 3273 3090 3339 servire,
3156 3290 3327 3331 sacrae
3397 3289 3599 3330 mensae

2016 3374 2236 3437 deberi;
2290 3385 2399 3423 non
2461 3368 2636 3423 solum
2664 3366 2793 3436 quia
2840 3382 2896 3420 ut
2938 3364 3143 3420 Christi
3211 3366 3457 3421 membra
3524 3368 3599 3422 si-

2019 3478 2174 3529 mus,
2244 3472 2302 3517 et
2361 3462 2462 3515 hac
2536 3458 2746 3513 ratione
2820 3456 3239 3512 similitudinem
3300 3460 3600 3526 quamdam

2019 3557 2163 3611 illius
2222 3565 2643 3622 consequamur,
2683 3550 2751 3603 ab
2788 3548 2938 3603 hisce
2985 3548 3259 3618 mysteriis
3310 3550 3598 3616 habemus,

2016 3662 2205 3702 verum
2255 3645 2462 3708 etiam,
2523 3641 2650 3711 quia
2705 3640 2907 3695 mortui
2967 3640 3174 3694 servire
3237 3640 3435 3694 viventi
3491 3657 3600 3695 non

2018 3753 2326 3810 possemus.
2384 3736 2655 3792 Czeterum
2684 3736 2887 3799 vivere,
2938 3744 2992 3789 et
3043 3736 3112 3789 ab
3157 3734 3418 3805 Operibus
3449 3750 3599 3788 mor-

2022 3831 2129 3886 tuis
2198 3831 2497 3884 immunem
2555 3842 2675 3884 esse
2737 3826 3079 3897 impossibile
3130 3836 3258 3893 est,
3309 3828 3415 3883 nisi
3478 3828 3602 3897 quis

2021 3925 2161 3979 hanc
2208 3938 2418 3980 caenam
2472 3920 2915 3988 frequentissime
2992 3920 3162 3973 ineat.
3231 3918 3386 3973 Sicut
3450 3919 3600 3973 enim

2023 4015 2214 4079 Deum,
2275 4033 2295 4066 ι
2336 4029 2461 4069 cum
2518 4013 2588 4067 sit
2646 4012 2896 4081 spiritus,
2957 4014 3012 4066 in
3067 4012 3263 4079 spiritu
3292 4024 3347 4065 et
3376 3996 3642 4064 veritate

2019 4113 2234 4173 oportet
2281 4107 2512 4161 adorare
2545 4104 2616 4168 ⁵⁸,
2682 4122 2701 4155 ι
2743 4104 2818 4157 ita
2864 4104 3017 4159 vivos
3049 4117 3171 4158 esse
3198 4103 3372 4164 decet,
3397 4102 3492 4171 qui
3527 4102 3606 4154 vi-

2026 4216 2153 4253 vum
2214 4200 2396 4254 colere
2421 4206 2735 4252 statuerunt
2776 4214 2789 4250 :
2834 4214 2851 4246 ι
2885 4194 3005 4249 Non
3052 4204 3138 4249 est
3191 4195 3367 4258 enim,
3403 4195 3601 4262 inquit,

2028 4291 2171 4346 Deus
2207 4300 2574 4351 mortuorum,
2617 4288 2712 4343 sed
2735 4286 2984 4341 vivorum
3026 4288 3094 4341 ιν.
3133 4303 3153 4337 δ

2096 4383 2404 4439 Scotindum
2440 4388 2645 4435 rectam
2677 4380 2942 4434 rationem
2976 4393 3140 4447 porro
3164 4379 3369 4441 vivere,
3405 4385 3603 4431 etcum

360 4469 455 4523 καὶ
485 4469 620 4539 πρὸς
652 4468 852 4539 ἀρετὴν
882 4467 1047 4537 ἔχειν,
1077 4468 1196 4540 Θεῷ
1230 4471 1517 4541 λατρεύειν
1588 4473 1703 4527 ἀλλ’
1746 4476 1907 4529 ἑκεῖνι

2032 4475 2232 4527 virtute
2261 4471 2653 4525 commercium
2688 4470 2911 4531 habere,
2938 4469 3101 4521 etiam
3134 4468 3241 4522 Deo
3272 4467 3476 4521 servire
3498 4475 3603 4520 est.

357 4558 459 4627 μὲν
488 4558 580 4610 καὶ
608 4557 811 4611 δούλων
838 4557 1032 4626 γένοιτ’
1057 4558 1122 4613 ἂν
1145 4559 1304 4631 ἔργον
1325 4576 1342 4592 ο
1369 4580 1387 4612 ι
1422 4560 1593 4614 Ὀταν
1617 4562 1724 4633 γὰρ
1746 4564 1919 4619 ταῦτα

355 4647 539 4701 πάντα
590 4648 875 4717 ποιήσητε,
913 4648 1069 4732 φησὶ,
1126 4648 1315 4717 λέγετε
1343 4650 1427 4703 ὅτι
1466 4650 1701 4721 ’Λχρεῖοι
1738 4652 1917 4707 δοῦλοί

354 4742 539 4809 ἔσμεν.
569 4756 589 4793 ε
624 4738 774 4811 Αὕτη
808 4737 867 4791 δι
915 4740 947 4809 η
980 4738 1203 4809 λατρεία
1232 4740 1371 4809 πρὸς
1404 4740 1515 4794 τῶν
1542 4742 1673 4795 υἱῶν
1710 4744 1920 4805 γίνεται

358 4832 555 4901 μόνων,
593 4831 754 4902 ἡμεῖς
785 4829 843 4885 δὲ
873 4831 935 4885 ού
984 4830 1091 4885 τῶν
1115 4830 1358 4895 ⁹δούλων,
1414 4832 1530 4886 ἀλλ’
1578 4835 1658 4897 είς
1683 4833 1777 4889 τὸν
1808 4838 1920 4890 τῶν

364 4923 570 4977 παίδων
594 4921 907 4992 καλούμεθα
942 4923 1121 4991 χορόν.
1155 4922 1255 4975 Διά
1279 4922 1437 4977 τοῦτο
1471 4926 1675 4994 σαρκὸς
1703 4925 1798 4979 καὶ
1830 4928 1917 4980 αῖ-

362 5034 534 5088 ματος
581 5016 730 5087 αύτῷ
768 5017 1173 5087 κοινωνοῦμεν·
1212 5034 1232 5069 ι
1270 5017 1352 5071 Τὰ
1378 5019 1486 5087 γὰρ
1517 5019 1726 5082 παιδία,
1764 5020 1918 5088 φησι,

362 5105 729 5177 κεκοινώνηκε
780 5106 984 5176 σαρκὸς
1018 5108 1112 5160 καὶ
1148 5106 1380 5176 αἵματος
1441 5127 1459 5159 ι
1512 5108 1778 5178 Καθάπερ
1811 5111 1920 5179 γὰρ

366 5198 593 5262 ἐκεῖνος,
628 5197 714 5251 ῖνα
742 5198 924 5267 πατὴρ
955 5196 1219 5268 ἡμέτερος
1257 5198 1480 5267 γένηται
1507 5198 1600 5253 καὶ
1637 5201 1727 5252 τὸν
1765 5201 1921 5266 λόγον

365 5290 574 5344 εκεῖνον
613 5288 815 5361 δυνηθῇ
860 5291 1060 5357 λέγειν,
1099 5308 1117 5343 ι
1169 5292 1303 5345 Ἰδοὺ
1334 5290 1446 5357 ἐγὼ
1475 5294 1567 5343 καὶ
1609 5293 1677 5343 τὰ
1708 5293 1921 5358 παιδία,

363 5382 399 5437 ἃ
434 5400 526 5453 μοι
556 5381 757 5436 ἔδωκεν
798 5380 827 5434 ὁ
870 5381 1029 5449 Θεὸς,
1060 5400 1079 5433 ι
1119 5382 1324 5453 σαρκὸς
1377 5382 1469 5436 καὶ
1517 5384 1745 5452 αἳματος
1788 5386 1925 5455 ἡμῖν

362 5474 578 5542 ἐγένετο
604 5474 882 5538 κοινωνὸς,
922 5472 1067 5528 οὕτω
1094 5472 1189 5526 καὶ
1229 5474 1400 5543 ἡμᾶς,
1433 5473 1501 5525 ῖν⁶
1530 5474 1722 5543 ἐκείνῳ
1751 5474 1922 5542 γενώ-

368 5570 507 5638 μεθα
543 5567 754 5631 παῖδες,
801 5566 1015 5635 ἀνάγκη
1050 5564 1159 5619 τῶν
1192 5565 1404 5619 ἐκείνου
1461 5563 1922 5635 μεταλαμϐάνειν,

434 5680 479 5713 ⁸⁵
510 5678 644 5736 Joan
701 5696 775 5743 vr,
805 5678 893 5733 57.
970 5679 1012 5711 ³⁷
1037 5678 1197 5734 Joan.
1244 5694 1319 5735 νι.
1344 5679 1431 5735 58.
1506 5678 1552 5711 ’³
1588 5675 1745 5731 Joan.
1778 5692 1853 5744 ιν,
1876 5676 1970 5733 24.
2047 5680 2093 5715 ⁸⁹
2124 5677 2315 5735 Iatth.
2352 5692 2485 5740 nu.
2541 5678 2609 5734 52
2635 5721 2648 5734 .

370 5763 429 5814 ιι,
458 5749 542 5805 14.
616 5752 661 5784 ⁸⁸
698 5752 805 5806 lsa.
840 5763 953 5817 νιιι,
991 5750 1076 5804 l8.

2027 4565 2129 4619 Sed
2154 4565 2258 4619 hoc
2292 4577 2572 4618 servorum
2594 4558 2817 4631 quoque
2856 4559 3091 4615 otlicium
3123 4567 3283 4628 atque
3316 4574 3452 4627 opus
3475 4573 3606 4613 cen-

2029 4666 2216 4711 seatur
2254 4696 2266 4710 .
2308 4672 2325 4705 ι
2362 4655 2500 4709 Cum
2548 4652 2697 4708 enim
2732 4650 2969 4707 feceritis
3004 4651 3119 4705 hmo
3172 4650 3376 4713 omnia,
3409 4649 3605 4718 inquit.

2030 4747 2209 4800 adhuc
2240 4744 2426 4807 dicite,
2470 4743 2598 4797 auia
2631 4742 2770 4797 servi
2798 4742 3019 4796 inutiles
3054 4755 3248 4795 sumus
3304 4739 3371 4792 “.
3433 4758 3449 4789 ι
3484 4739 3608 4793 Haec

2032 4846 2211 4889 autem
2241 4836 2402 4889 Iatria
2438 4834 2704 4905 (servitus
2734 4833 2849 4889 si've
2878 4832 3083 4892 cultus)
3119 4846 3148 4884 a
3186 4830 3313 4885 [illis
3340 4832 3607 4883 duntaxat

2032 4935 2352 4995 praestatur;
2380 4932 2434 4980 et
2465 4938 2568 4981 nos
2596 4940 2704 4979 non
2736 4925 2789 4977 in
2820 4938 3125 4985 servorum,
3157 4922 3250 4977 sed
3286 4922 3339 4975 in
3372 4923 3605 4975 filiorum

2020 5002 2279 5072 ordinem
2330 5026 2384 5071 et
2430 5016 2613 5071 locum
2639 5015 3030 5079 vocamenob
3064 5014 3116 5069 id
3148 5030 3369 5071 carnem
3408 5023 3460 5068 et
3482 5028 3607 5067 san-

2030 5109 2251 5177 guinein
2289 5108 2410 5177 ejus
2464 5109 2862 5179 participatuus
2902 5126 2915 5162 :
2959 5127 2977 5159 ι
3013 5106 3177 5162 Pueri
3206 5106 3375 5172 enim,
3406 5106 3603 5175 inquit,

2029 5200 2185 5257 carni
2206 5209 2262 5254 et
2286 5201 2545 5271 sanguini
2584 5200 3064 5257 communicarunt
3084 5202 3150 5253 σί.
3190 5219 3206 5250 ι
3238 5198 3607 5264 Quemadmo-

2030 5290 2159 5346 dum
2213 5306 2455 5361 namque
2494 5291 2636 5362 ipse,
2684 5301 2745 5345 ut
2780 5300 2937 5359 pater
2982 5297 3165 5349 noster
3198 5289 3311 5354 fiat,
3348 5300 3402 5341 et
3446 5286 3607 5341 verba

2033 5384 2125 5439 illa
2149 5400 2400 5453 promere
2422 5393 2610 5453 queat,
2641 5401 2659 5434 ι
2683 5380 2837 5437 'Ecce
2869 5396 2971 5449 ego
3001 5388 3055 5433 et
3097 5379 3248 5449 pueri
3307 5378 3435 5443 mei,
3469 5392 3607 5444 quos

2033 5476 2183 5531 dedit
2214 5474 2345 5529 mihi
2373 5474 2519 5529 Deus
2556 5475 2626 5539 ⁸⁸,
2668 5491 2687 5526 ι
2722 5473 2910 5528 carnis
2939 5480 2994 5525 et
3037 5471 3320 5539 sanguinis
3378 5482 3608 5523 consors

2034 5566 2192 5622 nobis
2220 5564 2397 5622 factus
2424 5574 2511 5621 est
2544 5581 2558 5621 :
2590 5564 2667 5621 sic
2688 5570 2742 5619 et
2769 5578 2893 5630 nos,
2917 5570 2977 5617 ut
3005 5562 3152 5617 illius
3180 5560 3272 5613 lilii
3293 5559 3608 5622 evadamus,

2730 5675 2943 5747 ".Luc.
3010 5689 3144 5731 ινιι.
3202 5673 3286 5728 10.
3365 5669 3605 5726 "Hebr.
