4154 6308
706 332 816 397 599

1888 333 2193 393 NICOLAI
2235 326 2617 392 CABASILxE

3830 321 3955 380 σεο

710 456 934 498 necesse
963 452 1041 498 est
1072 429 1311 499 vicissim
1341 459 1528 499 carnis
1546 456 1597 498 et
1637 444 1921 513 sanguinis
1947 443 2066 508 ejus
2096 442 2263 509 parti~

2368 448 2457 493 καὶ
2491 458 2680 494 τουτον
2709 440 2800 495 τὸν
2824 447 3025 513 τρόπον
3049 443 3108 495 οὑ
3138 441 3274 512 μέλη
3298 440 3386 493 διὰ
3408 438 3504 509 τὴν
3530 435 3755 506 τελετὴν
3782 437 3943 501 αὐτῷ

705 534 859 599 cipes
892 547 1035 587 esse.
1072 532 1247 602 Atqu‘e
1272 534 1376 589 isto
1428 532 1588 587 modo
1622 549 1729 587 non
1767 533 1941 587 solum
1972 532 2023 587 ei
2054 546 2146 599 per
2171 546 2262 585 sae

706 633 1045 678 cramentum
1111 626 1211 677 hoc
1264 625 1504 678 membra
1563 624 1860 690 rctldlmur,
1907 625 2001 677 scd
2046 623 2265 691 insupcr

711 710 830 775 ﬁlii,
860 722 919 763 ιιι
952 712 1176 765 libentes
1203 713 1253 766 ei
1307 720 1362 767 et
1387 713 1568 766 animo
1600 713 1813 767 volente
1837 714 2007 767 instar
2032 712 2262 764 ﬁliorum

707 815 1015 869 pareamus.
1052 800 1343 872 Diligenter
1368 804 1519 868 item,
1548 803 2001 872 quemadmodum
2022 800 2264 855 membra

705 891 935 945 scilicet.
977 891 1065 945 Sic
1090 895 1232 946 enim
1258 894 1493 949 servitus
1520 895 1575 949 lit
1604 894 1960 955 admirabilis,
1992 902 2041 947 et
2067 894 2261 946 eximia

704 993 949 1047 prorsus.
992 980 1261 1046 Quocirca
1289 992 1342 1037 et
1374 983 1486 1037 haec
1509 992 1562 1036 ct
1586 984 1698 1047 illa,
1734 984 1991 1047 ﬁliorum,
2022 984 2264 1051 inquam,

703 1075 758 1121 et
780 1070 1153 1125 membrorum
1183 1072 1364 1143 imago
1423 1073 1728 1128 inducenda
1776 1082 1877 1135 est,
1916 1074 2131 1142 quando
2161 1087 2267 1126 una

702 1158 769 1211 ad
798 1174 913 1212 rem
953 1167 1076 1214 ante
1108 1166 1293 1219 oculos
1324 1164 1627 1231 ponendam
1684 1164 1817 1217 satis
1849 1179 1958 1217 non
1993 1172 2092 1215 est.
2125 1160 2265 1226 Quid

703 1250 849 1303 enim
886 1250 1267 1307 admirationis
1302 1254 1484 1316 habet,
1519 1254 1664 1309 nullo
1692 1270 1790 1323 per
1832 1270 1890 1307 se
1941 1265 2091 1308 motu
2132 1269 2265 1322 prte-

701 1339 869 1403 ditos,
906 1344 1054 1393 velut
1083 1344 1350 1403 membra.
1384 1359 1414 1398 a
1442 1345 1550 1399 Deo
1588 1360 1684 1399 ceu
1707 1360 1735 1399 a
1778 1346 1956 1413 capite
1990 1344 2191 1399 moveri
2214 1350 2268 1396 et

704 1428 920 1483 incitari
948 1431 973 1484 ?
1000 1432 1139 1496 Quid
1166 1435 1463 1501 singulare,-
1489 1436 1634 1488 vclut
1660 1436 1905 1503 patribus
1924 1437 2104 1489 carnis
2124 1433 2265 1488 Patri

701 1521 993 1589 spirituum
1027 1524 1219 1591 subiici
1248 1525 1271 1576 ?
1301 1524 1399 1577 Ast
1456 1535 1754 1595 utrumque
1805 1526 1965 1581 simul
2019 1535 2267 1579 naturam

702 1611 936 1673 excellit,
962 1627 1088 1665 cum
1124 1614 1336 1667 arbitrii
1371 1614 1618 1669 libertate
1673 1623 1877 1670 retenta
1925 1626 1982 1669 ut
2034 1615 2147 1676 lilii,
2176 1629 2263 1667 sui

701 1699 861 1755 besse
899 1716 1119 1767 possum
1133 1719 1195 1757 us
1217 1713 1478 1773 tanquam
1523 1706 1786 1759 membra.

776 1791 842 1845 Et
871 1792 987 1845 base
1016 1802 1098 1847 est
1122 1794 1212 1847 illa
1242 1795 1587 1863 prtedicanda
1619 1796 1850 1849 filiorum
1880 1794 2127 1863 adoptio,
2158 1809 2267 1847 non

704 1882 757 1931 in
789 1889 921 1935 Voce
942 1888 993 1935 et
1016 1881 1725 1949 appellationc.consistens,
1748 1889 1806 1935 ut
1823 1882 1875 1937 in
1898 1882 2058 1933 rebus
2082 1881 2268 1932 huma-

704 1973 811 2037 nis,
851 1988 947 2025 nec
979 1988 1151 2042 usque
1173 1989 1237 2029 eo
1261 1976 1615 2032 honorabilis.
1641 1974 1773 2028 Nam
1802 1976 1943 2028 inter
1966 1988 2085 2032 nos.
2108 1971 2283 2039 adop-.

703 2064 798 2115 tati
830 2078 952 2116 cum
1008 2064 1398 2132 adeptantibus
1427 2066 1644 2121 nomine
1676 2066 1791 2120 solo
1839 2065 2268 2126 communicant,

701 2164 755 2210 et
795 2171 861 2209 eo
884 2171 1055 2225 usque
1110 2157 1215 2211 illis
1258 2158 1566 2213 communis
1602 2166 1686 2213 est
1727 2166 1899 2226 pater,
1934 2158 2079 2210 nulla
2103 2156 2270 2210 inter-

701 2245 842 2300 cedit
861 2250 1160 2317 generatio,
1201 2250 1327 2301 nulli
1374 2259 1594 2319 partus;
1628 2249 1715 2303 hic
1745 2258 1922 2315 autem
1950 2257 2003 2303 et
2043 2262 2268 2316 genera-

704 2337 778 2392 tio
796 2347 879 2393 est
899 2355 1107 2405 revera,
1127 2350 1179 2393 et
1197 2342 1513 2394 communio
1540 2356 1661 2394 cum
1685 2340 1996 2409 Uuigenito,
2024 2353 2129 2392 non
2151 2348 2267 2391 tan-

704 2438 815 2483 tum
833 2432 1093 2494 nominis,
1114 2433 1209 2486 sed
1231 2448 1409 2485 rerum
1436 2447 1654 2502 quoque
1673 2433 1935 2501 ipsarum,
1961 2430 2265 2500 sanguinis,

701 2520 975 2586 corporis,
1008 2521 1152 2575 vitae.
1180 2520 1318 2587 Quid
1351 2521 1494 2575 enim
1529 2521 1900 2591 praestantius,
1948 2534 2110 2589 quam
2141 2534 2264 2573 cum

701 2613 816 2679 ipse
841 2612 997 2664 Pater
1023 2609 1294 2680 Unigeniti
1324 2612 1408 2666 sui
1441 2613 1682 2666 membra
1712 2613 1763 2665 iu
1801 2612 1955 2666 nobis
1980 2610 2265 2678 agnoscit?

700 2718 823 2757 cum
847 2702 1019 2772 ipsam
1040 2703 1164 2757 Filii
1184 2702 1413 2758 formam
1432 2705 1484 2758 in
1501 2705 1743 2761 vultibus
1765 2707 1969 2760 nostris
1990 2704 2267 2759 intuetur?

705 2809 726 2842 ι
764 2793 913 2858 Quos
950 2792 1377 2860 praedestinavit,
1416 2794 1612 2861 inquit,
1638 2793 1947 2847 confortnes
1987 2794 2099 2846 fieri
2132 2794 2267 2845 ima-

700 2882 841 2950 ginis
874 2879 999 2934 Filii
1044 2882 1127 2935 sui
1164 2881 1231 2935 “.
1281 2899 1299 2933 ι
1340 2880 1403 2935 Et
1440 2881 1569 2951 quid
1621 2898 1719 2951 ego
1744 2882 1903 2935 istam
1969 2882 2263 2935 humanam

693 2970 1041 3039 adoptionem
1064 2984 1321 3024 enutnero
1341 2969 1363 3023 ?
1384 2985 1502 3023 cum
1524 2970 1611 3025 hic
1640 2970 1753 3037 ipsa
1786 2969 2015 3025 naturali
2042 2984 2265 3038 genera-

2364 531 2626 600 γινόμεθα
2663 532 2843 606 μόνον,
2893 533 3029 585 ἀλλὰ
3062 531 3157 587 καὶ
3195 532 3403 593 παῖδες,
3460 528 3600 580 ὥστε
3638 525 3943 595 λατρεύειν

2367 622 2837 687 ὑποταττομένους
2890 624 3112 685 ἑκόντας
3164 624 3260 691 μὲν
3301 621 3397 676 καὶ
3451 620 3570 690 μετ’
3614 618 3941 671 ιθελουσίου

2366 710 2609 779 γνώμης,
2662 711 2850 781 ὥσπερ
2884 712 2931 764 οί
2964 711 3172 773 παῖδας.
3230 708 3497 780 Ἀκρισῶς
3553 707 3609 758 δὲ
3673 706 3943 768 καθάπερ

2366 801 2435 853 τὰ
2464 802 2598 870 μέλη
2666 800 2809 855 οὕτω
2832 800 2941 872 γὰρ
2980 803 3011 868 ή
3047 799 3273 869 λατρεία
3304 796 3593 867 Θαυμαστὴ
3624 798 3719 848 καὶ
3752 795 3944 854 οὕτως

2367 892 2670 962 ὑπερφυὴς,
2699 891 2839 945 ὥστε
2870 894 2959 944 καὶ
2981 891 3184 960 ταύτης
3212 890 3473 957 κάκείνης
3496 888 3574 941 δεῖ
3597 888 3692 956 τῆς
3716 887 3939 946 εἰκόνος

2368 981 2461 1035 καὶ
2498 982 2596 1048 τῆς
2626 980 2735 1033 τῶν
2763 981 2895 1033 υίῶν
2928 982 3021 1033 καὶ
3051 982 3149 1042 τῖς
3194 980 3303 1032 τῶν
3340 977 3537 1047 μελῶν,
3569 975 3643 1038 ὡς
3673 974 3777 1025 οὐκ
3825 974 3935 1039 ἀρ-

2369 1073 2570 1142 κούσης
2618 1072 2717 1140 τῆς
2750 1072 2943 1143 ἑτέρας
2984 1071 3047 1125 τὸ
3082 1070 3141 1124 δν
3180 1068 3535 1134 ἐνδείξασθαι.
3567 1065 3657 1117 Τίι
3680 1063 3783 1134 μὲν
3820 1060 3940 1128 γὰρ

2369 1160 2528 1215 τοῦτο
2558 1162 2888 1231 θαυμαστδν,
2926 1162 3193 1233 μηδεμίαν
3228 1161 3438 1230 κίνησιν
3466 1157 3676 1210 οἴκοθεν
3722 1153 3937 1212 αὐτοὺς

2370 1256 2761 1323 κεκτημένους,
2792 1254 2982 1323 ῶσπερ
3020 1253 3087 1305 τὰ
3117 1252 3253 1321 μέλη
3294 1250 3369 1310 ὡς
3414 1247 3518 1301 ὑπὸ
3549 1244 3799 1311 κεφαλῆς
3834 1242 3935 1293 τοῦ

2368 1343 2503 1396 Θεοῦ
2550 1342 2873 1412 κινηθῆναις
2908 1344 2973 1395 Τί
3018 1342 3073 1394 δι
3108 1344 3282 1394 ἐκεῖνο
3312 1340 3474 1409 μέγα,
3507 1337 3761 1404 καθάπερ
3813 1336 3937 1394 τοῖς

2370 1436 2613 1503 πατράσι
2640 1436 2737 1502 τῆς
2765 1435 2964 1505 σαρκὸς
2999 1429 3077 1503 τῷ
3104 1432 3275 1503 πατρὶ
3300 1432 3406 1483 τῶν
3438 1429 3765 1496 πνευμάτων
3796 1425 3943 1477 ὑπο-

2369 1528 2635 1593 ταγῆναις
2680 1528 2752 1580 Τὸ
2790 1527 2847 1581 δὲ
2881 1527 3286 1595 συναμφότερον
3335 1519 3629 1591 ὑπερφυὲς,
3659 1520 3791 1571 ὅταν
3830 1511 3934 1565 τοῦ

2369 1618 2531 1684 λόγου
2564 1617 2661 1687 τὴν
2706 1616 3033 1686 αὐτονομίαν
3085 1613 3346 1677 σώζοντες
3381 1611 3569 1679 ὥσπερ
3607 1610 3654 1659 οἱ
3712 1605 3937 1665 παῖδες,

2372 1708 2707 1778 ὑποταγῆναι
2739 1707 3052 1777 δυνηοῶμεν
3075 1706 3258 1773 ῶσπερ
3285 1706 3353 1757 τὰ
3389 1704 3544 1772 μέλη.

2444 1800 2550 1851 Καὶ
2584 1798 2739 1852 τοῦτό
2770 1800 2885 1851 iam
2925 1799 2985 1849 τὸ
3016 1796 3207 1867 χρῆμα
3232 1797 3326 1857 τῆς
3354 1791 3697 1861 ὑμνουμένης
3744 1784 3932 1838 υἱοθε-

2373 1892 2515 1957 σίας,
2543 1892 2643 1945 οὐκ
2677 1892 2767 1943 ἐπὶ
2792 1891 2890 1960 τῆς
2914 1891 3094 1957 φωνῆς
3134 1886 3443 1955 ἱσταμένης.
3470 1882 3655 1949 ὥσπερ
3693 1880 3785 1932 ἐπὶ
3821 1878 3935 1929 τῶν

2373 1982 2746 2052 ἀνθρωπίνων,
2772 1982 2892 2036 οὐδὲ
2924 1982 3082 2052 μέχρι
3105 1980 3292 2034 τούτου
3319 1975 3587 2047 τιμώσης.
3621 1972 3738 2040 Ἐφ’
3770 1971 3804 2038 ἡ
3815 1968 3938 2039 μῶν

2376 2075 2477 2142 μὲν
2514 2074 2624 2143 γὰρ
2671 2075 2719 2125 οί
2776 2075 2989 2143 ποιητοί
3045 2074 3157 2134 τοῖς
3194 2068 3610 2138 γεγεννημένοις
3663 2064 3939 2130 ὀνόματος

2372 2166 2687 2218 κοινωνοῦσι
2720 2166 2900 2235 μόνον,
2940 2164 3034 2217 καὶ
3069 2164 3229 2233 μέχρι
3245 2160 3435 2213 τούτου
3465 2156 3641 2218 κοινὸς
3675 2154 3865 2213 αὐτοῖς
3907 2151 3937 2199 ὁ

2372 2254 2575 2325 πατὴρ,
2609 2255 2861 2323 γέννησις
2889 2254 2945 2306 δὲ
2970 2252 3193 2320 οὐδεμία
3216 2250 3333 2300 οὐδὲ
3354 2247 3541 2306 ὠδῖνες
3561 2260 3575 2277 ·
3610 2239 3847 2295 ἐνταῦθα
3876 2237 3934 2287 δὲ

2371 2345 2467 2399 καὶ
2508 2344 2753 2413 γέννησίς
2786 2344 2931 2396 ἐστιν
2990 2341 3206 2409 ἀληθῶς
3240 2341 3330 2392 καὶ
3376 2334 3628 2390 κοινωνία
3672 2331 3809 2400 πρὸς
3835 2330 3932 2380 τὸν

2370 2436 2668 2522 Μονσγενῆ,
2705 2437 2764 2488 οὐ
2804 2436 2903 2505 τῆς
2932 2433 3245 2502 ἐπωνυμίας
3276 2431 3453 2499 μόνον,
3487 2426 3623 2480 ἀλλὰ
3657 2425 3934 2522 καὶ-πρα-

2371 2513 2594 2597 γμάτων
2614 2529 2813 2591 αὐτῶν,
2830 2526 2922 2580 τοῦ
2948 2527 3199 2594 αἵματος,
3218 2524 3309 2575 τοῦ
3335 2522 3603 2589 σώμττος,
3622 2516 3721 2582 τῆς
3758 2513 3929 2579 ζωῆς.

2370 2624 2476 2676 Καὶ
2504 2622 2557 2674 τί
2586 2618 2690 2690 γὰρ
2732 2620 2915 2689 μεῖζον
2948 2618 2981 2685 ἦ
3006 2619 3133 2670 ὅταν
3158 2614 3317 2675 αὐτὸς
3344 2615 3370 2665 ό
3395 2611 3585 2677 Πατὴρ
3614 2607 3707 2660 τοῦ
3757 2607 3931 2657 Μονο-

2369 2712 2556 2780 γενοῦς
2609 2713 2666 2764 ἐν
2694 2712 2825 2780 ἡμῖν
2877 2708 3219 2777 ιπιγινώσκῃ
3260 2706 3328 2757 τὰ
3382 2702 3539 2773 μέλῃ,
3575 2702 3701 2754 ὅταν
3748 2694 3925 2763 αὑτὴν

2368 2803 2599 2873 εὑρίσκῃ
2627 2804 2726 2869 τὴν
2768 2798 2978 2869 μορφὴν
3000 2797 3093 2850 τοῦ
3127 2796 3312 2857 παιδὸς
3343 2794 3435 2847 ἐπὶ
3476 2791 3584 2844 τῶν
3616 2786 3927 2858 προσώπων

2366 2893 2474 2945 τῶν
2504 2890 2807 2961 ¹ἡμετέρων.
2858 2907 2877 2941 ι
2912 2887 3274 2956 Συμμόρφους
3308 2883 3434 2951 γὰρ,
3471 2880 3623 2949 φησὶ,
3649 2877 3927 2949 προώρισε

2366 2982 2465 3050 τῆς
2521 2981 2723 3041 εἰκόνος
2762 2978 2853 3031 τοῦ
2910 2977 3036 3031 Υίοῦ
3088 2974 3271 3029 αὐτοῦ.
3332 2991 3349 3025 ι
3387 2973 3494 3025 Καὶ
3536 2970 3590 3022 τί
3637 2971 3782 3032 λέγω
3825 2966 3927 3035 τὴν

698 3064 845 3117 tione
877 3062 1159 3117 aStriCtius
1191 3061 1443 3128 quiddam
1480 3061 1763 3129 magisque
1810 3069 2097 3130 cognatum
2160 3062 2253 3123 sit,

2369 3075 2589 3139 υίότητα
2636 3072 2732 3141 τὴν
2763 3069 3155 3137 πεποιημένην,
3202 3067 3331 3127 ὅταν
3358 3065 3455 3133 τῆς
3499 3062 3733 3131 φυσικῆς
3758 3074 3926 3124 πριισ-

692 3162 747 3207 et
775 3154 845 3207 ita
866 3152 980 3205 nati
1004 3153 1174 3220 magis
1201 3149 1291 3203 Dei
1314 3150 1406 3203 ﬁlii
1438 3152 1567 3216 sint,
1593 3165 1752 3220 quam
1784 3166 1971 3205 eorum
2005 3151 2094 3220 qui
2118 3149 2263 3219 ipsos

693 3245 990 3301 secundum
1048 3258 1249 3312 corpus
1279 3254 1638 3313 procrearunt
1667 3260 1681 3297 :
1716 3241 1880 3312 idque
1908 3258 1973 3297 eo
2007 3242 2265 3311 amplius,

694 3345 899 3407 quanto
943 3334 1172 3402 amplius
1209 3334 1450 3398 illorum,
1486 3348 1647 3403 quam
1677 3336 1917 3387 materia:
1941 3333 2006 3387 ad
2038 3347 2271 3402 concep-

696 3442 811 3481 tum
868 3427 1160 3495 suppositae
1192 3434 1338 3480 sunt.
1357 3424 1498 3491 Quid
1552 3424 1696 3480 enim
1718 3433 1822 3489 est,
1841 3425 1982 3492 quod
2005 3439 2160 3477 veros
2178 3438 2269 3493 pa-

694 3525 802 3569 tres
832 3513 987 3567 nobis
1005 3512 1333 3577 facit?Quod
1359 3528 1421 3565 ex
1457 3514 1697 3580 ipsorum
1716 3528 1878 3566 carne
1896 3526 2112 3566 carnem
2130 3512 2269 3565 hanc

696 3606 978 3669 habemus,
1009 3618 1112 3659 ete
1138 3605 1399 3675 sanguine
1420 3605 1633 3658 illorum
1659 3606 1763 3658 vita
1824 3606 1983 3658 nobis
2032 3604 2266 3659 conﬂata

692 3706 799 3752 est.
843 3696 957 3751 Hoc.
985 3710 1113 3750 vero
1162 3697 1292 3749 etin
1353 3694 1636 3750 Salvatore
1696 3696 2054 3765 acquirimus.
2123 3695 2266 3751 Caro

693 3789 840 3840 enim
875 3802 939 3839 ex
968 3786 1089 3854 ejus
1121 3799 1287 3839 carne
1314 3795 1368 3838 et
1401 3798 1525 3840 ossa
1559 3801 1621 3839 ex
1652 3786 1772 3852 eius
1802 3786 2020 3841 ossibus
2046 3800 2259 3857 sumus.

697 3876 802 3930 Sed
833 3875 1119 3944 utriusque
1154 3876 1556 3929 communionis
1587 3875 1734 3927 haud
1772 3862 2063 3929 mediocre.
2100 3877 2267 3929 inter-

695 3969 894 4023 vallum
928 3977 1033 4020 est.
1071 3968 1208 4021 Nam
1237 3967 1290 4019 in
1337 3966 1677 4020 naturalibus
1714 3965 1807 4035 qui
1832 3980 1977 4020 nunc
2008 3974 2090 4021 est
2140 3982 2269 4022 san-

698 4062 818 4127 guis
843 4057 1099 4119 ﬁliorum,
1135 4065 1419 4123 parentum
1450 4056 1562 4127 iam
1598 4074 1702 4111 non
1754 4066 1858 4124 est,
1892 4059 1985 4113 sed
2039 4059 2261 4113 illorum

697 4152 796 4206 fuit
852 4150 1165 4219 priusquam
1203 4147 1439 4203 ﬁliorum
1468 4158 1630 4203 esset.
1663 4152 1840 4218 Atque
1862 4152 1976 4204 haec
2001 4158 2085 4206 est
2114 4151 2267 4220 origo

694 4242 929 4314 generis,
1016 4240 1144 4309 quia
1227 4241 1320 4309 qui
1389 4241 1613 4309 sanguis
1695 4257 1839 4295 nunc
1886 4248 1971 4295 est
2048 4242 2264 4307 horum,

695 4345 820 4390 ante
872 4334 1089 4388 illorum
1154 4343 1291 4387 erat.
1338 4332 1415 4385 Ex
1477 4342 1821 4386 sacramento
1870 4342 2049 4387 autem
2106 4332 2263 4396 istoc,

2368 3165 2662 3231 φυέστερον
2711 3162 2806 3214 καὶ
2863 3160 3284 3227 συγγενέστερον
3333 3155 3470 3228 ἔχῃ,
3540 3154 3633 3206 καὶ
3680 3154 3727 3203 οί
3783 3151 3926 3203 οὕτω

2369 3252 2712 3322 γεννηθέντες
2743 3242 2847 3303 υίοὶ
2878 3250 3009 3303 Θεοῦ
3065 3249 3264 3319 μᾶλλον
3314 3247 3346 3317 ἢ
3379 3246 3488 3298 τῶν
3518 3244 3925 3311 γεγεννηκότων

2369 3345 2572 3407 αὐτῶν,
2599 3343 2692 3396 καὶ
2718 3343 2935 3395 τοσοῦτο
2977 3342 3199 3411 μᾶλλον,
3249 3341 3371 3394 ὅσον
3399 3338 3625 3389 ἐκείνων
3659 3336 3861 3405 μᾶλλον
3891 3335 3921 3403 ἢ

2370 3436 2478 3487 τῶν
2535 3434 2982 3502 ὑποὸαλλομένων
3037 3432 3175 3496 εἰσί;
3236 3430 3301 3482 Τί
3348 3430 3452 3497 γάρ
3507 3431 3680 3491 ἐστιν,
3727 3425 3755 3476 ὃ
3796 3426 3924 3482 τοὺς

2366 3525 2586 3595 ἀληθεῖς
2606 3527 2738 3593 ἡμῖν
2784 3524 3023 3590 πατέρας
3049 3525 3221 3585 ποιεῖς
3239 3522 3334 3574 Ἐκ
3360 3520 3465 3572 τῶν
3501 3517 3717 3587 σαρκῶν
3750 3516 3924 3568 αὑτῶν

2367 3619 2572 3686 ταύτην
2595 3616 2787 3685 ἔχομεν
2805 3618 2902 3684 τὴν
2925 3616 3121 3683 σάρκα,
3146 3612 3242 3665 καὶ
3263 3615 3324 3665 ὲκ
3347 3612 3453 3663 τῶν
3476 3611 3722 3677 αἱμάτων
3746 3608 3924 3659 αὐτῶν

2370 3710 2698 3775 συνέστηκεν
2722 3711 2853 3777 ἡμῖν
2880 3709 2913 3775 ἡ
2940 3708 3074 3773 ζωή.
3104 3704 3271 3757 Τοῦτο
3295 3704 3387 3755 καὶ
3414 3704 3503 3755 ἐπὶ
3524 3701 3618 3753 τοῦ
3651 3699 3899 3769 Σωτῆρος

2371 3799 2569 3865 σάρκες
2592 3797 2757 3864 ἐσμὲν
2784 3796 2971 3849 ἐκτῶν
2992 3794 3209 3865 σαρκῶν
3236 3792 3427 3857 αὑτοῦ,
3460 3789 3554 3844 καὶ
3573 3792 3706 3842 ὀστᾶ
3732 3793 3793 3840 ὲκ
3822 3789 3924 3841 τῶν

2368 3886 2541 3939 ὀστῶν
2573 3884 2760 3947 αὑτοῦ,
2791 3884 2928 3937 ἀλλὰ
2957 3885 3055 3952 τῆς
3085 3884 3369 3956 κοινωνίας
3399 3883 3666 3951 ἑκατέρας
3704 3878 3837 3931 πολὺ
3866 3879 3924 3929 τὺ

2371 3978 2553 4048 μέσον.
2593 3975 2717 4028 Ἐπὶ
2752 3975 2850 4045 μὲν
2885 3974 2991 4044 γὰρ
3023 3973 3132 4025 τῶν
3160 3972 3407 4041 φυσικῶν
3439 3974 3500 4022 τὸ
3528 3971 3622 4022 νῦν
3647 3966 3786 4038 αἷμα
3818 3968 3923 4020 τῶν

2370 4068 2573 4120 παίδων
2592 4066 2775 4119 οὐκέτι
2802 4066 2893 4117 καὶ
2928 4064 3034 4117 τῶν
3067 4064 3478 4132 γεγεννηκότων
3516 4060 3685 4122 ἐστὶν,
3717 4058 3826 4110 ἀλλ’
3857 4054 3921 4127 ἦν

2368 4156 2590 4209 ἑκείνων
2613 4156 2777 4226 πρινὴ
2807 4156 2914 4206 τῶν
2944 4153 3147 4206 παίδων
3178 4148 3341 4213 εἶναι,
3374 4152 3465 4203 καὶ
3492 4148 3649 4202 τοῦτο
3693 4152 3834 4201 ποιεῖ
3866 4150 3921 4200 τὸ

2367 4248 2541 4313 γένος,
2580 4247 2662 4297 ὅτι
2691 4244 2718 4295 ὃ
2741 4242 2834 4296 νῦν
2864 4242 3089 4305 τούτων,
3114 4240 3336 4292 ἐκείνων
3364 4239 3627 4309 πρότερον
3652 4234 3718 4308 ἦν
3790 4240 3842 4290 τὸ
3868 4239 3921 4290 δὲ

2367 4339 2465 4403 τῆς
2507 4336 2715 4401 τελετῆς
2742 4334 2922 4404 ἔργον,
2952 4333 3010 4384 τὸ
3038 4326 3175 4396 αἷμα
3201 4324 3243 4398 ᾧ
3271 4329 3470 4395 ζῶμεν,
3499 4328 3593 4380 νῦν
3619 4330 3766 4379 ἐστιν
3792 4323 3921 4396 αἷμα

694 4425 915 4494 sanguis
980 4438 1089 4491 quo
1119 4420 1370 4485 vivimus,
1403 4422 1565 4476 etiam
1598 4437 1743 4475 nunc
1795 4422 2017 4491 sanguis
2065 4420 2263 4476 Christi

2370 4428 2627 4498 Χριστοῦ,
2652 4425 2746 4478 καὶ
2764 4427 2796 4494 ἡ
2816 4423 2973 4493 σὰρξ,
3000 4425 3065 4493 ἢν
3089 4424 3351 4491 πήγνυσιν
3372 4423 3501 4489 ἡμῖν
3522 4431 3581 4471 το
3609 4422 3916 4489 μυστήριον,

693 4523 795 4569 est.
851 4511 916 4565 Et
978 4526 1129 4574 caro,
1194 4524 1356 4579 quam
1414 4510 1597 4578 nobis!
1627 4521 1991 4581 coagmentat,
2071 4527 2271 4582 corpus

695 4603 893 4673 Christi
922 4611 1022 4669 est,
1039 4611 1091 4656 et
1108 4601 1415 4657 communia
1441 4602 1659 4672 insuper
1677 4603 1940 4669 membra,
1964 4604 2264 4657 communis

696 4701 825 4749 vita.
1582 4677 1585 4681 ν

762 4788 939 4848 Atque
1004 4785 1122 4841 hate
1194 4796 1276 4842 est
1332 4801 1456 4839 vera
1511 4786 1848 4849 communio,
1891 4800 2015 4839 cum
2076 4787 2267 4841 ambo-

698 4881 799 4933 bus
832 4878 973 4933 idem
999 4878 1189 4934 eodem
1218 4891 1465 4949 tempore
1511 4877 1683 4930 adest.
1736 4875 1867 4930 Nam
1936 4881 1979 4930 si
2036 4887 2263 4946 uterque

698 4972 881 5034 habet,
923 4973 1035 5041 jam
1104 4972 1215 5035 hic,
1246 4971 1356 5040 jam
1397 4970 1507 5033 ille,
1568 4972 1667 5022 hoc
1709 4985 1815 5023 non
1866 4974 2047 5038 potius
2100 4970 2265 5024 fuerit

695 5063 1117 5123 communicare,
1154 5076 1312 5129 quam
1342 5059 1603 5114 dis:idere
1652 5076 1715 5113 ac
1772 5061 2099 5128 discrepare.
2144 5060 2260 5115 Non

694 5160 779 5205 est
811 5152 952 5203 enim
987 5153 1129 5220 quod
1162 5152 1474 5221 conjungat,
1505 5151 1760 5221 quoniam
1797 5166 1904 5204 non
1942 5150 2139 5205 habent
2174 5167 2259 5205 se-

695 5242 933 5295 cundum
967 5242 1107 5295 idem
1155 5245 1341 5306 ambo,
1405 5243 1551 5310 quod
1589 5242 1795 5297 utervis
1863 5243 2012 5297 solus
2077 5244 2256 5298 habet.

696 5334 960 5396 Quocirca
991 5347 1088 5385 nec
1118 5346 1243 5387 vere
1281 5342 1529 5387 mutuum
1572 5333 1624 5385 in
1665 5333 1773 5398 ullo
1832 5334 2256 5397 communicant,

699 5436 796 5475 nec
828 5422 1329 5477 communicarunt.
1354 5424 1458 5477 Sed
1480 5422 1609 5492 quia
1641 5423 1780 5477 idem
1810 5431 1911 5486 est,
1937 5423 2081 5492 quod
2110 5425 2259 5492 prius

695 5522 813 5568 erat
842 5514 1020 5581 hujus,
1056 5528 1204 5568 nunc
1251 5524 1333 5567 est
1384 5516 1550 5578 illius,
1584 5516 1794 5584 species
1825 5516 2070 5583 qua-dam
2106 5530 2254 5571 com-

767 5700 813 5731 "
859 5697 1024 5753 llebt'.
1056 5715 1114 5763 tt,
1152 5698 1237 5751 l3.

2375 4519 2534 4585 σῶμα
2565 4520 2680 4569 ἔστι
2713 4516 2804 4569 τοῦ
2836 4514 3098 4586 Χριστοῦ,
3126 4512 3218 4565 καὶ
3250 4512 3405 4564 κοινὰ
3444 4510 3523 4562 ἔτι
3558 4510 3627 4562 τὰ
3664 4510 3801 4579 μέλη
3834 4511 3919 4562 καὶ

2374 4610 2526 4679 κοινὴ
2559 4612 2592 4679 ἡ
2623 4609 2734 4676 ζωή

2442 4788 2611 4840 Τοῦτο
2639 4786 2694 4837 δέ
2718 4787 2867 4836 ἔστιν
2895 4785 2925 4851 η
2950 4780 3155 4850 ἀληθὴς
3185 4777 3460 4843 κοινωνία,
3487 4778 3614 4829 ὅταν
3638 4775 3835 4847 ἀμφοῖν
3860 4777 3917 4829 τὸ

2372 4879 2503 4931 αὐτὸ
2552 4876 2693 4929 κατὰ
2743 4876 2833 4926 τὸν
2892 4874 3051 4925 αὐτὸν
3100 4871 3289 4939 χρόνον
3346 4872 3518 4937 παρῇ,
3568 4867 3648 4927 ῶς
3706 4867 3914 4919 ἐπειδὰν

2370 4970 2624 5037 ἑκάτερος
2659 4966 2776 5035 ἔχῃ,
2809 4965 2901 5016 καὶ
2930 4962 3023 5015 νῦν
3058 4964 3155 5030 μὲν
3185 4954 3358 5025 οὗτος,
3393 4958 3485 5010 νῦν
3516 4959 3571 5011 δὶ
3611 4960 3831 5019 ἐκεῖνος.
3855 4960 3911 5011 οὗ

2370 5062 2641 5113 κοινωνεῖν
2672 5058 2737 5110 ἂν
2769 5056 2852 5122 εἴη
2880 5056 3076 5120 μᾶλλον
3104 5055 3135 5121 ἦ
3166 5053 3457 5105 διεστάναι.
3485 5051 3559 5102 Οὐ
3592 5050 3699 5119 γάρ
3730 5052 3838 5101 ἐστι
3858 5053 3911 5101 τδ

2369 5153 2657 5213 συνάπτον,
2687 5152 2767 5203 ὅτι
2806 5148 2879 5218 μὴ
2910 5148 3142 5215 πάρεστι
3174 5144 3312 5197 κατὰ
3338 5143 3529 5194 ταύτὸν
3566 5141 3908 5210 ἀμφοτέροις,

2365 5248 2393 5298 ὅ
2423 5262 2485 5311 γε
2524 5245 2681 5312 μόνος
2730 5243 2992 5310 ἑκάτερος
3031 5239 3143 5307 ἔχει
3221 5237 3344 5289 ὅθεν
3397 5233 3519 5287 οὗτε
3578 5235 3911 5287 κοινωνοῦσιν

2367 5335 2637 5404 ἀλλήλοις,
2679 5329 2989 5386 οὑτινοσοῦν
3032 5328 3245 5393 ἀληθῶς
3285 5324 3406 5377 οὔτε
3450 5327 3914 5393 κεκοινωνήκασιν,

2368 5425 2480 5478 ἀλλ’
2512 5427 2536 5476 ὅ
2566 5441 2617 5475 τι
2646 5424 2705 5474 τὸ
2737 5423 2869 5475 αὑτό
2893 5426 3055 5484 ἐστιν,
3081 5421 3107 5470 ὃ
3138 5418 3399 5488 πρότερον
3425 5411 3492 5485 ἦν
3514 5416 3725 5479 τούτου,
3748 5416 3835 5467 νῦν
3858 5416 3912 5468 δὲ

2368 5516 2596 5579 ἐκείνου,
2628 5515 2810 5567 εἰκόνα
2844 5514 2963 5565 τινὰ
3016 5511 3301 5572 κοινωνίας
3347 5508 3481 5576 ἔχει.
3518 5506 3786 5575 Καθάπερ
3816 5508 3911 5575 γὰρ
