4154 6308
243 337 345 400 (illi

1305 338 1400 396 DE
1427 338 1599 399 VlTA
1641 340 1726 402 IN
1763 335 2094 405 CHRISTO
2154 340 2300 401 LIB.
2344 339 2424 400 IV

3362 342 3467 405 {09.

244 453 353 506 οὐκ
375 453 440 506 ἄν
466 470 546 514 τις
569 454 650 521 εἴη
682 450 949 516 σύνοικος,
977 446 1021 517 ᾧ
1044 451 1141 518 τὴν
1168 450 1337 518 αὐτὴν
1367 445 1587 521 ᾤκησεν
1605 452 1803 516 οἰκίαν,

1910 454 2183 506 munionis
2231 463 2285 507 et
2317 454 2490 521 imago
2518 434 2742 511 dicenda
2797 461 2880 507 est
2912 453 3103 522 magis,
3126 467 3286 524 quam
3311 469 3465 508 com-

250 545 301 594 εί
356 544 477 610 μετ’
510 544 715 594 ἐκεῖνον
750 541 948 609 οίκοίη·
980 540 1087 593 οὐδ’
1123 540 1297 609 ἀρχῆς
1322 543 1414 593 καὶ
1462 542 1807 611 πραγμάτων

254 634 349 684 καὶ
392 632 687 700 φροντίδων
749 630 1001 694 κοινωνὸς
1036 630 1259 700 ὁτῳοῦν,
1287 632 1346 694 ὃς
1396 632 1671 699 ἐξεδέξατο
1707 634 1807 702 τὴν

254 720 448 790 ἀρχὴν,
485 721 602 773 ἀλλ’
629 720 685 781 ὃς
712 720 779 773 ἂν
826 719 962 790 πρός
1010 735 1075 785 γε
1124 719 1203 787 τῷ
1254 720 1345 771 τὸν
1388 720 1550 773 αὑτὸν
1589 721 1806 785 οἰκῆσαι

253 812 421 863 τόπον
461 810 693 863 καὶτῶν
745 812 925 865 αὐτῶν
961 810 1259 880 προστῆναι
1319 811 1685 881 πραγμάτων,
1720 811 1799 863 ἔτι

254 900 350 953 καὶ
374 901 585 969 χρόνοις
608 900 870 971 χρήσαιτο
890 903 1001 964 τοῖς
1018 903 1205 966 αὐτοῖς
1224 916 1238 932 ·
1270 902 1361 955 τὸν
1390 902 1502 955 ἴσον
1527 902 1804 957 κάνταῦθα

252 992 456 1059 τρόπον
495 992 561 1045 ἂν
590 993 705 1065 ἔχοι
776 995 869 1047 καὶ
908 993 1110 1063 σαρκὸς
1150 994 1243 1046 καὶ
1282 973 1511 1062 αἵματος
1554 995 1666 1055 τοῖς
1707 994 1805 1061 μὶν

251 1084 636 1151 γεγεννηκόσιν
680 1084 740 1137 οὐ
793 1084 957 1147 πάνυ,
1008 1085 1083 1154 μὴ
1133 1084 1224 1137 τὸν
1270 1084 1431 1137 αὐτὸν
1482 1086 1615 1153 ἡμῖν
1669 1085 1809 1136 αὐτὰ

244 1175 581 1245 μετασχοῦσι
603 1177 814 1247 χρόνον,
843 1176 919 1244 τῷ
939 1175 1161 1245 Χριστῷ
1184 1176 1242 1228 δὲ
1269 1177 1339 1238 ὡς
1374 1175 1591 1246 άληθῶς
1618 1192 1809 1227 κοινω-

246 1266 469 1334 νοῦμεν,
507 1267 643 1335 πρὸς
670 1268 729 1319 ὃν
755 1269 847 1319 καὶ
894 1270 979 1319 ἀεὶ
1022 1268 1179 1334 σῶμα
1220 1267 1313 1319 καὶ
1358 1263 1495 1336 αἷμα
1525 1266 1621 1319 καὶ
1670 1266 1804 1337 μέλη

247 1364 344 1409 καὶ
374 1357 549 1409 πάντα
572 1357 743 1410 ταῦτα
772 1358 942 1411 κοινά.
977 1358 1113 1411 Είδὲ
1144 1357 1299 1412 τοῦτο
1328 1360 1472 1420 ποιεῖ
1496 1359 1565 1410 τά
1596 1359 1804 1421 παιδία,

242 1449 307 1500 τὸ
346 1449 675 1515 κοινωνῆσαι
707 1448 912 1518 σαρκὸς
941 1450 1035 1503 καλ⁸
1069 1448 1323 1517 αἵματος,
1351 1448 1508 1517 δῆλον
1542 1448 1807 1507 καθέστα-

251 1551 352 1603 μεν
382 1534 518 1603 πρὸς
540 1538 629 1586 τὸν
654 1535 882 1604 Σωτῆρα
911 1536 1331 1606 συγγενέστερον
1353 1536 1567 1605 ἔχοντες
1588 1536 1694 1591 ἀπὸ
1714 1537 1807 1605 τῆς

246 1626 529 1695 τραπέζης
576 1626 607 1695 ἦ
648 1628 750 1695 τῆς
790 1627 1005 1694 φύσεως
1055 1629 1190 1698 πρὸς
1239 1630 1365 1690 τοὺς
1404 1630 1805 1697 γεγεννηκότας

246 1716 443 1778 αὐτούς
530 1717 609 1769 ἔτι
640 1719 817 1770 τοίνυν
840 1720 936 1787 οὐχ
974 1717 1119 1783 άπαξ
1142 1718 1368 1784 ζωὼσας
1399 1719 1586 1789 ὥσπερ
1610 1722 1806 1773 ἐκεῖνοι

1909 546 2117 601 munio.
2144 543 2297 599 Sicut
2323 547 2464 599 enim
2494 560 2599 599 non
2628 552 2769 599 esset
2798 548 2921 615 quis
2958 547 3365 601 contubernalis
3389 547 3464 611 ei,

1908 651 2029 691 cum
2055 650 2161 703 quo
2188 636 2433 690 eamdem
2465 636 2684 689 domum
2727 637 3012 695 habitaret.
3067 638 3110 691 si
3145 648 3262 703 post
3314 637 3461 691 illmn

1909 725 2195 788 habitaret,
2231 740 2329 779 nec
2390 714 2738 793 magistr'atus
2756 737 2809 781 et
2850 727 3173 796 reipublicae
3212 728 3466 780 curanda:

1907 819 2093 873 socius
2139 816 2319 882 alicui,
2386 817 2480 886 qni
2528 819 2901 886 magistratum
2932 826 3055 886 post
3116 817 3270 869 illum
3304 831 3466 869 ncce-

1908 910 2092 979 pisset,
2157 909 2251 964 sed
2305 909 2419 978 qui,
2475 918 2830 979 praeterquam
2889 908 3034 979 quod
3080 910 3269 962 eodem
3304 909 3467 961 modo

1906 1000 2048 1054 cdes
2100 998 2316 1053 easdem
2357 998 2639 1062 incoleret,
2691 1008 2744 1053 et
2792 1000 2981 1053 iisdem
3040 1015 3257 1068 quoque
3303 1001 3468 1053 rebus

1907 1106 2028 1147 cum
2058 1089 2283 1159 imperio
2317 1099 2593 1159 praeesset,
2640 1091 2801 1145 etiam
2834 1090 3021 1143 eodem
3061 1100 3299 1157 tempore
3327 1106 3467 1158 prae-

1905 1190 2083 1237 esset:
2128 1181 2220 1235 tali
2256 1182 2413 1235 modo
2468 1197 2527 1235 se
2556 1196 2643 1235 res
2686 1181 2773 1235 hic
2834 1181 3017 1234 habet.
3052 1178 3185 1233 Nam
3224 1196 3387 1234 carne
3416 1190 3470 1236 et

1905 1272 2167 1339 sanguine
2200 1287 2305 1325 non
2336 1271 2626 1325 admodum
2670 1288 2792 1325 cum
2850 1271 3169 1339 parentibus
3210 1286 3330 1337 nos,
3368 1286 3469 1325 nec

1906 1365 2093 1421 eodem
2125 1373 2364 1431 tempore
2385 1363 2439 1414 in
2466 1361 2551 1415 his
2574 1362 2859 1415 nobiscum
2895 1361 2991 1430 ipsi
3030 1362 3465 1414 communicant.

1907 1453 2123 1506 Christo
2163 1461 2340 1505 autem
2384 1467 2570 1504 revera
2619 1450 3111 1515 communicamus,
3179 1466 3301 1505 cum
3360 1467 3470 1519 quo

1907 1559 2119 1614 semper
2150 1552 2203 1597 et
2267 1559 2488 1611 corpus.
2521 1552 2573 1595 et
2607 1543 2948 1612 sanguinein,
2981 1551 3034 1596 et
3099 1544 3370 1606 membra,
3417 1554 3469 1597 et

1905 1634 2085 1688 omnia
2121 1634 2235 1689 haec
2265 1633 2525 1685 habemus
2557 1632 2893 1685 communia.
2926 1631 3079 1697 Quod
3109 1634 3155 1687 si
3194 1632 3297 1685 hoc
3331 1632 3469 1687 lilios

1907 1726 2088 1789 eilicit,
2120 1724 2526 1778 communicare
2582 1738 2745 1776 carne
2773 1731 2827 1777 et
2856 1722 3141 1793 sanguine.
3187 1738 3287 1778 nos
3346 1738 3468 1777 ma-

246 1810 340 1859 καὶ
381 1810 793 1879 συστησάμενος
828 1811 1139 1881 ἀπηλλάγη,
1173 1812 1289 1865 ἀλλ’
1320 1812 1407 1864 ἀεὶ
1447 1820 1678 1883 πάρεστι
1710 1813 1802 1866 καὶ

1906 1816 2022 1883 jore
2051 1814 2369 1882 cognatione
2396 1826 2521 1865 cum
2554 1811 2835 1871 Salvatore
2868 1828 2959 1880 per
2984 1828 3195 1867 sacram
3225 1828 3467 1867 mensam

241 1899 473 1970 ἥνωται,
507 1905 599 1954 καὶ
652 1902 827 1971 τούτῳ
882 1903 1030 1969 αὑτῷ
1076 1904 1204 1968 (tuo!
1254 1906 1349 1959 καὶ
1396 1907 1677 1975 συνίστησι
1726 1907 1802 1974 τῷ

242 1996 518 2061 παρεῖναι.
553 1993 656 2047 Καὶ
710 1994 822 2046 τῶν
862 1995 959 2063 μὲν
990 1996 1396 2064 γεγεννηκότων
1425 1996 1801 2065 ἀφεστηκότας

240 2083 398 2137 οὐδὲν
430 2084 623 2137 κωλύει
652 2087 946 2155 περιεῖναι,
975 2087 1099 2146 τοὺς
1125 2085 1182 2138 δὲ
1208 2086 1300 2138 τοῦ
1332 2085 1569 2157 Χριστοῦ
1596 2088 1801 2140 διϊστα-

242 2176 441 2243 μένους
493 2177 643 2229 οὐδὲν
689 2178 817 2229 ἄλλο
853 2177 1037 2229 λοιπὸν
1080 2177 1112 2247 ἢ
1152 2177 1423 2230 τεθνάναι.
1463 2179 1569 2229 Καὶ
1630 2178 1683 2229 τί
1726 2177 1799 2246 μὴ

236 2267 387 2334 λέγω
440 2269 501 2321 τὸ
563 2268 784 2336 μεῖζονς
831 2269 1098 2336 Συστῆναι
1157 2269 1256 2337 μὲν
1307 2268 1414 2336 γὰρ
1467 2268 1667 2329 αὐτοὺς
1717 2267 1801 2335 ἐφ’

231 2358 455 2412 ἑαυτῶν
506 2359 630 2420 τοὺς
684 2360 817 2419 υίετς
872 2359 971 2410 οὐκ
1023 2359 1138 2410 ἐστι
1204 2358 1277 2426 μὴ
1323 2358 1647 2420 διαστάντας
1693 2357 1802 2410 τῶν

233 2447 675 2517 γεγεννηκότων,
719 2448 852 2499 ἀλλὰ
890 2448 1045 2501 τοῦτο
1074 2449 1219 2499 ποιεῖ
1246 2446 1374 2507 τοὺς
1408 2446 1507 2514 μὲν
1543 2463 1802 2515 γεγεννη-

232 2535 398 2587 κέναι
453 2536 575 2596 τοὺς
603 2536 659 2588 δὲ
691 2536 1049 2604 γεγεννῆσθαι
1079 2536 1179 2604 τὴν
1211 2535 1386 2604 ἀρχὴν
1414 2534 1491 2601 τῷ
1521 2535 1801 2606 διαιρεθῆ-

234 2643 330 2678 ναι
400 2628 432 2694 ὴ
469 2626 514 2680 δ’
542 2627 633 2679 ἐπὶ
663 2627 770 2683 τῶν
802 2628 1118 2696 μυστηρίων
1151 2627 1334 2696 υίότης
1369 2628 1427 2679 ἐν
1460 2627 1537 2697 τῷ
1568 2630 1801 2680 συνεῖναι

238 2717 344 2771 καὶ
390 2718 666 2771 κτινωνεῖν
698 2719 835 2783 ἐστι,
866 2718 959 2770 καὶ
988 2718 1149 2771 τοῦτό
1185 2719 1301 2773 ἐστι
1340 2718 1663 2788 διεφθάρθαι
1712 2721 1803 2773 καὶ

242 2808 443 2876 μηκέτ’
470 2806 631 2864 εἶναι.

1907 1905 2223 1965 devinctos,
2283 1918 2443 1970 quam
2502 1917 2601 1970 per-
2654 1914 2901 1955 naturam
2963 1917 3086 1956 cum
3153 1904 3474 1972 parentibus

1908 1994 2060 2062 ipsis,
2103 1991 2447 2071 maniiestum
2475 2000 2579 2044 est.
2613 1990 2729 2045 1am
2784 2006 2914 2046 vero
2968 2008 3075 2046 non
3123 2007 3245 2047 cum
3305 1992 3472 2047 semel

1910 2100 2008 2139 nos
2040 2084 2191 2137 vivos
2221 2092 2560 2153 procreasset
2592 2081 3007 2152 fomnassetque,
3043 2092 3105 2135 ut
3166 2083 3264 2147 illi,
3296 2097 3355 2137 se
3383 2098 3473 2135 re-

1908 2175 2117 2229 movit:
2153 2176 2245 2228 sed
2276 2188 2558 2241 nunquam
2596 2189 2703 2231 non
2745 2174 2918 2237 adest,
2961 2182 3015 2228 et
3044 2175 3232 2228 unitus
3286 2183 3388 2237 est,
3421 2182 3473 2226 ct

1908 2266 2009 2319 hoc
2036 2266 2153 2333 ipso
2191 2266 2335 2333 quod
2372 2266 2551 2325 adest,
2604 2275 2709 2317 nos
2760 2264 2998 2318 viviﬁcat
3025 2274 3077 2319 et
3132 2265 3349 2318 format.
3409 2262 3475 2317 Et

1907 2359 2183 2425 sejunctos
2212 2359 2429 2427 quidem
2452 2373 2479 2410 a
2507 2357 2817 2424 parentibus
2839 2356 2971 2410 nihil
2998 2366 3144 2411 vetat
3166 2371 3473 2425 superesse,

1908 2448 2182 2503 aChristo
2214 2458 2392 2501 autem
2435 2447 2723 2513 separatis,
2797 2453 2996 2515 praeter
3058 2455 3283 2499 mortem
3340 2446 3475 2499 nihil

1906 2538 2335 2609 exspectandum
2391 2549 2492 2591 est.
2550 2536 2653 2591 Sed
2705 2552 2806 2591 cur
2855 2537 3032 2607 majus
3067 2537 3325 2607 quiddam
3364 2551 3473 2589 non

1909 2630 2075 2686 dico?
2112 2630 2338 2699 Fingere
2370 2628 2501 2696 ipsis
2532 2628 2584 2681 in
2651 2627 2956 2697 semetipsis
2986 2627 3149 2690 illius.
3198 2627 3324 2695 quia
3384 2641 3478 2695 pa-

1911 2720 2156 2775 rentibus
2182 2733 2289 2772 non
2337 2717 2689 2778 dirimantur.
2758 2716 2902 2771 haud
2964 2716 3301 2772 conceditur.
3363 2715 3472 2771 Sed

1828 2801 1873 2863 C
1910 2810 2036 2880 quia
2069 2809 2161 2876 alii
2195 2816 2547 2878 generarunt,
2603 2808 2696 2862 alii
2748 2811 2989 2877 generati
3038 2818 3185 2872 sunt,
3224 2808 3326 2863 hoc
3380 2822 3474 2861 eos

239 2914 468 2969 prorsus
496 2900 722 2961 dirimit.
750 2914 815 2954 ac
846 2901 1091 2968 seiungit.
1124 2902 1253 2954 Esse
1308 2910 1487 2955 autem
1531 2901 1669 2956 ﬁlios
1729 2902 1781 2955 in
1832 2904 2126 2974 mysteriis,
2162 2901 2212 2954 in
2247 2902 2572 2955 commercio
2609 2910 2661 2953 et
2710 2901 3205 2956 communicatione
3236 2902 3472 2970 positum

238 3000 346 3055 est,
378 3002 431 3046 et
495 2993 731 3060 separari
774 3007 837 3046 ac
884 2992 1115 3061 seiungi,
1171 3001 1272 3048 hoc
1309 3005 1393 3048 est
1448 3010 1554 3049 non
1604 2996 1991 3064 ampliusesse,
2047 2996 2139 3048 sed
2190 2995 2413 3047 omnino
2458 2994 2702 3061 periisse.

320 3090 527 3146 Οὐκοῦν
558 3092 605 3143 εἰ
638 3089 921 3141 κοινωνίαν
948 3089 1070 3141 τινὰ
1105 3089 1351 3159 βούλεται
1380 3091 1441 3143 τὸ
1476 3092 1572 3160 τῆς
1615 3109 1809 3159 συγγε-

243 3184 401 3245 νείας
430 3183 620 3252 ὄνομα,
660 3183 751 3235 καὶ
777 3180 998 3242 τούτους
1032 3177 1183 3249 οἶμαι
1221 3180 1414 3250 μηνύει
1450 3187 1573 3244 τοὺς
1616 3182 1809 3251 αἵματι

246 3274 415 3345 κοινῷ
451 3276 852 3343 συνημμένους,
885 3274 1016 3342 μόνη
1045 3273 1143 3343 μὲν
1184 3274 1411 3341 αἳματος
1455 3272 1520 3325 ἄν
1555 3274 1638 3341 εἴη
1692 3290 1806 3324 κοι-

246 3369 433 3436 νότης,
484 3365 618 3435 μόνη
658 3365 714 3429 ᾂὲ
763 3365 1053 3433 συγγένεια
1095 3366 1189 3418 καὶ
1242 3367 1449 3432 υῑότης,
1481 3365 1605 3417 καθ’
1633 3366 1698 3434 ἣν
1732 3365 1808 3433 τῷ

245 3458 472 3529 Χριστῷ
504 3455 888 3527 κοινωνοῦμεν.
949 3458 1048 3509 Διὰ
1096 3456 1253 3509 τοῦτο
1298 3456 1393 3507 καὶ
1428 3456 1526 3525 τὴν
1572 3455 1808 3524 φυσικὴν

243 3526 501 3618 γέννησιν
527 3548 891 3616 ἀποκρύπτει,
917 3546 1133 3599 ἐπειδὰν
1166 3548 1255 3598 ἐπὶ
1281 3546 1388 3599 τῶν
1412 3548 1588 3600 αὐτῶν
1614 3547 1809 3613 γένων-

242 3656 341 3693 ται
360 3654 373 3671 ο
408 3656 427 3689 ι
460 3640 611 3691 Ὅσοι
633 3638 740 3706 γὰρ
761 3637 949 3690 ἔλαϐον
970 3637 1153 3702 αὐτὸν,
1178 3638 1362 3707 φησιν.
1397 3638 1582 3700 αὐτοῖς
1611 3636 1807 3689 ἔδωκεν

245 3731 498 3794 ἑξουσίαν
519 3731 687 3783 τέκνα
707 3729 842 3783 Θεοῦ
871 3728 1124 3796 γενέσθαι
1197 3748 1215 3779 ι
1247 3729 1430 3782 καίτοι
1454 3730 1808 3797 γεγέννηντᾰι

244 3820 344 3873 καὶ
367 3818 567 3889 σάρκες
588 3815 725 3887 ἦσαν
751 3818 801 3871 oi
827 3819 1243 3885 γεγεννηκότες,
1268 3818 1362 3870 καὶ
1386 3820 1483 3887 τῆς
1502 3820 1809 3887 γεννήσεως

244 3912 491 3979 προτέρα
530 3908 734 3977 ταύτης
782 3908 963 3977 ἐκείνη
1050 3907 1183 3963 ἀλλὰ
1226 3909 1479 3962 τοσοῦτον
1514 3911 1544 3979 ἡ
1582 3909 1809 3977 δευτέρα

247 4000 628 4070 κατεκράτησε
673 3999 773 4067 τῆς
820 3998 1223 4068 πρεσὸυτέρας,
1283 3999 1425 4053 ὥστε
1483 4001 1616 4070 μηδὲ
1664 4001 1808 4068 ῐχνος

248 4094 467 4163 ἐκείνης
501 4092 631 4162 μηδὲ
668 4092 836 4161 ὄνομα
866 4091 1056 4147 λοιπὸν
1085 4089 1244 4155 εἶναι,
1274 4096 1365 4145 καὶ
1399 4092 1573 4155 οὕτως
1604 4096 1630 4145 ὀ
1667 4093 1808 4162 ἱερὸς

247 4184 414 4254 ἄρτος
431 4181 519 4235 τὸν
537 4181 653 4234 νέον
675 4181 913 4246 εἰσάγων
932 4180 1215 4250 ἄνθρωπον
1243 4182 1538 4251 πρόρριζον
1557 4181 1807 4234 ἐκϐάλλει

242 4275 342 4325 τὸν
363 4270 609 4325 παλαιόν.
644 4270 752 4323 Καὶ
776 4270 935 4323 τοῦτο
967 4272 1074 4342 γὰρ
1105 4273 1205 4335 τῆς
1234 4272 1383 4341 ἱερᾶς
1415 4273 1573 4341 ἔργον
1600 4273 1807 4342 τραπέ-

1982 3090 2167 3160 ltaque
2200 3090 2245 3143 si
2284 3104 2476 3142 nomen
2518 3088 2861 3156 cognationis
2899 3087 3344 3145 communionem
3374 3089 3477 3143 ali-

1910 3197 2073 3251 quam
2109 3180 2399 3250 signiﬁcat,
2437 3190 2491 3233 et
2524 3194 2617 3234 eos
2659 3180 2885 3243 indicat,
2920 3181 3139 3249 opinor,
3170 3179 3264 3248 qui
3320 3195 3472 3232 com-

1911 3272 2174 3326 munitate
2208 3271 2490 3340 sanguinis
2547 3270 2787 3337 cepulati
2820 3278 2968 3333 sunt.
3025 3270 3139 3322 sola
3200 3270 3303 3322 erit
3349 3284 3477 3323 sm-

1911 3364 2093 3433 guinis
2132 3362 2477 3421 communio,
2510 3362 2622 3414 sola
2654 3360 2902 3428 cognatio
2957 3368 3015 3415 et
3044 3360 3255 3423 liliatio,
3282 3375 3476 3414 secun-

1910 3454 2036 3507 dum
2071 3468 2233 3522 quam
2275 3466 2398 3507 cum
2428 3451 2648 3505 Christo
2679 3453 3173 3505 communicamus.
3205 3451 3393 3519 Itaque
3420 3463 3473 3504 et

1909 3544 2172 3598 naturalis
2209 3541 2484 3611 generatio
2521 3542 2574 3595 in
2608 3540 2694 3594 his
2726 3541 3075 3595 obscuratur.
3119 3560 3137 3591 ι
3194 3541 3475 3611 Quotquot

1912 3645 2089 3688 autem
2125 3639 2617 3701 cumrecepcrnnt,
2649 3632 2841 3701 inquit,
2875 3631 3119 3685 dediteis
3152 3641 3471 3701 potestatem

1912 3725 2053 3780 ﬁlios
2095 3725 2182 3778 Dei
2213 3725 2325 3777 ﬂeri
2356 3724 2423 3776 “.
2463 3741 2482 3774 ι
2521 3722 2636 3777 Non
2678 3733 2811 3777 sunt
2844 3724 2955 3776 nati
2979 3738 3043 3776 ex
3086 3724 3471 3793 sanguinihns,

1912 3816 2124 3869 tametsi
2156 3815 2265 3868 nali
2296 3822 2441 3881 sunt,
2468 3823 2520 3867 et
2568 3814 2661 3883 qui
2730 3828 2825 3867 eos
2874 3824 3197 3883 genuerunt,
3255 3829 3472 3873 carnem

1910 3908 2081 3963 induti
2117 3908 2351 3968 luerunt,
2383 3914 2434 3961 et
2454 3916 2639 3975 partus
2674 3906 2762 3962 ille
2820 3906 2965 3963 hunc
3026 3907 3322 3975 praecessit.
3351 3905 3457 3959 Sed

1911 4000 2259 4055 vetustiorem
2296 4000 2568 4052 recentior
2607 4006 2687 4053 tot
2717 3998 2963 4067 partibus
2996 3999 3125 4052 vicit
3158 4037 3173 4062 ,
3217 4008 3275 4053 ut
3326 3999 3472 4053 illius

1912 4106 2084 4158 neque
2119 4090 2419 4159 vestigium.
2462 4104 2635 4157 neque
2659 4103 2852 4144 nomen
2884 4090 3149 4157 supersit.
3172 4089 3235 4142 Et
3280 4089 3351 4143 ita
3384 4104 3473 4141 sa-

1911 4197 2000 4237 cer
2033 4182 2187 4250 panis
2214 4196 2409 4234 novum
2448 4174 2721 4233 hominem
2784 4179 3159 4241 introducens,
3210 4179 3472 4233 radicitus

1913 4280 2145 4325 veterem
2183 4271 2371 4335 ejicit;
2406 4283 2527 4322 nam
2562 4278 2614 4322 ct
2646 4268 2787 4321 istuc
2818 4283 2989 4323 sacrae
3038 4283 3243 4321 mensae
3298 4270 3471 4337 quoi-

248 4365 351 4432 ζης
368 4379 379 4394 ·
413 4364 461 4415 oi
484 4363 593 4431 γάρ
617 4360 872 4421 λαϐόντες
897 4362 1081 4424 αὐτὸν,
1106 4362 1291 4430 φησιν,
1310 4362 1410 4414 οὐκ
1440 4362 1804 4433 ἐγεννήθησαν

1910 4362 2031 4415 dam
2098 4376 2293 4414 munus
2327 4368 2428 4413 est.
2466 4358 2675 4411 Etenim
2733 4358 2828 4426 qui
2858 4369 3177 4427 receperunt
3203 4370 3348 4422 eum,
3388 4360 3469 4413 in-

244 4452 310 4516 ὲξ
343 4452 588 4520 αἱμάτων
652 4451 781 4503 πότε
818 4450 871 4502 δὲ
899 4451 1059 4504 αὐτὸν
1088 4451 1462 4522 λαμϐάνομεν,
1497 4453 1810 4522 ὲπιγνῶμεν

240 4544 307 4603 τὸ
334 4544 507 4613 ῥῆμα,
544 4542 638 4595 καὶ
666 4542 794 4611 παρ’
898 4541 1007 4595 τῶν
1037 4544 1354 4613 μυστηρίων
1382 4544 1597 4612 εἴρηται
1628 4544 1805 4609 τοῦτο,

240 4640 389 4706 λέγω
442 4638 507 4706 δὴ
550 4636 632 4701 τὸ,
690 4654 709 4688 ι
778 4612 987 4689 Adeste
1086 4655 1104 4688 ι
1154 4612 1312 4706 δῆλον
1351 4638 1482 4707 γὰρ,
1512 4636 1585 4697 ὡς
1630 4638 1723 4689 ἐπὶ
1751 4637 1810 4691 τδ

242 4710 463 4784 δεῖπνον
524 4728 697 4799 ταύτῃ
749 4727 1068 4795 καλούμεθα
1122 4730 1188 4797 τῇ
1240 4730 1412 4796 φωνῇ,
1477 4728 1599 4780 καθ’
1632 4726 1661 4781 ὃ
1716 4729 1807 4781 τὸν

243 4820 481 4889 Χριστὸν
506 4821 601 4873 καὶ
633 4821 792 4889 χερσὶ
832 4819 1181 4889 λαμϐάνομεν
1203 4819 1422 4887 άληθῶς
1455 4825 1547 4872 καὶ
1579 4820 1807 4888 στόματι

244 4910 515 4981 δεχόμεθα
614 4911 708 4963 καὶ
762 4911 906 4980 ψυχῇ
984 4910 1368 4980 συμμίγνυμεν
1428 4911 1523 4963 καὶ

250 5003 593 5071 συνάπτομεν
641 5002 736 5054 καὶ
777 5000 1053 5071 κιρνῶμεν
1082 5001 1298 5069 αἵματι.
1332 5000 1423 5051 καὶ
1456 5000 1716 5068 πρόσεστι
1748 5000 1809 5051 τὸ

247 5093 495 5155 δικαίως.
549 5092 675 5155 Τοῖς
720 5092 829 5161 γὰρ
863 5074 1013 5144 οὕτω
1044 5092 1134 5144 τὸν
1185 5092 1413 5161 Σωτῆρα
1460 5092 1553 5144 καὶ
1583 5091 1808 5145 λαὸοὺσι

250 5187 343 5239 καὶ
377 5184 710 5254 κατασχοῦσι
733 5184 1011 5247 διατέλους
1038 5184 1152 5236 ἐστὶ
1179 5184 1278 5253 μὲν
1307 5184 1465 5247 αὐτὸς
1494 5184 1809 5255 ἁρμόζουσα

246 5276 478 5346 κεφαλὴ,
513 5276 686 5345 τούτῳ
727 5276 783 5327 δὲ
816 5276 1012 5328 ἐκεῖνοι
1039 5274 1319 5345 πρέποντα
1353 5277 1488 5346 μέλη
1556 5279 1807 5345 γέννησιν

246 5366 393 5419 δὲτὰ
442 5366 575 5436 μέλη
612 5366 942 5435 γεννηθῆναι
975 5370 1040 5435 τῇ
1086 5367 1294 5436 κεφαλῇ
1330 5366 1429 5437 τὴν
1476 5368 1644 5435 αὐτὴν
1680 5367 1809 5420 ἀκό-

248 5456 434 5509 λουθον
465 5453 548 5526 ἦν.
586 5459 700 5511 Οὐκ
730 5457 789 5521 ἐξ
816 5456 1065 5524 αἱμάτων
1114 5460 1147 5527 ή
1190 5460 1322 5527 σάρξ
1357 5459 1541 5529 ἐκείνη
1589 5458 1711 5511 οὐδὲ
1743 5460 1805 5510 ἐκ

254 5547 560 5618 θελήματος
589 5550 789 5618 σαρκὸς
825 5550 943 5602 (ὧδὲ
990 5554 1052 5601 ὲκ
1100 5550 1408 5619 θελήματος
1442 5550 1652 5621 ἀνδρὸς,
1696 5550 1808 5603 ἀλλ’

1597 4909 1780 4978 σώματ
1793 4928 1809 4961 ι

324 5720 540 5777 "Joan.
585 5740 619 5788 i,
674 5723 753 5776 l‘l.
832 5725 874 5756 ⁴³
923 5722 1111 5778 Matth.
1153 5739 1296 5785 xxw.
1329 5724 1514 5779 26—27.

1914 4454 2050 4523 quit,
2084 4468 2190 4505 non
2232 4460 2359 4505 sunt
2387 4450 2497 4504 nati
2531 4465 2596 4503 ex
2633 4450 3010 4519 sanguinihus.
3036 4449 3259 4514 Quoties
3290 4460 3467 4503 autem

1914 4546 2091 4614 ipsum
2121 4543 2435 4611 recipimus,
2492 4542 2651 4595 toties
2699 4541 2922 4595 verbum
2977 4542 3082 4595 hoc
3119 4543 3465 4609 experimur;

1911 4647 1963 4691 et
2000 4637 2052 4690 in
2104 4651 2213 4704 quo
2249 4634 2507 4705 mysterio
2548 4633 2748 4686 dictum
2808 4636 2879 4687 sit
2934 4631 3058 4695 hoc,
3094 4652 3113 4682 ι
3150 4632 3405 4697 Accipite.
3442 4652 3460 4682 ι

1913 4729 2133 4797 inquam
2162 4727 2229 4779 “.
2262 4725 2485 4779 Certum
2515 4732 2599 4779 est
2628 4726 2680 4778 in
2713 4739 2863 4780 coena
2902 4739 2997 4778 nos
3036 4724 3137 4777 hac
3176 4739 3302 4777 voce
3331 4724 3469 4775 invi—-

1913 4823 2037 4883 tari,
2072 4821 2125 4873 in
2165 4835 2269 4888 qua
2306 4818 2579 4873 Christum
2611 4827 2665 4872 et
2698 4816 2949 4871 manibus
2980 4833 3106 4871 vere
3146 4818 3466 4886 accipimus,

1910 4926 1961 4967 et
1990 4927 2084 4966 ore
2122 4912 2467 4979 suscipimus,
2493 4918 2547 4963 et
2576 4910 2772 4962 animae
2830 4908 3217 4975 admiscemus,
3248 4918 3301 4962 et
3352 4925 3475 4963 eur-

1913 5005 2028 5076 pori
2060 5005 2403 5067 cepulamus,
2438 5012 2491 5055 et
2527 5000 2778 5070 sanguini
2812 5000 3210 5071 Emmergimus.
3240 5003 3302 5053 Et
3350 5001 3474 5069 jurc

1914 5096 2163 5166 quidem.
2202 5095 2293 5149 Sic
2356 5092 2497 5147 enim
2567 5092 2903 5147 Salvatorem
2951 5103 3004 5146 et
3058 5092 3468 5160 accipientibus,

1911 5199 1963 5242 ct
1990 5202 2161 5255 usque
2188 5187 2251 5239 ad
2284 5196 2586 5240 extremum
2606 5185 2727 5239 vita:
2758 5186 3137 5249 retinentibus.
3166 5186 3281 5253 ipse
3312 5192 3473 5251 caput

1914 5281 2164 5334 idoneum
2194 5290 2247 5332 et
2276 5279 2601 5333 conveniens
2631 5285 2733 5341 est,
2790 5287 2847 5329 et
2905 5277 3005 5347 ipsi
3031 5278 3201 5329 eidem
3228 5275 3467 5328 membra

1914 5372 2159 5425 decentia
2188 5387 2203 5435 ;
2228 5370 2413 5424 eadem
2439 5378 2618 5424 autem
2653 5367 3007 5439 generatione
3036 5368 3276 5421 membra
3305 5363 3465 5431 capiti

1914 5462 2164 5531 generari
2224 5475 2436 5527 azquum
2495 5468 2632 5514 erat.
2676 5459 2795 5512 Non
2852 5460 2996 5512 enim
3030 5473 3059 5512 e
3113 5455 3468 5525 sanguinibus

1918 5567 2045 5606 caro
2078 5551 2195 5616 illa.
2234 5565 2405 5621 neque
2444 5565 2507 5605 ex
2538 5550 2815 5605 voluntate
2848 5550 3054 5611 carnis,
3084 5562 3256 5616 neque
3283 5560 3349 5599 ex
3374 5560 3471 5598 vu-
