4154 6308
812 380 916 443 eos

2023 397 2333 457 NlCOLAt
2371 397 2761 464 CABASILAI.

3944 408 4042 469 60$

816 503 1020 556 luntate
1056 501 1154 554 tiri
1180 504 1263 568 ";
1308 504 1399 559 sed
1432 519 1496 558 cx
1530 504 1638 560 Deo
1675 504 1878 576 Spiritu
1908 521 2101 566 sancto
2133 518 2364 568 exstitit:

2482 516 2546 567 ἐκ
2576 515 2711 568 Θεοῦ
2746 518 2837 568 τοῦ
2868 517 3026 584 ἀγίου
3072 518 3385 587 Πνεύματος
3412 533 3429 551 ο
3481 540 3500 572 ι
3566 519 3643 574 τὸ
3672 521 3780 591 γὰρ
3817 520 3876 573 ὲν
3906 523 4040 587 αὐτῇ

820 613 839 644 ε
884 592 1033 656 Quod
1075 592 1217 645 enim
1256 592 1307 646 in
1334 610 1395 647 ea
1429 606 1612 649 natum
1669 608 1772 661 est,
1831 601 2023 670 inquit,
2056 605 2122 657 de
2172 604 2375 673 Spiritu

812 697 1003 737 sancto
1062 694 1143 738 cst
1194 685 1313 737 ⁸⁷.»
1353 685 1414 737 Et
1484 687 1724 742 membra
1803 690 1908 744 isto
1985 695 2143 747 modo
2228 696 2377 751 nasci

814 786 1234 829 consentaneum
1264 784 1346 831 est
1374 817 1389 838 ,
1435 782 1866 848 quandoquidem
1909 794 1960 837 et
2017 786 2130 853 ipsa
2188 788 2378 855 capitis

815 867 1087 924 generatio
1121 867 1399 922 beatorum
1432 872 1654 925 istorum
1693 876 2053 935 membrorum
2102 882 2377 946 generatio

812 964 914 1007 cst.
948 954 1060 1008 Hoc
1089 957 1231 1009 enim
1263 968 1343 1012 est
1371 964 1668 1016 constituta
1728 980 1846 1018 esse
1894 969 2152 1026 membra.
2191 979 2375 1025 natum

813 1060 935 1097 esse
959 1056 1141 1113 caput.
1175 1048 1327 1113 Quod
1362 1052 1406 1103 si
1442 1053 1603 1107 etiam
1657 1057 1852 1124 cuique
1891 1060 2219 1128 principium
2256 1064 2377 1117 vitre

813 1144 895 1187 est
919 1141 1219 1203 generatio,
1243 1149 1296 1192 et
1328 1142 1489 1195 vitam
1539 1145 1844 1206 inchoasse.
1878 1158 1960 1202 est
2016 1161 2199 1205 uatum
2233 1169 2373 1219 esse,

814 1226 1074 1285 quoniam
1100 1230 1209 1283 vita
1246 1232 1347 1299 ipsi
1378 1235 1765 1291 adltaerentium
1800 1238 2055 1295 Christus
2111 1253 2215 1306 est,
2274 1246 2374 1314 ipsi

811 1315 1030 1372 Christo
1059 1319 1225 1373 vitam
1270 1322 1410 1377 hanc
1444 1324 1711 1395 ingresso,
1768 1340 2003 1400 natoque
2055 1338 2167 1388 nati
2224 1347 2374 1393 sunt.

813 1406 1015 1461 Tantus
1044 1408 1307 1465 honorum
1344 1428 1570 1469 acervus
1592 1432 1622 1469 e
1648 1433 1801 1474 sacra
1834 1438 2017 1477 mensa
2075 1426 2236 1481 nobis
2278 1444 2375 1483 ex-

813 1494 1010 1552 esitnr.
1038 1500 1075 1551 Α
1110 1515 1265 1567 poena
1311 1503 1520 1567 liberat,
1551 1508 1811 1573 pudorem
1859 1527 1922 1565 ex
1953 1523 2171 1581 peccato
2196 1520 2374 1571 orien-

814 1596 919 1639 tcm
950 1592 1166 1656 exterit,
1203 1595 1659 1662 pulchritudinem
1700 1615 1932 1671 reparat,
1990 1606 2215 1661 Christo
2272 1610 2372 1678 ipsi

812 1676 1018 1730 arctius
1046 1680 1237 1749 alligat
1283 1699 1444 1752 quam
1479 1689 1749 1745 naturalia
1784 1693 1993 1748 vincula
2029 1706 2231 1765 queant
2255 1676 2373 1753 alli—

812 1780 969 1831 gare;
1004 1778 1062 1823 ut
1088 1773 1249 1826 simul
1280 1784 1333 1829 et
1394 1778 1561 1832 semel
1612 1781 1811 1846 dicam,
1866 1786 2063 1851 quovis
2114 1790 2373 1857 mysterio

810 1860 1171 1919 excellentius
1204 1881 1333 1922 vero
1360 1867 1779 1930 Christianismo
1803 1874 2071 1942 perfectos
2102 1881 2302 1936 reddit.

882 2033 980 2088 Hic
1005 2039 1193 2093 multis
1228 2042 1373 2097 venit
1404 2044 1457 2098 in
1510 2057 1745 2103 mentem
1782 2051 2044 2109 admirari
2076 2072 2239 2125 super
2271 2059 2376 2114 hoc

809 2137 1153 2181 sacramento
1209 2134 1504 2199 quomodo,
1568 2153 1691 2192 cum
1728 2141 1799 2194 sit
1858 2144 2373 2202 excellentissimum

806 2216 1076 2281 omnium,
1122 2220 1348 2291 ipsoque
1404 2225 1673 2295 baptismo
1724 2233 1923 2301 majus,
1958 2234 2013 2289 in
2056 2238 2374 2296 criminibus

808 2311 988 2358 tamen
1020 2307 1268 2365 eluendis
1296 2312 1477 2369 minus
1502 2331 1566 2369 eo
1596 2334 1761 2385 posse
1779 2322 2044 2379 videatur.
2096 2326 2186 2381 ille
2232 2330 2372 2384 enim

808 2394 943 2448 nihil
966 2397 1133 2463 exigit
1164 2400 1367 2455 laboris
1393 2422 1407 2469 ;
1434 2405 1537 2461 hoc
1566 2411 1889 2466 antecedere
1924 2414 2135 2472 labores
2156 2419 2372 2475 debent.

807 2485 865 2537 Et
881 2499 1229 2559 purgatorum
1247 2494 1461 2561 quidem
1482 2496 1575 2561 ibi,
1593 2499 1661 2553 ab
1683 2501 1748 2555 iis
1768 2503 1858 2569 qui
1884 2506 2148 2560 maculam
2170 2511 2371 2564 nullam

806 2593 1027 2643 prorsus
1073 2592 1485 2651 contraxerunt,
1542 2588 1749 2645 nullum
1808 2604 1890 2649 est
1939 2597 2263 2666 discrimen;
2306 2604 2372 2658 ad

802 2682 1012 2723 caenam
1038 2680 1217 2726 autem
1240 2675 1638 2744 ventitantium,
1678 2683 1863 2739 multis
1909 2698 2257 2755 peccatorum
2296 2696 2375 2749 in-

802 2770 931 2815 sunt
954 2762 1199 2831 vestigia.
1236 2764 1298 2820 Et
1324 2775 1379 2819 ut
1403 2768 1714 2827 distinctius
1740 2773 2060 2846 pleniusque
2105 2782 2370 2852 dicamus,

799 2866 921 2904 cum
956 2855 1059 2907 tria
1085 2854 1185 2909 ista
1219 2856 1274 2910 in
1305 2861 1544 2926 peccatis
1579 2865 2000 2923 considerentur
2031 2888 2047 2924 :
2101 2878 2373 2941 peccantis

800 2957 1047 3008 perversa
1089 2947 1250 3011 ac'tio,
1276 2963 1433 3017 poena
1463 2951 1534 3005 ob
1553 2966 1673 3007 eam
1708 2956 1929 3021 luenda,
1986 2960 2113 3015 inde
2173 2964 2368 3033 injecta

799 3030 993 3082 anima:
1019 3034 1369 3099 proclivitas:
1404 3039 1474 3093 ab
1518 3042 1737 3097 actione
1786 3057 2131 3114 peccatorem
2188 3030 2369 3123 ipsum

2480 606 2756 676 γεννηθὲν,
2827 611 3012 676 φησὶν,
3059 612 3123 663 ὲκ
3173 612 3487 680 Πνεύματός
3531 612 3679 664 ἔστιν
3761 612 3918 679 ἀγίου
4017 634 4035 664 ε

2480 698 2626 759 εἰκὸς
2647 693 2716 765 ἦν
2741 700 2833 751 καὶ
2860 700 2929 752 τά
2962 701 3099 769 μέλη
3126 701 3314 754 τοῦτον
3340 703 3666 770 γεννηθῆναι
3692 703 3787 754 τὸν
3817 706 4037 771 τρόπον,

2480 785 2614 838 ὅπου
2637 803 2699 853 γε
2722 787 2816 840 καλ⁵
2839 789 2981 857 αὐτὴ
3002 791 3033 859 ἡ
3057 791 3310 859 γέννησις
3333 792 3431 858 τῆς
3454 792 3695 860 κεφαλῆς
3726 794 3833 844 τῶν
3864 794 4039 861 μελῶν

2478 877 2585 929 τῶν
2618 878 2904 949 μακαρίων
2930 880 3180 948 γέννησις
3212 877 3300 949 ἦν.
3343 882 3513 935 Τοῦτο
3542 884 3649 949 γὰρ
3672 879 3741 952 ἦν
3772 884 4041 951 συστῆναι

2480 967 2546 1020 τὰ
2583 969 2738 1038 μέλη,
2774 970 2835 1023 τὸ
2869 972 3194 1041 γεννηθῆναι
3236 974 3334 1041 τὴν
3372 973 3613 1040 κεφαλήν
3681 976 3727 1025 εί
3770 975 3827 1025 δὲ
3864 976 3960 1027 καὶ
4010 977 4041 1041 ἡ

2481 1059 2743 1127 ἀρχὴτῆς
2774 1060 2918 1130 ζωῆς
2946 1062 3200 1130 γέννησίς
3246 1067 3395 1116 ἐστιν
3431 1064 3663 1133 ἑκάστῳ,
3717 1067 3809 1116 καὶ
3856 1066 3915 1116 τὸ
3949 1068 4049 1131 τὴν

2480 1148 2623 1217 ζωὴν
2663 1149 2954 1218 ἄρξασθαι,
2982 1153 3140 1205 τοῦτό
3171 1156 3283 1205 ἐστι
3322 1154 3667 1225 γεννηθῆναι,
3726 1156 3791 1206 δι’
3828 1148 3902 1207 ὧν
3934 1157 4047 1223 ζωή

2479 1240 2585 1291 τῶν
2636 1242 2785 1308 αὐτῷ
2842 1244 3255 1313 προσκειμένων
3296 1246 3440 1296 ἐστὶν
3497 1247 3523 1297 ὁ
3570 1245 3827 1312 Χριστὸς,
3891 1247 4046 1297 αὐτοὶ

2478 1331 2825 1399 γεγέννηνται
2856 1332 2949 1386 τοῦ
2985 1334 3220 1401 Χριστοῦ
3253 1334 3341 1385 τόν
3380 1334 3495 1402 βίον
3531 1333 3721 1387 τοῦτον
3760 1335 4045 1403 είσεληλυυ

2480 1422 2631 1484 θότος
2679 1425 2772 1476 καὶ
2822 1425 3191 1492 γεννηθέντος.
3231 1424 3498 1486 Τοσοῦτος
3548 1426 3724 1494 σωρὸς
3752 1429 3887 1496 ἡμῖν
3912 1428 4047 1493 ἀγα-

2480 1511 2587 1563 θῶν
2620 1513 2726 1564 ἀπὸ
2759 1513 2857 1582 τῆς
2888 1516 3037 1582 ίερᾶς
3076 1516 3282 1585 ἀνίσχει
3312 1516 3613 1585 τραπέζης,
3651 1516 3838 1585 ῥύεται
3868 1516 4043 1584 δίκης,

2479 1604 2828 1672 ἀποτρίϐεται
2854 1606 2954 1674 τὴν
2978 1608 3083 1659 ἀπὸ
3107 1608 3204 1675 τῆς
3226 1607 3500 1677 ἁμαρτίας
3525 1608 3807 1675 αἰσχύνην,
3841 1610 4047 1659 ἀνακα-

2476 1691 2649 1745 λεῖται
2714 1695 2811 1763 την
2869 1694 3038 1764 ὥραν,
3095 1696 3243 1763 αὐτῷ
3290 1697 3516 1766 προσδεῖ
3555 1696 3632 1764 τῷ
3677 1696 3897 1765 Χριστῷ
3938 1698 4046 1749 τῶν

2480 1784 2723 1848 φυσικῶν
2763 1784 2974 1853 δεσμῶν
2996 1786 3406 1857 ἀκριϐέστερον,
3441 1785 3501 1838 re
3548 1785 3802 1851 καθάπαξ
3848 1788 4041 1850 εἰπεῖν,

2475 1872 2713 1935 τελείους
2773 1878 2915 1926 ποιεῖ
2962 1875 3052 1927 τὸν
3107 1874 3282 1946 ἀληθῆ
3341 1875 3771 1945 Χριστιανισμὸν
3818 1877 4041 1945 τελετῆς

2477 1962 2694 2033 ἀπάσης
2723 1965 3108 2033 διαφερόντως.

2559 2055 2823 2107 Ἐνταῦθα
2864 2054 2919 2107 δὲ
2947 2055 3072 2126 περὶ
3104 2054 3198 2108 τοῦ
3243 2054 3540 2125 μυστηρίου
3584 2056 3799 2119 πολλοῖς
3837 2056 4042 2124 ἐπῆλθε

2478 2144 2800 2213 θαυμάζειν,
2836 2146 2885 2197 εί
2912 2145 3054 2197 οὕτω
3077 2144 3382 2200 τελεώτατα
3405 2147 3621 2200 πάντων
3648 2147 3791 2215 ἔχον,
3818 2146 3956 2216 πρὸς
3986 2147 4045 2197 τὸ

2476 2236 2627 2288 λύειν
2659 2235 2889 2302 εὐθύνης
2919 2236 3012 2288 τοῦ
3051 2235 3425 2305 βαπτίσματος
3459 2236 3665 2289 ἐλάττω
3703 2238 3853 2289 δοκεῖ
3881 2237 4041 2287 δύνα-

2478 2325 2601 2377 σθαι
2636 2324 2816 2392 μεῖξον
2850 2323 2910 2376 δν
2930 2338 2943 2353 ·
2974 2324 3150 2377 έκεῖνο
3180 2323 3275 2393 μὲν
3305 2324 3416 2393 γὰρ
3444 2324 3597 2376 οὐδὲν
3626 2323 3947 2388 πονοῦντας,
3983 2324 4043 2376 τὸ

2473 2414 2530 2465 δὲ
2561 2414 2735 2466 πόνων
2764 2412 3150 2482 ἡγησαμένων.
3179 2413 3289 2466 Καὶ
3320 2412 3431 2465 τῶν
3464 2414 3563 2482 μὲν
3593 2414 3708 2465 ἐκεῖ
3736 2414 4038 2483 καθαρθέν-

2474 2521 2584 2558 των
2622 2506 2758 2573 πρὸς
2797 2505 2923 2566 τοὺς
2960 2504 3096 2573 μηδὲ
3126 2503 3223 2572 τὴν
3255 2504 3429 2573 ἀρχὴν
3480 2504 3754 2574 μολυσμὸν
3797 2506 4035 2557 ὁντινοῦν

2472 2595 2797 2665 δεξαμένους
2824 2593 3053 2664 οὐδεμία
3076 2594 3327 2663 διαφορὰ,
3364 2594 3471 2646 τῶν
3497 2594 3552 2647 δὲ
3584 2596 3675 2650 ἐπὶ
3704 2594 3797 2647 τοῦ
3823 2596 4037 2647 δείπνου

2475 2687 2687 2748 πολλοῖς
2707 2686 2816 2739 τῶν
2831 2684 3240 2755 ἡμαρτημένων
3257 2683 3455 2737 ἔνεισιν
3478 2682 3598 2753 ῐχνη
3655 2686 3746 2737 καὶ
3761 2686 4036 2749 διελόντας

2474 2778 2865 2847 ἀκριϐέστερον
2893 2780 3088 2835 εἰπεῖν,
3108 2776 3381 2845 τεττάρων
3400 2775 3603 2829 τούτων
3633 2778 3691 2827 ὲν
3718 2780 3830 2837 τοῖς
3858 2779 4041 2845 ἡμαρ-

2472 2869 2723 2934 τημένοις
2753 2864 3162 2936 θεωρουμένων,
3190 2864 3282 2917 τοῦ
3300 2865 3399 2934 τὴν
3428 2865 3701 2933 ἁμαρτίαν
3724 2867 4042 2934 ἐργασαμέ-

2472 2976 2589 3023 νου,
2635 2958 2732 3026 τῆς
2771 2958 3014 3025 πονηρᾶς
3046 2956 3355 3025 ἐνεργείας,
3389 2956 3488 3025 τῆς
3522 2956 3616 3009 ἐπὶ
3651 2956 3823 3027 ταύτῃ
3857 2958 4038 3029 δίκης,

2469 3050 2570 3118 τῆς
2600 3050 2809 3101 ἐκεῖθεν
2838 3048 3144 3116 ὲντεθείσης
3178 3049 3242 3117 τῇ
3262 3047 3407 3115 ψυχῇ
3439 3047 3774 3117 προτροπῆς,
3803 3049 3904 3117 τῆς
3937 3050 4039 3117 μὲν

800 3136 893 3188 per
938 3137 997 3177 se
1040 3123 1322 3181 discedere
1343 3140 1579 3197 oportet,
1600 3132 1848 3205 factoque
1876 3139 1979 3193 fine
1995 3141 2061 3195 ad
2092 3142 2364 3202 lavacrum

2470 3140 2749 3208 ἐνεργείας
2780 3138 2941 3193 αὐτὸν
2985 3137 3197 3191 οἴκοθεν
3226 3136 3568 3209 ἀπηλλάχθαι
3601 3138 3681 3190 δεῖ
3708 3139 3800 3192 τὸν
3844 3141 4034 3209 εἰργα-

799 3210 1014 3279 venire;
1043 3223 1237 3269 caatera
1268 3217 1570 3285 baptismus
1599 3224 1734 3278 nihil
1785 3240 2059 3295 quoquam
2088 3233 2367 3301 moliente,

797 3301 1036 3358 simulet
1066 3305 1275 3361 semele
1303 3310 1481 3363 medio
1539 3313 1697 3375 tollit,
1724 3323 1778 3368 et
1825 3332 2039 3383 poenam
2096 3322 2370 3394 videlicet,

794 3402 849 3447 et
878 3395 1146 3451 morbum.
1174 3398 1359 3468 Itaque
1387 3411 1438 3455 et
1462 3402 1640 3470 ipsum
1664 3406 1754 3473 qui
1788 3411 2031 3476 peccavit
2056 3414 2369 3473 interimere

796 3483 1198 3551 quodammodo
1229 3489 1489 3544 creditur.
1515 3493 1723 3548 Etenim
1758 3498 1914 3565 aquis
1953 3500 2283 3571 immoritur,
2313 3518 2370 3563 et

797 3590 968 3630 novus
998 3576 1161 3631 homo
1215 3588 1318 3643 est,
1366 3596 1525 3649 quem
1578 3583 1853 3640 lavacrum
1912 3592 2185 3657 producit.
2262 3597 2366 3653 Sa-

794 3679 886 3718 cer
940 3674 1118 3721 autctn
1165 3670 1342 3736 panis,
1415 3687 1575 3739 quem
1635 3687 1891 3734 maestum
1941 3687 2264 3753 acceperit,
2311 3699 2365 3743 et

794 3768 893 3822 pro
926 3770 993 3811 eo
1029 3771 1095 3811 ac
1119 3758 1343 3828 dignum
1377 3769 1465 3816 est
1492 3763 1558 3819 de
1592 3769 1836 3835 peccatis
1866 3771 2160 3837 dolentem,
2190 3794 2221 3832 ε
2257 3781 2367 3834 cri-

796 3849 940 3901 mine
973 3848 1178 3913 liberat,
1212 3852 1404 3907 animaa
1431 3870 1659 3923 pravum
1697 3861 1937 3917 habitum
1971 3866 2189 3921 abolet:
2246 3887 2354 3927 non

791 3947 971 3993 autem
1024 3939 1247 4004 occidit,
1304 3958 1413 3997 non
1460 3946 1601 3997 enim
1662 3948 1730 4001 de
1797 3950 2009 4021 integro
2062 3958 2359 4017 reformare

795 4028 951 4090 solet,
984 4030 1201 4095 et]bunc
1229 4031 1404 4085 solum
1434 4037 1635 4101 peccati
1672 4038 1966 4095 terminum
2015 4044 2353 4107 immobilem

794 4119 1070 4187 relinquit,
1101 4126 1397 4176 etmanere
1426 4124 1576 4187 sinit,
1604 4141 1713 4180 non
1753 4129 1976 4197 quidem
2008 4136 2226 4194 crimini
2252 4144 2351 4195 ob-

794 4213 1010 4267 noxium
1040 4215 1293 4284 amplius,
1326 4217 1589 4274 audacem
1614 4231 1815 4277 tamen.
1853 4225 1991 4282 Sunt
2020 4244 2183 4297 porro
2251 4240 2347 4306 qui

793 4312 948 4363 notas
972 4303 1149 4361 adhuc
1181 4309 1355 4363 morbi
1393 4308 1593 4377 ferunt,
1636 4314 2032 4386 vulnerumque
2088 4303 2352 4392 pristino-

794 4409 909 4445 rum
933 4394 1234 4458 cicatrices,
1263 4397 1307 4451 si
1338 4398 1513 4453 minus
1535 4417 1693 4470 quam
1718 4413 1910 4470 parest
1933 4423 2121 4467 eorum
2154 4430 2354 4471 sanau-

791 4484 980 4537 dorum
1018 4484 1148 4553 ipsis
1171 4500 1299 4539 cura
1347 4484 1525 4552 fuerit,
1582 4500 1636 4544 et
1670 4491 1855 4548 virtuti
1905 4499 2187 4558 medicina:
2244 4522 2353 4562 non

790 4573 1047 4639 aequalem
1071 4574 1262 4627 animae
1292 4578 1732 4645 praeparationem
1749 4582 2054 4653 attulerint;
2077 4599 2132 4644 et
2156 4606 2356 4663 purga-

790 4661 866 4715 tio
886 4662 986 4716 ista
1011 4663 1111 4717 hoc
1127 4664 1195 4718 ab
1212 4665 1301 4719 illa
1326 4665 1522 4726 dill'ert.
1570 4670 1714 4737 quod
1762 4686 1870 4726 non
1914 4664 2242 4737 mortiﬁcare
2267 4661 2352 4738 _et

787 4752 1050 4821 reﬁngere
1094 4753 1297 4809 dicitur
1351 4767 1711 4825 peccatorem,
1770 4771 1823 4817 et
1847 4767 1988 4832 quod
2037 4780 2344 4828 manentem

785 4851 1121 4911 peccatorem
1144 4860 1278 4907 ,cum
1307 4854 1499 4915 purget
1540 4853 1944 4919 tantummodo,
1980 4873 2049 4913 ne
2076 4860 2191 4917 hoc
2218 4866 2341 4930 qui-

786 4934 910 4987 dem
939 4934 1097 4991 nobis
1117 4935 1251 4990 citra
1277 4936 1538 4992 laborem.
1563 4937 1687 4993 Haec
1714 4949 1893 4998 autem
1916 4946 2046 5001 nihil
2069 4949 2137 5003 ad
2158 4965 2345 5007 sacra-

788 5032 1056 5091 mentum,
1088 5025 1182 5081 sed
1215 5025 1281 5079 ad
1311 5024 1483 5095 ipsam
1504 5027 1579 5082 rei
1626 5040 1874 5087 naturam
1934 5038 2225 5107 pertinent,
2286 5052 2347 5097 ut

783 5115 1167 5184 intelligamus,
1186 5128 1435 5186 oportere
1466 5117 1788 5175 criminibus
1812 5122 2051 5182 irretitus
2075 5130 2163 5184 hic
2220 5134 2344 5201 qui-

782 5207 904 5260 dem
956 5206 1219 5275 iuitiatos,
1250 5206 1361 5262 illic
1396 5222 1606 5264 tamam
1653 5222 1865 5269 cauam
1914 5217 2177 5275 obeuntes
2219 5238 2344 5290 pur-

782 5312 916 5367 gari.

855 5471 918 5526 Et
960 5473 1179 5543 quidem
1230 5475 1297 5530 de
1351 5476 1630 5534 laboribus
1666 5484 1947 5551 requisitis
2006 5488 2137 5546 illud
2188 5492 2335 5550 dico.

779 5558 1092 5626 Baptismus
1104 5564 1347 5620 nondum
1368 5565 1652 5635 formatos,
1671 5586 1771 5628 nec
1795 5574 1862 5630 ad
1896 5576 2095 5634 bonum
2118 5596 2336 5638 cursum

856 5743 903 5775 “
942 5743 1100 5803 Ioau.
1125 5746 1276 5814 t,l3.
1356 5749 1397 5782 "
1440 5750 1633 5811 Matth.
1671 5772 1709 5822 t,
1741 5753 1831 5809 20.

2472 3233 2670 3301 σμένον
2695 3231 2789 3283 καὶ
2813 3230 3161 3299 πεπαυμένον
3188 3230 3276 3281 ἐπὶ
3305 3229 3362 3280 τὸ
3392 3228 3616 3297 λουτρδν
3657 3228 3836 3296 ἣκειν,
3867 3232 4036 3285 τᾶλλα

2468 3323 2523 3376 δὲ
2545 3322 2602 3373 τὸ
2627 3322 2906 3390 βάπτισμα
2932 3320 3028 3389 μὲν
3050 3318 3207 3372 οὐδὲν
3224 3319 3436 3382 οὐδενὸς
3458 3323 4035 3393 πραγματευσαμένου

2468 3412 2719 3476 καθάπαξ
2760 3411 2825 3463 ἐκ
2858 3411 3023 3478 μέσου
3072 3408 3248 3461 πάντα
3280 3411 3442 3471 ποιεῖ,
3484 3410 3723 3485 ,καιτὴν
3752 3410 3910 3479 δίκην
3943 3414 4039 3463 καὶ

2464 3506 2565 3571 τὴν
2600 3504 2775 3563 νόσον,
2810 3500 2953 3554 ὥστε
2988 3502 3080 3554 καὶ
3114 3501 3276 3553 αὐτὸν
3310 3500 3557 3570 ἀναιρεῖν
3590 3504 3911 3557 πιστεύεται
3944 3506 4040 3561 τὸν

2464 3593 2844 3665 ἡμαρτηκότα.
2879 3593 2989 3645 Καὶ
3020 3591 3130 3662 γὰρ
3160 3592 3558 3661 ἐναποθνήσκει
3584 3597 3696 3657 τοῖς
3730 3594 3886 3648 ὕδασι
3939 3603 4040 3650 xal.

2462 3689 2578 3747 νέος
2604 3688 2685 3746 τίς
2708 3687 2857 3737 ἐστιν
2888 3683 3194 3750 ἄνθρωπος,
3230 3682 3288 3735 ὃν
3313 3683 3601 3737 ἀναδίδωσι
3632 3687 3690 3737 τὸ
3717 3685 3941 3755 λουτρόν
3960 3706 3975 3721 ο
4011 3695 4039 3742 ό

2460 3778 2515 3830 δὲ
2547 3777 2689 3847 ἱερὸς
2739 3776 2926 3842 ἄρτος,
2958 3774 3015 3826 ὃν
3048 3774 3114 3826 ἂν
3160 3773 3448 3841 ήνιαμένον
3478 3775 3633 3827 λάϐοι
3671 3780 3765 3829 καὶ
3796 3796 4037 3849 πεπονη-

2458 3868 2612 3931 κότα,
2642 3866 2750 3918 τῶν
2780 3865 3184 3935 ἡμαρτημένων
3216 3865 3381 3928 ἀξίως
3412 3865 3605 3935 ἀφίησι
3644 3868 3743 3935 μὲν
3774 3870 4034 3940 εὐθύνης,

2458 3958 2755 4020 ἀποκλύζει
2777 3958 2833 4010 δὲ
2856 3957 2956 4026 τῆς
2981 3957 3220 4026 πονηρᾶς
3241 3954 3408 4020 ’ἐξεως
3429 3956 3525 4027 τὴν
3547 3957 3745 4028 ψυχὴν,
3773 3961 4035 4015 ἀποκτεί-

2455 4068 2534 4103 νει
2558 4050 2614 4103 δὲ
2658 4048 2928 4117 οὐδαμῶς,
2980 4048 3041 4100 οὐ
3074 4049 3179 4117 γὰρ
3234 4047 3600 4100 ἀναπλάττειν
3644 4049 4031 4106 άιωθενὀἷδε·

2454 4142 2549 4195 καὶ
2578 4139 2768 4193 τοῦτον
2803 4140 2964 4208 μόνον
2997 4137 3107 4191 τῶν
3144 4138 3243 4206 τῆς
3273 4139 3551 4209 ἁμαρτίας
3586 4140 3729 4210 ὅρων
3761 4144 4029 4214 ἀκίνητον

2453 4230 2772 4285 καταλείπει
2791 4229 2885 4284 καὶ
2903 4229 3090 4299 μένειν
3116 4230 3363 4298 ἀφίησιν,
3384 4229 3686 4283 ὑπεύθυνον
3702 4231 3802 4299 μὲν
3819 4235 4028 4300 οὐκέτι,

2453 4322 2615 4376 αὐτὸν
2641 4321 2696 4374 δὲ
2726 4322 2875 4389 ὅμως
2916 4320 3009 4373 τὸν
3038 4321 3331 4391 τολμητὴν.
3364 4321 3485 4373 Elei.
3514 4321 3570 4375 δὲ
3604 4322 3653 4375 οἳ
3698 4324 3793 4376 καὶ
3825 4332 4027 4396 σημεῖα

2459 4413 2557 4481 τῆς
2588 4411 2898 4481 ἀρρωστίας
2945 4410 3203 4480 φέρουσιν
3250 4409 3330 4462 ἔτι
3359 4411 3453 4463 καὶ
3479 4411 3643 4471 οὐλάς
3689 4412 3799 4465 τῶν
3853 4418 4025 4470 πάλαι

2461 4501 2701 4570 πληγῶν,
2732 4502 2799 4554 ἂν
2823 4494 2987 4572 ἦττον
3015 4499 3047 4571 ἢ
3076 4500 3356 4569 προσῆκον
3396 4495 3467 4570 ἦν
3494 4502 3705 4575 μελήσῃ
3735 4505 3865 4574 περὶ
3918 4508 4027 4559 τῶν

2458 4595 2784 4664 τραυμάτων
2835 4595 3038 4656 αὐτοῖς,
3100 4592 3192 4647 καὶ
3254 4592 3391 4663 πρὸς
3437 4595 3539 4661 τὴν
3583 4593 3676 4647 τοῦ
3724 4598 4025 4665 φαρμάκου

2453 4683 2682 4753 δύναμιν
2721 4682 2819 4737 οὐκ
2852 4682 3149 4753 ἐφάμιλλον
3182 4683 3535 4749 είσενέγκωσι
3578 4684 3678 4749 τῆς
3715 4686 3892 4755 ψυχῆς
3927 4690 4025 4759 τὴν

2450 4775 2809 4845 παρασκευήν
2926 4776 3149 4843 καὶτῆς
3179 4773 3498 4844 καθάρσεως
3538 4773 3715 4845 τούτῳ
3766 4777 4022 4846 διήνεγκε

2447 4866 2651 4933 ταύτης
2690 4864 2897 4931 ἐκείνη,
2939 4864 3023 4918 ὅτι
3060 4880 3119 4916 τε
3169 4863 3268 4916 οὐκ
3308 4862 3633 4930 ἀποπνίγειν
3672 4865 3891 4933 λέγεται
3928 4869 4020 4922 τὸν

2450 4956 2805 5024 ἡμαρτηκότα
2828 4957 2922 5009 καὶ
2942 4954 3329 5019 ἀναπλάττειν,
3350 4954 3445 5005 καὶ
3464 4955 3545 5007 ὅτι
3571 4956 3803 5025 μένοντα
3826 4959 4021 5013 καθαί-

2450 5061 2619 5113 ρουσα
2670 5046 2851 5112 μόνην,
2909 5043 3029 5095 οὐδὲ
3057 5043 3203 5101 τοῦθῗ
3238 5043 3370 5112 ἡμῖν
3424 5044 3537 5111 ἔχει
3592 5047 3769 5098 πόνων
3820 5052 4013 5120 χωρίς.

2448 5134 2631 5187 Ταῦτα
2665 5133 2723 5188 δὲ
2775 5134 2910 5203 πρὸς
2948 5134 3045 5203 μὲν
3095 5132 3195 5202 τὴν
3248 5133 3469 5204 τελετὴν
3524 5135 3699 5199 οὐδὲν,
3760 5137 3875 5190 ἀλλ’
3932 5144 4013 5203 εἰς

2448 5222 2615 5291 αὐτὴν
2641 5224 2764 5293 ἥκει
2791 5223 2888 5295 τὴν
2917 5222 3078 5292 φύσιν
3104 5224 3198 5277 τοῦ
3224 5223 3550 5292 πράγματος
3575 5225 3670 5277 καὶ
3695 5225 3789 5277 τοῦ
3814 5229 4015 5298 χρῆναι

2446 5315 2571 5375 τοὺς
2599 5314 2950 5376 ὑπευθύνους,
3000 5314 3175 5384 ταύτῃ
3212 5314 3310 5384 μὲν
3353 5314 3672 5384 λουμένους,
3705 5315 3926 5390 ἐκείνως
3950 5320 4011 5374 δὲ

2446 5404 2793 5467 δειπνοῦντας
2822 5404 3203 5475 καθαίρεσθαι.

2517 5496 2626 5549 Καὶ
2650 5496 2775 5565 περὶ
2800 5496 2898 5566 μὲν
2932 5495 3024 5549 τοῦ
3061 5494 3264 5549 δεῖσθαι
3296 5495 3472 5549 πόνων
3495 5495 3672 5547 ἐκεῖνο
3715 5493 3881 5563 λέγω.
3933 5498 4010 5551 Τὸ

2450 5582 2729 5655 βάπτισμα
2787 5587 2886 5655 μὲν
2938 5588 3108 5658 μήπω
3154 5586 3457 5649 συστάντας
3505 5584 3821 5656 παραλαϐδν
3860 5588 3999 5658 μηδὲ
