4154 6308
250 420 362 482 (05

1322 420 1413 477 DE
1440 419 1612 478 VlTA
1649 416 1727 475 IN
1768 417 2097 476 CHRISTO
2141 414 2287 475 LIB.
2328 414 2423 473 ιν.
2484 407 2507 429 ³

3383 372 3489 459 606

257 539 491 606 δύναμιν
516 536 761 604 ἡντινοῦν
790 534 1155 605 κεκτημένους
1192 537 1332 606 ὑπὲρ
1363 534 1454 587 τοῦ
1484 536 1651 588 καλοῦ
1696 534 1825 602 δρα-

1933 532 2259 588 currcndum
2301 529 2410 583 ulla
2475 526 2676 579 virtute
2735 519 2988 589 prmditos
3034 515 3331 583 accipiens,
3378 528 3487 569 non

262 634 406 700 μεῖν,
428 632 489 684 οὐ
523 628 696 699 μάτην
722 630 876 699 ἡμᾶς
896 628 1069 682 ταῦτα
1092 629 1269 680 πάντα
1299 630 1496 696 προῖκα
1528 628 1820 695 ἐργάζεται

253 726 353 773 καὶ
382 722 555 774 δεῖται
584 722 689 773 τῶν
715 720 843 788 παρ’
867 720 1023 786 ἡμῶν
1038 718 1271 782 οὐδενὸς,
1302 719 1378 779 ὼς
1402 718 1467 771 διν
1492 718 1823 780 εἰσενεγκεῖν

250 812 586 882 δυναμένων.
656 810 719 863 Ἦ
767 810 1016 878 τράπεζα
1078 810 1134 862 δὲ
1189 810 1518 865 συνεστῶσιν
1578 810 1678 878 ἤδη
1730 809 1821 860 καὶ

254 902 391 965 ζῶσι
418 904 509 955 καὶ
529 901 845 969 δυναμένοις
870 903 1058 969 ἀρκεῖν
1088 902 1219 969 ἡμῖν
1249 900 1429 961 αὐτοῖς
1460 899 1819 968 προκειμένη,

254 993 494 1060 χρῆσθαι
528 993 591 1061 τῇ
627 991 855 1059 δυνάμει
886 992 980 1043 καὶ
1001 993 1113 1053 τοῖς
1132 990 1366 1042 δοθεῖσιν
1390 990 1572 1051 ὅπλοις
1604 990 1818 1057 ἀφίησι,

256 1082 351 1133 καὶ
381 1083 597 1134 διώκειν
620 1082 857 1149 τάγαθὸν
887 1083 1069 1134 οὐκέτι
1094 1082 1485 1150 κομιζομένους
1527 1082 1635 1133 οὐδ’
1669 1081 1823 1133 ἑλκο-

260 1176 481 1242 μένους,
515 1176 628 1229 ἀλλ⁹
665 1177 861 1237 αὐτοὺς
890 1175 1103 1228 οἴκοθεν
1141 1177 1234 1227 καὶ
1278 1174 1406 1243 παρ’
1434 1174 1588 1244 ἡμῶν
1641 1174 1821 1226 αὐτῶν

255 1265 545 1336 ὁρμῷντας
582 1267 678 1320 καὶ
710 1268 1083 1336 κινουμένους,
1115 1268 1188 1327 ώς
1215 1267 1281 1321 ἂν
1325 1268 1424 1336 ήδη
1456 1267 1668 1335 τρέχειν
1699 1268 1821 1318 ἐπι-

260 1355 581 1421 σταμένους.
612 1356 678 1410 Τί
711 1358 811 1426 μὲν
839 1357 946 1425 γὰρ
972 1358 1077 1409 ἔδει
1111 1360 1199 1410 καὶ
1231 1358 1452 1425 ποιῆσαι
1492 1358 1698 1427 λαϐεῖν,
1740 1352 1837 1418 οἷς·

256 1444 359 1497 οὐκ
385 1445 859 1516 ἕδειχρήσασθαι;
907 1448 958 1499 τί
992 1447 1048 1499 δὲ
1089 1446 1353 1514 ῥωννύναι
1406 1447 1500 1497 καὶ
1560 1445 1821 1499 καθοπλί-

257 1534 373 1595 ζειν
397 1534 491 1586 τὸν
518 1537 656 1588 οῐκοι
678 1536 941 1604 μέλλοντα
967 1535 1244 1587 καθεύδειν
1277 1552 1291 1601 ;
1325 1536 1382 1587 Ei
1417 1534 1521 1606 γὰρ
1561 1536 1696 1605 μήτε
1714 1537 1821 1605 τὴν

258 1624 434 1693 ἀρχὴν
466 1627 827 1694 γεννωμένοις
862 1625 990 1695 μήθ’
1026 1625 1250 1694 ὕστερον
1278 1608 1631 1693 καθαίρεσθαι
1701 1626 1821 1695 βου-

257 1715 503 1782 λομένοις
562 1716 792 1784 ἀγώνων
856 1713 925 1787 ἦν
968 1718 1065 1772 καλι
1121 1720 1299 1771 πόνων
1328 1719 1537 1787 καιρὸς,
1565 1716 1664 1771 οὐκ
1703 1715 1819 1771 οἶδα

258 1807 379 1858 πότ’
408 1808 474 1860 ἂν
500 1810 632 1875 ἡμῖν
656 1809 841 1869 αὐτοῖς
862 1808 1161 1877 ἐγενόμεθα
1194 1814 1474 1879 χρήσιμοι,
1495 1811 1548 1861 τί
1577 1809 1623 1864 δ’
1652 1809 1718 1861 ἂν
1750 1804 1820 1878 ἦν

260 1896 423 1962 ἔργον
481 1897 766 1964 ἀνθρώπου
824 1897 932 1949 τῶν
976 1897 1114 1965 ὑπὲρ
1176 1899 1277 1967 τῆς
1334 1898 1537 1967 ἀρετῆς
1602 1880 1890 1967 δρόμωνθ

261 1987 641 2054 ἀνῃρημένων,
678 1988 878 2055 μᾶλλον
912 1987 969 2039 δὲ
993 1988 1044 2041 τί
1077 1990 1257 2057 χεῖρον
1286 1987 1353 2043 ἀν
1382 1984 1450 2057 ἦν
1477 1990 1822 2057 πράγματος.

260 2077 609 2140 πραττόντων
639 2078 737 2146 μὲν
760 2072 834 2130 ὧν
863 2078 1079 2141 ἔπαινός
1110 2082 1253 2131 ἐστιν
1276 2080 1394 2132 οὐδὲ
1444 2078 1523 2141 ἓν,
1578 2079 1715 2147 πρὸς
1769 2080 1824 2132 δὲ

259 2167 321 2217 τὸ
360 2167 589 2235 πονηρὸν
612 2168 830 2237 ἐνεργὸν
864 2168 1093 2236 ἑχόντων
1148 2170 1405 2221 ἑκάστοτε
1454 2168 1553 2239 τὴν
1610 2168 1821 2237 ψυχήνς

262 2258 362 2308 Διά
392 2257 565 2309 ταῦτα
594 2260 758 2312 τόπον
786 2260 960 2326 ἔργων
992 2259 1297 2329 ἀνθρώποις
1329 2260 1433 2313 ἔδει
1468 2260 1827 2329 συγχωρηθῆ-

264 2363 354 2397 ναι
402 2346 490 2398 καὶ
547 2348 735 2414 καιρλν
766 2348 1010 2414 ἀγώνων,
1065 2347 1126 2400 τό
1168 2365 1230 2413 γε
1282 2348 1509 2411 τελείοις
1565 2348 1826 2416 ἀνδράσιν

261 2431 405 2488 εἶναι
440 2438 589 2508 παρὰ
620 2438 730 2490 τῶν
766 2440 1088 2507 μυστηρίων
1128 2440 1223 2509 ¹Ιγδη
1252 2439 1475 2491 λαῦοὖσι
1520 2439 1616 2492 καὶ
1663 2440 1827 2490 δυνα-

268 2529 451 2595 μένοις
478 2530 537 2581 τὸ
557 2532 621 2599 τῇ
655 2530 813 2598 φύσει
846 2534 1118 2600 προσῆκον
1142 2531 1300 2600 ἔργον
1332 2530 1679 2598 ἐργάζεσθαι.
1733 2531 1827 2582 καὶ

262 2621 367 2689 τῆς
402 2622 615 2691 ἡμέρας
646 2624 928 2691 φανείσης,
962 2623 1028 2693 ἢν
1053 2625 1079 2675 ὁ
1114 2622 1314 2690 Κύριος
1336 2622 1579 2693 ἐποίησε,
1629 2622 1826 2692 μηκέτι

266 2712 577 2776 καθεύδειν,
612 2713 727 2765 ἀλλ’
761 2715 850 2764 ἐπ’
881 2713 1016 2781 ἔργα
1049 2715 1267 2783 χωρεῖν.
1296 2715 1389 2765 καὶ
1476 2730 1606 2780 φησι
1664 2713 1828 2765 Δαῦὶδ

272 2826 291 2857 ι
340 2806 463 2857 Ἐπὶ
492 2805 552 2857 τὸ
573 2806 735 2874 ἔργον
760 2805 928 2858 αὑτοῦ
961 2808 1051 2857 καὶ
1092 2808 1183 2860 ἐπὶ
1214 2806 1313 2873 τὴν
1343 2806 1606 2872 ἐργασίαν
1658 2802 1828 2857 αὑτοῦ

266 2898 361 2948 τὶν
419 2896 702 2965 ἄνθρωπον
756 2896 991 2961 ἐξελθεῖν
1050 2898 1153 2959 ἕως
1193 2896 1502 2965 ἑσπέρας.»
1564 2896 1829 2964 Καθάπερ

266 2991 376 3055 γὰρ
402 2989 538 3055 μετά
577 2989 779 3055 ταύτην
807 2989 904 3059 τὴν
926 2990 1135 3059 ἡμέραν
1159 2989 1375 3059 ἔρχεται
1423 2988 1538 3053 νὺξ,
1592 2991 1682 3041 ὅτε
1732 2989 1827 3041 οὐ·-

265 3079 379 3139 διὶς
403 3078 624 3133 δύναται
654 3080 1006 3151 ἐργάζεσθαι,
1040 3080 1180 3133 οὕτω
1208 3083 1299 3135 καὶ
1354 3080 1460 3148 πρὸ
1480 3081 1686 3149 ταύτης
1734 3076 1825 3150 ἦν,

267 3170 357 3221 ὅτε
391 3165 657 3239 παντελὴς
682 3166 748 3240 ἦν
778 3170 872 3224 τοῦ
895 3172 1158 3240 πράττειν
1183 3172 1478 3240 ἀδυναμία,
1506 3177 1601 3225 καὶ
1657 3172 1829 3234 οὐδεὶς
1857 3215 1901 3273 C

269 3260 389 3331 ᾔδει
423 3262 513 3312 ποῖ
535 3261 615 3313 δεῖ
636 3262 888 3327 βαδίζειν,
922 3263 1112 3327 νυκτὸς
1137 3262 1369 3333 ἐχούσης
1422 3261 1500 3314 ἔτι
1551 3261 1650 3330 τὴν
1702 3261 1827 3330 γῆν,

275 3371 294 3401 ι
337 3353 394 3403 έν
530 3354 715 3420 φησὶν,
748 3355 777 3405 ὀ
803 3353 1119 3421 περιπατῶν
1147 3354 1247 3406 οὐκ
1277 3352 1383 3406 οἶδε
1418 3353 1520 3406 ποῦ
1557 3353 1758 3420 ὑπάγει
1807 3372 1825 3405 ι

264 3442 364 3495 τοῦ
388 3444 535 3512 ἡλίου
560 3444 618 3496 δὲ
647 3445 974 3514 ἀνασχόντος
997 3445 1089 3498 καὶ
1114 3445 1386 3515 πανταχοῦ
1425 3446 1529 3499 διὰ
1566 3446 1675 3499 τών
1723 3464 1831 3515 μυ-

269 3537 509 3603 στηρίων
533 3535 633 3605 τῆς
686 3537 905 3596 ἀκτῖνος
946 3535 1217 3604 χεθείσης,
1287 3536 1499 3607 ἀνάγκη
1557 3536 1831 3607 μηδεμίαν

268 3625 623 3693 ἀνθρωπίνων
680 3625 856 3695 ἔργων
921 3622 1061 3683 εἶναι
1124 3626 1217 3677 καὶ
1281 3627 1459 3679 πόνων
1519 3626 1829 3701 ἀναϐολὴν,

268 3716 411 3769 ἀλλά
470 3715 735 3767 σιτεῖσθαι
766 3716 854 3767 τὸν
911 3716 1077 3784 ἄρτον
1139 3716 1330 3767 τοῦτον
1378 3717 1436 3769 ὲν
1496 3717 1681 3785 ἱδρῶτι
1736 3716 1828 3769 τοῦ

272 3809 565 3876 προσώπου
591 3807 685 3859 τὸν
712 3807 978 3876 ἡμέτερον
1004 3806 1079 3869 ὡς
1120 3806 1260 3877 ὑπὲρ
1313 3808 1473 3877 ἡμῶν
1526 3807 1828 3876 κλώμενον,

267 3900 444 3961 ἄλλως
478 3899 523 3951 θ’
551 3900 635 3951 ὅτι
670 3899 779 3960 τοῖς
816 3898 1051 3964 λογικοῖς
1082 3898 1387 3967 ἀφώρισται
1418 3898 1623 3966 μόνοις,
1664 3900 1756 3952 καὶ
1804 3900 1832 3952 ὃ

268 3992 486 4062 φησινὸ
516 3991 745 4058 Κύριος,
782 3988 1110 4059 ἐργάζεσθαι
1154 3989 1252 4057 τὴν
1305 4007 1324 4040 ι
1369 3990 1637 4058 μένουσαν
1687 3990 1832 4059 βρῶ-

272 4102 378 4149 σιν,
413 4102 432 4135 ι
471 4084 606 4151 ὅπερ
641 4081 758 4133 ἐστὶ
788 4079 1123 4143 κελεύοντος,
1156 4081 1255 4133 οὐκ
1280 4081 1483 4150 ἀργοὺς
1520 4082 1630 4133 οὐδ’
1658 4083 1836 4153 ἀπρά-

269 4191 450 4239 κτους,
503 4172 618 4227 ἀλλ⁹
674 4172 1075 4242 ἐργαζομένους
1133 4170 1222 4222 ἐπὶ
1278 4174 1342 4223 τὸ
1388 4171 1602 4223 δεῖπνον
1674 4171 1836 4224 τοῦτο

269 4268 491 4336 χωρεῖν.
547 4265 609 4317 ΕΙ
648 4263 755 4331 γὰρ
802 4263 926 4324 τοὺς
953 4260 1153 4328 ἀργοὺς
1186 4261 1280 4315 καὶ
1310 4262 1408 4331 τῆς
1453 4262 1837 4333 ἀπολλυμένἾῖ

265 4358 547 4427 τραπέζης
608 4358 636 4409 ὁ
682 4352 776 4407 τοῦ
817 4354 1027 4407 Παύλου
1086 4354 1245 4424 νόμος
1277 4355 1480 4422 ἀπάγει
1524 4356 1592 4423 (ι
1648 4357 1677 4408 ὁ
1731 4356 1841 4427 γὰρ

1924 633 2130 678 temere
2164 624 2215 675 in
2258 621 2416 675 nobis
2453 620 2563 671 hzrc
2595 614 2779 671 omnia
2831 610 3002 681 gratis
3032 616 3311 677 Operatur,
3356 617 3409 663 et
3461 622 3489 658 a

1925 716 2085 769 nobis
2139 713 2273 767 nihil
2330 710 2574 776 requirit,
2649 714 2835 775 utpote
2887 702 2978 768 qui
3038 700 3291 754 conferre
3350 696 3491 749 nihil

1925 808 2220 876 possimus.
2286 803 2467 858 Mensa
2519 811 2695 854 autem
2738 797 3013 865 preposita
3067 791 3318 846 formatis
3350 790 3487 856 jam,

1923 907 1989 961 et
2023 896 2352 960 viventibus,
2405 906 2459 949 et
2492 891 2796 947 valentibus
2849 889 3007 942 nobis
3060 886 3192 952 ipsis
3243 882 3488 937 sufﬁcere

1926 990 2159 1053 viribus,
2194 987 2440 1054 datisque
2468 987 2635 1040 armis
2664 983 2741 1036 uti
2788 982 2940 1043 sinit,
2972 990 3028 1035 et
3058 980 3260 1033 bonum
3300 987 3488 1043 perse-

1922 1082 2040 1148 qui,
2075 1093 2185 1132 non
2243 1079 2351 1147 jam
2387 1086 2648 1147 portatus,
2688 1090 2867 1143 neque
2902 1082 3129 1131 tractos,
3185 1068 3280 1122 sed
3341 1067 3488 1133 ipsos

1923 1182 2114 1237 sponte
2157 1185 2220 1222 ac
2274 1186 2365 1237 per
2416 1184 2517 1222 nos
2571 1168 2872 1221 concitatos
2932 1174 3097 1233 atque
3155 1169 3486 1219 ceuunotos,

1924 1266 2069 1318 velut
2118 1264 2229 1332 jam
2285 1276 2483 1323 gnaros
2534 1273 2774 1313 currere.
2830 1256 2972 1322 Quid
3020 1254 3163 1308 enim
3220 1250 3491 1304 referebat

1923 1358 2102 1412 facere
2129 1364 2187 1409 ut
2230 1356 2617 1421 acciperemus,
2662 1352 2861 1419 quibus
2889 1346 3153 1402 utendum
3195 1360 3300 1397 non
3340 1338 3493 1393 erat?

1922 1448 2063 1513 Quid
2095 1445 2457 1499 corroborare
2486 1454 2540 1496 et
2585 1457 2797 1495 armare
2834 1439 2978 1493 domi
3008 1431 3408 1491 dormiturum?
3436 1429 3492 1484 Si

1922 1540 2067 1592 enim
2135 1553 2305 1606 neque
2371 1537 2545 1604 primo
2612 1533 3006 1592 nascentibus,
3065 1542 3242 1595 neque
3304 1532 3494 1593 postea

1923 1629 2143 1701 purgari
2178 1628 2487 1681 volentibus
2534 1624 2855 1680 certandum
2890 1631 2943 1677 et
2989 1618 3351 1673 laborandum
3386 1623 3495 1679 est,

1923 1723 2109 1777 nescio
2137 1721 2357 1788 quando
2416 1717 2572 1771 nobis
2627 1716 2759 1783 ipsis
2820 1717 3285 1767 commendemus.
3346 1705 3495 1767 Jam,

1922 1813 2066 1881 quod
2098 1811 2335 1865 hominis
2360 1824 2517 1878 opus,
2544 1808 2593 1863 si
2624 1804 2844 1859 virtutis
2872 1801 3209 1856 curriculum
3240 1797 3500 1851 auferas?

1924 1901 2039 1956 [mo
2068 1916 2194 1955 vero
2220 1899 2351 1969 quid
2382 1912 2543 1966 opere
2563 1905 2747 1951 nostro
2778 1894 3042 1955 deterius,
3067 1892 3108 1943 si
3142 1888 3278 1941 nihil
3308 1900 3497 1940 eorum

1926 2008 2044 2061 qua:
2078 1991 2373 2044 laudantur
2425 1988 2705 2047 facientes,
2747 2001 2803 2038 In
2864 1982 3214 2051 improbitate
3260 1978 3499 2030 animam

1929 2082 2276 2137 continenter
2333 2087 2660 2145 OCCttpataln
2700 2072 3038 2126 habeamus?
3096 2073 3287 2137 Itaque
3320 2069 3500 2121 locum

1928 2186 2154 2240 operum
2183 2168 2521 2227 hominibus,
2538 2164 3115 2233 opportunitatemque
3137 2156 3502 2213 certaminum

1928 2261 2232 2317 concedere
2280 2259 2585 2329 oportebat,
2643 2256 2735 2324 qui
2771 2253 2993 2324 quidem
3051 2262 3110 2306 ut
3143 2248 3371 2320 perfecti
3404 2248 3505 2303 viri

1927 2363 2138 2414 essent,
2196 2367 2222 2406 a
2288 2350 2566 2421 mysteriis
2603 2348 2713 2416 jam
2747 2346 3112 2414 accepissent,
3170 2356 3505 2411 possemque

1930 2460 2065 2512 Opus
2120 2454 2331 2496 natura:
2373 2441 2712 2495 conveniens
2767 2438 3004 2508 operari,
3037 2444 3091 2490 et
3151 2436 3506 2489 illucescente

1929 2537 2037 2600 die,
2064 2550 2222 2602 quem
2244 2533 2372 2587 fecit
2396 2532 2651 2586 Dominus
2672 2531 2738 2594 “,
2762 2544 2870 2583 non
2903 2528 3144 2581 dormire
3165 2528 3233 2581 de
3261 2534 3461 2580 caetero
3486 2540 3503 2579 :

1930 2628 2021 2684 sed
2055 2628 2120 2681 ad
2151 2641 2315 2694 opera
2354 2620 2699 2683 incumbere,
2728 2628 2782 2674 et
2816 2630 2875 2675 ut
2912 2619 3076 2672 David
3112 2620 3290 2687 inquit
3322 2636 3334 2671 :
3372 2637 3390 2668 ι
3422 2617 3503 2671 Ad

1929 2736 2067 2790 opus
2098 2734 2277 2782 suum,
2329 2726 2383 2771 et
2428 2715 2496 2771 ad
2527 2713 2902 2784 operationem
2954 2726 3108 2767 suam
3144 2710 3295 2763 exire
3331 2723 3501 2777 usque

1930 2814 1997 2866 ad
2033 2826 2313 2881 vesperam
2338 2810 2402 2863 ".
2446 2826 2464 2860 ι
2503 2807 2657 2862 Sicut
2686 2806 2830 2860 enim
2864 2815 2983 2874 post
3014 2805 3160 2857 hunc
3192 2804 3334 2856 diem
3363 2800 3509 2853 venit

1930 2917 2063 2964 nox,
2098 2900 2318 2968 quando
2365 2912 2525 2952 nemo
2573 2905 2753 2966 potesr
2808 2896 3026 2963 Operari
3056 2894 3126 2958 7°,
3165 2892 3244 2945 sic
3280 2901 3338 2945 et
3383 2901 3509 2943 ante

1932 2995 2075 3049 hunc
2110 2993 2252 3047 dicm
2290 3005 2396 3045 nox
2435 2997 2578 3046 erat.
2611 2987 2831 3056 quando
2863 2998 3075 3039 summa
3102 2992 3221 3037 erat
3245 2982 3507 3052 eperaudi

1932 3086 2301 3151 imbecillitas,
2370 3092 2425 3137 et
2487 3095 2596 3151 quo
2656 3078 3048 3133 ambulandum
3120 3090 3275 3139 esse,
3346 3088 3510 3127 nemo

1934 3178 2161 3243 sciebat,
2195 3190 2319 3231 cum
2354 3172 2533 3227 adhuc
2585 3185 2691 3225 nox
2727 3178 2902 3223 terras
2961 3174 3190 3230 teneret,
3226 3183 3245 3216 ι
3281 3164 3332 3217 ἰιι
3403 3180 3509 3233 qua

1942 3271 2022 3341 (ut
2054 3280 2136 3324 est
2178 3268 2232 3326 in
2299 3264 2613 3334 Evangelia)
2654 3262 2746 3331 qui
2825 3260 3088 3321 ambulat,
3160 3258 3332 3312 nescit
3401 3273 3510 3325 quo

1937 3358 2102 3412 vadat
2126 3357 2192 3409 τί.
2254 3373 2273 3407 ι
2352 3353 2478 3407 Sole
2549 3360 2729 3405 autem
2793 3360 3006 3411 exorto,
3073 3348 3347 3416 radiisque
3417 3362 3512 3415 per

1938 3456 2280 3504 sacramenta
2324 3443 2523 3512 ubique
2550 3440 2783 3503 diffusis,
2840 3439 3045 3492 nullam
3090 3452 3321 3513 operum
3356 3436 3512 3513 labo-

1940 3552 2174 3608 rumque
2206 3536 2571 3592 humanorum
2624 3532 2943 3587 dilationem
2988 3529 3194 3599 perpeti
3244 3544 3341 3598 par
3374 3537 3461 3582 est
3492 3544 3507 3581 :

1941 3633 2035 3689 sed
2060 3631 2273 3688 comedi
2309 3646 2501 3701 panem
2533 3629 2678 3683 hunc
2710 3628 2763 3681 in
2797 3627 2995 3681 sudore.
3023 3625 3208 3679 vultus
3239 3634 3510 3688 nostrum,

1940 3725 2090 3795 (quia
2120 3739 2214 3790 pro
2246 3721 2401 3776 nobis
2436 3720 2672 3785 factum;
2712 3725 2969 3787 praeterea
2994 3714 3119 3785 quia
3148 3714 3277 3767 solis
3308 3712 3515 3766 ratione

1936 3815 2215 3870 utentibus
2276 3812 2581 3867 destinatus
2643 3808 2768 3877 est),
2808 3806 3031 3875 etquod
3093 3806 3169 3859 ait
3226 3803 3512 3868 Dominus,

1936 3905 2154 3975 operari
2193 3905 2396 3966 cibum,
2428 3902 2518 3973 qui
2551 3906 2831 3969 permanet
2856 3898 2901 3930 "
2922 3918 2938 3955 ;
2959 3896 3100 3965 quod
3133 3906 3221 3949 est
3250 3894 3512 3961 iubentis,

1940 4011 2008 4050 ne
2054 3996 2218 4050 Otiosi
2274 4008 2373 4048 nec
2410 3992 2710 4046 inefﬁcaces
2768 3987 2837 4041 ad
2888 3986 3031 4040 hanc
3072 4002 3284 4040 cumam
3318 3985 3512 4041 venia-

1944 4100 2085 4139 mus.
2150 4084 2209 4139 Si
2261 4085 2403 4138 enim
2461 4081 2669 4135 otiosos
2729 4078 2883 4132 Pauli
2951 4077 3033 4131 lex
3098 4081 3263 4134 etiam
3328 4094 3513 4133 mensa

1942 4176 2250 4230 intereunte
2303 4174 2546 4230 excludit
2599 4176 2659 4243 (ι
2690 4175 2734 4230 si
2778 4174 2902 4242 quis
2934 4174 3182 4227 laborare
3228 4187 3334 4225 non
3374 4172 3511 4233 vult,

1940 4268 2141 4337 lnquit,
2198 4283 2301 4324 nec
2332 4270 2733 4338 manducet")
2769 4288 2816 4332 ι,
2870 4268 3072 4336 quibus
3127 4265 3388 4336 operibus
3445 4265 3512 4319 ad

1944 4362 2085 4416 hanc
2118 4376 2363 4416 mensam
2393 4363 2572 4418 VOCull
2607 4363 2882 4430 egebuut?

270 4450 459 4519 ἀργὸς,
527 4447 681 4517 φησι,
742 4446 875 4515 μηδὲ
936 4447 1161 4498 ἐσθιέτω
1207 4446 1276 4511 ι),
1330 4447 1694 4516 τίνωνδεήσει
1719 4450 1828 4500 τῶν
1856 4447 2033 4518 ἔργων
2087 4456 2201 4516 τοῖς
2260 4454 2352 4507 ἐπὶ
2415 4453 2617 4523 ταύτην
2651 4454 3008 4522 καλουμένοις
3050 4452 3149 4522 τὴν
3194 4449 3511 4520 τράπεζαν;

342 4544 467 4605 Ὀτι
506 4541 602 4608 μὲν
635 4540 727 4591 οὖν
770 4537 941 4598 οὓτως
991 4539 1157 4607 ἐχρῆν
1194 4540 1302 4592 τῶν
1350 4539 1513 4607 ἱερῶν
1562 4538 1831 4593 ἅπτεσθαι

2010 4542 2100 4598 Sic
2134 4547 2304 4613 igitur
2332 4561 2489 4604 sacra
2522 4548 2661 4601 dona
2691 4548 3033 4616 attingenda,
3065 4556 3120 4601 et
3148 4546 3218 4600 ob
3254 4546 3354 4599 hoc
3388 4555 3514 4624 ante

268 4637 476 4703 δώρων,
514 4634 604 4687 καὶ
628 4632 815 4685 τούτου
857 4630 1015 4699 χάριν
1055 4630 1159 4701 πρὸ
1208 4630 1309 4699 τῆς
1362 4631 1584 4700 τελετῆς
1632 4632 1842 4688 οἴκοθεν

269 4727 469 4787 αὐτοὺς
496 4722 855 4794 καθαίρεσθαι
894 4721 995 4781 δεῖ,
1019 4721 1251 4790 φανερὸν
1279 4723 1340 4772 ὲκ
1363 4722 1472 4773 τῶν
1502 4724 1835 4792 εἰρημένων·

269 4820 351 4872 ὅτι
382 4818 438 4870 δὲ
470 4815 629 4869 τοῦτό
653 4819 800 4869 ἐστιν
830 4814 932 4866 οὐκ
962 4813 1165 4867 ἐλάττω
1192 4814 1352 4882 μόνον
1381 4814 1486 4865 τῶν
1518 4815 1694 4867 ἄλλων
1732 4834 1835 4883 μυ-

274 4913 530 4978 στηριων,
558 4905 687 4959 ἀλλὰ
719 4905 809 4957 καὶ
831 4902 1000 4979 μείζω
1039 4902 1358 4970 δυναμένου,
1398 4903 1555 4971 δῆλον
1602 4906 1831 4960 ἐκεῖθεν.

274 4997 501 5067 Πρῶτον
553 4996 651 5065 μὲν
683 4996 791 5063 γὰρ
823 4994 870 5045 εί
905 4994 1018 5053 τοῖς
1053 4991 1313 5060 βελτίοσιν
1342 4992 1369 5043 δ
1399 4992 1531 5054 Θεὸς
1568 4993 1634 5044 τὰ
1665 4993 1834 5064 μείζω

273 5088 549 5158 δωρεῖται,
578 5085 636 5148 ὃς
670 5086 762 5138 τὸν
780 5085 928 5137 ἔλεον
954 5083 1135 5153 ἵστησι
1170 5084 1260 5135 καὶ
1280 5082 1430 5152 ζυγῷ
1456 5101 1582 5144 τινι.
1626 5086 1685 5136 τὸ
1738 5085 1833 5138 τοῦ

277 5182 576 5249 προφήτου,
605 5177 702 5229 καὶ
725 5175 1047 5246 δικαιοσύνῃ
1105 5176 1282 5230 πάντα
1329 5177 1494 5239 ποιεῖ,
1539 5176 1721 5248 πολλῷ
1779 5177 1835 5229 δὲ

276 5271 528 5333 καλλίους
554 5269 701 5337 ἡμᾶς
740 5270 970 5332 εὐποιεῖ,
1012 5268 1427 5336 τετελεσμένους
1467 5268 1565 5337 ἤδη
1608 5268 1703 5323 καί
1732 5286 1834 5322 που

279 5362 376 5416 καὶ
403 5363 533 5432 περὶ
563 5363 763 5430 ἀρετῆς
787 5361 1255 5428 ἀγωνισαμένους,
1293 5360 1326 5431 ἢ
1366 5361 1501 5429 μηδὲ
1531 5361 1631 5429 τὴν
1665 5363 1840 5433 ἀρχὴν

278 5453 661 5518 λουσαμένους,
690 5451 933 5505 λείπεται
955 5452 1048 5504 καὶ
1078 5450 1176 5521 τὴν
1200 5453 1359 5521 χάριν
1388 5452 1591 5522 ταύτην
1622 5456 1840 5525 ἐκείνης

280 5538 419 5594 εἶναι
477 5540 669 5610 βελτίω
720 5542 817 5596 καὶ
875 5542 984 5595 τῶν
1037 5542 1308 5615 δευτέρων
1365 5544 1666 5613 ἀμεινόνων
1714 5546 1841 5610 τοὺς

282 5634 661 5705 μεμυημένους
698 5634 1010 5705 τυγχάνειν.
1050 5636 1271 5689 Ἔστιδ’
1298 5637 1471 5691 ἐκεῖνο
1500 5637 1599 5707 μὲν
1636 5638 1698 5690 τὸ
1738 5636 1837 5707 βά-

1949 4643 2353 4689 sacrameutum
2397 4651 2493 4705 per
2542 4645 2713 4692 semet
2750 4652 2983 4706 purgare
3016 4652 3075 4689 se
3121 4645 3395 4706 oportere,
3451 4650 3515 4687 ex

1947 4726 2109 4780 dictis
2139 4726 2306 4794 liquet
2340 4742 2354 4779 :
2389 4726 2531 4794 quod
2565 4741 2669 4780 non
2701 4726 2985 4780 inferioris
3011 4726 3191 4790 modo,
3226 4724 3318 4780 sed
3348 4728 3511 4778 etiam

1945 4818 2271 4884 potentioris
2302 4814 2542 4887 mysterii
2598 4832 2746 4882 esse,
2796 4816 2923 4871 inde
2971 4826 3215 4887 apparet.
3268 4816 3510 4870 Primum

1941 4909 2111 4971 cnim,
2142 4908 2186 4961 si
2222 4907 2542 4975 melioribus
2574 4906 2718 4962 Deus
2758 4909 2964 4973 majora
3002 4909 3186 4969 donat,
3224 4909 3316 4977 qui
3351 4910 3515 4961 mise-

1944 4998 2239 5055 ricordiam
2270 4997 2482 5061 statuit,
2503 4996 2730 5067 etjuxta
2764 4997 3084 5066 prophetam
3103 4997 3150 5028 "
3185 4998 3238 5050 in
3270 4998 3515 5067 pondere

1943 5100 1997 5145 et
2050 5085 2495 5159 justitiaomnia
2552 5087 2699 5153 facit,
2743 5090 2912 5145 multo
2974 5090 3147 5159 magis
3198 5089 3516 5146 melioribus

1947 5182 2126 5244 nobis,
2160 5190 2350 5251 utpote
2400 5181 2510 5250 jam
2546 5196 2641 5250 per
2675 5190 3018 5235 sacramenta
3050 5174 3299 5246 initiatis,
3348 5190 3402 5236 et
3443 5182 3518 5236 ob

1946 5274 2201 5327 virtutem
2262 5271 2375 5340 jam
2439 5270 2660 5327 luctalis
2723 5270 3017 5335 benefacit,
3075 5288 3234 5341 quam
3285 5288 3515 5341 prorsus

1949 5379 2058 5418 non
2102 5364 2327 5419 ablutis.
2364 5363 2711 5433 Relinquitur
2739 5377 2871 5431 ergo
2903 5370 2957 5417 et
2993 5363 3224 5432 gratiam
3266 5364 3408 5416 hanc
3436 5364 3513 5420 illi

1948 5467 2255 5526 prazstare,
2314 5464 2371 5509 et
2446 5455 2687 5511 initiatos
2748 5455 2904 5507 donis
2969 5453 3227 5510 secundis
3292 5455 3519 5510 meliora

1950 5546 2232 5617 consequi.
2285 5544 2379 5601 Est
2431 5554 2611 5600 autem
2661 5544 2791 5599 illud
2850 5544 3145 5615 baptisma,
3199 5545 3303 5599 hoc
3358 5560 3521 5603 (mna

1951 5657 2127 5701 sacra,
2163 5653 2327 5707 quam
2358 5646 2508 5693 tanto
2542 5635 2919 5705 perfectiorem
2949 5638 3269 5692 existimare
3313 5652 3523 5693 conve-

298 5794 310 5799 -
350 5752 395 5785 ⁸⁸
437 5751 555 5810 Psal
602 5771 767 5820 cxvu,
831 5756 919 5810 24.
996 5756 1040 5789 ⁶⁹
1081 5755 1220 5812 Psal.
1254 5774 1368 5823 CIII,
1401 5758 1491 5814 23.
1568 5758 1615 5789 '°
1659 5755 1815 5813 Joan.
1848 5772 1921 5820 Ix,
1963 5759 2014 5812 4.
2092 5758 2132 5791 "
2164 5755 2425 5821 Joau‘xu,
2457 5758 2543 5813 5‘5.
2622 5758 2667 5789 "
2693 5752 2855 5810 Joau.
2886 5753 3089 5819 v1.27.
3166 5755 3211 5790 ⁷³
3239 5753 3281 5810 ll
3312 5751 3509 5810 Thess.

287 5838 366 5891 tn,
403 5823 487 5879 10.
560 5825 606 5859 ’⁸
651 5824 753 5882 lsa.
795 5840 980 5890 nvnt,
1016 5826 1100 5883 17.
