4154 6308
139 412 244 478 £09

1175 405 1274 465 DE
1309 406 1486 467 VITA
1526 402 1598 462 [Ν
1634 399 1961 464 CHRISTO
1999 396 2146 457 ΠΒ.
2187 394 2286 455 IV.

3260 380 3368 442 6:0

141 531 270 584 στοῠ
322 524 609 580 συνουσίαν
639 539 654 555 ⁸
701 540 720 574 ι
757 520 1042 575 Ἀναλῦσαι
1070 519 1176 588 γάρ
1200 557 1215 582 ,
1253 517 1415 588 φησι,
1470 516 1565 568 καὶ
1590 518 1687 567 σὺν
1718 528 1735 578 λ

1827 523 2027 564 remum
2043 505 2291 560 desinere
2324 501 2420 565 ait,
2446 511 2637 568 nempe
2668 510 2790 550 cum
2844 492 3061 548 Christo
3078 492 3260 546 vivere
3309 502 3364 546 et

141 621 361 689 Χριστῷ
384 617 518 670 εἶναι
547 615 721 682 πολλῷ
749 613 948 682 μᾶλλον
981 611 1257 681 κρεῖσσον·
1284 629 1305 661 ι
1336 607 1494 662 τοῦτο
1534 606 1591 658 δὲ
1634 603 1693 655 τὸ

1796 599 2022 654 versari.
2053 592 2342 657 tDissolvi,
2379 589 2573 658 inquit,
2593 596 2647 640 et
2671 600 2790 638 cum
2812 583 3029 637 Christo
3055 595 3194 643 esse,
3224 580 3367 633 mul-

141 667 239 779 τῖζς
276 667 1159 779 τνραπέξηςἔργονδιαφερόντως.
1185 701 1246 753 Ei
1273 700 1380 769 γὰρ
1414 701 1506 752 καὶ
1547 694 1698 766 παρὰ

1827 705 1853 743 o
1881 689 2050 756 magis
2082 685 2273 738 melius
2299 682 2365 734 ".
2405 699 2421 729 ι
2461 677 2615 741 Quod
2642 675 2756 728 haec
2798 685 2979 724 mensa
3013 675 3232 737 praestat
3287 667 3368 719 iu-

2075 773 2112 779 ...
2174 771 2184 779 .
2283 769 2295 779 .
2384 769 2396 779 ι
2501 767 2550 779 οσ-
2735 778 2740 779 ,
2780 775 2824 779 κ-
2864 757 3137 779 ᾉΑ---ι-,-²ζ-
3174 755 3334 779 ιἰ-..;,.

409 820 455 862 ις
510 797 827 868 μυστηρίοις
873 795 1018 845 ἔστιν
1043 793 1228 861 εὑρεῖν
1294 790 1383 843 τὸν
1437 791 1694 857 Χριστὸν,

143 892 259 942 ἀλλ’
295 892 433 943 ὣστε
489 890 563 955 τῷ
623 887 809 939 λαϐεῖν
864 881 1382 951 παρασκευασθῆναι
1440 878 1576 947 πρὸς
1637 876 1699 928 τὸ

1827 884 1912 921 um
1951 864 2191 918 invenire
2219 861 2359 921 licet,
2392 856 2486 911 sed
2524 865 2772 911 eatenus.
2807 861 2864 903 ut

1801 958 1926 1013 inde
1947 957 2207 1016 feramus,
2232 967 2336 1021 quo
2359 964 2480 1003 cum
2506 962 2572 1022 eo
2588 961 2707 999 esse
2731 943 3022 1012 possimus.
3049 938 3146 990 llic
3172 947 3373 994 autem,

146 983 435 1048 δυνηθῆναι
471 981 728 1039 συνεῖναι,
766 976 997 1028 ἐνταῦθα
1029 975 1083 1025 δὲ
1113 972 1253 1025 ὥστε
1302 972 1402 1041 ἤδη
1439 968 1698 1038 καθαρῶς

147 1072 328 1123 λαϐεῖν
374 1072 466 1123 καὶ
492 1070 727 1122 συνεῖναι
791 1068 884 1120 τοῦ
910 1069 1014 1137 γὰρ
1045 1066 1150 1118 τῶν
1174 1063 1346 1118 ἄλλων
1369 1063 1426 1115 τὸ
1451 1062 1508 1114 ἓν
1543 1062 1702 1130 σῶμα

150 1164 244 1216 καὶ
268 1164 322 1213 ἓν
357 1164 574 1230 πνεῦμα
605 1163 699 1212 καὶ
730 1162 787 1212 τὸ
825 1159 1008 1227 μένειν
1043 1159 1139 1227 μὲν
1162 1159 1220 1210 ὲν
1249 1155 1420 1222 αὐτῷ,
1472 1154 1702 1223 μένοντα

151 1252 206 1303 δὲ
239 1254 381 1321 ἔχειν
411 1251 594 1310 αὐτὸν,
634 1249 773 1318 ὑπὲρ
813 1241 872 1299 οὗ
909 1247 1049 1300 δοκῶ
1085 1247 1174 1298 καὶ
1239 1243 1474 1313 Χριστὸς
1541 1243 1704 1305 αὐτὸς

152 1341 250 1409 τὴν
277 1342 649 1409 μακαριότητα
679 1339 786 1391 τῶν
815 1338 1034 1390 δικαίων
1061 1336 1272 1388 δεῖπνον
1319 1330 1457 1386 εἶναί
1516 1349 1706 1402 φησιν,

153 1432 313 1484 αὑτὸν
333 1434 452 1499 ἕχον
483 1430 849 1484 διακονοῦντα.

225 1607 382 1659 Οὕτω
420 1609 516 1676 μὲν
546 1601 637 1658 οὖν
676 1600 840 1658 ἆθλόν
885 1605 1031 1657 ἐστιν
1077 1604 1104 1658 ὁ
1148 1601 1246 1670 τῆς
1310 1599 1456 1666 ζωῆς
1503 1599 1663 1666 ἄρτος

156 1701 282 1750 ἐπεὶ
335 1699 390 1750 δὲ
429 1698 477 1748 oi
545 1697 702 1750 τοῦτο
752 1696 1032 1764 δεχόμενοι
1055 1691 1114 1745 τὸ
1148 1692 1320 1761 δῶρον
1350 1690 1449 1760 τὴν
1497 1691 1599 1757 γῆν
1633 1686 1714 1738 ἔτι

157 1790 392 1842 πατοῦσι
428 1789 522 1842 καὶ
545 1787 905 1857 ὁδοιποροῦσι,
941 1787 1034 1838 καὶ
1059 1785 1146 1837 διὰ
1166 1783 1324 1837 τοῦτο
1350 1781 1442 1834 καὶ
1480 1779 1718 1843 κονίζον-

1799 755 2044 844 signlter.
2075 771 2186 825 Etsi
2212 769 2353 824 enim
2384 769 2437 820 in
2466 767 2586 818 aliis
2613 775 2829 832 quoque
2864 757 3139 828 mysteriis
3173 755 3368 809 Cirris--

2920 846 3368 917 praeparationem

1805 1060 1861 1104 ιιι
1881 1051 1987 1118 jam
2019 1062 2148 1116 pure
2173 1061 2292 1100 eum
2352 1042 2701 1108 accipiamus,
2757 1045 2808 1089 et
2863 1048 2987 1088 cum
3047 1031 3137 1083 illo
3181 1030 3372 1080 simus.

1806 1136 1908 1191 Ubi
1940 1135 2083 1187 enim
2118 1135 2168 1185 in
2196 1133 2316 1184 aliis
2359 1129 2593 1197 reperias
2623 1140 2785 1177 unum
2836 1135 3032 1189 corpus
3097 1128 3150 1170 et
3207 1131 3374 1168 unum

1807 1223 2082 1293 spiritum,
2106 1231 2160 1274 et
2191 1235 2415 1274 manere
2444 1220 2495 1269 in
2522 1220 2660 1283 ipso.
2691 1222 3106 1276 manentcmque
3132 1209 3373 1262 vicissim

1811 1316 2012 1366 habere
2056 1314 2106 1365 in
2136 1310 2360 1380 seipse?
2412 1309 2636 1376 Propter
2668 1307 2793 1371 hoc,
2827 1315 2884 1356 ut
2919 1304 3170 1362 arbitror,
3213 1301 3373 1353 etiam

1807 1404 2057 1456 Christus
2087 1403 2200 1469 ipse
2236 1396 2918 1464 beatitudinemjustorutn
2974 1407 3191 1447 canam
3240 1406 3379 1443 nun-

1811 1495 2048 1563 cupavit,
2080 1494 2131 1544 in
2159 1506 2263 1560 qua
2288 1491 2400 1558 ipse
2433 1490 2782 1541 ministraret.

1884 1585 1976 1638 Sic
2000 1583 2162 1651 igitur
2191 1581 2344 1650 panis
2368 1581 2489 1633 vita:
2521 1581 2795 1648 praemium
2833 1575 3209 1642 est.Qu0niam
3252 1586 3381 1626 vero

1813 1673 2012 1728 donum
2042 1674 2180 1726 istuc
2210 1671 2565 1739 suscipientes
2592 1679 2791 1722 terram
2823 1668 3002 1721 adhuc
3057 1668 3292 1726 caleant,
3328 1671 3384 1716 et

1819 1775 1880 1821 ut
1911 1766 2144 1819 viatores
2177 1763 2394 1834 pulvere
2438 1761 2810 1830 inquinamur,
2837 1769 2890 1813 et
2921 1759 3153 1827 pedibus
3204 1754 3381 1808 oﬂ‘en-

155 1900 249 1935 ται
271 1884 362 1934 καὶ
391 1881 794 1952 προσκόπτουσι
814 1879 905 1930 καὶ
926 1876 1139 1948 λῃστῶν
1187 1875 1454 1929 δεδοίκασι
1502 1874 1708 1941 χεῖρας,

1827 1859 1970 1921 Ιυηι,
1999 1862 2475 1928 grassatorumque
2493 1867 2686 1905 manus
2737 1851 2950 1914 timent,
2978 1863 3077 1918 pro
3127 1845 3382 1916 prmsenti

158 1975 297 2044 πρὸς
324 1974 420 2044 τὴν
469 1971 755 2040 παροῦσαν
806 1969 994 2040 χρείαν
1033 1968 1218 2027 αὐτοῖς
1273 1963 1496 2024 εἰκότως
1552 1961 1714 2028 ἀρκεῖ

157 2066 248 2114 καὶ
278 2065 375 2132 τὴν
403 2063 552 2132 ἰσχὺν
584 2061 764 2129 ἀνέχει
795 2059 889 2113 καὶ
919 2058 1137 2128 ἡγεμών
1185 2056 1412 2108 ἐστικαὶ
1435 2052 1709 2121 καθαίρει,

154 2155 263 2216 ἕως
288 2153 704 2216 καταλύσουσιν,
729 2144 788 2202 οὗ
829 2150 970 2204 κατὰ
999 2149 1091 2201 τὰν
1125 2148 1334 2217 Πέτρου
1369 2145 1525 2213 λόγον
1549 2142 1712 2195 καλὸν

155 2243 298 2296 εἶναι
332 2245 421 2295 τὸν
458 2243 764 2312 ἄνθρωπον,
800 2242 934 2294 ὅπου
961 2241 1068 2294 τῶν
1096 2239 1272 2293 ἄλλων
1323 2237 1424 2307 μὲν
1487 2236 1713 2304 οὐδεμία

155 2339 334 2403 χώρα,
368 2335 423 2386 ὲν
450 2333 678 2402 καθαρῷ
716 2331 1056 2401 πραγμάτων
1074 2330 1256 2399 χωρίῳ
1292 2329 1537 2397 μένουσιν
1587 2327 1712 2394 ἢδη,

159 2427 324 2494 μόνον
347 2425 400 2476 δὲ
424 2424 686 2493 στέφανός
737 2425 885 2476 ἐστιν
926 2420 1107 2482 αὐτοῖς
1162 2421 1190 2472 ὁ
1246 2416 1478 2486 Χριστὸς
1539 2417 1716 2467 συνὼν

157 2514 439 2583 καθαρῶς.
475 2512 684 2568 Ουκοῦν
721 2512 794 2574 ὠς
827 2511 924 2580 μὲν
956 2509 1252 2579 καθάρσιον
1271 2508 1366 2561 καὶ
1396 2505 1532 2573 πρὸς
1557 2504 1717 2558 τοῦτο

159 2607 369 2675 συστᾷν
399 2606 456 2671 ἐξ
491 2604 664 2675 ἀρχῆς
691 2602 965 2672 μολυσμοῦ
1022 2599 1220 2661 παντὸς
1264 2597 1613 2661 ἀπαλλάττει,
1641 2595 1717 2659 ὼς

157 2700 216 2750 δὲ
250 2700 505 2759 κοινωνὸς
535 2697 666 2765 ἡμῖν
696 2695 800 2746 τῶν
820 2692 1067 2762 ἀγώνων,
1101 2686 1175 2744 ὧν
1209 2689 1434 2760 ἡγεμὼν
1482 2689 1716 2758 ὑπῆρξε,

161 2790 514 2857 πρωτότοκος
543 2790 623 2850 εἰς
649 2786 876 2847 τούτους
914 2784 1328 2852 ἀποδυσάμενος
1377 2782 1529 2851 ίσχὺν
1577 2780 1718 2834 κατὰ

161 2880 276 2930 τῶν
311 2877 691 2945 πολεμούντων
721 2875 956 2944 παρέχει
1051 2875 1130 2927 ὅτι
1179 2874 1235 2927 δὲ
1272 2873 1367 2925 καὶ
1398 2872 1567 2941 γέρας
1620 2873 1719 2923 οὐκ

162 2967 299 3019 ἄνευ
339 2968 535 3029 πόνων,
567 2965 595 3017 ὃ
627 2965 809 3017 τοίνυν
836 2964 910 3027 ὡς
936 2959 1097 3016 ἆθλον
1123 2961 1233 3031 ἔχει
1264 2961 1324 3013 τδ
1373 2961 1586 3013 δεῖπνον
1627 2960 1720 3013 καὶ

163 3059 240 3119 ὠς
273 3058 474 3125 ἐσχάτη
507 3054 868 3123 μακαριότης,
917 3053 1016 3105 τίν’
1055 3049 1165 3120 ἔχει
1187 3049 1365 3117 λόγον,
1395 3049 1471 3113 ὡς
1516 3049 1721 3103 ἐλάττω

162 3147 471 3215 δυναμένου
506 3144 776 3198 ποιεῖσθαι
805 3144 1104 3212 τεκμήριον
1129 3161 1144 3209 ;
1174 3144 1280 3195 Τδν
1307 3143 1418 3194 ἴσον
1440 3141 1495 3193 δὲ
1520 3140 1722 3212 τρόπον

1818 1949 2136 2004 necessitate
2153 1947 2283 2017 ipsis
2307 1945 2462 2013 plane
2491 1941 2682 1996 sullicit
2707 1942 2792 1994 hic
2817 1945 2991 2010 panis.
3011 1951 3062 1994 et
3085 1940 3223 1992 vires
3250 1954 3382 1993 sus-

1817 2047 2007 2102 tentat,
2044 2048 2097 2091 et
2147 2037 2255 2090 dux
2283 2044 2386 2100 est,
2433 2043 2483 2088 et
2513 2040 2725 2101 purgat,
2752 2030 2924 2085 donec
2950 2031 3236 2095 divertaut,
3294 2028 3385 2080 ubi

1752 2141 1762 2152 ‘
1817 2129 2114 2186 secundum
2147 2126 2290 2180 Petri
2346 2125 2506 2178 verba
2537 2125 2585 2155 "
2614 2124 2814 2176 bonum
2841 2131 2920 2175 est
2948 2121 3218 2174 hominem
3246 2132 3386 2178 esse.

1821 2221 1910 2275 ubi
1946 2219 2065 2272 aliis
2094 2217 2274 2270 nullus
2302 2211 2546 2277 locus,iu
2577 2215 2794 2278 regione
2819 2227 2846 2264 a
2870 2211 3098 2278 negotiis
3145 2209 3390 2262 molestis

1820 2302 2108 2379 liberajam
2127 2305 2497 2363 manentibus.
2516 2302 2633 2355 solu
2649 2322 2664 2347 ς
2682 2311 2862 2354 autem
2880 2315 3078 2353 corona
3094 2297 3392 2366 ipsisChri-

1822 2412 1941 2457 stus
1969 2410 2074 2466 est,
2098 2415 2218 2453 cum
2251 2398 2329 2450 eis
2363 2394 2790 2449 familiarissime
2827 2406 3069 2446 versans.
3121 2390 3288 2460 Igitur
3335 2401 3393 2444 ut

1830 2489 2098 2563 purgandi
2137 2491 2241 2542 vim
2277 2488 2506 2550 habens,
2531 2493 2584 2538 et
2613 2486 2676 2536 nd
2713 2487 2814 2536 hoc
2861 2497 2888 2534 ιι
2915 2482 3182 2550 principio
3233 2481 3394 2535 insti-

1827 2593 2030 2649 tutum,
2073 2582 2485 2651 inquinamento
2513 2579 2658 2632 omni
2687 2577 2903 2630 liberat.
2937 2573 3006 2629 Ut
3063 2586 3242 2629 autem
3296 2591 3396 2628 nos

1824 2678 1878 2732 in
1909 2676 2292 2730 certaminibus
2311 2674 2548 2740 adjuvat,
2586 2684 2815 2739 quorum
2853 2667 2967 2736 ipse
3017 2667 3266 2720 Christus
3287 2667 3395 2719 dux

1826 2764 1926 2819 fuit
1968 2772 2113 2826 ante,
2149 2762 2355 2828 primus
2385 2760 2450 2813 ad
2484 2774 2543 2812 ea
2575 2771 2882 2826 aggressus,
2918 2758 3083 2808 robur
3136 2761 3398 2808 adversus

1825 2863 2202 2926 oppugnantes
2243 2852 2492 2920 largitur.
2561 2849 2698 2914 Quia
2735 2863 2862 2901 vero
2906 2847 3066 2901 etiam
3118 2848 3399 2912 numiuiqu

1825 2958 1927 3014 est,
1963 2949 2177 3002 labores
2205 2945 2404 3015 quibus
2451 2942 2709 2998 debeatur
2764 2944 3016 3012 postulat.
3075 2943 3175 3005 Qui
3235 2942 3402 3006 igitur

1829 3055 2040 3094 cauam
2073 3051 2128 3092 ut
2166 3036 2472 3107 praemium,
2504 3045 2557 3090 et
2587 3045 2642 3088 ut
2663 3048 2974 3105 supremam
3011 3031 3397 3093 beatitudi-.em

1831 3131 2008 3190 habet.
2025 3128 2299 3198 quomodo
2310 3127 2516 3181 caeteris
2535 3126 2713 3178 minus
2728 3139 2884 3193 posse
2903 3124 3256 3176 nihilominus
3277 3138 3412 3177 con-

165 3240 278 3309 χρὴ
309 3204 405 3290 καὶ
439 3239 564 3308 περὶ
595 3238 823 3306 θατέρου
861 3204 1192 3304 ψηφίζεσθαι
1233 3234 1326 3288 καὶ
1369 3204 1630 3300 νομίζειν,
1657 3235 1722 3302 τῇ

1828 3213 2001 3284 iiciet‘.’
2015 3219 2156 3274 Idem
2174 3217 2242 3272 de
2259 3217 2429 3272 altero
2444 3215 2866 3276 decernendum,
2881 3214 3409 3281 existimandumqne

164 3335 471 3399 τελειότητι
502 3328 595 3381 τοῦ
629 3328 925 3397 μυστηρίου
955 3329 1030 3396 μὴ
1079 3325 1356 3394 πολεμεῖν.
1389 3325 1460 3376 Οὐ
1504 3323 1611 3392 γάρ
1643 3323 1723 3374 ὅτι

169 3425 318 3491 μέγα
343 3422 591 3486 δύναται,
614 3422 702 3474 τὸν
722 3419 1016 3491 ἁμαρτίαις
1041 3417 1436 3488 διεφθαρμένον
1475 3416 1575 3467 ουκ
1598 3416 1728 3467 ἀνα-

168 3515 423 3578 πλάττει,
485 3512 599 3566 ἀλλ’
625 3513 788 3565 αὑτὸν
820 3513 895 3582 μὴ
923 3511 1219 3580 δυνάμενον
1246 3509 1418 3562 ταῦτα
1463 3505 1727 3572 δέξασθαι

169 3610 269 3658 καὶ
295 3607 508 3666 παθεῖν,
543 3605 636 3658 ἅτε
676 3604 775 3672 τὴν
839 3601 1059 3673 πρώτην
1093 3601 1171 3653 ἔτι
1215 3599 1449 3671 φέροντα
1508 3598 1725 3662 πλάσιν,

169 3704 320 3770 ῄπερ
355 3704 408 3750 ἐν
440 3700 552 3758 τοῖς
592 3695 827 3766 πρόσθεν
849 3697 1060 3763 είρηται
1103 3692 1302 3760 λόγοις,
1347 3694 1412 3760 ἢν
1464 3691 1728 3760 ἀφανίσαι

170 3792 269 3842 καὶ
294 3787 403 3839 τῶν
447 3785 631 3856 ψυχῶν
701 3785 900 3849 ἐξελεῖν
941 3786 1047 3836 τῶν
1083 3783 1230 3847 ἅπαξ
1287 3783 1726 3851 βαπτισαμένων,

168 3880 296 3932 οὐδὲ
324 3879 422 3945 τῆς
449 3878 682 3945 ἐσχάτης
713 3876 828 3928 ἐστὶ
863 3876 1122 3945 πονηρίας
1197 3872 1305 3928 οὐδ’
1331 3874 1397 3927 ἂν
1440 3873 1607 3943 αὐτὴν
1633 3873 1732 3943 άρ-

168 3965 445 4036 νήσασθαι
495 3965 860 4033 τολμήσωσιν,
911 3964 979 4035 ἢν
1026 3963 1383 4032 ὡμολόγησαν
1427 3961 1503 4030 τῷ
1569 3961 1732 4029 κοινῷ

170 4059 424 4129 Δεσπότῃ
460 4057 730 4123 δουλείαν,
764 4056 837 4118 ὼς
869 4057 990 4109 οὐδὲ
1022 4057 1121 4119 τῆς
1151 4056 1323 4126 ἄκρας
1347 4055 1662 4122 φιλοσοφίας
1697 4053 1731 4124 ἢ

169 4151 341 4219 ψιλῆς
367 4151 463 4218 τῆς
491 4147 781 4217 ὁμολογίας
815 4147 1134 4214 δυνηθείσης
1159 4146 1416 4212 ἐνθεῖναι,
1442 4144 1618 4197 ἔπειθ’
1650 4145 1732 4196 ὅτι

172 4242 276 4295 καῖ⁵
303 4240 537 4292 καθόλου
569 4241 835 4310 κρείττων
868 4239 1017 4290 ἐστὶν
1045 4240 1073 4290 ὁ
1104 4238 1389 4306 ἄνθρωπος
1420 4238 1452 4309 ἢ
1479 4235 1734 4288 τεθνάναι

170 4335 275 4386 καὶ
301 4330 706 4400 συντετρίφθαι,
731 4329 920 4382 τούτου
950 4329 1006 4382 δὲ
1036 4332 1202 4400 χωρὶς
1237 4327 1337 4380 οὒκ
1367 4322 1438 4398 ἦν
1460 4326 1736 4382 ἀναπλάτ·

167 4423 392 4476 τεσθαι.
429 4423 537 4474 Καὶ⁵
564 4420 718 4490 γάρὸ
751 4419 852 4488 μὲν
884 4418 1110 4480 θάνατος
1157 4415 1249 4471 τοῦ
1304 4416 1541 4471 παλαιοῦ
1601 4415 1736 4485 κόμ-

175 4528 375 4582 ματος,
417 4512 513 4564 καὶ
535 4503 689 4572 οὗτος
723 4511 751 4562 ὀ
774 4509 1066 4578 δυνάμενος
1119 4508 1504 4576 ἀποθνήσκειν,
1553 4506 1612 4559 ὃν
1645 4511 1738 4560 ἀν-

171 4605 385 4656 έδωκεν
422 4603 448 4652 ὁ
479 4599 625 4669 χοῦς,
657 4617 676 4648 ι
719 4599 782 4650 Ἠ
838 4598 945 4666 γὰρ
997 4595 1172 4666 ἀξίνη.
1238 4600 1402 4667 φησὶν
1457 4595 1733 4666 Ἰωάννης.

172 4710 254 4764 πρ
292 4709 319 4754 ς
350 4691 446 4759 τὴν
475 4689 634 4759 ῥίζαν
668 4689 774 4741 τῶν
803 4688 1033 4759 δένδρων
1062 4691 1241 4741 κεῖται
1273 4703 1288 4720 ο
1320 4705 1340 4739 ι
1382 4688 1410 4740 ὁ
1437 4687 1494 4740 δὲ
1554 4687 1736 4739 λελου-

175 4785 346 4855 μένος
378 4782 476 4852 ἧδη
515 4782 606 4834 τὸν
640 4781 757 4833 νέον
793 4780 974 4850 φορεῖ,
1007 4778 1203 4831 οὒκιῦν
1238 4778 1353 4841 πῶς
1390 4777 1489 4847 μὲν
1524 4780 1736 4831 ἀποθα-

171 4879 354 4930 νεῖται
378 4873 514 4943 πρδς
549 4872 638 4923 τὸν
680 4872 852 4940 ’Δδάμ
890 4870 1254 4940 ἡρμοσμένος,
1295 4871 1354 4933 ὃς
1377 4870 1560 4923 οὐκέτι
1607 4872 1742 4924 ἀπο-

172 4965 448 5033 θνήσκει;
490 4961 628 5013 ’Δνθ’
649 4962 772 5014 ὅτου
809 4960 852 5014 δ’
904 4959 969 5013 ἂν
1005 4959 1287 5024 ἀποθάνοι,
1349 4959 1406 5013 δν
1457 4960 1596 5030 ὑπὲρ
1646 4959 1742 5012 τοῦ

173 5054 372 5109 λοιὸεῖν
403 5052 507 5105 ἔδει
532 5050 806 5112 τεθνὰνὰι,
824 5046 1012 5103 τοῦτον
1034 5047 1113 5100 ἔτι
1144 5049 1327 5117 φέρων
1360 5048 1418 5100 ὲν
1453 5051 1517 5116 τῇ
1547 5048 1692 5118 ψυχῇ
1722 5065 1737 5113 ;

174 5143 358 5200 Τοῦτο
391 5143 448 5194 δὲ
472 5140 582 5194 οὐδ’
608 5139 703 5193 ἀπ’
753 5138 920 5193 αὐτοῦ
992 5137 1176 5192 λαϐεῖν
1225 5138 1434 5204 ἔξεστιν
1480 5136 1574 5192 τοῦ
1622 5137 1748 5190 λουο

171 5255 202 5290 τ
211 5234 314 5308 ροῦ
377 5233 493 5295 πῶς
511 5230 602 5285 οὖν
627 5231 691 5284 ἂν
717 5231 930 5298 γένοιτο
946 5229 1052 5282 τῶν
1078 5229 1310 5282 τελετῶν
1334 5228 1532 5298 ταῦτης
1562 5228 1745 5297 ἐκείνη

1831 3310 2153 3383 periectioni
2183 3308 2428 3380 mysterii
2467 3321 2574 3360 non
2605 3319 2926 3373 repugnare.
2960 3305 3073 3359 Non
3107 3306 3251 3358 enim
3280 3306 3407 3374 quia

1833 3419 1942 3458 non
1969 3402 2200 3456 multum
2241 3408 2439 3470 potest,
2469 3397 2706 3466 peccatis
2735 3397 3001 3466 perditum
3049 3412 3153 3449 non
3175 3398 3406 3464 retingit,

1833 3497 1925 3550 sed
1955 3495 2082 3564 quia
2110 3508 2232 3546 cum
2266 3491 2495 3560 primam
2553 3487 2931 3541 formationem
2990 3503 3082 3541 seu
3133 3490 3412 3541 characte-

1831 3599 1948 3639 rem
1973 3583 2152 3637 adhuc
2182 3579 2465 3645 ferat,aiio
2493 3577 2738 3646 insigniri
2768 3573 2977 3646 nequit.
3010 3577 3148 3631 sicut
3179 3587 3304 3631 ante
3330 3579 3412 3630 di-

1832 3686 1978 3731 ctum
2012 3683 2095 3728 est
2133 3690 2148 3739 ;
2178 3687 2338 3743 quem
2400 3669 2580 3723 delere
2612 3679 2664 3722 et
2691 3683 2756 3721 ex
2783 3670 3069 3723 animabus
3100 3669 3266 3722 semel
3321 3671 3414 3722 ha-

1834 3766 2158 3835 ptizatorum
2197 3761 2438 3824 eradere,
2469 3774 2566 3812 nec
2589 3771 2846 3813 extrema:
2880 3759 3094 3827 quidem
3147 3758 3412 3827 improbi-

1836 3853 1962 3907 tatis
1987 3863 2092 3917 est,
2127 3864 2227 3905 nec
2254 3849 2305 3903 id
2326 3857 2596 3917 poterunt,
2617 3848 2866 3916 quamvis
2889 3859 3095 3916 pactam
3136 3851 3412 3902 communi

1838 3940 2658 4007 Dominiservitutemabnegare
2684 3953 2792 3991 non
2833 3939 3221 4002 dubitaverint,
3251 3955 3412 4007 quem

1839 4034 1947 4089 illis
1979 4047 2080 4087 nec
2113 4045 2323 4086 summa
2347 4029 2706 4098 philosophia,
2737 4043 2831 4083 nec
2852 4030 2993 4083 nuda
3022 4031 3293 4084 confessio
3317 4034 3416 4087 imt

1839 4125 2072 4193 primere
2101 4122 2296 4190 patuit.
2332 4117 2532 4172 Deinde
2589 4118 2716 4188 quia
2804 4119 3051 4173 universe
3106 4123 3296 4174 melius
3357 4139 3418 4177 cs

1841 4216 2117 4271 hominem
2147 4227 2285 4275 esse,
2321 4228 2482 4281 quam
2514 4221 2782 4265 mortuum
2806 4219 2858 4263 et
2920 4214 3213 4266 contritum
3270 4231 3415 4281 esse,

1841 4309 1959 4362 sine
1989 4320 2096 4374 quo
2116 4319 2222 4359 non
2238 4305 2396 4359 datur
2429 4303 2658 4358 reﬂctio.
2691 4301 2904 4356 Etenim
2931 4317 3078 4356 mors
3109 4313 3191 4358 est
3224 4311 3419 4361 veteris

1843 4410 2093 4462 monetae,
2135 4405 2190 4449 et
2225 4396 2310 4449 hic
2344 4406 2426 4448 est
2454 4395 2546 4463 qui
2579 4393 2714 4447 mori
2764 4403 2961 4462 potest,
3024 4410 3185 4461 que'n
3244 4397 3421 4463 pulvis

1843 4489 2136 4560 produxit:
2177 4505 2194 4536 ι
2226 4486 2446 4541 Securis
2480 4485 2648 4549 enim,
2684 4485 2861 4554 inquit
2918 4484 3277 4555 Evangelista,
3350 4489 3418 4542 ad

1845 4580 2081 4636 radicem
2146 4578 2361 4632 arboris
2432 4577 2604 4646 posita
2661 4585 2744 4630 est
2770 4576 2880 4640 ",v
2935 4577 3153 4633 ablutus
3213 4593 3418 4641 autem.

1839 4675 1948 4745 jam
1976 4687 2177 4726 novum
2204 4670 2477 4725 hominem
2530 4676 2727 4739 portat.
2764 4668 3046 4734 Quomodo
3105 4669 3270 4738 igitur
3303 4685 3422 4723 mo-

1850 4764 2046 4828 rietur,
2087 4765 2294 4815 Adatno
2333 4760 2512 4813 adhuc
2548 4759 2894 4828 conjunctus,
2926 4759 3018 4827 qui
3051 4757 3282 4823 amplius
3314 4776 3423 4814 non

1850 4854 2079 4908 moritur
2109 4851 2216 4904 1E4.
2251 4866 2348 4920 pro
2378 4865 2484 4920 quo
2519 4854 2730 4903 tandem
2763 4859 3086 4913 moreretur,
3142 4864 3266 4903 cum
3329 4866 3427 4919 pro

1848 4961 1956 5018 quo
1987 4943 2302 5012 accipiendo
2330 4941 2466 4995 mori
2490 4941 2795 5008 Oportebat,
2815 4954 2939 4992 eum
2969 4940 3147 4994 adhuc
3173 4940 3428 4994 inanima

1846 5038 2054 5108 gestet?
2073 5033 2185 5091 Hoc
2205 5044 2384 5088 autem
2409 5047 2506 5088 nec
2528 5032 2598 5087 ab
2625 5033 2742 5100 ipso
2759 5031 2977 5086 lavacro
3002 5033 3261 5101 consequi
3284 5032 3426 5087 lieet.

1849 5130 1951 5196 Qui
1981 5145 2110 5198 ergo
2138 5128 2240 5182 hoc
2269 5125 2526 5195 mysterio
2563 5124 2693 5178 illud
2725 5127 2792 5178 sit
2838 5123 3054 5186 melius,
3088 5123 3142 5176 in
3169 5137 3255 5185 eo,
3283 5122 3432 5191 quod

1850 5234 2004 5288 eque
2044 5220 2097 5272 in
2129 5230 2322 5272 neutro
2352 5215 2670 5270 invenitur?
2727 5213 2836 5268 Nec
2872 5214 3016 5267 enim
3069 5229 3132 5267 ea
3181 5210 3433 5279 baptismi

173 5302 362 5394 τούτῳ
409 5324 653 5392 βελτίων,
679 5320 707 5374 ὖ
730 5321 859 5390 παρ’
897 5322 1099 5389 ἀμφοῖν
1124 5321 1325 5388 ὁμοίως
1354 5319 1454 5372 οὐκ
1484 5317 1634 5370 ἔστιν
1663 5318 1735 5368 εὑ·

1854 5314 1935 5366 vis
1967 5321 2071 5373 eet,
2100 5317 2160 5361 ut
2189 5310 2300 5378 jam
2333 5316 2610 5362 exstantes
2658 5315 2712 5361 et
2751 5305 3018 5360 iormatos
3061 5302 3244 5357 denuo
3274 5317 3434 5372 gene-

178 5418 303 5487 ρεῖν
325 5432 339 5480 ;
367 5415 442 5466 Οὐ
459 5415 569 5481 γὰρ
588 5412 697 5465 οὐδ’
731 5411 861 5462 αὐτὸ
881 5409 1099 5463 δύναται
1124 5411 1182 5461 τὺ
1203 5408 1489 5478 βάπτισμα
1505 5408 1627 5468 τοὺς
1652 5406 1751 5474 ήδη

1859 5415 1979 5454 rare
2011 5408 2210 5467 queat;
2239 5407 2292 5451 et
2314 5414 2467 5452 sacra
2487 5399 2567 5452 lex
2604 5398 2873 5450 neminem
2899 5397 3100 5449 idcirco
3129 5394 3216 5447 bis
3240 5392 3435 5455 abluit,

175 5482 474 5577 περιόντας
498 5503 593 5555 καὶ
617 5518 683 5554 πε
695 5500 1030 5569 πλασμένους
1049 5498 1200 5563 αὖθις
1215 5498 1534 5568 ἁναγεννᾷν,
1552 5498 1579 5550 ὅ
1598 5513 1657 5548 τε
1682 5498 1735 5548 le

1860 5505 2035 5558 neque
2063 5488 2115 5541 id
2145 5489 2448 5557 disciplina:
2475 5498 2529 5543 et
2556 5487 2763 5541 ordinis
2802 5485 2995 5554 gratia,
3050 5483 3145 5540 sed
3174 5482 3316 5552 quod
3351 5483 3438 5536 bis

178 5603 277 5671 ρὸς
297 5595 499 5665 θεσμὸς
513 5595 704 5648 οὐδένα
732 5593 821 5646 διὰ
837 5591 1006 5643 ταῦτα
1025 5591 1104 5655 δὶς
1121 5592 1338 5645 ἔλουσεν
1362 5590 1459 5644 άνθ
1469 5606 1667 5660 ρωπον,
1691 5587 1752 5638 οὑ

1863 5583 1914 5636 in
1939 5582 2129 5634 eodem
2162 5581 2406 5648 generari
2439 5582 2511 5635 sit
2543 5577 2900 5649 impossibile.

175 5691 355 5746 τύπον
375 5691 500 5744 τινὰ
523 5687 710 5754 σώζων
733 5688 826 5741 καὶ
844 5686 1020 5752 τάξιν,
1047 5682 1164 5738 ἀλλ’
1188 5683 1270 5736 ὅτι
1291 5681 1370 5745 δὶς
1395 5681 1537 5735 κατὰ
1555 5679 1754 5732 ταῦτὶν
1783 5671 2110 5742 γεννηθῆναι
2135 5671 2245 5723 τῶν
2281 5671 2602 5741 ἀμηχάνων.

254 5809 303 5843 ’⁸
331 5805 572 5877 Philipp.
605 5819 644 5870 ι,
683 5803 776 5859 23.
852 5802 898 5836 "
929 5798 1120 5857 Matth.
1157 5813 1287 5863 xvu,
1323 5797 1376 5851 Α.
1451 5795 1496 5827 "
1541 5793 1730 5848 Matth.
1757 5804 1838 5853 ut,
1878 5789 1964 5841 10.
