4154 6308
730 370 824 433 ﬁll

1944 353 2251 413 NICOLAI
2314 353 2703 412 CABASILE

3845 343 3963 404 (912

806 473 989 543 Atqui,
1021 475 1270 524 occurret
1304 465 1523 534 aliquis,
1552 462 1637 517 hic
1663 472 1745 517 est
1779 463 2101 531 baptismus,
2140 463 2291 516 si're-

2468 463 2576 514 Καὶ
2612 464 2717 530 μὴν
2747 464 2886 514 εῐποι
2917 477 2997 521 τις
3028 461 3114 524 ἂν,
3143 458 3297 513 τοῦτό
3319 458 3433 511 ἐστι
3458 458 3736 528 βάπτισμα
3761 457 3819 510 rb
3862 456 3961 524 τὴν

733 566 987 633 ligiouem
1019 576 1203 615 coram
1238 556 1679 626 persecutoribus
1718 553 1999 606 confessus
2036 552 2293 607 moriare.

735 655 873 719 Quid
906 654 1070 722 igitur
1103 650 1254 703 multi
1288 648 1441 715 aquis
1470 647 1688 706 initiati,
1722 654 1773 696 et
1806 645 1905 695 hoc
1935 643 2166 695 stadium
2205 645 2298 696 de~

735 754 1043 806 currerunt,
1076 750 1127 794 et
1157 724 1389 795 alter‘um
1432 740 1533 789 hoe
1566 738 1837 788 lavacrum
1898 735 2300 801 suscepi-runt?

737 833 873 887 lluic
907 830 1191 899 quastioui
1232 832 1300 880 ita
1338 841 1707 879 occurremus.
1748 823 1887 888 Quid
1920 825 1983 875 ad
2017 824 2295 876 Chiistunt

738 940 797 977 se
828 924 1137 991 adjuugere,
1161 929 1215 971 et
1238 931 1341 969 una
1371 932 1492 967 eum
1516 930 1577 967 eo
1601 917 1780 967 vivere
1806 915 2175 977 instituerunt,
2207 928 2300 967 eos

734 1014 1096 1074 commendat,
1136 1010 1277 1078 quod
1315 1008 1461 1060 illius
1510 1016 1663 1057 manu
1720 1005 1975 1073 praaelare
2028 1004 2138 1056 ficti
2193 1003 2302 1055 for-

736 1105 973 1171 matique
1007 1109 1153 1153 sunt.
1189 1098 1547 1151 Commendat
1581 1098 1763 1157 etiam,
1798 1094 1941 1163 quod
1995 1109 2089 1162 per
2133 1094 2303 1146 virtu-

739 1204 844 1247 tem
884 1193 983 1260 ipsi
1021 1208 1112 1260 per
1145 1190 1488 1257 semetipsos,
1522 1198 1571 1239 et
1604 1202 1695 1253 per
1718 1187 1961 1238 laudatos
1991 1198 2186 1253 agones
2217 1197 2304 1235 ac-

734 1293 1035 1337 cesScrunt.
1078 1285 1227 1347 Aqua
1262 1283 1422 1348 igitur
1478 1278 1760 1347 baptizari,
1807 1272 2075 1329 hominem
2133 1274 2302 1342 lingit.

734 1385 786 1426 et
822 1374 873 1425 id
907 1387 1073 1425 unum
1106 1379 1281 1439 potest
1310 1387 1323 1433 ;
1360 1384 1503 1422 mors
1534 1384 1627 1436 pro
1655 1368 1871 1420 Christo
1899 1367 2161 1433 oppetita,
2189 1366 2305 1419 sine

737 1465 901 1516 dubio
952 1472 1238 1529 utrumque
1284 1469 1477 1528 potest,
1508 1460 1715 1527 etquod
1738 1474 1875 1527 aqua
1912 1459 2040 1511 dare
2071 1457 2230 1520 valet.
2254 1468 2308 1511 et

740 1555 879 1621 quod
910 1570 938 1606 a
979 1555 1131 1606 nobis
1166 1552 1524 1618 praestandum
1553 1561 1652 1604 est.
1684 1549 1917 1603 Proinde
1941 1550 2177 1603 nondum
2204 1550 2306 1601 iui-

742 1647 890 1698 tiatis
929 1645 1261 1711 propositum
1318 1653 1400 1696 est
1432 1642 1645 1711 quidem
1731 1642 2017 1709 baptisma,
2048 1648 2102 1692 et
2136 1639 2303 1703 fictio,

752 1736 1116 1787 testimonitnn
1152 1736 1217 1788 de
1245 1733 1486 1796 Christo,
1518 1743 1567 1787 et
1605 1733 1883 1800 sepultura
1909 1748 2028 1785 cum
2063 1731 2304 1797 ChriSIo,

2405 552 2700 621 θρησκείαν
2720 556 2829 614 τοῖς
2850 552 3104 614 δὼκταις
3132 551 3538 619 ἐπιδειξάμενον
3567 551 3935 618 ἀποθνήσκειν

2404 647 2454 697 τί
2485 646 2577 697 οὖν
2601 642 2783 697 πολλοὶ
2812 646 2919 695 τῶν
2957 648 3043 696 ἐπὶ
3074 646 3164 696 τοῦ
3203 643 3394 705 ὓδατος
3427 642 3825 709 τετελεσμένων
3860 641 3953 691 καὶ

2407 736 2592 790 τοῦτον
2621 734 2780 804 ἦλθον
2810 738 2897 789 τὸν
2924 737 3142 806 δρόμον,
3174 736 3426 801 δεύτερον
3463 735 3622 787 τοῦτο
3672 733 3961 799 δεξάμενοι

2406 828 2463 881 τδ
2492 828 2749 897 λουτρόνς
2782 827 2920 879 Ἀλλ“
2949 830 3123 880 ἐκεῖνό
3148 846 3208 894 γε
3242 830 3374 894 πρὸς
3400 827 3567 877 ταῦτα
3590 827 3733 878 ἔστιν
3761 826 3959 875 εἰπεῖν.

2418 917 2504 980 Ὠς
2539 920 2644 989 ἄρα
2680 920 2756 986 τῷ
2798 917 3018 987 Χριστῷ
3074 920 3200 980 τοὺς
3254 916 3529 970 συνελθεῖν
3579 917 3672 969 καὶ
3727 914 3967 982 συζῆσαι

2409 1010 2822 1077 προῃρημένους
2876 1010 3159 1077 συνίστησι
3215 1008 3315 1075 μὲν
3362 1006 3421 1057 τὸ
3479 1006 3615 1067 πρὸς
3660 1007 3749 1074 τὴν
3786 1004 3962 1071 καλὴν

2410 1099 2604 1150 πλάσιν
2631 1099 2734 1150 ὑπὸ
2763 1099 2859 1166 τῆς
2879 1100 3058 1168 χειρὸς
3085 1100 3294 1167 ἐκείνης
3324 1097 3650 1158 πεπλάσθαι,
3678 1096 3968 1163 συνίστησι

2409 1189 2465 1240 δὲ
2494 1188 2551 1239 τὸ
2583 1188 2649 1239 δι’
2689 1188 2887 1256 ἀρετῆς
2924 1188 3119 1251 αὐτοὺς
3150 1188 3279 1257 παρ’
3312 1187 3519 1241 ἑαυτῶν
3550 1182 3840 1252 ἀφικέσθαι
3868 1183 3971 1233 καὶ

2410 1282 2518 1333 τῶν
2568 1280 2968 1349 ἐπαινουμένων
3025 1283 3272 1348 ἀγώνων,
3322 1282 3382 1332 τὸ
3424 1282 3520 1349 μὲν
3545 1275 3638 1332 οὖν
3670 1278 3826 1332 ὕδατι
3866 1276 3970 1346 βαι

2413 1374 2704 1440 πτισθῆναι
2754 1374 2977 1425 πλάττει
3022 1374 3112 1425 τὸν
3144 1373 3452 1441 ἄνθρωπον.
3485 1374 3578 1424 καὶ
3636 1370 3780 1423 τοῦτ’
3833 1368 3968 1420 αὐτὸ

2412 1465 2633 1517 δύναται
2692 1466 2874 1531 μόνον,
2902 1466 2929 1515 ὁ
2969 1464 3013 1515 δ’
3044 1464 3182 1531 ὑπὲρ
3222 1460 3461 1530 Χριστοῦ
3532 1462 3759 1521 Θάνατος
3813 1458 3973 1519 δῆλος

2414 1556 2559 1607 ἐστιν
2579 1555 2885 1623 ἀμφότερον
2917 1554 3075 1622 ἔχων,
3127 1556 3154 1605 ὃ
3197 1570 3254 1604 τε
3299 1554 3555 1622 χορηγεῖν
3595 1545 3702 1602 οἶδε
3733 1538 3975 1607 τολῦδωρ

2413 1648 2507 1698 καὶ
2534 1645 2561 1696 ὃ
2595 1647 2724 1714 παρ’
2755 1645 2909 1713 ἡμῶν
2969 1643 3315 1713 εἰσφέρεσθαι
3365 1644 3467 1696 δεῖ.
3506 1642 3613 1693 Καὶ
3642 1641 3821 1691 τοίνυν
3858 1639 3973 1696 τοῖς

2419 1739 2520 1805 μὲν
2556 1739 2720 1805 μήπω
2772 1737 3145 1804 μεμνημένοις
3216 1735 3329 1786 ἐστι
3390 1736 3488 1802 μὲν
3544 1732 3830 1802 βάπτισμα
3880 1730 3974 1781 καὶ

752 1826 805 1877 ἰιι
842 1824 1039 1892 quibus
1068 1824 1317 1892 baptismi
1348 1824 1468 1876 linis
1490 1833 1542 1875 et
1572 1831 1886 1889 scopusest.
1918 1820 2195 1890 Proposita
2226 1833 2309 1875 est

2419 1830 2606 1890 πλάσις
2654 1828 2730 1895 τῷ
2780 1829 2998 1897 Χριστῷ
3029 1830 3123 1879 καὶ
3184 1827 3315 1895 μετά
3364 1824 3599 1894 Χριστοῦ
3634 1825 3729 1875 καὶ
3762 1838 3977 1890 μαρτυ-

746 1917 875 1971 item
908 1920 1100 1977 virtus,
1138 1913 1427 1969 sudoribus
1489 1931 1583 1983 pro
1617 1914 1753 1967 bono
1786 1912 1876 1965 illo
1916 1927 2170 1979 supremo
2202 1914 2315 1966 adi-

747 2010 1024 2077 piscendo,
1052 2019 1103 2060 et
1136 2020 1375 2059 extrema
1404 2004 1684 2057 tolerantia
1716 2003 1959 2055 laborum
1994 2004 2169 2069 plena.
2206 2001 2314 2056 lui-

749 2102 897 2151 tiatis
933 2112 1087 2164 porro
1118 2098 1348 2164 primum
1394 2109 1497 2145 non
1529 2093 1806 2159 contingit,
1829 2092 1914 2158 qui
1937 2092 2044 2157 jam
2071 2091 2177 2143 licti
2198 2088 2312 2143 for-

758 2191 997 2258 matith
1016 2198 1141 2242 sunt
1158 2196 1210 2239 et
1226 2188 1407 2238 vivunt
1428 2204 1438 2237 :
1461 2183 1753 2239 secundum
1795 2182 2077 2249 contingit.
2104 2180 2311 2235 Etenim

754 2280 1193 2333 exercitationem
1224 2276 1457 2345 pietatis,
1477 2283 1531 2328 et
1562 2273 1835 2334 virtutem,
1860 2281 1912 2325 et
1934 2286 2001 2324 an
2040 2271 2314 2324 Christum

745 2373 1114 2426 noverimuset
1128 2383 1369 2422 amemus
1384 2381 1542 2434 super
1558 2364 1736 2418 omnia
1749 2378 1869 2432 qua:
1881 2365 2046 2416 amari
2063 2374 2314 2430 possunt,

745 2473 797 2516 et
826 2461 1186 2514 lirtnissimam
1210 2471 1355 2525 spem
1378 2455 1616 2517 inillum,
1642 2455 1774 2515 hmo,
1803 2453 2046 2521 inquam,
2073 2452 2275 2504 ferrum
2299 2489 2315 2515 ,

752 2563 805 2607 et
842 2552 1002 2619 ignis,
1024 2561 1074 2604 et
1104 2549 1418 2619 gravissima
1447 2559 1674 2616 quaeque
1709 2553 1975 2598 tormenta
2031 2542 2317 2597 manifeste

753 2647 1067 2699 ostendunt.
1102 2642 1302 2696 llorum
1325 2654 1487 2694 causa
1514 2639 1837 2707 baptismate
1864 2636 2027 2691 semel
2077 2635 2317 2690 initiatos

746 2739 937 2789 eodem
982 2749 1167 2786 rursus
1202 2732 1275 2785 uti
1305 2729 1527 2783 tuinime
1565 2729 1644 2782 las
1674 2738 1777 2792 est,
1815 2742 1935 2781 cum
1964 2726 2169 2779 donare
2209 2740 2316 2778 non

751 2826 874 2895 plus
904 2831 1090 2892 queat,
1122 2836 1283 2889 quam
1316 2820 1457 2888 quod
1517 2819 1639 2871 inde
1673 2827 1952 2886 acceptum
1997 2819 2314 2869 retinemus.

747 2918 819 2970 At
860 2914 1179 2983 martyrium
1214 2911 1394 2964 subire
1425 2908 1585 2961 etiam
1618 2919 1778 2976 atque
1826 2907 1988 2961 etiam
2028 2906 2136 2971 fas,
2172 2908 2317 2974 quod

748 3022 855 3060 non
890 3005 1062 3059 solum
1092 3017 1347 3070 generare
1378 3010 1430 3053 et
1466 2998 1720 3061 formare,
1754 2998 1847 3052 sed
1879 3000 2040 3051 etiam
2092 3012 2318 3052 coronas

750 3100 818 3151 ob
851 3100 989 3150 facta
1030 3108 1289 3164 generosa
1322 3093 1554 3161 plectere
1584 3090 1764 3143 norit:
1797 3100 1849 3144 et
1882 3099 2165 3158 propterea
2196 3105 2319 3158 pro-

749 3190 888 3243 fanis
927 3188 1099 3239 adhuc
1134 3187 1316 3249 ambo,
1358 3183 1586 3235 initiatis
1642 3181 1866 3233 alterum
1903 3180 2176 3234 tribuitur.
2227 3152 2387 3233 Ni-C

751 3280 824 3333 hil
854 3280 995 3331 enim
1032 3291 1250 3338 novum,
1278 3291 1397 3329 cum
1431 3274 1559 3342 quid
1602 3276 1665 3327 ad
1697 3284 1983 3341 utrumque
2039 3280 2119 3325 est
2166 3273 2315 3338 utile,

749 3384 844 3424 eos
868 3370 956 3436 qui
1002 3376 1228 3435 utroque
1262 3382 1366 3417 non
1402 3366 1662 3432 indigent,
1697 3375 1907 3433 propter
1941 3363 2169 3416 alterum
2216 3366 2315 3427 uti,

752 3472 803 3513 ιιι
836 3460 886 3513 id
915 3460 1087 3512 Solum
1125 3472 1233 3524 quo
1263 3457 1493 3523 egebant
1539 3455 1761 3523 adipisci
1795 3473 1809 3506 :
1837 3454 2102 3523 siquidem
2130 3464 2189 3508 .et
2234 3470 2318 3509 sa-

754 3569 862 3607 cra:
892 3568 1089 3605 mensae
1125 3550 1263 3603 dona
1299 3562 1551 3617 purgare,
1578 3546 1668 3614 qui
1708 3562 1765 3598 ea
1793 3547 2028 3598 nondum
2066 3560 2319 3615 suscepe—

753 3656 900 3707 runt,
936 3650 989 3695 et
1016 3643 1123 3710 jam
1165 3650 1418 3709 purgatos
1456 3638 1757 3690 illuminare
1782 3646 2204 3690 consueverunt.
2256 3637 2319 3689 Et

757 3744 934 3787 tamen
976 3734 1104 3785 nihil
1134 3732 1314 3783 obstat
1336 3730 1465 3797 quin
1525 3728 1594 3781 ob
1616 3728 1840 3780 alterum
1877 3727 1942 3780 ad
2003 3727 2319 3797 mysterium

754 3824 1036 3884 accedant,
1067 3824 1158 3889 qui
1185 3822 1332 3889 prius
1357 3818 1726 3875 obtinuerunt.
1768 3817 1835 3870 Et
1870 3817 1935 3872 de
1971 3817 2054 3870 his
2089 3817 2243 3893 satis.

2417 1920 2567 1989 ροῦσι
2596 1922 2697 1973 ,καὶ
2733 1919 3117 1986 θαπτομένοις,
3170 1920 3227 1969 ἐν
3273 1912 3353 1978 οἷς
3399 1918 3427 1969 ὁ
3457 1914 3550 1966 τοῦ
3594 1914 3977 1983 βαπτίσματος

2413 2013 2643 2080 ἕστηκεν
2693 2013 2836 2077 ὄρος,
2888 2011 3003 2062 ἐστι
3040 2010 3095 2062 δὲ
3127 2008 3298 2079 ἀρετὴ
3350 2008 3458 2059 τῶν
3507 2006 3645 2074 ὑπὲρ
3667 2004 3763 2057 τοῦ
3802 2003 3973 2055 καλοῦ

2415 2101 2604 2169 γέμων
2642 2102 2883 2168 ἱδρώτων
2917 2100 3010 2152 καὶ
3060 2100 3352 2167 καρτερίας
3416 2101 3515 2167 τῆς
3557 2099 3788 2166 ἐσχάτης
3816 2113 3830 2127 ο
3865 2099 3978 2155 τοῖς

2415 2194 2470 2246 δὲ
2521 2194 2928 2255 τετελεσμένοις
2990 2193 3049 2244 τὺ
3095 2191 3193 2258 μὲν
3242 2191 3457 2261 πρῶτον
3492 2189 3551 2241 οὐ
3586 2188 3793 2256 γίνεται
3842 2188 3981 2239 πλα-

2419 2290 2623 2341 σθεῖσιν
2638 2289 2735 2356 ήδη
2756 2290 2849 2339 καὶ
2874 2265 3031 2350 ζῶσί,
3059 2288 3117 2339 τὸ
3138 2287 3388 2353 δεύτερον
3410 2284 3485 2346 δὲ,
3508 2286 3601 2336 καὶ
3625 2283 3733 2352 γάρ
3764 2281 3975 2349 γυμνά-

2421 2396 2531 2431 σιον
2580 2377 2863 2438 εὐσεϐείας
2898 2379 2993 2429 καὶ
3036 2376 3238 2446 ἀρετῆς
3279 2374 3579 2440 ἀπόδειξις,
3634 2374 3727 2426 καὶ
3758 2372 3853 2425 τοῦ
3887 2373 3978 2423 τὸν

2417 2469 2651 2538 Χριστὸν
2683 2469 2885 2521 εἰδέναι
2939 2469 3032 2521 καὶ
3089 2468 3261 2535 φιλεῖν
3294 2467 3391 2535 μὲν
3423 2466 3565 2532 ὑπὲρ
3595 2465 3622 2516 δ
3659 2482 3710 2517 τι
3749 2462 3977 2531 φιλητδν

2419 2561 2585 2619 ἆπαν,
2620 2558 2727 2609 τῶν
2756 2558 2798 2609 δι
2829 2560 2905 2618 εἰς
2942 2559 3145 2609 ἐκεῖνον
3178 2556 3408 2609 ἐλπίδων
3442 2554 3605 2624 μηδὲν
3629 2554 3971 2621 ἀσφαλέστε-

2423 2666 2512 2719 ρον
2534 2649 2710 2715 ἄγειν,
2744 2650 2911 2716 πεῖρα
2962 2646 3140 2713 σαφὴς
3185 2646 3389 2714 σιδήρῳ
3419 2643 3513 2697 καὶ
3564 2644 3700 2712 πυρὶ
3735 2644 3827 2693 καὶ
3859 2644 3975 2703 τοῖς

2423 2740 2521 2809 μὲν
2582 2738 2906 2807 βιαιοτάτοις
2929 2736 3341 2806 δοκιμασθεῖσα.
3368 2736 3474 2788 Καὶ
3494 2733 3698 2787 τούτων
3712 2735 3877 2787 ἕνεκα
3900 2732 3980 2801 τῷ

2422 2829 2752 2897 βαπτίσματι
2792 2829 2913 2890 τοὺς
2951 2826 3511 2895 ἄπαξμεμυημένους
3560 2824 3716 2886 αὖθις
3748 2822 3978 2893 θεμιτὸν

2420 2921 2616 2987 ἣκιστα
2642 2918 2899 2988 χρῆσθαι,
2921 2918 3208 2989 δωρεῖσθαι
3240 2917 3403 2987 μηδὲν
3434 2916 3614 2979 πλέον,
3641 2909 3702 2968 οὗ
3724 2915 3982 2975 λαϐόντες

2423 3011 2632 3063 ἐκεῖθεν
2658 3010 2875 3077 ἔχομεν,
2909 3010 3211 3077 δυναμένῳ,
3243 3012 3306 3078 τῇ
3341 3009 3617 3078 μαρτυρίᾳ
3640 3007 3693 3059 δὲ
3715 3010 3810 3060 καὶ
3835 3007 3980 3060 πάνυ

2427 3106 2499 3171 μὴ
2533 3104 2691 3171 μόνον
2722 3103 2916 3171 γεννᾷν
2946 3103 3041 3155 καὶ
3071 3100 3348 3164 πλάττειν,
3381 3100 3516 3153 ἀλλὰ
3551 3099 3643 3152 καὶ
3681 3099 3986 3164 στεφάνους

2425 3195 2605 3255 αὐτοῖς
2660 3194 2766 3245 ἀπὸ
2803 3194 3068 3260 γενναίων
3103 3192 3281 3259 ἔργων
3332 3191 3553 3243 πλέκειν
3601 3189 3973 3258 ἑπισταμένῃ,

2426 3282 2520 3334 καὶ
2541 3282 2626 3334 διὰ
2658 3282 2817 3334 τοῦτο
2852 3285 2962 3344 τοῖς
3019 3281 3118 3347 μὲν
3161 3281 3425 3349 ἀμυήτοις
3460 3280 3747 3349 ἀμφότερα
3778 3295 3984 3345 κεκτη-

2430 3373 2586 3445 μένῃ,
2634 3374 2747 3435 τοίς
2796 3372 3168 3441 μεμυημένοις
3225 3372 3282 3422 δὲ
3331 3370 3579 3439 θάτερον.
3635 3369 3836 3422 Καινδν
3871 3371 3986 3435 γάρ

2426 3464 2597 3528 οὐδὲν,
2626 3464 2825 3533 ἑαυτὴν
2858 3464 3085 3532 συντελῆ
3116 3463 3255 3533 πρὸς
3282 3464 3446 3531 ἄμφω
3475 3462 3831 3531 παρεχομένῃ
3858 3462 3984 3523 τοὺς

2425 3555 2752 3623 ἀμφοτέρων
2793 3555 2867 3622 μὴ
2901 3554 3187 3621 δεομένους
3234 3553 3371 3622 ὑπὲρ
3403 3552 3628 3621 Θατέρου
3659 3552 3982 3619 χρωμένους

2425 3644 2733 3711 τυγχάνειν,
2752 3636 2811 3694 οὗ
2828 3643 3036 3695 δέονται
3057 3642 3239 3709 μόνον,
3264 3642 3384 3693 ἐπεὶ
3403 3641 3495 3693 καὶ
3511 3641 3577 3692 τὰ
3596 3638 3867 3707 τῆςιίερᾶς
3882 3636 3989 3689 δῶ-

2431 3751 2497 3802 ρα
2522 3735 2797 3803 τραπέζης
2820 3731 2930 3785 οἶδε
2962 3734 3057 3801 μὲν
3086 3733 3367 3802 καθαίρειν
3388 3733 3509 3794 τοὺς
3536 3733 3702 3800 μήπω
3720 3729 3881 3783 τοῦτο
3901 3729 3988 3782 δε-

2420 3825 2704 3892 ξαμένους,
2718 3825 2935 3878 δύναται
2952 3825 3004 3876 δὲ
3020 3823 3272 3890 φωτίζειν
3288 3823 3411 3885 τοὺς
3424 3822 3524 3892 ἠδη
3537 3821 3738 3874 κεκαθα
3746 3838 3777 3892 ρ
3785 3839 3814 3889 μ
3826 3821 3986 3882 ένους

758 3921 849 3970 καὶ
866 3917 1009 3983 ὅμως
1026 3914 1174 3969 οὐδὲν
1191 3912 1407 3974 κωλύει,
1427 3927 1491 3963 πε
1501 3913 1554 3981 pl
1575 3910 1666 3963 τοῦ
1678 3908 1930 3979 δευτέρου
1950 3909 2229 3977 προσιέναι
2248 3910 2327 3979 τῷ
2348 3917 2625 3987 μυστηρίῳ
2648 3920 2841 3980 τοὺςτὸ
2866 3918 3079 3984 πρῶτον
3100 3916 3341 3985 ἔχοντας.
3360 3914 3471 3969 Καὶ
3489 3914 3691 3967 τούτων
3714 3915 3812 3980 μὲν
3835 3915 3980 3975 ἆλις.

830 4008 935 4062 Sed
969 4009 1107 4061 unde
1130 4008 1232 4059 hnc
1253 4006 1467 4075 delapsa
1490 4014 1575 4059 est
1607 4006 1800 4067 oratio,
1840 4005 1982 4071 quod
2016 4006 2309 4073 perfectam

762 4102 1039 4155 hominum
1070 4115 1193 4165 erga
1226 4098 1387 4151 Deum
1422 4098 1855 4151 communionem
1890 4106 2167 4164 Operatur,
2200 4112 2313 4151 sive

758 4209 869 4247 rem
920 4192 1063 4243 illam
1092 4190 1322 4251 latriam,
1360 4188 1473 4240 sive
1528 4188 1758 4241 ﬁliorum
1794 4190 2162 4255 ad0ptionem.
2199 4188 2313 4242 sive

762 4293 1049 4351 utrumque
1078 4281 1305 4334 velimus
1329 4280 1615 4349 appellare,
1645 4295 1795 4334 sacra
1828 4295 1984 4333 creua
2011 4290 2095 4333 est
2128 4299 2141 4333 :
2174 4283 2314 4349 quod

759 4391 858 4429 nos
892 4375 1105 4428 Christo
1134 4374 1368 4426 arctiot'e
1413 4373 1748 4441 cognationis
1784 4373 1996 4427 vinculo
2036 4374 2310 4443 astringit,

756 4483 919 4533 quant
955 4465 1271 4533 parentibus
1318 4480 1381 4516 ex
1418 4466 1550 4531 ipsis
1587 4474 1739 4517 natos
1780 4480 1919 4520 esse.
1954 4463 2142 4533 Neque
2168 4469 2311 4519 enim

761 4560 900 4612 exile
926 4559 1194 4625 quoddam
1225 4559 1470 4626 corporis
1504 4559 1735 4621 initium,
1777 4570 1824 4613 et
1880 4560 2151 4613 modicam
2184 4574 2315 4611 san-

756 4653 937 4719 guinis
972 4652 1251 4703 materiam
1288 4651 1442 4703 nobis
1476 4652 1769 4717 pragstruil,
1827 4651 1918 4704 Sed
1952 4667 2150 4719 corpus
2190 4668 2316 4703 san-

758 4744 1091 4811 guinemque
1162 4742 1396 4811 perfecte
1470 4742 1625 4794 nobis
1685 4744 2064 4796 communicat.
2129 4741 2314 4809 Neque

755 4842 966 4885 tantum
994 4841 1076 4884 est
1112 4835 1229 4885 vitae
1252 4847 1439 4893 causa,
1481 4844 1537 4885 ut
1583 4843 1855 4903 parentes,
1889 4836 1979 4886 sed
2018 4837 2180 4886 etiam
2210 4835 2317 4887 vita

759 4926 898 4993 ipsa.
932 4922 1112 4991 Neque
1152 4924 1271 4976 ideo
1303 4925 1501 4976 dicitur
1535 4926 1664 4987 vita,
1690 4925 1815 4992 quia
1860 4926 1978 4977 vita?
2020 4938 2180 4977 causa
2228 4927 2318 4988 sit,

754 5016 1029 5085 quomodo
1079 5014 1349 5084 apeslulos
1382 5016 1554 5069 lucent
1584 5016 1901 5077 nominavit,
1936 5014 2060 5085 quia
2096 5015 2316 5067 luminis

752 5108 924 5160 duces
958 5116 1312 5173 aueloresque
1362 5107 1517 5158 nobis
1550 5105 1769 5159 fuerunt
1803 5108 1887 5170 7“;
1922 5107 2013 5159 sed
2049 5105 2176 5174 quia
2206 5120 2315 5173 quo

755 5211 884 5249 vere
910 5197 1089 5249 vivere
1118 5197 1263 5259 licet,
1291 5197 1519 5265 ipsemet
1547 5208 1650 5260 est,
1689 5198 1800 5265 ipsa
1832 5200 1959 5260 vita,
1992 5198 2212 5266 quando
2259 5206 2311 5249 et

756 5286 858 5339 sibi
894 5285 1236 5338 adhaerentes
1266 5299 1325 5338 ac
1356 5286 1570 5338 deditos
1598 5296 1815 5339 sanctos
1851 5300 1911 5337 ac
1951 5286 2128 5353 justos
2158 5284 2310 5347 facit,

754 5389 861 5426 non
904 5375 1079 5425 Solum
1132 5374 1421 5428 instituens
1448 5389 1510 5429 ac
1550 5376 1769 5435 docens,
1810 5390 1930 5442 quin
1976 5383 2213 5441 oportet,
2261 5382 2314 5425 et

754 5465 987 5517 animam
1015 5464 1079 5517 ad
1117 5466 1372 5518 virtutem
1404 5480 1687 5526 exercens,
1716 5481 1986 5533 quamque
2018 5466 2107 5518 illa
2138 5465 2312 5518 facul-

758 5562 921 5607 tatem
954 5555 1017 5608 ad
1051 5570 1228 5608 veram
1266 5555 1529 5610 rationem
1561 5556 1740 5618 habet,
1774 5556 1825 5606 iu
1857 5570 1993 5623 opus
2022 5556 2258 5608 educcus
2295 5570 2308 5604 :

836 5730 878 5759 ⁷⁸⁸
908 5729 1091 5781 Matth.
1136 5745 1187 5791 ι’,
1236 5730 1327 5782 Η.

2344 4432 2391 4490 D

2512 4013 2651 4066 Ἀλλ’
2684 4014 2806 4065 ὃθεν
2838 4015 2969 4081 ἡμῖν
3001 4014 3027 4065 ὁ
3060 4011 3213 4079 λόγος
3242 4010 3334 4064 ἐπὶ
3362 4009 3535 4063 ταῦτα
3566 4010 3841 4079 προήχθη,
3878 4012 3988 4080 τὴν

2422 4105 2655 4173 παντελῆ
2681 4104 2789 4157 τῶν
2820 4104 3123 4171 ἀνθρώπων
3159 4102 3293 4169 πρὶς
3324 4102 3412 4155 τὸν
3460 4101 3611 4164 θεὸν,
3640 4101 3775 4169 ὅπερ
3806 4102 3984 4170 ἐργά-

2420 4195 2591 4258 ζεται,
2655 4194 2959 4257 κοινωνίαν,
3012 4192 3121 4245 εἴτε
3180 4192 3435 4261 λατρείαν
3490 4191 3549 4244 τὸ
3606 4193 3839 4261 πρᾶγμα
3873 4192 3983 4262 χρὴ

2420 4288 2625 4347 καλεῖν,
2667 4286 2775 4338 εἴτε
2816 4286 3089 4338 υἱοθεσίαν
3148 4286 3259 4336 εἴτε
3316 4284 3411 4337 καὶ
3454 4286 3621 4351 ἄμφω
3676 4284 3875 4345 ταῦτα,
3923 4285 3983 4334 τὸ

2422 4375 2562 4441 ίερίέν
2601 4376 2714 4425 ἐστι
2758 4374 2991 4435 δεῖπνον,
3026 4373 3052 4425 ὃ
3085 4376 3369 4440 συγγενεῖς
3432 4374 3577 4441 ἡμᾶς
3630 4372 3709 4441 τῷ
3757 4372 3983 4441 Χριστῴ

2418 4468 2562 4517 ποιεῖ
2597 4465 2797 4533 μᾶλλον
2825 4465 2856 4533 ἢ
2887 4466 2945 4517 τὸ
2978 4464 3107 4531 παρ’
3141 4465 3321 4516 αὐτῶν
3353 4464 3517 4531 φῦναι
3544 4466 3657 4526 τοῖς
3714 4480 3985 4531 γεγεννη-

2422 4558 2569 4609 κόσιν
2597 4559 2797 4619 αὐτοῖς.
2834 4557 2968 4609 Οὔτε
3006 4557 3115 4625 γάρ
3138 4556 3386 4623 ἀμυδράν
3420 4573 3540 4607 τινα
3568 4555 3817 4624 σώματος
3844 4558 3983 4626 ἡμῖν

2422 4648 2823 4702 καταϐάλλεται
2851 4648 3087 4716 κρηπῖδα
3113 4650 3205 4699 καὶ
3228 4647 3426 4717 μικρὰς
3448 4647 3678 4716 αἵματος
3700 4648 3982 4716 ἀφορμάς,

2419 4741 2552 4795 ἀλλὰ
2578 4740 2797 4792 τελείων
2820 4742 2997 4793 αὐτῶν
3025 4742 3155 4809 ἡμῖν
3182 4743 3449 4800 κοινωνεῖ,
3484 4739 3609 4791 οὔτε
3635 4741 3776 4807 ζωῆς
3801 4742 3981 4801 αἴτιος

2426 4833 2582 4900 μόνον
2610 4828 2799 4901 ὥσπερ
2834 4834 2883 4882 οί
2912 4834 3319 4901 γεγεννηκὸτες,
3350 4831 3483 4885 ἀλλὰ
3516 4834 3611 4884 καὶ
3640 4831 3776 4900 ζωὴ,
3804 4834 3902 4884 καὶ
3924 4834 3985 4883 οὗ

2420 4924 2596 4991 τούτῳ
2644 4924 2707 4990 δὴ
2760 4922 2973 4987 λέγεται
3031 4922 3143 4993 ζωὴ
3195 4924 3272 4994 τῷ
3327 4923 3473 4992 ζωῆς
3522 4926 3692 4985 αἴτιος
3726 4920 3894 4987 εἶναι’,
3928 4926 3987 4978 ὅν

2420 5014 2619 5083 τρόπον
2651 5014 2765 5079 φῶς
2796 5013 2977 5063 ἐκάλει
3000 5014 3123 5075 τοὺς
3154 5014 3507 5075 ἀποστόλους,
3537 5014 3618 5066 ὃτι
3647 5014 3820 5079 φωτὸς
3844 5015 3983 5081 ἡμῖν

2422 5098 2764 5177 κατέστησαν
2796 5101 3083 5169 ἡγεμόνες,
3117 5101 3231 5156 ἀλλ’
3262 5103 3342 5155 δτι
3374 5096 3418 5171 ᾧ
3448 5102 3547 5173 ζῇν
3572 5108 3719 5157 ἐστιν
3745 5104 3821 5167 ὡς
3850 5104 3989 5175 ἀλη-

2424 5189 2556 5253 θῶς,
2583 5189 2745 5253 αὑτός
2770 5192 2922 5244 ἐστιν
2959 5191 3098 5261 αὑτὴ
3122 5194 3154 5261 ή
3176 5192 3302 5263 ζωὴ,
3364 5196 3486 5246 ἐπεὶ
3514 5195 3608 5247 καὶ
3640 5194 3829 5262 ἁγίους
3855 5197 3989 5257 τοὺς

2419 5279 2565 5348 αὑτῷ
2625 5285 3051 5349 προσκειμένους
3078 5284 3452 5353 ἀπεργάζεται
3489 5285 3584 5337 καὶ
3612 5283 3877 5346 δικαίους,
3924 5287 3985 5338 οὐ

2423 5370 2583 5437 μόνον
2616 5369 2885 5423 παιδεύων
2908 5373 3010 5425 -καὶ
3039 5372 3303 5425 διδάσκων
3332 5372 3367 5426 ἄ
3395 5372 3495 5435 δεῖ,
3531 5372 3626 5425 καὶ
3660 5374 3795 5443 πρὸς
3840 5376 3979 5445 ἀρε-

2421 5460 2519 5527 τὴν
2547 5458 2731 5511 ἀσκῶν
2768 5454 2864 5528 τὴν
2886 5459 3088 5531 ψυχὴν,
3115 5465 3210 5515 καὶ
3237 5463 3306 5532 ἢν
3334 5462 3519 5530 ἐκείνη
3553 5462 3686 5531 πρὸς
3735 5463 3828 5517 τὸν
3874 5464 3975 5532 ὀρ-

2427 5549 2520 5601 θὸν
2549 5550 2706 5616 λόγον
2737 5551 2968 5623 δύναμιν
2996 5554 3131 5623 ἔχει,
3155 5553 3294 5623 πρὸς
3324 5554 3604 5624 ινέργειαν
3626 5554 3799 5622 ἄγων,
3840 5554 3981 5609 ἀλλὰ
