4154 6308
125 380 239 443 ὗέ3

1184 373 1280 433 DE
1318 370 1493 441 VITA
1528 365 1606 428 IN
1646 358 1975 424 CHRISTO
2037 360 2186 421 LIB.
2232 358 2335 421 IV.

3267 347 3374 412 οιι

132 501 230 552 καί
263 496 429 559 αὐτὸς
473 494 757 563 γινόμενος
812 493 992 553 αὐτοῖς
1042 488 1355 554 δικαιοσύνη
1402 484 1510 538 ἀπο
1553 482 1688 535 Θεοῦ

1819 476 1886 529 ml
1913 485 1965 528 et
1999 476 2115 543 ipse
2143 474 2250 528 illis
2282 471 2461 527 factus
2512 484 2542 523 a
2573 467 2683 523 Deo
2718 464 2930 538 jttStitiI
2976 470 3030 519 et
3073 461 3381 519 sanctiﬁca-

140 587 239 639 καὶ
268 584 565 653 ἀγιασμός.
593 583 789 635 Τοῦτον
807 582 917 649 γάρ
949 578 1184 649 μάλιστα
1239 578 1329 629 τὸν
1354 576 1550 645 τρόπον
1581 574 1692 637 τοῖς

134 675 315 742 ἁγίοις
369 673 510 726 τοῦτ’
540 672 673 724 αὐτὸ
718 671 778 722 τὸ
838 668 1130 737 μακαρίοις
1170 667 1264 720 καὶ
1328 664 1505 732 ἁγίοις
1551 659 1692 715 εἶναι

136 767 427 835 συμϐαίνει
456 766 548 817 τοῦ
579 763 826 823 συνόντος
864 761 1028 813 ἕνεκα
1062 760 1360 829 μακαρίου,
1402 757 1471 811 δι’
1499 756 1557 808 ὃν
1585 754 1693 808 ἀπὸ

138 857 240 923 μὲν
295 857 507 924 νεκρῶν
538 855 691 918 ζῶσι,
752 854 908 920 σοφοὶ
931 853 987 905 δὲ
1016 851 1123 904 ἀπὸ
1155 849 1422 919 ἀνοήτων,
1464 850 1612 916 ἅγιοι
1638 847 1695 899 δὶ

138 945 233 997 καὶ
259 945 461 998 δίκαιοι
494 946 589 996 καὶ
622 943 731 995 υίοὶ
760 941 895 995 Θεοῦ
923 941 1032 994 ἀπὸ
1068 938 1279 1011 μιαρῶν
1318 939 1413 991 καί
1442 934 1695 1005 πονηρῶν

137 1035 483 1103 κατέστησαν
537 1033 760 1087 δουλων.
812 1031 1042 1086 Οἴκοθεν
1097 1032 1205 1099 γὰρ
1256 1030 1560 1091 αὐτοῖςκαὶ
1590 1028 1689 1097 τῆς

140 1114 488 1193 ἀνθρωπείας
518 1124 732 1191 φύσεως
765 1124 859 1175 καὶ
893 1124 1149 1192 σπουδῆς,
1190 1122 1249 1186 ἐξ
1273 1115 1347 1175 ὧν
1385 1120 1451 1174 ἂν
1484 1121 1691 1190 κυρίως

138 1217 315 1268 ταῦτα
361 1215 631 1277 καλοῖντο,
679 1214 906 1282 γέγονεν
960 1215 1080 1267 οὐδὲ
1117 1216 1195 1277 ἓν,
1231 1213 1366 1267 ἀλλὰ
1414 1213 1506 1265 καὶ
1541 1210 1690 1279 ἅγιοι

142 1307 233 1359 διὰ
256 1307 351 1359 τὸν
386 1306 564 1372 ἅγιον,
612 1305 706 1358 καὶ
740 1306 939 1359 δίκαιοι
977 1307 1072 1358 καὶ
1108 1309 1265 1372 σοφοὶ
1318 1302 1404 1356 διὰ
1451 1303 1542 1354 τὸν
1575 1318 1698 1354 συν-

142 1398 273 1450 ὁντα
304 1398 515 1450 δίκαιον
572 1403 660 1450 καὶ
696 1397 854 1463 σοφόν
933 1397 1027 1449 καὶ
1060 1396 1194 1457 ὅλως
1221 1394 1274 1447 εί
1302 1411 1385 1454 τις
1407 1392 1620 1462 ἀληθῶς
1643 1394 1700 1445 ὲν

140 1486 453 1551 ἀνθρώποις
484 1486 549 1536 τὰ
580 1486 787 1554 μεγάλα
817 1485 909 1538 καὶ
930 1484 1100 1552 σεμνὰ
1128 1482 1297 1536 ταῦτα
1320 1482 1523 1545 δίκαιός
1555 1484 1701 1535 ἐστιν

138 1577 387 1641 ἀκούειν,
424 1577 521 1645 τὴν
552 1567 870 1645 ἐπωνυμίαν
894 1575 1107 1629 έκεῖθεν
1142 1575 1256 1645 ἔχει
1297 1575 1533 1643 μάλιστα
1577 1573 1699 1642 μὲν,

140 1670 223 1721 ὅτι
257 1669 326 1721 τά.
353 1686 415 1735 γε
446 1669 660 1720 οἴκοθεν
688 1672 781 1724 καὶ¹
803 1667 935 1739 παρ’
986 1668 1164 1723 αὐτῶν
1190 1667 1444 1721 τοσοῦτον
1479 1668 1699 1735 ἀπέχει,

144 1761 382 1823 δικαίους
434 1762 630 1822 αὐτοὺς
685 1758 1102 1830 ἀπεργάζεσθαι
1155 1761 1250 1813 καὶ
1306 1760 1527 1825 σοφοὺς,
1558 1759 1699 1811 ὥστε
1734 1801 1774 1855 Β

144 1853 381 1920 πονηρία
419 1854 515 1921 μὲν
577 1852 761 1915 αὐτοῖς
809 1852 1211 1922 ήδικαιοσύνη,
1263 1853 1443 1923 μωρία
1486 1851 1541 1904 δὲ
1598 1867 1698 1902 σα-

144 1947 311 2014 φὴςή
371 1946 548 2011 σοφία·
589 1946 798 2009 ἔπειτα,
847 1946 893 1997 εί
940 1945 1034 1998 καὶ
1075 1944 1144 1997 τὰ
1191 1943 1423 2010 μάλιστα
1470 1942 1701 2011 σεμνοὺς

145 2037 322 2090 ἐποίει
352 2038 445 2091 καὶ
479 2038 681 2103 κοσμον
731 2038 865 2107 ήμίν
891 2031 1093 2106 εἶχενή
1132 2033 1324 2104 ἀρετὴ,
1357 2032 1424 2086 δι’
1453 2026 1527 2085 ὧν
1561 2033 1701 2101 πρὸς

145 2131 250 2197 τὴν
282 2132 345 2182 ὲκ
371 2128 507 2181 Θεοῦ
541 2128 889 2197 δικαιοσύνην
921 2130 1018 2181 καὶ
1069 2127 1167 2196 τὴν
1230 2127 1424 2194 σοφίαν
1483 2127 1705 2188 οἰκείως

147 2220 351 2289 ἔχομεν
389 2220 584 2289 μᾶλλον
614 2220 646 2289 ἦ
677 2220 773 2289 τὴν
796 2220 1162 2290 ἀνθρωπείαν,
1220 2219 1313 2271 καὶ
1342 2222 1409 2288 ὴν
1439 2218 1570 2287 ἡμῖν
1594 2218 1705 2271 ὲνέ·

148 2307 381 2377 θηκενή
423 2307 646 2377 σπουδὴ,
676 2306 958 2361 καλεῖσθαι
1017 2307 1216 2377 μᾶλλον
1272 2307 1378 2360 ἀπὸ
1429 2306 1631 2376 ταύτης
1670 2308 1703 2378 ἢ

145 2398 368 2467 ἀκείνης
398 2400 545 2461 εἰκὸς
584 2397 651 2452 ἂν
678 2401 784 2466 είη.
833 2398 1097 2468 Καθάπερ
1144 2398 1333 2470 γὰρού
1366 2398 1473 2452 τῶν
1513 2399 1708 2462 ἔξωθέν

1799 569 1873 621 tio
1905 567 1975 621 ".
2000 565 2117 619 Tali
2147 564 2293 620 enim
2326 562 2561 617 maxime
2605 560 2770 615 modo
2801 559 2905 614 hoc
2936 558 3115 626 ipsum
3144 555 3377 618 sanctis,

1796 671 1989 725 nempe
2047 656 2232 710 beatos
2282 668 2335 708 et
2385 662 2606 707 sanctos
2658 664 2818 715 esse,
2877 646 3184 716 contingit,
3235 645 3379 712 quod

1798 750 1954 802 adest
1978 747 2084 801 illis
2112 754 2335 801 sanctus
2359 752 2411 798 et
2437 745 2650 804 beatus.
2681 751 2902 811 propter
2930 752 3093 807 quem
3127 752 3192 791 ex
3230 751 3380 789 mor-

1799 838 1907 891 tuis
1937 839 2201 903 viventes,
2230 851 2295 890 ex
2324 835 2507 890 stultis
2538 833 2833 901 sapientes,
2869 845 2932 884 ex
2967 828 3139 883 servis
3174 828 3380 895 impro-

1798 930 1883 984 bis
1928 938 2090 998 atque
2132 928 2382 983 scelestis
2430 923 2828 991 sanetieljusti
2855 917 3381 986 evadunt.Aseipsis

1811 1033 2071 1088 namque,
2122 1026 2175 1074 et
2228 1022 2462 1071 humana
2500 1024 2692 1069 natura
2745 1011 3037 1078 studiOque
3088 1009 3224 1064 nihil
3276 1008 3383 1063 illis

1803 1108 2139 1179 suppeditat,
2189 1111 2333 1163 unde
2382 1109 2600 1177 proprie
2648 1105 2726 1159 sic
2756 1102 3131 1172 appellentur,
3185 1100 3277 1154 sed
3328 1107 3384 1152 et

1806 1199 1980 1253 sancti
2012 1198 2269 1252 dicuntur
2291 1206 2509 1266 prepter
2531 1203 2805 1256 sanctum,
2838 1201 2892 1248 et
2917 1190 3049 1262 justi
3090 1200 3141 1245 et
3169 1190 3385 1258 sapien-

1802 1298 1883 1345 tes
1919 1301 2138 1360 propter
2191 1304 2314 1343 eutn
2356 1287 2447 1357 qui
2496 1301 2619 1340 cum
2646 1286 2778 1354 ipsis
2818 1294 2901 1339 est
2935 1283 3145 1353 justum
3210 1292 3264 1335 et
3301 1296 3388 1334 sa-

1800 1382 2057 1451 pientem.
2103 1383 2167 1436 Et
2202 1381 2470 1443 absolute,
2504 1380 2549 1433 si
2596 1380 2720 1448 quis
2774 1390 2899 1430 vere
2951 1377 3090 1428 inter
3136 1372 3384 1426 homines

1802 1489 1999 1543 magna
2052 1474 2168 1527 haec
2219 1481 2275 1528 et
2322 1471 2629 1527 veneranda
2681 1468 2869 1523 audire
2900 1467 3097 1537 dignus
3124 1474 3227 1528 est,
3263 1463 3386 1517 inde

1803 1566 1923 1620 haec
1978 1572 2340 1635 cognomenta
2400 1563 2722 1630 adipiscitur
2771 1559 3119 1631 :praasertim
3165 1556 3386 1627 quando

1802 1656 2122 1721 domestica,
2147 1666 2200 1709 et
2226 1670 2348 1725 quas
2373 1654 2441 1708 ab
2472 1654 2577 1708 illis
2602 1663 2861 1723 praestare
2888 1658 3137 1720 possunt,
3173 1656 3384 1701 tantum

1804 1751 1958 1803 abest
1985 1758 2044 1802 ut
2071 1747 2253 1815 justos
2302 1762 2397 1801 eos
2427 1760 2490 1801 ac
2521 1747 2797 1815 sapientes
2821 1742 3032 1798 elIicere
3066 1749 3292 1811 queant,
3327 1748 3388 1792 ut

1807 1839 2022 1891 illorum
2050 1838 2262 1907 iustitia
2311 1852 2458 1891 mera
2503 1835 2846 1905 improbitas,
2887 1843 2941 1888 et
2967 1831 3236 1901 sapientia
3278 1829 3390 1883 evi-

1802 1908 2189 1982 dens'stultitia
2216 1928 2308 1982 sit.
2335 1927 2560 1991 Deinde,
2605 1928 2705 1981 etsi
2734 1926 2909 1979 virtus
2958 1924 3207 1991 inprimis
3231 1936 3390 1974 vene-

1803 2017 2003 2072 rabiles
2051 2017 2301 2072 redderet
2347 2025 2403 2070 et
2465 2024 2706 2081 ornaret,
2767 2015 3025 2083 quoniam
3078 2021 3257 2066 tamen
3300 2009 3387 2078 ju-

1809 2109 2046 2185 stitiam,
2076 2118 2131 2164 et
2168 2108 2497 2179 sapientiam
2523 2121 2645 2177 qua:
2684 2121 2747 2161 ex
2780 2104 2891 2160 Deo
2928 2113 3032 2171 est,
3070 2102 3391 2158 familiarius

1806 2209 1860 2256 et
1885 2201 2187 2256 studiosius
2233 2200 2615 2270 amplectimur
2648 2214 2813 2271 quam
2846 2198 3165 2261 humanam,
3202 2196 3269 2249 ab
3300 2194 3391 2247 illa

1806 2294 1989 2363 potius
2046 2307 2211 2363 quam
2264 2293 2333 2348 ab
2382 2293 2484 2347 ista
2536 2290 2811 2346 nominari
2856 2304 2958 2345 nos
3006 2290 3183 2344 decet.
3237 2283 3393 2341 Sicut

1807 2383 1951 2437 enim
1973 2397 2079 2437 non
2100 2381 2168 2437 ab
2195 2381 2471 2437 extraneis
2484 2389 2539 2435 et
2554 2379 2748 2435 alienis
2766 2394 2961 2434 nomen
2986 2378 3280 2440 trahimus,
3299 2377 3392 2431 sed

151 2493 323 2556 ἔσμεν
355 2489 632 2559 ἐπώνυμοι
660 2490 755 2543 καὶ
788 2489 898 2543 τῶν
930 2469 1245 2561 ἀλλοτρίων,
1279 2492 1385 2545 ἀπὸ
1408 2491 1465 2543 δὲ
1499 2493 1606 2544 τῶν
1634 2491 1712 2545 οἰ-

1819 2488 1839 2527 a
1867 2473 2126 2543 propriis,
2158 2484 2214 2527 et
2245 2472 2302 2528 in
2336 2483 2531 2528 natura
2564 2481 2754 2528 nostra
2782 2471 2986 2539 insitis,
3020 2480 3076 2525 et
3131 2469 3394 2523 allicitnnr

159 2578 347 2642 κείων,
382 2579 473 2629 καὶ
494 2580 638 2646 ᾶπερ
669 2578 825 2647 ἡμῶν
851 2577 1025 2631 ἔνεστι
1049 2559 1113 2649 τῇ
1142 2578 1320 2647 φύσει,
1358 2581 1450 2631 καὶ
1481 2579 1712 2632 διατίθε-

1819 2573 1865 2618 et
1893 2577 2155 2619 vocamur
2181 2563 2315 2634 (non
2338 2565 2485 2619 enim
2516 2563 2739 2629 domus,
2769 2570 2863 2617 aut
2891 2562 3061 2617 vestis
3086 2560 3153 2615 ad
3179 2561 3281 2614 hos
3304 2559 3392 2611 vel

152 2665 281 2718 σθαι
303 2666 397 2718 καὶ
414 2665 695 2719 καλεῖσθαι
724 2666 1009 2736 συμϐαίνει
1058 2667 1140 2738 (οὐ
1166 2667 1274 2737 γὰρ
1302 2668 1334 2736 ἠ
1365 2667 1510 2720 οἰκία
1534 2667 1627 2719 καὶ
1650 2666 1713 2719 τὸ

1819 2654 1939 2709 illus
1988 2668 2170 2712 mores
2222 2668 2321 2711 nos
2355 2654 2608 2723 ﬁnxerit;
2641 2669 2819 2726 neque
2863 2653 2981 2709 vitii
3031 2662 3127 2709 aut
3177 2652 3395 2707 virtutis

156 2757 378 2825 ἱμάτιον
397 2758 531 2827 πρὸς
558 2757 716 2810 τοῦτο
739 2758 966 2827 ἧὲκείνο
985 2759 1046 2811 τὸ
1066 2754 1197 2830 ἦθος
1223 2759 1477 2811 πλάσειεν
1503 2756 1712 2822 ἂν,οὑδ’

1819 2761 2011 2803 nomen
2053 2747 2319 2819 imponat)
2370 2764 2385 2803 :
2439 2749 2511 2803 ita
2570 2748 2661 2803 illa
2712 2747 2895 2803 divina
2954 2747 3130 2816 magis
3186 2746 3397 2800 animos

155 2846 225 2899 ay
256 2850 519 2917 πονηρίας
547 2848 581 2919 ἢ
614 2849 812 2919 ἀρετῆς
844 2848 1107 2920 ὀνόματος
1165 2849 1467 2919 μεταδοῖεν)
1496 2865 1512 2882 ·
1572 2848 1715 2903 οῦτω

1819 2846 2035 2894 nostros
2069 2847 2396 2912 temperant,
2444 2848 2499 2895 et
2552 2852 2752 2893 nomen
2800 2853 3095 2894 commune
3135 2836 3397 2902 ellieinnt,

158 2938 271 2990 τῶν
292 2939 509 2991 οἰκείων
549 2939 729 2992 αὐτῶν
760 2940 1243 3008 ικεῖνανδιατίθησι
1273 2941 1472 3011 μᾶλλον
1495 2942 1590 2993 καὶ
1616 2940 1715 3007 τὴν
1814 2944 1937 3000 qua
1983 2932 2158 3000 πιδείο
2205 2940 2394 2985 "05ml
2428 2938 2575 2985 διιιιῑ·
2617 2930 2749 2996 θυῖε
2790 2940 2973 2985 autem
3016 2941 3142 2985 sum
3171 2930 3396 2993 (Πιΐίδῑῖν

155 3028 485 3095 ἐπωνυμίαν
512 3031 745 3080 ποιεῖται
774 3027 982 3099 κοινὴν,
1019 3026 1056 3083 ἃ
1090 3029 1293 3097 μᾶλλον
1326 3031 1569 3100 ἡμέτερα
1595 3045 1610 3061 ⁶
1647 3030 1716 3083 τὰ

1819 3032 2001 3077 nostra
2053 3023 2225 3091 magis
2276 3031 2427 3085 sunt,
2468 3037 2632 3092 quam
2680 3031 2868 3079 nostra
2901 3022 3168 3090 ipsorum.
3201 3020 3396 3077 Nostra

153 3116 216 3169 δὲ
237 3117 331 3169 τοῦ
357 3118 594 3187 Χριστοῦ
622 3119 866 3188 ήμέτερα
890 3119 1092 3191 μᾶλλον
1128 3118 1273 3189 ήπερ
1305 3120 1373 3174 τὰ
1408 3120 1567 3191 ἡμῶν
1612 3121 1712 3174 αὑ-

1819 3126 1946 3169 sunt
1969 3113 2136 3178 enim,
2166 3115 2291 3182 quia
2322 3114 2584 3181 membra,
2612 3122 2667 3169 et
2693 3112 2789 3169 ﬁlii
2824 3113 2951 3168 facti
2989 3127 3208 3176 sumus,
3238 3115 3399 3181 eique

155 3209 295 3261 τῶν.
321 3209 505 3260 Οίκεία
534 3207 635 3277 μὲν
657 3209 789 3278 γὰρ,
822 3210 903 3263 ὅτι
937 3208 1074 3279 μέλη
1102 3212 1196 3263 καὶ
1228 3211 1335 3263 υἱοὶ
1370 3211 1713 3280 καθέσταμεν

1823 3218 2012 3269 carne,
2036 3206 2303 3273 sanguine
2325 3211 2380 3259 et
2403 3204 2597 3273 spiritu
2630 3203 3126 3259 comtnuuicamus.
3164 3202 3398 3272 Propius

158 3302 259 3353 καὶ
297 3300 499 3367 σαρκὸς
532 3301 628 3354 καὶ
665 3301 897 3372 αἵματος
939 3303 1033 3355 καὶ
1066 3301 1375 3372 πνεύματος
1406 3304 1555 3373 αὐτῷ
1602 3322 1718 3358 κοι-

158 3392 468 3462 νωνοῦμεν,
523 3392 709 3459 ἔγγιον
755 3393 811 3445 δὲ
857 3394 989 3463 ἡμῖν
1025 3393 1086 3447 οὐ
1110 3394 1220 3447 τῶν
1240 3393 1355 3447 ἀπὸ
1387 3394 1486 3462 τῆς
1542 3394 1715 3465 ἀσκή-

154 3500 301 3547 σεως
335 3484 517 3552 μόνον,
556 3484 671 3539 ἀλλ’
704 3483 807 3555 ήδη
830 3486 927 3539 καὶ
951 3485 1061 3538 τῶν
1088 3483 1205 3539 ἀπὸ
1241 3486 1336 3555 τῆς
1366 3486 1580 3554 φύσεως
1621 3503 1718 3538 πε-

160 3575 558 3647 ριγενομένων,
587 3575 670 3629 ὅτι
712 3574 1139 3644 συγγενέστερος
1196 3576 1328 3647 ἡμῖν
1373 3576 1589 3645 ἐδείχθη
1624 3576 1718 3629 καὶ

158 3668 275 3720 τῶν
304 3666 711 3735 γεγεννηκότων
741 3665 948 3720 αὐτῶν.
978 3665 1081 3719 Διά
1132 3668 1302 3718 ταῦτα
1336 3666 1440 3735 γὰρ
1470 3668 1592 3719 οὐδὲ
1620 3666 1720 3737 τὴν

154 3757 509 3825 ἀνθρωπείαν
528 3757 837 3824 εἰσενέγκαι
867 3756 1205 3824 φιλοσοφίαν,
1237 3757 1358 3810 οὐδὲ
1388 3759 1561 3828 μέχρι
1590 3760 1719 3811 τού-

156 3868 277 3902 των
305 3851 495 3919 στῆναι
524 3849 631 3902 τῶν
669 3848 871 3912 ἄθλων,
904 3848 1042 3902 ἀλλὰ
1066 3848 1275 3918 ταύτην
1305 3850 1403 3919 μὲν
1432 3850 1595 3919 ζῆσαι
1620 3853 1720 3920 τὴν

156 3944 220 3993 ὲν
263 3938 486 4009 Χριστῷ
534 3938 678 4009 ζωὴν
733 3938 832 4008 τὴν
889 3939 1105 4008 καινὴν,
1145 3941 1362 4009 ἐκείνην
1415 3941 1470 3992 δὲ
1521 3943 1723 3995 ἐπιδεί-

159 4031 362 4098 ξασθαι
386 4030 483 4100 τὴν
516 4028 865 4098 δικαιοσύνην
895 4029 1150 4100 ὑπόχρεῳ
1194 4031 1543 4100 καθέσταμεν
1580 4036 1718 4086 πάν-

165 4135 283 4180 τες.
314 4118 425 4169 Οὐκ
458 4117 525 4170 ἂν
581 4120 630 4170 εἰ
677 4120 750 4188 μὴ
784 4119 955 4189 ταύτῃ
998 4119 1350 4189 προσήκομεν
1386 4122 1591 4188 μᾶλλον
1630 4126 1725 4176 καὶ

165 4209 533 4277 διαφερόντως
572 4211 708 4279 πρὸς
739 4211 896 4282 ἡμῶν
940 4207 1008 4279 ἦν
1070 4211 1157 4264 διὰ
1208 4212 1366 4266 τοῦτο
1420 4215 1525 4285 γὰρ
1575 4235 1592 4266 t
1635 4218 1725 4285 Τῷ

163 4300 389 4367 Χριστῷ
435 4302 820 4370 συνετάφημεν
848 4301 936 4357 διὰ
969 4302 1066 4355 τοῦ
1102 4302 1498 4374 βαπτίσματος,
1546 4307 1632 4359 ἵνα
1663 4311 1722 4359 ἐν

162 4391 449 4459 καινότητι
480 4391 624 4460 ζωῆς
681 4394 1170 4464 περιπατήσωμεν,
1208 4414 1226 4447 ›
1262 4399 1356 4449 καὶ
1389 4398 1522 4467 πρὸς
1555 4400 1723 4466 Τιμό-

166 4483 292 4534 θεον
323 4499 340 4531 t
365 4481 676 4545 Ἐπιλασοῦ,
707 4486 841 4552 φησί
867 4485 1097 4550 Παῦλος,
1123 4487 1222 4557 τῆς
1247 4489 1467 4542 αἰωνίου
1502 4490 1665 4560 ζωῆς,
1703 4510 1722 4543 ι

166 4580 269 4623 και
304 4589 321 4621 t
344 4571 563 4623 Γίνεσθε
585 4571 729 4639 ἆγιοι
752 4572 896 4625 κατά
922 4574 1012 4628 τὸν
1048 4576 1348 4630 καλέσαντα
1373 4578 1525 4646 ἆγιον
1582 4599 1600 4631 ι
1635 4583 1729 4634 καὶ

178 4684 196 4715 t
230 4662 454 4715 Γίνεσθε
497 4664 864 4735 οἰκτίρμονες,
928 4668 990 4719 οὐ
1037 4669 1129 4721 τὸν
1175 4670 1324 4723 ἔλεον
1375 4672 1464 4723 τὸν
1520 4673 1731 4743 ἀνθρώ·

168 4772 349 4820 πειον,
385 4754 526 4810 ἀλλά
573 4755 755 4842 καθὼς
806 4757 902 4810 καὶ
929 4760 956 4811 ὁ
984 4759 1171 4829 Πατὴρ
1232 4762 1388 4830 ὑμῶν
1434 4764 1731 4833 οἰκτίρμων

165 4846 290 4899 ἐστί
370 4865 389 4897 ι
457 4846 555 4900 καὶ
610 4863 629 4896 t
676 4847 950 4915 Ἀγαπᾶτε
1012 4850 1295 4920 ἀλλήλους,
1369 4854 1550 4918 καθὼς
1621 4857 1730 4922 ἐγὼ

166 4939 434 5008 ἠγάπησα
512 4938 678 5006 ὑμᾶξο
742 4954 762 4991 ι
818 4932 889 5009 ’ᾯ
929 4940 1133 5011 φίλτρῳ
1190 4942 1401 5005 Παῦλος
1464 4946 1634 5014 ἐφίλει
1673 4950 1728 4999 ὲν

171 5030 508 5098 σπλάγχνοις
551 5027 727 5099 Ἰησοῦ
776 5028 1017 5101 Χριστοῦ
1109 5033 1232 5085 ὅθεν
1306 5037 1401 5089 καὶ
1463 5038 1491 5089 ὁ
1538 5036 1728 5108 Σωτὴρ

166 5120 334 5181 αὐτὸς
379 5118 508 5181 τοὺς
563 5118 811 5189 μαθητὰς
874 5121 1097 5193 εἰρήνην
1144 5123 1302 5191 ἀγειν
1362 5125 1599 5179 κελεύων
1631 5130 1731 5180 αὑ.

166 5214 272 5278 τὴν
296 5210 569 5279 ἐντίθησιν
600 5212 781 5277 αὐτοῖς
806 5215 905 5281 τὴν
935 5215 1161 5285 εἰρήνην
1189 5216 1288 5285 τὴν
1316 5218 1513 5271 ἑαυτοῦ
1537 5236 1551 5249 ·
1591 5237 1610 5271 ι
1644 5220 1731 5273 El-

171 5302 346 5373 μήνην
407 5302 535 5371 γὰρ,
573 5302 731 5371 φησὶ,
782 5304 882 5374 τὴν
944 5306 1080 5376 ἐμὴν
1142 5308 1336 5379 δίδωμι
1388 5311 1537 5378 ὑμῖν,
1574 5329 1591 5363 ι
1640 5316 1735 5367 καὶ

167 5391 314 5461 πρὸς
343 5391 436 5480 τον
466 5393 684 5463 Πατέρα
721 5412 739 5445 t
774 5393 912 5461 Ἵνα,
943 5397 1129 5464 φησὶν,
1161 5399 1194 5467 ή
1240 5400 1452 5469 ἀγάπη,
1502 5402 1567 5471 ἥν
1598 5403 1737 5470 ήγὰ-

163 5483 351 5554 πησάς
387 5501 478 5553 με,
510 5488 566 5539 ὲν
593 5486 773 5550 αὐτοῖς
900 5506 920 5540 ι
953 5489 1061 5542 Καὶ
1087 5490 1226 5554 ὅλως
1261 5494 1511 5563 καθάπερ
1546 5496 1578 5563 ή
1614 5496 1736 5561 γέν-

234 5694 287 5725 ”
319 5693 338 5747 l
367 5691 492 5747 Cor.
521 5708 560 5755 ι,
596 5692 689 5749 50.

1825 3307 2005 3351 autem
2041 3306 2225 3350 nostra
2255 3311 2363 3353 non
2390 3298 2457 3351 its
2487 3306 2696 3351 tantum
2723 3311 2844 3367 quas
2876 3296 2944 3350 ab
2982 3295 3394 3359 exercitatione,

1829 3390 1921 3445 sed
1951 3388 2062 3456 jam
2093 3388 2256 3443 etiam
2295 3389 2361 3444 iis
2390 3404 2514 3458 quae
2547 3404 2578 3443 a
2609 3397 2801 3441 natura
2850 3387 3112 3454 veniunt;
3146 3387 3399 3457 quando-

1828 3479 2066 3549 quidem,
2119 3488 2177 3532 ut
2229 3479 2543 3544 docuimus,
2597 3477 2827 3532 interior
2877 3478 3037 3533 nobis
3090 3493 3214 3532 cum
3278 3479 3398 3548 ipso

1829 3586 1991 3642 quam
2028 3585 2150 3626 cum
2184 3571 2503 3639 parentibus
2529 3570 2783 3640 cognatio
2824 3579 2925 3625 est.
2970 3568 3084 3625 Hac
3124 3571 3191 3625 de
3233 3585 3395 3624 causa

1832 3677 1936 3717 nec
1979 3662 2271 3719 humanam
2320 3662 2722 3732 philosophiam
2756 3661 2984 3728 invenit,
3020 3676 3120 3717 nec
3166 3661 3398 3717 istorum

1832 3754 2192 3808 certaminum
2236 3763 2399 3808 tenus
2444 3767 2543 3809 nos
2573 3753 2828 3823 progredi
2880 3752 3071 3817 voluit,
3122 3753 3215 3809 sed
3260 3754 3401 3809 hanc

1833 3846 1886 3899 in
1936 3844 2155 3899 Christo
2188 3845 2351 3898 vitam
2402 3857 2597 3901 novam
2640 3844 2844 3910 vivere,
2874 3853 2929 3899 et
2968 3844 3113 3897 illam
3146 3844 3404 3898 exhibere

1829 3934 2094 4003 justitiam
2125 3933 2427 4003 obligamur
2453 3946 2645 3986 omnes
2672 3947 2687 3986 :
2718 3933 2861 4001 quod
2896 3946 3004 3986 non
3042 3930 3258 3987 fecisset
3293 3934 3397 3987 nisi

1836 4026 1949 4079 haec
1978 4026 2085 4077 vita
2135 4008 2291 4078 nobis
2336 4024 2474 4077 foret
2502 4022 2700 4096 aptior,
2730 4021 3016 4092 oliicioque
3048 4032 3236 4077 nostro
3264 4037 3403 4090 prato

1837 4120 1980 4171 clare
2006 4116 2345 4169 conveniret.
2377 4112 2459 4168 0b
2500 4114 2603 4167 hoc
2635 4113 2779 4167 enim
2816 4130 2829 4167 :
2866 4129 2885 4164 t
2918 4111 3135 4166 Christo
3180 4125 3276 4181 per
3308 4113 3404 4165 ba-

1838 4210 2097 4279 ptismum
2171 4206 2469 4276 consepulti
2539 4220 2762 4267 sumus,
2828 4215 2889 4262 ut
2966 4206 3208 4260 novitate
3279 4208 3403 4259 vitae

1838 4302 2181 4357 ambulemus
2204 4302 2271 4352 ⁸ο.
2304 4318 2323 4351 ι
2356 4299 2419 4353 Et
2449 4301 2516 4352 ad
2549 4297 2894 4352 Timotheum
2931 4315 2944 4352 :
2981 4314 2999 4349 ι
3031 4296 3405 4365 Apprebendit

1836 4395 2002 4449 vitam
2034 4402 2288 4447 mternam
2314 4391 2381 4443 ⁶¹.
2408 4408 2427 4442 ι
2453 4390 2517 4443 Ει
2545 4404 2559 4443 :
2597 4406 2615 4440 ι
2647 4387 2833 4444 Estote
2864 4389 3060 4453 sancti,
3094 4390 3247 4459 juxta
3278 4404 3400 4442 eum

1833 4486 1925 4557 qui
1946 4486 2275 4540 vocavitvos
2298 4493 2520 4537 sanctus
2544 4482 2613 4536 ".
2638 4499 2658 4533 ι
2684 4480 2783 4536 Et:
2815 4499 2832 4533 ι
2862 4479 3263 4548 Misericordes,
3294 4495 3403 4534 non

1830 4576 2206 4632 misericordia
2281 4575 2553 4636 humana,
2615 4573 2705 4627 sed
2751 4590 2769 4623 ι
2820 4572 2963 4627 sicut
3009 4568 3170 4627 Pater
3225 4583 3404 4628 vester

1829 4670 2067 4723 cmlcstis
2094 4666 2407 4721 misericors
2436 4674 2514 4719 est
2544 4664 2610 4717 ⁸³.
2644 4682 2661 4715 ι
2695 4666 2759 4718 Et
2796 4681 2811 4721 :
2846 4684 2865 4715 ς
2898 4662 3115 4732 Diligite
3148 4664 3402 4727 invicem,

1830 4762 1972 4816 sicut
2006 4774 2105 4828 ego
2132 4758 2294 4814 dilexi
2329 4770 2423 4811 vos
2444 4756 2514 4814 δι.
2548 4773 2566 4807 ι
2604 4769 2710 4823 quo
2736 4768 2921 4809 amore
2958 4753 3160 4809 Paulus
3188 4755 3399 4820 dilexit,

1835 4870 1854 4904 ι
1886 4852 1941 4906 ln
1964 4851 2265 4906 visceribus
2286 4847 2411 4903 Jesu
2432 4847 2634 4901 Christi
2653 4848 2720 4898 ⁸⁵.
2746 4864 2764 4897 ι
2789 4844 2940 4899 Unde
2956 4856 3008 4899 et
3024 4847 3271 4900 Salvator
3290 4848 3406 4914 ipse

1832 4946 2130 5014 discipulos
2158 4957 2341 5012 pacem
2374 4942 2577 5010 agitare
2595 4938 2816 5009 jubens,
2846 4953 3000 4992 suam
3024 4940 3194 5007 ipsius
3215 4954 3403 5008 pacem

1836 5039 1943 5094 illis
1993 5036 2241 5091 immisit.
2297 5035 2384 5087 Ait
2430 5032 2575 5086 enim
2625 5047 2657 5101 ι,
2689 5038 2716 5081 t'
2759 5029 2949 5085 Pacem
2987 5045 3161 5084 meam
3208 5031 3278 5084 do
3308 5045 3405 5083 vo-

1836 5133 1920 5185 bis
1943 5129 2011 5184 ".
2046 5147 2067 5182 ι
2094 5126 2239 5181 Etad
2268 5124 2508 5188 Patrem,
2562 5139 2581 5173 t
2612 5120 2702 5188 Ut,
2728 5122 2926 5191 inquit,
2945 5120 3162 5176 dilectio
3187 5135 3293 5190 qua
3317 5119 3404 5174 di-

1838 5220 2017 5279 lexisti
2059 5232 2166 5283 me,
2218 5216 2273 5270 in
2314 5214 2445 5285 ipsis
2477 5215 2551 5269 sit
2590 5213 2657 5267 ".
2700 5231 2720 5265 ι
2756 5212 2821 5267 Ει
2862 5213 3022 5282 plane
3063 5212 3203 5267 sicut
3245 5226 3406 5281 gene-

1834 5315 1974 5369 ratis
2002 5311 2183 5366 divina
2218 5308 2488 5377 quaedam,
2526 5315 2579 5360 et
2612 5320 2774 5375 supra
2796 5312 3045 5359 naturam
3084 5314 3188 5373 est,
3242 5305 3322 5358 sic
3350 5313 3405 5359 et

1834 5404 1968 5465 vita,
2042 5408 2097 5455 et
2152 5397 2367 5453 vivendi
2403 5396 2757 5458 .institutum,
2811 5405 2864 5450 et
2932 5396 3296 5465 philompbia,
3349 5405 3404 5451 et

1832 5496 2015 5551 omnia
2068 5493 2204 5557 haec,
2248 5504 2387 5544 nova
2435 5500 2489 5545 et
2538 5489 2841 5557 spiritantia
2891 5497 3036 5543 sunt.
3079 5490 3257 5559 Atque
3302 5487 3406 5544 hoc

795 5693 841 5725 ⁸⁸
877 5692 1033 5747 Rom.
1069 5709 1142 5755 vr,
1175 5695 1228 5750 4.
1305 5698 1346 5729 ⁸¹
1383 5698 1397 5750 Ι
1433 5698 1576 5754 Tim.
1610 5718 1681 5761 vr.

1819 5743 1825 5756 .
1901 5701 1999 5755 "l
2041 5698 2189 5752 Petr.
2250 5711 2293 5761 ι,
2343 5696 2431 5761 ίός
2476 5693 2648 5750 Levit.
2713 5711 2827 5760 im,
2866 5698 2918 5752 2.
2996 5698 3043 5730 ⁸³
3074 5698 3208 5756 Luc.
3246 5714 3318 5763 vi,
3345 5699 3403 5753 5.

166 5763 207 5795 *δ
247 5760 408 5819 Joan.
440 5777 558 5828 τιιι,
589 5763 678 5819 54.
710 5762 757 5795 ³³
788 5764 1018 5833 Philipp.
1051 5778 1089 5829 ι,
1130 5764 1183 5820 8.
1257 5767 1302 5799 “
1334 5767 1487 5823 Joan.
1520 5787 1631 5837 xiv,
1671 5760 1717 5826 2t

1836 5772 1881 5805 ""
1907 5772 2036 5825 ib‘tl.
2068 5768 2157 5821 27.
