4154 6308
770 352 875 414 615

1990 358 2302 420 NlCOLAI
2341 358 2724 423 CABASILLE

3883 368 3976 433 616

774 463 1084 533 significans
1130 463 1383 520 Salvator
1428 464 1745 537 Nicodemo,
1782 488 1800 521 ι
1842 468 1998 535 Quod
2042 483 2225 525 natum
2255 485 2321 525 es!

2442 489 2597 541 νησις
2660 472 2779 525 θεία
2829 474 2911 535 τίς
2967 475 3083 527 ἐστι
3138 475 3231 529 καὶ
3294 476 3604 548 ὑπερφυὴς,
3651 476 3792 532 οὕτω
3838 480 3974 548 καὶὴ

768 571 835 610 ex
870 556 1082 623 spiritu,
1108 556 1306 627 inquit,
1330 559 1552 626 spiritus
1576 568 1658 614 est
1683 561 1750 614 ⁸⁸.
1792 579 1810 614 ι
1844 561 1996 616 Unde
2023 573 2077 617 et
2106 562 2327 628 Paulus,

776 664 799 700 ι
830 644 899 700 Ut
929 647 1173 701 inveniar
1206 648 1257 700 in
1290 648 1400 710 illo,
1432 664 1534 702 non
1577 653 1783 705 habens
1816 667 1990 705 meam
2036 652 2329 721 justitiam,

768 752 889 805 quae
920 753 983 791 ex
1027 738 1143 805 lege
1169 748 1291 793 est:
1318 740 1412 793 sed
1448 755 1565 807 quae
1595 756 1658 794 ex
1693 742 1795 795 title
1820 750 1905 795 est
1930 741 2056 797 Jesu
2099 743 2327 809 Christi,

769 844 891 895 qua.
934 843 997 881 ex
1043 828 1154 881 Deo
1180 839 1284 891 est,
1313 828 1525 898 justitia
1573 832 1625 883 in
1658 832 1766 886 ﬁde
1791 833 1860 885 3’.
1903 850 1922 883 ι
1957 836 2122 888 Docet
2151 843 2327 887 autem

770 919 1075 987 Scriptura,
1116 921 1255 975 hanc
1302 936 1420 975 esse
1452 924 1653 992 regiam
1684 934 1884 979 vestem
1924 945 1937 980 :
1973 942 2095 979 nam
2143 937 2327 983 nostra

771 1010 984 1063 servilia
1038 1019 1189 1066 sunt.
1234 1011 1485 1068 Libertas
1512 1029 1673 1083 porro
1703 1024 1756 1068 et
1798 1032 2047 1085 regnum,
2080 1019 2146 1072 ad
2184 1021 2328 1088 quod

764 1099 1129 1154 festinandum
1154 1110 1263 1166 est,
1285 1105 1555 1173 quomodo
1579 1121 1859 1159 servorum
1887 1110 2106 1177 praemia
2130 1109 2329 1163 erunt?

776 1203 947 1255 neque
982 1192 1126 1243 enim
1174 1206 1339 1259 regno
1388 1192 1532 1262 digni
1577 1196 1937 1265 apparebunt,
1981 1198 2027 1252 si
2059 1198 2192 1252 nihil
2225 1200 2326 1253 nisi

764 1291 1048 1332 servorum
1083 1283 1337 1335 virtutem
1366 1284 1735 1350 przrstiterint.
1768 1285 1922 1339 Sicut
1957 1288 2100 1341 enim
2141 1311 2157 1339 ο
2204 1304 2325 1343 cor-

764 1370 943 1435 ruptio
1008 1371 1474 1441 incorruptionem
1542 1389 1650 1427 non
1714 1378 2050 1447 possidebit,
2116 1388 2329 1447 oportet

760 1470 943 1514 autem
978 1465 1333 1532 corruptibile
1365 1466 1465 1519 hoc
1489 1465 1714 1520 induere
1746 1468 2235 1539 incorruptionem.
2271 1479 2339 1527 et

762 1552 987 1605 mortale
1007 1553 1107 1606 hoc
1128 1554 1349 1607 induere
1375 1556 1832 1611 immortalitatem
1851 1559 1896 1593 ”
1918 1576 1933 1613 :
1958 1578 1977 1611 ι
2004 1561 2072 1614 ita
2099 1576 2199 1615 nec
2214 1577 2331 1616 ser-

763 1656 948 1694 verum
972 1657 1130 1711 opera
1153 1646 1216 1696 ad
1241 1659 1461 1713 regnum
1483 1646 1613 1699 illud
1634 1648 1795 1703 nobis
1810 1658 2014 1718 queant
2036 1651 2323 1718 sufﬁcere;

2433 562 2545 631 ζωὴ
2578 560 2735 633 καΐή
2767 564 2943 619 δίαιτα
2971 568 3062 619 καὶ
3092 568 3123 637 ἡ
3150 567 3437 636 φιλοσοφία
3464 570 3557 621 καὶ
3602 568 3779 621 πάντα
3814 567 3972 621 ταῦτα

2432 656 2595 707 καινά
2630 657 2720 707 καὶ
2770 659 3135 725 πνευματικά.
3164 660 3270 711 Καὶ
3322 658 3483 711 τοῦτο
3510 659 3685 727 δηλῶν
3722 660 3749 710 ό
3799 659 3972 728 Σωτὴρ

2430 746 2754 816 Νικοδήμῳ,
2790 764 2810 797 ι
2858 748 2930 799 Τὸ
2954 750 3348 817 γεγεννημένον
3382 751 3445 802 ἐκ
3501 750 3594 802 τοῦ
3655 750 3971 818 πνεύματος,

2431 842 2585 908 φησὶ,
2617 840 2834 908 πνεῦμά
2863 841 3000 894 ἔστι.
3036 857 3056 892 ι
3090 842 3187 894 Διά
3224 840 3385 893 τοῦτο
3410 843 3503 893 καὶ
3535 840 3768 905 Παῦλος,
3814 860 3832 892 ι
3871 838 3976 892 Ἰνα

2430 932 2662 999 εὑρεθῶ,
2726 934 2908 1002 φησὶν,
2968 934 3025 985 ἐν
3083 933 3250 1001 αὐτῷ,
3294 932 3368 1002 μὴ
3424 934 3561 1002 ἔχων
3614 933 3751 1001 ἐμὴν
3779 934 3978 985 δικαιο-

2431 1023 2595 1091 σύνην
2623 1023 2722 1092 τὴν
2751 1024 2815 1076 ὲκ
2842 1022 2935 1075 τοῦ
2964 1024 3152 1093 νόμου,
3185 1025 3319 1076 άλλά
3344 1024 3440 1093 τὴν
3471 1023 3557 1076 διὰ
3583 1024 3815 1085 πίστεως
3846 1024 3973 1091 Χρι-

2431 1113 2557 1166 στοῦ
2604 1116 2699 1181 τὴν
2754 1117 2817 1165 ὲκ
2859 1113 2995 1167 Οεοῦ
3029 1115 3395 1184 δικαιοσύνην.
3436 1134 3453 1165 ι
3502 1115 3560 1167 '0
3595 1114 3652 1165 δὲ
3706 1114 3860 1181 λόγος
3898 1114 3973 1164 ὅτι

2426 1204 2585 1257 τοῦτό
2627 1207 2742 1257 ἐστι
2798 1207 2858 1258 τὸ
2911 1206 3188 1274 βασιλικὸν
3224 1208 3442 1273 ἱμάτιον
3464 1222 3477 1236 ·
3504 1207 3573 1259 τά
3602 1208 3707 1275 γὰρ
3738 1208 3977 1275 ἡμέτερα

2426 1296 2610 1358 δοῦλα,
2644 1295 2929 1365 ἐλευθερία
2970 1297 3026 1349 δὲ
3064 1299 3158 1349 καὶ
3184 1296 3456 1365 βασιλεία,
3513 1296 3647 1365 πρὸς
3672 1299 3736 1367 ἢν
3770 1298 3981 1363 ἐπείγεο

2430 1386 2553 1437 σθαι
2594 1386 2694 1449 δεῖ,
2750 1388 2863 1445 πῶς
2896 1386 2987 1457 [ἂν
3030 1387 3239 1455 γένοιτο
3282 1388 3603 1451 δούλωνςού
3636 1386 3769 1458 γὰρ]
3805 1388 3867 1441 ἂν
3896 1387 3978 1455 είη

2428 1478 2705 1547 βασιλείας
2756 1479 2939 1543 ἀξίους
2988 1480 3224 1548 φανῆναι
3292 1480 3453 1533 πλέον
3505 1479 3656 1532 οὐδὲν
3702 1481 3734 1549 ἢ
3780 1478 3979 1532 δούλων

2426 1568 2625 1640 ἀρετὴν
2681 1570 3167 1639 ιπιδειξαμένουςς
3222 1570 3488 1640 Καθάπερ
3523 1572 3629 1639 7&9
3674 1588 3692 1621 ι
3734 1571 3767 1639 ή
3810 1570 3982 1637 φθορά

2425 1659 2523 1727 τῆς
2554 1659 2856 1727 ἀφθαρσίας
2891 1661 2990 1713 οὐκ
3023 1660 3090 1713 ἀν
3137 1661 3350 1728 γένοιτο
3385 1660 3740 1730 κληρονόμος,
3798 1659 3879 1712 δεῖ
3927 1659 3980 1712 δὲ

748 1734 851 1784 sed
874 1732 1085 1799 justitia
1102 1750 1164 1787 ex
1198 1735 1305 1789 Deo
1324 1737 1639 1803 requiritur.
1659 1738 1936 1793 llzeredem
1956 1742 2099 1795 enim
2116 1752 2321 1809 oportet

2425 1751 2487 1801 τὸ
2541 1750 2779 1819 φθαρτὸν
2828 1752 2986 1804 τοῦτο
3015 1750 3338 1803 ἐνδύσασθαι
3398 1751 3707 1821 ἀφθαρσίαν
3769 1752 3863 1802 καὶ
3922 1751 3979 1803 τὸ

762 1836 884 1875 esse
905 1822 1095 1887 tilium,
1115 1839 1221 1877 non
1243 1839 1459 1880 servum
1484 1844 1497 1881 :
1526 1845 1543 1877 ι
1574 1828 1774 1882 Servus
1797 1829 1961 1895 enim,
1989 1831 2181 1898 inquit,
2215 1848 2321 1887 non

2432 1799 2802 1907 θνητὸν-τούτο
3183 1799 3508 1901 ἀθανασίαν,
3544 1799 3576 1891 ἴ
3595 1840 3684 1892 τὸν
3722 1840 3835 1892 ἴσον
3858 1840 3981 1909 τρό-

759 1912 1005 1965 manetin
1022 1915 1183 1967 domo
1202 1915 1254 1967 in
1275 1926 1553 1983 aeternum;
1568 1918 1707 1972 (ilius
1720 1929 1896 1974 autem
1912 1932 2094 1977 manet
2109 1924 2160 1975 in
2174 1932 2329 1977 αξιοι-υ

761 2015 886 2056 num
908 2003 974 2054 ".
1023 2018 1044 2052 ι
1078 2002 1442 2066 Quamobrem
1474 2023 1912 2077 unumquemque
1931 2024 2119 2065 eorum
2138 2011 2232 2080 qui
2257 2010 2326 2066 ad

761 2091 901 2143 hanc
933 2091 1297 2148 haereditatem
1321 2098 1643 2150 cerneudam
1666 2110 1950 2163 venerunt,
1972 2099 2125 2168 prius
2145 2100 2326 2169 abjec-

758 2175 812 2235 σε
842 2185 1153 2239 conditione
1167 2187 1330 2252 servi,
1346 2188 1514 2241 tilium
1529 2205 1590 2244 se
1606 2191 1892 2245 ostendere
1913 2201 2124 2260 oportet
2145 2208 2159 2255 ;
2178 2189 2324 2260 quod

758 2280 843 2327 est
865 2270 1116 2335 formam,
1140 2286 1194 2329 et
1222 2273 1416 2330 faciem
1452 2274 1724 2346 Unigeniti
1773 2279 2013 2343 indutos,
2065 2296 2187 2334 cum
2222 2281 2326 2335 hoc

760 2364 958 2417 decore
980 2374 1034 2418 et
1061 2366 1329 2436 elegantia
1360 2365 1602 2424 Geuitori
1637 2386 1734 2423 nos
1759 2370 1969 2425 sistere.
2006 2371 2072 2425 Et
2099 2372 2203 2426 hoc
2240 2380 2325 2427 est

760 2468 790 2506 ι
822 2454 957 2509 Filio
988 2454 1083 2510 Dei
1112 2457 1257 2511 omni
1293 2460 1554 2515 servitute
1580 2460 1819 2527 liberari,
1850 2462 2321 2531 verequeliberos

757 2558 913 2612 esse;
960 2547 1105 2614 quod
1145 2545 1347 2603 Judaeis
1368 2548 1648 2605 Christum
1685 2552 1869 2607 dicere
1893 2548 2128 2609 voluisse
2162 2554 2322 2609 intel-

754 2633 884 2703 lige,
918 2650 1044 2691 cum
1084 2637 1217 2691 dicit
1265 2656 1279 2693 ι
1334 2654 1354 2690 ι
1394 2640 1452 2693 Si
1480 2640 1648 2695 Filius
1696 2656 1791 2714 vos
1830 2643 2157 2708 liberaverit,
2195 2661 2323 2702 vere

760 2724 915 2778 liberi
946 2723 1099 2780 eritis
1141 2727 1210 2779 ".
1246 2744 1265 2778 ι
1300 2726 1518 2783 Liberat
1566 2731 1732 2794 enim,
1758 2740 1814 2785 et
1860 2731 1952 2799 qui
1999 2733 2317 2795 servierant,

756 2815 898 2869 tilios
940 2813 1034 2869 Dei
1083 2815 1282 2883 ellicit;
1314 2818 1574 2888 quoniam
1624 2820 1739 2888 ipse
1764 2836 1887 2875 cum
1934 2822 2005 2876 sit
2046 2821 2235 2887 Filius,
2267 2834 2322 2878 et

753 2905 898 2957 onmi
933 2914 1154 2973 peccato
1180 2916 1357 2971 vacet,
1383 2916 1438 2962 et
1465 2923 1661 2977 corpus
1698 2910 1855 2979 ipsis,
1882 2919 1937 2965 et
1976 2912 2317 2983 sanguinem,

755 3005 808 3049 et
858 2996 1216 3064 spiritum,et
1262 3014 1359 3053 sua
1405 3000 1588 3054 omnia
1636 3002 1948 3057 communia
2003 3002 2155 3059 facit.
2206 2998 2320 3060 Hac

2429 1949 2527 1985 πον
2560 1932 2680 1983 οὐδὲ
2714 1932 2785 1984 τὰ
2813 1931 2923 1983 τῶν
2950 1931 3153 1983 δούλων
3204 1931 3342 2000 ἔργα
3388 1930 3527 1998 πρὸς
3552 1930 3651 2001 τὴν
3702 1930 3979 2000 βασιλείαν

2426 2021 2642 2091 ἐκείνην
2668 2022 2899 2090 άρκᾶσαι
2926 2022 3127 2076 δύναιτ’
3156 2023 3221 2075 ἂν
3257 2025 3409 2092 ἡμῖν.
3444 2022 3580 2076 ἀλλὰ
3610 2022 3707 2091 τῆς
3733 2025 3798 2075 ἑκ
3843 2024 3978 2076 Οεοῦ

2422 2112 2771 2179 δικαιοσύνης
2820 2114 3023 2184 δεήσει.
3059 2114 3183 2167 Υίὸν
3216 2117 3326 2184 γὰρ
3357 2111 3496 2167 εῖναι
3526 2116 3610 2167 δεῖ
3634 2116 3727 2167 τὸν
3776 2117 3976 2185 κληρο-

2424 2206 2589 2275 νόμον
2616 2205 2807 2259 δοῦλον
2828 2221 2845 2237 ⁸
2884 2224 2903 2258 ι
2947 2205 3007 2259 '0
3041 2207 3151 2277 7&9
3184 2206 3391 2271 δοῦλος,
3428 2207 3613 2277 φησὶν,
3639 2208 3699 2261 οὐ
3734 2210 3883 2276 μένει
3919 2210 3979 2263 ἐν

2426 2297 2489 2363 τῇ
2506 2295 2654 2365 οίκίᾳ
2679 2297 2758 2357 είς
2786 2294 2875 2348 τὸν
2893 2294 3086 2359 αἰῶνα.
3114 2298 3143 2349 ό
3172 2295 3299 2360 Υίὸς
3326 2296 3475 2366 μένει
3502 2298 3583 2361 είς
3611 2298 3703 2351 τὸν
3724 2300 3919 2357 αίῶνα.
3958 2319 3976 2352 ι

2424 2385 2543 2438 ἀνθ’
2557 2380 2631 2439 ὧν
2651 2386 2882 2438 ἓκαστον
2898 2385 3008 2438 τῶν
3046 2386 3139 2439 επὶ
3161 2387 3252 2440 τὸν
3274 2386 3475 2457 κλῆρον
3497 2388 3685 2444 τοῦτον
3719 2390 3983 2460 ἀφεξομέ-

2423 2490 2531 2526 νων
2583 2474 2848 2543 πρότερον
2890 2474 3231 2529 ἀποϐαλόντα
3260 2475 3351 2528 τὸν
3379 2475 3565 2530 δοῦλον
3589 2479 3759 2544 δεῖξαι
3788 2480 3869 2533 δεῖ
3893 2481 3984 2535 τὸν

2425 2562 2575 2626 “by.
2600 2563 2738 2633 ὅπερ
2767 2564 2883 2616 ἐστὶ
2908 2563 3007 2634 τὴν
3039 2564 3250 2635 μορφὴν
3271 2561 3363 2619 τοῦ
3389 2568 3723 2634 Μονογενοῦς
3754 2570 3847 2623 ἐπὶ
3870 2571 3984 2622 τῶν

2422 2654 2730 2725 προσώπων
2778 2657 3185 2725 κομισαμένους
3232 2657 3370 2726 μετὰ
3398 2663 3589 2711 τούτου
3622 2659 3717 2713 τοῦ
3747 2662 3984 2727 κάλλους

2421 2745 2498 2814 τῷ
2528 2748 2884 2813 γεγεννηκότι
2915 2747 3150 2814 φανῆναι
3172 2762 3185 2778 ο
3218 2748 3312 2799 καὶ
3342 2747 3501 2801 τοῦτό
3553 2749 3701 2803 ἐστιν
3726 2751 3831 2803 ὑπὸ
3878 2753 3985 2806 τοῦ

2423 2837 2553 2891 Υἱοῦ
2592 2836 2686 2890 τοῦ
2738 2836 2872 2890 Οεοῦ
2928 2838 3109 2909 πάσης
3166 2839 3432 2908 ἀφεθῆναι
3490 2841 3736 2905 δουλείας
3771 2843 3868 2896 καὶ
3899 2844 3977 2908 ὡς

2420 2929 2638 2999 ἀληθῶς
2668 2929 2983 3000 ἐλευθέρους
3022 2926 3183 2994 εἶναι,
3216 2930 3244 2983 δ
3266 2932 3343 3001 τῷ
3368 2933 3587 3003 Χριστῷ
3616 2938 3730 2988 νοεῖ
3755 2937 3815 2989 τὸ
3840 2940 3983 3007 πρὸς

2420 3020 2545 3083 τοὺς
2589 3019 2872 3084 Ἰουδαίους
2933 3022 3223 3091 εἰρημένον
3273 3026 3494 3089 ἐκεῖνο,
3548 3026 3717 3079 «Ἐὰν
3765 3030 3793 3081 ὁ
3850 3030 3986 3093 Υἱὸς

754 3086 902 3141 enim
932 3088 1144 3143 ratione
1176 3104 1277 3143 nos
1320 3098 1374 3144 et
1408 3090 1649 3157 reﬁnxit,
1678 3101 1734 3147 et
1779 3094 2052 3162 liberavit,
2083 3105 2137 3148 et
2164 3096 2316 3151 deiti-

2423 3113 2566 3183 ὖμᾶς
2598 3112 2965 3185 ἐλευθερώσῃ,
2988 3086 3001 3091 ⁷
3021 3086 3192 3178 όντως
3227 3086 3500 3187 ἐλεύθεροι
3550 3117 3760 3173 ἔσεσθε.
3792 3140 3812 3173 ι
3843 3086 3983 3175 Λύει

755 3179 920 3240 cavit,
974 3194 1313 3247 germanum,
1372 3188 1426 3234 et
1477 3180 1732 3246 liberum,
1787 3192 1842 3237 et
1897 3199 2085 3239 verum
2144 3184 2313 3239 Deum

756 3269 997 3338 seipsum
1048 3272 1205 3325 nobis
1252 3270 1580 3327 admiscens.
1634 3271 1700 3328 Et
1747 3274 1827 3329 sic
1871 3274 2172 3340 Christum,
2220 3276 2314 3346 qui

752 3374 883 3413 vera
906 3370 992 3415 est
1015 3361 1247 3429 justitia,
1278 3370 1525 3417 nostrum
1556 3363 1780 3430 bonum,
1816 3381 1978 3435 supra
2012 3382 2174 3436 quam
2200 3368 2317 3436 ipsa

766 3452 1056 3512 naturalia,
1089 3466 1244 3506 sacra
1271 3468 1427 3509 caana
1456 3455 1612 3511 nobis
1639 3454 1786 3510 facit.
1817 3457 2003 3528 Itaque
2041 3470 2096 3514 et
2124 3461 2322 3530 gloria-

754 3556 876 3597 mur
907 3541 1063 3597 honis
1100 3543 1239 3611 eius,
1266 3553 1320 3598 et
1360 3548 1515 3617 quasi
1557 3558 1740 3603 nostra
1769 3559 1949 3605 essent
1977 3561 2120 3605 recte
2150 3551 2315 3615 facta,

753 3635 1120 3701 celebramur,
1169 3634 1403 3706 indeque
1447 3639 1818 3706 nominamur,
1867 3640 1911 3695 si
1947 3640 1999 3694 in
2029 3655 2317 3696 commune

755 3739 1156 3793 permanemus.
1190 3726 1258 3779 Et
1290 3729 1335 3781 si
1366 3729 1491 3795 quis
1516 3744 1640 3782 rere
1686 3740 1910 3786 sanctus
1941 3741 1998 3787 et
2033 3732 2233 3799 justus,
2264 3741 2319 3788 et

754 3818 1117 3884 quodcunque
1150 3816 1367 3870 tandem
1409 3818 1757 3872 laudabilium
1799 3822 1968 3885 audit,
1999 3823 2315 3891 appellatio-

756 3918 879 3956 nem
926 3919 991 3957 ex
1046 3905 1111 3957 iis
1157 3919 1280 3972 quae
1321 3918 1349 3956 a
1378 3904 1591 3959 Christo
1635 3909 1861 3963 sortitus
1906 3918 2015 3971 est,
2060 3910 2255 3979 accipit
2296 3927 2314 3966 :

762 4011 782 4045 ι
824 3993 879 4047 In
910 3992 1038 4057 Deo,
1073 3994 1268 4063 inquit,
1300 3995 1611 4052 laudabitur
1645 4000 1826 4053 anima
1879 4016 1993 4055 mea
2030 4002 2152 4058 ⁸³..)
2199 4001 2265 4057 Ει
2297 4020 2312 4058 :

757 4102 781 4135 ‹
813 4084 1273 4145 Benedicenturin
1296 4102 1361 4141 eo
1382 4103 1571 4143 omnes
1590 4100 1777 4159 gentes
1796 4090 1866 4147 ".
1899 4110 1917 4144 ι
1944 4091 2095 4149 Unde
2124 4093 2314 4148 huma-

758 4188 887 4226 num
930 4173 1083 4231 nihil.
1110 4174 1204 4228 sed
1234 4190 1355 4244 qua:
1387 4175 1589 4230 Christi
1622 4191 1746 4233 sunt
1781 4182 2058 4249 poscimus
2094 4198 2109 4234 :
2152 4190 2211 4235 ut
2251 4197 2312 4237 ea

753 4260 807 4314 in
852 4262 1062 4314 animas
1093 4274 1308 4318 nostras
1356 4278 1480 4319 cum
1533 4266 2026 4335 importaverimus,
2073 4284 2197 4324 cum
2246 4272 2312 4325 iis

753 4351 880 4404 hinc
928 4351 1293 4418 discedamus,
1343 4364 1396 4409 et
1431 4365 1556 4410 ante
1608 4371 1841 4412 coronas
1893 4356 2033 4415 hanc
2075 4361 2314 4429 philoso-

2420 3209 2531 3279 7&9
2562 3211 2657 3263 καὶ
2694 3210 2843 3273 υἱοὺς
2871 3208 3009 3263 θεοῦ
3041 3213 3272 3265 ποιεῖται
3299 3213 3424 3274 τοὺς
3447 3212 3689 3280 δούλους,
3728 3216 3809 3270 ὅτι
3845 3216 3980 3280 Υίδς

2420 3300 2495 3355 ὢν
2512 3300 2669 3363 αὐτὸς
2684 3300 2776 3353 καὶ
2794 3301 2974 3371 πάσης
2993 3301 3276 3371 ἐλεύθερος
3296 3302 3565 3371 ἁμαρτίας
3590 3305 3681 3356 καὶ
3706 3306 3864 3375 σῶμα
3881 3309 3986 3360 αὖ·

2418 3396 2530 3455 τοῖς
2569 3394 2660 3446 καὶ
2680 3388 2817 3461 αἷμα
2837 3392 2929 3445 καὶ
2962 3391 3180 3461 πνεῦμα
3206 3395 3301 3447 καὶ
3326 3395 3393 3447 τὰ
3424 3395 3594 3451 αὐτοῦ
3624 3398 3797 3451 πάντα
3825 3401 3986 3453 κοινά

2420 3485 2672 3536 ποιεῖται·
2690 3482 2879 3536 τοῦτον
2894 3485 3001 3553 7&9
3013 3484 3105 3536 τὸν
3116 3484 3313 3552 τρόπον
3328 3485 3421 3536 καὶ
3438 3487 3706 3540 ἀνέπλασε
3725 3492 3818 3541 καὶ
3832 3490 3992 3543 ἑλει-

2420 3573 2627 3644 θέρωσε
2645 3574 2971 3639 καὶὲθέωσε,
2991 3575 3084 3628 τὸν
3101 3577 3230 3643 ὑγιᾶ
3253 3577 3344 3629 καὶ
3367 3576 3648 3647 ἐλεύθερον
3667 3584 3761 3633 καὶ
3783 3582 3990 3651 ἀληθι-

2418 3665 2509 3715 νὸν
2537 3663 2668 3715 Θεὸν
2701 3665 2894 3718 ἑαυτὸν
2923 3669 3057 3734 ἡμῖν
3089 3668 3378 3736 ἀναμίξας,
3408 3671 3504 3724 καὶ
3547 3670 3692 3725 οὕτω
3714 3673 3812 3742 τὴν
3844 3674 3985 3745 ἀλη-

2419 3754 2569 3824 θινὴν
2598 3754 2725 3808 ὄντα
2747 3756 3090 3824 δικαιοσύνην
3138 3759 3228 3811 τὸν
3255 3760 3503 3828 Χριστὸν,
3529 3762 3800 3832 ἡμέτερον
3836 3766 3986 3832 ἀγα-

2420 3842 2531 3908 θὸν,
2563 3844 2655 3893 καὶ
2683 3841 2787 3910 πρὸ
2812 3843 2920 3895 τῶν
2949 3849 3194 3911 φυσικῶν
3215 3847 3393 3900 αὐτῶν
3414 3849 3472 3902 τὸ
3509 3850 3651 3920 ίερδν
3684 3854 3991 3922 ἐργάζεται

2416 3931 2662 3995 δεῖπνον,
2717 3934 2857 3987 ὥστε
2897 3936 2990 3986 καὶ
3038 3935 3467 4007 φιλοτιμούμεθα
3516 3944 3628 4007 τοῖς
3673 3944 3840 3999 αὐτοῦ
3884 3949 3988 4002 καὶ

2416 4021 2489 4084 ὡς
2506 4021 2570 4074 ἂν
2605 4023 2757 4076 αὐτοὶ
2778 4025 3199 4094 κατωρθωκότες
3216 4029 3628 4101 εὐδοκιμοῦμεν,
3658 4037 3751 4087 καὶ
3782 4038 3991 4090 καλου-

2418 4111 2556 4181 μεθά
2593 4129 2656 4179 γε
2690 4114 2920 4181 ἐκεῖθεν,
2953 4115 3001 4167 εί
3038 4115 3135 4185 τὴν
3170 4121 3452 4173 κοινωνίαν
3491 4123 3853 4194 φυλάττομεν,
3885 4130 3991 4182 καὶ

2415 4202 2561 4263 εῖτις
2573 4200 2780 4270 ἀληθῶς
2796 4201 2951 4270 ἅγιος
2970 4204 3061 4256 καὶ
3074 4205 3280 4269 δίκαιος
3297 4209 3392 4259 καὶ
3407 4209 3582 4261 ὁτιοῦν
3604 4214 3709 4264 τῶν
3721 4217 3988 4271 ἐπαινου-

2419 4294 2595 4359 μένων
2611 4290 2815 4357 ἀκούοι,
2845 4294 2942 4361 τὴν
2974 4295 3291 4364 ἐπωνυμίαν
3322 4297 3380 4360 ἐξ
3403 4293 3477 4351 ὧν
3507 4300 3721 4355 ἐκείνου
3746 4307 3991 4380 τετύχη-

2416 4397 2530 4445 κεν,
2543 4381 2751 4436 ἔλασεν.
2779 4400 2797 4433 ι
2820 4383 2907 4434 Ἐν
2935 4382 3012 4453 τῷ
3033 4384 3150 4451 Θεῷ
3168 4387 3295 4455 γὰρ,
3326 4390 3510 4456 φησὶν,
3540 4391 3984 4464 ἐπαινεθήσεται

751 4450 936 4519 phiam
964 4450 1113 4505 omni
1148 4453 1327 4528 modo,
1366 4463 1423 4509 et
1451 4453 1552 4509 has
1606 4471 1773 4511 novas
1807 4459 2023 4514 divitias
2059 4460 2315 4515 exhibea-

2419 4471 2613 4540 ήψυχή
2637 4487 2762 4539 μου,
2786 4472 2879 4522 καὶ
2905 4450 3427 4543 ὲνευλογηθήσοντάι
3459 4450 3515 4529 ιν
3538 4480 3685 4550 αὐτῷ
3704 4450 3888 4539 πάντα

751 4554 895 4602 mus,
926 4540 1073 4592 nullo
1104 4541 1453 4610 superaddite
1485 4542 1621 4597 falso
1661 4545 2002 4611 numismate,
2048 4548 2306 4616 quoniam

751 4631 892 4685 hanc
918 4632 1088 4685 solam
1119 4633 1182 4687 ad
1210 4634 1631 4701 promerendum
1669 4652 1891 4707 regnum
1918 4639 2179 4693 caelorum
2209 4654 2307 4708 ap-

750 4729 966 4790 portare
1030 4737 1351 4790 possumus.
1406 4724 1541 4789 Quia
1591 4728 1733 4779 enim
1792 4728 2104 4797 praemium,
2158 4730 2303 4799 quod

749 4826 925 4879 pugna
976 4812 1213 4866 defuncti
1266 4816 1512 4884 accipere
1564 4816 1797 4881 debent,
1850 4817 1992 4875 Deus
2043 4820 2158 4887 ipse
2198 4829 2303 4885 est,

746 4904 1111 4957 necessarium
1146 4906 1358 4959 videtur
1414 4922 1546 4961 sane
1596 4908 1817 4977 praemio
1866 4910 2211 4986 respondere,
2250 4922 2303 4965 et

744 4994 958 5047 divinos
984 5010 1105 5049 esse
1131 4996 1295 5049 etiam
1344 5014 1567 5067 agones,
1606 4999 1885 5070 Deumque
1927 5002 2149 5057 athletis
2193 5018 2298 5058 non

2414 4562 2539 4631 ἔθνη
2560 4575 2574 4589 ⁶
2603 4579 2621 4613 s
2658 4560 2779 4615 ὅθεν
2803 4562 2911 4615 τῶν
2940 4562 3298 4633 ἀνθρωπίνων
3350 4567 3452 4634 μὲν
3499 4570 3679 4635 οὐδὲν,
3735 4575 3804 4625 τὰ
3837 4577 3989 4645 Χρι-

2413 4653 2538 4707 στοῦ
2564 4654 2619 4706 δὲ
2648 4653 3025 4722 άπαιτούμεθα
3054 4654 3148 4707 καὶ
3205 4656 3449 4723 ἐνεγκεῖν
3498 4659 3590 4713 ἐπὶ
3634 4661 3747 4714 τῶν
3780 4665 3990 4736 ψυχῶν

2410 4747 2503 4797 καὶ
2535 4747 2800 4814 φέροντας
2828 4744 3109 4809 ἀπελθεῖν,
3144 4745 3239 4799 καὶ
3266 4750 3469 4817 ταῦτην
3500 4752 3605 4821 πρὸ
3628 4752 3736 4806 τῶν
3774 4760 3994 4828 στεφά-

2408 4852 2515 4889 νων
2538 4835 2904 4901 ἐπιδείξασθαι
2934 4836 3031 4905 τὴν
3058 4839 3381 4909 φιλοσοφίαν
3411 4842 3475 4895 ἐκ
3506 4845 3707 4907 παντὸς
3741 4823 3988 4917 τρόπου,

2409 4928 2503 4980 καὶ
2531 4926 2719 4980 τοῦτον
2743 4926 2832 4980 τὸν
2856 4927 3041 4982 καινὸν
3071 4929 3320 4998 πλοῦτον,
3365 4933 3534 5002 μηδὲν
3569 4937 3992 5007 ὲπεισαγαγόν-

2414 5033 2511 5078 τας
2548 5015 2699 5087 αὐτῷ
2727 5017 2822 5070 τοῦ
2864 5020 3104 5089 πονηροῦ
3138 5021 3441 5091 κόμματος,
3467 5025 3543 5088 ὡς
3568 5026 3738 5096 μόνην
3770 5031 3873 5082 ταύ
3911 5048 3994 5100 ην

741 5085 917 5138 solum
959 5084 1159 5155 alipten
1196 5079 1317 5142 esse
1366 5092 1835 5160 certaminumque
1869 5094 2166 5162 auspicem,
2199 5096 2297 5151 sed

2416 5102 2569 5160 ὦσαν
2599 5079 2739 5178 ὑπὲρ
2791 5112 2887 5177 τῆς
2923 5079 3550 5182 ὲνᾞὺρανῷἚασιλιείαξ
3568 5079 3995 5197 ἀξιάλρεω-ςέόξ

739 5185 793 5230 et
842 5176 1016 5243 ipsum
1064 5178 1118 5231 in
1168 5179 1300 5247 ipsis
1353 5180 1569 5235 virtutis
1619 5198 1841 5239 munere
1886 5184 2060 5255 fungi.
2110 5188 2177 5241 Et
2224 5189 2295 5243 ita

742 5269 904 5323 linem
938 5269 1028 5338 qui
1059 5271 1323 5339 quaeritur
1346 5287 1469 5327 cum
1503 5276 1915 5344 praeparatione,
1946 5287 2000 5332 et
2024 5294 2296 5349 praepara-

746 5362 945 5414 tionem
992 5375 1117 5415 cum
1171 5362 1279 5417 line
1326 5377 1653 5435 congruere.
1702 5365 1855 5421 Sicut
1905 5371 2049 5423 enim
2092 5372 2144 5425 in
2200 5373 2299 5428 has

743 5458 925 5504 terras
975 5466 1073 5505 nos
1115 5453 1355 5519 mittens,
1404 5455 1536 5509 nihil
1585 5457 1744 5511 nobis
1795 5456 1941 5525 fecit,
1982 5473 2081 5515 nec
2118 5462 2301 5528 exegit

809 5646 1043 5746 itit-lein.
1079 5650 1283 5746 Ἦ,ρῇ
1351 5651 1686 5746 ξ’..νξιίιίρρσ
1721 5675 1806 5728 tu,
1848 5660 1903 5715 9.
1974 5660 2072 5715 "l
2132 5663 2259 5723 Cor.
2308 5684 2397 5735 xv,
2446 5669 2631 5727 50-53.
2707 5673 2752 5706 ”
2788 5674 2947 5731 Joan.
3003 5692 3122 5746 vm,
3172 5678 3261 5736 56.
3336 5681 3383 5713 "
3424 5682 3678 5741 lbid.56.

738 5733 924 5784 nun,
964 5719 1017 5773 5.
1093 5720 1141 5753 ’⁸
1171 5719 1309 5779 Gen.
1358 5738 1456 5787 ιιι.
1483 5726 1537 5780 5.

2405 5196 2527 5269 ράν.
2588 5199 2741 5251 Ἐπεὶ
2798 5198 2908 5271 γὰρ
2954 5194 3136 5265 ἆθλον,
3190 5202 3217 5255 ὃ
3276 5203 3358 5256 δεῖ
3413 5206 3568 5258 λασεῖ
3614 5194 3991 5279 ἀγωνισαμέ-

2406 5310 2551 5356 νους,
2581 5291 2609 5344 ὁ
2639 5291 2770 5354 Οεός
2800 5293 2946 5345 ἐστιν
2973 5296 3157 5359 αὐτὸς,
3195 5298 3410 5368 ἀνάγκη
3445 5292 3510 5371 δὴ
3542 5303 3675 5370 πρὶς
3697 5302 3759 5356 τὸ
3798 5306 3993 5380 γέρας

2409 5376 2671 5444 ἀνάλογον
2700 5378 2868 5451 ἔχειν,
2901 5382 2994 5433 καὶ
3026 5381 3203 5446 θείους
3240 5382 3379 5437 εἶναι
3414 5390 3539 5447 τοὺς
3584 5391 3824 5457 ἀγῶνας,
3878 5376 3993 5446 καὶ

2406 5466 2539 5519 om
2558 5469 2668 5531 τοῖς
2694 5468 2956 5538 ἀθληταῖς
2992 5472 3055 5526 οὺ
3083 5473 3243 5542 μόνον
3269 5476 3533 5546 ἀλείπτην
3555 5475 3693 5532 εἶναι
3728 5483 3827 5534 καὶ
3857 5480 3985 5537 τῶν

3753 5688 3801 5722 ³³
3825 5688 3994 5753 Psal.
