4154 6308
140 451 253 515 6:29

146 659 379 725 γίνεται,
420 663 514 712 καὶ
553 662 666 720 τοῖς
688 658 763 727 τῷ
802 661 937 728 ίερεῖ
958 662 1365 729 πεπραγμένοις
1399 664 1457 712 τὸ
1484 661 1705 712 τοιαῦτα

145 749 405 801 δύνασθαι
450 750 547 817 τὴν
592 750 772 803 οἰκίαν
818 750 912 802 καὶ
965 751 1062 816 τὴν
1108 750 1385 818 τράπεζαν
1437 753 1705 820 ἀπαντᾷν,

146 840 395 909 λέγωμεν
434 842 558 911 ἤδη,
597 843 935 912 Θεωροῦντες
971 843 1197 896 ἕκαστα.

229 933 297 985 Ἢ
333 934 427 1000 μὲν
445 929 536 985 οὖν
560 934 799 1003 ἀναΰο).ὴ
819 936 909 987 καὶ
932 934 989 985 τὸ
1010 935 1180 997 οὕτως
1207 935 1602 1003 ἐσκευασμένον
1622 939 1711 989 ἐπὶ

148 1022 243 1091 τὴν
270 1024 493 1094 τελετὴν
540 1026 767 1093 ἀφῖχθαι
809 1027 897 1077 τὸν
953 1027 1247 1094 ίερὰρχην,
1297 1029 1389 1079 τοῦ
1452 1031 1586 1081 κατὰ
1622 1030 1711 1082 τὸν

153 1115 441 1182 ἄνθρωπον
492 1119 887 1185 θυσιαστηρίου
920 1119 1119 1186 γράφει
1157 1119 1247 1169 τὸν
1277 1119 1442 1170 τύπον
1463 1138 1475 1152 ·
1507 1122 1565 1171 τὸ
1607 1122 1713 1189 γὰρ

154 1206 335 1258 πᾶσαν
392 1208 796 1275 ἀπονιψάμενον
864 1208 1131 1275 πονηρίαν
1194 1212 1289 1262 καὶ
1349 1211 1517 1280 ὑπὲρο
1560 1212 1714 1280 χιόνα

152 1292 513 1350 λευκανθέντα
544 1298 709 1349 Anii-.8
757 1294 878 1349 εἷπε
926 1299 1168 1351 συνελεῖν
1214 1301 1405 1352 ἑαυτὸν
1454 1303 1545 1353 καὶ
1580 1320 1717 1369 συμ-

156 1385 355 1450 πτύξαι
400 1388 492 1437 καὶ
524 1387 659 1455 προς
690 1388 881 1439 ἑαυτὸν
912 1387 1097 1439 νεῦσαι
1127 1388 1218 1439 τὸν
1250 1374 1555 1457 ἀνθρωττοι).
1587 1391 1718 1443 Θεὸν

156 1475 409 1538 ἐνοικίζει
439 1478 697 1546 καθαρῶς
724 1482 789 1545 τῇ
818 1479 961 1548 ψυχῇ
1004 1481 1094 1531 καὶ
1136 1480 1522 1550 θυσιαστήριον
1557 1485 1721 1550 ἐργά-

158 1564 306 1627 ζεται
329 1568 426 1629 τὴν
457 1570 701 1636 καρδίαν,
735 1571 950 1623 Τούτων
978 1571 1085 1638 γὰρ
1112 1576 1334 1639 σημεῖα,
1376 1574 1469 1625 τοῦ
1507 1576 1626 1641 μὲν,
1660 1574 1721 1626 τὸ

156 1655 361 1722 λευκὴν
408 1654 549 1710 εἶναι
603 1661 695 1711 καὶ
742 1660 1067 1728 λάμπουσαν
1112 1663 1260 1729 αὐτῷ
1306 1664 1401 1731 τὴν
1432 1665 1721 1733 ἀναϐολὴν,

161 1748 370 1799 ἐκείνου
410 1749 485 1811 δὲ,
511 1749 573 1800 τὸ
595 1751 931 1818 πανταχόθεν
965 1752 1098 1819 πρὸς
1135 1754 1323 1805 ἑαυτὸν
1354 1754 1723 1822 ἐπεστράφθαι

160 1839 254 1890 καὶ
300 1841 670 1908 συνεπτύχθαι
702 1842 778 1910 τῷ
813 1842 1024 1911 σώματι
1048 1860 1063 1875 ο
1100 1846 1191 1895 καὶ
1225 1844 1366 1897 οῦτω
1406 1844 1473 1896 δι’
1539 1840 1611 1896 ὧν
1642 1845 1726 1908 ἐξα

159 1944 311 1981 εστιν
344 1933 401 1981 ἐν
449 1931 632 1999 ἐαυτῷ
668 1933 769 1998 πρδ
803 1933 894 1985 τοῦ
930 1934 1191 2000 τεμένους
1232 1936 1291 1985 τὸ
1338 1935 1725 2002 θυσιαστήριον

159 2021 363 2084 δείξας,
390 2021 581 2077 ἔπειτα
604 2023 678 2089 τῷ
704 2024 917 2091 τεμένει
943 2025 1039 2093 τὴν
1060 2025 1322 2079 τελοῦσαν
1343 2026 1523 2079 δίδωσι
1552 2029 1725 2095 χεῖρα,

165 2114 405 2180 μάλιστα
441 2114 539 2181 μὲν
596 2114 718 2166 ἐπεὶ
767 2116 861 2166 καί⁵
896 2116 1099 2183 τεχνῶν
1144 2119 1257 2178 τοῖς
1312 2119 1730 2187 προϊσταμένοις

163 2205 258 2257 καὶ
295 2205 438 2266 ὅλως
493 2205 670 2258 ὁτιοῦν
723 2205 1047 2275 ἐργάζεσθαι
1102 2209 1421 2275 δυναμένοις
1469 2210 1576 2279 πρὸ
1623 2210 1731 2262 τῶν

163 2296 367 2363 χειρῶν
400 2287 703 2362 ὲφἿὲαυτοῦ
746 2299 1043 2368 συνέστησε
1072 2301 1131 2353 τὸ
1177 2301 1335 2369 ἔργον
1378 2305 1402 2353 ὀ
1443 2301 1728 2371 λογισμός·

166 2387 261 2439 καὶ
286 2390 313 2438 ὁ
348 2388 445 2454 μὲν
478 2387 505 2440 3
535 2391 899 2458 συνεστήσατο
925 2393 1124 2444 κανόνα
1158 2395 1277 2453 ταῖς
1300 2393 1485 2461 χερσὶν
1507 2393 1731 2456 ἔδωκεν,

168 2478 225 2530 αἱ
258 2478 317 2531 δὲ
344 2480 436 2530 ἐπὶ
460 2480 559 2548 τῆς
591 2480 722 2549 ῦλης
753 2481 977 2544 ἔδειξαν.
1008 2484 1117 2536 Καὶ
1151 2485 1258 2552 μὴν
1290 2490 1385 2537 καὶ
1412 2485 1736 2554 ζωγράφους

164 2566 288 2621 ἐστι
350 2570 450 2637 μὲν
487 2570 622 2639 πρὸς
678 2571 771 2622 τὸν
826 2573 1136 2641 ἀρχέτυπον
1183 2574 1417 2643 γράφειν
1472 2577 1581 2629 ἀπὸ
1629 2577 1737 2628 τῶν

166 2658 424 2710 πινάκων
484 2662 843 2727 ποιουμένους
888 2662 987 2729 τὴν
1039 2662 1254 2739 τέχνην,
1306 2664 1383 2715 ἔτι
1432 2665 1487 2716 δὲ
1535 2670 1626 2717 καὶ
1670 2669 1733 2734 τῇ

171 2748 366 2816 μνήμῃ
400 2748 470 2799 τὰ
496 2749 717 2801 τοιαῦτα
766 2752 1077 2820 χρωμένους
1109 2753 1201 2805 καὶ
1231 2753 1368 2821 πρὸς
1415 2754 1512 2823 τὴν
1560 2754 1738 2825 ψυχὴν

164 2836 417 2905 ὁρῶντας
446 2839 799 2907 παράδειγμα
866 2843 958 2893 καὶ
989 2844 1047 2894 ού
1099 2842 1409 2911 ζωγράφοις
1454 2843 1611 2896 τοῦτο
1647 2844 1741 2911 μό-

167 2942 280 2989 νον,
322 2926 441 2978 ἀλλ’
474 2928 573 2998 ήδη
605 2931 699 2980 καὶ
730 2930 1195 2999 ἁνδριαντοποιοῐς
1225 2934 1321 2985 καὶ
1352 2933 1539 2985 οίκιῶν
1570 2935 1739 3002 ἐργά-

168 3033 294 3079 ταις
327 3017 687 3087 δημιουργοῖς
723 3019 894 3072 ἅπασι
935 3022 1234 3090 συμϐαῖνον
1268 3022 1368 3074 ίδοι
1402 3040 1484 3084 τις
1519 3022 1605 3076 ἄν.
1634 3025 1741 3077 Καὶ

167 3108 272 3178 τὴν
303 3108 400 3161 τοῦ
440 3110 688 3179 τεχνίτου
723 3110 898 3181 ψυχὴν
943 3112 1239 3181 ὀφθαλμοῖς
1285 3113 1432 3175 ἰδεῖν,
1466 3116 1519 3167 εἴ
1558 3131 1639 3177 τις
1674 3112 1741 3185 ἦν

174 3199 421 3268 μηχανὴ,
454 3192 630 3270 αὐτὴν
646 3200 712 3254 ἂν
747 3198 885 3265 εἶδες
913 3203 1007 3271 τὴν
1026 3205 1201 3257 οἰκίαν
1234 3204 1265 3273 ἢ
1302 3203 1392 3257 τὸν
1429 3204 1738 3274 ἀνδριάντα,
1773 3229 1816 3285 C

171 3288 207 3358 ἢ
233 3290 349 3341 τῶν
374 3290 555 3360 ἔργων
584 3292 762 3345 ὁτιοῦν
798 3294 894 3361 τῆς
927 3293 1060 3361 ῦλης
1090 3297 1277 3365 χωρίς.

250 3380 491 3434 Ἔπειτα
524 3382 878 3452 παράδειγμα
900 3384 991 3435 τοῦ
1017 3384 1407 3456 θυσιαστηρίου
1438 3389 1529 3440 τὸν
1564 3390 1746 3458 ίεραρ-

171 3487 279 3540 χην
314 3470 378 3523 οὔ
420 3471 577 3525 τοῦτο
613 3474 755 3525 ποιεῖ
789 3473 970 3542 μόνον,
1021 3475 1240 3529 ὅτιτῶν
1283 3478 1542 3530 τοιούτων
1586 3480 1747 3541 αὐτὸς

173 3560 456 3629 τεχνίτης,
489 3561 604 3613 ἀλλ’
632 3563 714 3616 ὅτι
748 3565 873 3625 ναδς
908 3560 1049 3617 εἶναι
1072 3565 1204 3618 Θεοῦ
1241 3568 1336 3620 καὶ
1363 3568 1747 3638 θυσιαστήριον

175 3652 402 3720 ἀληθῶς
433 3652 569 3722 μόνη
600 3654 704 3708 τῶν
732 3656 1024 3724 ὁρωμένων
1055 3659 1088 3725 ἡ
1120 3660 1228 3711 τῶν
1254 3658 1554 3729 ἀνθρώπων
1590 3660 1750 3713 δύναα

176 3758 271 3794 ται
313 3741 500 3808 φύσις,
528 3743 603 3805 ὡς
638 3744 697 3796 τό
722 3761 783 3805 γε
816 3746 1005 3814 χερσὶν
1035 3747 1337 3817 ἀνθρώπων
1370 3751 1540 3817 παγὲν
1566 3752 1749 3804 είκὸνα

178 3830 381 3884 τούτου
418 3832 582 3895 σώζει
615 3834 709 3886 καὶ
747 3835 917 3887 τύπον
988 3837 1109 3889 ὅθεν
1138 3839 1245 3891 ἔδει
1272 3840 1331 3891 τὸ
1376 3842 1605 3909 πρᾶγμα
1645 3841 1753 3910 πρὸ

181 3922 288 3983 τῆς
342 3923 549 3983 εἰκόνος
608 3927 665 3975 ἐν
718 3924 794 3992 τῷ
849 3927 1089 3995 σχήματι
1141 3928 1313 3997 τούτῳ
1373 3931 1609 3998 φανῆναι
1659 3934 1753 3983 καὶ

183 4013 426 4097 τάληθὲς
476 4015 587 4075 τοῖς
635 4014 826 4077 τύποις
882 4019 1251 4097 ἡγήσασθαι..
1277 4021 1337 4072 '0
1380 4021 1489 4089 γὰρ
1550 4022 1749 4084 εἰπὼν,

190 4132 210 4161 ε
256 4113 417 4164 Ποῖον
448 4109 593 4165 οἶνον
619 4114 1000 4183 οἰκοδομήσετέ
1051 4130 1141 4182 μοι
1176 4130 1189 4176 ;
1224 4113 1541 4179 Ἐνοικήσω,
1567 4112 1752 4179 φησιν,

186 4204 247 4254 ἐν
281 4204 467 4266 αὐτοῖς
498 4206 588 4257 καὶ
616 4206 1073 4274 ὲμπεριπατήσω·
1104 4223 1121 4255 ι
1157 4203 1420 4271 Σημαίνοι
1443 4202 1486 4255 δ’
1510 4202 1575 4255 ἂν
1602 4196 1753 4270 οἶμαι

185 4300 438 4363 κακεῖνο,
481 4299 556 4359 ὡς
608 4299 699 4361 τον
732 4298 1053 4366 βουλόμειον
1104 4296 1281 4359 ἄλλοις
1331 4296 1520 4361 ὄφελος
1593 4290 1751 4353 εἶναι.

186 4387 447 4456 προσῆκε
488 4390 751 4457 πρότερον
782 4390 980 4455 ἐαυτῷ,
1030 4388 1119 4438 καὶ
1152 4387 1241 4439 τὸν
1274 4386 1496 4454 ἀψύχοις
1530 4385 1756 4452 δύναμιν

180 4478 432 4531 ἐνθεῖναι
472 4478 741 4544 τοσαύτην
773 4476 1076 4542 ἠξιωμένον
1101 4473 1275 4540 ἑαυτῷ
1312 4474 1415 4541 πρὸ
1447 4473 1666 4525 ἐκείνων
1688 4472 1754 4525 τὰ

1207 456 1301 514 DE
1346 456 1515 515 \"TA
1565 453 1642 511 ΙΝ
1684 455 2009 513 CllRlS'l‘O
2052 454 2189 513 LIB.
2234 456 2296 513 V.

222 568 328 620 Τὸν
350 568 405 620 δὲ
444 566 623 635 λόγον,
654 565 769 620 ἀνθ’
802 568 920 619 ἴτου
949 568 1147 620 τούτων
1170 569 1505 637 τελουμένων
1533 571 1705 620 ἐκεῖνο
1738 573 1778 623 Α

3252 452 3370 523 ego

1885 567 2165 620 Rationem
2223 575 2404 621 autem
2438 574 2655 635 propter
2686 580 2851 635 quam
2897 565 2985 620 his
3034 570 3373 622 carremoniis

1809 657 1900 711 illa
1931 659 2077 717 fiant.
2104 660 2297 727 hisque
2330 674 2357 710 ιι
2386 658 2669 711 sacerdote
2720 658 2973 726 peractis,
3006 671 3235 724 quorum
3270 657 3373 711 do-

1812 764 1930 800 mus
1961 756 2014 802 et
2048 763 2233 802 mensa
2263 762 2364 802 nos
2392 757 2669 801 moneant.
2711 761 2856 802 nune
2882 746 3096 816 singula
3123 748 3375 802 conside-

1812 852 1994 892 rantes
2025 838 2341 892 doceamus.

1881 926 2131 979 Amictns
2184 925 2368 995 igitur,
2428 933 2481 979 et
2528 925 2672 993 quod
2723 926 2801 979 sie
2858 924 2924 977 ad
3007 921 3377 978 caerimoniam

1816 1018 2396 1085 consecrationemque
2473 1016 2661 1070 altaris
2748 1014 3054 1069 obeundam
3131 1013 3380 1076 accedit,

1816 1110 2001 1163 altaris
2051 1109 2273 1161 humani
2324 1118 2511 1177 typum
2559 1106 2745 1161 refert.
2814 1104 3165 1175 lniquitatem
3226 1104 3384 1172 quip-

1816 1216 1882 1269 pe
1944 1216 2162 1253 omnem
2226 1200 2489 1263 abfuisse,
2557 1209 2612 1253 et
2671 1212 2837 1265 super
2914 1199 3093 1252 nivem
3158 1195 3383 1249 dealba-

1819 1303 1931 1346 tum
1984 1307 2125 1351 esse.
2198 1300 2253 1343 ut
2315 1290 2479 1343 David
2532 1289 2776 1358 loquitur
2842 1288 2907 1354 “,
2986 1303 3109 1344 sese
3169 1295 3388 1339 eontra-

1822 1385 1992 1445 xisse,
2034 1386 2086 1437 in
2143 1392 2314 1437 sentet
2354 1384 2713 1448 convolvisse,
2785 1384 2836 1435 in
2885 1396 2944 1436 se
3018 1378 3388 1440 descendisse,

1823 1478 1987 1529 Deum
2046 1475 2281 1544 perfecte
2338 1475 2584 1527 habitare
2635 1475 2685 1527 in
2745 1474 2947 1535 anima,
2986 1483 3039 1526 et
3083 1487 3177 1524 cor
3220 1471 3391 1523 altare

1826 1568 1973 1620 facit.
2009 1567 2213 1619 "orum
2264 1565 2483 1630 indicia,
2527 1566 2689 1632 hujus
2739 1566 2897 1618 albus
2932 1571 2983 1616 et
3017 1565 3217 1616 nitidus
3252 1561 3391 1614 anti-

1826 1668 1981 1723 ctus;
2019 1658 2187 1718 illius,
2215 1660 2357 1725 quod
2384 1666 2528 1709 totus
2565 1660 2627 1709 al
2665 1656 2829 1707 Delum
2865 1666 2947 1708 est
2991 1668 3306 1715 conversus,
3338 1663 3394 1706 et

1827 1751 1874 1805 ei
1916 1764 2144 1817 corpore
2195 1762 2369 1816 prono
2419 1748 2703 1813 supplicat.
2740 1746 2804 1797 Et
2834 1747 2929 1809 ita,
2966 1761 3111 1803 cum.
3150 1760 3242 1812 per
3270 1758 3393 1811 qme

1831 1849 2026 1909 potest,
2103 1840 2158 1893 in
2210 1841 2392 1907 seipso
2444 1839 2616 1891 altare
2674 1838 2825 1905 prius
2874 1836 3134 1894 effecerit,
3201 1834 3403 1888 deinde

1832 1932 2035 1999 templo
2070 1945 2291 1985 manum
2333 1930 2581 1983 ultimam
2623 1923 2855 1997 imponit
2884 1943 2899 1992 ;
2928 1929 3161 1980 maxime
3190 1942 3311 1980 eum
3344 1936 3398 1980 et

1832 2022 1881 2075 in
1933 2021 2257 2082 artificibus,
2309 2030 2368 2074 eti
2390 2021 2612 2075 omnino
2670 2023 2723 2074 in
2760 2017 3043 2089 quibusvis
3088 2016 3394 2084 npiﬁeibus,

1832 2120 1956 2164 ante
1985 2126 2206 2179 operam
2240 2126 2501 2165 manuum
2526 2111 2782 2179 cogitatio
2808 2111 2858 2161 in
2883 2110 3059 2176 seipsa
3087 2122 3224 2176 opus
3254 2120 3401 2161 com-

1833 2211 2021 2269 ponat,
2061 2210 2116 2255 et
2165 2201 2311 2270 quod
2344 2202 2679 2270 composuit,
2713 2201 2842 2255 illud
2886 2214 2984 2270 pro
3012 2199 3194 2268 regula
3228 2196 3403 2251 mani-

1834 2291 1939 2343 bus
1967 2290 2306 2359 praescribat,
2343 2306 2506 2359 quam
2546 2292 2648 2343 illa:
2675 2292 2728 2343 in
2772 2290 2997 2344 materia
3029 2289 3272 2358 subjecta
3303 2303 3403 2343 ex-

1834 2382 2098 2450 primunt.
2129 2382 2271 2446 Quin
2302 2383 2465 2435 etiam
2502 2383 2736 2449 pictores
2766 2382 3121 2449 archetypum
3153 2380 3402 2447 pingunt,

1836 2480 2121 2540 artemque
2160 2488 2189 2525 a
2228 2472 2448 2537 tabulis,
2502 2488 2638 2540 quas
2672 2472 2976 2535 imitantur,
3009 2472 3236 2525 ducunt.
3269 2469 3405 2525 Pos~

1837 2570 1966 2614 sunt
1998 2563 2160 2616 etiam
2195 2564 2459 2617 memoria
2511 2573 2565 2617 et
2613 2564 2923 2617 simulacris
2957 2578 3075 2630 quce
3102 2563 3284 2615 animo
3319 2576 3407 2616 re-

1841 2652 2013 2705 tinent
2058 2668 2157 2721 pro
2184 2654 2448 2722 exemplis
2482 2654 2580 2707 uti.
2624 2654 2735 2707 Hoc
2764 2670 2924 2721 porro
2966 2670 3072 2707 non
3106 2653 3409 2721 pictoribus

1839 2742 2129 2807 duntaxat,
2161 2746 2256 2797 sed
2303 2745 2584 2798 statuariis
2618 2760 2856 2813 quoque,
2888 2754 2942 2800 et
2979 2745 3295 2801 architectis
3355 2754 3412 2801 et

1841 2834 2132 2901 Opificibus
2163 2836 2381 2889 demum
2409 2837 2679 2890 universis
2704 2853 2803 2890 usu
2830 2838 3016 2889 venire
3061 2847 3270 2892 eertum
3303 2846 3409 2894 est.

1843 2926 1905 2978 Et
1944 2927 1986 2980 si
2027 2942 2134 2995 quo
2166 2929 2401 2982 artificio
2438 2937 2621 2997 posset
2650 2928 2835 2980 anima
2865 2928 3093 2981 artificis
3128 2928 3250 2983 istis
3274 2942 3411 2983 oeu-

1844 3017 1911 3071 lis
1939 3018 2130 3081 videri,
2165 3019 2217 3071 in
2251 3034 2311 3072 ea
2357 3027 2447 3071 aut
2474 3020 2719 3085 domum,
2767 3027 2861 3071 aut
2907 3018 3139 3087 quodvis
3184 3034 3419 3088 operum

1845 3109 1961 3162 sine
1998 3110 2223 3164 materia
2273 3110 2602 3165 videremus.

1920 3376 2121 3432 Deinde
2164 3377 2507 3431 hierareham
2536 3378 2813 3447 exemplar
2844 3378 3029 3433 altaris
3058 3393 3164 3433 non
3195 3379 3299 3435 hoc
3330 3394 3421 3435 so-

1848 3468 1958 3520 lum
1994 3467 2144 3532 facit,
2180 3468 2322 3536 quod
2378 3469 2571 3521 harum
2618 3484 2797 3521 rerum
2854 3469 2970 3537 ipse
3006 3480 3159 3524 actor
3184 3479 3289 3536 est,
3320 3471 3417 3525 sed

1848 3559 1991 3628 quod
2025 3574 2147 3612 vere
2196 3559 2456 3622 templum
2504 3560 2592 3613 Dei
2650 3570 2702 3613 et
2761 3560 2930 3615 altare
2981 3576 3121 3625 esse,
3183 3562 3299 3616 sola
3352 3578 3421 3616 ex

1848 3650 2011 3704 rebus
2039 3667 2160 3718 quae
2198 3655 2299 3705 sub
2334 3660 2617 3719 aspectum
2670 3652 2896 3716 cadunt,
2934 3652 3175 3707 humana
3222 3663 3420 3709 natura

1850 3750 2047 3810 potest.
2081 3741 2265 3811 Itaque
2293 3746 2547 3803 manibus
2585 3745 2869 3799 hominum
2905 3747 3068 3798 fixum
3102 3756 3155 3800 et
3180 3747 3421 3801 locatum

1852 3832 2143 3900 imaginem
2184 3842 2236 3887 et
2271 3842 2455 3904 typum
2492 3835 2651 3902 huius
2688 3847 2888 3891 servat.
2924 3836 3001 3890 Ex
3038 3854 3149 3906 quo
3202 3847 3421 3907 oporte-

1852 3924 1943 3977 bat
1974 3939 2086 3978 rem
2122 3936 2246 3978 ante
2284 3927 2573 3995 imaginem
2604 3928 2654 3980 in
2691 3929 2968 3983 schemate
3006 3931 3106 3983 hoc
3140 3944 3423 3998 apparere,

1854 4023 1909 4069 et
1944 4016 2226 4069 veritatem
2280 4016 2474 4071 formis
2510 4020 2851 4073 antecedere.
2891 4020 2992 4085 Qui
3045 4021 3190 4073 enim
3244 4021 3423 4076 dixit:

1862 4127 1880 4159 ι
1927 4106 2180 4176 Nunquid
2213 4109 2431 4171 domum
2450 4113 2513 4164 ‘tu
2547 4112 2842 4166 aadilieabis
2891 4112 3022 4165 mihi
3070 4114 3137 4167 ad
3178 4114 3431 4168 habitan—

1856 4203 1981 4255 dum
1997 4202 2074 4255 '5?
2100 4219 2224 4253 i—t
2258 4200 2546 4267 Habitabo,
2566 4202 2759 4271 inquit,
2776 4202 2915 4257 inter
2933 4219 3044 4265 vos.
3063 4205 3430 4261 etinambula-

1857 4294 2036 4347 bo‘“.i
2077 4293 2211 4347 Illud
2272 4294 2396 4345 item
2428 4292 2713 4361 significat,
2748 4295 2960 4362 opinor,
3006 4297 3276 4349 volentem
3308 4297 3430 4353 aliis

1858 4386 2225 4450 commodare,
2261 4395 2386 4439 ante
2418 4386 2635 4439 sibimet
2658 4385 2853 4440 debere
2876 4389 3241 4455 prodesse;et
3268 4395 3428 4444 rebus

1860 4478 2349 4531 inanimistantam
2403 4477 2656 4531 virtutem
2691 4478 2983 4532 immittere
3037 4482 3425 4549 postulantem,

178 4566 422 4620 τοιαῦτα
484 4566 738 4633 λυσιτελῆ
793 4565 1160 4631 καταστῆναι,
1223 4562 1472 4632 καθάπερ
1523 4562 1617 4613 καὶ
1668 4562 1742 4613 τὺι

1862 4571 1963 4622 sibi
1998 4572 2151 4637 prius
2184 4573 2297 4622 tunc
2330 4568 2480 4621 utilia
2528 4568 2757 4622 reddere
2792 4570 2954 4636 (sicut
3006 4583 3059 4624 et
3113 4574 3428 4642 episcopum

180 4658 494 4709 ἐπίσκοπον
528 4656 736 4715 Παῦλος
767 4654 964 4718 ἰξῖωσε
1009 4654 1160 4705 πόλει
1211 4654 1303 4703 καὶ
1347 4653 1537 4719 δήμοις
1568 4652 1761 4720 ἐσόμε-

184 4767 280 4802 νον
328 4747 535 4815 ἀγαθδν
566 4748 657 4815 ἀφ’
693 4746 874 4808 ἑστίας
909 4743 1196 4815 ἄρξασθαι,
1231 4746 1324 4795 καὶ
1351 4744 1440 4793 τὶν
1468 4744 1761 4811 οἰκήσοντα

183 4839 382 4900 καλῶς
412 4838 510 4907 τὴν
542 4838 718 4890 οἰκίαν
748 4836 937 4888 ἑαυτὸν
966 4835 1103 4885 κατᾶ
1135 4836 1223 4885 τον
1254 4834 1416 4899 ὀρθὸν
1442 4833 1597 4898 λόγον
1626 4834 1759 4899 πρύ-

182 4947 358 4999 τερον
389 4930 633 4995 ἀγαγεῖν.
663 4930 841 4978 Δείται
884 4925 941 4976 δὲ
974 4922 1066 4974 τοῦ
1109 4921 1245 4974 Θεοῦ
1297 4921 1433 4988 πρὸς
1475 4921 1533 4971 τὸ
1566 4920 1759 4987 ἔργον

186 5023 288 5077 καί
326 5020 438 5090 γὰρ
466 5018 661 5071 ἀνῦσαι
699 5017 796 5086 μὲν
825 5006 1032 5068 δύναιτ’
1062 5012 1126 5066 ἂν
1157 5012 1329 5072 οὐδεὶς
1383 5016 1455 5078 μὴ
1501 5010 1593 5062 τοῦ
1627 5009 1762 5063 θεοῦ

187 5109 402 5183 τυχὼν,
438 5109 554 5162 οὐδὲ
577 5109 684 5160 τῶν
714 5106 889 5159 ἄλλων
917 5107 1094 5168 οὐδὲν,
1127 5104 1357 5173 μάλιστα
1404 5102 1459 5153 δὲ
1510 5101 1617 5152 τῶν
1666 5119 1765 5169 μυ-

190 5201 465 5273 στηρίων,
522 5200 579 5250 ὲν
633 5192 714 5259 οἷς
760 5197 819 5248 τὸ
869 5198 975 5248 πᾶν
1029 5196 1239 5247 ἐκείνου
1273 5191 1531 5260 καθαρῶς
1584 5190 1764 5259 ἔργον.

201 5292 371 5347 Ἐπεὶ
419 5291 475 5343 δὲ
523 5290 551 5341 ὀ
609 5288 789 5348 κοινὸς
839 5287 1118 5354 Δεσπότης
1165 5287 1270 5337 τῶν
1319 5283 1520 5335 δούλων
1568 5282 1666 5333 οὐκ
1707 5280 1764 5345 ἐξ

191 5384 579 5450 ἐπιτάγματος
600 5378 932 5449 προύνοήθη.
962 5377 1067 5429 οὐδ’
1105 5375 1314 5442 ἔπεμψε
1345 5375 1468 5435 τοὺς
1498 5375 1763 5440 ἐπιμελη-

188 5476 486 5544 σομένους,
533 5470 646 5523 ἀλλ’
690 5471 850 5531 αὐτὸς
882 5466 1032 5536 ἦλθε,
1070 5468 1165 5519 καὶ
1206 5468 1420 5518 πάντων
1454 5465 1519 5516 δι’
1551 5459 1626 5516 ὧν
1658 5464 1764 5514 ἔδει

196 5567 399 5620 σώσων
436 5560 731 5628 αὐτουργὸς
756 5554 823 5628 ἦν
873 5558 1061 5609 τούτου
1089 5557 1247 5625 χάριν
1276 5555 1363 5606 τὸν
1396 5555 1654 5622 ίεράρχην
1678 5552 1767 5603 τὶν

194 5656 421 5709 ἐκείνου
452 5652 736 5704 δεικνύντα
774 5647 1020 5717 μαθητὴν
1048 5646 1366 5714 αὐτοχειρίᾳ
1398 5643 1671 5711 πηγνύναι
1698 5644 1758 5694 τὸ

275 5852 321 5882 ’⁸
366 5846 509 5903 l‘sal.
540 5861 591 5912 L,
626 5843 679 5897 9.
758 5843 799 5873 "
839 5841 880 5894 ιι
926 5841 1051 5911 Ιὶιιε.
1085 5857 1180 5906 vn,
1212 5840 1265 5896 Ei.

1341 5840 1382 5872 ³⁸
1406 5837 1575 5892 Lex-it.
1621 5853 1767 5902 μιν,
1802 5837 1863 5890 12
1891 5853 1904 5903 ;
1935 5832 1976 5889 ιι
2005 5834 2133 5891 Cor.
2182 5848 2254 5899 γι,
2294 5830 2378 5888 16.

1860 4661 2062 4715 Paulus
2102 4675 2316 4727 aquam
2345 4661 2553 4713 censuit
2595 4660 2710 4712 mhi
2739 4670 2793 4713 et
2822 4663 3034 4730 populis
3059 4664 3430 4732 profuturum,

1862 4767 1889 4802 a
1923 4750 2085 4802 domo
2135 4765 2232 4802 sua
2271 4748 2505 4816 incipere
2539 4749 2605 4816 ")
2640 4758 2693 4803 et
2740 4750 2876 4804 bene
2928 4752 3429 4808 administraturum

1862 4840 2109 4902 tlmimm,
2144 4841 2385 4908 seipsuut
2420 4840 2717 4893 secundum
2749 4851 2951 4894 rectam
2986 4842 3248 4897 rationem
3284 4846 3434 4912 prius

1866 4944 2072 4997 regere.
2135 4927 2283 4997 Opus
2354 4940 2437 4983 est
2483 4941 2663 4982 autem
2716 4932 2823 4983 Deo
2871 4931 2941 4984 ad
2976 4932 3079 4987 hoc
3112 4948 3272 5001 Opus,
3315 4936 3434 4991 sine

1866 5023 2023 5087 rnjus
2058 5035 2162 5088 ope
2208 5036 2307 5073 nvc
2340 5020 2484 5073 aliud
2533 5022 2855 5090 quidquam,
2905 5023 3105 5078 nedum
3150 5030 3431 5095 mysteria.

1867 5110 2146 5177 inquibus
2189 5120 2361 5163 totum
2424 5125 2565 5177 opus
2613 5111 2759 5165 illius
2791 5111 2964 5165 solius
3014 5122 3117 5177 est,
3180 5129 3436 5183 peragere

1866 5213 2050 5270 queat.
2076 5200 2215 5265 Quia
2246 5216 2377 5255 vero
2408 5201 2715 5255 communis
2749 5210 2833 5255 est
2872 5201 3154 5270 Dominus,
3194 5218 3298 5256 non
3342 5220 3437 5273 per

1870 5294 2227 5347 subsidiarios
2264 5294 2543 5346 consuluit
2593 5292 2767 5346 servis
2817 5293 2953 5357 suis,
3015 5309 3112 5347 nec
3155 5302 3439 5348 curatores

1876 5384 2044 5447 misit,
2082 5384 2173 5437 sed
2229 5384 2485 5450 ipsemet.
2523 5381 2692 5445 \‘L‘ttil,
2743 5389 2797 5434 et
2856 5382 3039 5435 omnia
3107 5395 3228 5449 qua:
3290 5383 3439 5437 salus

1875 5486 2058 5528 nostra
2154 5475 2510 5541 requirebat,
2616 5485 2710 5540 per
2772 5487 2831 5525 se
2899 5473 3132 5541 ipsemet
3227 5474 3440 5540 praesti—

1877 5572 1959 5623 tit.
2011 5567 2184 5630 Quam
2233 5565 2303 5618 ob
2353 5580 2599 5626 causam,
2648 5563 2989 5616 hierarcham
3058 5564 3204 5617 illius
3245 5579 3304 5618 se
3361 5564 3444 5616 di-

1876 5659 2144 5726 scipulum
2191 5656 2591 5719 ostendentem,
2640 5668 2737 5707 sua
2768 5669 2929 5706 manu
2997 5654 3167 5709 altare
3205 5662 3444 5710 statuere

2457 5830 2502 5863 ²⁷
2544 5828 2564 5883 l
2609 5827 2751 5882 Tim.
2782 5844 2868 5895 ιιι,
2906 5829 3027 5883 2-5.
