4154 6308
302 376 399 435 73;
1380 378 1477 437 DE
1518 376 1695 438 VITA
1737 376 1817 435 IN
1849 377 2180 457 CIIRISTO
2213 384 2363 445 LIB.
2401 387 2464 446 V.

3409 385 3515 447 63$

268 502 410 539 σὀν
434 485 539 536 τῶν
555 484 907 552 τελουμένων.
946 485 1123 537 Πάντα
1154 487 1260 555 γάρ
1294 488 1410 539 δέον
1439 490 1516 549 εἱς
1539 488 1696 553 δόξαν
1713 488 1847 541 θεοῦ

1957 491 2330 560 praecipueque
2385 493 2667 563 mysteria,
2698 493 2921 563 quando
2966 493 3218 548 omnibus
3249 495 3511 548 cenduci-

262 579 482 641 ποιεῖν,
520 576 589 627 τὰ
623 577 891 646 μυστήρια
922 578 1153 644 μάλιστα
1182 581 1415 643 πάντων,
1450 580 1557 648 ὅσῳ
1589 581 1680 633 καὶ
1711 580 1845 633 πάν-

264 685 398 722 των
425 665 837 741 ἳυσιτελέστερα
868 672 958 723 καὶ
986 672 1120 724 Θεοῦ
1149 672 1332 740 μόνου.

373 761 520 814 Ἐπεὶ
560 762 618 815 δὲ
667 762 772 827 πρὸ
818 762 926 813 τῶν
966 762 1125 814 θείων
1173 765 1414 833 χαρίτων
1463 764 1522 814 οὐ
1592 762 1845 830 καθαίρει

278 851 421 903 σθαι
442 853 621 918 μόνον,
644 853 776 905 ἀλλὰ
810 856 902 905 καὶ
931 854 1026 915 τὰς
1063 854 1377 923 συστοίχους
1410 855 1601 915 αὑταῖς
1622 856 1844 925 ἀρετάς,

270 940 366 1000 ὼς
403 935 502 993 οἷοί
529 943 590 993 τὲ
638 944 824 1008 ἐσμεν,
866 942 1266 997 ἐπιδείκνυσθαι
1318 946 1444 1015 χρὴ,
1489 947 1562 1007 ὼς
1600 947 1695 997 οὐκ
1734 947 1849 997 ὲνον

269 1030 464 1093 ἄλλως
499 1033 788 1100 τυγχάνειν
824 1034 917 1085 τοῦ
959 1032 1194 1103 χορηγοῦ
1223 1036 1330 1087 τῶν
1356 1037 1625 1100 τοιούτων,
1663 1035 1713 1104 (ό
1741 1036 1849 1103 γὰρ

269 1121 421 1183 Usa;
447 1122 610 1191 εὐχὴν
640 1122 821 1201 δίδωσι
855 1123 914 1175 οὐ
949 1128 1059 1188 τοῖς
1093 1126 1464 1190 καθεύδουσιν,
1492 1126 1625 1177 ἀλλὰ
1654 1124 1848 1193 τῷοεύ-

270 1210 519 1279 χομένῳ,
546 1212 640 1263 καὶ
668 1213 758 1264 τὸν
784 1212 1177 1279 ἀγωνιζόμενον
1204 1214 1415 1280 ἀλείφει
1445 1214 1537 1266 καὶ
1573 1216 1851 1283 σωφροσύ-

271 1315 384 1367 νης
406 1300 584 1353 δίδωσι
598 1301 840 1370 χάρισμα
858 1301 935 1372 τῷ
958 1303 1024 1355 δι’
1048 1299 1122 1358 ὧν
1150 1305 1324 1368 ἔξεστι
1349 1305 1734 1374 σωφρονοῦντι,
1754 1307 1847 1356 καὶ

270 1393 423 1453 ὅλως
471 1395 742 1463 πανταχοῦ
775 1397 871 1465 τὴν
909 1398 1041 1466 πρὸς
1080 1401 1136 1450 τὸ
1178 1399 1507 1469 ζητούμενον
1554 1394 1849 1469 ἐπιθυμίαν

271 1484 386 1550 οὐχ
430 1478 507 1546 οἷς
544 1484 814 1555 εὐχόμεθα
858 1489 1037 1554 μόνον,
1078 1478 1212 1543 ἀλλὰ
1247 1490 1337 1545 καὶ
1383 1492 1471 1544 ἐπ’
1510 1493 1690 1545 αὐτῶν
1741 1493 1847 1544 τῶν

270 1575 462 1642 ἔργων
494 1574 767 1627 δεικνύναι
797 1578 900 1646 χρὴ
929 1580 967 1645 ⁸)
998 1578 1083 1631 διὰ
1121 1580 1280 1633 τοῦτο
1315 1577 1420 1649 πρὸ
1450 1584 1543 1633 τοῦ
1572 1582 1847 1634 θειοτάτου

273 1662 486 1732 μύρου,
518 1665 547 1715 ὃ
567 1664 643 1735 τῷ
676 1667 1040 1737 θυσιαστηρίῳ
1064 1670 1160 1739 τὴν
1186 1671 1252 1721 ἐκ
1287 1669 1418 1722 Θεοῦ
1449 1672 1606 1739 χάριν
1630 1665 1736 1723 οἶδε
1762 1688 1850 1724 κο-

274 1754 488 1821 μίζειν,
523 1762 633 1817 τοῖς
670 1760 801 1829 παρ’
838 1763 972 1830 ἡμῖν
1003 1761 1225 1814 εὐώδεσι
1263 1764 1480 1832 μυρίζει
1514 1766 1609 1833 τὴν
1638 1766 1846 1833 τράπε-

1949 580 2141 634 bilioi-a
2170 591 2222 634 ct
2258 582 2347 635 Dei
2372 584 2542 636 solius
2568 592 2717 636 sunt.

2021 762 2289 817 Cancrum
2323 764 2447 832 quia
2483 772 2608 817 ante
2639 763 2878 817 divinam
2908 763 3135 834 gratiam
3186 777 3292 816 non
3334 765 3511 816 solum

1950 851 2256 920 deprimere
2295 868 2373 916 se,
2415 854 2509 907 sed
2536 854 2698 907 etiam
2732 854 2961 908 virtutes
2986 854 3089 922 ipsi
3117 852 3515 907 consociahiles

1950 952 2213 1019 quantum
2250 958 2561 1010 possumus,
2602 951 2862 1011 pratstare
2896 951 3132 1011 oportet,
3165 941 3311 1010 quod
3352 941 3513 994 aliter

1949 1031 2406 1098 suppeditatorem
2450 1034 2638 1100 gratiae
2670 1049 2777 1086 non
2806 1032 3145 1100 acquirimus
3171 1031 3335 1101 (Deus
3364 1033 3509 1083 enim

1950 1129 2131 1188 optata
2164 1120 2391 1191 largitur
2420 1140 2527 1177 non
2559 1124 2981 1188 dormientibus,
3018 1124 3113 1178 sed
3142 1122 3511 1192 precantibus,

1949 1218 2001 1263 et
2027 1220 2323 1265 certantem
2356 1218 2509 1283 ungit
2535 1255 2550 1279 ,
2592 1225 2646 1269 et
2676 1206 2947 1270 castitatis
2975 1217 3173 1269 donum
3206 1216 3319 1280 dat,
3348 1216 3515 1269 casti-

1952 1310 2116 1355 tatem
2157 1305 2469 1369 exercendi,
2508 1322 2607 1374 per
2637 1322 2759 1374 quae
2816 1307 3121 1361 exercenda
3158 1313 3265 1369 est,
3296 1312 3353 1358 et
3397 1305 3515 1358 uni.

1950 1406 2105 1447 verse
2136 1395 2356 1463 ubique,
2409 1398 2736 1452 desiderium
2768 1399 2891 1469 ejus
2920 1399 3064 1468 quod
3097 1398 3379 1467 quaeritur,
3407 1412 3515 1450 non

1948 1483 2089 1536 votis
2117 1484 2315 1549 solum,
2348 1488 2439 1541 sed
2469 1488 2630 1541 etiam
2669 1489 2801 1556 ipsis
2845 1490 3103 1558 operibus
3132 1489 3516 1543 demonstran-

1948 1573 2074 1627 dum
2106 1580 2234 1643 est),
2267 1579 2387 1632 ideo
2415 1591 2539 1634 ante
2561 1581 2963 1635 divinissimum
2992 1595 3349 1651 unguentum,
3368 1582 3514 1651 quod

1950 1661 2105 1717 altari
2140 1669 2363 1733 gratiam
2400 1685 2428 1722 a
2470 1669 2580 1723 Deo
2607 1679 2893 1739 apportare
2919 1672 3221 1735 consuevit,
3250 1673 3333 1725 his
3394 1686 3518 1739 quze

1950 1754 2089 1820 apud
2124 1771 2219 1811 nos
2254 1758 2387 1812 bene
2405 1761 2570 1824 olent,
2598 1777 2839 1815 mensam
2863 1762 3155 1824 humectat,
3176 1763 3303 1823 vino
3324 1770 3379 1815 et
3394 1762 3520 1815 oleo

282 1846 397 1909 ζαν
428 1845 557 1917 οίνῳ
577 1852 674 1901 καὶ
708 1828 988 1918 1.1.5919,th
1014 1852 1073 1903 τδ
1096 1852 1192 1919 μὲν
1223 1828 1356 1921 ἡμῖν
1383 1828 1576 1923 τέρψιν
1602 1828 1710 1922 ἔχει
1744 1853 1842 1921 μό-

1957 1858 2286 1912 ·οεενιιηι,οχ
2316 1852 2513 1919 quibus
2540 1852 2643 1907 hoc
2659 1854 2986 1917 voluptatem
3016 1862 3221 1906 tantum
3253 1852 3408 1907 nobis
3423 1868 3519 1920 ge-

272 1954 400 1999 νον,
428 1940 487 1991 τὸ
516 1940 573 1993 δὲ
608 1944 701 1993 καὶ
730 1945 796 2012 τῇ
829 1940 939 2011 ζωῇ
971 1943 1173 2011 βοηθεῖ,
1206 1944 1291 1997 ἵνα
1321 1944 1467 2014 δείξῃ
1502 1946 1858 2013 τάνθρώπινα

270 2029 614 2097 εἰσενεγκὼν
640 2031 852 2085 ἅπαντα
871 2034 952 2085 ὅτι
979 2034 1183 2086 τούτων
1211 2036 1343 2103 ἡμῖν
1376 2036 1465 2088 τὸν
1493 2034 1609 2104 βίον
1635 2034 1850 2089 ἅπαντα

274 2121 777 2190 συμπληρούντων,
810 2124 918 2176 τῶν
945 2140 1003 2176 τε
1037 2126 1173 2195 πρὸς
1198 2127 1260 2179 τδ
1290 2127 1389 2197 ζῇν
1414 2128 1729 2195 ἀναγκαίων
1758 2127 1851 2181 καὶ
1897 2131 1899 2135 “

270 2212 397 2264 τῶν
427 2213 621 2281 ἡδέων,
675 2215 1005 2285 ἀμφοτέρων
1050 2216 1375 2287 ἀπάρχεται,
1430 2220 1550 2271 ἐπεὶ
1602 2221 1851 2281 κάκεῖνος

272 2302 457 2356 ἐλθὼν
485 2308 578 2357 καὶ
606 2304 748 2375 ζωὴν
774 2308 941 2359 ἔδωκε
976 2308 1068 2360 καὶ
1090 2312 1348 2377 περισσὸν
1378 2310 1853 2381 προσέθηκεν,οὺκ

277 2394 597 2463 ἀναστήσας
645 2399 805 2464 μόνον
835 2398 927 2451 καὶ
968 2399 1154 2462 λύσας,
1204 2397 1342 2451 ἀλλὰ
1371 2400 1463 2453 καὶ
1507 2401 1852 2469 βασιλεύσας,

276 2486 390 2554 τῆς
434 2487 708 2555 ἀκηράτου
745 2490 953 2558 τρυφῆς
1000 2493 1131 2559 ἡμῖν
1161 2492 1422 2558 μεταδοὺς
1470 2491 1677 2555 τούτοις
1726 2496 1850 2544 ἑπι-

279 2575 448 2646 φέρει
484 2578 541 2628 τὸ
574 2578 762 2647 μύρον,
784 2579 809 2630 ὃ
841 2581 1023 2631 πᾶσαν
1055 2584 1117 2649 τῇ
1136 2582 1326 2649 τελετῇ
1358 2582 1454 2650 τὴν
1484 2581 1712 2651 δύναμιν
1733 2583 1853 2650 ἕχον

276 2672 379 2725 ἐπ’
406 2670 571 2739 αὐτὴν
600 2672 697 2741 τὴν
728 2671 916 2725 θυσίαν
947 2674 1203 2743 ἄντικρυς
1240 2675 1416 2743 φέρει.

376 2848 529 2900 Ἐπεὶ
578 2849 686 2919 γὰρ
736 2852 849 2913 τοῖς
896 2851 1015 2904 δυσὶ
1071 2852 1283 2915 τούτοις
1316 2852 1481 2923 αὐτὴν
1539 2854 1783 2908 ἐτέλεσεν
1825 2857 1857 2908 ό

283 2939 484 3009 Σωτὴρ
558 2938 619 3004 ἐξ
671 2942 867 3010 ἀρχῆς,
923 2960 942 2991 ι
980 2942 1192 3009 λασὼν,
1229 2946 1397 3013 φησὶ,
1441 2946 1531 2998 τὸν
1561 2948 1722 3015 ἄρτον
1760 2950 1854 3001 καὶ

280 3030 591 3101 εὐλογήσας
629 3032 726 3099 τὴν
767 3035 947 3101 χεῖρα.
997 3052 1016 3083 ›
1058 3035 1331 3103 ζητοῦμεν
1361 3037 1576 3105 ἐκείνην
1619 3039 1712 3090 καὶ
1756 3040 1855 3107 τὴν

1951 1945 2124 2003 uerat,
2151 1940 2283 1993 illud
2312 1943 2473 1996 etiam
2500 1945 2621 2008 vita:
2638 1945 2877 2012 prodest,
2907 1955 2965 1996 ut
2999 1943 3250 1997 humanis
3268 1944 3523 1997 omnibus

1952 2026 2117 2083 illatis
2146 2028 2361 2095 doceat,
2411 2034 2555 2101 quod
2594 2050 2717 2089 cum
2772 2035 2937 2088 vitam
2992 2042 3233 2089 nostram
3275 2034 3521 2104 repleant

1952 2135 2184 2188 quorum
2218 2124 2321 2177 alia
2362 2128 2690 2188 necessaria,
2726 2127 2827 2180 alia
2864 2126 3109 2195 jucunda
3145 2136 3294 2190 sunt,
3314 2141 3374 2181 se
3405 2140 3521 2177 ani-

1953 2212 2142 2266 borum
2176 2212 2367 2267 olTerre
2396 2218 2682 2285 primitias.
2720 2216 2853 2270 Nam
2879 2226 2931 2271 et
2961 2218 3078 2287 ipse
3098 2232 3221 2270 cum
3258 2215 3521 2275 venisset,

1953 2315 2005 2358 et
2037 2306 2197 2359 vitam
2239 2307 2406 2372 dedit,
2443 2318 2496 2362 et
2535 2310 2771 2378 amplius
2813 2309 3048 2374 addidit,
3089 2324 3196 2363 non
3246 2307 3409 2361 modo
3464 2306 3522 2359 in

1953 2397 2117 2450 vitam
2158 2414 2256 2452 nos
2284 2415 2580 2467 rcvocans,,
2605 2410 2658 2455 et
2681 2399 2898 2454 vincula
2946 2400 3141 2454 mortis
3166 2398 3520 2466 abrumpens,

1954 2490 2047 2541 sed
2094 2498 2149 2543 et
2199 2504 2351 2558 reges
2398 2492 2761 2556 constituens,
2811 2500 2867 2545 et
2920 2489 3257 2543 immortales
3301 2486 3526 2541 delicias

1953 2581 2109 2635 nobis
2164 2582 2503 2651 impertiens,
2554 2592 2609 2636 et
2666 2582 2843 2636 adhuc
2869 2582 3188 2652 mysterium
3234 2577 3519 2647 adjiciens,

1954 2673 2239 2740 quodcum
2273 2686 2487 2727 omnem
2518 2673 2760 2742 mysterii
2795 2673 2897 2725 vim
2920 2669 3307 2734 contineat,ad
3343 2667 3521 2735 ipsum

1954 2777 2168 2832 quoque
2198 2764 2523 2818 sacriﬁcium
2551 2763 2711 2832 plane
2742 2764 2999 2831 pertinet.

2023 2854 2089 2908 Et
2134 2855 2259 2925 quia
2298 2856 2381 2909 hi's
2435 2855 2647 2909 duobus
2702 2858 2878 2922 ipsum
2944 2853 3013 2908 ab
3079 2852 3237 2907 initio
3276 2850 3526 2905 Salvator

1955 2946 2212 3010 confecit,
2259 2966 2277 2998 ι
2326 2962 2447 3001 cum
2482 2948 2784 3016 accepisset
2809 2960 3027 3016 panem,
3054 2945 3254 3014 inquit,
3280 2942 3521 2997 etbene~

1956 3040 2183 3093 dixisset
2214 3039 2279 3101 “,
2327 3058 2345 3090 ι
2385 3054 2604 3092 manum
2635 3039 2783 3091 illam
2847 3047 2902 3091 et
2960 3050 3149 3091 vocem
3201 3034 3517 3104 quaerimus.

280 3124 496 3188 φωνήν.
530 3123 641 3192 Τὴν
690 3122 789 3191 μὲν
835 3119 927 3175 οῦν
972 3125 1153 3195 φωνὴν
1196 3126 1248 3177 ol
1298 3126 1461 3194 ἱερεῖς
1508 3130 1720 3196 ἀφιᾶσι,
1761 3133 1851 3182 καὶ

1959 3130 2157 3183 Vocem
2218 3130 2381 3196 igitur
2414 3130 2726 3183 sacerdotes
2768 3129 2989 3182 mittunt
3023 3144 3038 3180 :
3072 3142 3133 3180 ea
3174 3133 3256 3179 est
3311 3123 3522 3185 enicas,

281 3213 440 3263 ἔστιν
478 3213 695 3283 ἐνεργὸς
724 3215 797 3276 ὡς
841 3215 906 3267 ἂν
945 3217 1147 3270 ἐκείνου
1191 3219 1541 3284 κελεύσαντος
1568 3241 1581 3255 ·
1628 3241 1646 3273 ι
1688 3224 1855 3277 Τοῦτ’)

281 3304 423 3372 γὰρ,
456 3306 608 3371 φησὶ,
640 3309 843 3359 ποιεῖτε
869 3309 948 3369 είς
974 3311 1071 3375 τὴν
1097 3311 1236 3380 ἐμὴν
1260 3312 1563 3381 ἀνάμνησιν
1586 3332 1599 3344 ο
1636 3332 1657 3365 ν
1688 3316 1783 3384 τὴν
1803 3318 1859 3369 δὲ

282 3399 452 3466 χεῖρα
472 3398 531 3450 το
572 3398 743 3467 μύρον
759 3398 1003 3455 δύναται.
1029 3402 1134 3454 Καὶ
1155 3401 1284 3473 γὰρ,
1310 3404 1470 3464 Αὐτὸ,
1498 3408 1660 3474 φησιν
1676 3412 1703 3459 ό
1718 3408 1858 3470 θεῖος

283 3489 601 3553 Διονύσιος,
641 3490 702 3543 τὺ
743 3493 913 3560 μύρον
954 3492 1165 3561 εἰσάγει
1199 3494 1292 3546 τὸν
1341 3484 1567 3563 Ἰησοῦν.
1625 3498 1768 3551 Ἀλλ’
1810 3500 1857 3551 οί

288 3579 399 3649 μὲν
423 3580 711 3634 ἀπόστολοι
741 3583 833 3635 καὶ
853 3582 951 3653 τὴν
980 3585 1138 3654 χεῖρα
1164 3584 1291 3654 παρ’
1317 3585 1523 3638 ἑαυτῶν
1548 3588 1855 3657 εἰσέφερον,

284 3670 388 3723 καὶ
426 3673 532 3739 γὰρ
559 3672 654 3725 καὶ
681 3675 887 3744 ταύτην
917 3669 1063 3742 εῐχον
1103 3675 1202 3745 τὴν
1232 3678 1419 3747 χάριν
1455 3681 1501 3731 οί
1545 3679 1591 3731 δ’
1618 3681 1859 3744 ἐκείνους

286 3763 647 3834 ἐκδεξάμενοι
702 3768 936 3835 ταυτησὶ
988 3768 1085 3835 τῆς
1134 3768 1352 3837 τελετῆς
1409 3770 1731 3841 ἐδεήθησαν,
1761 3774 1858 3845 τὴν

285 3858 480 3926 φωνὴν
518 3858 802 3927 δυνάμενοι
846 3860 1025 3927 μόνον.
1058 3860 1180 3922 Τοῖς
1222 3862 1319 3926 μὲν
1360 3861 1469 3931 γάρ
1511 3863 1746 3931 πρώτοις
1783 3868 1859 3917 ίε-

290 3949 451 4019 ρεῦσι
498 3950 881 4018 θυσιαστήριον
930 3945 1071 4019 ἦσαν
1113 3952 1170 4003 αί
1224 3954 1426 4021 χεῖρες.
1472 3956 1584 4015 τοῖς
1635 3955 1692 4007 δέ
1740 3956 1859 4023 μετ’

286 4042 536 4098 ἐκείνους
556 4041 624 4093 δι’
645 4043 869 4093 ἐκείνων
894 4045 920 4094 ὁ
944 4042 1177 4111 Χριστὸς
1192 4046 1324 4106 τοὺς
1346 4044 1701 4112 μυστοδόκους
1724 4046 1861 4117 ᾠκο-

284 4137 531 4204 δόμησεν
573 4136 772 4197 οἴκους.
835 4133 1106 4202 Ἐπιλέγει
1148 4135 1204 4187 δὲ
1247 4135 1401 4189 οὐδὲν
1441 4130 1555 4190 οἷον
1597 4138 1860 4209 πρότερον

287 4229 530 4298 ἐπιχέων
562 4230 628 4297 τῇ
659 4227 903 4303 τραπέζῃ
934 4228 992 4279 τὸ
1026 4227 1233 4297 μύρον,
1263 4228 1398 4281 ἀλλὰ
1427 4229 1574 4282 τοῦτ’
1606 4231 1736 4284 αὐτὸ
1765 4229 1861 4300 μό-

287 4340 384 4375 νον
416 4322 532 4391 ᾄδει
565 4321 643 4389 τῷ
673 4321 791 4390 Θεῷ
826 4315 974 4390 ᾆσμα
1006 4320 1191 4389 φωνῆς
1227 4321 1329 4389 μὲν
1373 4320 1635 4392 Ἐϐραίας
1664 4322 1860 4375 συλλα-

290 4416 419 4474 ϐαῖς
464 4412 766 4480 ὡρισμένον
813 4412 1043 4478 ὀλίγαις,
1084 4410 1324 4474 διανοίας
1367 4410 1423 4463 δὲ
1461 4412 1735 4480 πανσγοῦς
1765 4411 1857 4463 τοῦ

1962 3231 2147 3290 utpote
2204 3221 2347 3275 illius
2376 3221 2551 3291 jussu.
2610 3219 2787 3289 lnquit
2840 3223 3005 3280 enim,
3047 3235 3066 3269 ι
3099 3215 3213 3270 Hoc
3264 3213 3423 3268 facite
3468 3214 3523 3293 in

1960 3330 2134 3367 meam
2162 3312 2731 3366 commemorationem
2753 3310 2817 3361 ³⁸.
2832 3330 2851 3361 ι
2875 3309 2975 3363 Pro
2994 3322 3159 3361 manu
3178 3315 3261 3361 est
3280 3318 3526 3374 unguen-

1964 3414 2098 3459 tum.
2134 3403 2345 3457 Etenim
2376 3403 2553 3471 ipsum
2600 3399 2783 3455 Jesutn
2818 3400 3024 3454 inducit
3059 3405 3413 3467 unguentum,
3448 3394 3527 3448 ait

1961 3495 2179 3548 divinus
2213 3492 2520 3563 Dionysius.
2559 3492 2663 3545 Sed
2693 3491 2921 3558 apostoli
2957 3489 3176 3559 quidem
3210 3487 3375 3540 etiam
3406 3500 3524 3537 ma-

1963 3602 2067 3641 nus
2098 3601 2227 3639 suas
2260 3584 2531 3639 addebant
2564 3600 2578 3635 :
2609 3583 2809 3637 etenim
2838 3590 2891 3635 et
2929 3583 3067 3634 hanc
3096 3578 3326 3649 gratiam
3354 3576 3556 3629 habe--

1963 3677 2112 3730 bant.
2145 3676 2343 3729 Eorum
2367 3688 2715 3729 successores
2771 3672 2875 3725 hac
2909 3670 3213 3724 initiatione
3271 3666 3524 3736 egebant,

1960 3782 2093 3822 voce
2127 3776 2375 3835 potentes
2401 3774 2633 3818 tantum.
2664 3762 2863 3817 Primis
2900 3762 3100 3831 quippe
3146 3757 3527 3831 sacerdotibus

1961 3855 2130 3909 altare
2202 3862 2357 3907 erant
2428 3866 2642 3905 manus.
2706 3847 2906 3903 Eorum
2971 3843 3380 3901 successoribus
3432 3857 3527 3910 per

1961 3946 2107 4013 ipsos
2135 3943 2384 3999 Christus
2414 3942 2609 3996 domus
2634 3950 2837 4010 mystas
2872 3936 3192 4006 recipientes
3221 3934 3525 3999 aediﬁcavit.
3554 3942 3555 3945 ‘

1961 4037 2099 4091 Dum
2170 4046 2349 4089 autem
2408 4042 2743 4103 unguentum
2819 4044 3022 4085 mensae
3088 4027 3340 4092 aﬂ‘undit,
3391 4026 3528 4080 nihil

1961 4129 2119 4200 quale
2143 4136 2267 4182 ante
2286 4127 2577 4181 verborum
2609 4124 2815 4195 adjicit,
2833 4123 2926 4178 sed
2953 4123 3055 4177 hoc
3081 4120 3258 4191 ipsum
3283 4126 3529 4172 tantum-

1961 4222 2123 4277 modo
2181 4236 2403 4274 carmen
2464 4219 2573 4274 Deo
2621 4216 2793 4281 canit,
2824 4215 2977 4270 vocis
3020 4213 3259 4267 Hebraeae
3306 4210 3530 4281 syllabis
3584 4248 3585 4251 η

1962 4313 2149 4382 paucis
2178 4311 2487 4372 deﬁnitum,
2511 4322 2675 4364 sensu
2696 4318 2877 4360 autem
2903 4303 3335 4365 sanctissimum,
3369 4301 3527 4355 chori

1961 4414 2271 4458 sanctorum
2300 4400 2707 4469 prophetarum.
2738 4396 2947 4451 Etenim
2976 4395 3101 4449 licet
3122 4393 3344 4447 laudare
3366 4392 3532 4460 longo

288 4508 403 4562 τῶν
438 4476 919 4574 ἱερωννπροφητῶν
943 4500 1125 4572 χοροῦ.
1152 4503 1261 4555 Καὶ
1284 4501 1391 4570 γάρ
1418 4503 1533 4555 ἐστι
1564 4476 1662 4572 μέν
1694 4506 1856 4574 εὐφη-

1966 4509 2239 4555 sermone,
2271 4491 2413 4545 facta
2467 4506 2589 4544 cum
2630 4490 2828 4543 virtute
2870 4493 3295 4553 enunierantes;
3321 4492 3375 4537 et
3405 4482 3530 4536 licet

294 4600 423 4668 μεῖν
459 4594 653 4665 μακρῷ
696 4595 840 4663 λόγῳ
868 4593 1360 4661 τὰεκατορθώμενα
1392 4594 1708 4658 διεξιόντας,
1742 4597 1858 4649 ἔστι

286 4690 350 4746 δὲ
381 4689 623 4757 ῥήμασιν
643 4686 841 4753 ὀλίγοις
867 4683 967 4754 τὴν
998 4684 1138 4754 ᾠδὴν
1161 4684 1438 4753 ὁρίζοντας
1473 4687 1561 4738 τὸν
1586 4687 1751 4756 ὑμνού
1762 4707 1859 4756 με-

291 4800 385 4836 νον
419 4779 653 4846 ἀνάξειν.
692 4776 961 4844 Προσήκει
988 4773 1033 4825 δ’
1075 4774 1159 4838 ἂν,
1192 4770 1367 4841 οἶμαι,
1401 4773 1461 4826 τὸ
1506 4774 1605 4844 μὲν
1647 4776 1860 4844 πρῶτον

295 4867 705 4941 παρῳχηκότων
732 4867 764 4935 ἢ
793 4864 1091 4931 μελλόντων
1118 4864 1195 4918 ἔτι
1215 4863 1324 4915 τῶν
1351 4865 1752 4933 ἐπαινουμένων
1772 4868 1861 4937 ἐρα

296 4978 436 5029 γων,
477 4957 541 5010 ἵν’
579 4951 687 5007 εἷεν
725 4954 842 5007 ἀντὶ
887 4954 1090 5007 τούτων
1136 4956 1247 5013 τοῖς
1279 4953 1574 5021 θεωμένοις
1613 4956 1660 5029 oi
1710 4956 1859 5023 λόγοι

296 5049 673 5118 ἐνισταμένων
693 5048 748 5100 δὲ
780 5048 872 5099 καὶ
896 5045 1195 5113 γινομένων
1216 5042 1369 5114 οἶμαι
1394 5046 1454 5097 τὸ
1477 5046 1750 5116 δεύτερον,
1774 5050 1861 5101 ὅτε

296 5145 408 5197 τῶν
459 5139 802 5208 πραγμάτων
838 5139 966 5207 παρ’
1011 5136 1215 5188 ἑαυτῶν
1265 5138 1601 5205 φαινομένων
1649 5138 1860 5205 ἀνάγκη

294 5235 408 5287 τῶν
442 5230 817 5299 κηρυττόντων
846 5228 1015 5295 λόγων
1045 5228 1151 5278 οὐδ’
1189 5229 1410 5295 ὴτισουν
1449 5227 1583 5296 πλὴν
1613 5227 1709 5297 τὴν
1739 5230 1862 5295 ἡδο·

297 5324 399 5394 νὴν
443 5322 563 5373 ὅσον
613 5317 943 5383 ἐνδείξασθαι
989 5318 1080 5369 καὶ
1125 5318 1185 5369 το
1218 5317 1419 5385 θαῦμα,
1450 5316 1637 5387 ὥσπερ
1682 5321 1773 5371 καὶ
1816 5319 1864 5370 οἱ

296 5412 581 5483 προφῆται
614 5410 717 5470 ἕως
772 5409 1014 5462 Ἰωάννου
1050 5411 1479 5484 προεφήτευσαν.
1520 5406 1593 5458 Τὸ
1632 5408 1740 5474 γὰρ
1774 5409 1858 5457 ὲν..

296 5500 491 5555 τεῦθεν
514 5500 565 5551 τί
592 5498 699 5550 τῶν
726 5498 975 5565 ἀγγέλων
1003 5497 1105 5548 ἔδεαι
1135 5496 1227 5549 τοῦ
1259 5497 1640 5565 μεμηνυμένου
1664 5498 1860 5563 φανέν-

297 5608 427 5657 τοςς
500 5591 738 5642 Ἐκεῖκον
784 5592 893 5657 γὰρ
940 5588 1091 5640 οὐδὲν
1139 5588 1173 5648 ἦ
1236 5589 1362 5658 βοᾷν
1409 5590 1499 5639 καὶ
1565 5587 1862 5656 στεφανοῦν

1966 4585 2148 4639 verbis
2178 4584 2367 4652 paucis
2399 4582 2605 4636 inclusa
2636 4579 2970 4638 laudatione,
3005 4588 3130 4630 eum
3166 4574 3259 4643 qui
3284 4572 3531 4627 laudatur

1966 4677 2120 4746 quasi
2176 4689 2463 4730 coronare.
2502 4671 2781 4727 ‘Convenit
2809 4679 3013 4733 autem,
3050 4677 3109 4721 ut
3134 4667 3389 4731 arbitror,
3420 4664 3533 4733 pri-

1969 4785 2114 4823 mum
2148 4764 2429 4819 laudandis
2455 4762 2710 4832 operibus
2734 4762 2819 4815 vel
2874 4759 3185 4829 prmteritis,
3225 4758 3320 4812 vel
3352 4757 3532 4810 adhuc

1968 4860 2191 4920 futuris,
2220 4867 2277 4910 ut
2307 4856 2811 4922 contemplantibus
2847 4866 3037 4905 eorum
3070 4850 3189 4903 loco
3212 4848 3323 4903 sint
3345 4862 3529 4902 voces.

1970 4952 2211 5005 Alterum
2244 4956 2377 5017 puto
2416 4961 2540 5001 esse
2561 4944 2902 5005 instantium,
2924 4951 2976 4995 et
3004 4955 3192 4995 eorum
3223 4954 3344 5009 quae
3371 4924 3528 5001 nunt,

1968 5040 2187 5110 quando
2224 5039 2386 5092 rebus
2433 5050 2529 5105 per
2568 5042 2739 5089 semet
2779 5030 3193 5101 apparentibus,
3242 5029 3530 5081 verborum

1963 5128 2374 5199 praedicantium
2411 5124 2519 5179 ulla
2542 5134 2627 5177 est
2673 5125 2997 5185 necessitas,
3029 5119 3134 5174 nisi
3165 5129 3436 5188 quantum
3463 5117 3531 5170 ad

1962 5223 2290 5287 voluptatein
2314 5226 2367 5270 et
2401 5213 2877 5269 admirabilitatem
2912 5209 3392 5264 demonstrandam
3424 5205 3531 5260 .fa-

1962 5316 2054 5368 cit.
2081 5312 2234 5364 Sicut
2257 5316 2311 5363 et
2340 5309 2615 5377 propheta:
2643 5320 2814 5372 usque
2851 5304 2915 5356 ad
2948 5302 3216 5355 Joannem
3244 5300 3533 5366 propheta-

1962 5412 2091 5456 runt
2117 5400 2183 5454 “.
2219 5400 2353 5453 Nam
2397 5407 2612 5465 tempus
2674 5407 2947 5455 secutum,
2977 5391 3107 5461 quid
3153 5389 3361 5443 nuntiis
3392 5387 3532 5440 indi-

1965 5496 2147 5563 gebat,
2182 5506 2305 5545 cum
2367 5490 2604 5548 adesset,
2636 5486 2729 5555 qui
2785 5485 3069 5539 nuntiatus
3127 5479 3350 5536 fuerat?
3385 5476 3531 5531 Nihil

1967 5584 2104 5639 enim
2149 5582 2250 5634 nisi
2284 5581 2434 5633 illum
2491 5577 2847 5647 proclamare,
2876 5584 2929 5629 et
2954 5578 3221 5629 honorare
3254 5570 3540 5639 reliquum

372 5771 418 5805 ⁸⁵⁸
454 5770 637 5829 ΜιιέιΙι.
667 5788 808 5836 τινι,
838 5771 923 5827 ‘26.
1002 5776 1044 5806 ³⁵
1086 5734 1215 5827 Luc.
1250 5789 1383 5838 xxii,
1423 5772 1511 5839 19,
1535 5772 1622 5827 ει.
1702 5770 1745 5802 ³⁸
1770 5766 1954 5821 Matth.
1978 5767 2171 5830 x315.
