4154 6308
224 381 292 438 ἐλά
313 383 334 440 Ι

1341 375 1436 435 DE
1474 373 1648 434 HTA
1689 374 1772 433 1N
1811 372 2140 439 CilRiS’i‘U
2180 371 2324 432 ιω.
2367 371 2460 434 VI.

3375 369 3481 436 Cii’

227 489 382 548 εἰκός
436 490 550 540 ἐστι
599 489 702 540 ικαὶ
758 482 1075 557 συμϐαῖνον,
1126 489 1224 558 τὴν
1255 487 1398 558 ζωὴν
1453 487 1552 541 οὐκ
1582 487 1798 557 ἀγαπᾷν

1909 482 2208 551 putationis
2239 490 2439 534 nostm
2477 480 2543 535 de
2575 480 2682 536 vita
2709 482 2763 535 in
2809 481 3036 536 Christo
3074 482 3212 536 hanc
3261 497 3484 550 quoque

225 577 563 645 δεξαμένους
595 579 717 630 οὐδὲ
766 580 1070 646 καθεύδειν,
1116 579 1191 642 ὡς
1221 580 1287 632 ἂν
1315 579 1376 630 τὸ
1405 579 1515 632 πᾶν
1558 577 1808 647 ἔχοντας,

228 669 372 720 ἁλλᾶ
403 671 497 722 καὶ
542 669 612 721 δι’
659 663 734 722 ὧν
789 670 1126 738 φυλάξομεν,
1162 669 1409 739 προσῆκε
1469 670 1674 739 ζητεῖν,
1718 670 1809 720 τὸν

231 758 356 810 ἴσον
377 761 576 828 τρόπον
608 763 710 815 κάν
745 765 858 826 τοῖς
889 764 1016 833 περὶ
1048 763 1154 815 τῶν
1185 766 1470 833 προτέρων
1505 762 1630 824 τοὺς
1680 761 1810 830 περὶ

228 849 344 901 τῶν
398 850 666 922 δευτέρων
697 853 1038 920 προσθεῖναι,
1093 855 1186 906 καὶ
1221 854 1341 907 ὅθει.
1385 853 1660 922 ἐζήσαμεν
1714 854 1809 906 καὶ

228 943 382 1003 ὅπως
405 945 498 996 καὶ
525 945 577 994 τί
606 944 876 1006 παθόντες
910 945 1188 1008 εἰπόντας,
1221 945 1413 998 ἔπειτα
1443 945 1494 998 τί
1525 944 1807 1007 ποιεῦντες

229 1032 294 1080 οὐ
332 1031 688 1100 προδώσομεν
719 1033 818 1104 τὴν
858 1034 1230 1104 εὐδαιμονίαν,
1283 1035 1576 1089 ἀκόλουθον
1624 1034 1690 1088 ἄν
1719 1035 1805 1103 εἴη

227 1121 549 1186 διεξελθεῖν.
579 1123 774 1176 Καίτοι
803 1124 962 1178 τοῦτο
986 1126 1087 1194 μέν
1121 1127 1270 1179 ὲστιν
1295 1125 1466 1196 ἀρετὴ
1495 1125 1592 1179 καὶ
1614 1126 1673 1178 τὸ
1708 1126 1808 1196 ζῇν

229 1217 376 1268 κατὰ
409 1219 497 1266 τὸν
524 1215 684 1284 ὀρθὸν
717 1215 876 1283 λόγον
896 1233 910 1251 ο
951 1216 1160 1270 τούτων
1199 1218 1255 1270 δὲ
1282 1217 1412 1287 πέρι
1451 1217 1672 1280 πολλοῖς
1709 1219 1807 1285 μὲν

229 1305 451 1374 εῐρηται
475 1305 584 1358 τῶν
602 1307 868 1376 ἀρχαίων,
899 1309 1115 1372 πολλοῖς
1137 1310 1195 1362 δὲ
1215 1310 1325 1362 τῶν
1348 1310 1559 1374 ἔπειτα,
1587 1311 1679 1372 καί
1707 1312 1806 1362 ούκ

228 1395 382 1448 ἐστιν
419 1396 447 1450 δ
487 1400 744 1468 παρεῖται
792 1399 912 1451 δέον
956 1399 1232 1469 είρῆσθαι,
1269 1402 1363 1454 καὶ
1403 1400 1706 1454 κινδυνεύει
1741 1400 1806 1470 δὴ

197 1519 200 1523 -
228 1488 526 1558 περίεργον
549 1487 615 1541 ἂν
643 1490 778 1558 ἡμῖν
799 1492 894 1542 τὸν
927 1490 1113 1558 ἀγῶνα
1139 1491 1327 1544 τοῦτον
1355 1490 1608 1561 ήνύσθαι.
1650 1491 1808 1545 Ἐπεὶ

225 1576 273 1631 δ’
303 1571 381 1632 ὧν
430 1579 489 1645 ἐξ
524 1580 697 1649 ἀρχῆς
735 1581 1153 1651 ινεστησάμεθα
1187 1584 1282 1636 καὶ
1332 1583 1392 1635 τὸ
1427 1583 1557 1651 περὶ
1595 1582 1805 1636 τούτων

225 1669 408 1722 εἰπεῖν
448 1671 851 1737 ἀπαιτούντων,
901 1675 950 1726 εί
993 1674 1102 1744 μὴν
1149 1674 1509 1744 προσθεῖμεν,
1555 1675 1656 1728 οὐκ
1691 1675 1807 1727 ἐστι

227 1749 350 1812 σῶν
373 1757 515 1813 εἶναι
544 1760 637 1812 τὸν
680 1762 858 1830 λόγον,
897 1764 1089 1833 ῥητέον
1119 1763 1195 1827 ὡς
1227 1759 1338 1817 οἶόν
1373 1782 1464 1827 τε,
1493 1765 1529 1819 ἃ
1569 1766 1667 1836 μὲν
1696 1765 1801 1819 ἴδια

1910 584 2118 644 partem
2160 574 2414 627 facimus.
2461 573 2614 628 Sicut
2657 590 2894 643 namque
2945 576 3000 629 in
3027 575 3190 630 rebus
3223 575 3483 629 humanis

1910 665 2111 719 rationi
2145 665 2496 720 consentiens
2525 676 2632 729 est,
2654 674 2710 720 et
2738 667 2850 720 fieri
2877 669 3182 731 consuevit,
3220 677 3278 722 ut
3312 669 3476 721 vitam

1909 757 2188 826 accepisse
2222 772 2328 809 non
2367 757 2497 811 satis
2551 756 2868 820 habeamus,
2900 774 3074 828 neque
3127 761 3250 814 ideo
3277 761 3483 814 inertite

1909 864 1972 902 ac
2007 863 2199 906 somno
2234 865 2332 901 nos
2362 848 2643 914 dedamus,
2675 851 2831 918 quasi
2856 851 2968 918 jam
2999 850 3182 905 omnia
3230 854 3484 920 suppedi-

1910 948 2046 1003 tent,
2079 941 2171 992 sed
2210 940 2432 1006 insuper
2463 939 2662 1006 quibus
2710 955 2827 994 eam
2879 940 3054 994 modis
3103 957 3166 996 ac
3199 944 3302 997 viis
3327 952 3483 996 tuea-

1909 1046 2032 1083 mur
2055 1030 2561 1096 circumspiciamus
2588 1047 2602 1096 ;
2640 1036 2712 1084 ita
2737 1045 2795 1084 se
2822 1032 2875 1084 in
2903 1033 3003 1087 hac
3046 1036 3368 1089 tractatione
3397 1050 3484 1088 res

1912 1121 2094 1185 habet,
2122 1129 2174 1172 ct
2227 1136 2346 1189 qme
2404 1121 2555 1188 prius
2607 1135 2635 1173 a
2695 1121 2850 1175 nobis
2907 1122 3227 1178 disserendo
3286 1127 3482 1178 tradita

1908 1221 2058 1277 sunt,
2097 1212 2164 1265 iis
2189 1213 2472 1280 sequentia
2510 1212 2910 1282 coniungenda.
2945 1215 3190 1286 Cumque
3229 1218 3482 1272 docueri-

1910 1305 2219 1368 rnusttnde,
2249 1315 2302 1358 et
2351 1306 2645 1372 quomodo,
2690 1308 2892 1375 etquid
2941 1307 3099 1361 nobis
3150 1307 3264 1360 fieri
3312 1309 3482 1362 susti-

1909 1403 2121 1457 nentes,
2147 1395 2312 1447 vitam
2341 1394 2732 1463 adipiscamur,
2769 1399 3017 1464 sequitur
3046 1398 3181 1466 jam,
3241 1408 3299 1451 ut
3351 1399 3481 1465 quid

1910 1487 2184 1554 agendum
2246 1487 2339 1548 sit,
2391 1502 2458 1538 ne
2499 1487 2748 1554 adeptam
2796 1487 3109 1542 felicitatem
3159 1489 3480 1556 prodamus,

1909 1578 2399 1632 demmistrandum
2438 1578 2708 1633 videatur.
2747 1579 2857 1634 Hoc
2898 1597 3028 1634 vero
3058 1581 3203 1634 aliud
3243 1582 3373 1634 nihil
3397 1588 3484 1635 est.

1911 1672 2014 1725 nisi
2060 1673 2127 1724 vii
2146 1682 2311 1725 tutem
2347 1671 2547 1732 colere,
2575 1682 2842 1741 rectaeque
2868 1675 3063 1727 rationi
3092 1674 3484 1728 convenienter

1913 1759 2113 1812 vivere.
2167 1761 2295 1825 Qua:
2327 1772 2646 1832 argumenta
2682 1772 2892 1818 veteres
2943 1765 3120 1829 multi,
3178 1782 3285 1819 non
3321 1767 3481 1835 pauci

223 1854 338 1908 τῶν
355 1845 712 1925 ἀνθρωπίνων
737 1855 869 1924 βίων
896 1856 1112 1927 ἑκάστῳ
1133 1859 1382 1928 προσῆκε
1402 1858 1612 1911 πολλῶν
1633 1859 1798 1912 ὄντων

1912 1853 2040 1904 item
2079 1854 2412 1906 recentiores
2466 1854 2596 1906 totis
2647 1853 2801 1908 libris
2852 1858 3121 1922 persecuti
3175 1865 3324 1921 sunt,
3378 1873 3482 1912 nec

224 1945 663 2015 παραλιπόντας,
700 1940 774 1999 ὧν
803 1946 848 2000 δ’
877 1947 1134 2017 ὑπόχρεῳ
1171 1950 1322 2018 κοινῇ
1369 1947 1444 2017 τῷ
1481 1947 1601 2017 Θεῷ
1639 1949 1805 2002 καθέ-

225 2053 438 2104 σταμεν
471 2039 696 2101 πάντες,
733 2037 907 2092 ταῦτα
947 2039 1309 2101 σκοποῦντας.
1353 2037 1492 2099 Οῦτε
1541 2038 1650 2109 γὰρ
1701 2039 1802 2111 τὴν

221 2129 400 2198 αὐτὴν
428 2129 628 2200 ἀρετήν
654 2131 801 2183 είποι
829 2147 916 2192 τις
938 2131 1002 2184 ἂν
1026 2128 1166 2184 εἶναι
1191 2131 1302 2184 δεῖν
1325 2131 1433 2184 τῶν
1462 2149 1519 2184 τε
1549 2131 1614 2185 τὰ
1645 2133 1801 2189 κοινὰ

223 2217 690 2288 πολιτευομένων,
742 2223 837 2274 καὶ
870 2222 918 2274 οἳ
960 2222 1027 2274 τὰ
1066 2221 1245 2275 αὐτῶν
1287 2224 1640 2290 πράττουσιν,
1677 2222 1801 2276 οῦτε

157 2378 166 2386 ι
218 2311 316 2362 τὸν
355 2313 492 2380 μετὰ
524 2312 586 2368 τὸ
619 2312 847 2383 λουτρὸν
889 2314 968 2381 τῷ
1013 2313 1132 2382 Θεῴ
1161 2314 1330 2383 μηδὲν
1364 2315 1523 2366 πλέον
1557 2315 1801 2384 ὑπεσχη-

223 2403 430 2472 μένων,
459 2408 552 2456 καὶ
582 2399 664 2468 οἷς
698 2409 726 2459 ὁ
759 2406 876 2475 βίος
911 2408 1181 2478 μονὼτης,
1219 2407 1268 2459 οἳ
1304 2408 1601 2476 παρθενίαν
1636 2409 1806 2478 πρού-

220 2494 496 2562 στήσαντο
520 2497 612 2547 καὶ
633 2498 695 2548 τὸ
722 2497 890 2572 μηδὲν
913 2497 1077 2568 ἔχειν,
1104 2501 1198 2551 καὶ
1225 2498 1301 2568 μὴ
1329 2501 1491 2567 μόνον
1524 2497 1685 2552 ἄλλου
1707 2500 1803 2553 τοῦ

221 2584 531 2652 κτήματος,
564 2585 804 2640 ἀλλὀὑδ*
837 2587 992 2639 αὐτοὶ
1028 2589 1178 2656 σφῶν
1209 2588 1388 2642 αὐτῶν
1423 2584 1562 2642 εἶναι
1594 2589 1801 2659 κύριοι.

223 2680 442 2744 lenius,
498 2696 594 2750 pro
624 2681 879 2735 facultate
925 2681 1213 2735 dicendum
1258 2693 1356 2736 est.

1913 1941 2206 2009 quidquam
2240 1944 2383 2010 quod
2419 1943 2560 1997 dicto
2595 1959 2732 2011 opus
2763 1943 2956 1998 fuisset
2993 1947 3478 2012 prretermiserunt,

1907 2045 1956 2086 et
1979 2037 2275 2102 periculum
2306 2047 2408 2096 est,
2435 2051 2502 2087 ne
2532 2035 2798 2090 inutiliter
2819 2052 3036 2103 operam
3068 2054 3478 2094 consumamus.

1907 2123 2047 2190 Quia
2079 2136 2257 2178 tamen
2289 2142 2410 2194 qua:
2445 2126 2512 2208 pb
2548 2127 2702 2180 initio
2727 2143 2827 2181 nos
2853 2128 2919 2181 ad
2954 2129 3298 2183 scribendum
3330 2130 3481 2185 exci-

1912 2226 2115 2279 tarunt,
2147 2217 2335 2270 eadem
2370 2219 2436 2270 de
2480 2217 2564 2270 his
2597 2219 2756 2271 verba
2787 2218 2900 2272 fieri
2938 2221 3242 2286 postulant,
3276 2232 3328 2274 et
3373 2221 3481 2276 nisi

1909 2324 1972 2361 ca
2010 2296 2300 2371 addamus,
2375 2326 2481 2360 nun
2533 2318 2613 2363 est
2670 2310 2877 2378 integra
2933 2311 3110 2364 futura
3158 2312 3481 2378 disputatio,

1910 2401 2129 2453 omissis
2152 2417 2270 2468 qua:
2300 2402 2592 2468 srparatizn
2621 2401 2819 2468 cuique
2861 2403 3043 2470 generi
3071 2403 3191 2456 vita:
3227 2402 3482 2458 humana!

1913 2476 2216 2562 cengruuut
2254 2495 2446 2561 (multa
2482 2506 2662 2546 autem
2711 2503 2840 2546 sunt
2869 2494 3122 2562 genera),
3165 2497 3339 2563 iisque
3368 2506 3485 2550 tan-

1914 2595 2026 2639 tum
2063 2586 2442 2646 consideratis,
2481 2601 2600 2654 qua:
2625 2589 2988 2637 communiter
3027 2603 3215 2642 omnes
3248 2586 3354 2641 Deo
3387 2590 3486 2642 de-

1443 2681 1628 2749 Neque
1681 2681 1826 2735 enim
1869 2681 2114 2734 eamdem
2158 2681 2412 2732 virtutem
2454 2679 2723 2746 quispiam
2793 2679 2991 2730 dixerit
3044 2697 3167 2734 esse
3233 2693 3486 2750 oportere

221 2773 620 2841 rempublicam
675 2774 1197 2839 administrandum,
1228 2784 1281 2830 et
1331 2777 1711 2844 privatorum;
1774 2790 1950 2843 neque
1982 2788 2170 2826 eorum
2204 2773 2295 2842 qui
2328 2775 2484 2841 aquis
2514 2771 2668 2826 tincti
2698 2771 3031 2825 salutaribus
3092 2775 3222 2826 nihil
3284 2791 3484 2833 novum

224 2857 344 2918 Deo
390 2867 780 2934 promiserunt,
813 2877 866 2921 et
890 2867 982 2936 qui
1013 2869 1173 2922 vitam
1213 2869 1267 2921 in
1308 2867 1600 2922 solitudine
1630 2868 1919 2937 agitantes,
1943 2867 2248 2919 castitatem
2273 2876 2325 2920 et
2357 2874 2729 2935 paupertatem
2766 2865 2867 2918 sibi
2897 2867 3226 2935 prolitendas
3253 2868 3476 2941 delege-

217 2962 380 3020 runt,
439 2967 490 3010 et
525 2957 580 3010 in
623 2957 798 3010 aliena
837 2973 1010 3027 usque
1066 2959 1200 3012 adeo
1251 2958 1527 3013 dominari
1584 2960 1796 3021 nolunt,
1841 2968 1899 3010 ut
1927 2972 2028 3010 sua
2065 2957 2311 3024 ipsorum
2334 2958 2637 3026 .abjiciaut.

301 3141 369 3190 Ὃ
392 3139 447 3190 δὲ
481 3137 658 3189 κοινόν
691 3139 838 3188 ἐστιν
870 3137 1044 3190 itaet
1071 3138 1231 3206 χρέος
1259 3138 1371 3198 τοῖς
1405 3136 1510 3188 ἀπὸ
1551 3133 1794 3205 Χριστοῦ

221 3228 608 3296 καλουμένοις,
643 3225 831 3298 ὥσπερ
863 3228 1000 3280 αὐτὸ
1032 3227 1096 3295 δὴ
1129 3228 1190 3278 τὸ
1227 3227 1546 3297 πρόσρημα,
1585 3227 1679 3288 καὶ
1715 3226 1800 3278 δεῖ

223 3321 437 3380 πάντας
490 3317 694 3383 ὁμοίως
747 3319 1100 3385 εἰσενεγκεῖν,
1156 3318 1295 3392 ὑπὲρ
1347 3311 1408 3370 οὗ
1461 3319 1569 3370 πᾶν
1615 3314 1795 3370 ὁτιοῦν

1974 3133 2128 3198 Quod
2163 3145 2344 3189 autem
2383 3134 2630 3189 omnium
2663 3152 2691 3190 a
2725 3135 2943 3191 Christo
2985 3156 3182 3195 nomen
3241 3143 3465 3198 trahen-

1901 3222 2036 3276 tium
2068 3239 2358 3277 commune
2394 3223 2637 3277 debitum
2671 3230 2776 3289 est,
2812 3227 2955 3282 sicut
2993 3231 3108 3297 ipsa
3155 3233 3476 3299 appellatio,

1897 3315 2154 3383 quodque
2191 3329 2386 3386 omnes
2417 3329 2572 3383 quIe
2602 3331 2858 3384 praestare
2887 3330 3126 3388 oportet,
3166 3323 3329 3390 cujus
3373 3341 3473 3379 ne-

221 3412 655 3478 προῖσχομὲειους
684 3408 783 3460 ούκ
818 3408 934 3460 ἐστι
969 3407 1416 3477 παραιτήσασθαι
1447 3410 1575 3471 τοὺς
1608 3409 1796 3462 ἀπολι-

1904 3411 2182 3479 gligentes,
2211 3410 2476 3480 quidquid
2507 3413 2863 3480 prartendant,
2926 3429 3032 3466 non
3102 3427 3479 3489 possiintsup-

220 3499 498 3564 πομένους
531 3499 591 3549 οὗ
623 3498 721 3566 τὴν
773 3499 1012 3567 ἡλικίαν,
1054 3499 1113 3551 ού
1145 3499 1364 3567 τέχνην,
1393 3502 1453 3553 οὐ
1484 3499 1656 3570 τύχην
1684 3498 1793 3552 οὐδ’

217 3591 496 3658 ἡντινοῦν,
528 3589 589 3641 ού
638 3591 734 3658 τὴν
776 3592 1061 3658 ἐσχατιὰν,
1101 3593 1162 3642 οὐ
1195 3595 1294 3660 τὴν
1325 3596 1581 3661 ἐρημίαν,
1608 3592 1668 3642 οὐ
1698 3591 1794 3653 τὰς

219 3680 436 3742 πόλεις,
464 3681 524 3732 ού
557 3681 683 3740 τοὺς
715 3681 1003 3748 (ιορύὸους,
1038 3683 1136 3734 ούκ
1164 3683 1292 3736 ἄλλο
1313 3683 1654 3736 τῶνπὰντων
1673 3683 1793 3734 οὐδὲ

218 3771 306 3832 ἓν,
337 3770 422 3836 ἐφ’
451 3770 486 3822 ἂ
520 3769 869 3838 συμϐέϐηκεν
904 3771 1339 3838 ἐγκαλουμένους
1372 3775 1694 3842 ἀναχωρεῖν,
1719 3774 1792 3836 ὼς

217 3861 436 3922 οὐδενὸς
496 3860 646 3928 αύτῷ
705 3861 1070 3929 προΐστασθαι
1130 3852 1428 3930 δυναμένου
1481 3866 1576 3916 καὶ
1629 3867 1793 3916 πᾶσιν

221 3953 373 4017 tibi,
418 3955 486 4020 τῇ
535 3950 624 4003 τοῦ
667 3951 907 4020 Χριστοῦ
955 3952 1170 4021 θελήσει
1209 3958 1282 4022 μὴ
1335 3954 1614 4022 πολεμεῖν,
1657 3954 1790 4005 ἀλλᾶ

219 4045 352 4104 τοὺς
389 4041 596 4094 ἐκεῖθεν
631 4045 694 4094 ὲκ
753 4042 955 4105 πινιὸς
1006 4045 1209 4112 τρόπου
1262 4044 1536 4106 σώζοντας
1595 4045 1793 4111 νίμους

221 4133 371 4204 πρὸς
398 4124 637 4200 τάκείνῳ
660 4130 925 4185 δοκοῦντα
973 4121 1269 4186 διατιθέναι
1313 4135 1404 4186 τὸν
1438 4135 1574 4202 βίον.
1608 4135 1793 4188 Ταῦτα

218 4217 336 4292 γὰρ
354 4221 473 4274 οὔτε
498 4225 732 4291 κρείττω
754 4223 1034 4290 δυνάμεως
1058 4223 1405 4293 ἀνθρωπείας
1431 4225 1578 4278 ἐστιν
1598 4227 1789 4290 εἰπεῖν,

217 4313 283 4364 οὐ
335 4315 444 4380 γὰρ
488 4311 555 4364 ἂν
597 4315 709 4372 τοῖς
744 4311 1158 4378 παρανομοῦσιν
1199 4313 1382 4363 ἔκειτο
1419 4314 1564 4383 δίκη,
1597 4316 1704 4366 τῶν
1734 4332 1793 4367 τε

218 4402 567 4472 Χριστιανῶν
585 4402 684 4454 ούκ
702 4401 848 4454 ἔστιν
873 4402 1068 4464 οὐδεὶς,
1094 4401 1148 4463 ὃς
1173 4403 1272 4453 οὐκ
1295 4406 1373 4464 είς
1397 4403 1556 4469 ἔργον
1582 4405 1794 4457 ἅπαντα

219 4496 455 4561 ἀγαγεῖν
497 4491 674 4562 ἐαυτῷ
720 4492 958 4544 σύνοιδεν
992 4493 1278 4562 ὑπόχρεως
1329 4492 1426 4548 ὢν.
1475 4495 1542 4546 Οἵ
1585 4512 1648 4560 γε
1694 4496 1794 4566 τὴν

219 4587 402 4655 ἀρχὴν
435 4585 582 4652 αὐτῷ
628 4585 947 4654 προσιόντες
976 4581 1010 4653 ἢ
1043 4584 1148 4654 μὴν
1195 4587 1284 4637 διὰ
1315 4585 1534 4638 πάντων
1568 4588 1796 4639 ἀκολου-

220 4675 412 4744 θήσειν
454 4674 689 4743 ηὔξαντο
734 4675 940 4736 πάντες
991 4676 1196 4743 ὁμοίως
1243 4677 1340 4727 καὶ
1398 4676 1623 4739 ταύταις
1675 4680 1793 4740 ταῖς

1898 3503 2116 3571 plieium
2166 3502 2469 3571 deprecari,
2523 3503 2638 3557 sive
2709 3515 2923 3558 atatem
2979 3521 3282 3577 opponant,
3360 3512 3474 3565 sive

1897 3603 2092 3655 artem,
2125 3595 2239 3647 sive
2294 3594 2563 3647 fortunam
2590 3603 2643 3647 et
2667 3595 3034 3650 conditionem
3068 3616 3476 3669 quamcunque,

1895 3682 2009 3736 sive
2024 3687 2292 3745 ιιιοιῆυιιιι,
2314 3685 2685 3750 siveeorporis
2714 3685 3110 3754 habitudinem,
3131 3691 3243 3743 sire
3261 3692 3480 3747 ultimos

1897 3770 2140 3822 locorum
2171 3787 2438 3833 rec-"esus,
2468 3772 2581 3826 sive
2613 3775 2985 3837 solitudinem,
3007 3777 3121 3830 sive
3145 3779 3330 3840 urbes,
3361 3785 3478 3834 sive

1894 3861 2037 3913 aliud
2058 3863 2288 3929 quodvis
2317 3879 2496 3916 rerum
2522 3864 2787 3929 otunium,
2814 3867 2878 3918 ad
2901 3883 3022 3934 quae
3038 3871 3273 3922 accusati
3297 3871 3480 3938 perfu-

1894 3967 2018 4018 gere
2049 3953 2247 4017 solent,
2303 3962 2490 4022 utpote
2519 3955 2602 4007 cui
2633 3956 2901 4010 obsistere
2954 3961 3088 4011 nihil
3120 3971 3302 4027 queat,
3331 3964 3477 4030 quod

1894 4044 2114 4095 deruunt
2173 4044 2442 4099 universis
2495 4046 2642 4110 licet,
2676 4057 2759 4100 est
2787 4049 2987 4102 Christi
3045 4053 3306 4105 voluntati
3365 4071 3477 4110 non

1897 4145 2230 4199 repugnare,
2261 4135 2353 4187 sed
2389 4134 2523 4188 latas
2551 4137 2669 4188 inde
2698 4139 2841 4206 leges
2865 4155 3028 4206 quam
3055 4141 3479 4209 diligentissime

1897 4231 2198 4283 servantes,
2229 4223 2296 4276 ad
2336 4225 2617 4278 arbitrium
2655 4227 2802 4280 illius
2839 4229 3001 4282 vitam
3036 4246 3329 4300 moresque
3396 4235 3479 4287 in-

1897 4313 2146 4371 stituere.
2174 4311 2361 4383 Neque
2389 4317 2527 4370 istuc
2555 4318 2730 4384 majus
2757 4319 2964 4373 viribus
2993 4321 3247 4377 humanis
3293 4325 3480 4378 dicen-

1899 4403 2077 4467 dum;
2125 4420 2229 4456 non
2269 4405 2416 4459 enim
2455 4405 2719 4474 legirupis
2766 4423 2924 4476 pmna
2973 4422 3121 4464 esset
3174 4417 3476 4482 proposita.

1895 4503 1947 4546 et
1977 4495 2419 4549 Christianorum
2452 4513 2610 4550 nemo
2641 4509 2722 4550 est
2750 4515 2998 4567 prorsus,
3038 4503 3129 4570 qui
3173 4504 3238 4555 ad
3285 4506 3474 4560 omnia

1897 4584 2014 4652 ipso
2055 4598 2217 4652 Opere
2245 4590 2588 4654 exsequrnda
2619 4589 2912 4656 obligatum
2945 4608 3063 4645 sese
3087 4609 3150 4644 ex
3178 4594 3288 4662 ipsa
3343 4611 3477 4648 eon-

1900 4674 2129 4727 scientia
2160 4690 2257 4728 sua
2297 4691 2403 4729 non
2446 4678 2708 4748 intelligat
2743 4683 2908 4749 :quia
2943 4697 2972 4734 α
3034 4685 3301 4752 principio
3347 4674 3474 4739 cunt

221 4764 530 4834 συνθήκαις
575 4763 833 4832 δήσαντες
884 4765 1113 4826 ἑαυτοῦς
1165 4764 1308 4816 οῦτω
1371 4766 1631 4836 μετέσχον
1686 4768 1794 4822 τῶν

1907 4765 1973 4817 ad
2001 4781 2127 4817 eum
2162 4781 2221 4820 se
2250 4768 2632 4837 adiungerent,
2665 4772 2892 4838 polliciti
2917 4783 3045 4825 sunt
3092 4791 3281 4828 mutiles
3319 4792 3476 4845 teque

222 4857 415 4925 ἱερῶν.
450 4854 603 4907 Οῦτω
633 4855 676 4907 δ’
707 4856 832 4907 ὄντα
866 4856 1023 4907 κοινᾶ
1052 4857 1222 4908 πᾶσιν
1255 4857 1549 4925 ὀφλήματα
1587 4859 1656 4910 τὰ
1695 4858 1788 4912 τοῦ

223 4946 483 5012 Σωτῆρος
515 4944 864 5010 ἐπιτάγματα
911 4946 1020 5003 τοῖς
1059 4946 1270 5004 πιστοῖς
1323 4945 1416 4994 καὶ
1449 4943 1650 4998 δυνατὰ
1679 4948 1793 5007 τοῖς

225 5030 576 5100 βουλομένοις
612 5031 808 5083 ἁνύσαι
837 5033 927 5083 καὶ
958 5032 1162 5100 σφόδρα
1188 5033 1293 5083 τῶν
1325 5033 1660 5099 ἀναγκαίων,
1700 5035 1792 5088 καὶ

223 5119 300 5177 ὧν
321 5128 488 5194 χωρίς
515 5123 614 5174 οὐκ
643 5124 707 5174 ἂν
731 5123 944 5189 γένοιτο
974 5123 1195 5192 Χριστῷ
1226 5126 1503 5178 συνελθεῖν
1528 5127 1606 5196 τῷ
1637 5129 1793 5180 πλεί-

225 5232 339 5282 στῳ
359 5213 456 5277 καὶ
480 5212 748 5280 καλλίστῳ
785 5214 940 5280 μέρει
961 5214 1332 5283 διεστηκότας,
1350 5221 1414 5286 τῇ
1457 5217 1670 5288 θελήσει
1699 5222 1795 5274 καὶ

223 5308 337 5366 τοῖς
370 5304 732 5373 βουλήμασιν.
769 5303 1005 5374 Ἀνάγκη
1038 5306 1146 5374 γὰρ
1183 5309 1510 5376 κοινωνῆσαι
1546 5309 1793 5378 γνώμης,

223 5390 268 5462 ᾧ
313 5395 676 5462 κοινωνοῦμεν
719 5395 1094 5460 αἱμάτων,καὶ
1131 5397 1199 5448 τὰ
1243 5399 1342 5464 μὲν
1384 5401 1795 5468 συνημμένους,

225 5488 296 5541 τὰ
314 5488 370 5540 δὲ
392 5487 752 5555 διῃρημένους
779 5487 921 5538 οὕτω
955 5487 1050 5554 μὲν
1080 5487 1275 5554 φιλεῖν,
1309 5490 1532 5552 ἐκείνως
1564 5491 1618 5542 δὲ
1645 5493 1800 5544 πολε-

228 5583 376 5651 μεῖν,
398 5581 490 5630 καὶ
514 5579 672 5629 τέκνα
694 5578 793 5642 μὲν
818 5573 978 5640 εἶναι,
1013 5582 1248 5647 μωμητα
1275 5580 1351 5644 δὲ,
1385 5582 1477 5633 καὶ
1506 5583 1643 5652 μέλη
1677 5584 1795 5652 μὲν,

231 5669 374 5725 ἀλλὰ
404 5668 594 5738 νεκρὰ,
625 5663 704 5729 οἷς
741 5666 931 5736 ὄφελος
960 5667 1111 5721 οὐδὲν
1134 5669 1194 5720 τὸ
1225 5671 1504 5738 συμφύναι
1544 5676 1637 5726 καὶ
1669 5691 1790 5741 γεν-

229 5760 483 5832 νηθῆναι,
520 5759 772 5828 καθάπερ
809 5757 869 5812 τὸ
904 5757 1088 5828 κλῆμα
1115 5759 1214 5830 τῆς
1251 5760 1510 5833 ἀληθινῆς
1541 5765 1788 5834 ἀμπέλου

1903 4871 1960 4909 se
1985 4858 2141 4924 plane
2167 4872 2263 4924 per
2295 4860 2478 4911 omnia
2511 4861 2685 4926 ipsum
2720 4863 3061 4928 imitaturos;
3095 4875 3145 4918 et
3181 4876 3469 4934 postquam

1901 4954 2074 4998 semet
2120 4947 2223 5000 hoc
2273 4947 2479 5002 ftedere
2520 4950 2957 5016 obstrinxerunt,
3001 4956 3071 5008 ita
3105 4957 3320 5009 demum
3361 4975 3474 5029 my-

1900 5036 2080 5089 steriis
2105 5048 2233 5090 sunt
2263 5039 2470 5093 donati.
2491 5041 2580 5094 Sic
2603 5054 2781 5096 autem
2809 5047 3061 5098 mandata
3095 5049 3294 5100 (lliristi
3320 5065 3471 5102 cum-

1905 5129 2092 5180 muuia
2131 5129 2313 5184 debita
2351 5131 2600 5186 fidelibus
2652 5137 2909 5190 ninnibus
2959 5145 3082 5189 eum
3115 5139 3246 5202 sint,
3280 5150 3332 5193 et
3360 5141 3471 5208 jam

1906 5219 2218 5274 volentibus
2258 5235 2476 5276 scrvatu
2508 5225 2810 5292 possibilia,
2839 5237 3255 5295 etsummopere
3285 5246 3474 5283 neres-

1909 5312 2052 5366 saria
2079 5321 2224 5378 snnt,
2256 5325 2308 5368 et
2337 5316 2456 5369 sine
2485 5316 2553 5370 iis
2587 5322 2650 5368 ad
2671 5317 2952 5372 Christum
2986 5335 3089 5373 non
3124 5323 3381 5388 perveniu
3426 5332 3467 5387 t,

1910 5405 2040 5471 quia
2076 5406 2144 5457 ab
2170 5420 2234 5458 eo
2273 5408 2511 5460 maxima
2579 5417 2631 5462 et
2663 5411 3027 5478 pulcherrima
3069 5423 3240 5480 parte,
3280 5415 3472 5466 volun-

1913 5509 2019 5552 tate
2062 5503 2319 5557 nimirum
2359 5507 2705 5573 eonsilioque
2751 5508 3085 5576 discrepant.
3121 5509 3358 5565 Necesse
3387 5521 3471 5564 est

1907 5592 2050 5643 enim
2081 5594 2359 5648 voluntate
2389 5611 2510 5648 cum
2536 5612 2601 5650 eo
2630 5601 2967 5668 conspirare,
3007 5617 3128 5653 cum
3161 5617 3269 5670 quo
3315 5618 3468 5655 com-

1902 5696 2116 5735 munem
2169 5685 2433 5740 habemus
2503 5690 2875 5757 sanguincm;
2931 5705 3036 5743 non
3089 5693 3286 5758 partim
3344 5706 3472 5744 cnn-

1898 5774 2114 5841 cordes,
2160 5779 2353 5846 partim
2398 5779 2675 5836 discordes
2737 5781 2847 5837 illic
2917 5789 3121 5851 amare,
3154 5781 3239 5838 hic
3267 5782 3468 5838 bellum
