4154 6308
215 375 332 439 C-i-S

1304 377 1394 434 DE
1431 378 1601 435 HTA
1648 375 1726 433 IN
1769 373 2107 438 Clli‘tlSTO
2139 376 2282 439 LIB.
2322 376 2420 437 VI.

3337 379 3452 442 648

217 489 333 544 τῶν
360 488 694 558 δεξαμένων,
717 489 806 543 τὸν
835 489 948 542 ἴσον
973 491 1176 559 τρὶπον
1201 492 1228 542 ὁ
1256 493 1383 558 περὶ
1413 493 1536 552 τοὺς
1570 489 1779 558 ἀνθρώ-

1895 495 2090 545 mentis
2120 493 2306 558 dejicit
2348 510 2360 544 :
2391 493 2461 546 ita
2497 507 2648 546 amor
2679 506 2805 560 erga
2841 492 3092 543 homines
3132 490 3296 543 Deum
3343 491 3449 544 esi'

219 597 358 642 πους
385 578 520 646 ἔρως
546 577 636 630 τὸν
661 578 793 630 Θεὸν
823 579 1112 631 ἐκένωσεν.
1151 579 1224 630 Οὐ
1269 580 1377 647 γὰρ
1417 580 1556 632 κατὰ
1599 579 1785 645 χώραν

223 673 407 740 μένων
454 671 608 722 καλεῖ
657 670 789 737 πρὸς
840 671 1029 721 ἑαυτὸν
1067 669 1124 722 ὃν
1163 670 1386 738 ἐφίλησε
1428 671 1632 734 δοῦλον,
1669 669 1783 722 ἀλλ’

221 762 388 822 αὐτὸς
448 761 605 828 ζητεῖ
649 758 949 823 κατελθὼν,
982 760 1077 812 καὶ
1130 760 1264 828 πρὸς
1309 761 1408 826 τὴν
1457 760 1786 825 ,καταγωγὴν

225 853 540 917 ἀφικνεῖται
574 850 668 902 τοῦ
702 849 932 916 πένητος
964 851 991 902 ὁ
1025 851 1291 911 πλουτῶν,
1329 851 1423 904 καὶ
1473 851 1785 918 προσελθὼν

221 941 292 993 δι’
323 941 515 994 ἑαυτοῦ
567 942 760 1010 μηνύει
791 941 883 993 τδν
922 941 1106 1008 πόθον,
1134 943 1226 994 καὶ
1259 943 1413 1008 ζητεῖ
1442 943 1501 993 τὸ
1537 943 1649 993 ἴσον
1693 944 1784 994 καὶ

223 1033 582 1094 ἀπαξιοῦντος
636 1032 735 1084 οὐκ
793 1033 1107 1100 ἀφίσταται.
1139 1035 1230 1086 καὶ
1261 1032 1391 1100 πρὸς
1413 1032 1509 1101 τὴν
1541 1032 1694 1098 ’ύ6ριν
1726 1033 1784 1084 ού

223 1122 588 1189 δυσχεραίνει,
613 1124 706 1173 καὶ
727 1121 1052 1190 διωκόμενος
1077 1124 1554 1192 προσεδρεύειταῖς
1575 1126 1784 1194 θύραις,

222 1213 322 1264 καὶ
339 1213 529 1266 ῖνατὸν
552 1215 757 1282 ἐρῶντα
780 1215 926 1284 δείξῃ
955 1216 1126 1267 πάντα
1147 1211 1308 1278 ποιεῖ,
1335 1220 1424 1270 καὶ
1449 1217 1786 1286 ὀδυνώμενος

223 1305 384 1370 φέρει
425 1306 518 1358 καὶ
560 1307 914 1373 ἀποθνήσκει.
969 1309 1121 1360 Ἐπεὶ
1165 1309 1270 1377 γὰρ
1323 1310 1465 1361 δυοῖν
1509 1297 1695 1371 ὅντ’ων,
1753 1309 1786 1363 δι

220 1395 382 1458 δῆλον
413 1396 699 1463 καθίστησι
731 1399 823 1449 καὶ
853 1398 1175 1467 θριαμϐεύει
1198 1401 1286 1450 τὸν
1313 1402 1570 1467 ἐραστὴν,
1600 1401 1694 1452 τοῦ
1727 1418 1784 1452 τε

223 1489 395 1540 πᾶσιν
451 1486 529 1549 οἷς
565 1488 774 1550 ἔξεστιν
815 1487 874 1542 εὖ
917 1493 1090 1542 ποιεῖν
1130 1492 1220 1543 τὸν
1259 1492 1551 1561 ἐρώμενον,
1596 1492 1686 1544 τοῦ
1729 1510 1785 1545 τε

221 1577 375 1630 δεινὰ
405 1580 632 1646 πάσχειν
680 1583 950 1650 αἱρεῖσθαι
995 1586 1132 1652 ,περὶ
1165 1584 1329 1636 αὑτοῦ
1368 1586 1461 1635 καὶ
1501 1585 1786 1637 ὀδυνᾶσθαι

221 1670 446 1738 δεῆσαν,
477 1673 796 1738 δεῖγμαμὶν
823 1674 1004 1741 φιλίας
1033 1675 1124 1727 τοῦ
1151 1676 1418 1745 προτέρου
1449 1678 1507 1728 τὸ
1535 1677 1788 1745 δεύτερον

221 1763 422 1827 γένοιτ’
464 1762 530 1815 ἂν
566 1764 742 1831 πολλῷ
786 1783 894 1816 τινι
930 1766 1130 1834 μεῖξον,
1182 1765 1258 1836 τῷ
1291 1768 1410 1836 Θεῷ
1443 1769 1497 1822 δὲ
1531 1771 1629 1822 οὐκ
1663 1771 1788 1838 ἐξῆν

220 1855 428 1906 ἀπαθεῖ
460 1855 677 1908 πάντων
722 1856 834 1908 ὄντι
865 1859 1075 1921 κακῶν,
1109 1859 1246 1912 ἀλλὰ
1299 1861 1681 1932 φιλάνθρωπος
1711 1861 1784 1914 ὢν

219 1941 529 2012 εὐεργετεῖν
549 1945 648 2012 μὲν
670 1941 780 2013 εἶχε
805 1947 895 1998 τὸν
919 1947 1013 1999 ἄνθ
1027 1965 1229 2020 ρωπον.
1255 1951 1540 2018 ἀνέχεσθαι
1567 1953 1621 2004 δὲ
1646 1953 1785 2022 ὑπὲρ

217 2032 387 2086 αὐτοῦ
417 2033 786 2102 πληττόμενος
834 2038 944 2089 οὐδ’
977 2040 1164 2104 ἐγγὺς,
1203 2043 1295 2092 καὶ
1340 2042 1399 2093 ἐὸ
1433 2044 1529 2110 μὲν
1561 2044 1785 2110 φίλτρον

217 2123 500 2192 ὑπερφυὲς
547 2120 637 2193 ἦν,
681 2128 739 2180 τὸ
790 2127 845 2180 δὲ
893 2132 1136 2196 σημεῖον,
1187 2125 1230 2197 ᾧ
1270 2132 1427 2200 δῆλον
1468 2134 1533 2186 ἂν
1580 2130 1667 2204 ἦν,
1724 2135 1783 2187 οὑ

218 2217 452 2283 προσῆν,
487 2214 594 2268 ἔδει
627 2216 682 2269 δὲ
720 2219 793 2287 μὴ
847 2218 1131 2273 λανθάνειν
1177 2225 1381 2294 σφόδρα
1417 2227 1609 2292 φιλῶν,
1651 2228 1785 2281 ἀλλὰ

213 2305 317 2372 τῆς
353 2306 614 2376 μεγίστης
645 2309 865 2375 ἀγάπης
900 2311 1084 2365 δοῦναι
1111 2318 1308 2384 πεῖραν
1340 2317 1470 2383 ἡμῖν
1495 2318 1587 2371 καὶ
1614 2320 1784 2384 δεῖξαι

212 2395 311 2446 τὸν
347 2396 574 2465 ἔσχατον
613 2400 754 2467 ἐρῶν
801 2401 978 2469 ἔρωτα
1067 2407 1272 2474 ταύτην
1326 2413 1634 2478 μηχανᾶται
1689 2413 1784 2480 τὴν

211 2488 450 2539 κένωσιν
471 2491 564 2541 καὶ
591 2495 1059 2562 πραγματεύεται,
1080 2499 1184 2553 ,καὶ
1215 2502 1358 2551 ποιεῖ
1387 2502 1452 2552 δι’
1483 2499 1557 2554 ὧν
1579 2498 1686 2566 οἶός
1725 2523 1782 2557 τε

211 2579 418 2644 γένοιτ’
454 2580 518 2633 ἂν
548 2582 698 2635 δεινὰ
737 2585 932 2637 παθεῖν
963 2589 1056 2639 καὶ
1086 2590 1431 2659 ὀδυνηθῆναι,
1477 2596 1568 2647 καὶ
1614 2596 1784 2660 οὓτως

210 2665 299 2732 οἷς
328 2671 584 2741 ἀνέσχετο
605 2675 818 2740 πείσας,
848 2678 921 2740 ὼς
945 2680 1050 2746 ἄρα
1075 2681 1218 2747 φιλεῖ
1240 2683 1624 2753 διαφερόντως,
1650 2690 1785 2758 πρὸς

214 2759 412 2813 nuth
460 2765 775 2833 ἐπιστρέψει
809 2767 898 2820 τὸν
938 2771 1016 2822 ὅτι
1066 2771 1326 2826 πέπειστο
1363 2776 1639 2841 μισεῖσθαι
1687 2797 1786 2847 φυ-

208 2852 391 2919 γόντα
422 2855 513 2908 τὸν
543 2857 780 2923 ἀγαθόν.

1890 583 2176 635 nanivit“.
2214 583 2367 637 [laud
2399 584 2540 636 enim
2575 585 2626 636 iu
2664 584 2786 636 loco
2821 598 2921 635 suo
2958 597 3208 643 manens,
3233 596 3449 635 servum

1890 689 2048 740 quem
2080 675 2339 743 diligebat
2369 674 2435 726 ad
2488 690 2546 727 se
2601 675 2812 726 vocavit.
2838 673 2903 731 ¹⁸¹,
2962 673 3054 726 sed
3091 673 3316 740 ipsemet
3363 672 3441 734 de-

1891 761 2159 814 scendens
2180 764 2451 829 quaesivit,
2481 773 2533 814 et
2577 763 2868 829 t'pulentus
2895 762 2959 815 ad
2996 764 3248 830 pauperis
3279 762 3429 814 diver

1890 849 2098 901 Soriunt
2131 849 2372 910 devenit.
2407 855 2657 913 αοευεςξι,
2695 866 2932 904 amorem
2963 867 3118 905 suum
3162 866 3254 917 per
3281 858 3455 902 semel.

1891 938 2167 1004 indicavit,
2209 949 2261 994 et
2290 943 2556 995 redamari
2595 943 2930 1009 concupivit,
3000 949 3453 1008 contemptusquc

1891 1044 1996 1082 non
2023 1033 2264 1095 recessit,
2296 1040 2348 1085 et
2379 1035 2442 1084 ad
2477 1034 2858 1085 contumeliam
2884 1047 2990 1085 non
3015 1042 3095 1085 est
3119 1031 3451 1096 indignatus,

1901 1131 1953 1174 et
1983 1122 2249 1188 repulsam
2277 1136 2487 1189 passus,
2519 1121 2723 1175 foribus
2749 1122 2970 1182 assedit,
3002 1131 3053 1174 et
3080 1136 3186 1188 quo
3211 1135 3452 1175 amorem

1891 1224 2048 1261 suum
2093 1210 2516 1271 demonstraret,
2556 1209 2688 1262 nihil
2725 1225 2831 1263 non
2879 1211 3014 1278 egit,
3048 1211 3456 1266 crucitmtenta-

1890 1315 1994 1366 que
2031 1301 2271 1364 pertulit,
2306 1310 2357 1352 et
2397 1312 2622 1354 mortem
2654 1304 2890 1369 (leuique
2921 1303 3114 1358 obivit.
3143 1307 3275 1357 Cum
3306 1305 3451 1358 enim

1890 1392 1996 1444 duo
2027 1392 2155 1456 sint,
2209 1408 2328 1458 qua)
2381 1405 2647 1446 amentem
2691 1395 2946 1462 produnt,
3003 1404 3055 1448 ct
3102 1398 3166 1447 de
3210 1411 3274 1448 eo
3319 1411 3457 1462 quo-

1891 1483 2178 1535 damnrodo
2208 1485 2560 1552 triumphant,
2603 1487 2857 1539 omnibus
2890 1487 3070 1550 τοίως,
3102 1488 3267 1554 quibu
3332 1488 3457 1541 licet

1891 1573 2207 1628 bettel‘aeere
2261 1585 2460 1638 amato,
2505 1586 2558 1629 et
2611 1579 2815 1632 atrocia
2853 1579 2972 1646 ejus
3019 1595 3182 1632 causa
3224 1581 3453 1648 perpeti,

1890 1665 2211 1733 doloresque
2227 1668 2497 1734 excipere,
2603 1684 2686 1722 res
2717 1671 2975 1736 postulet,
3003 1671 3275 1739 posterius
3297 1672 3456 1740 longe

1894 1758 2069 1825 majus
2110 1758 2362 1810 amicitim
2414 1758 2677 1811 iudicium
2729 1770 2834 1826 est,
2884 1776 3047 1827 quam
3111 1763 3282 1828 prius.
3344 1762 3453 1816 Deo

1891 1856 2068 1899 autem
2122 1849 2478 1902 ab.ontnium
2536 1850 2802 1903 lllﬂlOl‘lllll
2855 1867 3016 1905 SCllSll
3072 1862 3282 1904 1⁸0111010
3330 1868 3450 1904 CIII“

1891 1937 1996 2004 pati
2030 1953 2133 1990 non
2179 1938 2383 2000 liceret,
2421 1950 2608 2008 posset
2658 1958 2786 1994 vero
2816 1951 2872 1994 ut
2916 1942 3187 1995 luunanus
3245 1944 3452 1996 homini

1890 2030 2230 2091 benefacere,
2267 2031 2537 2085 sustinere
2562 2047 2656 2099 pro
2681 2048 2744 2086 eo
2789 2035 3033 2096 verbera,
3062 2035 3296 2088 tolerare
3325 2050 3452 2088 cru-

1888 2121 2063 2175 eiatus
2106 2129 2470 2192 nequaquam,
2501 2134 2554 2177 et
2589 2125 2831 2178 charitas
2873 2136 3021 2178 esset
3075 2127 3307 2188 inﬁnita,
3354 2143 3452 2179 nec

1888 2211 2102 2276 signum
2136 2213 2199 2263 ad
2228 2227 2344 2265 eam
2373 2212 2753 2265 declarandam
2787 2223 3095 2281 suppeteret
3130 2229 3229 2267 nec
3271 2199 3449 2266 tamen

1890 2303 2126 2371 ignorari
2160 2314 2453 2370 oporteret,
2491 2319 2653 2372 quam
2692 2305 3043 2358 vehementer
3069 2314 3298 2370 amaret,
3355 2305 3450 2358 Sed

1887 2380 2408 2447 sutnmatcharitatis
2436 2394 2812 2447 documentum
2847 2395 3000 2448 nobis
3029 2395 3262 2448 dandum
3284 2405 3449 2458 esset,

1886 2499 1934 2538 et
1972 2501 2258 2550 supremus
2307 2502 2456 2537 amor
2497 2486 2908 2539 ostendeudus:
2949 2486 3320 2553 hujuscemodi
3359 2501 3452 2539 ex-

1890 2577 2246 2629 iuanitiouem
2292 2578 2656 2641 machinatur,
2696 2586 2748 2628 et
2774 2577 3016 2641 molitur,
3051 2587 3101 2628 et
3136 2577 3322 2639 ellicit,
3356 2592 3451 2643 per

1855 2665 2006 2736 'qum
2038 2669 2152 2721 dira
2187 2671 2316 2736 pati,
2355 2678 2408 2722 et
2438 2669 2658 2720 dolores
2694 2667 2892 2720 sentire
2925 2676 3108 2734 posset
3155 2705 3170 2728 ,
3203 2675 3255 2719 et
3285 2668 3354 2720 ita
3382 2683 3450 2720 ex

1890 2763 1952 2814 iis
1975 2777 2094 2826 quae
2132 2761 2485 2814 sustinuisset
2517 2760 2776 2812 eximium
2811 2773 3052 2812 amorem
3101 2775 3259 2813 suum
3288 2767 3452 2813 testa-

1887 2861 1999 2905 tum
2044 2852 2292 2914 reddens,
2345 2851 2408 2903 ad
2473 2865 2529 2904 se
2573 2858 2851 2902 convertet
2909 2864 3030 2902 eum
3081 2849 3174 2917 qui
3210 2850 3352 2917 quod
3394 2864 3454 2903 se

1888 2944 2012 2996 odio
2061 2943 2246 2995 haberi
2301 2941 2627 3002 Crediderat,
2693 2942 2896 2993 bonum
2956 2939 3106 2994 illum
3164 2940 3449 2993 Dominum

1892 3035 2151 3102 fugiebat.

291 3121 367 3172 Τὸ
398 3121 454 3200 δὲ
478 3123 697 3176 πάντων
719 3127 1054 3191 καινότατον,
1079 3130 1138 3181 οὐ
1162 3131 1268 3199 γὰρ
1294 3133 1505 3200 ἤνεγκε·
1525 3137 1683 3202 μόνον
1715 3137 1783 3190 τὰ

1965 3124 2120 3188 Quod
2155 3129 2333 3176 autem
2368 3123 2607 3176 omnium
2666 3123 2898 3175 maxime
2941 3138 3138 3174 novum
3190 3131 3292 3186 est,
3342 3135 3451 3175 non

209 3213 499 3267 δεινότατα
521 3216 745 3286 πάσχων
771 3220 860 3270 καὶ
886 3220 976 3270 ἐπὶ
998 3223 1117 3282 ταῖς
1136 3223 1373 3290 πληγαῖς
1406 3226 1783 3294 ἀποθνήσκων,

210 3303 357 3380 ἀλλὰ
374 3305 463 3357 καὶ
480 3306 731 3369 άναὸιοὺς
749 3309 952 3370 καὶτῆς
975 3311 1178 3380 φθορᾶς
1200 3315 1504 3383 ἀναστήσας
1527 3318 1584 3369 τὸ
1605 3319 1782 3386 σῶμα,

209 3395 330 3446 τῶν
362 3395 581 3464 πληγῶν
629 3397 708 3450 ἔτι
739 3402 1047 3475 περιέχεται
1071 3404 1301 3468 τούτων,
1358 3407 1450 3459 καὶ
1490 3410 1585 3466 τὰς
1628 3412 1786 3474 οὐλὰς

211 3488 236 3537 ἔ
254 3486 314 3538 πὶ
339 3487 431 3539 τοῦ
458 3491 706 3557 σώματος
730 3491 905 3558 φέρει,
933 3493 1025 3543 καὶ
1048 3496 1155 3554 τοῖς
1182 3496 1477 3564 ὀφθαλμοῖς
1502 3499 1607 3553 τῶν
1624 3502 1787 3567 ἀγγέ-

211 3575 328 3629 λων
367 3577 504 3645 μετὲι
538 3577 739 3630 τούτων
775 3581 1044 3645 φαίνεται,
1085 3584 1180 3634 καὶ
1212 3585 1272 3636 τὸ
1306 3587 1537 3654 πρᾶγμα
1585 3589 1784 3658 κόσμον

220 3667 462 3732 ἡγεῖται,
503 3667 594 3719 καὶ
624 3668 802 3740 χαίρει
840 3671 1051 3734 δεικνὺς
1082 3673 1161 3724 ὅτι
1197 3673 1344 3727 δεινὰ
1391 3677 1646 3742 πέπονθε,
1692 3680 1784 3732 καὶ

177 3751 384 3804 ’τᾶλλα
422 3755 521 3821 μὲν
550 3754 769 3824 ἔρριψεν
793 3759 892 3808 an
913 3757 1006 3810 τοῦ
1035 3759 1302 3828 σώματος,
1337 3765 1430 3815 καί
1470 3768 1616 3818 ἐστιν
1638 3768 1785 3837 αὐτῷ

210 3844 278 3894 τὸ
310 3843 468 3910 σῶμα
504 3849 890 3911 πνευματικὴν,
925 3853 1018 3902 καὶ
1049 3851 1168 3903 οὕτε
1203 3853 1402 3922 βάρους
1430 3856 1551 3908 οὗτε
1578 3860 1785 3928 πάχους

212 3931 335 3984 οὔτ’
361 3933 520 4006 ἄλλου
555 3935 761 3998 πάθους
784 3938 934 4007 αὐτῷ
962 3941 1070 3992 τῶν
1108 3945 1438 4008 σωματικῶν
1467 3947 1618 3999 οὐδὲν
1649 3949 1784 4001 ὑπε-

211 4022 434 4092 λείφθη,
466 4025 558 4085 τὰς
583 4024 808 4089 ὠτειλάς
838 4029 907 4084 ,δὲ
956 4030 1296 4085 παντάπασιν
1330 4034 1429 4087 οὐκ
1487 4035 1778 4104 ἀπέϐαλεν,

210 4114 341 4166 οὐδὲ
369 4115 564 4176 τελέως
595 4118 937 4186 ἀπετρίψατο
967 4121 1063 4182 τάς
1091 4123 1324 4192 πληγὰς,
1358 4126 1492 4179 ἀλλὰ
1533 4131 1781 4200 στέργειν

209 4204 369 4272 ᾠήθη
413 4204 501 4256 διὰ
545 4211 605 4258 τὸ
641 4209 768 4275 περὶ
812 4211 903 4260 τὸν
952 4212 1237 4282 ἄνθρωπον
1283 4217 1525 4284 φίλτρον,
1567 4221 1646 4273 ὅτι
1695 4224 1780 4276 διὰ

212 4297 424 4348 τούτων
455 4290 612 4366 εὗρεν
645 4299 984 4366 ἀπολωλότα,
1022 4288 1117 4354 καὶ
1151 4303 1517 4375 πληττόμενος
1549 4305 1658 4364 εἷλε
1692 4313 1782 4367 τὸν

211 4386 513 4456 ἐρώμενον.
549 4388 756 4451 ’Λλλως
788 4377 895 4458 γάρ
944 4391 1023 4444 ἔτι
1084 4398 1405 4450 συνεστάναι
1447 4399 1515 4452 τὰ
1556 4403 1782 4472 πληγῶν

213 4479 342 4546 εχνη
391 4478 509 4541 πῶς
555 4477 621 4531 ἂν
656 4481 961 4542 ,ἀκόλουθον
1012 4481 1078 4550 ἦν
1128 4486 1399 4541 ἀθανάτου
1445 4491 1714 4562 σώματος,
1745 4498 1781 4551 ἃ

215 4568 432 4638 θνητῶν
465 4569 635 4622 ἐνίοτε
677 4573 772 4625 καὶ
803 4573 1060 4644 φθαρτῶν
1116 4581 1208 4629 καὶ
1264 4583 1431 4650 τέχνη
1475 4586 1569 4636 καὶ
1626 4588 1787 4655 φύσις

221 4660 483 4725 ἐξέϐαλεν
505 4671 538 4726 ;’
565 4662 727 4728 Ἀλλ’,
760 4666 832 4728 ὠς
864 4666 1060 4734 ἔοικεν,
1103 4671 1365 4741 ἐπιθυμία
1400 4676 1497 4742 μὲν
1519 4672 1586 4746 ἦν
1618 4679 1786 4748 αὐτῷ,

218 4752 352 4823 περὶ
382 4751 540 4821 ἡμῶν
573 4753 807 4822 ἀλγῆσαι
841 4757 1098 4821 πολλάκις
1122 4777 1133 4790 ·
1162 4764 1280 4814 ἐπεὶ
1305 4763 1358 4816 δὲ
1387 4767 1484 4819 οὐκ
1515 4767 1660 4831 ἐξῆν,
1693 4771 1785 4823 τοῦ

219 4846 472 4913 σώματος
502 4845 652 4914 αὐτῷ
677 4847 778 4915 τὴν
805 4849 1010 4911 φθορὰν
1040 4852 1295 4917 καθάπαξ
1315 4855 1667 4925 διαφυγόντος
1696 4864 1786 4913 καὶ

217 4935 336 5002 ἅμα
367 4935 477 4987 τῶν
503 4935 820 5004 πληξάντων
853 4939 1164 5006 φειδόμενος
1204 4946 1528 5014 ἀνθρώπων,
1560 4951 1625 5002 τά
1653 4951 1781 5018 γοῦν

221 5027 424 5094 σημεῖα
453 5026 552 5094 τῆς
595 5029 981 5095 σφαγῆςέγνω
1012 5030 1087 5099 τῷ
1125 5034 1336 5102 σώματι
1376 5042 1661 5107 συντηρεῖν
1693 5043 1783 5092 καὶ

217 5118 329 5179 τοῖς
353 5116 544 5177 τύποις
581 5117 669 5169 ἀεὶ
721 5121 960 5171 συνεῖναι
990 5121 1097 5174 τῶν
1133 5126 1494 5194 τραυμάτων,
1533 5123 1607 5183 ὦν
1640 5131 1784 5194 ἅπαξ

219 5209 590 5277 ἐνεγέγραπτο
617 5200 974 5278 σταυρωθεὶς,
997 5212 1083 5264 ἵνα
1109 5213 1261 5281 δῆλος
1286 5217 1360 5277 ὡς
1389 5219 1498 5286 ἄρα
1521 5220 1649 5289 περὶ
1675 5221 1782 5273 τῶν

218 5297 418 5350 δούλων
447 5299 789 5366 ἐσταύρωται
822 5301 916 5353 καὶ
943 5302 1042 5370 τὴν
1073 5304 1313 5374 πλευρὰν
1344 5307 1533 5376 ὲνύγη,
1568 5310 1783 5378 πόρῤω-

220 5383 366 5460 θενῇ
396 5391 489 5440 καὶ
517 5389 653 5457 μετὰ
671 5392 766 5459 τῆς
791 5391 1004 5453 ἀκτῖνος
1047 5394 1261 5463 ἐκείνης
1307 5398 1404 5462 τῆς
1443 5399 1778 5469 ἀπορρήτου,

223 5479 313 5529 καὶ
346 5478 521 5530 ταῦτα
557 5479 760 5553 κᾷσμον
791 5481 895 5552 ἔχῃ
938 5482 1016 5551 τῷ
1062 5484 1294 5551 βασιλεῖ.
1343 5487 1408 5538 Τί
1438 5488 1528 5541 τοῦ
1558 5490 1780 5558 φίλτρου

220 5571 406 5622 τούτου
438 5569 636 5636 γένοιτ’
665 5571 731 5624 ἂν
763 5571 913 5639 ἴσον;
947 5573 996 5626 τί
1019 5575 1271 5628 τοσοῦτον
1293 5578 1550 5649 ἐφίλησεν
1575 5580 1784 5651 ἂνθρω-

292 5750 334 5782 ⁸¹
359 5749 602 5820 Philipp.
640 5763 699 5814 ιι,
733 5749 781 5806 7.
862 5751 904 5782 ⁸³
935 5750 974 5804 ll
1020 5753 1145 5808 Cur.
1175 5770 1292 5820 vni,
1326 5754 1381 5809 θ.

1890 3217 2064 3269 solum
2093 3213 2468 3268 crudelissima
2503 3229 2716 3281 passus.
2751 3222 2802 3265 et
2833 3229 2896 3266 ex
2923 3213 3096 3281 plagis
3127 3226 3191 3266 ac
3221 3212 3456 3273 vulneri-

1895 3312 1997 3360 bus
2032 3315 2279 3358 mortuns
2319 3314 2420 3364 est,
2459 3304 2551 3354 sed
2594 3304 2755 3354 etiam
2798 3304 3094 3364 rt‘tliVlHtS,
3129 3314 3181 3356 et
3223 3318 3452 3370 corpore

1889 3397 2206 3464 incorrupto
2228 3395 2460 3448 excitato
2492 3394 2774 3446 vulnerum
2805 3394 2996 3446 harum
3023 3394 3246 3462 vestigia
3275 3394 3453 3449 adhuc

1888 3497 2086 3544 servat.
2120 3493 2172 3536 et
2205 3499 2266 3535 ea
2309 3483 2362 3534 iu
2395 3496 2622 3549 c0rpore
2657 3497 2756 3534 suo
2790 3472 3038 3549 portans,
3080 3498 3202 3540 cum
3257 3483 3449 3536 iisdem

1886 3579 1953 3630 ab
1987 3575 2190 3641 angelis
2221 3574 2570 3643 conspicitur,
2591 3587 2758 3640 eaque
2797 3573 2899 3626 sibi
2929 3571 3248 3628 ornamento
3276 3574 3448 3639 ducit,

1886 3679 1939 3721 et
1968 3667 2182 3719 lzetatur
2216 3681 2337 3718 eum
2383 3679 2440 3720 se
2480 3665 2734 3717 immania
2775 3680 2870 3733 pro
2901 3665 3057 3718 nobis
3087 3681 3308 3734 passum
3351 3667 3452 3721 hac

1890 3759 2101 3811 ratione
2135 3757 2398 3811 ostendit.
2437 3758 2499 3810 Et
2537 3757 2640 3810 aha
2683 3757 2902 3825 quidem
2942 3774 3292 3826 quaecunque
3325 3769 3452 3814 sunt

1888 3849 2134 3916 corporis
2187 3848 2348 3914 hujus
2384 3846 2602 3913 abjecit,
2639 3848 2848 3900 habens
2901 3862 3100 3915 corpus
3144 3849 3448 3916 spirituale,

1886 3941 1939 3992 in
1970 3955 2078 4008 quo
2117 3953 2214 3991 nec
2245 3939 2545 4007 gravitatis,
2580 3953 2678 3990 nec
2713 3938 2993 4006 ponderis,
3021 3955 3120 3993 nec
3150 3941 3448 4002 ct-assitiei,

1884 4047 1986 4084 nec
2033 4030 2194 4083 ullius
2241 4030 2465 4082 alterius
2501 4028 2811 4099 hujttsmodi
2901 4029 3129 4085 allectus
3199 4027 3446 4098 (οι-ρυτώ

1887 4124 2133 4176 relictum
2173 4130 2297 4187 est;
2335 4129 2492 4174 notas
2532 4121 2813 4173 vulnerum
2853 4136 3196 4191 nequaquam
3231 4124 3447 4192 :ihjecit,

1885 4229 1984 4267 nec
2021 4213 2135 4281 ipsa
2168 4228 2390 4280 prorsus
2418 4212 2653 4274 extrivit,
2689 4212 2779 4264 sed
2813 4222 3030 4280 propter
3050 4230 3286 4267 antorem
3320 4230 3447 4284 erga

1887 4305 2158 4357 hominem
2197 4317 2258 4356 ea
2295 4303 2398 4360 sibi
2471 4303 2699 4355 amanda
2753 4312 2804 4355 et
2843 4303 3119 4356 retinenda
3177 4305 3449 4356 existinm-

1885 4396 1963 4450 vit
1997 4413 2009 4449 :
2041 4397 2164 4463 quia
2204 4411 2300 4464 per
2340 4395 2454 4448 haec
2479 4397 2745 4462 perditum
2786 4395 3010 4455 invenit,
3048 4404 3101 4448 et
3131 4395 3447 4452 vulneratus

1889 4490 2032 4558 cepit
2083 4503 2240 4557 quem
2281 4489 2516 4542 amabat.
2573 4488 2690 4540 Alia
2722 4487 2866 4540 enim
2918 4488 2984 4541 de
3033 4502 3197 4542 causa
3270 4491 3450 4544 adhuc

1888 4590 2143 4633 constare
2185 4578 2468 4631 vulnerum
2505 4579 2835 4630 monimenta
2869 4577 2920 4629 in
2953 4592 3184 4644 corpore
3228 4579 3452 4631 immor-

1888 4670 1980 4722 tali
2017 4667 2290 4737 quomodo
2333 4678 2755 4720 consentaneum
2806 4667 3017 4729 fuisset,
3071 4682 3192 4718 eum
3243 4682 3302 4718 ea
3348 4669 3450 4720 ali-

1886 4761 2104 4830 quando
2141 4761 2190 4811 in
2222 4760 2544 4812 mortalibus
2584 4767 2637 4810 et
2687 4757 2927 4810 interitui
2974 4757 3235 4824 subjectis
3267 4774 3356 4813 ars
3398 4771 3450 4813 et

1889 4861 2075 4904 natura
2105 4851 2378 4904 obdueaut
2401 4863 2560 4918 atque
2586 4848 2838 4902 deleaut?
2870 4847 3085 4911 Verum,
3112 4859 3167 4900 ut
3200 4863 3448 4918 apparet,

1891 4957 1988 5008 pro
2039 4941 2196 4994 nobis
2245 4941 2444 5009 smpius
2475 4941 2778 4993 excruciari
2818 4940 3106 5007 cupiebat:
3137 4942 3278 5007 quod
3318 4942 3445 5008 quia

1891 5048 1997 5084 non
2031 5042 2262 5100 poterat,
2290 5034 2432 5100 quod
2469 5048 2668 5100 corpus
2699 5030 2815 5100 ejus
2843 5031 3249 5097 corruptionem
3284 5031 3446 5083 semel

1891 5121 2196 5190 cllugisset,
2233 5135 2280 5176 et
2315 5123 2475 5176 simul
2511 5122 2852 5191 percussoris
2883 5137 2939 5176 se
2970 5118 3289 5173 lmminibus
3321 5138 3448 5186 par-

1893 5228 2016 5267 cere
2049 5214 2254 5276 volcns,
2284 5216 2470 5267 saltem
2502 5223 2656 5266 notas
2682 5226 2792 5266 sua:
2823 5211 2969 5266 necis
2993 5212 3042 5263 in
3079 5225 3306 5277 corpore
3334 5225 3455 5262 ser-

1890 5306 2114 5367 vandas,
2164 5315 2218 5358 et
2262 5305 2490 5374 vestigia
2545 5306 2854 5367 vulnerum,
2913 5318 3034 5369 qum
3082 5303 3244 5355 semel
3298 5301 3449 5354 cruci

1892 5397 2082 5450 allixus
2111 5396 2430 5462 accepisset,
2473 5396 2747 5463 perpetuis
2784 5394 2998 5447 seculis
3025 5394 3280 5460 gestanda
3314 5407 3440 5443 ceu-

1895 5489 2002 5541 suit
2039 5504 2052 5539 :
2089 5497 2144 5539 ut
2193 5495 2401 5552 pateret
2428 5488 2706 5548 omnibus,
2744 5500 2841 5554 pro
2881 5485 3053 5537 Servis
3097 5484 3446 5542 cruciﬁxum,

1890 5590 1942 5633 ct
1971 5580 2154 5632 lancea
2203 5578 2342 5632 latus
2380 5578 2480 5632 sibi
2515 5576 2729 5632 eminus
2777 5585 3022 5646 apertum
3057 5589 3198 5641 esse,
3233 5582 3285 5627 ct
3323 5586 3444 5627 cum
