4154 6308
746 384 843 446 651

1963 382 2185 441 Nlt‘fll.
2209 382 2268 439 \l
2312 383 2350 441 C
2372 385 2625 444 ιιιιςῐε
2650 385 2696 444 Ἐ

3860 382 3972 441 ῦῖιὲ

743 504 941 570 gladio,
996 503 1124 570 igni,
1190 503 1491 555 murtisese
1543 503 1896 567 tradidczunt,
1953 506 2298 558 tientt'icibtzs

2407 504 2554 553 αὑτοτ
2578 520 2620 559 ς,
2652 504 2747 563 τὰς
2782 502 2937 563 cili;
2962 502 3041 553 ἔτι
3071 502 3375 567 δεικνύντες
3403 505 3496 557 ἐπὶ
3519 506 3628 558 τῶν
3648 507 3983 576 ῗοαμπόιτων

743 595 795 644 in
834 592 1152 659 corporibus
1186 590 1403 653 fulgidis
1451 592 1751 660 conspicui,
1798 603 1850 645 et
1902 594 2141 658 vestigiis
2186 597 2300 643 \‘ul-

742 698 956 740 uerum.
1026 692 1083 734 ut
1136 691 1455 747 tropaeorum
1502 683 1731 749 quadem
1793 684 2143 751 inscriptione
2213 686 2303 735 tri-

743 772 1086 845 umphantes,
1150 786 1349 823 corona
1431 770 1892 833 fortissimorum,
1985 774 2301 826 vulneribus

740 864 1033 916 illustrium
1063 902 1076 923 ,
1126 861 1278 930 juxta
1320 875 1531 930 regem,
1572 862 1687 930 qui,
1737 863 1879 931 quod
1938 866 2156 916 occisus
2200 876 2300 925 ρει,

740 956 893 1013 vicit,
946 963 999 1005 et
1058 952 1199 1020 quod
1258 950 1459 1004 Paulus
1513 951 1608 1014 ait,
1679 962 1928 1020 «prepter
1991 954 2298 1021 passionem

740 1050 927 1102 mortis
948 1048 1045 1111 “,3
1081 1046 1252 1115 gloria
1287 1054 1341 1099 et
1375 1046 1581 1099 honore
1608 1056 1943 1099 coronatum.

811 1138 938 1192 Περ
964 1136 1371 1191 commentandi
1396 1145 1711 1204 argumenta
1755 1136 1913 1189 nobis
1939 1139 2302 1198 sumentihus,

738 1242 788 1283 et
811 1230 957 1283 omni
992 1240 1231 1296 tempore
1250 1227 1633 1295 cegitautibus,
1656 1238 1767 1280 tum
1786 1236 1989 1281 natura:
2013 1240 2209 1282 nostrae
2225 1228 2304 1282 di-

738 1324 938 1390 gnitas,
967 1331 1078 1371 tum
1117 1320 1205 1371 Dei
1226 1318 1529 1387 benignitas
1568 1316 1799 1370 notaliet
1842 1316 1956 1371 lioc
1997 1317 2231 1369 maxime
2275 1332 2303 1370 a

737 1413 996 1483 pravitate
1014 1426 1113 1465 nos
1131 1410 1355 1470 arcebit,
1371 1417 1424 1461 et
1440 1410 1480 1462 si
1498 1408 1906 1471 forte-labentur,
1927 1406 2079 1461 facile
2100 1424 2309 1477 repara-

738 1504 836 1556 bit.
873 1503 1008 1556 Cum
1033 1502 1177 1554 enim
1240 1501 1407 1554 multa
1457 1500 1566 1552 sint
1607 1515 1725 1567 quae
1779 1499 2005 1553 salutem
2065 1509 2301 1553 nostram

738 1592 999 1661 impedire
1055 1599 1283 1660 queant,
1333 1591 1669 1658 praecipuum
1719 1598 1822 1652 est,
1884 1589 2027 1658 quod
2080 1598 2305 1657 peccato

734 1695 1065 1751 quocunque
1120 1679 1385 1741 admisso,
1435 1694 1539 1731 non
1574 1678 1719 1731 illico
1762 1679 1825 1730 ad
1858 1678 2023 1730 Deum
2058 1678 2304 1729 conversi

736 1773 948 1826 veniam
986 1770 1326 1839 rogitamus;
1363 1768 1457 1823 sed
1484 1771 1892 1829 erubescentes,
1912 1776 2301 1828 ctntctucntes,

2412 594 2673 659 σωμάτων
2732 594 2822 643 κλὶ
2869 592 3290 661 Θριαμϐεύοντες
3340 596 3451 656 τοῖς
3479 594 3587 647 τῶν
3616 595 3845 665 πληγῶν
3880 599 3979 649 τύ-

2407 700 2521 741 ποις
2555 684 2628 744 ὡς
2664 684 2939 751 ἐπιγραφῇ
2972 684 3275 747 τροπαίων,
3311 684 3511 745 κύκλος
3557 688 3830 750 ἀριστέων
3863 689 3976 740 ἀπὸ

2405 777 2732 840 τραυμάτων
2777 774 3079 841 εὐδοκιμῶν
3131 775 3281 839 παρὰ
3340 775 3553 844 βασιλεῖ
3582 776 3658 844 τῷ
3696 781 3974 842 σφαγῆναι

2405 865 2731 933 νενικηκότι,
2767 868 2857 916 καὶ
2890 866 2915 915 ὅ
2949 883 3081 933 φησι
3104 866 3310 927 Παῦλος
3343 885 3360 917 ι
3389 868 3476 919 διὰ
3504 868 3562 919 τὸ
3612 868 3847 937 πάθημα
3882 869 3973 920 τοῦ

2407 954 2635 1005 θανάτου
2666 954 2792 1025 δόξῃ
2822 956 2915 1005 καὶ
2940 956 3077 1023 τιμῇ
3115 956 3575 1024 ἐστεφανωμένῳ.
3618 976 3635 1006 ι

2476 1136 2657 1189 Ταῦτα
2682 1136 3028 1205 ποιουμένοις
3062 1135 3295 1203 μελέτην
3319 1136 3411 1187 καὶ
3434 1133 3642 1186 τούτων
3662 1134 3824 1187 οὖσιν
3852 1135 3977 1186 ὅσαι

2406 1222 2545 1295 ὧραι
2569 1228 2672 1278 τῶν
2700 1226 3001 1293 λογισμῶν,
3022 1228 3079 1277 τό
3109 1242 3166 1276 τε
3195 1224 3292 1291 τῆς
3321 1225 3533 1292 φύσεως
3563 1225 3719 1293 ἡμῶν
3758 1224 3979 1292 ἀξίωμα

2406 1319 2679 1385 γνώριμον
2700 1319 2733 1387 ἦ
2773 1335 2828 1368 τε
2853 1316 3231 1385 φιλανθρωπία
3255 1317 3385 1385 δήλη
3410 1316 3609 1383 γένοιτ’
3632 1316 3697 1368 ἂν
3723 1317 3860 1383 ἡμῖν
3883 1315 3978 1367 τοῦ

2406 1409 2564 1460 Θεοῦ.
2622 1408 2791 1459 Τοῦτο
2840 1409 2895 1460 δὲ
2936 1409 3168 1477 μάλιστα
3205 1407 3303 1476 μὲν
3340 1409 3432 1458 ἐπί
3489 1425 3541 1459 τι
3574 1408 3815 1476 πονηρὸν
3853 1409 3981 1460 ἰδεῖν

2406 1504 2694 1566 ούκὲάσει,
2728 1504 2992 1561 πεσόντας
3038 1503 3114 1566 δὲ,
3150 1504 3196 1553 εἱ
3227 1502 3490 1569 συμϐαίη,
3529 1502 3860 1571 ἀναλήψαιτ’
3913 1501 3980 1555 ἂν

2408 1593 2621 1662 ῥᾳδίως.
2663 1593 2881 1645 Πολλῶν
2904 1594 3010 1661 γάρ
3042 1593 3233 1653 ὅντων,
3262 1592 3404 1660 ἅπερ
3432 1594 3499 1645 ἂν
3535 1594 3668 1661 ἡμῖν
3700 1595 3977 1661 προσταίη

2407 1688 2470 1753 τῇ
2513 1685 2774 1755 σωτηρίᾳ,
2826 1688 3079 1751 μέγιστον
3140 1685 3393 1737 ἁπάντων
3426 1686 3485 1737 τὸ
3517 1685 3978 1758 πλημμελοῦντας

2407 1775 2585 1827 ὁτιοῦν
2621 1777 2694 1845 μὴ
2731 1777 2866 1844 πρὸς
2893 1777 2983 1826 τὸν
3011 1776 3142 1828 Θεὸν
3168 1776 3328 1836 εὐθὺς
3372 1776 3749 1846 ἐπεστράφθαι
3778 1793 3977 1845 παραι-

738 1866 878 1917 viam
906 1863 971 1915 ad
1000 1862 1152 1915 illum
1186 1859 1468 1912 molestam
1501 1873 1563 1910 ac
1593 1857 1884 1920 difﬁcilem,
1911 1857 2167 1924 illumque
2199 1855 2274 1907 ira

2410 1868 2725 1929 τουμὲνουξ,
2774 1868 2889 1919 ἀλλ’
2948 1868 3371 1937 αἰσχυνομένους
3405 1874 3499 1919 καὶ
3542 1867 3861 1933 δεδοικότας
3891 1873 3979 1938 ἐρ-

739 1967 853 2009 tum
886 1954 1044 2007 nobis
1067 1962 1121 2007 et
1141 1950 1445 2012 inimicum,
1472 1958 1523 2001 et
1559 1964 1682 2000 eum
1710 1947 1968 2001 accedere
2000 1947 2303 2000 volentibus

739 2043 999 2114 singulari
1037 2040 1431 2111 prmparatione
1459 2053 1596 2106 opus
1620 2052 1740 2091 esse
1767 2038 2077 2102 opinamur.
2109 2035 2306 2087 Huma-

740 2140 883 2192 nitas
911 2150 1075 2206 porro
1102 2134 1194 2187 Dei
1236 2130 1552 2201 hujusmodi
1600 2133 1831 2199 cogitata
1864 2145 1927 2181 ex
1961 2131 2139 2181 anima
2178 2128 2302 2180 fun-

738 2232 887 2285 ditus
911 2228 1150 2296 expellit.
1180 2224 1316 2277 Nam
1351 2224 1443 2292 qui
1478 2223 1645 2292 probe
1685 2224 1937 2291 cognovit
1962 2236 2123 2289 quam
2149 2237 2303 2272 tuan-

739 2329 929 2375 suctus
966 2322 1059 2383 sit,
1093 2326 1145 2369 ct
1179 2315 1307 2368 illud
1358 2315 1592 2382 ignorat,
1636 2332 1652 2361 ι
1693 2313 1881 2363 Adhuc
1921 2322 1970 2363 te
2021 2312 2299 2378 loqur-nte,

738 2415 899 2475 dicet,
932 2422 1060 2463 ecce
1104 2406 1297 2459 adsum
1325 2403 1396 2466 δ’,
1432 2422 1449 2453 ι
1483 2402 1613 2471 quid
1668 2417 1789 2454 cum
1824 2410 2126 2453 remoretur
2170 2402 2300 2467 quin

738 2501 919 2553 statim
967 2508 1027 2551 ut
1055 2496 1317 2565 peccavit,
1351 2508 1473 2547 cum
1510 2492 1708 2545 adeat?
1734 2490 1854 2544 Hsec
1889 2491 2033 2542 enim
2060 2505 2301 2543 commn-

737 2591 823 2645 nis
853 2588 1025 2643 hostis
1054 2588 1347 2641 adversum
1400 2599 1498 2639 nos
1527 2583 1879 2645 machinatio,
1921 2590 1974 2633 et
2004 2581 2165 2636 dolus
2197 2590 2300 2646 est,

736 2681 865 2733 dum
894 2678 958 2733 ad
983 2685 1266 2745 peccatum
1300 2675 1578 2738 sollicitat,
1614 2672 1998 2726 conﬁdentiam
2030 2681 2085 2725 et
2131 2674 2304 2725 auda-

736 2769 874 2822 ciam
904 2766 1146 2820 excitare
1184 2782 1197 2817 :
1236 2765 1509 2818 teterrima
1538 2764 1650 2831 jam
1697 2763 1871 2826 ausis,
1904 2763 2299 2830 prolapsaque,

735 2857 993 2927 pudorem
1054 2870 1118 2909 ac
1144 2855 1393 2909 timorem
1453 2851 1749 2907 absurdum
1784 2852 2028 2922 injicere,
2087 2860 2143 2905 ut
2178 2867 2300 2905 cum

734 2951 826 3003 illo
850 2948 1011 3002 modo
1058 2961 1253 3000 cauere
1287 2944 1494 3009 fecerit,
1529 2945 1633 2998 hoc
1670 2958 1956 3012 resurgere
1986 2959 2092 2997 non
2124 2946 2299 3007 sinat;

735 3056 831 3096 seu
860 3039 1061 3108 potius,
1094 3037 1186 3091 illo
1215 3052 1243 3089 a
1284 3035 1390 3090 Deo
1424 3035 1695 3099 adducat;
1730 3035 1831 3086 hoc
1854 3033 1918 3085 ad
1950 3048 2073 3085 eum
2104 3033 2299 3086 reverti

734 3148 841 3185 non
893 3130 1190 3200 permittat,
1222 3141 1389 3196 atque
1433 3130 1504 3181 ita
1539 3127 1641 3182 viis
1701 3126 1994 3181 contrariis
2046 3126 2099 3179 iu
2132 3142 2298 3179 unum

736 3223 1049 3275 barathrum
1083 3218 1383 3289 pertrahar.

802 3401 909 3455 Sed
939 3400 1053 3454 hac
1085 3398 1234 3453 omni
1283 3398 1563 3467 diligentia
1615 3397 1853 3451 cavenda
1907 3408 2055 3461 sunt,
2107 3413 2299 3465 nempe

732 3499 857 3544 ante
883 3500 1165 3559 peccatum
1196 3486 1441 3550 audacia,
1475 3496 1528 3540 et
1558 3494 1683 3555 post
1711 3492 1990 3553 peccatum
2040 3486 2211 3551 pudor
2236 3499 2299 3538 ac

731 3584 917 3641 timor,
957 3579 1092 3633 nihil
1115 3579 1259 3633 enim
1295 3576 1702 3632 commoditatis
1734 3576 1953 3629 habent.
1992 3577 2105 3629 Non
2156 3578 2296 3629 enim

734 3675 898 3728 timor
922 3673 1021 3727 iste
1051 3670 1251 3733 calcar,
1285 3671 1377 3723 sed
1408 3678 1597 3737 stupor
1622 3668 1841 3737 quidam
1872 3682 1934 3720 ac
1959 3678 2143 3736 torpor
2185 3669 2301 3721 ani-

734 3767 925 3821 mabus
950 3773 1033 3819 est
1064 3778 1077 3814 :
1108 3777 1207 3816 nec
1235 3761 1613 3815 erubescimus
1661 3758 1997 3822 vulneribus,
2031 3770 2089 3812 ut
2142 3762 2296 3812 auxi-

670 3848 673 3851 ’
733 3860 799 3911 lia
826 3855 1274 3922 curationemque
1314 3849 1677 3914 inveniamus,
1732 3849 1825 3903 sed
1864 3860 1919 3902 ut
1957 3850 2144 3903 oculos
2176 3848 2296 3903 Sal-

731 3946 933 4001 vator-is
967 3942 1326 4011 eﬂ'ugiamus;
1354 3938 1497 3993 sicut
1521 3938 1693 3991 Adam
1750 3950 1810 3991 se
1838 3936 2142 3999 abscondit,
2171 3950 2295 4003 pro-

734 4051 852 4111 pter
876 4040 1074 4093 vulnus
1102 4049 1321 4089 manum
1383 4032 1576 4086 medici
1634 4030 2107 4100 fugiens(pr0pter
2152 4028 2293 4095 quod

734 4136 872 4189 enim
900 4143 1142 4201 quaerere
1164 4125 1418 4187 debebat,
1447 4138 1517 4178 ne
1550 4133 1828 4192 peccatum
1866 4121 1933 4174 de
1961 4120 2077 4188 ipso
2106 4120 2295 4173 trium-

734 4223 963 4289 pharet),
1000 4229 1225 4268 uxorem
1262 4221 1442 4265 autem
1494 4210 1778 4278 objiciens,
1829 4220 1888 4262 ut
1939 4218 2199 4277 quantum
2239 4207 2293 4261 in

731 4324 849 4380 ipso
881 4317 1019 4370 erat,
1050 4305 1334 4359 mollitiem
1369 4303 1533 4357 animi
1568 4303 1648 4356 sui
1702 4310 1905 4371 tegeret
1956 4316 2019 4354 ac
2068 4301 2291 4354 velaret.

730 4400 794 4455 Et
822 4401 964 4454 sicut
1002 4407 1120 4465 post
1143 4395 1295 4449 illum
1322 4393 1456 4449 Cain
1510 4408 1761 4461 qnaarens
1810 4392 1975 4445 latere
2019 4392 2294 4461 quomodo

727 4507 787 4547 se
816 4505 976 4559 posse
1002 4490 1168 4542 latere
1195 4487 1421 4555 putabat
1442 4500 1565 4540 eum
1595 4486 1750 4553 cujus
1770 4484 1937 4537 oculis
1965 4492 2149 4551 patent
2175 4498 2295 4536 om-

2408 1959 2554 2027 γώδη
2592 1960 2712 2012 τινὰ
2774 1960 3018 2028 νομίζειν
3082 1960 3181 2027 τὴν
3227 1960 3307 2017 εἰς
3348 1959 3553 2012 ἐκεῖνον
3585 1960 3724 2025 όδὲιν,
3776 1965 3871 2014 καὶ
3904 1962 3978 2022 ὡς

2405 2052 2635 2118 ὀργίλως
2685 2053 2819 2116 πρὸς
2855 2054 3004 2120 ἡμᾶς
3045 2056 3137 2105 καὶ
3158 2051 3433 2120 δυσχερῶς
3461 2051 3572 2120 εχει
3603 2054 3695 2105 καὶ
3732 2055 3977 2121 μεγάλης

2406 2141 2486 2193 δεῖ
2521 2144 2634 2203 τοῖς
2660 2142 2981 2209 προσελθεῖν
3015 2141 3363 2209 βουλομένοις
3390 2143 3751 2211 Παρασκευ-ῖκ
3775 2161 3789 2174 ·
3834 2146 3868 2211 ἡ
3922 2146 3975 2196 δὲ

2405 2231 2496 2283 τοῦ
2529 2231 2663 2283 Θεοῦ
2695 2232 3074 2301 φιλανθρωπία
3099 2233 3196 2298 τῆς
3218 2233 3395 2301 ψυχῆς
3428 2234 3747 2287 παντάπασι
3782 2236 3973 2288 τοῦτον

2406 2322 2655 2375 ἐκϐάλλει
2690 2325 2781 2375 τὸν
2818 2323 3097 2393 λογισμόν.
3128 2323 3219 2391 Τῷ
3253 2324 3363 2393 γάρ
3396 2325 3559 2378 εἰδότι
3589 2324 3797 2392 σαφῶς,
3824 2327 3886 2379 ὅτ
3902 2345 3975 2389 ως

2408 2417 2744 2483 ἡμερότητος
2776 2415 2907 2484 ἔχει,
2940 2416 3033 2467 καὶ
3059 2416 3134 2478 ὡς
3161 2417 3243 2467 ἔτι
3303 2436 3319 2465 t
3360 2415 3649 2478 λαλοῦντος
3675 2419 3815 2486 ἐρεῖ,
3840 2420 3973 2473 Ἰδοὺ

2406 2507 2659 2574 πάρειμι,
2690 2508 2791 2558 ι·τὶ
2819 2507 3015 2570 γένοιτ’
3053 2508 3119 2558 ἂν
3152 2508 3382 2575 κώλυμα
3421 2509 3551 2576 περὶ
3579 2510 3685 2560 τῶν
3719 2504 3974 2580 ἡμαρτηᾲ

2409 2598 2583 2663 μένων
2612 2598 2771 2659 εύθῦς
2798 2597 2943 2667 αὐτῷ
2970 2599 3322 2666 προσελθεῖνς
3351 2598 3523 2653 Τοῦτο
3539 2601 3647 2670 γὰρ
3672 2604 3976 2672 μηχάνημα

2408 2685 2525 2736 καθ’
2558 2687 2711 2754 ἡμῶν
2743 2689 2834 2739 καὶ
2868 2689 3032 2756 τέχνη
3060 2688 3151 2740 τοῦ
3180 2689 3359 2742 κοινοῦ
3392 2690 3673 2765 πολεμίου,
3704 2695 3843 2763 πρὸς
3875 2696 3975 2763 μὲν

2405 2774 2499 2841 τὴν
2542 2776 2817 2844 ἁμαρτίαν
2851 2778 3051 2844 ἄγοντα
3082 2779 3385 2848 θρασύτητι
3416 2784 3512 2833 καὶ
3554 2782 3736 2854 τόλμῃ
3779 2789 3973 2851 κινεῖν,

2404 2867 2703 2933 τολμήσασι
2734 2869 2789 2920 δὲ
2820 2868 2887 2920 τά
2936 2869 3220 2923 δεινότατα
3272 2873 3365 2923 καὶ
3419 2871 3680 2924 πεσοῦσιν
3706 2875 3975 2945 αἰσχύνην

2406 2958 2496 3008 καὶ
2528 2957 2641 3019 δέος
2663 2958 2863 3010 ἄτοπον
2893 2958 3175 3021 ἐντιθέναι,
3198 2961 3270 3022 ὡς
3290 2960 3355 3013 ἂν
3383 2960 3460 3029 τῷ
3493 2961 3592 3030 μὲν
3612 2968 3973 3032 παρασκευά-

2370 3090 2384 3105 ,
2407 3063 2471 3113 σῃ
2500 3049 2705 3111 πεσεῖν,
2738 3048 2813 3116 τῷ
2861 3048 2905 3100 δ’
2934 3050 3231 3117 ἀναστῆναι
3272 3050 3344 3119 μὴ
3388 3053 3737 3121 συγχωρήσῃ,
3770 3055 3977 3121 μᾶλλον

2402 3137 2459 3189 δὲ
2487 3138 2561 3207 τῷ
2597 3139 2695 3206 μὲν
2722 3138 2986 3209 ἀπαγάγῃ
3017 3139 3177 3204 Θεοῦ,
3206 3140 3281 3207 τῷ
3307 3142 3362 3193 δέ
3387 3142 3523 3208 πρὸς
3554 3144 3715 3195 αὐτὸν
3740 3146 3981 3198 ἐπανελ-

2328 3219 2370 3272 C
2405 3229 2515 3281 θεῖν
2553 3232 2652 3283 οὐκ
2695 3230 2849 3302 ἐάσῃ,
2899 3232 2990 3283 καὶ
3048 3230 3189 3285 οὕτω
3217 3234 3304 3285 διὰ
3344 3235 3452 3286 τῶν
3485 3235 3744 3288 ἐναντίων
3776 3235 3863 3301 ἐφ’
3911 3236 3977 3291 ἓν

2404 3322 2608 3393 ἐλκύσῃ
2639 3323 2931 3393 βάραθρον.

2477 3413 2664 3466 Ταῦτα
2724 3414 2780 3466 δέ
2838 3414 2985 3484 πάσῃ
3049 3415 3249 3482 σπουδῇ
3300 3414 3664 3479 φυλάττεσθαι
3718 3417 3820 3481 δεῖ,
3871 3421 3977 3472 καὶ

2404 3505 2626 3571 φεύγειν
2682 3504 2885 3570 ὁμοίως
2949 3506 3048 3574 τήν
3097 3523 3155 3559 τε
3213 3506 3317 3576 πρὸ
3374 3510 3473 3575 τῆς
3517 3507 3794 3573 ἁμαρτιας
3843 3510 3979 3563 τόλ-

2405 3613 2512 3663 μαν
2567 3595 2661 3647 καὶ
2716 3596 2813 3664 τὴν
2868 3599 3006 3663 μετὰ
3062 3597 3266 3666 ταύτην
3321 3600 3585 3669 αἰσχύνην
3635 3601 3729 3653 καὶ
3778 3602 3972 3668 φόϐον,

2401 3679 2475 3740 ὧν
2541 3685 2691 3739 οὐδὲν
2752 3684 2966 3753 ὄφελος.
3029 3689 3102 3741 Οὐ
3161 3691 3268 3755 γὰρ
3321 3687 3386 3758 δὴ
3446 3689 3672 3758 κέντρον
3737 3683 3891 3751 οὗτος
3939 3693 3974 3743 ὁ

2406 3775 2590 3845 φόϐος,
2621 3776 2756 3827 ἀλλὰ
2786 3776 2960 3844 νάρκη
2994 3776 3075 3839 τίς
3102 3781 3216 3830 ἐστι
3244 3780 3363 3838 ταῖς
3384 3778 3606 3848 ψυχαῖς.
3638 3780 3747 3833 οὐδ’
3775 3784 3972 3850 αξσχυ-

2400 3864 2605 3933 νόμεθα
2641 3865 2750 3926 τοῖς
2774 3865 3107 3932 τραύμασιν,
3131 3866 3196 3918 ἶν’
3220 3866 3530 3937 ἐξεύρωμεν
3550 3860 3595 3934 ᾧ
3628 3869 3974 3938 θεραπεύσο-

2401 3974 2520 4024 μεν,
2557 3957 2671 4011 ἀλλ’
2733 3958 2820 4009 ῐνα
2848 3958 2971 4018 τοὺς
3003 3957 3096 4010 τοῦ
3130 3958 3382 4029 Σωτῆρος
3438 3958 3702 4028 φύγωμεν
3754 3962 3969 4027 ὀφθαλο

2400 4049 2555 4117 μοὺς,
2590 4047 2840 4116 καθάπερ
2868 4047 3042 4117 Ἀδὰμ
3062 4047 3294 4117 ἐκρύϐη,
3316 4044 3404 4102 διὰ
3420 4050 3480 4102 τδ
3504 4051 3725 4120 τραῦμα
3744 4053 3844 4122 τὴν
3864 4055 3966 4107 τοῦ

2404 4138 2585 4207 ἰατροῦ
2632 4141 2787 4207 χεῖρα
2842 4139 3081 4206 φεύγων,
3113 4139 3269 4207 -ὐπὲρ
3295 4136 3355 4194 οὗ
3388 4141 3573 4212 ζητεῖν
3614 4140 3745 4207 εδει,
3774 4142 3964 4213 τῷ.μὴ

2399 4227 2519 4281 κατ’
2553 4228 2714 4288 αὐτὸς
2737 4228 2901 4281 αὐτοῦ
2936 4229 3303 4297 θριαμϐεῦσαι
3333 4229 3429 4300 τὴν
3478 4233 3777 4302 ἁμαρτίαν,
3823 4233 3962 4285 ἀλλὰ

2396 4318 2495 4388 τὴν
2515 4320 2748 4385 γυναῖκα
2773 4319 3164 4387 προϊσχόμενος
3191 4320 3287 4389 τὴν
3310 4322 3405 4391 τῆς
3432 4321 3657 4389 γνώμης
3673 4323 3961 4378 ἀσθένειαν

2400 4408 2741 4477 συγκαλύψαι
2771 4412 2828 4460 τό
2861 4408 2910 4475 γ’
2946 4410 3031 4463 ἐπ’
3065 4410 3212 4480 αύτῷ
3281 4413 3374 4463 καὶ
3429 4412 3570 4466 Κάῖν
3600 4413 3721 4481 μετ’
3748 4414 3963 4466 ἐκεῖνον

2398 4499 2675 4553 λανθάνειν
2690 4498 2890 4569 ζητῶν,
2910 4494 2989 4563 οἷς
3006 4499 3157 4569 ᾠηθῇ
3185 4500 3478 4571 δυνηθῆναι
3494 4503 3698 4565 λαθεῖν,
3715 4498 3758 4570 ᾧ
3783 4507 3961 4556 πάντα

727 4582 838 4634 nia.
873 4578 1143 4632 Conducit
1201 4576 1344 4629 enim
1396 4583 1444 4628 et
1501 4573 1710 4637 timere,
1747 4581 1799 4625 et
1844 4572 2184 4629 erubescere,
2240 4578 2295 4623 et

2408 4590 2512 4659 πρὸ
2542 4590 2648 4642 τῶν
2674 4589 2989 4659 ὀφθαλμῶν.
3026 4583 3182 4643 Ἐστι
3207 4569 3314 4660 γὰρ
3346 4593 3639 4653 λυσιτελῶς
3662 4569 3739 4646 κα
3777 4595 3959 4647 δεῖσαι

728 4669 997 4726 macerari
1062 4666 1263 4727 animo,
1320 4675 1375 4718 et
1440 4679 1637 4731 corpus
1670 4662 2289 4725 submitterc,cumha’c

727 4762 792 4817 ad
823 4760 991 4816 Deum
1026 4772 1124 4811 nos
1154 4755 1407 4824 expedire
1439 4755 1729 4822 potuerint.
1768 4774 1784 4804 ι
1818 4755 1859 4806 Α
1887 4753 2151 4806 fructibus
2199 4768 2292 4805 eo-

730 4867 870 4916 rum,
894 4850 1089 4916 inquit,
1102 4845 1443 4915 cognoscetis
1460 4859 1555 4898 eos
1573 4846 1618 4876 '°
1658 4862 1675 4895 ι
1699 4843 1762 4895 Et
1777 4844 2029 4911 quoniam
2052 4858 2158 4895 non
2176 4858 2289 4895 mo-

725 4943 795 4996 do
819 4941 993 5010 pudor
1030 4954 1092 4993 ac
1123 4940 1306 5003 timor,
1336 4938 1427 4991 sed
1456 4936 1636 5004 gravis
1670 4937 1795 4988 item
1847 4935 2064 4987 tristitia
2096 4949 2289 5001 pecca-

728 5045 842 5086 tum
872 5031 1091 5099 excipit,
1124 5029 1287 5082 etiam
1340 5027 1451 5079 lucc
1497 5026 1584 5079 Dei
1639 5026 2030 5079 humanitatem
2087 5025 2287 5091 optime

722 5119 1177 5190 cognoscentibus
1205 5116 1336 5170 nihil
1367 5115 1631 5170 nocuerit.
1666 5114 1796 5168 Nam
1830 5115 1931 5168 etsi
1953 5114 2284 5168 scelestissi-

722 5226 937 5267 morum
990 5208 1295 5264 facinorum
1336 5206 1438 5261 sibi
1497 5205 1605 5260 sint
1655 5206 1882 5265 conscii,
1918 5220 2025 5258 non
2081 5206 2284 5261 idcirco

720 5317 870 5369 spem
925 5299 1094 5353 venia
1144 5296 1457 5369 projicient,
1494 5296 1730 5350 scientes
1765 5294 1893 5347 nihil
1952 5293 2090 5348 adeo
2146 5295 2283 5348 indi-

719 5403 883 5463 gnum
915 5402 1037 5444 esse
1066 5386 1238 5445 venia.
1277 5396 1335 5439 ut
1362 5383 1451 5438 Dei
1482 5384 1824 5439 clementiam
1862 5384 2060 5437 vincat.
2092 5384 2287 5437 Tristi—

721 5482 791 5534 tia
817 5486 995 5532 autem
1030 5476 1333 5529 adiciantur
1366 5474 1611 5536 salutari,
1640 5486 1691 5529 et
1742 5476 2027 5535 curabunt,
2080 5481 2134 5526 ut
2162 5491 2277 5527 eam

717 5570 1081 5640 ampliﬁcent;
1127 5566 1273 5619 illam
1327 5566 1551 5619 alteram
1584 5567 1755 5619 bonas
1797 5579 1918 5633 spes
1950 5563 2281 5619 labefactan-

714 5670 821 5717 tem
848 5660 1136 5732 fugabunt.

783 5865 829 5897 “
860 5861 1023 5919 Hebr.
1067 5880 1125 5930 tt,
1165 5863 1225 5920 9.
1299 5862 1344 5895 "
1390 5862 1495 5917 lsa.
1539 5877 1689 5927 Lvut,
1721 5861 1773 5918 9.
1849 5860 1893 5895 ⁸⁸
1936 5858 2119 5915 Matth.
2167 5878 2258 5927 ru,
2297 5864 2381 5921 16.

2395 4679 2488 4730 καὶ
2514 4678 2870 4747 αἰσχυνθῆναι
2896 4680 2989 4731 καὶ
3013 4680 3193 4749 ψυχὴν
3219 4680 3376 4748 τῆξαι
3402 4683 3496 4734 καὶ
3519 4682 3678 4751 σῶμα
3704 4701 3961 4751 κατενεγ-

2394 4764 2531 4825 κεῖν,
2556 4764 2683 4815 ὃταν
2700 4764 2835 4831 πρὸς
2856 4764 2948 4817 τὸν
2964 4764 3098 4818 Θεὸν
3114 4766 3281 4821 ταῦτα
3302 4769 3524 4837 δύνηται
3546 4771 3753 4839 φέρειν.
3782 4792 3799 4820 c
3825 4774 3879 4823 Ἀ
3890 4776 3961 4825 πο

2393 4850 2500 4918 γὰρ
2530 4850 2634 4901 τῶν
2667 4852 2892 4920 καρπῶν
2944 4854 3144 4915 αὐτῶν,
3206 4857 3391 4922 φησὶν,
3447 4858 3816 4924 ἐπιγνώσεσθε
3853 4878 3962 4912 αυ-

2391 4942 2549 5002 τούς·
2595 4959 2613 4991 )
2646 4942 2768 4993 ἐπεὶ
2810 4942 2857 4993 δ’
2902 4943 2998 5012 οὐχ
3038 4944 3166 4996 ὅσον
3219 4946 3449 5015 αἰσχύνη
3486 4948 3579 5000 καὶ
3625 4948 3767 5010 δέος,
3819 4950 3958 5000 ἀλλὰ

2396 5031 2587 5098 βαρεῖά
2616 5048 2697 5093 τις
2719 5032 2842 5085 ἁνία
2868 5034 2966 5102 τὴν
2999 5035 3271 5103 ἁμαρτίαν
3301 5037 3605 5105 ἐκδέχεται,
3636 5039 3726 5091 καὶ
3751 5040 3960 5109 ταύτης

2391 5119 2612 5183 οὐδεμία
2636 5121 2829 5187 γένοιτ’
2858 5122 2924 5174 ἂν
2950 5124 3127 5194 βλάϐη
3151 5128 3265 5188 τοῖς
3286 5127 3538 5196 ἀκριϐῶς
3568 5129 3668 5197 τὴν
3695 5129 3789 5181 τοῦ
3815 5129 3957 5183 Θεοῦ

2392 5211 2806 5279 φιλανθρωπίαν
2828 5215 3237 5286 ἐπισταμένοις.
3258 5218 3511 5289 Κᾶνγὰρ
3534 5221 3599 5273 τὰ
3623 5223 3825 5290 ἔσχατα
3846 5225 3959 5274 τῶν

2390 5302 2574 5355 κακῶν
2594 5306 2777 5368 αὐτοῖς
2804 5306 3143 5373 συνειδῶσιν,
3174 5311 3274 5363 οὐκ
3299 5311 3365 5363 ἂν
3390 5312 3643 5379 πρόοιντο
3681 5314 3779 5375 τὰς
3797 5314 3955 5367 ἐλπί-

2390 5392 2484 5453 δας
2506 5410 2520 5424 ’
2547 5393 2782 5448 εἴσονται
2817 5396 2873 5448 δὲ
2913 5397 3080 5465 μηδὲν
3109 5398 3253 5451 οὕτω
3305 5401 3489 5468 μεῖζον
3514 5397 3654 5454 εἶναι
3706 5406 3962 5469 συγγνώ-

2395 5500 2519 5551 μης,
2581 5485 2722 5538 ὥστε
2775 5490 2875 5557 τῆς
2927 5488 3020 5542 τοῦ
3052 5491 3186 5543 Θεοῦ
3233 5492 3507 5566 κρατῆσαι
3555 5496 3953 5563 χρηστότητ’ς,

2389 5575 2564 5643 λύπην
2594 5578 2648 5630 δὲ
2702 5585 2797 5646 τὴν
2832 5581 2929 5648 μὲν
2965 5582 3174 5633 οἴσουσι
3232 5584 3326 5649 τὴν
3362 5589 3627 5653 σωτήριον
3661 5586 3752 5637 καὶ
3786 5587 3957 5653 ζητή-

2392 5679 2592 5729 σουσιν,
2628 5661 2709 5728 οἷς
2746 5670 2915 5735 μείζω
2967 5674 3280 5740 ποιήσουσι,
3330 5675 3427 5742 τὴν
3478 5675 3667 5743 ἑτέραν
3694 5676 3747 5727 δὲ
3781 5676 3953 5728 ἐκϐαο

2387 5753 2534 5807 λοῦσι
2562 5760 2682 5819 ταῖς
2715 5759 2940 5825 ἀγαθαῖς
2968 5762 3149 5815 ἐλπίσι
3182 5764 3608 5853 λυμαινομένην.
