4154 6308
185 310 300 375 653

184 532 328 586 μασι
358 517 559 586 λύπην,
613 518 704 568 καὶ
736 516 833 584 τὴν
890 517 987 587 μὲν
1042 517 1396 589 ἐπανορθοῦν,
1434 519 1530 586 τὴν
1559 519 1613 570 δὲ
1644 522 1754 578 τοῖς

177 607 534 676 ἀνεχομένοις
562 606 784 676 δλεθρον
815 607 983 677 ἔχειν,
1031 609 1307 677 μάρτυρες
1344 610 1534 677 σαφεῖς
1565 609 1755 661 ἐκατέ-

181 713 322 767 ρων,
343 696 437 749 τοῦ
470 698 569 765 μὲν
598 699 804 767 Πέτρος
832 700 859 749 ό
894 697 1181 767 μακάριος,
1213 700 1443 768 θατέρου
1475 700 1530 751 δὲ
1564 700 1752 759 latitia;

175 792 210 838 ὁ
245 789 475 856 μισρός”
506 781 581 841 ὧν
608 789 687 855 τῷ
718 788 818 855 μὲν
860 782 1090 841 διέσωσε
1142 789 1239 858 τὴν
1268 789 1495 857 γνώμην
1545 791 1577 856 ἡ
1608 790 1753 857 λύπη

177 879 285 931 καὶ
350 878 427 948 τῷ
474 879 695 948 Χριστῷ
734 880 988 946 συνέστη,
1049 880 1292 942 κλαύσας
1347 880 1559 949 πικρῶς
1603 882 1753 933 οὐδὲν

176 964 347 1041 ἦττον
369 971 400 1037 ἥ
431 970 558 1039 πρὶν
574 972 654 1030 είς
680 969 843 1023 αὑτὸν
865 969 1215 1038 ἐξαμαρτεῖν,
1238 972 1327 1022 τὸν
1348 972 1401 1024 δὲ
1432 971 1524 1023 ἐπὶ
1557 971 1753 1041 βρόχον

178 1063 362 1131 ἧγαγε
389 1064 478 1113 τὸν
519 1060 747 1114 Ἰούδαν.
780 1060 890 1112 Καὶ
914 1060 1121 1125 ἀπῆλθε
1165 1059 1340 1129 δεσμὰ
1374 1061 1554 1129 φέρων
1581 1062 1637 1111 ὲν
1678 1062 1754 1129 τῷ

178 1152 367 1222 καιρῷ
397 1156 491 1222 τῆς
512 1152 699 1219 κοινῆς
723 1151 1059 1219 ἐλευθερίας,
1091 1152 1180 1203 ὅτε
1212 1152 1272 1203 τὸ
1302 1150 1602 1219 καθάρσιον
1654 1152 1749 1202 τοῦ

150 1245 398 1311 κκόσμου
454 1241 655 1303 παντὸς
717 1243 916 1310 ἐχεῖτο,
960 1241 1059 1309 τὴν
1112 1238 1307 1293 ἑαυτοῦ
1336 1240 1605 1308 κάθαρσιν
1634 1240 1751 1302 ἑνὸς

177 1334 381 1402 ἀνδρὸς
429 1333 720 1399 ἀπογνούς.
767 1332 859 1394 Ὠς
890 1332 955 1384 ἂν
1006 1331 1061 1384 δὲ
1113 1329 1401 1402 πόρρωθεν
1429 1331 1627 1392 εἰδότες
1654 1331 1751 1400 τὴν

181 1425 288 1493 μὲν
318 1423 702 1492 εἰσδεχὼμεθα,
726 1424 824 1493 τὴν
854 1423 908 1475 δὲ
935 1424 1247 1491 φεύγωμεν,
1277 1422 1384 1475 τῶν
1410 1423 1600 1475 παθῶν
1626 1424 1753 1476 ἑκα-

175 1517 348 1584 τέρου
385 1514 700 1583 προσθεῖναι
722 1515 803 1566 δεῖ
827 1517 925 1583 τὴν
956 1514 1244 1583 διαφορὰν,
1268 1515 1360 1567 καὶ¹
1385 1506 1427 1581 ᾧ
1456 1515 1517 1565 τὸ
1553 1514 1651 1582 μὲν
1690 1513 1751 1566 εὖ

178 1609 361 1660 ποιεῖν
389 1608 534 1675 ἡμᾶς
560 1606 692 1675 ἔχει;
725 1608 784 1658 τὸ
829 1607 885 1658 δὶ
919 1606 1123 1658 κακῶς.
1190 1605 1343 1657 Ἐπεὶ
1373 1605 1750 1675 γὰρπᾶμαρτά-

180 1714 369 1759 νοντες
394 1695 470 1765 τῷ
495 1713 554 1748 τε
571 1694 689 1765 Θεῷ
713 1698 808 1747 καὶ
838 1697 968 1764 ἡμῖν
993 1697 1177 1756 αὐτοῖς
1196 1694 1461 1763 γινόμεθα
1495 1695 1747 1763 πονηροὶ,

1235 316 1329 374 DE
1374 317 1544 374 Vl'l‘A
1588 315 1659 376 IN
1704 301 2038 375 enuts’rr)
2078 315 2221 373 LIB.
2280 312 2376 371 v1.

257 423 367 476 τοῦ
416 424 513 494 μὲν
566 420 658 478 οὖν
693 426 874 492 διττὴν
908 420 1049 479 εἶναι
1083 427 1179 495 τὴν
1218 429 1309 479 ἐπὶ
1353 430 1466 490 τοῖς
1502 430 1749 495 ἁμαρτή-
1784 435 1817 485 Α

3319 308 3428 373 65L

1923 426 2206 481 Geminam
2235 426 2416 493 itaque
2451 439 2615 489 super
2643 433 2866 493 peccato
2906 430 3219 492 perpetrato
3255 426 3430 477 tristi.

1859 519 1988 573 tiam
2022 526 2073 571 et
2095 518 2339 571 dolorem
2366 531 2507 580 esse,
2557 524 2609 569 et
2638 515 2865 568 alteram
2895 514 2960 567 ad
2991 513 3430 568 emendationem

1856 610 2154 679 pertinere,
2189 608 2417 662 alteram
2446 621 2509 660 ea
2536 606 2747 660 aﬂ‘ectis
2777 605 3007 659 exitium
3041 614 3233 673 parcre
3266 615 3433 663 testes

1857 702 2118 756 luculenti
2147 709 2313 762 sunt;
2350 698 2550 766 prioris
2587 698 2846 751 nimirum
2884 697 2945 750 Β.
2996 697 3215 757 Petrus,
3249 707 3431 763 poste-

1858 794 2020 847 rioris
2050 792 2317 847 nefandus
2340 790 2530 853 ludas,
2561 806 2797 859 quorum
2828 789 2903 843 illi
2947 789 3145 843 bonam
3177 789 3431 843 volunta-

1858 894 1963 939 tem
2010 886 2327 938 mmstitudo
2350 882 2608 948 servavit,
2638 882 2970 950 Christoque
3010 895 3212 934 amarae
3261 880 3436 951 lacry-

1859 992 1957 1031 mae
2001 991 2154 1045 teque
2203 975 2643 1029 commendatum
2676 981 2728 1027 et
2768 974 2995 1025 charum
3051 973 3430 1033 reddiderunt,

1855 1080 2016 1136 atque
2043 1077 2168 1121 ante
2216 1066 2563 1133 negationem
2603 1064 2820 1128 iuerat;
2869 1064 3015 1117 hunc
3066 1064 3132 1117 ad
3174 1064 3433 1132 laqueum
3473 1105 3477 1109 .

1854 1160 2054 1224 adegit,
2097 1170 2151 1213 et
2205 1159 2336 1213 abiit
2368 1158 2583 1211 vincula
2616 1165 2861 1226 portans,
2902 1155 3125 1225 quando
3173 1155 3434 1216 omnibus

1854 1252 2072 1304 libertas
2097 1251 2511 1309 conciliabatur.
2538 1263 2635 1303 sua
2666 1250 2827 1302 unius
2851 1248 3091 1301 hominis
3119 1247 3435 1316 eXpiationo

1850 1346 2159 1409 desperata,
2188 1344 2409 1413 quando
2441 1343 2584 1410 quod
2611 1341 2878 1394 mundum
2907 1340 3225 1393 universum
3248 1338 3435 1408 expia-

1855 1443 1957 1496 ret,
1990 1431 2385 1486 eO'uutlehatur.
2443 1431 2711 1485 Caeterum
2753 1439 2811 1482 ut
2866 1429 3040 1483 multo
3105 1440 3228 1483 ante
3276 1428 3431 1499 gnari

1857 1524 2002 1577 illam
2036 1524 2412 1584 admittamus,
2451 1524 2591 1575 hanc
2616 1520 2915 1589 fugiamus,
2946 1521 3237 1587 utriusque
3306 1534 3432 1584 per-

1857 1614 2184 1667 turbationis
2246 1613 2543 1666 discrimen
2576 1611 2986 1666 consideremus
3017 1627 3031 1664 :
3089 1610 3255 1664 altera
3283 1611 3428 1664 enim

1857 1705 1961 1758 hoc
1992 1704 2175 1766 habet,
2206 1714 2264 1757 ut
2316 1703 2477 1757 nobis
2526 1703 2684 1765 bene,
2730 1702 2926 1767 altera,
2956 1709 3036 1767 aut
3064 1701 3204 1754 male
3243 1700 3433 1757 faciat.

176 1790 243 1841 τὸ
278 1790 377 1855 μὲν
429 1785 568 1856 ὑπὲρ
632 1786 730 1854 τῆς
760 1787 840 1848 είς
890 1787 982 1838 τὸν
1020 1785 1298 1853 Δεσπότην
1355 1785 1748 1854 ἀγνωμοσύνης

1858 1796 2120 1865 Quoniam
2151 1794 2296 1850 enim
2328 1794 2543 1864 quoties
2580 1808 2899 1860 peccamus,
2932 1803 2987 1847 et
3014 1793 3146 1859 Deo,
3184 1801 3239 1846 et
3268 1793 3429 1845 nobis

177 1878 373 1945 ἀλγεῖν
400 1874 522 1929 οὔτε
561 1875 754 1946 βλάϐος
780 1876 933 1929 οὐδὲν
961 1877 1122 1933 οίσει.
1146 1877 1256 1928 ,καὶ
1288 1875 1525 1942 μάλιστα
1550 1874 1747 1941 γένοιτ’

173 1971 251 2027 ἂν
278 1972 410 2039 ἡμῖν
436 1972 493 2022 ὲν
526 1968 725 2039 καιρῷ,
762 1970 821 2020 τό
844 1986 907 2035 γε
939 1971 1047 2037 μὴν
1069 1969 1197 2037 περὶ
1219 1969 1381 2035 ἡμῶν
1416 1970 1597 2021 αὐτῶν
1618 1968 1749 2020 θαυ-

178 2064 400 2135 μαστάς
426 2078 581 2124 τινας
598 2061 809 2129 ψήφους
844 2059 1233 2129 ὑποθεμένους,
1264 2059 1436 2112 ἔπειτ’
1466 2061 1750 2129 ἐξεληλεγ-

176 2159 354 2225 μένας
387 2156 645 2226 ὁρῶντες,
683 2153 752 2204 δι’
801 2146 876 2205 ὧν
910 2152 1020 2203 τῶν
1068 2152 1296 2204 δεόντων
1328 2153 1750 2222 ἡμαρτήκαμεν,

172 2247 437 2302 ἀνιᾶσθαι
474 2255 565 2298 καὶ
596 2244 899 2299 κόπτεσθαι
954 2245 1050 2296 καὶ
1082 2245 1268 2315 πικρῷ
1316 2261 1425 2296 τινι
1462 2245 1753 2313 μεταμέλῳ

172 2338 278 2408 τὴν
314 2336 544 2406 καρδίαν
576 2335 807 2400 πιέζειν,
847 2336 922 2398 ὡς
950 2336 1049 2388 οὑκ
1082 2334 1142 2388 ὃν
1191 2335 1384 2404 βιωτὸν
1414 2336 1752 2402 τηλικούτοις

175 2431 374 2490 κακοῖς
403 2428 630 2481 τοιοῖσδε
678 2427 1068 2496 περιπεσοῦσι.
1121 2426 1342 2495 Ταύτην
1370 2426 1427 2477 δὲ
1452 2426 1552 2495 τὴν
1576 2426 1753 2492 λύπην

174 2519 590 2585 ἀποτρέπεσθαι
615 2518 696 2571 δεῖ
729 2519 961 2572 θανάτου
1022 2518 1237 2586 μητέρα
1277 2516 1534 2586 φανερῶς
1584 2513 1753 2568 οὖσαν

176 2616 281 2665 καὶ.
303 2612 362 2666 τὸ
393 2611 591 2665 πολλοῦ
621 2628 765 2673 τινος
798 2611 942 2679 ἡμᾶς
974 2609 1170 2671 αὐτοὺς
1202 2608 1529 2675 ἀξιοῦν,τὴν
1556 2609 1753 2675 ἑτέραν

174 2705 237 2758 δὲ
260 2705 324 2756 τὸ
355 2704 486 2774 περὶ
511 2703 602 2755 τὸν
640 2704 919 2766 Δεσπότην
950 2700 1157 2768 ἐγείρει
1191 2698 1415 2767 φίλτρον
1444 2700 1538 2751 καὶ
1567 2700 1628 2749 τὸ
1656 2716 1753 2749 σα-

180 2796 305 2864 φῶς
341 2796 535 2847 εἰδέναι
557 2794 648 2846 τὸν
678 2790 996 2861 εὐεργέτην,
1038 2792 1132 2843 καὶ
1181 2784 1256 2843 ὧν
1290 2788 1585 2854 ὀφείλεται,
1622 2790 1756 2839 πάν-

180 2904 279 2948 τες
338 2885 485 2953 αὐτῷ
554 2883 929 2946 καταστάντες
976 2880 1089 2935 οὔτ’
1130 2880 1456 2950 είσφέρομεν
1481 2880 1633 2949 οὐδὲν
1660 2882 1753 2933 καὶ

181 2974 327 3044 πρός
356 2990 419 3041 γε
450 2973 641 3033 κακοῖς
676 2969 1046 3041 ἀμειϐόμεθα.
1108 2968 1373 3038 Καθάπερ
1404 2970 1583 3022 τοίνυν
1615 2970 1750 3023 ἀλα.

180 3065 369 3127 (avet:
400 3064 657 3134 πονηρὸν,
686 3061 832 3116 οὕτω
863 3062 958 3115 καὶ
978 3062 1037 3114 τὸ
1062 3062 1149 3115 διὰ
1177 3061 1383 3129 ταύτην
1412 3064 1529 3117 ταῖς
1552 3062 1750 3132 ψυχαῖς

179 3157 472 3224 γινόμενον
530 3156 692 3223 ἀλγος
742 3156 838 3209 καὶ
873 3151 1084 3224 αὖθιςῆ
1122 3171 1181 3207 τε
1215 3155 1344 3222 περὶ
1386 3153 1477 3205 τὸν
1524 3155 1756 3224 Χριστὸν

180 3247 377 3316 ἀγάπη
407 3245 514 3298 τῶν
545 3246 787 3317 ισχάτως
815 3248 1036 3299 ἑπαινου
1045 3246 1241 3313 μένων,
1267 3243 1362 3297 τοῦ
1392 3262 1448 3296 τε
1479 3247 1590 3306 τοῖς
1610 3245 1755 3298 ἐκεῖ·

181 3336 282 3390 θεν
318 3338 494 3404 βέλεσι
520 3338 909 3406 κδντουμένους
928 3338 1216 3390 ὀδυνᾶσθαι
1246 3340 1339 3389 καὶ
1370 3337 1631 3404 τήκεσθαι
1658 3338 1755 3406 τὴν

181 3428 382 3497 ψυχὴν,
424 3428 840 3498 μακαριώτερον
862 3430 976 3489 τοῖς
1009 3426 1069 3479 εὖ
1103 3426 1391 3496 φρονοῦσιν
1418 3427 1588 3478 οὐδέν.

1854 1889 1987 1955 ipsis
2018 1902 2252 1955 nequam
2277 1902 2493 1950 sumus,
2541 1886 2596 1941 le
2632 1886 2845 1940 oﬂ'eusa
2869 1886 2922 1939 in
2953 1884 3243 1939 Dominum
3274 1884 3430 1937 dolo-

1856 1993 1968 2030 rem
2002 1992 2217 2047 capere,
2252 1992 2353 2030 nec
2385 1976 2556 2030 ullum
2584 1977 2969 2030 detrimentum
3000 1976 3219 2040 aﬂ‘eret,
3250 1985 3305 2031 et
3334 1988 3432 2045 per

1855 2083 2017 2136 quam
2043 2077 2414 2137 opportunum
2449 2064 2635 2120 fuerit.
2683 2065 2755 2120 De
2781 2066 2940 2122 nobis
2966 2080 3094 2120 vero
3124 2065 3260 2135 ipsis
3336 2076 3428 2117 um

1855 2158 2018 2212 nimis
2058 2158 2295 2228 gloriosa
2328 2155 2589 2226 suffragia
2622 2157 2937 2212 tulerimus.
2960 2155 3156 2211 deinde
3180 2170 3246 2211 ea
3278 2154 3433 2211 retu-

1856 2256 1965 2301 tata
1990 2247 2317 2308 'viderimus,
2345 2248 2474 2315 quia
2502 2258 2623 2313 qua!
2642 2242 2725 2298 fas
2757 2260 2863 2298 non
2895 2253 3015 2299 erat
3040 2245 3328 2313 consequi,
3362 2244 3431 2297 iis

1855 2337 2245 2400 exciderimus,
2282 2336 2404 2390 ideo
2426 2335 2764 2398 contristari,
2794 2344 2850 2390 et
2877 2336 3155 2405 plangere,
3184 2343 3239 2389 et
3274 2350 3434 2389 acer-

1858 2426 1922 2479 ba
1962 2425 2301 2495 paenitudine
2334 2424 2387 2478 in
2422 2423 2676 2479 medullis
2701 2424 2959 2487 cruciari,
2991 2426 3149 2492 quasi
3179 2424 3293 2493 jam
3319 2424 3432 2478 vita

1858 2518 2034 2571 vitalis
2066 2532 2176 2569 non
2213 2518 2306 2581 sit,
2347 2516 2607 2585 quoniam
2642 2518 2695 2569 in
2730 2516 2856 2569 talia
2880 2517 3021 2570 mala
3054 2516 3432 2579 inciderimus.

1858 2610 1997 2664 hanc
2028 2608 2326 2669 tristitiam.
2360 2618 2420 2661 ut
2452 2609 2643 2662 mortis
2672 2616 2901 2661 matrem
2932 2607 3077 2662 haud
3103 2608 3354 2673 dubiam,
3376 2617 3434 2661 et

1857 2706 1922 2757 ad
1957 2701 2165 2757 inferos
2193 2703 2482 2757 ducentem
2532 2702 2773 2756 aversari
2800 2717 2862 2756 ac
2897 2701 3163 2769 repellere
3191 2710 3430 2771 oportet.

1859 2795 2022 2849 Istam
2069 2794 2270 2862 quippe
2316 2792 2654 2861 arrogantia,
2680 2801 2733 2845 et
2766 2791 2909 2860 quod
2942 2801 3163 2847 nosmet
3218 2793 3433 2863 magnis

1858 2886 2186 2956 quibusdam
2231 2886 2394 2940 rebus
2420 2885 2616 2955 dignos
2638 2885 3040 2949 existimamus,
3067 2886 3428 2954 superiorem

1858 2993 2013 3031 amor
2049 2977 2345 3046 singularis
2376 2990 2505 3045 erga
2557 2974 2849 3029 Dominum
2879 2974 3105 3041 excitat,
3130 2985 3182 3029 et
3203 2974 3434 3032 evidens

1858 3067 2116 3138 cognitio,
2163 3076 2366 3134 quanta
2418 3068 2487 3120 ah
2516 3080 2583 3121 eo
2617 3066 2879 3119 beneﬁcia
2932 3067 3330 3134 acceperimus.
3378 3058 3435 3121 et

1862 3170 2027 3223 quam
2057 3156 2241 3209 multis
2276 3155 2589 3207 nominibus
2622 3168 2747 3207 cum
2806 3153 2883 3207 illi
2933 3155 3183 3209 obstricti
3233 3160 3431 3223 simus,

1869 3261 1969 3299 nec
2031 3260 2198 3298 unum
2236 3256 2414 3297 tamen
2466 3242 2868 3312 persolvamus,
2899 3245 2993 3298 sed
3022 3245 3248 3313 insuper
3276 3245 3435 3302 malis

1860 3338 2001 3389 bona
2063 3350 2511 3404 compenscmus.
2573 3333 3046 3399 Quemadmodum
3084 3335 3249 3406 igitur
3279 3352 3428 3391 arro-

1860 3427 2040 3494 gaulia
2078 3425 2282 3479 crimen
2315 3434 2419 3488 est,
2456 3426 2527 3478 ita
2556 3434 2609 3479 ct
2638 3425 2796 3479 dolor
2814 3425 2935 3493 ejus
2956 3440 3121 3481 causa
3155 3428 3222 3481 ab
3249 3428 3434 3483 anima

188 3536 508 3594 susceptus.
535 3525 753 3578 crimini
781 3523 958 3578 aﬂinis
991 3532 1096 3578 est.
1136 3521 1201 3576 Et
1234 3537 1427 3577 rursus
1486 3530 1600 3577 tum
1666 3523 1911 3576 charilas
1962 3537 2089 3590 erga
2155 3522 2436 3575 Christum
2489 3536 2705 3576 summe
2744 3522 3090 3590 praedicanda
3150 3534 3265 3590 est;
3320 3534 3433 3581 tum

183 3619 524 3688 ejusjaculis
550 3617 975 3673 convulneratos
1032 3615 1237 3678 dolere,
1302 3616 1588 3679 iuaccrari,
1656 3626 1709 3667 et
1781 3616 2191 3685 colliquescere,
2252 3615 2548 3683 prudentes
2609 3629 2837 3669 summae
2900 3615 3253 3672 beatitudinis
3312 3618 3437 3674 loco

184 3715 417 3770 ducunL

259 3804 417 3856 Ἐπεὶ
451 3801 495 3855 δ’
523 3801 789 3872 ἐξῄρηται
821 3799 922 3869 μὶν
951 3799 1049 3868 τῆς
1077 3799 1205 3869 περὶ
1232 3799 1325 3851 τὸν
1351 3800 1585 3868 Χριστὸν
1612 3801 1748 3867 ἁγά-

186 3910 302 3962 πης
333 3892 367 3962 ἡ
413 3891 649 3961 χαρίτων
707 3890 958 3957 γέμουσα
1013 3887 1179 3955 λύπη,
1222 3888 1409 3955 ἀγάπη
1455 3888 1508 3940 δὲ
1539 3889 1646 3941 τῶν
1668 3890 1751 3941 ὲν-

186 3985 371 4045 ναῶν,
400 3985 456 4037 αἳ
479 3984 571 4035 τὸν
602 3981 834 4050 Χριστὸν
859 3980 1047 4049 ἔχουσι
1079 3983 1171 4032 καὶ
1200 3981 1529 4043 τὴιιέκείνου
1558 3981 1748 4047 φιλαν-

186 4076 463 4147 θρωπίαν,
495 4072 703 4134 ταύτας
738 4071 806 4124 ἂν
839 4073 926 4140 είη
965 4070 1245 4139 προῠργου
1272 4073 1335 4139 τῇ
1370 4072 1557 4139 μνήμῃ
1619 4090 1751 4124 κατι

185 4173 337 4241 ἔχειν
388 4168 481 4219 καὶ
537 4165 792 4233 στρέφειν
820 4163 875 4214 ἐν
929 4166 993 4232 τῇ
1034 4148 1301 4232 ψυχηκαὶ
1330 4164 1430 4231 τῆς
1467 4164 1752 4232 διατριϐῆς

186 4260 427 4329 ταυτησὶ
459 4258 727 4327 μηδέποτε
757 4255 951 4325 σχολὴν
979 4256 1291 4328 ἄγεινηιὶλλ1
1322 4255 1573 4323 ἐπίτηδες
1594 4254 1753 4308 τοῦτο

186 4352 292 4421 μὲν
338 4352 421 4417 ἐφ’
460 4349 670 4402 ἑαυτῶν
716 4347 916 4409 αὐτοὺς
975 4346 1132 4400 ταυτὶ
1167 4346 1395 4416 μελετᾷν
1422 4347 1514 4400 καὶ
1542 4347 1757 4413 λογίζε-

186 4444 339 4499 σθαι,
370 4439 527 4493 τοῦτο
570 4439 614 4491 δ’
644 4440 704 4491 ὲν
728 4440 849 4508 ταῖς
895 4437 1205 4500 συνουσίαις
1255 4436 1504 4507 γλώσσης
1539 4441 1750 4507 τρυφὴν

1929 3794 2196 3862 Quoniam
2257 3809 2383 3851 vero
2425 3795 2646 3849 tristitia
2702 3795 2901 3851 divinae
2955 3800 3144 3866 gratiae
3194 3803 3354 3870 plena
3400 3820 3432 3860 ιι

1865 3889 2131 3942 charitate
2157 3887 2422 3956 procedit,
2480 3885 2722 3943 Charitas
2755 3894 2939 3940 autem
2978 3888 3031 3942 in
3087 3892 3438 3960 cogitationi-

1862 3980 1961 4031 bus
1988 3977 2292 4042 Christum,
2320 3978 2577 4046 illiusque
2607 3977 2997 4048 benignitatem
3024 3983 3434 4051 cumplec‘teutl-

1860 4071 1958 4124 bus
2005 4073 2182 4139 posita
2232 4080 2339 4133 est,
2366 4085 2547 4137 operm
2580 4072 2816 4138 pretium
2845 4070 3009 4127 fuerit
3039 4088 3133 4128 eas
3168 4080 3432 4133 memoria

1859 4174 1911 4216 ct
1937 4165 2118 4217 animo
2151 4177 2392 4227 versare,
2421 4173 2471 4215 et
2508 4164 2577 4215 ab
2606 4162 2921 4232 huiusmodi
2957 4179 3121 4233 opera
3146 4182 3428 4239 nunquam

1860 4254 2085 4318 feriari;
2145 4254 2237 4306 sed
2283 4252 2350 4305 de
2413 4251 2680 4306 Industria
2733 4263 2783 4305 et
2813 4268 2909 4322 per
2932 4256 3265 4323 semetipsos
3315 4260 3435 4314 haec

1861 4345 2128 4409 meditari,
2189 4357 2488 4412 secumque
2539 4353 2812 4412 reputare,
2858 4353 2912 4397 et
2965 4347 3019 4399 in
3071 4349 3434 4403 conventibus

1861 4438 2131 4489 sermonis
2157 4434 2404 4497 delicias,
2468 4437 2983 4503 coIIOqu'orumque
3030 4442 3314 4493 materiam
3354 4440 3435 4495 fa-

187 4534 291 4587 καὶ
312 4531 584 4598 συλλόγων
609 4528 743 4599 ὕλην
768 4528 1042 4583 ποιεῖσθαι
1074 4527 1170 4581 καὶ
1202 4527 1339 4596 πρός
1365 4544 1425 4595 γε
1457 4528 1753 4597 πειρᾶσθαι

1862 4541 2005 4587 cere,
2041 4538 2095 4578 et
2132 4526 2321 4579 conari
2370 4528 2595 4594 insuper
2625 4536 2684 4578 ut
2733 4528 2883 4580 nullo
2938 4531 3156 4597 negotio
3183 4532 3433 4589 distracti

194 4621 391 4694 μηδενὶ
412 4620 874 4690 διακοπτομένους
895 4618 1099 4688 συνεχῆ
1125 4619 1331 4686 ταύτην
1352 4618 1755 4671 ἐπιδείκνυσθαι

191 4715 294 4784 τὴν
318 4712 572 4780 σπουδὴν,
588 4714 637 4764 εί
671 4712 772 4779 μὲν
797 4705 908 4762 οἶόν
930 4727 988 4761 τε
1011 4709 1102 4762 διὰ
1127 4709 1262 4780 βίου,
1283 4711 1331 4761 εί
1357 4708 1401 4771 δ’
1427 4705 1520 4762 οὖν
1540 4711 1751 4777 συχνὶν,

189 4801 262 4863 ὡς
303 4801 367 4854 ἂν
419 4800 710 4867 ὲντακῆναι
762 4799 963 4869 δυνηθῇ
996 4800 1089 4851 καὶ
1141 4799 1388 4871 κατάσχῃ
1441 4800 1756 4852 παντάπασι

189 4893 289 4964 τὴν
317 4892 561 4964 καρδίαν.
586 4890 721 4943 Uine
746 4893 856 4959 γὰρ
885 4890 997 4959 πῦρ
1022 4890 1273 4960 δράσειεν
1300 4890 1364 4942 ἂν
1384 4890 1559 4949 οὐδὲν,
1585 4884 1664 4951 οἷς
1692 4890 1757 4942 ἂν

192 4982 436 5047 ἐπέλθοι,
469 4983 542 5053 μὴ
581 4982 819 5049 συνεχῶς
860 4980 1153 5049 ὁμιλῆσαν,
1202 4978 1323 5033 οὔτε
1358 4978 1614 5047 λογισμὸς
1643 4980 1757 5032 δια-

194 5074 397 5125 λείπων
432 5072 563 5139 πρδς
593 5070 770 5124 ὁτιοῦν
806 5070 976 5132 πάθος
1007 5070 1073 5121 ἂν
1104 5068 1341 5121 διὰθοιτο
1368 5069 1468 5137 τὴν
1502 5068 1753 5136 καρδίαν,

196 5166 331 5216 ἀλλὰ
360 5163 440 5215 δεῖ
460 5162 651 5232 χρόνου
676 5161 870 5229 συχνοῦ
898 5177 1043 5221 τινος
1081 5160 1294 5227 ἑφεξῆς.

266 5345 328 5395 Οἱ
359 5342 455 5410 μὲν
484 5338 575 5393 οὖν
611 5342 715 5390 ἀπο
745 5340 854 5391 τῶν
885 5340 943 5390 ἐν
977 5338 1228 5407 αἰσθήσει
1259 5338 1441 5390 καλῶν
1469 5338 1564 5389 καὶ
1586 5337 1758 5405 ἡδέων

198 5437 294 5501 τὴν
328 5432 627 5495 ἐπιθυμίαν
659 5431 905 5492 καίοντες
932 5430 1205 5499 λογισμοὶ.
1249 5431 1380 5482 διότι
1402 5432 1507 5491 κτὰς
1544 5431 1641 5495 μὲν
1674 5438 1756 5480 αξ-

201 5527 420 5594 οθήσέις
484 5524 739 5593 ἐνεργοὺς
787 5526 917 5592 ἡμῖν
953 5525 1008 5588 ἐξ
1063 5524 1237 5591 ἀρχῆς
1266 5517 1406 5572 εἰναι
1441 5520 1759 5589 συμϐαίνει,

199 5617 320 5677 τοὺς
369 5614 426 5666 δὲ
454 5612 665 5665 ἐκεῖθεν
713 5613 1012 5683 ὁρμᾶσθαι,
1048 5613 1335 5681 σύντροφοι
1360 5629 1430 5663 κα
1477 5612 1762 5679 ἡλικιῶται

201 5707 295 5760 καὶ
327 5706 605 5768 πείθοντες
644 5706 727 5758 ἆτ’
761 5705 825 5758 ἂν
858 5705 1130 5762 βούλοιντο
1170 5704 1389 5774 ῥᾳδίως,
1428 5703 1503 5771 τῷ
1536 5719 1591 5753 τε
1620 5702 1762 5770 ἡδεῖς

1860 4630 1923 4669 ac
1950 4614 2181 4669 districti
2219 4615 2461 4684 studium
2490 4617 2630 4669 istuc
2660 4616 2903 4678 assiduo,
2930 4618 3111 4687 quoad
3154 4620 3260 4673 vita
3300 4638 3434 4692 sup-

1860 4703 2198 4771 peditaret-it,
2258 4703 2303 4756 si
2335 4701 2449 4756 fit-ri
2501 4706 2697 4772 possit,
2737 4712 3067 4772 tractemus;
3100 4712 3184 4763 sin
3227 4713 3434 4776 minus,

1860 4802 1915 4846 at
1941 4791 2101 4861 longo
2131 4787 2396 4860 tempore,
2423 4802 2481 4845 ut
2506 4795 2704 4846 animae
2733 4795 2998 4849 altissime
3026 4797 3434 4865 imprimantur,

1857 4894 1911 4939 ct
1974 4898 2068 4937 cor
2102 4883 2321 4951 penitus
2379 4883 2714 4950 possideant.
2775 4882 2959 4953 Neque
2992 4888 3139 4940 enim
3179 4890 3319 4954 ignis
3375 4893 3429 4946 in

1858 4989 1979 5042 quae
2010 4972 2255 5026 inciderit
2291 4972 2343 5023 in
2372 4986 2435 5024 ea
2469 4971 2789 5039 quidquam.
2804 4984 2943 5041 aget.
2972 4975 3018 5028 si
3061 4990 3123 5029 ea
3149 4980 3437 5034 contineri-

1860 5073 1939 5116 ter
1965 5076 2073 5115 non
2128 5064 2431 5130 contingat,
2484 5076 2661 5128 neque
2713 5063 2973 5129 cegitatio
3034 5044 3428 5132 intermittens,

1861 5154 2096 5206 animam
2180 5154 2244 5205 ad
2300 5163 2685 5220 quamcunque
2733 5153 3075 5209 aﬂectioncrn
3143 5162 3432 5225 aptaverit,

1862 5244 1953 5297 sed
1991 5253 2197 5310 tempus
2228 5242 2453 5295 multum
2484 5244 2975 5311 continuatumque
2999 5248 3319 5313 requiritur.

1935 5332 2305 5399 (IOgitatione's
2340 5332 2501 5399 igitur
2530 5346 2558 5383 a
2594 5332 2752 5385 bonis
2776 5342 2829 5385 et
2857 5333 3117 5402 jucuudis
3155 5339 3435 5393 sensibili-

1867 5439 1970 5480 nus
2020 5426 2370 5492 cupiditati-tu
2407 5426 2747 5482 accedentes.
2775 5426 2901 5491 quia
2933 5440 3130 5481 sensus
3160 5443 3189 5480 a
3233 5430 3435 5496 princi-

1867 5518 1955 5585 pio
1993 5518 2044 5568 iu
2078 5517 2232 5569 nobis
2259 5528 2579 5584 operantur,
2612 5527 2662 5568 et
2702 5516 2820 5568 illas
2850 5516 2977 5569 inde
3023 5518 3154 5571 oriri
3184 5518 3433 5589 contigit,

1864 5607 2281 5660 contubernales
2332 5617 2552 5668 nostrae,
2592 5619 2641 5658 et
2684 5620 2880 5660 cetera
2923 5616 3077 5669 sunt,
3118 5617 3172 5661 et
3204 5623 3435 5676 persua-

1867 5698 1994 5749 dent
2032 5693 2189 5748 iacile
2218 5711 2340 5763 qua:
2375 5696 2684 5760 voluerint;
2717 5705 2829 5748 tum
2851 5697 2975 5764 quia
3003 5698 3257 5766 jucuntze
3280 5710 3432 5767 sunt,
