4154 6308
170 417 280 480 657

1161 423 1254 483 os
1292 424 1467 487 VlTA
1506 423 1584 484 IN
1625 406 1953 485 cumsro’
2018 426 2161 490 me.
2198 424 2303 486 vr.

3299 421 3409 484 658

165 530 224 582 δὲ
262 530 353 583 τὸν
380 530 472 583 τοῦ
498 531 632 585 Θεοῦ
657 533 817 603 νόμον
888 536 914 587 ό
941 533 1048 603 γὰρ
1081 539 1350 605 μακάριος
1371 538 1513 607 ἀνὴρ
1535 536 1739 607 ἡμέρας

1850 538 1970 590 dem
2001 537 2078 590 ait
2102 537 2242 590 beati
2278 535 2399 592 viri.
2425 535 2554 588 illud
2607 532 2695 589 Dei
2725 533 2920 602 legem.
2963 533 3159 589 Beatus
3196 534 3301 600 vir,
3333 536 3416 590 in-

167 621 266 671 xz‘t
294 620 484 681 νυκτὸς
506 623 566 674 ὲν
588 623 663 691 τῷ
699 623 843 692 νόμῳ
871 622 961 676 τοῦ
981 623 1139 689 Θεοῦ,
1166 628 1318 696 φησί,
1350 615 1661 695 μελετήσει.

242 710 308 760 Εἰ
334 709 389 763 δὲ
418 712 447 779 ἡ
491 714 627 781 περὶ
657 713 748 765 τὸν
801 714 1044 781 γραπτὸν
1076 716 1256 785 ’νόμον
1293 716 1493 788 μελέτη
1531 716 1592 782 τὸ
1623 717 1734 787 πῦρ

166 800 438 852 ἀνάπτειν
466 802 689 855 δύναται
717 804 895 869 τοῦτο,
931 806 983 857 τί
1020 822 1151 858 ποτε
1192 808 1300 877 χρὴ
1342 808 1537 878 δρᾶσαι
1576 809 1737 877 νομί-

170 908 263 943 σαι
329 894 423 945 τὸν
477 894 641 963 νόμον
690 894 785 949 τοῦ
834 897 1168 967 πνεύματος,
1226 900 1285 963 ὃς
1330 901 1422 952 τὸν
1484 900 1736 971 ἀληθινὸν

167 980 351 1051 ἔρωτα
387 985 481 1038 τοῦ
512 986 653 1040 Θεοῦ⁹
686 990 799 1051 τοῖς
832 989 1141 1057 ἀνθρώποις
1176 992 1413 1061 ἐνέθηκε
1453 994 1613 1062 μόνος
1645 994 1736 1046 καὶ

168 1074 287 1144 πῦρ
321 1076 489 1144 ἀνῆψε
524 1081 692 1131 πόθου
727 1080 1025 1149 σϐεσθῆναι
1064 1084 1257 1167 μηρενὶ
1283 1084 1615 1154 δυναμένην,
1673 1089 1734 1139 οὐ

169 1167 285 1218 τῶν
347 1169 549 1239 ἑτέρως
600 1172 853 1239 ἑχόντων,
905 1177 965 1227 ού
1017 1176 1126 1228 τῶν
1174 1176 1481 1230 ἐνεστώτων
1528 1179 1589 1231 οὐ
1629 1180 1735 1233 τῶν

171 1258 511 1325 μελλόντωνί
557 1261 725 1332 Ὑπὲρ
779 1258 838 1316 οὗ
895 1282 997 1332 μοι’
1023 1266 1172 1319 δοκεῖ
1222 1268 1598 1337 καὶνπυρίναις
1641 1288 1739 1339 φα-

170 1348 333 1413 νῆναι
374 1350 659 1416 γλώσσαις
694 1355 1024 1426 εἰσενεχθείς
1056 1359 1138 1410 ὅτι
1192 1358 1292 1427 τήν
1356 1361 1524 1429 πυρὸς
1581 1360 1738 1430 δίκην

108 1453 113 1456 '
169 1438 356 1491 πάντα
409 1442 696 1510 τολμῶσαν
769 1447 994 1516 ἀγάπην
1052 1450 1390 1519 εἰσήνεγκεν,
1469 1454 1593 1505 ὲοτεὶ
1642 1454 1740 1506 καὶ

169 1528 395 1593 πρῶτον
427 1532 587 1584 αὐτὸν
614 1533 706 1586 τοῦ
742 1535 907 1605 νόμου
958 1539 1259 1608 νομοθέτην
1287 1543 1477 1611 ἀγάπη
1508 1545 1737 1612 κεκόμι-

168 1636 268 1670 κεν
306 1623 383 1682 εἰς
408 1623 505 1692 τήν
531 1624 656 1692 γῆν,
707 1628 800 1679 καὶ
854 1629 985 1681 αὐτὸ
1012 1631 1073 1682 τὸ
1107 1632 1200 1683 τοῦ
1251 1634 1541 1702 νομοθέτου
1577 1635 1738 1703 σῶμα

172 1710 586 1777 φιλανθρωπίας
641 1717 761 1769 ἐστὶ
816 1719 1049 1786 καρπὸς,
1099 1724 1191 1773 καὶ
1235 1722 1413 1784 ἄλλως
1438 1723 1496 1775 δὲ
1532 1724 1682 1793 αὐτῷ
1712 1726 1741 1775 ό

168 1801 336 1869 νόμος
375 1802 518 1866 ἄπας
549 1807 749 1875 ἔρωτος
778 1810 933 1878 γέμει
966 1812 1058 1863 καὶ
1086 1810 1274 1865 τοῦτον
1308 1814 1409 1881 μὲν
1432 1814 1737 1868 ἐπιδείκνυ-

167 1909 264 1944 ται
300 1895 463 1946 πᾶσιν
492 1890 576 1955 οἷς
608 1896 744 1967 ἔχει,
780 1898 968 1952 τοῦτον
990 1900 1045 1952 δὲ
1078 1902 1309 1971 εἰσάγει,
1340 1904 1516 1973 τούτῳ
1539 1904 1594 1957 δὲ
1623 1904 1741 1957 πεί-

168 1981 281 2045 (tat,
320 1982 509 2037 τοῦτον
530 1985 586 2038 δὲ
621 1991 752 2057 παρ’
783 1991 942 2060 ήμῶν
987 1991 1182 2061 δῶρον,
1232 1993 1376 2063 ὑπὲρ
1412 1988 1487 2048 ὧν
1520 1996 1751 2061 ἔδωκεν,

166 2074 438 2143 ὁποχρῶν
489 2080 707 2147 ἡγεῖται
762 2081 963 2137 λαϐὼν.
998 2086 1073 2136 O-‘J
1105 2084 1213 2153 γὰρ
1242 2084 1526 2141 ἐπιτάττει
1567 2090 1739 2143 καθά·

166 2181 281 2231 περ
303 2165 578 2233 ὀφείλουσι
610 2172 839 2240 δούλοις,
875 2176 990 2229 ἀλλ’
1017 2176 1208 2249 ὥσπερ
1240 2179 1456 2253 πολλῶν
1482 2181 1583 2251 μὲν
1612 2182 1740 2251 παρ’

167 2253 334 2319 ἡμῶν
380 2256 515 2323 πρὸς
569 2259 734 2314 αὐτὸν
781 2262 955 2317 πόνων
997 2267 1388 2336 ήγησαμένων,
1450 2269 1650 2340 πολλῆς
1684 2271 1740 2323 δὲ

168 2345 472 2413 συνηθείας
528 2354 622 2406 καὶ
679 2352 938 2423 φίλτρων,
998 2357 1090 2409 ἐπὶ
1138 2358 1236 2428 τὴν
1266 2361 1554 2413 κοινωνίαν
1585 2363 1743 2414 καλεῖ

163 2436 283 2487 τῶν
318 2437 481 2491 αὐτοῦ
522 2444 849 2509 προσιόντας
900 2447 1062 2509 εὐθὺς
1106 2449 1162 2515 ἐξ
1228 2452 1402 2520 ἀρχῆς
1431 2469 1444 2481 ·
1482 2453 1593 2520 ἐγὼ
1642 2456 1740 2521 μὲν

168 2527 317 2596 ὑπὲρ
364 2531 465 2598 τῆς
512 2530 791 2599 βασιλείας
828 2536 1140 2607 ἠγώνισμαι
1188 2542 1281 2595 Scal.
1332 2544 1547 2606 πολλοῖς
1576 2562 1740 2615 φησιν

164 2618 373 2681 ἐκλεξα
432 2622 525 2674 τὸν
575 2626 841 2693 στέφανον
899 2631 1100 2695 πόνοις,
1164 2633 1321 2701 ὑμεῖς
1387 2635 1444 2686 δὲ
1507 2637 1741 2707 ἀπονητὶ

164 2709 411 2770 δέξεσθε.
440 2712 577 2767 αἰτῶ
606 2715 663 2767 δὲ
694 2718 826 2786 παρ’
865 2720 1017 2788 ὑμῶν
1048 2724 1167 2774 ἀντὶ
1197 2724 1423 2788 τούτων,
1455 2728 1502 2778 εἰ
1535 2701 1738 2795 φιλεῖτε

168 2802 339 2856 πλέον
369 2806 540 2860 οὐδέν.

247 2893 316 2944 Ὢ
345 2893 447 2962 τῆς
495 2898 733 2968 ἀρρήτου
774 2905 1159 2973 χρηστότητος,
1209 2909 1258 2959 εἰ
1298 2908 1371 2978 μὴ
1404 2908 1552 2977 φιλεῖ
1578 2911 1742 2979 μόνον

164 2982 319 3037 ιῢτω
362 2988 606 3057 σφοδρῶς
647 2992 786 3045 ἀλλὰ
822 2995 916 3047 καὶ
968 2996 1028 3047 τὸ
1077 2998 1349 3064 φιλεῖσθαι
1394 3003 1522 3071 παρ’
1582 3004 1740 3072 ήμῶν

164 3077 433 3130 τοσούτου
489 3083 718 3150 τιμᾶται
776 3087 871 3138 καὶ
923 3085 1063 3158 ὑπὲρ
1113 3091 1305 3144 τούτου
1342 3093 1519 3146 πάντα
1553 3098 1736 3151 ποιεῖί

1839 628 1977 699 quit,
2005 629 2121 682 dies
2154 638 2207 682 et
2233 638 2418 682 noctes
2454 628 2505 680 iu
2531 615 2645 693 lege
2672 627 2763 680 Dei
2802 627 3150 680 meditabitur
3177 627 3246 680 ".

1834 741 1839 748 ·
1913 713 2031 769 Jam
2064 730 2192 768 vero
2222 715 2268 767 si
2318 714 2601 768 meditatio
2628 715 2772 768 circa
2815 714 3050 768 litteram
3087 716 3220 783 legis
3272 717 3415 770 hunc

1844 808 2021 874 ignem
2049 806 2347 860 accendere
2380 813 2579 874 potest,
2615 805 2741 874 quid
2769 805 3037 860 facturam
3071 808 3413 861 existimabi-

1844 913 1967 959 mus
1990 897 2162 966 legem
2198 896 2426 965 spiritus
2448 938 2462 961 ,
2497 911 2615 965 qum
2657 897 2772 949 sola
2806 908 2993 950 verum
3022 898 3112 951 Dei
3166 913 3408 951 antorem

1848 988 2163 1041 hominibus
2199 988 2451 1049 inseruit,
2476 996 2529 1040 et
2562 1000 2753 1053 rogum
2785 986 3075 1054 quemdam
3100 987 3307 1042 amoris
3332 988 3413 1040 iu-

1847 1076 2169 1144 ﬂammavit,
2200 1095 2362 1148 quam
2390 1078 2539 1132 nulla
2564 1094 2650 1132 res
2676 1079 2874 1146 potetit
2908 1080 3275 1148 exstinguere.
3304 1096 3411 1135 n0u

1851 1184 2062 1237 aspera,
2122 1187 2232 1226 non
2284 1170 2549 1239 jucunda,
2595 1185 2701 1224 non
2764 1170 2998 1235 instans,
3033 1187 3140 1224 non
3195 1172 3407 1227 futural

1847 1262 2019 1325 Quam
2050 1262 2122 1315 ob
2151 1276 2373 1316 causam
2409 1261 2548 1314 coelo
2577 1260 2851 1314 demissus
2888 1260 3088 1328 linguis
3111 1261 3283 1329 igneis
3314 1277 3413 1329 ap-

1846 1351 2096 1419 paruisse
2127 1351 2259 1405 mibi
2293 1352 2525 1414 videtur,
2553 1350 2812 1419 quoniam
2864 1350 3185 1403 charitatcnt
3239 1351 3414 1404 instar

1844 1443 1986 1511 ignis
2008 1445 2199 1496 .mnnia
2251 1442 2632 1510 depasccntem
2671 1441 2872 1504 intulit,
2902 1442 3168 1509 siquidem
3195 1452 3248 1495 ct
3300 1444 3411 1509 pri—

1847 1551 1996 1588 munt
2034 1534 2403 1603 legislatorem
2434 1535 2611 1601 ipsum
2644 1533 2882 1587 Charitas
2924 1533 2976 1585 in
3022 1543 3194 1587 terras
3219 1548 3414 1600 appet—

1847 1627 1998 1689 tavit,
2040 1637 2101 1679 ,ει
2147 1626 2324 1694 ipsum
2378 1624 2706 1691 legislatoris
2760 1638 2984 1692 corpus,
3054 1622 3412 1677 humanitatis

1850 1719 1969 1787 ejus
2004 1718 2199 1786 pignus
2225 1733 2289 1771 ac
2317 1718 2529 1771 fructus
2550 1725 2633 1771 est
2659 1732 2673 1780 ;
2712 1726 2765 1770 et
2812 1726 3070 1783 praeterea
3099 1716 3269 1784 ipsius
3327 1716 3412 1767 lt-x

1853 1816 1961 1862 tota
1992 1823 2179 1861 amore
2211 1817 2422 1873 scatet;
2454 1816 2508 1860 et
2539 1807 2685 1859 hunc
2717 1806 2977 1860 omnibus
3008 1806 3206 1873 quibus
3237 1814 3413 1871 potest

1844 1900 2020 1953 modis
2079 1900 2338 1961 ostendit,
2403 1901 2546 1967 hunc
2613 1898 2934 1962 introducit,
2989 1898 3136 1949 hune
3198 1898 3410 1958 suadet,

1844 1989 1989 2044 hunc
2016 2005 2045 2043 a
2082 1990 2240 2044 nobis
2264 1990 2309 2044 si
2351 1991 2621 2051 retulerit,
2683 1988 2971 2043 Suﬂlcienti
3032 2003 3259 2041 munere
3307 1987 3411 2041 sibi

1843 2090 1943 2132 sua
1971 2075 2026 2128 in
2056 2089 2155 2130 nos
2186 2076 2375 2137 merita
2401 2086 2753 2144 compensata
2788 2076 3100 2129 arbitratur.
3129 2072 3243 2127 Non
3266 2076 3409 2127 enim

1842 2165 1999 2235 quasi
2036 2166 2213 2222 servis
2272 2166 2529 2236 obligatis
2578 2167 2830 2236 imperat,
2877 2167 2971 2221 sed
3030 2167 3187 2235 quasi
3225 2167 3409 2223 multis

1844 2266 2065 2327 prOpter
2098 2252 2280 2327 ipsum
2312 2257 2797 2329 defatigationibus
2848 2259 3184 2327 perlunctos,
3226 2261 3403 2329 longa-

1841 2362 1948 2418 que
1970 2351 2367 2403 consuetudine
2395 2360 2444 2403 et
2478 2365 2663 2403 amore
2689 2350 2990 2415 devinctos,
3025 2350 3205 2406 statim
3248 2359 3305 2403 ut
3345 2350 3410 2403 ad

1845 2456 1969 2493 eum
2007 2456 2065 2494 se
2092 2442 2449 2507 contulerint,
2493 2441 2559 2495 ad
2599 2443 3035 2497 communionem
3073 2458 3252 2505 rerum
3286 2457 3411 2495 sua-

1845 2547 1962 2584 rum
1991 2543 2172 2599 vocat.
2200 2533 2308 2601 Ego
2330 2533 2548 2602 quidem
2580 2550 2677 2602 pro
2704 2550 2871 2602 regno
2894 2535 3184 2598 decertavi,
3215 2535 3411 2603 inquit,

1845 2624 2137 2693 multisque
2203 2626 2487 2679 laboribus
2543 2641 2801 2680 coronant
2860 2628 3044 2690 nexui,
3094 2644 3256 2697 quam
3318 2642 3413 2679 vos

1842 2716 1979 2771 citra
2016 2717 2258 2770 laborem
2314 2716 2618 2785 accipietis.
2661 2717 2768 2771 Pro
2814 2719 2897 2773 his
2924 2719 3071 2775 aliud
3126 2721 3203 2773 nil
3232 2720 3410 2790 exigo,

1844 2808 1946 2861 nisi
1974 2818 2033 2861 ut
2063 2824 2146 2861 me
2176 2810 2393 2863 ametis.
2950 2799 2953 2801 ἰ

1916 2902 1959 2956 Ο
1993 2900 2427 2969 inexplicabilem
2449 2901 2776 2956 bonitatem!
2816 2917 2919 2955 non
2954 2904 3130 2956 solum
3168 2910 3273 2961 tam
3299 2908 3416 2956 ext-

1842 2995 1950 3049 mic
1982 2993 2179 3063 diligit,
2214 2994 2308 3046 sed
2350 2992 2513 3047 etiam
2545 2993 2719 3046 amari
2751 3009 2778 3046 a
2808 2993 2964 3048 nobis
2999 2995 3131 3046 tanti
3160 2993 3428 3058 testiinth

1842 3085 1989 3153 quod
2025 3093 2084 3137 ut
2112 3094 2502 3152 consequatur,
2530 3085 2663 3137 nihil
2694 3085 2918 3139 omittit.
2955 3085 3087 3137 Nam
3114 3085 3245 3153 quid
3267 3086 3412 3138 aliud

169 3168 282 3218 Καὶ
318 3170 460 3231 τίνος
492 3173 600 3241 γὰρ
631 3174 819 3227 ἕνεκεν
866 3177 1189 3249 ᾠκόδομησε
1238 3183 1341 3251 μὲν
1370 3185 1599 3254 οὐρανὸν
1647 3192 1736 3241 καὶ

1844 3175 1941 3229 fuit
1958 3191 2054 3230 cur
2074 3176 2294 3241 coelum,
2318 3182 2536 3240 terram,
2562 3176 2755 3237 solem,
2778 3185 2832 3230 et
2852 3178 3231 3246 aspectabilem
3257 3194 3418 3230 mun-

169 3257 276 3327 γῆν
310 3260 577 3329 καὶ“ήλιον
632 3265 724 3317 καὶ
759 3266 849 3319 τὸν
875 3268 1148 3339 ὁρώμενον
1194 3274 1422 3343 κόσμον,
1456 3277 1550 3329 τοῦ
1584 3279 1639 3332 δὲ
1665 3283 1739 3350 μή

166 3352 455 3441 ἐρωμένου
506 3354 565 3405 τὸ
618 3356 835 3420 κάλλος,
868 3355 980 3413 οἷον
1017 3364 1107 3414 καὶ
1150 3364 1294 3427 ὅπως
1324 3368 1476 3437 αὐτῷ
1508 3375 1741 3441 συνέστη

166 3440 405 3508 νεύματι
433 3446 600 3515 μόνῳ,
635 3450 728 3501 καὶ
750 3452 851 3518 τὴν
879 3453 1115 3507 ἐνταῦθα
1155 3458 1335 3510 πᾶσαν
1359 3460 1601 3515 διδάσκει
1650 3440 1738 3531 φιέ

167 3534 452 3601 λοσοφίαν,
489 3538 522 3607 ἢ
553 3538 647 3592 τοῦ
677 3557 740 3607 γε
773 3542 907 3610 πρὸς
954 3545 1145 3603 ἑαυτὸν
1192 3551 1527 3620 ἐπιστρέψας
1556 3557 1741 3607 πεῖσαι

168 3625 386 3693 φιλεῖν;
433 3630 527 3682 καὶ
568 3632 708 3695 ὅλως
757 3634 1007 3706 καθάπερ
1046 3640 1096 3690 οἰ
1124 3639 1318 3710 θερμοὶ
1352 3644 1459 3695 τῶν
1495 3646 1741 3713 ἐραστῶν

165 3718 271 3785 τὴν
310 3726 506 3786 σοφίαν
537 3722 668 3791 ἡμῖν
698 3724 1069 3780 ἐπιδείκνυται
1120 3734 1215 3783 καὶ
1271 3732 1369 3801 τὴν
1397 3736 1742 3807 χρηστότητα

167 3810 265 3860 καὶ
311 3811 412 3881 τὴν
441 3813 660 3885 τέχνην,
703 3817 770 3869 ἵν’
808 3820 1040 3875 ἐνθεῖναι
1076 3822 1167 3875 τὸν
1202 3824 1381 3887 ἔρωτα
1411 3829 1503 3880 τὸν
1541 3829 1736 3884 ἑαυτοῦ

163 3903 397 3972 δυνηθῇ.
426 3906 533 3957 Καὶ
556 3907 739 3961 τοίνυν
770 3912 1001 3965 ποιεῖται
1019 3917 1271 3969 τοσοῦτον
1296 3919 1387 3969 to}
1414 3923 1741 3990 πράγματος

162 3998 328 4062 λόγον
360 3998 455 4049 καὶ
482 3999 653 4063 οὕτως
683 4000 815 4069 ἄγει
840 4004 1034 4059 πολλοῦ
1057 4025 1221 4073 τινος,
1241 4009 1371 4063 ὥσθ’
1390 4014 1527 4082 ὑπὲρ
1553 4016 1740 4069 τούτου

163 4092 351 4143 πάντα
377 4093 644 4162 πονήσας,
688 4091 725 4147 ἆ
763 4096 900 4152 Θεοῦ
941 4100 1101 4167 φύσει
1133 4102 1429 4172 προσῆκεν,
1470 4107 1569 4160 οὐκ
1602 4110 1737 4177 ἀγα-

162 4183 537 4251 πῆσαι,ἀλλὰ
573 4187 710 4256 πρὸς
758 4188 951 4257 ἑτέραν
1010 4192 1171 4257 φύσιν
1233 4194 1383 4260 ἰδεῖν,
1445 4198 1584 4251 ὥστε
1643 4203 1737 4254 καὶ

162 4273 344 4344 ταύτῃ
406 4274 540 4342 πρὸς
593 4276 754 4329 τοῦτο
811 4278 1142 4348 χρήσασθαι.
1195 4283 1261 4335 ἵν’
1313 4284 1456 4355 ἅπερ
1484 4288 1585 4341 οὐκ
1622 4286 1735 4361 εἶχε

160 4364 383 4419 πείθειν
432 4368 509 4437 τῷ
548 4369 681 4431 Θεὸς
714 4366 872 4436 εἶναι,
904 4372 1076 4426 ταῦτα
1110 4377 1401 4445 γενόμενος
1453 4380 1736 4454 ἄνθρωπος

159 4458 395 4545 δυνηθῇ,
428 4460 520 4511 καὶ
553 4461 602 4512 δι
644 4463 942 4532 ἑκατέρων,
968 4458 1043 4519 ὧν
1075 4484 1133 4520 τε
1192 4469 1405 4523 οἴκοθεν
1431 4468 1537 4543 ἧκε
1580 4478 1739 4545 κομί-

164 4551 303 4613 ζων,
344 4544 421 4603 ὧν
446 4569 505 4603 τε
552 4552 751 4615 ἔξωθεν
791 4555 1025 4625 εἰλήφει,
1059 4558 1150 4609 τὸν
1189 4558 1465 4628 ἐρώμενον
1496 4565 1737 4635 ἀναρτή-

164 4663 357 4712 σηται.
416 4645 599 4707 Οὕτως
628 4646 655 4697 ό
688 4646 778 4698 τοῦ
827 4650 1135 4716 πνεύματος
1167 4652 1325 4718 νόμος
1356 4654 1538 4721 φιλίας
1570 4658 1739 4709 ἐπιει-

164 4737 283 4797 κῶς
350 4738 469 4788 ἐστι
516 4738 677 4805 νόμος
738 4738 830 4791 καὶ
878 4741 1012 4807 πρὸς
1050 4744 1469 4814 εὐγνωμοσύνην
1516 4750 1739 4805 αὐτόθεν

164 4829 353 4880 ἀσκεῖ.
379 4829 477 4880 Διὰ
506 4829 664 4881 τοῦτο
709 4833 1038 4898 προσεκτέον
1073 4834 1221 4905 αὐτῷ
1256 4839 1345 4889 τὸν
1398 4840 1521 4890 νοῦν
1545 4857 1559 4870 ·
1585 4844 1737 4909 πρῶ-

164 4940 255 4972 τόν
317 4921 419 4989 μὲν
465 4923 546 4973 ὅτι
577 4922 695 4974 οὑδξ
734 4923 895 4991 ἱδρώς
949 4926 1096 4977 ἐστιν
1127 4928 1360 4981 ἐνταῦθα
1395 4933 1590 4997 οὐδεὶς,
1616 4935 1737 4987 οὐδὲ

164 5016 243 5066 δεῖ
279 5017 467 5066 πονεῖν
486 5015 604 5066 οὐδὲ
628 5016 890 5083 χρήματα
920 5017 1253 5082 ἀναλίσκειν,
1287 5022 1400 5073 οὐδ’
1427 5024 1611 5088 ἀδοξία
1644 5027 1738 5093 γέ⁴

166 5110 297 5158 νοιτ⁹
350 5107 415 5158 ἂν
461 5106 572 5157 οὐδ’
626 5108 883 5176 αἰσχύνη,
912 5110 1022 5160 οὐδ’
1052 5109 1181 5161 ἄλλο
1213 5128 1274 5178 γε
1304 5113 1453 5165 οὐδὲν
1505 5118 1741 5183 ἐσόμεθα

168 5199 415 5267 χείρους,
438 5196 584 5272 ἀλλὰ,
603 5198 699 5249 καὶ
725 5198 940 5267 τέχναις
967 5198 1083 5250 ἔστι
1112 5202 1423 5270 χρήσασθαι
1459 5207 1615 5257 οὐδὲν
1646 5204 1740 5275 ἦτ-

106 5298 111 5303 ’
167 5308 283 5351 τ’)ν,
322 5288 417 5339 καὶ
446 5290 581 5357 πρὸς
607 5290 947 5358 ἐπιτήδευμα
994 5291 1176 5343 ὁτιοῦν
1232 5292 1376 5361 ἔχειν
1436 5297 1587 5348 οὐδὲν
1638 5301 1742 5351 κώ-

172 5384 225 5431 λιι
239 5399 342 5450 μα,
376 5382 470 5432 καὶ
500 5382 866 5449 στρατηγήσει
902 5384 1007 5450 μὲν
1032 5385 1058 5434 ό
1092 5385 1419 5453 στρατηγὸς,
1451 5389 1541 5439 καὶ
1569 5406 1741 5458 γεωρ-

170 5480 335 5542 γήσει
374 5472 431 5525 δὲ
462 5476 488 5524 ὁ
522 5473 787 5541 γεωργὸς,
844 5475 937 5525 καὶ
988 5474 1318 5544 δημιουργὸς
1371 5483 1740 5545 προστήσεται

172 5568 281 5617 τῶν
319 5564 496 5630 ἔργων
522 5563 613 5615 καὶ
641 5564 701 5614 οὐ
724 5564 906 5632 δεήσει
935 5580 996 5630 γε
1028 5566 1206 5617 οὐδενὶ
1256 5567 1366 5618 τῶν
1398 5571 1741 5635 γιγνομένων

172 5656 257 5719 όιᾶι
314 5654 565 5707 τουτουσὶ
588 5655 711 5713 τοὺς
757 5653 967 5720 λόγους.
996 5656 1069 5707 Οὐ
1096 5655 1202 5723 γὰρ
1231 5658 1488 5725 ἐσχατιὰν
1528 5662 1737 5727 ἀνάγκη

153 5746 540 5808 -κσταλαϐεῖνκ
578 5745 685 5797 οὐδ’
724 5745 867 5815 ἀήθη
901 5746 1018 5797 τινὰ
1056 5746 1351 5813 προσέσθαι
1386 5749 1587 5817 τροςῆηι
1634 5751 1741 5801 οὐό*

248 5868 290 5895 ἐ
314 5868 462 5921 i'sal.
495 5879 532 5930 ι,
565 5863 613 5927 l,
652 5861 709 5915 ‘2.

1772 4522 1815 4574 D

1843 3274 1971 3323 dum
2006 3269 2307 3323 conderet?
2346 3268 2479 3337 Ejus
2515 3285 2642 3323 vero
2669 3270 2761 3339 qui
2801 3284 2908 3323 non
2946 3269 3210 3334 cernitur,
3237 3270 3415 3337 qualis

1846 3363 2217 3431 pulchritudo,
2249 3373 2304 3417 et
2336 3363 2613 3432 quomodo
2645 3363 2713 3416 ab
2742 3376 2808 3417 eo
2872 3372 3009 3417 nutu
3063 3363 3181 3416 solo
3209 3363 3415 3416 (20115ιὶ-

1847 3464 1996 3509 tutus
2024 3456 2115 3518 sit,
2146 3465 2199 3510 et
2228 3468 2448 3509 omnem
2500 3469 2664 3525 quam
2705 3457 2759 3508 iu
2788 3455 2903 3509 haec
2934 3454 3190 3508 inferiora
3223 3470 3412 3507 curant

1844 3547 2110 3611 conferat,
2147 3562 2257 3600 non
2287 3542 2393 3600 alio
2418 3547 2525 3601 fine
2575 3545 2755 3608 docet,
2789 3560 2953 3614 quam
3006 3557 3065 3598 ut
3095 3545 3161 3600 ad
3198 3560 3257 3599 se
3286 3560 3419 3597 con-

1847 3637 2020 3693 versis
2052 3652 2293 3691 amorem
2341 3637 2425 3691 sui
2476 3638 2724 3691 suadeat.
2776 3635 2840 3689 Et
2894 3637 3138 3697 omnino,
3174 3634 3317 3689 sicut
3360 3634 3415 3687 in

1845 3745 2031 3784 amore
2071 3730 2365 3788 ferventes.
2400 3728 2748 3797 sapientiam,
2788 3726 3107 3789 boni:atem,
3144 3721 3206 3779 et
3239 3734 3411 3778 artem

1845 3825 2210 3882 demonstrat,
2269 3829 2327 3874 ut
2354 3820 2583 3889 injicere
2623 3819 2780 3877 nobis
2821 3818 2906 3871 sui
2951 3832 3190 3877 amorem
3222 3818 3413 3885 possit.

1846 3914 2081 3967 Proinde
2118 3914 2196 3967 rei
2231 3912 2398 3980 hujus
2448 3919 2656 3966 tantam
2694 3908 2961 3963 rationem
2994 3909 3163 3972 ducit,
3198 3918 3251 3962 et
3281 3909 3416 3961 adeo

1844 4002 2027 4075 magni
2052 4020 2173 4059 eam
2201 4005 2459 4069 aestimat,
2487 4004 2692 4059 ut'cum
2735 4018 2833 4072 pro
2863 4017 2925 4055 ea
2958 4001 3177 4056 ῖεοὶςευι
3210 4001 3412 4065 omnia,

1842 4114 1966 4168 quae
1998 4097 2090 4151 Dei
2139 4105 2338 4151 natura
2382 4094 2707 4165 patiebatur,
2764 4108 2871 4147 non
2931 4093 3270 4161 quit-sceret;
3315 4092 3412 4145 sed

1842 4191 1908 4245 ad
1960 4189 2122 4243 aliam
2155 4198 2410 4243 naturam
2476 4201 2536 4240 se
2584 4185 2758 4250 daret,
2803 4199 2912 4253 qua
2964 4186 3031 4238 ad
3065 4184 3207 4238 idem
3260 4199 3415 4251 mque

1842 4290 2111 4346 uteretur,
2148 4286 2208 4333 ut
2233 4294 2355 4349 quae
2384 4278 2714 4347 persuadere
2744 4291 2852 4329 noa
2907 4287 3139 4345 poterat,
3165 4293 3228 4329 eo
3266 4278 3412 4351 quod

1842 4376 1985 4430 Deus
2015 4385 2182 4436 esset,
2208 4387 2270 4426 ea
2304 4372 2467 4427 homo
2521 4370 2695 4425 factus
2729 4379 2933 4439 posset,
2969 4382 3021 4423 et
3057 4386 3149 4436 per
3180 4378 3411 4436 utraque

1841 4478 1954 4526 tum
1984 4466 2305 4530 domestica,
2330 4480 2452 4533 quae
2474 4464 2693 4518 veniens
2711 4462 2989 4521 aiferehat,
3014 4472 3125 4515 tum
3151 4475 3415 4527 extranea

1842 4576 1963 4631 quae
1996 4564 2392 4626 assuntpserat,
2428 4557 2653 4608 charum
2688 4554 2791 4607 sibi
2819 4556 2883 4607 ad
2919 4554 3218 4609 amicitiam
3256 4574 3412 4610 suam

1842 4653 2185 4721 adjungeret.
2214 4648 2302 4701 Sic
2346 4647 2430 4714 lex
2464 4647 2712 4714 spiritus,
2742 4646 2864 4714 jure
2891 4646 2971 4699 lex
3020 4658 3101 4701 cst
3134 4649 3414 4712 ιιιιιίοἱιίςιι,

1843 4747 2079 4812 iudeque
2131 4743 2196 4795 ad
2259 4741 2519 4795 beneficia
2591 4740 2939 4807 agnoscenda
2997 4756 3099 4794 nos
3173 4752 3412 4795 exercet.

1841 4838 2021 4902 Quare
2038 4836 2280 4889 studiose
2311 4834 2363 4886 in
2399 4847 2517 4886 eam
2570 4830 2997 4883 incumbentium
3031 4844 3132 4885 est.
3173 4834 3412 4886 Primum

1843 4912 2085 4999 quidem,
2112 4926 2371 4994 quoniam
2421 4937 2597 4991 neque
2626 4923 2795 4976 sudor
2823 4924 2909 4975 hic
2935 4923 3100 4983 ullus,
3130 4940 3226 4976 nee
3264 4924 3415 4975 labor

1843 5033 1945 5086 est,
1987 5037 2085 5074 nec
2107 5027 2377 5083 sumptus,
2404 5032 2501 5071 nec
2541 5014 2845 5079 infamiam,
2881 5025 2973 5068 aut
3004 5017 3264 5083 probrum
3320 5033 3387 5085 pa

1846 5118 1934 5177 rit,
1977 5131 2073 5167 nec
2106 5114 2175 5165 ob
2206 5112 2352 5165 aliud
2397 5110 2544 5163 illius
2583 5108 2863 5176 quippiam
2926 5107 3152 5161 viliores
3182 5121 3409 5170 Sumus;

1848 5210 1940 5261 Sed
1972 5216 2025 5260 et
2058 5216 2203 5259 artes
2250 5212 2485 5256 tractare
2547 5200 2904 5258 nihilominus
2949 5199 3157 5260 licitum
3210 5208 3312 5263 est,
3360 5210 3413 5253 et

1844 5300 2211 5368 quodcunque
2270 5294 2511 5348 studium
2570 5291 2767 5345 sectari
2815 5290 2947 5342 nihil
2981 5298 3145 5342 vetat.
3189 5289 3253 5341 Et
3306 5290 3411 5343 dux

1844 5392 2146 5443 exercitum
2198 5388 2376 5448 ducet,
2423 5395 2477 5437 et
2517 5383 2755 5449 agricola
2788 5392 2987 5434 terram
3010 5381 3191 5442 colet,
3218 5389 3270 5433 et
3299 5384 3414 5440 oo-

1847 5484 1933 5535 fex
1976 5480 2189 5546 urgebit
2232 5492 2390 5543 opus,
2449 5486 2501 5527 et
2564 5475 2661 5525 hac
2704 5471 2926 5538 quidem
2977 5471 3040 5521 de
3074 5486 3233 5522 causa
3276 5470 3412 5520 nihil

1843 5588 2181 5639 eoruutqtue
2238 5572 2416 5622 facere
2462 5566 2770 5627 consuevit,
2836 5564 3229 5631 praeter-mittet.
3290 5560 3406 5612 Non

1848 5667 1898 5718 itt
1937 5663 2301 5715 remotissima
2360 5661 2472 5712 loca
2535 5655 2868 5717 abeundum,
2922 5668 3023 5706 nec
3068 5654 3279 5706 insueta
3319 5654 3414 5703 ali-

1848 5755 2023 5807 ltitiiti‘i
2060 5752 2402 5810 adhibenda.
2434 5764 2528 5802 nec
2562 5745 2916 5815 permutanda
2958 5743 3137 5803 vestis,
3174 5758 3270 5796 nec
3295 5758 3412 5794 cer-
