  <div class='ocr_page' id='page_1' title='image "/cluster/home/n/w/nwhite01/storage/ocr_20150623/150/pst.000005714704/364.png"; bbox 0 0 4154 6308; ppageno 0'>
   <div class='ocr_carea' id='block_1_1' title="bbox 214 420 321 483">
    <p class='ocr_par' dir='ltr' id='par_1_1' title="bbox 214 420 321 483">
     <span class='ocr_line' id='line_1_1' title="bbox 214 420 321 483; baseline -0.019 0"><span class='ocrx_word' id='word_1_1' title='bbox 214 422 288 483; x_wconf 64' lang='grc' dir='ltr'><strong>6θῖ</strong></span> <span class='ocrx_word' id='word_1_2' title='bbox 302 420 321 481; x_wconf 88' lang='lat'>1</span> 
     </span>
    </p>
   </div>
   <div class='ocr_carea' id='block_1_2' title="bbox 1258 402 2399 477">
    <p class='ocr_par' dir='ltr' id='par_1_2' title="bbox 1258 402 2399 477">
     <span class='ocr_line' id='line_1_2' title="bbox 1258 402 2399 477; baseline -0.011 0"><span class='ocrx_word' id='word_1_3' title='bbox 1258 420 1352 477; x_wconf 87' lang='lat' dir='ltr'><strong>DE</strong></span> <span class='ocrx_word' id='word_1_4' title='bbox 1392 416 1565 477; x_wconf 68' lang='lat' dir='ltr'><strong>VITA</strong></span> <span class='ocrx_word' id='word_1_5' title='bbox 1616 414 1683 473; x_wconf 76' lang='grc' dir='ltr'><strong>ΙΝ</strong></span> <span class='ocrx_word' id='word_1_6' title='bbox 1732 402 2059 469; x_wconf 65' lang='lat' dir='ltr'><strong>ClililS&#39;l‘ti</strong></span> <span class='ocrx_word' id='word_1_7' title='bbox 2102 408 2247 467; x_wconf 65' lang='lat' dir='ltr'><strong>LTB.</strong></span> <span class='ocrx_word' id='word_1_8' title='bbox 2299 407 2399 465; x_wconf 82' lang='lat' dir='ltr'><strong>Vl.</strong></span> 
     </span>
    </p>
   </div>
   <div class='ocr_carea' id='block_1_3' title="bbox 3347 379 3455 453">
    <p class='ocr_par' dir='ltr' id='par_1_3' title="bbox 3347 379 3455 453">
     <span class='ocr_line' id='line_1_3' title="bbox 3347 379 3455 453; baseline -0.037 0"><span class='ocrx_word' id='word_1_9' title='bbox 3347 379 3455 453; x_wconf 71' lang='lat'><strong>662</strong></span> 
     </span>
    </p>
   </div>
   <div class='ocr_carea' id='block_1_4' title="bbox 218 505 1811 595">
    <p class='ocr_par' dir='ltr' id='par_1_4' title="bbox 218 524 1782 595">
     <span class='ocr_line' id='line_1_4' title="bbox 218 524 1782 595; baseline -0.004 -17"><span class='ocrx_word' id='word_1_10' title='bbox 218 528 328 593; x_wconf 77' lang='grc' dir='ltr'>τῆς</span> <span class='ocrx_word' id='word_1_11' title='bbox 360 528 416 579; x_wconf 76' lang='grc' dir='ltr'>ὲν</span> <span class='ocrx_word' id='word_1_12' title='bbox 451 524 628 595; x_wconf 80' lang='grc' dir='ltr'>καιρῷ</span> <span class='ocrx_word' id='word_1_13' title='bbox 657 528 765 588; x_wconf 84' lang='grc' dir='ltr'>τοῖς</span> <span class='ocrx_word' id='word_1_14' title='bbox 803 527 1071 589; x_wconf 74' lang='grc' dir='ltr'><strong>συνοῦσιν,</strong></span> <span class='ocrx_word' id='word_1_15' title='bbox 1106 527 1187 579; x_wconf 74' lang='grc' dir='ltr'>ὅτι</span> <span class='ocrx_word' id='word_1_16' title='bbox 1234 526 1356 585; x_wconf 76' lang='grc' dir='ltr'>τοὺς</span> <span class='ocrx_word' id='word_1_17' title='bbox 1397 526 1651 593; x_wconf 79' lang='grc' dir='ltr'><strong>ἀρίστους</strong></span> <span class='ocrx_word' id='word_1_18' title='bbox 1698 524 1782 573; x_wconf 80' lang='grc' dir='ltr'>ἐν-</span> 
     </span>
    </p>
   </div>
   <div class='ocr_carea' id='block_1_5' title="bbox 1912 505 3451 595">
    <p class='ocr_par' dir='ltr' id='par_1_5' title="bbox 1912 505 3451 583">
     <span class='ocr_line' id='line_1_5' title="bbox 1912 505 3451 583; baseline -0.012 -13"><span class='ocrx_word' id='word_1_19' title='bbox 1912 520 2036 582; x_wconf 90' lang='lat' dir='ltr'><strong>utis,</strong></span> <span class='ocrx_word' id='word_1_20' title='bbox 2069 515 2355 583; x_wconf 87' lang='lat' dir='ltr'><strong>discipulis</strong></span> <span class='ocrx_word' id='word_1_21' title='bbox 2404 514 2520 567; x_wconf 84' lang='lat' dir='ltr'><strong>suis</strong></span> <span class='ocrx_word' id='word_1_22' title='bbox 2577 520 2877 581; x_wconf 75' lang='lat' dir='ltr'><strong>opportune</strong></span> <span class='ocrx_word' id='word_1_23' title='bbox 2906 505 3197 576; x_wconf 82' lang='lat' dir='ltr'><strong>cegitation</strong></span> <span class='ocrx_word' id='word_1_24' title='bbox 3234 521 3258 556; x_wconf 89' lang='lat' dir='ltr'><strong>s</strong></span> <span class='ocrx_word' id='word_1_25' title='bbox 3312 506 3451 570; x_wconf 71' lang='lat' dir='ltr'><strong>opti~</strong></span> 
     </span>
    </p>
   </div>
   <div class='ocr_carea' id='block_1_6' title="bbox 218 613 1779 684">
    <p class='ocr_par' dir='ltr' id='par_1_6' title="bbox 218 613 1779 684">
     <span class='ocr_line' id='line_1_6' title="bbox 218 613 1779 684; baseline -0.003 -16"><span class='ocrx_word' id='word_1_26' title='bbox 218 618 467 669; x_wconf 73' lang='grc' dir='ltr'><strong>τίθενται</strong></span> <span class='ocrx_word' id='word_1_27' title='bbox 503 616 818 684; x_wconf 70' lang='grc' dir='ltr'>λογισμοὺς,</span> <span class='ocrx_word' id='word_1_28' title='bbox 854 621 947 671; x_wconf 69' lang='grc' dir='ltr'><strong>καλ¹</strong></span> <span class='ocrx_word' id='word_1_29' title='bbox 979 616 1049 670; x_wconf 82' lang='grc' dir='ltr'><strong>αὖ</strong></span> <span class='ocrx_word' id='word_1_30' title='bbox 1097 616 1405 668; x_wconf 70' lang='grc' dir='ltr'>τούναντίον</span> <span class='ocrx_word' id='word_1_31' title='bbox 1458 618 1503 667; x_wconf 88' lang='grc' dir='ltr'><strong>οί</strong></span> <span class='ocrx_word' id='word_1_32' title='bbox 1554 613 1779 681; x_wconf 68' lang='grc' dir='ltr'>πονηροὶ</span> 
     </span>
    </p>
   </div>
   <div class='ocr_carea' id='block_1_7' title="bbox 219 705 1781 775">
    <p class='ocr_par' dir='ltr' id='par_1_7' title="bbox 219 705 1781 775">
     <span class='ocr_line' id='line_1_7' title="bbox 219 705 1781 775; baseline -0.003 -17"><span class='ocrx_word' id='word_1_33' title='bbox 219 707 485 774; x_wconf 84' lang='grc' dir='ltr'>δαίμονες</span> <span class='ocrx_word' id='word_1_34' title='bbox 520 707 790 775; x_wconf 77' lang='grc' dir='ltr'>πονηροὺς</span> <span class='ocrx_word' id='word_1_35' title='bbox 846 707 1156 775; x_wconf 73' lang='grc' dir='ltr'><strong>εἰσάγοντες</strong></span> <span class='ocrx_word' id='word_1_36' title='bbox 1208 707 1425 768; x_wconf 71' lang='grc' dir='ltr'>τύπους,</span> <span class='ocrx_word' id='word_1_37' title='bbox 1472 706 1544 766; x_wconf 81' lang='grc' dir='ltr'>ὡς</span> <span class='ocrx_word' id='word_1_38' title='bbox 1585 707 1633 756; x_wconf 86' lang='grc' dir='ltr'><strong>οί</strong></span> <span class='ocrx_word' id='word_1_39' title='bbox 1683 705 1781 772; x_wconf 82' lang='grc' dir='ltr'><strong>μὲν</strong></span> 
     </span>
    </p>
   </div>
   <div class='ocr_carea' id='block_1_8' title="bbox 220 797 1780 867">
    <p class='ocr_par' dir='ltr' id='par_1_8' title="bbox 220 797 1780 867">
     <span class='ocr_line' id='line_1_8' title="bbox 220 797 1780 867; baseline -0.002 -20"><span class='ocrx_word' id='word_1_40' title='bbox 220 797 402 867; x_wconf 72' lang='grc' dir='ltr'>ταύτῃ</span> <span class='ocrx_word' id='word_1_41' title='bbox 437 798 544 851; x_wconf 88' lang='grc' dir='ltr'><strong>τῶν</strong></span> <span class='ocrx_word' id='word_1_42' title='bbox 588 798 953 852; x_wconf 74' lang='grc' dir='ltr'><strong>ἀτοπωτάτων</strong></span> <span class='ocrx_word' id='word_1_43' title='bbox 986 801 1252 867; x_wconf 75' lang='grc' dir='ltr'>τεχνίτας,</span> <span class='ocrx_word' id='word_1_44' title='bbox 1307 800 1355 851; x_wconf 87' lang='lat' dir='ltr'><strong>oi</strong></span> <span class='ocrx_word' id='word_1_45' title='bbox 1390 799 1444 849; x_wconf 79' lang='grc' dir='ltr'>δὲ</span> <span class='ocrx_word' id='word_1_46' title='bbox 1480 798 1583 850; x_wconf 83' lang='grc' dir='ltr'><strong>τῶν</strong></span> <span class='ocrx_word' id='word_1_47' title='bbox 1631 798 1780 847; x_wconf 70' lang='grc' dir='ltr'>δεάν..</span> 
     </span>
    </p>
   </div>
   <div class='ocr_carea' id='block_1_9' title="bbox 224 888 1199 957">
    <p class='ocr_par' dir='ltr' id='par_1_9' title="bbox 224 888 1199 957">
     <span class='ocr_line' id='line_1_9' title="bbox 224 888 1199 957; baseline 0.004 -20"><span class='ocrx_word' id='word_1_48' title='bbox 224 903 337 937; x_wconf 86' lang='grc' dir='ltr'><strong>των</strong></span> <span class='ocrx_word' id='word_1_49' title='bbox 373 888 811 957; x_wconf 81' lang='grc' dir='ltr'>ἀπεργασόμενοι</span> <span class='ocrx_word' id='word_1_50' title='bbox 846 888 1199 957; x_wconf 81' lang='grc' dir='ltr'>πρακτικούς.</span> 
     </span>
    </p>
   </div>
   <div class='ocr_carea' id='block_1_10' title="bbox 307 976 1781 1051">
    <p class='ocr_par' dir='ltr' id='par_1_10' title="bbox 307 976 1781 1051">
     <span class='ocr_line' id='line_1_10' title="bbox 307 976 1781 1051; baseline -0.001 -21"><span class='ocrx_word' id='word_1_51' title='bbox 307 977 462 1030; x_wconf 86' lang='grc' dir='ltr'>Ἐστι</span> <span class='ocrx_word' id='word_1_52' title='bbox 516 978 614 1047; x_wconf 78' lang='grc' dir='ltr'>μὲν</span> <span class='ocrx_word' id='word_1_53' title='bbox 665 976 758 1032; x_wconf 79' lang='grc' dir='ltr'><strong>οὖν</strong></span> <span class='ocrx_word' id='word_1_54' title='bbox 809 980 1025 1051; x_wconf 77' lang='grc' dir='ltr'>ἁπάσης</span> <span class='ocrx_word' id='word_1_55' title='bbox 1080 979 1481 1047; x_wconf 75' lang='grc' dir='ltr'>ἐπαινουμένης</span> <span class='ocrx_word' id='word_1_56' title='bbox 1534 977 1781 1044; x_wconf 74' lang='grc' dir='ltr'>μελέτης,</span> 
     </span>
    </p>
   </div>
   <div class='ocr_carea' id='block_1_11' title="bbox 224 1067 1785 1138">
    <p class='ocr_par' dir='ltr' id='par_1_11' title="bbox 224 1067 1785 1138">
     <span class='ocr_line' id='line_1_11' title="bbox 224 1067 1785 1138; baseline -0.001 -18"><span class='ocrx_word' id='word_1_57' title='bbox 224 1070 371 1138; x_wconf 72' lang='grc' dir='ltr'>πρὸς</span> <span class='ocrx_word' id='word_1_58' title='bbox 409 1070 613 1138; x_wconf 78' lang='grc' dir='ltr'>ἀρετὴν</span> <span class='ocrx_word' id='word_1_59' title='bbox 656 1070 955 1123; x_wconf 76' lang='grc' dir='ltr'>ἀπόνασθαι</span> <span class='ocrx_word' id='word_1_60' title='bbox 992 1072 1057 1122; x_wconf 66' lang='grc' dir='ltr'>τὰ</span> <span class='ocrx_word' id='word_1_61' title='bbox 1105 1070 1418 1138; x_wconf 82' lang='grc' dir='ltr'>γιγνόμενα,</span> <span class='ocrx_word' id='word_1_62' title='bbox 1453 1067 1689 1137; x_wconf 77' lang='grc' dir='ltr'>Χριστοῦ</span> <span class='ocrx_word' id='word_1_63' title='bbox 1728 1068 1785 1119; x_wconf 76' lang='grc' dir='ltr'>δὲ</span> 
     </span>
    </p>
   </div>
   <div class='ocr_carea' id='block_1_12' title="bbox 230 1154 1785 1230">
    <p class='ocr_par' dir='ltr' id='par_1_12' title="bbox 230 1154 1785 1230">
     <span class='ocr_line' id='line_1_12' title="bbox 230 1154 1785 1230; baseline 0.017 -21"><span class='ocrx_word' id='word_1_64' title='bbox 230 1160 369 1228; x_wconf 80' lang='grc' dir='ltr'>πέρι</span> <span class='ocrx_word' id='word_1_65' title='bbox 419 1160 511 1212; x_wconf 83' lang='grc' dir='ltr'>καὶ</span> <span class='ocrx_word' id='word_1_66' title='bbox 541 1154 618 1213; x_wconf 85' lang='grc' dir='ltr'>ὧν</span> <span class='ocrx_word' id='word_1_67' title='bbox 667 1160 826 1223; x_wconf 62' lang='grc' dir='ltr'>αὐτος</span> <span class='ocrx_word' id='word_1_68' title='bbox 878 1160 1271 1230; x_wconf 76' lang='grc' dir='ltr'>φιλανθρώπως</span> <span class='ocrx_word' id='word_1_69' title='bbox 1327 1161 1451 1228; x_wconf 67' lang='grc' dir='ltr'><strong>περὶ</strong></span> <span class='ocrx_word' id='word_1_70' title='bbox 1499 1160 1597 1227; x_wconf 66' lang='grc' dir='ltr'><strong>τῆς</strong></span> <span class='ocrx_word' id='word_1_71' title='bbox 1649 1158 1785 1226; x_wconf 63' lang='grc' dir='ltr'><strong>ἐμῆς</strong></span> 
     </span>
    </p>
   </div>
   <div class='ocr_carea' id='block_1_13' title="bbox 228 1251 1786 1320">
    <p class='ocr_par' dir='ltr' id='par_1_13' title="bbox 228 1251 1786 1320">
     <span class='ocr_line' id='line_1_13' title="bbox 228 1251 1786 1320; baseline 0.001 -20"><span class='ocrx_word' id='word_1_72' title='bbox 228 1251 621 1319; x_wconf 76' lang='grc' dir='ltr'>ἐμηχανήσατο</span> <span class='ocrx_word' id='word_1_73' title='bbox 676 1252 966 1320; x_wconf 78' lang='grc' dir='ltr'>σωτηρίας,</span> <span class='ocrx_word' id='word_1_74' title='bbox 1028 1251 1277 1315; x_wconf 77' lang='grc' dir='ltr'>διεξιέναι</span> <span class='ocrx_word' id='word_1_75' title='bbox 1329 1252 1439 1314; x_wconf 85' lang='grc' dir='ltr'>τοῖς</span> <span class='ocrx_word' id='word_1_76' title='bbox 1484 1251 1786 1319; x_wconf 73' lang='grc' dir='ltr'>λογισμοῖς,</span> 
     </span>
    </p>
   </div>
   <div class='ocr_carea' id='block_1_14' title="bbox 230 1340 1789 1411">
    <p class='ocr_par' dir='ltr' id='par_1_14' title="bbox 230 1340 1789 1411">
     <span class='ocr_line' id='line_1_14' title="bbox 230 1340 1789 1411; baseline 0 -20"><span class='ocrx_word' id='word_1_77' title='bbox 230 1341 407 1411; x_wconf 76' lang='grc' dir='ltr'>αὐτὴν</span> <span class='ocrx_word' id='word_1_78' title='bbox 438 1342 567 1411; x_wconf 82' lang='grc' dir='ltr'>ἡμῖν</span> <span class='ocrx_word' id='word_1_79' title='bbox 596 1343 848 1409; x_wconf 83' lang='grc' dir='ltr'>ἄντικρυς</span> <span class='ocrx_word' id='word_1_80' title='bbox 865 1340 974 1410; x_wconf 74' lang='grc' dir='ltr'>ἔχει</span> <span class='ocrx_word' id='word_1_81' title='bbox 1005 1342 1103 1410; x_wconf 80' lang='grc' dir='ltr'>τὴν</span> <span class='ocrx_word' id='word_1_82' title='bbox 1136 1342 1470 1411; x_wconf 79' lang='grc' dir='ltr'>ζητουμένην</span> <span class='ocrx_word' id='word_1_83' title='bbox 1498 1342 1663 1411; x_wconf 70' lang='grc' dir='ltr'>ζωὴν,</span> <span class='ocrx_word' id='word_1_84' title='bbox 1697 1343 1789 1393; x_wconf 63' lang='grc' dir='ltr'><strong>κοιλ¹</strong></span> 
     </span>
    </p>
   </div>
   <div class='ocr_carea' id='block_1_15' title="bbox 229 1418 1793 1501">
    <p class='ocr_par' dir='ltr' id='par_1_15' title="bbox 229 1418 1793 1501">
     <span class='ocr_line' id='line_1_15' title="bbox 229 1418 1793 1501; baseline 0 -18"><span class='ocrx_word' id='word_1_85' title='bbox 229 1430 326 1483; x_wconf 72' lang='grc' dir='ltr'>διὰ</span> <span class='ocrx_word' id='word_1_86' title='bbox 356 1433 573 1485; x_wconf 78' lang='grc' dir='ltr'>πάντων</span> <span class='ocrx_word' id='word_1_87' title='bbox 600 1418 944 1485; x_wconf 77' lang='grc' dir='ltr'>ἀποδείκνυσι</span> <span class='ocrx_word' id='word_1_88' title='bbox 976 1432 1297 1501; x_wconf 85' lang='grc' dir='ltr'>μακαρίους.</span> <span class='ocrx_word' id='word_1_89' title='bbox 1328 1431 1538 1496; x_wconf 45' lang='grc' dir='ltr'><strong>Καὶ-ὠς</strong></span> <span class='ocrx_word' id='word_1_90' title='bbox 1593 1430 1658 1482; x_wconf 85' lang='grc' dir='ltr'>ἂν</span> <span class='ocrx_word' id='word_1_91' title='bbox 1708 1421 1793 1483; x_wconf 69' lang='grc' dir='ltr'><strong>ἓν·</strong></span> 
     </span>
    </p>
   </div>
   <div class='ocr_carea' id='block_1_16' title="bbox 230 1520 1791 1590">
    <p class='ocr_par' dir='ltr' id='par_1_16' title="bbox 230 1520 1791 1590">
     <span class='ocr_line' id='line_1_16' title="bbox 230 1520 1791 1590; baseline 0 -18"><span class='ocrx_word' id='word_1_92' title='bbox 230 1522 422 1586; x_wconf 85' lang='grc' dir='ltr'>αργῶς</span> <span class='ocrx_word' id='word_1_93' title='bbox 455 1520 702 1589; x_wconf 74' lang='grc' dir='ltr'>εἰδῶμεν,</span> <span class='ocrx_word' id='word_1_94' title='bbox 737 1521 1125 1590; x_wconf 86' lang='grc' dir='ltr'>θεωρήσωμεν,</span> <span class='ocrx_word' id='word_1_95' title='bbox 1156 1520 1190 1574; x_wconf 79' lang='grc' dir='ltr'>ἃ</span> <span class='ocrx_word' id='word_1_96' title='bbox 1224 1522 1346 1582; x_wconf 70' lang='grc' dir='ltr'>τοὺς</span> <span class='ocrx_word' id='word_1_97' title='bbox 1393 1520 1791 1589; x_wconf 70' lang='grc' dir='ltr'>κατορθοῦντας</span> 
     </span>
    </p>
   </div>
   <div class='ocr_carea' id='block_1_17' title="bbox 232 1611 1793 1680">
    <p class='ocr_par' dir='ltr' id='par_1_17' title="bbox 232 1611 1793 1680">
     <span class='ocr_line' id='line_1_17' title="bbox 232 1611 1793 1680; baseline 0 -17"><span class='ocrx_word' id='word_1_98' title='bbox 232 1613 265 1662; x_wconf 84' lang='grc' dir='ltr'>ὁ</span> <span class='ocrx_word' id='word_1_99' title='bbox 306 1611 541 1679; x_wconf 83' lang='grc' dir='ltr'>Χριστὸς</span> <span class='ocrx_word' id='word_1_100' title='bbox 572 1612 729 1671; x_wconf 80' lang='grc' dir='ltr'>αὐτὸς</span> <span class='ocrx_word' id='word_1_101' title='bbox 785 1612 1007 1663; x_wconf 72' lang='grc' dir='ltr'>ἐκάλεσε</span> <span class='ocrx_word' id='word_1_102' title='bbox 1048 1611 1369 1678; x_wconf 73' lang='grc' dir='ltr'>μακαρίους,</span> <span class='ocrx_word' id='word_1_103' title='bbox 1413 1612 1461 1663; x_wconf 81' lang='grc' dir='ltr'>εἰ</span> <span class='ocrx_word' id='word_1_104' title='bbox 1514 1612 1585 1680; x_wconf 76' lang='grc' dir='ltr'><strong>μὴ</strong></span> <span class='ocrx_word' id='word_1_105' title='bbox 1618 1613 1793 1663; x_wconf 81' lang='grc' dir='ltr'>πάντα</span> 
     </span>
    </p>
   </div>
   <div class='ocr_carea' id='block_1_18' title="bbox 230 1700 1794 1769">
    <p class='ocr_par' dir='ltr' id='par_1_18' title="bbox 230 1700 1794 1769">
     <span class='ocr_line' id='line_1_18' title="bbox 230 1700 1794 1769; baseline 0.001 -17"><span class='ocrx_word' id='word_1_106' title='bbox 230 1701 347 1752; x_wconf 82' lang='grc' dir='ltr'><strong>τῶν</strong></span> <span class='ocrx_word' id='word_1_107' title='bbox 379 1700 652 1769; x_wconf 77' lang='grc' dir='ltr'>λογισμῶν</span> <span class='ocrx_word' id='word_1_108' title='bbox 688 1701 976 1769; x_wconf 74' lang='grc' dir='ltr'>ἐξήρτηται</span> <span class='ocrx_word' id='word_1_109' title='bbox 1008 1701 1232 1754; x_wconf 84' lang='grc' dir='ltr'>τούτων.</span> <span class='ocrx_word' id='word_1_110' title='bbox 1268 1701 1431 1763; x_wconf 84' lang='grc' dir='ltr'>Τίνας</span> <span class='ocrx_word' id='word_1_111' title='bbox 1453 1702 1545 1753; x_wconf 81' lang='grc' dir='ltr'><strong>οῦν</strong></span> <span class='ocrx_word' id='word_1_112' title='bbox 1576 1702 1794 1763; x_wconf 70' lang='grc' dir='ltr'>τούτους</span> 
     </span>
    </p>
   </div>
   <div class='ocr_carea' id='block_1_19' title="bbox 232 1791 1612 1861">
    <p class='ocr_par' dir='ltr' id='par_1_19' title="bbox 232 1791 1612 1861">
     <span class='ocr_line' id='line_1_19' title="bbox 232 1791 1612 1861; baseline -0.001 -18"><span class='ocrx_word' id='word_1_113' title='bbox 232 1793 265 1843; x_wconf 79' lang='grc' dir='ltr'>ὁ</span> <span class='ocrx_word' id='word_1_114' title='bbox 300 1793 458 1860; x_wconf 82' lang='grc' dir='ltr'>μόνος</span> <span class='ocrx_word' id='word_1_115' title='bbox 504 1792 578 1854; x_wconf 86' lang='grc' dir='ltr'>ὡς</span> <span class='ocrx_word' id='word_1_116' title='bbox 624 1791 835 1859; x_wconf 78' lang='grc' dir='ltr'>ἀληθῶς</span> <span class='ocrx_word' id='word_1_117' title='bbox 894 1793 1159 1861; x_wconf 80' lang='grc' dir='ltr'>μακάριος</span> <span class='ocrx_word' id='word_1_118' title='bbox 1208 1791 1612 1860; x_wconf 71' lang='grc' dir='ltr'>εὐδαιμονίζει;</span> 
     </span>
    </p>
   </div>
   <div class='ocr_carea' id='block_1_20' title="bbox 237 1880 1796 1950">
    <p class='ocr_par' dir='ltr' id='par_1_20' title="bbox 237 1880 1796 1950">
     <span class='ocr_line' id='line_1_20' title="bbox 237 1880 1796 1950; baseline -0.001 -18"><span class='ocrx_word' id='word_1_119' title='bbox 237 1884 490 1950; x_wconf 78' lang='grc' dir='ltr'>πτωχοὺς</span> <span class='ocrx_word' id='word_1_120' title='bbox 540 1881 618 1950; x_wconf 84' lang='grc' dir='ltr'>τῷ</span> <span class='ocrx_word' id='word_1_121' title='bbox 690 1881 998 1948; x_wconf 82' lang='grc' dir='ltr'>πνεύματι,</span> <span class='ocrx_word' id='word_1_122' title='bbox 1060 1882 1183 1942; x_wconf 68' lang='grc' dir='ltr'>τοὺς</span> <span class='ocrx_word' id='word_1_123' title='bbox 1240 1880 1609 1943; x_wconf 81' lang='grc' dir='ltr'>πενθοῦντας,</span> <span class='ocrx_word' id='word_1_124' title='bbox 1669 1883 1796 1942; x_wconf 79' lang='grc' dir='ltr'>τοὺς</span> 
     </span>
    </p>
   </div>
   <div class='ocr_carea' id='block_1_21' title="bbox 238 1971 1798 2041">
    <p class='ocr_par' dir='ltr' id='par_1_21' title="bbox 238 1971 1798 2041">
     <span class='ocr_line' id='line_1_21' title="bbox 238 1971 1798 2041; baseline 0.001 -20"><span class='ocrx_word' id='word_1_125' title='bbox 238 1972 475 2041; x_wconf 77' lang='grc' dir='ltr'>πράους,</span> <span class='ocrx_word' id='word_1_126' title='bbox 517 1973 643 2033; x_wconf 69' lang='grc' dir='ltr'>τοὺς</span> <span class='ocrx_word' id='word_1_127' title='bbox 675 1972 972 2033; x_wconf 81' lang='grc' dir='ltr'>πεινῶντας</span> <span class='ocrx_word' id='word_1_128' title='bbox 1013 1973 1106 2024; x_wconf 72' lang='grc' dir='ltr'>καὶ</span> <span class='ocrx_word' id='word_1_129' title='bbox 1140 1971 1406 2040; x_wconf 78' lang='grc' dir='ltr'>διψῶντας</span> <span class='ocrx_word' id='word_1_130' title='bbox 1462 1971 1559 2040; x_wconf 76' lang='grc' dir='ltr'>τὴν</span> <span class='ocrx_word' id='word_1_131' title='bbox 1593 1972 1798 2024; x_wconf 84' lang='grc' dir='ltr'>δικαιο-</span> 
     </span>
    </p>
   </div>
   <div class='ocr_carea' id='block_1_22' title="bbox 236 2064 1796 2137">
    <p class='ocr_par' dir='ltr' id='par_1_22' title="bbox 236 2064 1796 2137">
     <span class='ocr_line' id='line_1_22' title="bbox 236 2064 1796 2137; baseline 0.001 -21"><span class='ocrx_word' id='word_1_132' title='bbox 236 2064 431 2131; x_wconf 69' lang='grc' dir='ltr'>σύνην,</span> <span class='ocrx_word' id='word_1_133' title='bbox 482 2064 609 2125; x_wconf 80' lang='grc' dir='ltr'>τοὺς</span> <span class='ocrx_word' id='word_1_134' title='bbox 645 2064 962 2132; x_wconf 75' lang='grc' dir='ltr'>ἐλεήμονας,</span> <span class='ocrx_word' id='word_1_135' title='bbox 1004 2065 1131 2125; x_wconf 80' lang='grc' dir='ltr'>τοὺς</span> <span class='ocrx_word' id='word_1_136' title='bbox 1165 2066 1442 2134; x_wconf 81' lang='grc' dir='ltr'>καθαροὺς</span> <span class='ocrx_word' id='word_1_137' title='bbox 1472 2066 1537 2133; x_wconf 81' lang='grc' dir='ltr'>τῇ</span> <span class='ocrx_word' id='word_1_138' title='bbox 1580 2064 1796 2137; x_wconf 75' lang='grc' dir='ltr'>καρδία,</span> 
     </span>
    </p>
   </div>
   <div class='ocr_carea' id='block_1_23' title="bbox 236 2155 1801 2225">
    <p class='ocr_par' dir='ltr' id='par_1_23' title="bbox 236 2155 1801 2225">
     <span class='ocr_line' id='line_1_23' title="bbox 236 2155 1801 2225; baseline 0.003 -19"><span class='ocrx_word' id='word_1_139' title='bbox 236 2155 367 2215; x_wconf 79' lang='grc' dir='ltr'>τοὺς</span> <span class='ocrx_word' id='word_1_140' title='bbox 395 2155 786 2224; x_wconf 77' lang='grc' dir='ltr'>εἰρηνοποιοὺς,</span> <span class='ocrx_word' id='word_1_141' title='bbox 810 2155 931 2217; x_wconf 82' lang='grc' dir='ltr'>τοὺς</span> <span class='ocrx_word' id='word_1_142' title='bbox 956 2156 1207 2225; x_wconf 82' lang='grc' dir='ltr'>διωγμῶν</span> <span class='ocrx_word' id='word_1_143' title='bbox 1229 2158 1319 2209; x_wconf 72' lang='grc' dir='ltr'>καὶ</span> <span class='ocrx_word' id='word_1_144' title='bbox 1343 2159 1539 2220; x_wconf 85' lang='grc' dir='ltr'>παντὸς</span> <span class='ocrx_word' id='word_1_145' title='bbox 1567 2158 1801 2221; x_wconf 80' lang='grc' dir='ltr'>ὀνείδους</span> 
     </span>
    </p>
   </div>
   <div class='ocr_carea' id='block_1_24' title="bbox 235 2246 1801 2319">
    <p class='ocr_par' dir='ltr' id='par_1_24' title="bbox 235 2246 1801 2319">
     <span class='ocr_line' id='line_1_24' title="bbox 235 2246 1801 2319; baseline 0.003 -22"><span class='ocrx_word' id='word_1_146' title='bbox 235 2247 377 2314; x_wconf 17' lang='grc' dir='ltr'>,περὶ</span> <span class='ocrx_word' id='word_1_147' title='bbox 409 2246 756 2315; x_wconf 82' lang='grc' dir='ltr'>δικαιοσύνης</span> <span class='ocrx_word' id='word_1_148' title='bbox 786 2248 879 2299; x_wconf 72' lang='grc' dir='ltr'><strong>καὶ</strong></span> <span class='ocrx_word' id='word_1_149' title='bbox 906 2248 1005 2315; x_wconf 84' lang='grc' dir='ltr'>τῆς</span> <span class='ocrx_word' id='word_1_150' title='bbox 1056 2250 1185 2316; x_wconf 70' lang='grc' dir='ltr'>περὶ</span> <span class='ocrx_word' id='word_1_151' title='bbox 1217 2249 1448 2315; x_wconf 85' lang='grc' dir='ltr'>Χριστὸν</span> <span class='ocrx_word' id='word_1_152' title='bbox 1495 2248 1801 2319; x_wconf 77' lang='grc' dir='ltr'>προθυμίας</span> 
     </span>
    </p>
   </div>
   <div class='ocr_carea' id='block_1_25' title="bbox 240 2329 1807 2408">
    <p class='ocr_par' dir='ltr' id='par_1_25' title="bbox 240 2329 1807 2408">
     <span class='ocr_line' id='line_1_25' title="bbox 240 2329 1807 2408; baseline 0.006 -25"><span class='ocrx_word' id='word_1_153' title='bbox 240 2334 623 2402; x_wconf 80' lang='grc' dir='ltr'>ἀνεχομένους.</span> <span class='ocrx_word' id='word_1_154' title='bbox 650 2329 808 2389; x_wconf 74' lang='grc' dir='ltr'>Οὗτοι</span> <span class='ocrx_word' id='word_1_155' title='bbox 840 2337 937 2405; x_wconf 82' lang='grc' dir='ltr'><strong>μὲν</strong></span> <span class='ocrx_word' id='word_1_156' title='bbox 978 2332 1071 2389; x_wconf 72' lang='grc' dir='ltr'><strong>οὖν</strong></span> <span class='ocrx_word' id='word_1_157' title='bbox 1101 2338 1149 2389; x_wconf 88' lang='grc' dir='ltr'><strong>οί</strong></span> <span class='ocrx_word' id='word_1_158' title='bbox 1181 2337 1279 2406; x_wconf 80' lang='grc' dir='ltr'>τῆς</span> <span class='ocrx_word' id='word_1_159' title='bbox 1332 2340 1604 2408; x_wconf 77' lang='grc' dir='ltr'>μακαρίας</span> <span class='ocrx_word' id='word_1_160' title='bbox 1655 2342 1807 2392; x_wconf 75' lang='grc' dir='ltr'>ἐπει-</span> 
     </span>
    </p>
   </div>
   <div class='ocr_carea' id='block_1_26' title="bbox 241 2423 1803 2497">
    <p class='ocr_par' dir='ltr' id='par_1_26' title="bbox 241 2423 1803 2497">
     <span class='ocr_line' id='line_1_26' title="bbox 241 2423 1803 2497; baseline 0.006 -24"><span class='ocrx_word' id='word_1_161' title='bbox 241 2423 515 2491; x_wconf 81' lang='grc' dir='ltr'>λημμὲνοι</span> <span class='ocrx_word' id='word_1_162' title='bbox 553 2424 720 2493; x_wconf 75' lang='grc' dir='ltr'>ζωῆς.</span> <span class='ocrx_word' id='word_1_163' title='bbox 752 2424 816 2478; x_wconf 87' lang='grc' dir='ltr'>Εί</span> <span class='ocrx_word' id='word_1_164' title='bbox 840 2427 1016 2479; x_wconf 86' lang='grc' dir='ltr'>τοίνυν</span> <span class='ocrx_word' id='word_1_165' title='bbox 1052 2428 1157 2481; x_wconf 78' lang='grc' dir='ltr'>ἀπὸ</span> <span class='ocrx_word' id='word_1_166' title='bbox 1179 2428 1573 2497; x_wconf 82' lang='grc' dir='ltr'>τῶνλογισμῶν</span> <span class='ocrx_word' id='word_1_167' title='bbox 1602 2432 1803 2483; x_wconf 81' lang='grc' dir='ltr'>τούτων</span> 
     </span>
    </p>
   </div>
   <div class='ocr_carea' id='block_1_27' title="bbox 240 2516 1802 2586">
    <p class='ocr_par' dir='ltr' id='par_1_27' title="bbox 240 2516 1802 2586">
     <span class='ocr_line' id='line_1_27' title="bbox 240 2516 1802 2586; baseline 0.006 -21"><span class='ocrx_word' id='word_1_168' title='bbox 240 2519 345 2581; x_wconf 76' lang='grc' dir='ltr'><strong>τὴν</strong></span> <span class='ocrx_word' id='word_1_169' title='bbox 378 2516 549 2585; x_wconf 84' lang='grc' dir='ltr'>καλὴν</span> <span class='ocrx_word' id='word_1_170' title='bbox 589 2517 960 2586; x_wconf 81' lang='grc' dir='ltr'>πλαττόμενον</span> <span class='ocrx_word' id='word_1_171' title='bbox 1015 2518 1209 2572; x_wconf 86' lang='grc' dir='ltr'>πλάσιν</span> <span class='ocrx_word' id='word_1_172' title='bbox 1252 2520 1441 2573; x_wconf 65' lang='grc' dir='ltr'>τοῦτον</span> <span class='ocrx_word' id='word_1_173' title='bbox 1474 2522 1802 2584; x_wconf 81' lang='grc' dir='ltr'>σκοποῦντες</span> 
     </span>
    </p>
   </div>
   <div class='ocr_carea' id='block_1_28' title="bbox 244 2607 1805 2681">
    <p class='ocr_par' dir='ltr' id='par_1_28' title="bbox 244 2607 1805 2681">
     <span class='ocr_line' id='line_1_28' title="bbox 244 2607 1805 2681; baseline 0.008 -24"><span class='ocrx_word' id='word_1_174' title='bbox 244 2607 556 2675; x_wconf 75' lang='grc' dir='ltr'>εὑρήσομεν</span> <span class='ocrx_word' id='word_1_175' title='bbox 601 2610 691 2661; x_wconf 73' lang='grc' dir='ltr'>τὸν</span> <span class='ocrx_word' id='word_1_176' title='bbox 729 2611 888 2678; x_wconf 71' lang='grc' dir='ltr'>χορδν</span> <span class='ocrx_word' id='word_1_177' title='bbox 931 2613 1021 2664; x_wconf 74' lang='grc' dir='ltr'><strong>καὶ</strong></span> <span class='ocrx_word' id='word_1_178' title='bbox 1070 2616 1192 2676; x_wconf 82' lang='grc' dir='ltr'>τοῦς</span> <span class='ocrx_word' id='word_1_179' title='bbox 1252 2615 1542 2681; x_wconf 72' lang='grc' dir='ltr'>στεφάνους</span> <span class='ocrx_word' id='word_1_180' title='bbox 1598 2617 1805 2669; x_wconf 80' lang='grc' dir='ltr'>ἐκεῖθεν</span> 
     </span>
    </p>
   </div>
   <div class='ocr_carea' id='block_1_29' title="bbox 245 2697 1804 2776">
    <p class='ocr_par' dir='ltr' id='par_1_29' title="bbox 245 2697 1804 2776">
     <span class='ocr_line' id='line_1_29' title="bbox 245 2697 1804 2776; baseline 0.008 -30"><span class='ocrx_word' id='word_1_181' title='bbox 245 2697 643 2766; x_wconf 74' lang='grc' dir='ltr'>πλεκομένους,</span> <span class='ocrx_word' id='word_1_182' title='bbox 681 2701 852 2753; x_wconf 78' lang='grc' dir='ltr'>ἅπασι</span> <span class='ocrx_word' id='word_1_183' title='bbox 901 2703 1057 2769; x_wconf 82' lang='grc' dir='ltr'>δῆλον</span> <span class='ocrx_word' id='word_1_184' title='bbox 1090 2704 1153 2754; x_wconf 86' lang='grc' dir='ltr'>ἂν</span> <span class='ocrx_word' id='word_1_185' title='bbox 1190 2705 1397 2769; x_wconf 78' lang='grc' dir='ltr'>γένοιτο</span> <span class='ocrx_word' id='word_1_186' title='bbox 1434 2708 1669 2769; x_wconf 72' lang='grc' dir='ltr'>πάντως,</span> <span class='ocrx_word' id='word_1_187' title='bbox 1705 2708 1804 2776; x_wconf 81' lang='grc' dir='ltr'><strong>τὴν</strong></span> 
     </span>
    </p>
   </div>
   <div class='ocr_carea' id='block_1_30' title="bbox 248 2787 1807 2864">
    <p class='ocr_par' dir='ltr' id='par_1_30' title="bbox 248 2787 1807 2864">
     <span class='ocr_line' id='line_1_30' title="bbox 248 2787 1807 2864; baseline 0.006 -28"><span class='ocrx_word' id='word_1_188' title='bbox 248 2787 381 2854; x_wconf 79' lang='grc' dir='ltr'>περὶ</span> <span class='ocrx_word' id='word_1_189' title='bbox 419 2788 667 2841; x_wconf 66' lang='grc' dir='ltr'><strong>τουτουσλ⁵</strong></span> <span class='ocrx_word' id='word_1_190' title='bbox 696 2790 823 2851; x_wconf 77' lang='grc' dir='ltr'>τοὺς</span> <span class='ocrx_word' id='word_1_191' title='bbox 863 2790 1055 2855; x_wconf 81' lang='grc' dir='ltr'>λόγους</span> <span class='ocrx_word' id='word_1_192' title='bbox 1103 2791 1384 2861; x_wconf 82' lang='grc' dir='ltr'>διατριϐὴν</span> <span class='ocrx_word' id='word_1_193' title='bbox 1431 2795 1525 2847; x_wconf 75' lang='grc' dir='ltr'><strong>καὶ</strong></span> <span class='ocrx_word' id='word_1_194' title='bbox 1579 2797 1807 2864; x_wconf 81' lang='grc' dir='ltr'>μελέτην</span> 
     </span>
    </p>
   </div>
   <div class='ocr_carea' id='block_1_31' title="bbox 246 2877 1808 2952">
    <p class='ocr_par' dir='ltr' id='par_1_31' title="bbox 246 2877 1808 2952">
     <span class='ocr_line' id='line_1_31' title="bbox 246 2877 1808 2952; baseline 0.007 -24"><span class='ocrx_word' id='word_1_195' title='bbox 246 2877 371 2929; x_wconf 73' lang='grc' dir='ltr'>ὁδὸν</span> <span class='ocrx_word' id='word_1_196' title='bbox 402 2879 615 2949; x_wconf 85' lang='grc' dir='ltr'>ἀσφαλῆ</span> <span class='ocrx_word' id='word_1_197' title='bbox 646 2882 740 2932; x_wconf 72' lang='grc' dir='ltr'><strong>καὶ</strong></span> <span class='ocrx_word' id='word_1_198' title='bbox 769 2880 1016 2934; x_wconf 83' lang='grc' dir='ltr'>διάϐασιν</span> <span class='ocrx_word' id='word_1_199' title='bbox 1043 2884 1134 2934; x_wconf 75' lang='grc' dir='ltr'>καὶ</span> <span class='ocrx_word' id='word_1_200' title='bbox 1174 2884 1417 2952; x_wconf 86' lang='grc' dir='ltr'>κλίμακα</span> <span class='ocrx_word' id='word_1_201' title='bbox 1445 2887 1539 2937; x_wconf 58' lang='grc' dir='ltr'><strong>καὶ¹</strong></span> <span class='ocrx_word' id='word_1_202' title='bbox 1568 2888 1594 2939; x_wconf 83' lang='grc' dir='ltr'>ὅ</span> <span class='ocrx_word' id='word_1_203' title='bbox 1644 2888 1693 2938; x_wconf 82' lang='grc' dir='ltr'><strong>τί</strong></span> <span class='ocrx_word' id='word_1_204' title='bbox 1728 2906 1808 2950; x_wconf 89' lang='grc' dir='ltr'><strong>τις</strong></span> 
     </span>
    </p>
   </div>
   <div class='ocr_carea' id='block_1_32' title="bbox 246 2967 1494 3045">
    <p class='ocr_par' dir='ltr' id='par_1_32' title="bbox 246 2967 1494 3045">
     <span class='ocr_line' id='line_1_32' title="bbox 246 2967 1494 3045; baseline 0.006 -25"><span class='ocrx_word' id='word_1_205' title='bbox 246 2968 319 3020; x_wconf 80' lang='grc' dir='ltr'>ἂν</span> <span class='ocrx_word' id='word_1_206' title='bbox 350 2967 513 3034; x_wconf 75' lang='grc' dir='ltr'>εἴποι,</span> <span class='ocrx_word' id='word_1_207' title='bbox 551 2970 687 3037; x_wconf 80' lang='grc' dir='ltr'>πρὸς</span> <span class='ocrx_word' id='word_1_208' title='bbox 725 2970 820 3040; x_wconf 76' lang='grc' dir='ltr'>τὴν</span> <span class='ocrx_word' id='word_1_209' title='bbox 851 2974 1126 3042; x_wconf 82' lang='grc' dir='ltr'>μακαρίαν</span> <span class='ocrx_word' id='word_1_210' title='bbox 1158 2970 1297 3027; x_wconf 70' lang='grc' dir='ltr'>εἶναι</span> <span class='ocrx_word' id='word_1_211' title='bbox 1331 2975 1494 3045; x_wconf 79' lang='grc' dir='ltr'>ζωήν.</span> 
     </span>
    </p>
   </div>
   <div class='ocr_carea' id='block_1_33' title="bbox 326 3059 1811 3137">
    <p class='ocr_par' dir='ltr' id='par_1_33' title="bbox 326 3059 1811 3137">
     <span class='ocr_line' id='line_1_33' title="bbox 326 3059 1811 3137; baseline 0.008 -27"><span class='ocrx_word' id='word_1_212' title='bbox 326 3059 531 3111; x_wconf 73' lang='grc' dir='ltr'>Αὐτίκα</span> <span class='ocrx_word' id='word_1_213' title='bbox 552 3062 702 3130; x_wconf 82' lang='grc' dir='ltr'>γάρή</span> <span class='ocrx_word' id='word_1_214' title='bbox 727 3062 783 3112; x_wconf 83' lang='grc' dir='ltr'>ἐν</span> <span class='ocrx_word' id='word_1_215' title='bbox 807 3062 1072 3131; x_wconf 80' lang='grc' dir='ltr'>πνεύματι</span> <span class='ocrx_word' id='word_1_216' title='bbox 1092 3066 1327 3134; x_wconf 73' lang='grc' dir='ltr'>πτωχεία</span> <span class='ocrx_word' id='word_1_217' title='bbox 1348 3068 1437 3118; x_wconf 74' lang='grc' dir='ltr'>καὶ</span> <span class='ocrx_word' id='word_1_218' title='bbox 1466 3086 1484 3119; x_wconf 76' lang='grc' dir='ltr'><strong>ι</strong></span> <span class='ocrx_word' id='word_1_219' title='bbox 1511 3068 1566 3119; x_wconf 73' lang='grc' dir='ltr'>τὸ</span> <span class='ocrx_word' id='word_1_220' title='bbox 1588 3069 1660 3136; x_wconf 82' lang='grc' dir='ltr'>μὴ</span> <span class='ocrx_word' id='word_1_221' title='bbox 1680 3087 1811 3137; x_wconf 86' lang='grc' dir='ltr'>φρο-</span> 
     </span>
    </p>
   </div>
   <div class='ocr_carea' id='block_1_34' title="bbox 246 3143 1883 3237">
    <p class='ocr_par' dir='ltr' id='par_1_34' title="bbox 246 3143 1883 3237">
     <span class='ocr_line' id='line_1_34' title="bbox 246 3143 1883 3237; baseline 0.01 -38"><span class='ocrx_word' id='word_1_222' title='bbox 246 3154 385 3211; x_wconf 85' lang='grc' dir='ltr'>νεῖν,</span> <span class='ocrx_word' id='word_1_223' title='bbox 463 3167 592 3218; x_wconf 88' lang='grc' dir='ltr'>φησι</span> <span class='ocrx_word' id='word_1_224' title='bbox 614 3152 1003 3222; x_wconf 71' lang='grc' dir='ltr'>Παῦλος,ζὺπὲρ</span> <span class='ocrx_word' id='word_1_225' title='bbox 1024 3153 1051 3204; x_wconf 86' lang='grc' dir='ltr'><strong>ὃ</strong></span> <span class='ocrx_word' id='word_1_226' title='bbox 1073 3154 1151 3237; x_wconf 79' lang='grc' dir='ltr'><strong>δεῖ</strong></span> <span class='ocrx_word' id='word_1_227' title='bbox 1168 3158 1402 3224; x_wconf 84' lang='grc' dir='ltr'>φρονεῖν,</span> <span class='ocrx_word' id='word_1_228' title='bbox 1424 3157 1557 3209; x_wconf 66' lang='grc' dir='ltr'>ἀλλὰ</span> <span class='ocrx_word' id='word_1_229' title='bbox 1592 3163 1806 3227; x_wconf 77' lang='grc' dir='ltr'>φρονεῖν</span> <span class='ocrx_word' id='word_1_230' title='bbox 1841 3161 1883 3215; x_wconf 88' lang='lat' dir='ltr'><strong>C</strong></span> 
     </span>
    </p>
   </div>
   <div class='ocr_carea' id='block_1_35' title="bbox 248 3241 1810 3318">
    <p class='ocr_par' dir='ltr' id='par_1_35' title="bbox 248 3241 1810 3318">
     <span class='ocr_line' id='line_1_35' title="bbox 248 3241 1810 3318; baseline 0.007 -28"><span class='ocrx_word' id='word_1_231' title='bbox 248 3242 333 3302; x_wconf 80' lang='grc' dir='ltr'>εἰς</span> <span class='ocrx_word' id='word_1_232' title='bbox 356 3241 414 3293; x_wconf 78' lang='grc' dir='ltr'><strong>τὸ</strong></span> <span class='ocrx_word' id='word_1_233' title='bbox 444 3246 762 3311; x_wconf 76' lang='grc' dir='ltr'>σωφρονεῖν,</span> <span class='ocrx_word' id='word_1_234' title='bbox 792 3262 810 3295; x_wconf 70' lang='grc' dir='ltr'><strong>ι</strong></span> <span class='ocrx_word' id='word_1_235' title='bbox 832 3244 989 3296; x_wconf 79' lang='grc' dir='ltr'>τίνων</span> <span class='ocrx_word' id='word_1_236' title='bbox 1011 3246 1203 3309; x_wconf 79' lang='grc' dir='ltr'>γένοιτ’</span> <span class='ocrx_word' id='word_1_237' title='bbox 1229 3246 1292 3298; x_wconf 78' lang='grc' dir='ltr'><strong>ἂν</strong></span> <span class='ocrx_word' id='word_1_238' title='bbox 1320 3247 1351 3315; x_wconf 85' lang='grc' dir='ltr'>ἢ</span> <span class='ocrx_word' id='word_1_239' title='bbox 1385 3247 1493 3300; x_wconf 89' lang='grc' dir='ltr'><strong>τῶν</strong></span> <span class='ocrx_word' id='word_1_240' title='bbox 1524 3248 1620 3318; x_wconf 81' lang='grc' dir='ltr'>τὴν</span> <span class='ocrx_word' id='word_1_241' title='bbox 1636 3250 1810 3317; x_wconf 81' lang='grc' dir='ltr'>Ἰησοῦ</span> 
     </span>
    </p>
   </div>
   <div class='ocr_carea' id='block_1_36' title="bbox 250 3326 1815 3411">
    <p class='ocr_par' dir='ltr' id='par_1_36' title="bbox 250 3326 1815 3411">
     <span class='ocr_line' id='line_1_36' title="bbox 250 3326 1815 3411; baseline 0.008 -29"><span class='ocrx_word' id='word_1_242' title='bbox 250 3333 532 3401; x_wconf 82' lang='grc' dir='ltr'>πτωχείαν</span> <span class='ocrx_word' id='word_1_243' title='bbox 563 3336 970 3403; x_wconf 74' lang='grc' dir='ltr'>ἑπισταμένωνς</span> <span class='ocrx_word' id='word_1_244' title='bbox 1007 3336 1062 3396; x_wconf 82' lang='grc' dir='ltr'>ὃς</span> <span class='ocrx_word' id='word_1_245' title='bbox 1095 3339 1189 3389; x_wconf 71' lang='grc' dir='ltr'><strong>καὶ</strong></span> <span class='ocrx_word' id='word_1_246' title='bbox 1238 3338 1449 3405; x_wconf 80' lang='grc' dir='ltr'>φύσεως</span> <span class='ocrx_word' id='word_1_247' title='bbox 1479 3341 1572 3391; x_wconf 85' lang='grc' dir='ltr'><strong>καί</strong></span> <span class='ocrx_word' id='word_1_248' title='bbox 1611 3326 1815 3411; x_wconf 77' lang='grc' dir='ltr'>διατρι-</span> 
     </span>
    </p>
   </div>
   <div class='ocr_carea' id='block_1_37' title="bbox 250 3423 1817 3501">
    <p class='ocr_par' dir='ltr' id='par_1_37' title="bbox 250 3423 1817 3501">
     <span class='ocr_line' id='line_1_37' title="bbox 250 3423 1817 3501; baseline 0.006 -27"><span class='ocrx_word' id='word_1_249' title='bbox 250 3423 367 3475; x_wconf 79' lang='grc' dir='ltr'><strong>ϐῶν</strong></span> <span class='ocrx_word' id='word_1_250' title='bbox 414 3425 641 3493; x_wconf 83' lang='grc' dir='ltr'>μετέσχε</span> <span class='ocrx_word' id='word_1_251' title='bbox 677 3428 789 3487; x_wconf 85' lang='grc' dir='ltr'>τοῖς</span> <span class='ocrx_word' id='word_1_252' title='bbox 839 3425 1044 3489; x_wconf 76' lang='grc' dir='ltr'>δούλοις</span> <span class='ocrx_word' id='word_1_253' title='bbox 1102 3429 1374 3497; x_wconf 82' lang='grc' dir='ltr'>Δεσπότης</span> <span class='ocrx_word' id='word_1_254' title='bbox 1407 3428 1501 3494; x_wconf 84' lang='grc' dir='ltr'><strong>ὢν,</strong></span> <span class='ocrx_word' id='word_1_255' title='bbox 1536 3431 1627 3482; x_wconf 69' lang='grc' dir='ltr'><strong>καὶ</strong></span> <span class='ocrx_word' id='word_1_256' title='bbox 1683 3432 1817 3501; x_wconf 77' lang='grc' dir='ltr'>σὰρξ</span> 
     </span>
    </p>
   </div>
   <div class='ocr_carea' id='block_1_38' title="bbox 252 3513 1819 3583">
    <p class='ocr_par' dir='ltr' id='par_1_38' title="bbox 252 3513 1819 3583">
     <span class='ocr_line' id='line_1_38' title="bbox 252 3513 1819 3583; baseline 0.008 -18"><span class='ocrx_word' id='word_1_257' title='bbox 252 3513 470 3580; x_wconf 75' lang='grc' dir='ltr'>ἐγένετο</span> <span class='ocrx_word' id='word_1_258' title='bbox 524 3516 653 3577; x_wconf 73' lang='grc' dir='ltr'>Θεὸς</span> <span class='ocrx_word' id='word_1_259' title='bbox 685 3515 779 3577; x_wconf 83' lang='grc' dir='ltr'>ὣν,</span> <span class='ocrx_word' id='word_1_260' title='bbox 827 3518 926 3570; x_wconf 75' lang='grc' dir='ltr'><strong>καὶ</strong></span> <span class='ocrx_word' id='word_1_261' title='bbox 974 3516 1167 3569; x_wconf 83' lang='grc' dir='ltr'>πενίαν</span> <span class='ocrx_word' id='word_1_262' title='bbox 1217 3520 1244 3570; x_wconf 87' lang='grc' dir='ltr'>ὁ</span> <span class='ocrx_word' id='word_1_263' title='bbox 1291 3520 1593 3583; x_wconf 74' lang='grc' dir='ltr'>πλουτίζων</span> <span class='ocrx_word' id='word_1_264' title='bbox 1646 3524 1819 3577; x_wconf 87' lang='grc' dir='ltr'>εῖλετο</span> 
     </span>
    </p>
   </div>
   <div class='ocr_carea' id='block_1_39' title="bbox 255 3605 1816 3679">
    <p class='ocr_par' dir='ltr' id='par_1_39' title="bbox 255 3605 1816 3679">
     <span class='ocr_line' id='line_1_39' title="bbox 255 3605 1816 3679; baseline 0.008 -23"><span class='ocrx_word' id='word_1_265' title='bbox 255 3606 351 3656; x_wconf 66' lang='grc' dir='ltr'><strong>καὶ</strong></span> <span class='ocrx_word' id='word_1_266' title='bbox 379 3605 608 3672; x_wconf 70' lang='grc' dir='ltr'>ἤνεγκεν</span> <span class='ocrx_word' id='word_1_267' title='bbox 638 3606 861 3672; x_wconf 86' lang='grc' dir='ltr'>ἀτιμίαν</span> <span class='ocrx_word' id='word_1_268' title='bbox 892 3609 919 3658; x_wconf 86' lang='grc' dir='ltr'>ὁ</span> <span class='ocrx_word' id='word_1_269' title='bbox 959 3609 1058 3678; x_wconf 77' lang='grc' dir='ltr'><strong>τῆς</strong></span> <span class='ocrx_word' id='word_1_270' title='bbox 1095 3609 1254 3677; x_wconf 79' lang='grc' dir='ltr'>δόξης</span> <span class='ocrx_word' id='word_1_271' title='bbox 1294 3610 1567 3679; x_wconf 79' lang='grc' dir='ltr'>βασιλεὺς,</span> <span class='ocrx_word' id='word_1_272' title='bbox 1599 3616 1691 3666; x_wconf 83' lang='grc' dir='ltr'>καὶ</span> <span class='ocrx_word' id='word_1_273' title='bbox 1718 3632 1816 3668; x_wconf 83' lang='grc' dir='ltr'>πε·</span> 
     </span>
    </p>
   </div>
   <div class='ocr_carea' id='block_1_40' title="bbox 256 3695 1818 3773">
    <p class='ocr_par' dir='ltr' id='par_1_40' title="bbox 256 3695 1818 3773">
     <span class='ocr_line' id='line_1_40' title="bbox 256 3695 1818 3773; baseline 0.01 -29"><span class='ocrx_word' id='word_1_274' title='bbox 256 3696 485 3764; x_wconf 79' lang='grc' dir='ltr'>ριήγετο</span> <span class='ocrx_word' id='word_1_275' title='bbox 521 3695 618 3763; x_wconf 81' lang='grc' dir='ltr'><strong>μὲν</strong></span> <span class='ocrx_word' id='word_1_276' title='bbox 674 3697 958 3763; x_wconf 78' lang='grc' dir='ltr'>δεδεμένος</span> <span class='ocrx_word' id='word_1_277' title='bbox 999 3702 1024 3750; x_wconf 86' lang='grc' dir='ltr'><strong>ό</strong></span> <span class='ocrx_word' id='word_1_278' title='bbox 1060 3699 1225 3762; x_wconf 77' lang='grc' dir='ltr'>λύσας</span> <span class='ocrx_word' id='word_1_279' title='bbox 1275 3700 1334 3753; x_wconf 73' lang='grc' dir='ltr'>τὸ</span> <span class='ocrx_word' id='word_1_280' title='bbox 1369 3703 1544 3769; x_wconf 79' lang='grc' dir='ltr'>γένος,</span> <span class='ocrx_word' id='word_1_281' title='bbox 1598 3709 1818 3773; x_wconf 74' lang='grc' dir='ltr'>γραφὴν</span> 
     </span>
    </p>
   </div>
   <div class='ocr_carea' id='block_1_41' title="bbox 254 3784 1817 3861">
    <p class='ocr_par' dir='ltr' id='par_1_41' title="bbox 254 3784 1817 3861">
     <span class='ocr_line' id='line_1_41' title="bbox 254 3784 1817 3861; baseline 0.007 -25"><span class='ocrx_word' id='word_1_282' title='bbox 254 3785 315 3837; x_wconf 84' lang='grc' dir='ltr'>δὲ</span> <span class='ocrx_word' id='word_1_283' title='bbox 347 3785 563 3848; x_wconf 77' lang='grc' dir='ltr'>ἐδέξατο</span> <span class='ocrx_word' id='word_1_284' title='bbox 602 3786 956 3854; x_wconf 83' lang='grc' dir='ltr'>παρανόμων,</span> <span class='ocrx_word' id='word_1_285' title='bbox 1008 3787 1066 3850; x_wconf 87' lang='grc' dir='ltr'>ὃς</span> <span class='ocrx_word' id='word_1_286' title='bbox 1098 3784 1263 3858; x_wconf 78' lang='grc' dir='ltr'>ἦλθεν</span> <span class='ocrx_word' id='word_1_287' title='bbox 1297 3790 1391 3843; x_wconf 71' lang='grc' dir='ltr'>ἐπὶ</span> <span class='ocrx_word' id='word_1_288' title='bbox 1422 3791 1481 3842; x_wconf 85' lang='grc' dir='ltr'>τὸ</span> <span class='ocrx_word' id='word_1_289' title='bbox 1528 3791 1817 3861; x_wconf 87' lang='grc' dir='ltr'>πληρῶσαι</span> 
     </span>
    </p>
   </div>
   <div class='ocr_carea' id='block_1_42' title="bbox 254 3872 1819 3953">
    <p class='ocr_par' dir='ltr' id='par_1_42' title="bbox 254 3872 1819 3953">
     <span class='ocr_line' id='line_1_42' title="bbox 254 3872 1819 3953; baseline 0.006 -27"><span class='ocrx_word' id='word_1_290' title='bbox 254 3874 349 3926; x_wconf 72' lang='grc' dir='ltr'><strong>τὸν</strong></span> <span class='ocrx_word' id='word_1_291' title='bbox 376 3872 557 3941; x_wconf 88' lang='grc' dir='ltr'>νόμον,</span> <span class='ocrx_word' id='word_1_292' title='bbox 611 3875 707 3927; x_wconf 72' lang='grc' dir='ltr'>καὶ</span> <span class='ocrx_word' id='word_1_293' title='bbox 750 3876 949 3943; x_wconf 83' lang='grc' dir='ltr'>κριτῶν</span> <span class='ocrx_word' id='word_1_294' title='bbox 994 3876 1254 3947; x_wconf 75' lang='grc' dir='ltr'>ἠνέσχετο</span> <span class='ocrx_word' id='word_1_295' title='bbox 1296 3880 1453 3949; x_wconf 83' lang='grc' dir='ltr'>δήμῳ</span> <span class='ocrx_word' id='word_1_296' title='bbox 1503 3885 1819 3953; x_wconf 77' lang='grc' dir='ltr'>μαινομένῳ</span> 
     </span>
    </p>
   </div>
   <div class='ocr_carea' id='block_1_43' title="bbox 255 3960 1819 4039">
    <p class='ocr_par' dir='ltr' id='par_1_43' title="bbox 255 3960 1819 4039">
     <span class='ocr_line' id='line_1_43' title="bbox 255 3960 1819 4039; baseline 0.008 -26"><span class='ocrx_word' id='word_1_297' title='bbox 255 3963 353 4013; x_wconf 69' lang='grc' dir='ltr'>καὶ</span> <span class='ocrx_word' id='word_1_298' title='bbox 385 3963 610 4028; x_wconf 86' lang='grc' dir='ltr'>φονῶντι</span> <span class='ocrx_word' id='word_1_299' title='bbox 640 3964 1031 4034; x_wconf 73' lang='grc' dir='ltr'>χαριζομένων,</span> <span class='ocrx_word' id='word_1_300' title='bbox 1059 3984 1077 4016; x_wconf 75' lang='grc' dir='ltr'><strong>ι</strong></span> <span class='ocrx_word' id='word_1_301' title='bbox 1109 3960 1261 4037; x_wconf 80' lang='grc' dir='ltr'>ᾧτὴν</span> <span class='ocrx_word' id='word_1_302' title='bbox 1287 3970 1466 4039; x_wconf 86' lang='grc' dir='ltr'>κρίσιν</span> <span class='ocrx_word' id='word_1_303' title='bbox 1484 3972 1660 4023; x_wconf 74' lang='grc' dir='ltr'>πᾶσαν</span> <span class='ocrx_word' id='word_1_304' title='bbox 1687 3973 1819 4025; x_wconf 77' lang='grc' dir='ltr'>ἔδω-</span> 
     </span>
    </p>
   </div>
   <div class='ocr_carea' id='block_1_44' title="bbox 255 4054 1821 4128">
    <p class='ocr_par' dir='ltr' id='par_1_44' title="bbox 255 4054 1821 4128">
     <span class='ocr_line' id='line_1_44' title="bbox 255 4054 1821 4128; baseline 0.006 -23"><span class='ocrx_word' id='word_1_305' title='bbox 255 4070 355 4105; x_wconf 85' lang='grc' dir='ltr'><strong>κεν</strong></span> <span class='ocrx_word' id='word_1_306' title='bbox 385 4054 410 4103; x_wconf 79' lang='grc' dir='ltr'><strong>ὁ</strong></span> <span class='ocrx_word' id='word_1_307' title='bbox 440 4054 627 4124; x_wconf 84' lang='grc' dir='ltr'>Πατήρ</span> <span class='ocrx_word' id='word_1_308' title='bbox 660 4068 675 4085; x_wconf 81' lang='grc'><strong>⁸</strong></span> <span class='ocrx_word' id='word_1_309' title='bbox 707 4073 724 4105; x_wconf 74' lang='grc' dir='ltr'><strong>ι</strong></span> <span class='ocrx_word' id='word_1_310' title='bbox 765 4054 950 4108; x_wconf 85' lang='grc' dir='ltr'>Ταῦτα</span> <span class='ocrx_word' id='word_1_311' title='bbox 990 4057 1109 4109; x_wconf 82' lang='grc' dir='ltr'>τίνα</span> <span class='ocrx_word' id='word_1_312' title='bbox 1155 4059 1253 4111; x_wconf 82' lang='grc' dir='ltr'><strong>οὐκ</strong></span> <span class='ocrx_word' id='word_1_313' title='bbox 1284 4057 1348 4113; x_wconf 83' lang='grc' dir='ltr'><strong>ἂν</strong></span> <span class='ocrx_word' id='word_1_314' title='bbox 1372 4062 1689 4128; x_wconf 83' lang='grc' dir='ltr'>κατενέγκοι</span> <span class='ocrx_word' id='word_1_315' title='bbox 1728 4063 1821 4115; x_wconf 86' lang='grc' dir='ltr'>τῦ-</span> 
     </span>
    </p>
   </div>
   <div class='ocr_carea' id='block_1_45' title="bbox 259 4147 1821 4224">
    <p class='ocr_par' dir='ltr' id='par_1_45' title="bbox 259 4147 1821 4224">
     <span class='ocr_line' id='line_1_45' title="bbox 259 4147 1821 4224; baseline 0.006 -27"><span class='ocrx_word' id='word_1_316' title='bbox 259 4147 395 4215; x_wconf 77' lang='grc' dir='ltr'>φονί</span> <span class='ocrx_word' id='word_1_317' title='bbox 441 4147 649 4210; x_wconf 73' lang='grc' dir='ltr'>Ἄλλως</span> <span class='ocrx_word' id='word_1_318' title='bbox 682 4164 741 4200; x_wconf 84' lang='grc' dir='ltr'><strong>τε</strong></span> <span class='ocrx_word' id='word_1_319' title='bbox 778 4148 877 4218; x_wconf 84' lang='grc' dir='ltr'>τῆς</span> <span class='ocrx_word' id='word_1_320' title='bbox 910 4150 1286 4220; x_wconf 70' lang='grc' dir='ltr'>ὑπερηφανίας</span> <span class='ocrx_word' id='word_1_321' title='bbox 1328 4152 1434 4204; x_wconf 81' lang='grc' dir='ltr'><strong>άπὸ</strong></span> <span class='ocrx_word' id='word_1_322' title='bbox 1473 4153 1579 4204; x_wconf 87' lang='grc' dir='ltr'><strong>τῶν</strong></span> <span class='ocrx_word' id='word_1_323' title='bbox 1623 4172 1821 4224; x_wconf 85' lang='grc' dir='ltr'>κατορ-</span> 
     </span>
    </p>
   </div>
   <div class='ocr_carea' id='block_1_46' title="bbox 258 4238 1820 4315">
    <p class='ocr_par' dir='ltr' id='par_1_46' title="bbox 258 4238 1820 4315">
     <span class='ocr_line' id='line_1_46' title="bbox 258 4238 1820 4315; baseline 0.005 -25"><span class='ocrx_word' id='word_1_324' title='bbox 258 4238 556 4305; x_wconf 83' lang='grc' dir='ltr'>θωμάτων,</span> <span class='ocrx_word' id='word_1_325' title='bbox 593 4240 722 4292; x_wconf 80' lang='grc' dir='ltr'>ὅταν</span> <span class='ocrx_word' id='word_1_326' title='bbox 757 4239 1120 4309; x_wconf 87' lang='grc' dir='ltr'>ὑπερϐάλλειν</span> <span class='ocrx_word' id='word_1_327' title='bbox 1149 4241 1399 4304; x_wconf 89' lang='grc' dir='ltr'>δοκῶσιν,</span> <span class='ocrx_word' id='word_1_328' title='bbox 1440 4245 1820 4315; x_wconf 81' lang='grc' dir='ltr'>ὲγειρομένης.</span> 
     </span>
    </p>
   </div>
   <div class='ocr_carea' id='block_1_47' title="bbox 258 4329 1821 4407">
    <p class='ocr_par' dir='ltr' id='par_1_47' title="bbox 258 4329 1821 4407">
     <span class='ocr_line' id='line_1_47' title="bbox 258 4329 1821 4407; baseline 0.004 -24"><span class='ocrx_word' id='word_1_329' title='bbox 258 4333 289 4383; x_wconf 84' lang='grc' dir='ltr'><strong>δ</strong></span> <span class='ocrx_word' id='word_1_330' title='bbox 326 4331 393 4381; x_wconf 75' lang='grc' dir='ltr'><strong>τὰ</strong></span> <span class='ocrx_word' id='word_1_331' title='bbox 417 4329 657 4401; x_wconf 80' lang='grc' dir='ltr'>Χριστοῦ</span> <span class='ocrx_word' id='word_1_332' title='bbox 693 4330 994 4400; x_wconf 77' lang='grc' dir='ltr'>μελετήσας</span> <span class='ocrx_word' id='word_1_333' title='bbox 1022 4332 1230 4385; x_wconf 75' lang='grc' dir='ltr'>εἵσεται</span> <span class='ocrx_word' id='word_1_334' title='bbox 1264 4335 1336 4403; x_wconf 83' lang='grc' dir='ltr'>μὴ</span> <span class='ocrx_word' id='word_1_335' title='bbox 1370 4336 1450 4387; x_wconf 84' lang='grc' dir='ltr'>ὅτι</span> <span class='ocrx_word' id='word_1_336' title='bbox 1487 4338 1650 4407; x_wconf 81' lang='grc' dir='ltr'>μηδὲν</span> <span class='ocrx_word' id='word_1_337' title='bbox 1683 4339 1821 4405; x_wconf 84' lang='grc' dir='ltr'>μέγα</span> 
     </span>
    </p>
   </div>
   <div class='ocr_carea' id='block_1_48' title="bbox 257 4416 1822 4493">
    <p class='ocr_par' dir='ltr' id='par_1_48' title="bbox 257 4416 1822 4493">
     <span class='ocr_line' id='line_1_48' title="bbox 257 4416 1822 4493; baseline 0.006 -24"><span class='ocrx_word' id='word_1_338' title='bbox 257 4417 664 4485; x_wconf 86' lang='grc' dir='ltr'>κατωρθωκὼς,</span> <span class='ocrx_word' id='word_1_339' title='bbox 692 4416 807 4471; x_wconf 86' lang='grc' dir='ltr'>ἀλλ’</span> <span class='ocrx_word' id='word_1_340' title='bbox 828 4419 938 4471; x_wconf 72' lang='grc' dir='ltr'>οὐδ’</span> <span class='ocrx_word' id='word_1_341' title='bbox 963 4420 1104 4489; x_wconf 82' lang='grc' dir='ltr'>ὑπὲρ</span> <span class='ocrx_word' id='word_1_342' title='bbox 1129 4420 1221 4475; x_wconf 87' lang='grc' dir='ltr'><strong>τοῦ</strong></span> <span class='ocrx_word' id='word_1_343' title='bbox 1244 4420 1471 4491; x_wconf 78' lang='grc' dir='ltr'>λυθῆναι</span> <span class='ocrx_word' id='word_1_344' title='bbox 1498 4426 1591 4492; x_wconf 82' lang='grc' dir='ltr'>τῆς</span> <span class='ocrx_word' id='word_1_345' title='bbox 1624 4425 1822 4493; x_wconf 85' lang='grc' dir='ltr'>αίχμα-</span> 
     </span>
    </p>
   </div>
   <div class='ocr_carea' id='block_1_49' title="bbox 256 4508 1819 4579">
    <p class='ocr_par' dir='ltr' id='par_1_49' title="bbox 256 4508 1819 4579">
     <span class='ocr_line' id='line_1_49' title="bbox 256 4508 1819 4579; baseline 0.004 -20"><span class='ocrx_word' id='word_1_346' title='bbox 256 4508 466 4569; x_wconf 76' lang='grc' dir='ltr'>λωσίας</span> <span class='ocrx_word' id='word_1_347' title='bbox 493 4508 656 4569; x_wconf 82' lang='grc' dir='ltr'>αὐτὸς</span> <span class='ocrx_word' id='word_1_348' title='bbox 685 4511 1015 4576; x_wconf 82' lang='grc' dir='ltr'>εἰσενεγκεῖν</span> <span class='ocrx_word' id='word_1_349' title='bbox 1048 4510 1203 4562; x_wconf 72' lang='grc' dir='ltr'>οὐδὲν</span> <span class='ocrx_word' id='word_1_350' title='bbox 1230 4510 1497 4579; x_wconf 71' lang='grc' dir='ltr'>δυνηθεὶς,</span> <span class='ocrx_word' id='word_1_351' title='bbox 1521 4514 1578 4574; x_wconf 79' lang='grc' dir='ltr'>ὅς</span> <span class='ocrx_word' id='word_1_352' title='bbox 1604 4530 1665 4578; x_wconf 87' lang='grc' dir='ltr'><strong>γε</strong></span> <span class='ocrx_word' id='word_1_353' title='bbox 1701 4514 1819 4565; x_wconf 75' lang='grc' dir='ltr'>οὐδὲ</span> 
     </span>
    </p>
   </div>
   <div class='ocr_carea' id='block_1_50' title="bbox 263 4596 1807 4671">
    <p class='ocr_par' dir='ltr' id='par_1_50' title="bbox 263 4596 1807 4671">
     <span class='ocr_line' id='line_1_50' title="bbox 263 4596 1807 4671; baseline 0.005 -25"><span class='ocrx_word' id='word_1_354' title='bbox 263 4596 405 4665; x_wconf 85' lang='grc' dir='ltr'><strong>μετά</strong></span> <span class='ocrx_word' id='word_1_355' title='bbox 439 4597 501 4647; x_wconf 84' lang='grc' dir='ltr'><strong>τὸ</strong></span> <span class='ocrx_word' id='word_1_356' title='bbox 530 4597 759 4664; x_wconf 79' lang='grc' dir='ltr'>λυθῆναι</span> <span class='ocrx_word' id='word_1_357' title='bbox 806 4597 979 4650; x_wconf 90' lang='grc' dir='ltr'>σῶσαι</span> <span class='ocrx_word' id='word_1_358' title='bbox 1028 4598 1277 4666; x_wconf 75' lang='grc' dir='ltr'>καθαρὰν</span> <span class='ocrx_word' id='word_1_359' title='bbox 1328 4602 1425 4668; x_wconf 82' lang='grc' dir='ltr'>τὴν</span> <span class='ocrx_word' id='word_1_360' title='bbox 1475 4601 1807 4671; x_wconf 76' lang='grc' dir='ltr'>ἐλευθερίαν.</span> 
     </span>
    </p>
   </div>
   <div class='ocr_carea' id='block_1_51' title="bbox 273 4685 1825 4761">
    <p class='ocr_par' dir='ltr' id='par_1_51' title="bbox 273 4685 1825 4761">
     <span class='ocr_line' id='line_1_51' title="bbox 273 4685 1825 4761; baseline 0.005 -25"><span class='ocrx_word' id='word_1_361' title='bbox 273 4687 336 4737; x_wconf 84' lang='grc' dir='ltr'>Ὀ</span> <span class='ocrx_word' id='word_1_362' title='bbox 381 4686 477 4754; x_wconf 78' lang='grc' dir='ltr'><strong>μὲν</strong></span> <span class='ocrx_word' id='word_1_363' title='bbox 520 4686 628 4753; x_wconf 81' lang='grc' dir='ltr'>γὰρ</span> <span class='ocrx_word' id='word_1_364' title='bbox 681 4685 774 4738; x_wconf 90' lang='grc' dir='ltr'><strong>τοῦ</strong></span> <span class='ocrx_word' id='word_1_365' title='bbox 824 4687 1053 4755; x_wconf 77' lang='grc' dir='ltr'>αἵματος</span> <span class='ocrx_word' id='word_1_366' title='bbox 1092 4689 1237 4755; x_wconf 75' lang='grc' dir='ltr'>ἡμᾶς</span> <span class='ocrx_word' id='word_1_367' title='bbox 1268 4691 1495 4759; x_wconf 77' lang='grc' dir='ltr'>ἐπρίατο</span> <span class='ocrx_word' id='word_1_368' title='bbox 1529 4694 1619 4742; x_wconf 76' lang='grc' dir='ltr'><strong>καὶ</strong></span> <span class='ocrx_word' id='word_1_369' title='bbox 1684 4710 1825 4761; x_wconf 88' lang='grc' dir='ltr'>παρ-</span> 
     </span>
    </p>
   </div>
   <div class='ocr_carea' id='block_1_52' title="bbox 258 4775 1825 4850">
    <p class='ocr_par' dir='ltr' id='par_1_52' title="bbox 258 4775 1825 4850">
     <span class='ocr_line' id='line_1_52' title="bbox 258 4775 1825 4850; baseline 0.003 -20"><span class='ocrx_word' id='word_1_370' title='bbox 258 4778 424 4845; x_wconf 81' lang='grc' dir='ltr'>ἐσχεν</span> <span class='ocrx_word' id='word_1_371' title='bbox 450 4777 582 4844; x_wconf 83' lang='grc' dir='ltr'>ἡμῖν</span> <span class='ocrx_word' id='word_1_372' title='bbox 616 4775 755 4828; x_wconf 75' lang='grc' dir='ltr'>οὕτω</span> <span class='ocrx_word' id='word_1_373' title='bbox 802 4778 1040 4845; x_wconf 81' lang='grc' dir='ltr'>μεγάλου</span> <span class='ocrx_word' id='word_1_374' title='bbox 1088 4781 1434 4847; x_wconf 85' lang='grc' dir='ltr'>κτησάμενος</span> <span class='ocrx_word' id='word_1_375' title='bbox 1465 4782 1562 4850; x_wconf 83' lang='grc' dir='ltr'>τὴν</span> <span class='ocrx_word' id='word_1_376' title='bbox 1612 4783 1825 4834; x_wconf 75' lang='grc' dir='ltr'>ἐλευθε-</span> 
     </span>
    </p>
   </div>
   <div class='ocr_carea' id='block_1_53' title="bbox 265 4861 1823 4937">
    <p class='ocr_par' dir='ltr' id='par_1_53' title="bbox 265 4861 1823 4937">
     <span class='ocr_line' id='line_1_53' title="bbox 265 4861 1823 4937; baseline 0.006 -23"><span class='ocrx_word' id='word_1_377' title='bbox 265 4864 392 4933; x_wconf 81' lang='grc' dir='ltr'>ρίαν</span> <span class='ocrx_word' id='word_1_378' title='bbox 411 4876 427 4894; x_wconf 87' lang='grc'>⁶</span> <span class='ocrx_word' id='word_1_379' title='bbox 449 4863 533 4926; x_wconf 86' lang='grc' dir='ltr'><strong>τίς</strong></span> <span class='ocrx_word' id='word_1_380' title='bbox 552 4863 609 4915; x_wconf 80' lang='grc' dir='ltr'>δὲ</span> <span class='ocrx_word' id='word_1_381' title='bbox 630 4863 737 4915; x_wconf 87' lang='grc' dir='ltr'><strong>τῶν</strong></span> <span class='ocrx_word' id='word_1_382' title='bbox 765 4863 1034 4917; x_wconf 79' lang='grc' dir='ltr'>λυθέντων</span> <span class='ocrx_word' id='word_1_383' title='bbox 1054 4866 1136 4932; x_wconf 81' lang='grc' dir='ltr'>ἐφ’</span> <span class='ocrx_word' id='word_1_384' title='bbox 1158 4861 1235 4927; x_wconf 79' lang='grc' dir='ltr'>οἷς</span> <span class='ocrx_word' id='word_1_385' title='bbox 1268 4868 1487 4937; x_wconf 76' lang='grc' dir='ltr'>εἴληφεν</span> <span class='ocrx_word' id='word_1_386' title='bbox 1516 4870 1696 4937; x_wconf 75' lang='grc' dir='ltr'>ἔμεινε</span> <span class='ocrx_word' id='word_1_387' title='bbox 1729 4874 1823 4924; x_wconf 71' lang='grc' dir='ltr'><strong>καὶ</strong></span> 
     </span>
    </p>
   </div>
   <div class='ocr_carea' id='block_1_54' title="bbox 260 4955 1818 5030">
    <p class='ocr_par' dir='ltr' id='par_1_54' title="bbox 260 4955 1818 5030">
     <span class='ocr_line' id='line_1_54' title="bbox 260 4955 1818 5030; baseline 0.003 -22"><span class='ocrx_word' id='word_1_388' title='bbox 260 4955 357 5008; x_wconf 73' lang='grc' dir='ltr'>τὸν</span> <span class='ocrx_word' id='word_1_389' title='bbox 384 4955 749 5022; x_wconf 76' lang='grc' dir='ltr'>πνευματικὸν</span> <span class='ocrx_word' id='word_1_390' title='bbox 780 4955 1001 5008; x_wconf 81' lang='grc' dir='ltr'>πλοῦτον</span> <span class='ocrx_word' id='word_1_391' title='bbox 1044 4959 1133 5010; x_wconf 65' lang='grc' dir='ltr'><strong>διὰ</strong></span> <span class='ocrx_word' id='word_1_392' title='bbox 1184 4960 1364 5019; x_wconf 81' lang='grc' dir='ltr'>τέλους</span> <span class='ocrx_word' id='word_1_393' title='bbox 1418 4960 1611 5013; x_wconf 75' lang='grc' dir='ltr'>ἄσυλον</span> <span class='ocrx_word' id='word_1_394' title='bbox 1643 4963 1818 5030; x_wconf 81' lang='grc' dir='ltr'>ἔσχεν,</span> 
     </span>
    </p>
   </div>
   <div class='ocr_carea' id='block_1_55' title="bbox 261 5040 1826 5122">
    <p class='ocr_par' dir='ltr' id='par_1_55' title="bbox 261 5040 1826 5122">
     <span class='ocr_line' id='line_1_55' title="bbox 261 5040 1826 5122; baseline 0.005 -24"><span class='ocrx_word' id='word_1_395' title='bbox 261 5040 406 5098; x_wconf 80' lang='grc' dir='ltr'>ἀλλὰ</span> <span class='ocrx_word' id='word_1_396' title='bbox 433 5044 507 5115; x_wconf 83' lang='grc' dir='ltr'>μὴ</span> <span class='ocrx_word' id='word_1_397' title='bbox 529 5044 687 5097; x_wconf 89' lang='grc' dir='ltr'>τοῦτο</span> <span class='ocrx_word' id='word_1_398' title='bbox 721 5046 861 5112; x_wconf 80' lang='grc' dir='ltr'>μέγα</span> <span class='ocrx_word' id='word_1_399' title='bbox 884 5048 1261 5117; x_wconf 84' lang='grc' dir='ltr'>κατωρθωκὼς</span> <span class='ocrx_word' id='word_1_400' title='bbox 1284 5051 1539 5120; x_wconf 67' lang='grc' dir='ltr'>ἐνομίσθη</span> <span class='ocrx_word' id='word_1_401' title='bbox 1564 5053 1631 5102; x_wconf 67' lang='grc' dir='ltr'>τὰ</span> <span class='ocrx_word' id='word_1_402' title='bbox 1656 5057 1826 5122; x_wconf 73' lang='grc' dir='ltr'>μικρὰ</span> 
     </span>
    </p>
   </div>
   <div class='ocr_carea' id='block_1_56' title="bbox 264 5135 1827 5209">
    <p class='ocr_par' dir='ltr' id='par_1_56' title="bbox 264 5135 1827 5209">
     <span class='ocr_line' id='line_1_56' title="bbox 264 5135 1827 5209; baseline 0.004 -22"><span class='ocrx_word' id='word_1_403' title='bbox 264 5135 410 5203; x_wconf 81' lang='grc' dir='ltr'>πρὸς</span> <span class='ocrx_word' id='word_1_404' title='bbox 439 5136 538 5201; x_wconf 79' lang='grc' dir='ltr'>τὴν</span> <span class='ocrx_word' id='word_1_405' title='bbox 568 5136 728 5203; x_wconf 84' lang='grc' dir='ltr'>χάριν</span> <span class='ocrx_word' id='word_1_406' title='bbox 760 5135 1123 5205; x_wconf 75' lang='grc' dir='ltr'>ἐξαμαρτεῑνς</span> <span class='ocrx_word' id='word_1_407' title='bbox 1158 5140 1222 5190; x_wconf 87' lang='grc' dir='ltr'>Τί</span> <span class='ocrx_word' id='word_1_408' title='bbox 1261 5141 1440 5191; x_wconf 89' lang='grc' dir='ltr'>τοίνυν</span> <span class='ocrx_word' id='word_1_409' title='bbox 1478 5143 1609 5209; x_wconf 80' lang='grc' dir='ltr'>ἡμῖν</span> <span class='ocrx_word' id='word_1_410' title='bbox 1647 5143 1827 5204; x_wconf 82' lang='grc' dir='ltr'>αὑτοῖς</span> 
     </span>
    </p>
   </div>
   <div class='ocr_carea' id='block_1_57' title="bbox 266 5225 1831 5299">
    <p class='ocr_par' dir='ltr' id='par_1_57' title="bbox 266 5225 1831 5299">
     <span class='ocr_line' id='line_1_57' title="bbox 266 5225 1831 5299; baseline 0.003 -20"><span class='ocrx_word' id='word_1_411' title='bbox 266 5226 566 5279; x_wconf 86' lang='grc' dir='ltr'>συνειδόσιν</span> <span class='ocrx_word' id='word_1_412' title='bbox 595 5225 825 5295; x_wconf 81' lang='grc' dir='ltr'>ὑπάρξει</span> <span class='ocrx_word' id='word_1_413' title='bbox 860 5229 1001 5294; x_wconf 82' lang='grc' dir='ltr'>μέγα</span> <span class='ocrx_word' id='word_1_414' title='bbox 1034 5232 1271 5297; x_wconf 86' lang='grc' dir='ltr'>φρονεῖν.</span> <span class='ocrx_word' id='word_1_415' title='bbox 1308 5226 1385 5291; x_wconf 72' lang='grc' dir='ltr'><strong>οἷς</strong></span> <span class='ocrx_word' id='word_1_416' title='bbox 1418 5233 1449 5299; x_wconf 81' lang='grc' dir='ltr'>ἡ</span> <span class='ocrx_word' id='word_1_417' title='bbox 1491 5232 1589 5298; x_wconf 81' lang='grc' dir='ltr'>μὲν</span> <span class='ocrx_word' id='word_1_418' title='bbox 1620 5232 1766 5284; x_wconf 76' lang='grc' dir='ltr'>οἵκοθ</span> <span class='ocrx_word' id='word_1_419' title='bbox 1803 5250 1831 5284; x_wconf 93' lang='grc' dir='ltr'><strong>ν</strong></span> 
     </span>
    </p>
   </div>
   <div class='ocr_carea' id='block_1_58' title="bbox 265 5316 1827 5388">
    <p class='ocr_par' dir='ltr' id='par_1_58' title="bbox 265 5316 1827 5388">
     <span class='ocr_line' id='line_1_58' title="bbox 265 5316 1827 5388; baseline 0.004 -20"><span class='ocrx_word' id='word_1_420' title='bbox 265 5316 441 5384; x_wconf 80' lang='grc' dir='ltr'>ἁρετὴ</span> <span class='ocrx_word' id='word_1_421' title='bbox 467 5316 533 5367; x_wconf 83' lang='grc' dir='ltr'>δι’</span> <span class='ocrx_word' id='word_1_422' title='bbox 569 5316 766 5383; x_wconf 79' lang='grc' dir='ltr'>ἑαυτὴν</span> <span class='ocrx_word' id='word_1_423' title='bbox 798 5317 937 5385; x_wconf 76' lang='grc' dir='ltr'>αὑτὴ</span> <span class='ocrx_word' id='word_1_424' title='bbox 970 5320 1101 5387; x_wconf 71' lang='grc' dir='ltr'>πρὸς</span> <span class='ocrx_word' id='word_1_425' title='bbox 1134 5319 1287 5371; x_wconf 73' lang='grc' dir='ltr'>οὐδὲν</span> <span class='ocrx_word' id='word_1_426' title='bbox 1330 5320 1487 5388; x_wconf 83' lang='grc' dir='ltr'>φέρει</span> <span class='ocrx_word' id='word_1_427' title='bbox 1516 5322 1827 5385; x_wconf 76' lang='grc' dir='ltr'>λυσιτελές;</span> 
     </span>
    </p>
   </div>
   <div class='ocr_carea' id='block_1_59' title="bbox 264 5406 1833 5477">
    <p class='ocr_par' dir='ltr' id='par_1_59' title="bbox 264 5406 1833 5477">
     <span class='ocr_line' id='line_1_59' title="bbox 264 5406 1833 5477; baseline 0.001 -18"><span class='ocrx_word' id='word_1_428' title='bbox 264 5406 324 5459; x_wconf 79' lang='grc' dir='ltr'><strong>εί</strong></span> <span class='ocrx_word' id='word_1_429' title='bbox 355 5422 409 5456; x_wconf 80' lang='grc' dir='ltr'><strong>τι</strong></span> <span class='ocrx_word' id='word_1_430' title='bbox 460 5406 507 5457; x_wconf 80' lang='grc' dir='ltr'>δ’</span> <span class='ocrx_word' id='word_1_431' title='bbox 556 5406 761 5458; x_wconf 70' lang='grc' dir='ltr'>ἔνεστιν</span> <span class='ocrx_word' id='word_1_432' title='bbox 793 5406 1042 5475; x_wconf 81' lang='grc' dir='ltr'>ἀληθινὸν</span> <span class='ocrx_word' id='word_1_433' title='bbox 1091 5408 1314 5475; x_wconf 76' lang='grc' dir='ltr'>ἀγαθὸν,</span> <span class='ocrx_word' id='word_1_434' title='bbox 1363 5412 1389 5459; x_wconf 81' lang='grc' dir='ltr'>ὁ</span> <span class='ocrx_word' id='word_1_435' title='bbox 1434 5410 1567 5471; x_wconf 81' lang='grc' dir='ltr'>Θεὸς</span> <span class='ocrx_word' id='word_1_436' title='bbox 1610 5411 1833 5477; x_wconf 72' lang='grc' dir='ltr'>ἐνέθηκε</span> 
     </span>
    </p>
   </div>
   <div class='ocr_carea' id='block_1_60' title="bbox 272 5494 1835 5565">
    <p class='ocr_par' dir='ltr' id='par_1_60' title="bbox 272 5494 1835 5565">
     <span class='ocr_line' id='line_1_60' title="bbox 272 5494 1835 5565; baseline 0.004 -21"><span class='ocrx_word' id='word_1_437' title='bbox 272 5495 449 5563; x_wconf 82' lang='grc' dir='ltr'>μηδὲν</span> <span class='ocrx_word' id='word_1_438' title='bbox 480 5496 1090 5565; x_wconf 79' lang='grc' dir='ltr'>πραγματευσαμένοις,</span> <span class='ocrx_word' id='word_1_439' title='bbox 1124 5502 1217 5549; x_wconf 74' lang='grc' dir='ltr'><strong>καὶ</strong></span> <span class='ocrx_word' id='word_1_440' title='bbox 1247 5498 1365 5551; x_wconf 75' lang='grc' dir='ltr'>οὐδὲ</span> <span class='ocrx_word' id='word_1_441' title='bbox 1393 5494 1555 5552; x_wconf 77' lang='grc' dir='ltr'>αὑτὸν</span> <span class='ocrx_word' id='word_1_442' title='bbox 1586 5498 1715 5564; x_wconf 87' lang='grc' dir='ltr'>γοῦν</span> <span class='ocrx_word' id='word_1_443' title='bbox 1744 5501 1835 5551; x_wconf 56' lang='grc' dir='ltr'><strong>τὸν</strong></span> 
     </span>
    </p>
   </div>
   <div class='ocr_carea' id='block_1_61' title="bbox 270 5583 1834 5657">
    <p class='ocr_par' dir='ltr' id='par_1_61' title="bbox 270 5583 1834 5657">
     <span class='ocr_line' id='line_1_61' title="bbox 270 5583 1834 5657; baseline -0.001 -19"><span class='ocrx_word' id='word_1_444' title='bbox 270 5583 475 5648; x_wconf 63' lang='grc' dir='ltr'>ἔξωθεν</span> <span class='ocrx_word' id='word_1_445' title='bbox 508 5584 790 5638; x_wconf 69' lang='grc' dir='ltr'>ἐντεθέντα.</span> <span class='ocrx_word' id='word_1_446' title='bbox 845 5585 1073 5639; x_wconf 84' lang='grc' dir='ltr'>πλοῦτον</span> <span class='ocrx_word' id='word_1_447' title='bbox 1112 5587 1321 5656; x_wconf 72' lang='grc' dir='ltr'>ἀψύχου</span> <span class='ocrx_word' id='word_1_448' title='bbox 1372 5589 1647 5657; x_wconf 86' lang='grc' dir='ltr'>θησαυροῦ</span> <span class='ocrx_word' id='word_1_449' title='bbox 1678 5590 1834 5657; x_wconf 79' lang='grc' dir='ltr'>δίκην</span> 
     </span>
    </p>
   </div>
   <div class='ocr_carea' id='block_1_62' title="bbox 343 5754 1431 5826">
    <p class='ocr_par' dir='ltr' id='par_1_62' title="bbox 343 5754 1431 5826">
     <span class='ocr_line' id='line_1_62' title="bbox 343 5754 1431 5826; baseline -0.004 -12"><span class='ocrx_word' id='word_1_450' title='bbox 343 5762 394 5797; x_wconf 71' lang='grc'><strong><em>⁸⁵</em></strong></span> <span class='ocrx_word' id='word_1_451' title='bbox 424 5760 614 5815; x_wconf 74' lang='lat' dir='ltr'><strong>Matth.</strong></span> <span class='ocrx_word' id='word_1_452' title='bbox 652 5776 704 5824; x_wconf 90' lang='lat' dir='ltr'><strong>v,</strong></span> <span class='ocrx_word' id='word_1_453' title='bbox 738 5760 885 5815; x_wconf 76' lang='lat' dir='ltr'><strong>3-H.</strong></span> <span class='ocrx_word' id='word_1_454' title='bbox 966 5760 1010 5790; x_wconf 81' lang='grc'><strong>’⁸</strong></span> <span class='ocrx_word' id='word_1_455' title='bbox 1054 5754 1208 5814; x_wconf 80' lang='lat' dir='ltr'><strong>Rem.</strong></span> <span class='ocrx_word' id='word_1_456' title='bbox 1249 5777 1344 5826; x_wconf 81' lang='lat' dir='ltr'><strong>xu,</strong></span> <span class='ocrx_word' id='word_1_457' title='bbox 1378 5762 1431 5813; x_wconf 70' lang='lat'><strong>75.</strong></span> 
     </span>
    </p>
   </div>
   <div class='ocr_carea' id='block_1_63' title="bbox 1669 1792 1870 1890">
    <p class='ocr_par' dir='ltr' id='par_1_63' title="bbox 1669 1792 1870 1890">
     <span class='ocr_line' id='line_1_63' title="bbox 1669 1792 1870 1890; baseline 0.005 -48"><span class='ocrx_word' id='word_1_458' title='bbox 1669 1792 1793 1853; x_wconf 70' lang='grc' dir='ltr'>τοὺς</span> <span class='ocrx_word' id='word_1_459' title='bbox 1824 1833 1870 1890; x_wconf 80' lang='grc' dir='ltr'><strong>Β</strong></span> 
     </span>
    </p>
   </div>
   <div class='ocr_carea' id='block_1_64' title="bbox 1883 592 3453 673">
    <p class='ocr_par' dir='ltr' id='par_1_64' title="bbox 1883 592 3453 673">
     <span class='ocr_line' id='line_1_64' title="bbox 1883 592 3453 673; baseline -0.01 -14"><span class='ocrx_word' id='word_1_460' title='bbox 1883 620 1999 659; x_wconf 89' lang='lat' dir='ltr'><strong>mas</strong></span> <span class='ocrx_word' id='word_1_461' title='bbox 2036 605 2394 673; x_wconf 80' lang='lat' dir='ltr'><strong>ingencrant;</strong></span> <span class='ocrx_word' id='word_1_462' title='bbox 2447 610 2500 656; x_wconf 89' lang='lat' dir='ltr'><strong>et</strong></span> <span class='ocrx_word' id='word_1_463' title='bbox 2535 609 2747 660; x_wconf 87' lang='lat' dir='ltr'><strong>contra,</strong></span> <span class='ocrx_word' id='word_1_464' title='bbox 2801 598 2929 651; x_wconf 89' lang='lat' dir='ltr'><strong>mali</strong></span> <span class='ocrx_word' id='word_1_465' title='bbox 2982 597 3257 650; x_wconf 69' lang='lat' dir='ltr'><strong>dmmones</strong></span> <span class='ocrx_word' id='word_1_466' title='bbox 3314 592 3453 645; x_wconf 74' lang='lat' dir='ltr'><strong>[teda</strong></span> 
     </span>
    </p>
   </div>
   <div class='ocr_carea' id='block_1_65' title="bbox 1883 682 3457 754">
    <p class='ocr_par' dir='ltr' id='par_1_65' title="bbox 1883 682 3457 754">
     <span class='ocr_line' id='line_1_65' title="bbox 1883 682 3457 754; baseline -0.009 -5"><span class='ocrx_word' id='word_1_467' title='bbox 1883 696 2176 750; x_wconf 87' lang='lat' dir='ltr'><strong>simulacra</strong></span> <span class='ocrx_word' id='word_1_468' title='bbox 2213 695 2359 747; x_wconf 88' lang='lat' dir='ltr'><strong>intus</strong></span> <span class='ocrx_word' id='word_1_469' title='bbox 2388 692 2648 754; x_wconf 85' lang='lat' dir='ltr'><strong>excitant,</strong></span> <span class='ocrx_word' id='word_1_470' title='bbox 2684 700 2743 743; x_wconf 90' lang='lat' dir='ltr'><strong>ut</strong></span> <span class='ocrx_word' id='word_1_471' title='bbox 2774 690 2873 742; x_wconf 87' lang='lat' dir='ltr'><strong>ista</strong></span> <span class='ocrx_word' id='word_1_472' title='bbox 2912 688 3016 749; x_wconf 90' lang='lat' dir='ltr'><strong>via,</strong></span> <span class='ocrx_word' id='word_1_473' title='bbox 3056 687 3108 737; x_wconf 88' lang='lat' dir='ltr'><strong>hi</strong></span> <span class='ocrx_word' id='word_1_474' title='bbox 3161 684 3224 735; x_wconf 87' lang='lat' dir='ltr'><strong>ad</strong></span> <span class='ocrx_word' id='word_1_475' title='bbox 3262 682 3457 751; x_wconf 87' lang='lat' dir='ltr'><strong>turpis-</strong></span> 
     </span>
    </p>
   </div>
   <div class='ocr_carea' id='block_1_66' title="bbox 1884 781 3265 851">
    <p class='ocr_par' dir='ltr' id='par_1_66' title="bbox 1884 781 3265 851">
     <span class='ocr_line' id='line_1_66' title="bbox 1884 781 3265 851; baseline -0.009 -12"><span class='ocrx_word' id='word_1_476' title='bbox 1884 786 2042 851; x_wconf 84' lang='lat' dir='ltr'><strong>sima,</strong></span> <span class='ocrx_word' id='word_1_477' title='bbox 2077 786 2153 838; x_wconf 86' lang='lat' dir='ltr'><strong>illi</strong></span> <span class='ocrx_word' id='word_1_478' title='bbox 2184 785 2249 837; x_wconf 88' lang='lat' dir='ltr'><strong>ad</strong></span> <span class='ocrx_word' id='word_1_479' title='bbox 2278 781 2660 837; x_wconf 89' lang='lat' dir='ltr'><strong>honestissima</strong></span> <span class='ocrx_word' id='word_1_480' title='bbox 2694 781 2899 849; x_wconf 79' lang='lat' dir='ltr'><strong>agenda</strong></span> <span class='ocrx_word' id='word_1_481' title='bbox 2949 784 3265 845; x_wconf 75' lang='lat' dir='ltr'><strong>pt‘ovocmt.</strong></span> 
     </span>
    </p>
   </div>
   <div class='ocr_carea' id='block_1_67' title="bbox 1956 950 3459 1027">
    <p class='ocr_par' dir='ltr' id='par_1_67' title="bbox 1956 950 3459 1027">
     <span class='ocr_line' id='line_1_67' title="bbox 1956 950 3459 1027; baseline -0.013 -11"><span class='ocrx_word' id='word_1_482' title='bbox 1956 961 2048 1016; x_wconf 82' lang='lat' dir='ltr'><strong>Est</strong></span> <span class='ocrx_word' id='word_1_483' title='bbox 2080 960 2243 1027; x_wconf 73' lang='lat' dir='ltr'><strong>igitur</strong></span> <span class='ocrx_word' id='word_1_484' title='bbox 2274 958 2539 1027; x_wconf 86' lang='lat' dir='ltr'><strong>cujusque</strong></span> <span class='ocrx_word' id='word_1_485' title='bbox 2572 956 2799 1009; x_wconf 78' lang='lat' dir='ltr'><strong>laudatae</strong></span> <span class='ocrx_word' id='word_1_486' title='bbox 2841 950 3207 1006; x_wconf 71' lang='lat' dir='ltr'><strong>meditationis</strong></span> <span class='ocrx_word' id='word_1_487' title='bbox 3258 950 3459 1008; x_wconf 65' lang='lat' dir='ltr'><strong>videre,</strong></span> 
     </span>
    </p>
   </div>
   <div class='ocr_carea' id='block_1_68' title="bbox 1889 1040 3461 1119">
    <p class='ocr_par' dir='ltr' id='par_1_68' title="bbox 1889 1040 3461 1119">
     <span class='ocr_line' id='line_1_68' title="bbox 1889 1040 3461 1119; baseline -0.008 -16"><span class='ocrx_word' id='word_1_488' title='bbox 1889 1052 2163 1119; x_wconf 89' lang='lat' dir='ltr'><strong>quomodo</strong></span> <span class='ocrx_word' id='word_1_489' title='bbox 2189 1050 2431 1102; x_wconf 76' lang='lat' dir='ltr'><strong>actiones</strong></span> <span class='ocrx_word' id='word_1_490' title='bbox 2465 1064 2530 1101; x_wconf 84' lang='lat' dir='ltr'><strong>ex</strong></span> <span class='ocrx_word' id='word_1_491' title='bbox 2570 1048 2767 1100; x_wconf 90' lang='lat' dir='ltr'><strong>virtute</strong></span> <span class='ocrx_word' id='word_1_492' title='bbox 2798 1044 3082 1115; x_wconf 70' lang='lat' dir='ltr'><strong>proliciant</strong></span> <span class='ocrx_word' id='word_1_493' title='bbox 3118 1058 3131 1102; x_wconf 88' lang='lat'><strong>;</strong></span> <span class='ocrx_word' id='word_1_494' title='bbox 3183 1040 3461 1095; x_wconf 78' lang='lat' dir='ltr'><strong>Christum</strong></span> 
     </span>
    </p>
   </div>
   <div class='ocr_carea' id='block_1_69' title="bbox 1889 1130 3461 1203">
    <p class='ocr_par' dir='ltr' id='par_1_69' title="bbox 1889 1130 3461 1203">
     <span class='ocr_line' id='line_1_69' title="bbox 1889 1130 3461 1203; baseline -0.01 -12"><span class='ocrx_word' id='word_1_495' title='bbox 1889 1147 2067 1191; x_wconf 88' lang='lat' dir='ltr'><strong>autem</strong></span> <span class='ocrx_word' id='word_1_496' title='bbox 2103 1136 2377 1199; x_wconf 85' lang='lat' dir='ltr'><strong>meditari,</strong></span> <span class='ocrx_word' id='word_1_497' title='bbox 2403 1144 2455 1189; x_wconf 92' lang='lat' dir='ltr'><strong>et</strong></span> <span class='ocrx_word' id='word_1_498' title='bbox 2483 1149 2602 1203; x_wconf 74' lang='lat' dir='ltr'><strong>qua:</strong></span> <span class='ocrx_word' id='word_1_499' title='bbox 2633 1134 2680 1187; x_wconf 89' lang='lat' dir='ltr'><strong>is</strong></span> <span class='ocrx_word' id='word_1_500' title='bbox 2700 1147 2800 1201; x_wconf 89' lang='lat' dir='ltr'><strong>pro</strong></span> <span class='ocrx_word' id='word_1_501' title='bbox 2845 1146 2961 1184; x_wconf 91' lang='lat' dir='ltr'><strong>mea</strong></span> <span class='ocrx_word' id='word_1_502' title='bbox 2987 1130 3161 1183; x_wconf 89' lang='lat' dir='ltr'><strong>salute</strong></span> <span class='ocrx_word' id='word_1_503' title='bbox 3214 1139 3461 1179; x_wconf 77' lang='lat' dir='ltr'><strong>amanter</strong></span> 
     </span>
    </p>
   </div>
   <div class='ocr_carea' id='block_1_70' title="bbox 1889 1218 3451 1295">
    <p class='ocr_par' dir='ltr' id='par_1_70' title="bbox 1889 1218 3451 1295">
     <span class='ocr_line' id='line_1_70' title="bbox 1889 1218 3451 1295; baseline -0.01 -12"><span class='ocrx_word' id='word_1_504' title='bbox 1889 1230 2173 1289; x_wconf 87' lang='lat' dir='ltr'><strong>laboravit,</strong></span> <span class='ocrx_word' id='word_1_505' title='bbox 2207 1226 2632 1295; x_wconf 75' lang='lat' dir='ltr'><strong>cogitationibus</strong></span> <span class='ocrx_word' id='word_1_506' title='bbox 2686 1235 3036 1292; x_wconf 82' lang='lat' dir='ltr'><strong>percurrere,</strong></span> <span class='ocrx_word' id='word_1_507' title='bbox 3065 1233 3250 1288; x_wconf 86' lang='lat' dir='ltr'><strong>aperte</strong></span> <span class='ocrx_word' id='word_1_508' title='bbox 3285 1218 3451 1269; x_wconf 73' lang='lat' dir='ltr'><strong>vitam</strong></span> 
     </span>
    </p>
   </div>
   <div class='ocr_carea' id='block_1_71' title="bbox 1891 1307 3464 1387">
    <p class='ocr_par' dir='ltr' id='par_1_71' title="bbox 1891 1307 3464 1387">
     <span class='ocr_line' id='line_1_71' title="bbox 1891 1307 3464 1387; baseline -0.01 -14"><span class='ocrx_word' id='word_1_509' title='bbox 1891 1322 2048 1373; x_wconf 84' lang='lat' dir='ltr'><strong>nobis</strong></span> <span class='ocrx_word' id='word_1_510' title='bbox 2095 1318 2377 1387; x_wconf 76' lang='lat' dir='ltr'><strong>quaesitam</strong></span> <span class='ocrx_word' id='word_1_511' title='bbox 2438 1316 2703 1375; x_wconf 87' lang='lat' dir='ltr'><strong>continet,</strong></span> <span class='ocrx_word' id='word_1_512' title='bbox 2775 1325 2978 1380; x_wconf 83' lang='lat' dir='ltr'><strong>perque</strong></span> <span class='ocrx_word' id='word_1_513' title='bbox 3031 1308 3213 1363; x_wconf 86' lang='lat' dir='ltr'><strong>omnia</strong></span> <span class='ocrx_word' id='word_1_514' title='bbox 3279 1307 3464 1360; x_wconf 84' lang='lat' dir='ltr'><strong>beatos</strong></span> 
     </span>
    </p>
   </div>
   <div class='ocr_carea' id='block_1_72' title="bbox 1891 1395 3467 1482">
    <p class='ocr_par' dir='ltr' id='par_1_72' title="bbox 1891 1395 3467 1482">
     <span class='ocr_line' id='line_1_72' title="bbox 1891 1395 3467 1482; baseline -0.012 -19"><span class='ocrx_word' id='word_1_515' title='bbox 1891 1410 2087 1482; x_wconf 77' lang='lat' dir='ltr'><strong>reddit.</strong></span> <span class='ocrx_word' id='word_1_516' title='bbox 2120 1410 2180 1461; x_wconf 88' lang='lat' dir='ltr'><strong>Et</strong></span> <span class='ocrx_word' id='word_1_517' title='bbox 2206 1416 2263 1461; x_wconf 92' lang='lat' dir='ltr'><strong>ut</strong></span> <span class='ocrx_word' id='word_1_518' title='bbox 2298 1409 2438 1461; x_wconf 90' lang='lat' dir='ltr'><strong>istuc</strong></span> <span class='ocrx_word' id='word_1_519' title='bbox 2492 1403 2780 1458; x_wconf 82' lang='lat' dir='ltr'><strong>manifeste</strong></span> <span class='ocrx_word' id='word_1_520' title='bbox 2823 1413 3238 1468; x_wconf 84' lang='lat' dir='ltr'><strong>cognoscamus,</strong></span> <span class='ocrx_word' id='word_1_521' title='bbox 3288 1395 3467 1450; x_wconf 78' lang='lat' dir='ltr'><strong>Consi-</strong></span> 
     </span>
    </p>
   </div>
   <div class='ocr_carea' id='block_1_73' title="bbox 1893 1494 3464 1571">
    <p class='ocr_par' dir='ltr' id='par_1_73' title="bbox 1893 1494 3464 1571">
     <span class='ocr_line' id='line_1_73' title="bbox 1893 1494 3464 1571; baseline -0.011 -18"><span class='ocrx_word' id='word_1_522' title='bbox 1893 1500 2298 1563; x_wconf 69' lang='lat' dir='ltr'><strong>derctnus,illae</strong></span> <span class='ocrx_word' id='word_1_523' title='bbox 2356 1494 2764 1571; x_wconf 66' lang='lat' dir='ltr'><strong>sanctimoniae,</strong></span> <span class='ocrx_word' id='word_1_524' title='bbox 2816 1500 3040 1561; x_wconf 88' lang='lat' dir='ltr'><strong>propter</strong></span> <span class='ocrx_word' id='word_1_525' title='bbox 3090 1504 3227 1558; x_wconf 86' lang='lat' dir='ltr'><strong>quas</strong></span> <span class='ocrx_word' id='word_1_526' title='bbox 3275 1501 3464 1541; x_wconf 86' lang='lat' dir='ltr'><strong>earum</strong></span> 
     </span>
    </p>
   </div>
   <div class='ocr_carea' id='block_1_74' title="bbox 1895 1582 3468 1654">
    <p class='ocr_par' dir='ltr' id='par_1_74' title="bbox 1895 1582 3468 1654">
     <span class='ocr_line' id='line_1_74' title="bbox 1895 1582 3468 1654; baseline -0.011 -9"><span class='ocrx_word' id='word_1_527' title='bbox 1895 1592 2131 1645; x_wconf 84' lang='lat' dir='ltr'><strong>Cultores</strong></span> <span class='ocrx_word' id='word_1_528' title='bbox 2165 1591 2416 1644; x_wconf 84' lang='lat' dir='ltr'><strong>Christus</strong></span> <span class='ocrx_word' id='word_1_529' title='bbox 2448 1589 2567 1654; x_wconf 86' lang='lat' dir='ltr'><strong>ipse</strong></span> <span class='ocrx_word' id='word_1_530' title='bbox 2609 1587 2800 1640; x_wconf 83' lang='lat' dir='ltr'><strong>beatos</strong></span> <span class='ocrx_word' id='word_1_531' title='bbox 2864 1582 3220 1652; x_wconf 72' lang='lat' dir='ltr'><strong>praedicavit,</strong></span> <span class='ocrx_word' id='word_1_532' title='bbox 3289 1594 3468 1631; x_wconf 86' lang='lat' dir='ltr'><strong>annon</strong></span> 
     </span>
    </p>
   </div>
   <div class='ocr_carea' id='block_1_75' title="bbox 1896 1668 3471 1746">
    <p class='ocr_par' dir='ltr' id='par_1_75' title="bbox 1896 1668 3471 1746">
     <span class='ocr_line' id='line_1_75' title="bbox 1896 1668 3471 1746; baseline -0.009 -13"><span class='ocrx_word' id='word_1_533' title='bbox 1896 1696 2084 1734; x_wconf 88' lang='lat' dir='ltr'><strong>omnes</strong></span> <span class='ocrx_word' id='word_1_534' title='bbox 2114 1680 2181 1733; x_wconf 89' lang='lat' dir='ltr'><strong>ab</strong></span> <span class='ocrx_word' id='word_1_535' title='bbox 2213 1679 2361 1732; x_wconf 85' lang='lat' dir='ltr'><strong>hisce</strong></span> <span class='ocrx_word' id='word_1_536' title='bbox 2402 1674 2825 1746; x_wconf 67' lang='lat' dir='ltr'><strong>cogitationibus</strong></span> <span class='ocrx_word' id='word_1_537' title='bbox 2866 1672 3305 1742; x_wconf 76' lang='lat' dir='ltr'><strong>proficiscantur.</strong></span> <span class='ocrx_word' id='word_1_538' title='bbox 3325 1668 3471 1733; x_wconf 77' lang='lat' dir='ltr'><strong>Quos</strong></span> 
     </span>
    </p>
   </div>
   <div class='ocr_carea' id='block_1_76' title="bbox 1897 1759 3474 1840">
    <p class='ocr_par' dir='ltr' id='par_1_76' title="bbox 1897 1759 3474 1840">
     <span class='ocr_line' id='line_1_76' title="bbox 1897 1759 3474 1840; baseline -0.009 -15"><span class='ocrx_word' id='word_1_539' title='bbox 1897 1786 2026 1840; x_wconf 71' lang='lat' dir='ltr'><strong>ergo</strong></span> <span class='ocrx_word' id='word_1_540' title='bbox 2073 1770 2309 1833; x_wconf 85' lang='lat' dir='ltr'><strong>tandem,</strong></span> <span class='ocrx_word' id='word_1_541' title='bbox 2342 1771 2433 1838; x_wconf 91' lang='lat' dir='ltr'><strong>qui</strong></span> <span class='ocrx_word' id='word_1_542' title='bbox 2483 1768 2636 1824; x_wconf 89' lang='lat' dir='ltr'><strong>solus</strong></span> <span class='ocrx_word' id='word_1_543' title='bbox 2667 1778 2720 1820; x_wconf 89' lang='lat' dir='ltr'><strong>et</strong></span> <span class='ocrx_word' id='word_1_544' title='bbox 2763 1780 2888 1819; x_wconf 83' lang='lat' dir='ltr'><strong>vere</strong></span> <span class='ocrx_word' id='word_1_545' title='bbox 2918 1765 3107 1817; x_wconf 88' lang='lat' dir='ltr'><strong>beatus</strong></span> <span class='ocrx_word' id='word_1_546' title='bbox 3154 1770 3259 1822; x_wconf 88' lang='lat' dir='ltr'><strong>est,</strong></span> <span class='ocrx_word' id='word_1_547' title='bbox 3285 1759 3474 1812; x_wconf 82' lang='lat' dir='ltr'><strong>beatus</strong></span> 
     </span>
    </p>
   </div>
   <div class='ocr_carea' id='block_1_77' title="bbox 1893 1850 3474 1929">
    <p class='ocr_par' dir='ltr' id='par_1_77' title="bbox 1893 1850 3474 1929">
     <span class='ocr_line' id='line_1_77' title="bbox 1893 1850 3474 1929; baseline -0.008 -15"><span class='ocrx_word' id='word_1_548' title='bbox 1893 1860 2148 1929; x_wconf 84' lang='lat' dir='ltr'><strong>judicat?</strong></span> <span class='ocrx_word' id='word_1_549' title='bbox 2186 1861 2460 1929; x_wconf 86' lang='lat' dir='ltr'><strong>Pauperes</strong></span> <span class='ocrx_word' id='word_1_550' title='bbox 2487 1859 2706 1927; x_wconf 85' lang='lat' dir='ltr'><strong>spiritu,</strong></span> <span class='ocrx_word' id='word_1_551' title='bbox 2740 1858 3006 1925; x_wconf 81' lang='lat' dir='ltr'><strong>lugentes,</strong></span> <span class='ocrx_word' id='word_1_552' title='bbox 3029 1854 3211 1914; x_wconf 85' lang='lat' dir='ltr'><strong>mites,</strong></span> <span class='ocrx_word' id='word_1_553' title='bbox 3231 1850 3474 1905; x_wconf 84' lang='lat' dir='ltr'><strong>esurien-</strong></span> 
     </span>
    </p>
   </div>
   <div class='ocr_carea' id='block_1_78' title="bbox 1900 1945 3476 2017">
    <p class='ocr_par' dir='ltr' id='par_1_78' title="bbox 1900 1945 3476 2017">
     <span class='ocr_line' id='line_1_78' title="bbox 1900 1945 3476 2017; baseline -0.009 -11"><span class='ocrx_word' id='word_1_554' title='bbox 1900 1964 1977 2006; x_wconf 82' lang='lat' dir='ltr'><strong>tes</strong></span> <span class='ocrx_word' id='word_1_555' title='bbox 2048 1963 2101 2005; x_wconf 92' lang='lat' dir='ltr'><strong>et</strong></span> <span class='ocrx_word' id='word_1_556' title='bbox 2158 1952 2401 2006; x_wconf 88' lang='lat' dir='ltr'><strong>sitientes</strong></span> <span class='ocrx_word' id='word_1_557' title='bbox 2446 1951 2712 2017; x_wconf 89' lang='lat' dir='ltr'><strong>justitiam</strong></span> <span class='ocrx_word' id='word_1_558' title='bbox 2745 1989 2759 2013; x_wconf 93' lang='lat'><strong>,</strong></span> <span class='ocrx_word' id='word_1_559' title='bbox 2806 1946 3211 2007; x_wconf 83' lang='lat' dir='ltr'><strong>misericordes,</strong></span> <span class='ocrx_word' id='word_1_560' title='bbox 3272 1945 3476 2002; x_wconf 77' lang='lat' dir='ltr'><strong>mundo</strong></span> 
     </span>
    </p>
   </div>
   <div class='ocr_carea' id='block_1_79' title="bbox 1900 2036 3476 2115">
    <p class='ocr_par' dir='ltr' id='par_1_79' title="bbox 1900 2036 3476 2115">
     <span class='ocr_line' id='line_1_79' title="bbox 1900 2036 3476 2115; baseline -0.009 -18"><span class='ocrx_word' id='word_1_561' title='bbox 1900 2045 2079 2108; x_wconf 88' lang='lat' dir='ltr'><strong>corde,</strong></span> <span class='ocrx_word' id='word_1_562' title='bbox 2134 2044 2407 2115; x_wconf 77' lang='lat' dir='ltr'><strong>paciﬁcos,</strong></span> <span class='ocrx_word' id='word_1_563' title='bbox 2439 2040 2847 2110; x_wconf 85' lang='lat' dir='ltr'><strong>persecutiones</strong></span> <span class='ocrx_word' id='word_1_564' title='bbox 2912 2047 2964 2090; x_wconf 88' lang='lat' dir='ltr'><strong>et</strong></span> <span class='ocrx_word' id='word_1_565' title='bbox 3026 2049 3186 2088; x_wconf 89' lang='lat' dir='ltr'><strong>omne</strong></span> <span class='ocrx_word' id='word_1_566' title='bbox 3219 2036 3476 2102; x_wconf 86' lang='lat' dir='ltr'><strong>probrum</strong></span> 
     </span>
    </p>
   </div>
   <div class='ocr_carea' id='block_1_80' title="bbox 1902 2122 3472 2204">
    <p class='ocr_par' dir='ltr' id='par_1_80' title="bbox 1902 2122 3472 2204">
     <span class='ocr_line' id='line_1_80' title="bbox 1902 2122 3472 2204; baseline -0.01 -17"><span class='ocrx_word' id='word_1_567' title='bbox 1902 2144 2133 2204; x_wconf 67' lang='lat' dir='ltr'><strong>pmpter.</strong></span> <span class='ocrx_word' id='word_1_568' title='bbox 2182 2133 2475 2203; x_wconf 87' lang='lat' dir='ltr'><strong>justitiam,</strong></span> <span class='ocrx_word' id='word_1_569' title='bbox 2506 2140 2562 2185; x_wconf 87' lang='lat' dir='ltr'><strong>et</strong></span> <span class='ocrx_word' id='word_1_570' title='bbox 2607 2138 2917 2199; x_wconf 89' lang='lat' dir='ltr'><strong>promptum</strong></span> <span class='ocrx_word' id='word_1_571' title='bbox 2973 2125 3177 2180; x_wconf 87' lang='lat' dir='ltr'><strong>Christi</strong></span> <span class='ocrx_word' id='word_1_572' title='bbox 3232 2122 3472 2178; x_wconf 86' lang='lat' dir='ltr'><strong>studium</strong></span> 
     </span>
    </p>
   </div>
   <div class='ocr_carea' id='block_1_81' title="bbox 1903 2218 3480 2291">
    <p class='ocr_par' dir='ltr' id='par_1_81' title="bbox 1903 2218 3480 2291">
     <span class='ocr_line' id='line_1_81' title="bbox 1903 2218 3480 2291; baseline -0.008 -12"><span class='ocrx_word' id='word_1_573' title='bbox 1903 2226 2238 2279; x_wconf 87' lang='lat' dir='ltr'><strong>sustinentes</strong></span> <span class='ocrx_word' id='word_1_574' title='bbox 2279 2225 2349 2278; x_wconf 77' lang='lat'><strong>“.</strong></span> <span class='ocrx_word' id='word_1_575' title='bbox 2382 2223 2447 2277; x_wconf 87' lang='lat' dir='ltr'><strong>Hi</strong></span> <span class='ocrx_word' id='word_1_576' title='bbox 2496 2232 2624 2279; x_wconf 88' lang='lat' dir='ltr'><strong>sunt</strong></span> <span class='ocrx_word' id='word_1_577' title='bbox 2682 2221 2776 2291; x_wconf 92' lang='lat' dir='ltr'><strong>qui</strong></span> <span class='ocrx_word' id='word_1_578' title='bbox 2810 2220 3024 2275; x_wconf 85' lang='lat' dir='ltr'><strong>beatam</strong></span> <span class='ocrx_word' id='word_1_579' title='bbox 3058 2218 3225 2271; x_wconf 89' lang='lat' dir='ltr'><strong>vitam</strong></span> <span class='ocrx_word' id='word_1_580' title='bbox 3283 2228 3480 2284; x_wconf 84' lang='lat' dir='ltr'><strong>appre-</strong></span> 
     </span>
    </p>
   </div>
   <div class='ocr_carea' id='block_1_82' title="bbox 1903 2308 3481 2382">
    <p class='ocr_par' dir='ltr' id='par_1_82' title="bbox 1903 2308 3481 2382">
     <span class='ocr_line' id='line_1_82' title="bbox 1903 2308 3481 2382; baseline -0.007 -11"><span class='ocrx_word' id='word_1_581' title='bbox 1903 2318 2229 2371; x_wconf 83' lang='lat' dir='ltr'><strong>henderunt.</strong></span> <span class='ocrx_word' id='word_1_582' title='bbox 2264 2315 2319 2371; x_wconf 90' lang='lat' dir='ltr'><strong>Si</strong></span> <span class='ocrx_word' id='word_1_583' title='bbox 2370 2316 2536 2382; x_wconf 75' lang='lat' dir='ltr'><strong>igitur</strong></span> <span class='ocrx_word' id='word_1_584' title='bbox 2584 2314 2653 2368; x_wconf 89' lang='lat' dir='ltr'><strong>ab</strong></span> <span class='ocrx_word' id='word_1_585' title='bbox 2704 2312 2790 2367; x_wconf 86' lang='lat' dir='ltr'><strong>his</strong></span> <span class='ocrx_word' id='word_1_586' title='bbox 2849 2309 3274 2380; x_wconf 74' lang='lat' dir='ltr'><strong>cogitationibus</strong></span> <span class='ocrx_word' id='word_1_587' title='bbox 3336 2308 3481 2361; x_wconf 87' lang='lat' dir='ltr'><strong>hunc</strong></span> 
     </span>
    </p>
   </div>
   <div class='ocr_carea' id='block_1_83' title="bbox 1904 2399 3483 2477">
    <p class='ocr_par' dir='ltr' id='par_1_83' title="bbox 1904 2399 3483 2477">
     <span class='ocr_line' id='line_1_83' title="bbox 1904 2399 3483 2477; baseline -0.008 -15"><span class='ocrx_word' id='word_1_588' title='bbox 1904 2412 2133 2463; x_wconf 87' lang='lat' dir='ltr'><strong>chorum</strong></span> <span class='ocrx_word' id='word_1_589' title='bbox 2168 2409 2397 2477; x_wconf 88' lang='lat' dir='ltr'><strong>pulchre</strong></span> <span class='ocrx_word' id='word_1_590' title='bbox 2430 2406 2749 2467; x_wconf 84' lang='lat' dir='ltr'><strong>formatum,</strong></span> <span class='ocrx_word' id='word_1_591' title='bbox 2809 2411 2862 2456; x_wconf 90' lang='lat' dir='ltr'><strong>et</strong></span> <span class='ocrx_word' id='word_1_592' title='bbox 2910 2416 3149 2455; x_wconf 88' lang='lat' dir='ltr'><strong>coronas</strong></span> <span class='ocrx_word' id='word_1_593' title='bbox 3178 2399 3305 2453; x_wconf 89' lang='lat' dir='ltr'><strong>inde</strong></span> <span class='ocrx_word' id='word_1_594' title='bbox 3348 2410 3483 2451; x_wconf 62' lang='lat' dir='ltr'><strong>cono</strong></span> 
     </span>
    </p>
   </div>
   <div class='ocr_carea' id='block_1_84' title="bbox 1907 2489 3483 2561">
    <p class='ocr_par' dir='ltr' id='par_1_84' title="bbox 1907 2489 3483 2561">
     <span class='ocr_line' id='line_1_84' title="bbox 1907 2489 3483 2561; baseline -0.01 -7"><span class='ocrx_word' id='word_1_595' title='bbox 1907 2509 2082 2554; x_wconf 75' lang='lat' dir='ltr'><strong>textas</strong></span> <span class='ocrx_word' id='word_1_596' title='bbox 2166 2498 2529 2561; x_wconf 82' lang='lat' dir='ltr'><strong>inveniemus,</strong></span> <span class='ocrx_word' id='word_1_597' title='bbox 2611 2494 2869 2548; x_wconf 91' lang='lat' dir='ltr'><strong>omnibus</strong></span> <span class='ocrx_word' id='word_1_598' title='bbox 2954 2492 3110 2561; x_wconf 88' lang='lat' dir='ltr'><strong>plane</strong></span> <span class='ocrx_word' id='word_1_599' title='bbox 3186 2489 3483 2555; x_wconf 84' lang='lat' dir='ltr'><strong>constabit,</strong></span> 
     </span>
    </p>
   </div>
   <div class='ocr_carea' id='block_1_85' title="bbox 1905 2582 3489 2659">
    <p class='ocr_par' dir='ltr' id='par_1_85' title="bbox 1905 2582 3489 2659">
     <span class='ocr_line' id='line_1_85' title="bbox 1905 2582 3489 2659; baseline -0.006 -16"><span class='ocrx_word' id='word_1_600' title='bbox 1905 2606 2124 2659; x_wconf 76' lang='lat' dir='ltr'><strong>cperam</strong></span> <span class='ocrx_word' id='word_1_601' title='bbox 2159 2601 2212 2642; x_wconf 88' lang='lat' dir='ltr'><strong>et</strong></span> <span class='ocrx_word' id='word_1_602' title='bbox 2247 2588 2652 2643; x_wconf 86' lang='lat' dir='ltr'><strong>meditationem</strong></span> <span class='ocrx_word' id='word_1_603' title='bbox 2682 2585 2735 2637; x_wconf 89' lang='lat' dir='ltr'><strong>in</strong></span> <span class='ocrx_word' id='word_1_604' title='bbox 2768 2584 2916 2637; x_wconf 90' lang='lat' dir='ltr'><strong>hisce</strong></span> <span class='ocrx_word' id='word_1_605' title='bbox 2964 2582 3270 2636; x_wconf 84' lang='lat' dir='ltr'><strong>rationibus</strong></span> <span class='ocrx_word' id='word_1_606' title='bbox 3324 2582 3489 2634; x_wconf 81' lang='lat' dir='ltr'><strong>collo-</strong></span> 
     </span>
    </p>
   </div>
   <div class='ocr_carea' id='block_1_86' title="bbox 1908 2673 3489 2745">
    <p class='ocr_par' dir='ltr' id='par_1_86' title="bbox 1908 2673 3489 2745">
     <span class='ocr_line' id='line_1_86' title="bbox 1908 2673 3489 2745; baseline -0.009 -9"><span class='ocrx_word' id='word_1_607' title='bbox 1908 2694 2105 2745; x_wconf 65' lang='lat' dir='ltr'><strong>catam,</strong></span> <span class='ocrx_word' id='word_1_608' title='bbox 2136 2683 2277 2734; x_wconf 87' lang='lat' dir='ltr'><strong>viam</strong></span> <span class='ocrx_word' id='word_1_609' title='bbox 2314 2692 2582 2739; x_wconf 87' lang='lat' dir='ltr'><strong>securam,</strong></span> <span class='ocrx_word' id='word_1_610' title='bbox 2610 2685 2661 2729; x_wconf 92' lang='lat' dir='ltr'><strong>et</strong></span> <span class='ocrx_word' id='word_1_611' title='bbox 2692 2676 2983 2729; x_wconf 87' lang='lat' dir='ltr'><strong>transitum</strong></span> <span class='ocrx_word' id='word_1_612' title='bbox 3033 2683 3087 2726; x_wconf 90' lang='lat' dir='ltr'><strong>et</strong></span> <span class='ocrx_word' id='word_1_613' title='bbox 3122 2673 3370 2739; x_wconf 80' lang='lat' dir='ltr'><strong>gradum,</strong></span> <span class='ocrx_word' id='word_1_614' title='bbox 3434 2680 3489 2724; x_wconf 84' lang='lat' dir='ltr'><strong>et</strong></span> 
     </span>
    </p>
   </div>
   <div class='ocr_carea' id='block_1_87' title="bbox 1909 2765 3485 2841">
    <p class='ocr_par' dir='ltr' id='par_1_87' title="bbox 1909 2765 3485 2841">
     <span class='ocr_line' id='line_1_87' title="bbox 1909 2765 3485 2841; baseline -0.008 -17"><span class='ocrx_word' id='word_1_615' title='bbox 1909 2790 2017 2841; x_wconf 82' lang='lat' dir='ltr'><strong>quo</strong></span> <span class='ocrx_word' id='word_1_616' title='bbox 2044 2775 2165 2837; x_wconf 89' lang='lat' dir='ltr'><strong>quis</strong></span> <span class='ocrx_word' id='word_1_617' title='bbox 2209 2772 2427 2825; x_wconf 87' lang='lat' dir='ltr'><strong>nomine</strong></span> <span class='ocrx_word' id='word_1_618' title='bbox 2461 2767 2712 2837; x_wconf 78' lang='lat' dir='ltr'><strong>appellet,</strong></span> <span class='ocrx_word' id='word_1_619' title='bbox 2749 2766 2814 2820; x_wconf 88' lang='lat' dir='ltr'><strong>ad</strong></span> <span class='ocrx_word' id='word_1_620' title='bbox 2849 2765 3060 2819; x_wconf 85' lang='lat' dir='ltr'><strong>beatam</strong></span> <span class='ocrx_word' id='word_1_621' title='bbox 3114 2765 3280 2817; x_wconf 88' lang='lat' dir='ltr'><strong>vitam</strong></span> <span class='ocrx_word' id='word_1_622' title='bbox 3342 2776 3485 2817; x_wconf 87' lang='lat' dir='ltr'><strong>esse.</strong></span> 
     </span>
    </p>
   </div>
   <div class='ocr_carea' id='block_1_88' title="bbox 1985 3023 3490 3105">
    <p class='ocr_par' dir='ltr' id='par_1_88' title="bbox 1985 3023 3490 3105">
     <span class='ocr_line' id='line_1_88' title="bbox 1985 3023 3490 3105; baseline -0.005 -18"><span class='ocrx_word' id='word_1_623' title='bbox 1985 3037 2279 3105; x_wconf 78' lang='lat' dir='ltr'><strong>Paupertas</strong></span> <span class='ocrx_word' id='word_1_624' title='bbox 2313 3034 2366 3086; x_wconf 91' lang='lat' dir='ltr'><strong>in</strong></span> <span class='ocrx_word' id='word_1_625' title='bbox 2398 3032 2613 3101; x_wconf 89' lang='lat' dir='ltr'><strong>spiritu,</strong></span> <span class='ocrx_word' id='word_1_626' title='bbox 2649 3040 2703 3085; x_wconf 92' lang='lat' dir='ltr'><strong>et</strong></span> <span class='ocrx_word' id='word_1_627' title='bbox 2730 3048 2748 3082; x_wconf 79' lang='grc' dir='ltr'><strong>ι</strong></span> <span class='ocrx_word' id='word_1_628' title='bbox 2788 3043 2895 3083; x_wconf 92' lang='lat' dir='ltr'><strong>non</strong></span> <span class='ocrx_word' id='word_1_629' title='bbox 2930 3041 3143 3095; x_wconf 87' lang='lat' dir='ltr'><strong>sapere,</strong></span> <span class='ocrx_word' id='word_1_630' title='bbox 3179 3035 3238 3079; x_wconf 92' lang='lat' dir='ltr'><strong>ut</strong></span> <span class='ocrx_word' id='word_1_631' title='bbox 3291 3023 3490 3079; x_wconf 83' lang='lat' dir='ltr'><strong>Paulus</strong></span> 
     </span>
    </p>
   </div>
   <div class='ocr_carea' id='block_1_89' title="bbox 1916 3116 3483 3195">
    <p class='ocr_par' dir='ltr' id='par_1_89' title="bbox 1916 3116 3483 3195">
     <span class='ocr_line' id='line_1_89' title="bbox 1916 3116 3483 3195; baseline -0.007 -16"><span class='ocrx_word' id='word_1_632' title='bbox 1916 3126 2008 3189; x_wconf 87' lang='lat' dir='ltr'><strong>ait,</strong></span> <span class='ocrx_word' id='word_1_633' title='bbox 2027 3128 2320 3195; x_wconf 86' lang='lat' dir='ltr'><strong>plusquam</strong></span> <span class='ocrx_word' id='word_1_634' title='bbox 2341 3131 2584 3191; x_wconf 84' lang='lat' dir='ltr'><strong>oportet:</strong></span> <span class='ocrx_word' id='word_1_635' title='bbox 2614 3122 2703 3175; x_wconf 86' lang='lat' dir='ltr'><strong>sed</strong></span> <span class='ocrx_word' id='word_1_636' title='bbox 2727 3135 2916 3190; x_wconf 87' lang='lat' dir='ltr'><strong>sapere</strong></span> <span class='ocrx_word' id='word_1_637' title='bbox 2929 3122 2993 3171; x_wconf 85' lang='lat' dir='ltr'><strong>ad</strong></span> <span class='ocrx_word' id='word_1_638' title='bbox 3020 3118 3367 3172; x_wconf 83' lang='lat' dir='ltr'><strong>sobrietatem</strong></span> <span class='ocrx_word' id='word_1_639' title='bbox 3386 3116 3483 3173; x_wconf 76' lang='grc' dir='ltr'>⁸⁸.ι</span> 
     </span>
    </p>
   </div>
   <div class='ocr_carea' id='block_1_90' title="bbox 1920 3209 3488 3287">
    <p class='ocr_par' dir='ltr' id='par_1_90' title="bbox 1920 3209 3488 3287">
     <span class='ocr_line' id='line_1_90' title="bbox 1920 3209 3488 3287; baseline -0.007 -17"><span class='ocrx_word' id='word_1_640' title='bbox 1920 3230 2280 3287; x_wconf 84' lang='lat' dir='ltr'><strong>quornmnam</strong></span> <span class='ocrx_word' id='word_1_641' title='bbox 2314 3215 2403 3276; x_wconf 90' lang='lat' dir='ltr'><strong>sit,</strong></span> <span class='ocrx_word' id='word_1_642' title='bbox 2440 3212 2541 3265; x_wconf 90' lang='lat' dir='ltr'><strong>nisi</strong></span> <span class='ocrx_word' id='word_1_643' title='bbox 2572 3212 2697 3265; x_wconf 86' lang='lat' dir='ltr'><strong>Jesu</strong></span> <span class='ocrx_word' id='word_1_644' title='bbox 2765 3217 3137 3279; x_wconf 67' lang='lat' dir='ltr'><strong>paupertatem</strong></span> <span class='ocrx_word' id='word_1_645' title='bbox 3176 3209 3488 3270; x_wconf 90' lang='lat' dir='ltr'><strong>scientium,</strong></span> 
     </span>
    </p>
   </div>
   <div class='ocr_carea' id='block_1_91' title="bbox 1920 3299 3487 3379">
    <p class='ocr_par' dir='ltr' id='par_1_91' title="bbox 1920 3299 3487 3379">
     <span class='ocr_line' id='line_1_91' title="bbox 1920 3299 3487 3379; baseline -0.008 -16"><span class='ocrx_word' id='word_1_646' title='bbox 1920 3311 2010 3379; x_wconf 89' lang='lat' dir='ltr'><strong>qui</strong></span> <span class='ocrx_word' id='word_1_647' title='bbox 2037 3321 2089 3363; x_wconf 92' lang='lat' dir='ltr'><strong>et</strong></span> <span class='ocrx_word' id='word_1_648' title='bbox 2122 3320 2333 3370; x_wconf 84' lang='lat' dir='ltr'><strong>natura,</strong></span> <span class='ocrx_word' id='word_1_649' title='bbox 2380 3315 2432 3358; x_wconf 88' lang='lat' dir='ltr'><strong>et</strong></span> <span class='ocrx_word' id='word_1_650' title='bbox 2457 3305 2706 3358; x_wconf 85' lang='lat' dir='ltr'><strong>convictu</strong></span> <span class='ocrx_word' id='word_1_651' title='bbox 2764 3316 2886 3355; x_wconf 83' lang='lat' dir='ltr'><strong>Cum</strong></span> <span class='ocrx_word' id='word_1_652' title='bbox 2949 3300 3121 3352; x_wconf 78' lang='lat' dir='ltr'><strong>servis</strong></span> <span class='ocrx_word' id='word_1_653' title='bbox 3182 3299 3487 3352; x_wconf 76' lang='lat' dir='ltr'><strong>communi—</strong></span> 
     </span>
    </p>
   </div>
   <div class='ocr_carea' id='block_1_92' title="bbox 1920 3394 3491 3463">
    <p class='ocr_par' dir='ltr' id='par_1_92' title="bbox 1920 3394 3491 3463">
     <span class='ocr_line' id='line_1_92' title="bbox 1920 3394 3491 3463; baseline -0.009 -7"><span class='ocrx_word' id='word_1_654' title='bbox 1920 3402 2078 3463; x_wconf 83' lang='lat' dir='ltr'><strong>cavit,</strong></span> <span class='ocrx_word' id='word_1_655' title='bbox 2112 3414 2235 3452; x_wconf 84' lang='lat' dir='ltr'><strong>eum</strong></span> <span class='ocrx_word' id='word_1_656' title='bbox 2264 3408 2407 3451; x_wconf 83' lang='lat' dir='ltr'><strong>esset</strong></span> <span class='ocrx_word' id='word_1_657' title='bbox 2437 3395 2719 3456; x_wconf 90' lang='lat' dir='ltr'><strong>Dominus,</strong></span> <span class='ocrx_word' id='word_1_658' title='bbox 2752 3400 2803 3443; x_wconf 86' lang='lat' dir='ltr'><strong>ct</strong></span> <span class='ocrx_word' id='word_1_659' title='bbox 2854 3394 3031 3444; x_wconf 78' lang='lat' dir='ltr'><strong>factus</strong></span> <span class='ocrx_word' id='word_1_660' title='bbox 3083 3401 3163 3443; x_wconf 80' lang='lat' dir='ltr'><strong>est</strong></span> <span class='ocrx_word' id='word_1_661' title='bbox 3192 3405 3344 3455; x_wconf 85' lang='lat' dir='ltr'><strong>caro,</strong></span> <span class='ocrx_word' id='word_1_662' title='bbox 3368 3405 3491 3444; x_wconf 91' lang='lat' dir='ltr'><strong>cum</strong></span> 
     </span>
    </p>
   </div>
   <div class='ocr_carea' id='block_1_93' title="bbox 1919 3484 3491 3556">
    <p class='ocr_par' dir='ltr' id='par_1_93' title="bbox 1919 3484 3491 3556">
     <span class='ocr_line' id='line_1_93' title="bbox 1919 3484 3491 3556; baseline -0.007 -10"><span class='ocrx_word' id='word_1_663' title='bbox 1919 3503 2065 3546; x_wconf 54' lang='lat' dir='ltr'><strong>essu</strong></span> <span class='ocrx_word' id='word_1_664' title='bbox 2116 3489 2371 3556; x_wconf 83' lang='lat' dir='ltr'><strong>Deus;et</strong></span> <span class='ocrx_word' id='word_1_665' title='bbox 2397 3489 2547 3542; x_wconf 85' lang='lat' dir='ltr'><strong>dives</strong></span> <span class='ocrx_word' id='word_1_666' title='bbox 2593 3484 2755 3554; x_wconf 78' lang='lat' dir='ltr'><strong>elegit</strong></span> <span class='ocrx_word' id='word_1_667' title='bbox 2807 3491 3125 3548; x_wconf 69' lang='lat' dir='ltr'><strong>egestatem,</strong></span> <span class='ocrx_word' id='word_1_668' title='bbox 3162 3484 3491 3553; x_wconf 67' lang='lat' dir='ltr'><strong>pertulitque</strong></span> 
     </span>
    </p>
   </div>
   <div class='ocr_carea' id='block_1_94' title="bbox 1921 3571 3498 3645">
    <p class='ocr_par' dir='ltr' id='par_1_94' title="bbox 1921 3571 3498 3645">
     <span class='ocr_line' id='line_1_94' title="bbox 1921 3571 3498 3645; baseline 0.003 -23"><span class='ocrx_word' id='word_1_669' title='bbox 1921 3577 2275 3645; x_wconf 67' lang='lat' dir='ltr'><strong>ignominiam</strong></span> <span class='ocrx_word' id='word_1_670' title='bbox 2343 3590 2437 3628; x_wconf 78' lang='lat' dir='ltr'><strong>rex</strong></span> <span class='ocrx_word' id='word_1_671' title='bbox 2504 3572 2739 3641; x_wconf 82' lang='lat' dir='ltr'><strong>gloriae;</strong></span> <span class='ocrx_word' id='word_1_672' title='bbox 2812 3581 2865 3623; x_wconf 89' lang='lat' dir='ltr'><strong>et</strong></span> <span class='ocrx_word' id='word_1_673' title='bbox 2932 3571 3346 3626; x_wconf 75' lang='lat' dir='ltr'><strong>circumductus</strong></span> <span class='ocrx_word' id='word_1_674' title='bbox 3412 3582 3498 3627; x_wconf 87' lang='lat' dir='ltr'><strong>est</strong></span> 
     </span>
    </p>
   </div>
   <div class='ocr_carea' id='block_1_95' title="bbox 1921 3663 3497 3738">
    <p class='ocr_par' dir='ltr' id='par_1_95' title="bbox 1921 3663 3497 3738">
     <span class='ocr_line' id='line_1_95' title="bbox 1921 3663 3497 3738; baseline -0.004 -12"><span class='ocrx_word' id='word_1_675' title='bbox 1921 3675 2157 3735; x_wconf 72' lang='lat' dir='ltr'><strong>vinctus,</strong></span> <span class='ocrx_word' id='word_1_676' title='bbox 2191 3670 2280 3738; x_wconf 90' lang='lat' dir='ltr'><strong>qui</strong></span> <span class='ocrx_word' id='word_1_677' title='bbox 2312 3682 2485 3736; x_wconf 84' lang='lat' dir='ltr'><strong>genus</strong></span> <span class='ocrx_word' id='word_1_678' title='bbox 2538 3674 2788 3719; x_wconf 90' lang='lat' dir='ltr'><strong>nostrum</strong></span> <span class='ocrx_word' id='word_1_679' title='bbox 2862 3663 3093 3718; x_wconf 89' lang='lat' dir='ltr'><strong>vinculis</strong></span> <span class='ocrx_word' id='word_1_680' title='bbox 3171 3664 3332 3718; x_wconf 86' lang='lat' dir='ltr'><strong>solvit</strong></span> <span class='ocrx_word' id='word_1_681' title='bbox 3364 3682 3378 3730; x_wconf 89' lang='lat'><strong>;</strong></span> <span class='ocrx_word' id='word_1_682' title='bbox 3405 3680 3497 3719; x_wconf 83' lang='lat' dir='ltr'><strong>ac-</strong></span> 
     </span>
    </p>
   </div>
   <div class='ocr_carea' id='block_1_96' title="bbox 1920 3757 3496 3825">
    <p class='ocr_par' dir='ltr' id='par_1_96' title="bbox 1920 3757 3496 3825">
     <span class='ocr_line' id='line_1_96' title="bbox 1920 3757 3496 3825; baseline -0.011 -8"><span class='ocrx_word' id='word_1_683' title='bbox 1920 3764 2256 3817; x_wconf 79' lang='lat' dir='ltr'><strong>Cnsationcm</strong></span> <span class='ocrx_word' id='word_1_684' title='bbox 2316 3761 2635 3812; x_wconf 86' lang='lat' dir='ltr'><strong>violatorum</strong></span> <span class='ocrx_word' id='word_1_685' title='bbox 2686 3757 2819 3822; x_wconf 84' lang='lat' dir='ltr'><strong>legis</strong></span> <span class='ocrx_word' id='word_1_686' title='bbox 2872 3759 2924 3809; x_wconf 92' lang='lat' dir='ltr'><strong>in</strong></span> <span class='ocrx_word' id='word_1_687' title='bbox 2978 3771 3036 3812; x_wconf 85' lang='lat' dir='ltr'><strong>se</strong></span> <span class='ocrx_word' id='word_1_688' title='bbox 3089 3758 3351 3825; x_wconf 76' lang='lat' dir='ltr'><strong>suscepit,</strong></span> <span class='ocrx_word' id='word_1_689' title='bbox 3403 3758 3496 3825; x_wconf 77' lang='lat' dir='ltr'><strong>qui</strong></span> 
     </span>
    </p>
   </div>
   <div class='ocr_carea' id='block_1_97' title="bbox 1920 3851 3494 3922">
    <p class='ocr_par' dir='ltr' id='par_1_97' title="bbox 1920 3851 3494 3922">
     <span class='ocr_line' id='line_1_97' title="bbox 1920 3851 3494 3922; baseline -0.004 -15"><span class='ocrx_word' id='word_1_690' title='bbox 1920 3855 2089 3922; x_wconf 76' lang='lat' dir='ltr'><strong>legem</strong></span> <span class='ocrx_word' id='word_1_691' title='bbox 2144 3853 2463 3920; x_wconf 88' lang='lat' dir='ltr'><strong>impleturus</strong></span> <span class='ocrx_word' id='word_1_692' title='bbox 2523 3860 2881 3918; x_wconf 89' lang='lat' dir='ltr'><strong>venerat;et,</strong></span> <span class='ocrx_word' id='word_1_693' title='bbox 2914 3851 3122 3922; x_wconf 81' lang='lat' dir='ltr'><strong>jndices</strong></span> <span class='ocrx_word' id='word_1_694' title='bbox 3167 3864 3358 3916; x_wconf 85' lang='lat' dir='ltr'><strong>passus</strong></span> <span class='ocrx_word' id='word_1_695' title='bbox 3391 3861 3494 3911; x_wconf 77' lang='lat' dir='ltr'><strong>est,</strong></span> 
     </span>
    </p>
   </div>
   <div class='ocr_carea' id='block_1_98' title="bbox 1925 3943 3494 4013">
    <p class='ocr_par' dir='ltr' id='par_1_98' title="bbox 1925 3943 3494 4013">
     <span class='ocr_line' id='line_1_98' title="bbox 1925 3943 3494 4013; baseline -0.004 -13"><span class='ocrx_word' id='word_1_696' title='bbox 1925 3946 2214 4001; x_wconf 85' lang='lat' dir='ltr'><strong>insanienti</strong></span> <span class='ocrx_word' id='word_1_697' title='bbox 2277 3944 2474 4013; x_wconf 91' lang='lat' dir='ltr'><strong>populo</strong></span> <span class='ocrx_word' id='word_1_698' title='bbox 2563 3958 2626 3997; x_wconf 89' lang='lat' dir='ltr'><strong>ac</strong></span> <span class='ocrx_word' id='word_1_699' title='bbox 2669 3944 2831 3997; x_wconf 67' lang='lat' dir='ltr'><strong>caedis</strong></span> <span class='ocrx_word' id='word_1_700' title='bbox 2884 3943 3044 3996; x_wconf 86' lang='lat' dir='ltr'><strong>avido</strong></span> <span class='ocrx_word' id='word_1_701' title='bbox 3108 3943 3494 4009; x_wconf 79' lang='lat' dir='ltr'><strong>gratiﬁcantes,</strong></span> 
     </span>
    </p>
   </div>
   <div class='ocr_carea' id='block_1_99' title="bbox 1929 4032 3495 4104">
    <p class='ocr_par' dir='ltr' id='par_1_99' title="bbox 1929 4032 3495 4104">
     <span class='ocr_line' id='line_1_99' title="bbox 1929 4032 3495 4104; baseline -0.003 -14"><span class='ocrx_word' id='word_1_702' title='bbox 1929 4058 1947 4090; x_wconf 76' lang='grc' dir='ltr'><strong>ι</strong></span> <span class='ocrx_word' id='word_1_703' title='bbox 1987 4038 2073 4092; x_wconf 86' lang='lat' dir='ltr'><strong>cui</strong></span> <span class='ocrx_word' id='word_1_704' title='bbox 2127 4051 2289 4092; x_wconf 89' lang='lat' dir='ltr'><strong>omne</strong></span> <span class='ocrx_word' id='word_1_705' title='bbox 2335 4035 2599 4104; x_wconf 84' lang='lat' dir='ltr'><strong>judicium</strong></span> <span class='ocrx_word' id='word_1_706' title='bbox 2635 4034 2783 4088; x_wconf 83' lang='lat' dir='ltr'><strong>dedit</strong></span> <span class='ocrx_word' id='word_1_707' title='bbox 2822 4034 2979 4087; x_wconf 82' lang='lat' dir='ltr'><strong>Pater</strong></span> <span class='ocrx_word' id='word_1_708' title='bbox 3012 4034 3080 4087; x_wconf 83' lang='lat'><strong>&quot;.</strong></span> <span class='ocrx_word' id='word_1_709' title='bbox 3126 4054 3143 4085; x_wconf 73' lang='grc' dir='ltr'><strong>ι</strong></span> <span class='ocrx_word' id='word_1_710' title='bbox 3180 4032 3302 4087; x_wconf 81' lang='lat' dir='ltr'><strong>llaec</strong></span> <span class='ocrx_word' id='word_1_711' title='bbox 3336 4048 3495 4100; x_wconf 79' lang='lat' dir='ltr'><strong>quem</strong></span> 
     </span>
    </p>
   </div>
   <div class='ocr_carea' id='block_1_100' title="bbox 1924 4124 3497 4196">
    <p class='ocr_par' dir='ltr' id='par_1_100' title="bbox 1924 4124 3497 4196">
     <span class='ocr_line' id='line_1_100' title="bbox 1924 4124 3497 4196; baseline -0.006 -11"><span class='ocrx_word' id='word_1_712' title='bbox 1924 4131 2123 4185; x_wconf 78' lang='lat' dir='ltr'><strong>fastum</strong></span> <span class='ocrx_word' id='word_1_713' title='bbox 2156 4145 2261 4183; x_wconf 92' lang='lat' dir='ltr'><strong>non</strong></span> <span class='ocrx_word' id='word_1_714' title='bbox 2294 4130 2598 4196; x_wconf 86' lang='lat' dir='ltr'><strong>deprimant</strong></span> <span class='ocrx_word' id='word_1_715' title='bbox 2626 4126 2748 4180; x_wconf 70' lang='lat' dir='ltr'><strong>iAd</strong></span> <span class='ocrx_word' id='word_1_716' title='bbox 2778 4126 2911 4188; x_wconf 73' lang='lat' dir='ltr'><strong>hazc,</strong></span> <span class='ocrx_word' id='word_1_717' title='bbox 2969 4125 3226 4191; x_wconf 77' lang='lat' dir='ltr'><strong>superbia</strong></span> <span class='ocrx_word' id='word_1_718' title='bbox 3282 4138 3309 4177; x_wconf 90' lang='lat' dir='ltr'><strong>a</strong></span> <span class='ocrx_word' id='word_1_719' title='bbox 3338 4124 3497 4177; x_wconf 75' lang='lat' dir='ltr'><strong>bonis</strong></span> 
     </span>
    </p>
   </div>
   <div class='ocr_carea' id='block_1_101' title="bbox 1925 4218 3495 4294">
    <p class='ocr_par' dir='ltr' id='par_1_101' title="bbox 1925 4218 3495 4294">
     <span class='ocr_line' id='line_1_101' title="bbox 1925 4218 3495 4294; baseline -0.006 -14"><span class='ocrx_word' id='word_1_720' title='bbox 1925 4228 2180 4294; x_wconf 88' lang='lat' dir='ltr'><strong>Operibns</strong></span> <span class='ocrx_word' id='word_1_721' title='bbox 2238 4220 2492 4290; x_wconf 86' lang='lat' dir='ltr'><strong>(quando</strong></span> <span class='ocrx_word' id='word_1_722' title='bbox 2516 4220 2629 4273; x_wconf 82' lang='lat' dir='ltr'><strong>visa</strong></span> <span class='ocrx_word' id='word_1_723' title='bbox 2658 4218 2859 4271; x_wconf 78' lang='lat' dir='ltr'><strong>fuerint</strong></span> <span class='ocrx_word' id='word_1_724' title='bbox 2892 4220 3158 4273; x_wconf 84' lang='lat' dir='ltr'><strong>excellere</strong></span> <span class='ocrx_word' id='word_1_725' title='bbox 3183 4219 3205 4283; x_wconf 90' lang='lat'><strong>-)</strong></span> <span class='ocrx_word' id='word_1_726' title='bbox 3241 4218 3495 4279; x_wconf 80' lang='lat' dir='ltr'><strong>excitata,</strong></span> 
     </span>
    </p>
   </div>
   <div class='ocr_carea' id='block_1_102' title="bbox 1926 4309 3496 4373">
    <p class='ocr_par' dir='ltr' id='par_1_102' title="bbox 1926 4309 3496 4373">
     <span class='ocr_line' id='line_1_102' title="bbox 1926 4309 3496 4373; baseline -0.006 -2"><span class='ocrx_word' id='word_1_727' title='bbox 1926 4319 2170 4373; x_wconf 81' lang='lat' dir='ltr'><strong>actiones</strong></span> <span class='ocrx_word' id='word_1_728' title='bbox 2200 4313 2403 4369; x_wconf 81' lang='lat' dir='ltr'><strong>Christi</strong></span> <span class='ocrx_word' id='word_1_729' title='bbox 2442 4311 2756 4373; x_wconf 87' lang='lat' dir='ltr'><strong>meditatus,</strong></span> <span class='ocrx_word' id='word_1_730' title='bbox 2791 4310 2945 4369; x_wconf 82' lang='lat' dir='ltr'><strong>sciet,</strong></span> <span class='ocrx_word' id='word_1_731' title='bbox 2986 4324 3094 4363; x_wconf 90' lang='lat' dir='ltr'><strong>non</strong></span> <span class='ocrx_word' id='word_1_732' title='bbox 3152 4309 3327 4364; x_wconf 88' lang='lat' dir='ltr'><strong>solum</strong></span> <span class='ocrx_word' id='word_1_733' title='bbox 3364 4309 3496 4362; x_wconf 88' lang='lat' dir='ltr'><strong>nihil</strong></span> 
     </span>
    </p>
   </div>
   <div class='ocr_carea' id='block_1_103' title="bbox 1928 4398 3497 4475">
    <p class='ocr_par' dir='ltr' id='par_1_103' title="bbox 1928 4398 3497 4475">
     <span class='ocr_line' id='line_1_103' title="bbox 1928 4398 3497 4475; baseline -0.006 -13"><span class='ocrx_word' id='word_1_734' title='bbox 1928 4424 1986 4462; x_wconf 82' lang='lat' dir='ltr'><strong>se</strong></span> <span class='ocrx_word' id='word_1_735' title='bbox 2039 4420 2293 4475; x_wconf 82' lang='lat' dir='ltr'><strong>magnum</strong></span> <span class='ocrx_word' id='word_1_736' title='bbox 2328 4419 2451 4459; x_wconf 91' lang='lat' dir='ltr'><strong>cum</strong></span> <span class='ocrx_word' id='word_1_737' title='bbox 2484 4402 2682 4455; x_wconf 85' lang='lat' dir='ltr'><strong>virtute</strong></span> <span class='ocrx_word' id='word_1_738' title='bbox 2714 4400 3031 4469; x_wconf 82' lang='lat' dir='ltr'><strong>praestitisse</strong></span> <span class='ocrx_word' id='word_1_739' title='bbox 3059 4416 3073 4463; x_wconf 87' lang='lat'><strong>;</strong></span> <span class='ocrx_word' id='word_1_740' title='bbox 3101 4399 3193 4453; x_wconf 91' lang='lat' dir='ltr'><strong>sed</strong></span> <span class='ocrx_word' id='word_1_741' title='bbox 3232 4414 3407 4468; x_wconf 71' lang='lat' dir='ltr'><strong>neque</strong></span> <span class='ocrx_word' id='word_1_742' title='bbox 3430 4398 3497 4453; x_wconf 89' lang='lat' dir='ltr'><strong>ad</strong></span> 
     </span>
    </p>
   </div>
   <div class='ocr_carea' id='block_1_104' title="bbox 1858 4474 3495 4562">
    <p class='ocr_par' dir='ltr' id='par_1_104' title="bbox 1858 4474 3495 4562">
     <span class='ocr_line' id='line_1_104' title="bbox 1858 4474 3495 4562; baseline -0.009 -6"><span class='ocrx_word' id='word_1_743' title='bbox 1858 4474 2209 4555; x_wconf 74' lang='lat' dir='ltr'><strong>nservitutis</strong></span> <span class='ocrx_word' id='word_1_744' title='bbox 2273 4509 2387 4550; x_wconf 81' lang='lat' dir='ltr'><strong>suae</strong></span> <span class='ocrx_word' id='word_1_745' title='bbox 2445 4493 2633 4562; x_wconf 80' lang='lat' dir='ltr'><strong>jugum</strong></span> <span class='ocrx_word' id='word_1_746' title='bbox 2697 4505 2724 4543; x_wconf 89' lang='lat' dir='ltr'><strong>a</strong></span> <span class='ocrx_word' id='word_1_747' title='bbox 2776 4491 3085 4543; x_wconf 84' lang='lat' dir='ltr'><strong>cervicibus</strong></span> <span class='ocrx_word' id='word_1_748' title='bbox 3129 4489 3495 4557; x_wconf 78' lang='lat' dir='ltr'><strong>dejicientlum</strong></span> 
     </span>
    </p>
   </div>
   <div class='ocr_carea' id='block_1_105' title="bbox 1926 4583 3495 4660">
    <p class='ocr_par' dir='ltr' id='par_1_105' title="bbox 1926 4583 3495 4660">
     <span class='ocr_line' id='line_1_105' title="bbox 1926 4583 3495 4660; baseline -0.005 -18"><span class='ocrx_word' id='word_1_749' title='bbox 1926 4592 2218 4660; x_wconf 88' lang='lat' dir='ltr'><strong>quidquam</strong></span> <span class='ocrx_word' id='word_1_750' title='bbox 2279 4595 2539 4656; x_wconf 78' lang='lat' dir='ltr'><strong>praestare</strong></span> <span class='ocrx_word' id='word_1_751' title='bbox 2598 4583 2863 4653; x_wconf 73' lang='lat' dir='ltr'><strong>potuisse,</strong></span> <span class='ocrx_word' id='word_1_752' title='bbox 2936 4583 3028 4652; x_wconf 92' lang='lat' dir='ltr'><strong>qui</strong></span> <span class='ocrx_word' id='word_1_753' title='bbox 3088 4598 3187 4636; x_wconf 89' lang='lat' dir='ltr'><strong>nec</strong></span> <span class='ocrx_word' id='word_1_754' title='bbox 3250 4583 3495 4651; x_wconf 82' lang='lat' dir='ltr'><strong>adeptam</strong></span> 
     </span>
    </p>
   </div>
   <div class='ocr_carea' id='block_1_106' title="bbox 1929 4668 3495 4736">
    <p class='ocr_par' dir='ltr' id='par_1_106' title="bbox 1929 4668 3495 4736">
     <span class='ocr_line' id='line_1_106' title="bbox 1929 4668 3495 4736; baseline -0.007 -6"><span class='ocrx_word' id='word_1_755' title='bbox 1929 4682 2227 4734; x_wconf 60' lang='lat' dir='ltr'><strong>libertatrm</strong></span> <span class='ocrx_word' id='word_1_756' title='bbox 2304 4688 2633 4730; x_wconf 82' lang='lat' dir='ltr'><strong>conservare</strong></span> <span class='ocrx_word' id='word_1_757' title='bbox 2701 4680 2902 4725; x_wconf 77' lang='lat' dir='ltr'><strong>sartain</strong></span> <span class='ocrx_word' id='word_1_758' title='bbox 2980 4677 3177 4725; x_wconf 73' lang='lat' dir='ltr'><strong>tectam</strong></span> <span class='ocrx_word' id='word_1_759' title='bbox 3242 4668 3495 4736; x_wconf 86' lang='lat' dir='ltr'><strong>potuerit.</strong></span> 
     </span>
    </p>
   </div>
   <div class='ocr_carea' id='block_1_107' title="bbox 1930 4759 3498 4833">
    <p class='ocr_par' dir='ltr' id='par_1_107' title="bbox 1930 4759 3498 4833">
     <span class='ocr_line' id='line_1_107' title="bbox 1930 4759 3498 4833; baseline -0.008 -11"><span class='ocrx_word' id='word_1_760' title='bbox 1930 4770 2025 4823; x_wconf 89' lang='lat' dir='ltr'><strong>ille</strong></span> <span class='ocrx_word' id='word_1_761' title='bbox 2054 4768 2195 4822; x_wconf 86' lang='lat' dir='ltr'><strong>enim</strong></span> <span class='ocrx_word' id='word_1_762' title='bbox 2233 4766 2497 4833; x_wconf 85' lang='lat' dir='ltr'><strong>sanguine</strong></span> <span class='ocrx_word' id='word_1_763' title='bbox 2528 4778 2629 4817; x_wconf 86' lang='lat' dir='ltr'><strong>suo</strong></span> <span class='ocrx_word' id='word_1_764' title='bbox 2661 4776 2761 4815; x_wconf 85' lang='lat' dir='ltr'><strong>nos</strong></span> <span class='ocrx_word' id='word_1_765' title='bbox 2793 4760 2947 4823; x_wconf 89' lang='lat' dir='ltr'><strong>emit,</strong></span> <span class='ocrx_word' id='word_1_766' title='bbox 2974 4767 3026 4812; x_wconf 88' lang='lat' dir='ltr'><strong>et</strong></span> <span class='ocrx_word' id='word_1_767' title='bbox 3056 4759 3133 4812; x_wconf 83' lang='lat' dir='ltr'><strong>ita</strong></span> <span class='ocrx_word' id='word_1_768' title='bbox 3166 4772 3363 4826; x_wconf 79' lang='lat' dir='ltr'><strong>magno</strong></span> <span class='ocrx_word' id='word_1_769' title='bbox 3408 4771 3498 4810; x_wconf 88' lang='lat' dir='ltr'><strong>ac-</strong></span> 
     </span>
    </p>
   </div>
   <div class='ocr_carea' id='block_1_108' title="bbox 1931 4847 3499 4930">
    <p class='ocr_par' dir='ltr' id='par_1_108' title="bbox 1931 4847 3499 4930">
     <span class='ocr_line' id='line_1_108' title="bbox 1931 4847 3499 4930; baseline -0.009 -17"><span class='ocrx_word' id='word_1_770' title='bbox 1931 4860 2187 4930; x_wconf 88' lang='lat' dir='ltr'><strong>quisitam</strong></span> <span class='ocrx_word' id='word_1_771' title='bbox 2222 4857 2529 4910; x_wconf 88' lang='lat' dir='ltr'><strong>libertatem</strong></span> <span class='ocrx_word' id='word_1_772' title='bbox 2582 4852 2740 4907; x_wconf 86' lang='lat' dir='ltr'><strong>nobis</strong></span> <span class='ocrx_word' id='word_1_773' title='bbox 2764 4851 3005 4905; x_wconf 87' lang='lat' dir='ltr'><strong>donavit.</strong></span> <span class='ocrx_word' id='word_1_774' title='bbox 3056 4848 3193 4915; x_wconf 83' lang='lat' dir='ltr'><strong>Quis</strong></span> <span class='ocrx_word' id='word_1_775' title='bbox 3231 4862 3398 4916; x_wconf 84' lang='lat' dir='ltr'><strong>porro</strong></span> <span class='ocrx_word' id='word_1_776' title='bbox 3432 4847 3499 4900; x_wconf 81' lang='lat' dir='ltr'><strong>li-</strong></span> 
     </span>
    </p>
   </div>
   <div class='ocr_carea' id='block_1_109' title="bbox 1931 4938 3501 5013">
    <p class='ocr_par' dir='ltr' id='par_1_109' title="bbox 1931 4938 3501 5013">
     <span class='ocr_line' id='line_1_109' title="bbox 1931 4938 3501 5013; baseline -0.008 -7"><span class='ocrx_word' id='word_1_777' title='bbox 1931 4956 2248 5006; x_wconf 80' lang='lat' dir='ltr'><strong>heratorum</strong></span> <span class='ocrx_word' id='word_1_778' title='bbox 2285 4948 2338 4999; x_wconf 91' lang='lat' dir='ltr'><strong>in</strong></span> <span class='ocrx_word' id='word_1_779' title='bbox 2373 4947 2459 5000; x_wconf 88' lang='lat' dir='ltr'><strong>his</strong></span> <span class='ocrx_word' id='word_1_780' title='bbox 2483 4960 2603 5013; x_wconf 63' lang='lat' dir='ltr'><strong>quae</strong></span> <span class='ocrx_word' id='word_1_781' title='bbox 2630 4943 2838 5010; x_wconf 88' lang='lat' dir='ltr'><strong>accepit</strong></span> <span class='ocrx_word' id='word_1_782' title='bbox 2862 4939 3183 5011; x_wconf 84' lang='lat' dir='ltr'><strong>permansit,</strong></span> <span class='ocrx_word' id='word_1_783' title='bbox 3239 4938 3501 5006; x_wconf 59' lang='lat' dir='ltr'><strong>spirituae</strong></span> 
     </span>
    </p>
   </div>
   <div class='ocr_carea' id='block_1_110' title="bbox 1938 5031 3497 5113">
    <p class='ocr_par' dir='ltr' id='par_1_110' title="bbox 1938 5031 3497 5113">
     <span class='ocr_line' id='line_1_110' title="bbox 1938 5031 3497 5113; baseline -0.01 -14"><span class='ocrx_word' id='word_1_784' title='bbox 1938 5050 2119 5113; x_wconf 83' lang='lat' dir='ltr'><strong>Iesque</strong></span> <span class='ocrx_word' id='word_1_785' title='bbox 2144 5043 2363 5097; x_wconf 86' lang='lat' dir='ltr'><strong>divitias</strong></span> <span class='ocrx_word' id='word_1_786' title='bbox 2394 5054 2569 5109; x_wconf 88' lang='lat' dir='ltr'><strong>usque</strong></span> <span class='ocrx_word' id='word_1_787' title='bbox 2620 5037 2685 5090; x_wconf 88' lang='lat' dir='ltr'><strong>ad</strong></span> <span class='ocrx_word' id='word_1_788' title='bbox 2722 5038 2882 5089; x_wconf 86' lang='lat' dir='ltr'><strong>linem</strong></span> <span class='ocrx_word' id='word_1_789' title='bbox 2912 5052 2940 5088; x_wconf 86' lang='lat' dir='ltr'><strong>a</strong></span> <span class='ocrx_word' id='word_1_790' title='bbox 2967 5031 3318 5102; x_wconf 86' lang='lat' dir='ltr'><strong>praedonibus</strong></span> <span class='ocrx_word' id='word_1_791' title='bbox 3352 5039 3497 5084; x_wconf 89' lang='lat' dir='ltr'><strong>tutas</strong></span> 
     </span>
    </p>
   </div>
   <div class='ocr_carea' id='block_1_111' title="bbox 1938 5123 3497 5198">
    <p class='ocr_par' dir='ltr' id='par_1_111' title="bbox 1938 5123 3497 5198">
     <span class='ocr_line' id='line_1_111' title="bbox 1938 5123 3497 5198; baseline -0.012 -7"><span class='ocrx_word' id='word_1_792' title='bbox 1938 5136 2181 5195; x_wconf 89' lang='lat' dir='ltr'><strong>retinuit,</strong></span> <span class='ocrx_word' id='word_1_793' title='bbox 2211 5149 2273 5188; x_wconf 87' lang='lat' dir='ltr'><strong>ac</strong></span> <span class='ocrx_word' id='word_1_794' title='bbox 2304 5148 2411 5186; x_wconf 89' lang='lat' dir='ltr'><strong>non</strong></span> <span class='ocrx_word' id='word_1_795' title='bbox 2448 5131 2587 5183; x_wconf 87' lang='lat' dir='ltr'><strong>hanc</strong></span> <span class='ocrx_word' id='word_1_796' title='bbox 2614 5142 2861 5198; x_wconf 80' lang='lat' dir='ltr'><strong>magnam</strong></span> <span class='ocrx_word' id='word_1_797' title='bbox 2895 5123 3314 5178; x_wconf 86' lang='lat' dir='ltr'><strong>sanctimoniam</strong></span> <span class='ocrx_word' id='word_1_798' title='bbox 3344 5135 3497 5175; x_wconf 89' lang='lat' dir='ltr'><strong>suam</strong></span> 
     </span>
    </p>
   </div>
   <div class='ocr_carea' id='block_1_112' title="bbox 1939 5210 3503 5293">
    <p class='ocr_par' dir='ltr' id='par_1_112' title="bbox 1939 5210 3503 5293">
     <span class='ocr_line' id='line_1_112' title="bbox 1939 5210 3503 5293; baseline -0.009 -15"><span class='ocrx_word' id='word_1_799' title='bbox 1939 5224 2229 5293; x_wconf 85' lang='lat' dir='ltr'><strong>reputavit,</strong></span> <span class='ocrx_word' id='word_1_800' title='bbox 2266 5223 2403 5277; x_wconf 86' lang='lat' dir='ltr'><strong>levia</strong></span> <span class='ocrx_word' id='word_1_801' title='bbox 2429 5220 2689 5275; x_wconf 88' lang='lat' dir='ltr'><strong>adversus</strong></span> <span class='ocrx_word' id='word_1_802' title='bbox 2729 5216 2958 5283; x_wconf 85' lang='lat' dir='ltr'><strong>gratiam</strong></span> <span class='ocrx_word' id='word_1_803' title='bbox 3015 5211 3263 5283; x_wconf 85' lang='lat' dir='ltr'><strong>peccare?</strong></span> <span class='ocrx_word' id='word_1_804' title='bbox 3301 5210 3357 5265; x_wconf 86' lang='lat' dir='ltr'><strong>In</strong></span> <span class='ocrx_word' id='word_1_805' title='bbox 3393 5225 3503 5280; x_wconf 89' lang='lat' dir='ltr'><strong>quo</strong></span> 
     </span>
    </p>
   </div>
   <div class='ocr_carea' id='block_1_113' title="bbox 1935 5300 3501 5383">
    <p class='ocr_par' dir='ltr' id='par_1_113' title="bbox 1935 5300 3501 5383">
     <span class='ocr_line' id='line_1_113' title="bbox 1935 5300 3501 5383; baseline -0.01 -17"><span class='ocrx_word' id='word_1_806' title='bbox 1935 5315 2099 5383; x_wconf 81' lang='lat' dir='ltr'><strong>igitur</strong></span> <span class='ocrx_word' id='word_1_807' title='bbox 2130 5312 2289 5367; x_wconf 90' lang='lat' dir='ltr'><strong>nobis</strong></span> <span class='ocrx_word' id='word_1_808' title='bbox 2327 5310 2466 5364; x_wconf 85' lang='lat' dir='ltr'><strong>male</strong></span> <span class='ocrx_word' id='word_1_809' title='bbox 2499 5306 2740 5363; x_wconf 87' lang='lat' dir='ltr'><strong>consciis</strong></span> <span class='ocrx_word' id='word_1_810' title='bbox 2770 5304 2957 5358; x_wconf 86' lang='lat' dir='ltr'><strong>licebit</strong></span> <span class='ocrx_word' id='word_1_811' title='bbox 3016 5302 3264 5370; x_wconf 85' lang='lat' dir='ltr'><strong>gloriari,</strong></span> <span class='ocrx_word' id='word_1_812' title='bbox 3301 5300 3501 5368; x_wconf 88' lang='lat' dir='ltr'><strong>quibus</strong></span> 
     </span>
    </p>
   </div>
   <div class='ocr_carea' id='block_1_114' title="bbox 1938 5387 3505 5471">
    <p class='ocr_par' dir='ltr' id='par_1_114' title="bbox 1938 5387 3505 5471">
     <span class='ocr_line' id='line_1_114' title="bbox 1938 5387 3505 5471; baseline -0.011 -15"><span class='ocrx_word' id='word_1_813' title='bbox 1938 5402 2161 5471; x_wconf 88' lang='lat' dir='ltr'><strong>propria</strong></span> <span class='ocrx_word' id='word_1_814' title='bbox 2207 5401 2383 5455; x_wconf 90' lang='lat' dir='ltr'><strong>virtus</strong></span> <span class='ocrx_word' id='word_1_815' title='bbox 2444 5399 2564 5471; x_wconf 83' lang='lat' dir='ltr'><strong>ipsa</strong></span> <span class='ocrx_word' id='word_1_816' title='bbox 2610 5406 2829 5467; x_wconf 87' lang='lat' dir='ltr'><strong>propter</strong></span> <span class='ocrx_word' id='word_1_817' title='bbox 2883 5394 3120 5461; x_wconf 87' lang='lat' dir='ltr'><strong>seipsam</strong></span> <span class='ocrx_word' id='word_1_818' title='bbox 3155 5391 3220 5443; x_wconf 88' lang='lat' dir='ltr'><strong>ad</strong></span> <span class='ocrx_word' id='word_1_819' title='bbox 3254 5387 3390 5442; x_wconf 88' lang='lat' dir='ltr'><strong>nihil</strong></span> <span class='ocrx_word' id='word_1_820' title='bbox 3421 5396 3505 5442; x_wconf 88' lang='lat' dir='ltr'><strong>est</strong></span> 
     </span>
    </p>
   </div>
   <div class='ocr_carea' id='block_1_115' title="bbox 1943 5481 3507 5562">
    <p class='ocr_par' dir='ltr' id='par_1_115' title="bbox 1943 5481 3507 5562">
     <span class='ocr_line' id='line_1_115' title="bbox 1943 5481 3507 5562; baseline -0.012 -16"><span class='ocrx_word' id='word_1_821' title='bbox 1943 5496 2113 5548; x_wconf 77' lang='lat' dir='ltr'><strong>utilis?</strong></span> <span class='ocrx_word' id='word_1_822' title='bbox 2147 5494 2201 5546; x_wconf 91' lang='lat' dir='ltr'><strong>In</strong></span> <span class='ocrx_word' id='word_1_823' title='bbox 2239 5508 2345 5562; x_wconf 86' lang='lat' dir='ltr'><strong>qua</strong></span> <span class='ocrx_word' id='word_1_824' title='bbox 2381 5494 2427 5547; x_wconf 91' lang='lat' dir='ltr'><strong>si</strong></span> <span class='ocrx_word' id='word_1_825' title='bbox 2461 5482 2601 5560; x_wconf 91' lang='lat' dir='ltr'><strong>quid</strong></span> <span class='ocrx_word' id='word_1_826' title='bbox 2653 5489 2794 5542; x_wconf 87' lang='lat' dir='ltr'><strong>inest</strong></span> <span class='ocrx_word' id='word_1_827' title='bbox 2830 5486 2981 5549; x_wconf 89' lang='lat' dir='ltr'><strong>boni,</strong></span> <span class='ocrx_word' id='word_1_828' title='bbox 3020 5483 3160 5537; x_wconf 87' lang='lat' dir='ltr'><strong>Deus</strong></span> <span class='ocrx_word' id='word_1_829' title='bbox 3194 5481 3244 5535; x_wconf 93' lang='lat' dir='ltr'><strong>id</strong></span> <span class='ocrx_word' id='word_1_830' title='bbox 3300 5481 3507 5547; x_wconf 81' lang='lat' dir='ltr'><strong>absque</strong></span> 
     </span>
    </p>
   </div>
   <div class='ocr_carea' id='block_1_116' title="bbox 1942 5570 3507 5647">
    <p class='ocr_par' dir='ltr' id='par_1_116' title="bbox 1942 5570 3507 5647">
     <span class='ocr_line' id='line_1_116' title="bbox 1942 5570 3507 5647; baseline -0.012 -10"><span class='ocrx_word' id='word_1_831' title='bbox 1942 5587 2130 5639; x_wconf 79' lang='lat' dir='ltr'><strong>labore</strong></span> <span class='ocrx_word' id='word_1_832' title='bbox 2149 5594 2336 5639; x_wconf 87' lang='lat' dir='ltr'><strong>nostro</strong></span> <span class='ocrx_word' id='word_1_833' title='bbox 2356 5584 2573 5639; x_wconf 84' lang='lat' dir='ltr'><strong>indidit.</strong></span> <span class='ocrx_word' id='word_1_834' title='bbox 2589 5582 2660 5637; x_wconf 82' lang='lat' dir='ltr'><strong>Ac</strong></span> <span class='ocrx_word' id='word_1_835' title='bbox 2681 5596 2857 5646; x_wconf 81' lang='lat' dir='ltr'><strong>neque</strong></span> <span class='ocrx_word' id='word_1_836' title='bbox 2882 5579 3024 5647; x_wconf 82' lang='lat' dir='ltr'><strong>ipsas</strong></span> <span class='ocrx_word' id='word_1_837' title='bbox 3041 5576 3382 5630; x_wconf 77' lang='lat' dir='ltr'><strong>eurinsecns</strong></span> <span class='ocrx_word' id='word_1_838' title='bbox 3401 5570 3507 5623; x_wconf 87' lang='lat' dir='ltr'><strong>sal-</strong></span> 
     </span>
    </p>
   </div>
   <div class='ocr_carea' id='block_1_117' title="bbox 1509 5764 1954 5825">
    <p class='ocr_par' dir='ltr' id='par_1_117' title="bbox 1509 5764 1954 5825">
     <span class='ocr_line' id='line_1_117' title="bbox 1509 5764 1954 5825; baseline 0.007 -8"><span class='ocrx_word' id='word_1_839' title='bbox 1509 5765 1551 5794; x_wconf 54' lang='lat' dir='ltr'><strong>i&quot;</strong></span> <span class='ocrx_word' id='word_1_840' title='bbox 1591 5764 1742 5818; x_wconf 71' lang='lat' dir='ltr'><strong>Junii.</strong></span> <span class='ocrx_word' id='word_1_841' title='bbox 1782 5782 1832 5825; x_wconf 84' lang='lat' dir='ltr'><strong>v,</strong></span> <span class='ocrx_word' id='word_1_842' title='bbox 1863 5765 1954 5819; x_wconf 71' lang='lat'><strong>2&#39;2.</strong></span> 
     </span>
    </p>
   </div>
  </div>
