4154 6308
207 393 318 453 6Ῑῖ

1237 397 1330 454 DE
1375 399 1543 456 VITA
1590 399 1666 456 1N
1710 397 2045 458 Clll'llS'l‘O
2104 401 2249 459 LIB.
2293 400 2387 459 Vl.

3315 403 3424 464 67‘4

207 503 576 572 δικαιοσύνην,
625 502 763 555 ὥστε
799 505 933 572 μετὰ
985 503 1090 555 τῶν
1146 506 1342 557 δούλων
1368 503 1432 575 ἦν
1466 508 1624 576 (μετὰ
1654 508 1759 557 τῶν

1866 506 2154 574 jusritiani,
2194 517 2249 561 nt
2291 519 2604 564 versaretur
2650 524 2775 563 cum
2808 509 3000 570 servis.
3033 524 3154 563 cum
3199 511 3426 564 damna-

210 593 600 662 κατακρίτων),
664 596 797 659 μετᾶ
843 595 950 644 τῶν
1013 600 1413 665 σφαττομένων,
1472 600 1606 667 μετὰ
1660 600 1764 651 τῶν

207 685 440 751 νεκρῶν,
479 686 562 734 ἵνα
599 687 730 736 πᾶσι
766 685 825 736 τὸ
863 685 1066 738 δίκαιον
1131 690 1310 755 ἀποδῷ
1340 706 1353 719 ·
1388 693 1477 741 καὶ
1531 691 1603 755 τῷ
1670 693 1766 758 μὲν

211 777 385 842 “arpi
425 777 520 844 τὴν
569 777 723 838 δόξαν
787 780 876 826 καὶ
908 777 1005 846 τὴν
1050 778 1315 848 ὑπακοὴν,
1372 781 1435 848 ῆν
1487 782 1765 850 πόρρωθεν

208 867 491 935 προσῆκον
537 867 707 922 οὐδεὶς
743 869 1071 931 εἰσενεγκεῖν
1120 864 1253 936 εἶχε,
1302 871 1375 938 τῷ
1425 873 1669 939 τυράννῳ
1709 871 1763 922 δὲ

202 957 273 1007 τὰ
303 957 474 1024 δεσμὰ
508 960 599 1008 καὶ
641 957 700 1008 τὸ
751 959 1101 1028 περιρρεῖσθαι
1129 962 1237 1011 ’καὶ
1277 961 1375 1027 τὴν
1406 963 1684 1032 αἰσχύνην,
1721 958 1765 1031 ᾧ

199 1045 322 1095 λύει
384 1045 480 1111 τὴν
531 1046 709 1097 ἄδικον
768 1049 943 1116 ἀρχὴν
1005 1051 1094 1100 καὶ
1146 1050 1294 1100 νόθον
1332 1050 1608 1120 ἁψάμενον
1655 1054 1765 1105 τῶν

201 1135 492 1202 ἡμετέρων
532 1138 755 1206 ἐξήλασε
809 1140 982 1208 κρίσει
1047 1143 1397 1209 κατενεγκὼν
1435 1149 1526 1196 καὶ
1561 1146 1764 1199 δικαιο-

205 1251 365 1318 σύνῃ.

267 1337 470 1394 ’Ἔλεον
496 1345 549 1396 δὲ
585 1347 672 1396 καὶ.
704 1346 763 1397 τὸ
790 1352 1060 1400 κοινωνεῖν
1103 1351 1290 1418 ὀδύνης
1322 1352 1542 1417 ἀλγοῦσι
1579 1357 1673 1408 καλ
1698 1353 1765 1407 τὰ

207 1438 445 1505 δυσχερῆ
491 1443 598 1500 τοῖς
641 1442 818 1501 ἄλλοις
871 1444 1032 1494 αὑτοῦ
1076 1447 1315 1510 νομίζειν
1372 1447 1536 1509 κακὰ,
1579 1449 1759 1511 πόθεν,

219 1532 272 1579 εί
312 1531 574 1594 ἑτέρωθεν
709 1531 908 1582 τούτων
944 1535 1007 1584 ἂν
1041 1551 1119 1594 τις
1149 1535 1299 1586 λὰῧοι
1326 1537 1432 1587 τῶν
1470 1538 1761 1606 λογισμῶν.

195 1615 281 1679 οἷς
323 1621 467 1686 ἡμᾶς
527 1621 726 1683 αὐτοὺς
786 1623 999 1691 ἐρῶμεν
1057 1625 1257 1692 ἥκιστα
1321 1628 1558 1689 δικαίους
1607 1631 1764 1689 ὄντας

200 1710 380 1772 ἐλέου,
437 1711 587 1777 παρὰ.
632 1713 810 1764 πᾶσαν
869 1715 1194 1781 προσδοκίαν
1255 1718 1622 1784 ὲλεουμένους,
1667 1721 1765 1785 τὴν

198 1801 580 1867 αἰχμαλωσίαν
611 1803 846 1870 ἐκείνην,
896 1806 993 1872 τὴν
1023 1807 1288 1870 δουλείαν,
1345 1810 1412 1859 τὰ
1438 1811 1631 1874 δεσμὰ,
1667 1812 1764 1878 τὴν
1798 1840 1836 1892 Β

199 1887 294 1939 τοῦ
323 1890 728 1959 δουλωσαμένου
759 1896 978 1960 μανίαν·
1027 1898 1117 1947 καὶ
1164 1896 1238 1956 ὠς
1266 1899 1341 1964 τῷ
1374 1899 1472 1965 μὲν
1497 1900 1621 1966 ὅρος
1654 1902 1761 1952 τῶν

199 1979 280 2039 είς
309 1982 456 2046 ἡμᾶς
515 1983 698 2034 κακῶν
748 1985 924 2044 οὐδεὶς
955 1982 1053 2054 ἦν,
1112 1987 1224 2039 ἀλλ’
1253 1992 1337 2039 ἀεὶ
1383 1989 1760 2059 χαλετεωτέρου

204 2072 296 2121 καὶ
336 2071 578 2138 χείρονος
637 2074 981 2142 ἐπειρώμεθα
1042 2077 1136 2128 τοῦ
1190 2080 1472 2145 τυράννου,
1522 2081 1652 2148 ἡμῖν
1692 2081 1762 2132 ’δὲ

203 2162 541 2227 πανταχόθεν
575 2163 859 2232 ἀμηχανία
897 2166 988 2217 καὶ
1012 2167 1219 2234 ἐρημία
1272 2167 1362 2218 τοῦ
1395 2169 1577 2220 δοῦναι
1603 2172 1762 2238 χεῖρά

201 2267 324 2302 τινα
376 2252 677 2318 δυναμένου
749 2257 844 2306 καὶ
902 2255 977 2324 τῷ
1014 2256 1110 2326 μὲν
1150 2258 1381 2326 χρῆσθαι
1440 2263 1503 2328 τῇ
1565 2261 1758 2332 γνώμῃ

199 2345 324 2396 καθ’
360 2347 514 2414 ἡμῶν
545 2348 668 2416 ἐξῆν
710 2351 804 2403 καὶ
854 2352 1099 2420 ἠγόμεθα
1153 2354 1409 2423 καθάπερ
1463 2357 1760 2426 ἐωνημένῳ

202 2440 577 2504 πεπραμένοι,
618 2441 750 2509 ἡμῖν
783 2442 838 2493 δὲ
878 2443 1206 2511 παραμυθία.
1265 2446 1370 2496 τῶν
1402 2446 1590 2498 δεινῶν
1640 2448 1762 2500 οὐδὲ.

199 2526 492 2594 φάρμακον
516 2529 666 2582 οὐδὲν
689 2526 778 2599 ἦν,
828 2533 928 2583 οῦκ
952 2532 1182 2596 οἴκοθεν,
1233 2535 1330 2604 οὐχ
1361 2537 1656 2605 βτέρωθεν,
1700 2539 1760 2589 οὐ

196 2617 308 2667 τὼν
335 2617 474 2686 ὑπὲρ
506 2621 764 2686 ἡμᾶς,ιοὺ
795 2622 898 2673 τῶν
923 2625 1224 2691 ὁμοφύλων,
1254 2626 1366 2677 ἀλλ’
1398 2629 1588 2697 ἐπίσης
1625 2630 1764 2682 ἀπα-

202 2725 288 2759 σιν
317 2711 377 2759 ἐν
427 2710 600 2780 καιρῷ
649 2713 901 2779 γενέσθαι
955 2718 1019 2784 τῇ
1078 2717 1241 2782 φύσει
1292 2717 1404 2768 τῶν
1461 2719 1762 2788 ἀνθρώπων

200 2798 406 2867 ἄπορον
433 2797 520 2868 ἦν.
559 2802 665 2854 Καὶ
694 2803 747 2854 τί
787 2803 929 2869 λέγω
989 2805 1303 2874 φάρμακον,
1359 2803 1438 2871 οἷς
1473 2810 1593 2862 οὐδὲ
1623 2827 1762 2877 μνη-

203 2888 404 2956 σθῆναι
433 2896 526 2942 τοῦ
556 2893 743 2960 ίατροῦ
805 2893 1060 2963 καθαρῶς
1097 2897 1225 2965 ἐξῆν
1287 2898 1408 2950 οὐδὲ
1458 2900 1715 2970 δεηθῆναι
1747 2902 1758 2954 !

203 2975 365 3028 Οὕτω
411 2979 589 3030 τοίνυν
617 2981 817 3044 ἀθλίως
853 2982 1231 3052 διακειμένους
1262 2987 1324 3038 οὐ
1363 2988 1604 3056 πρέσϐυς
1644 2991 1762 3042 οὐδὲ

202 3066 460 3133 ἄγγελος,
498 3071 611 3122 ἀλλ’
643 3073 804 3133 αὐτὸς
833 3075 861 3124 ὀ
893 3072 1118 3143 Κύριος,
1145 3069 1190 3142 ᾧ
1225 3077 1579 3144 πολεμοῦντες
1597 3074 1759 3148 ἦμεν,

1874 599 1961 661 tis,
2009 615 2128 651 cmn
2167 601 2383 665 occisis,
2421 617 2542 655 cum
2580 602 2828 664 mortuis,
2875 611 2932 652 ut
2985 601 3238 656 omnibus
3282 608 3428 671 quod

1869 691 2158 742 deberetur
2198 692 2457 744 redderet.
2517 695 2592 746 Ac
2627 691 2770 744 Patri
2824 691 3043 759 quidem
3101 693 3325 761 gloriam
3378 707 3432 748 et

1869 787 2256 850 obedientiam,
2289 803 2407 856 quae
2463 789 2534 841 illi
2588 789 2788 855 pridem
2826 788 3074 851 debetur,
3121 789 3428 854 persolvere

1869 892 2029 928 nemo
2077 889 2308 944 poterat,
2360 894 2456 931 nec
2497 887 2725 947 tyranno
2769 877 3008 940 vincula,
3055 887 3427 945 contemptum

1867 978 1918 1020 et
1951 969 2186 1022 dedecus
2215 971 2301 1022 cui
2354 970 2596 1037 iniquum
2633 969 2835 1021 ademit
2887 968 3195 1035 imperium,
3222 980 3274 1021 et
3302 985 3432 1036 spu-

1870 1060 2010 1111 tium
2060 1060 2373 1113 inrasorcm
2428 1075 2456 1112 a
2491 1060 2645 1114 nobis
2672 1060 2883 1126 judicio
2924 1067 2976 1111 et
3004 1059 3214 1126 jnstitia
3244 1060 3430 1112 detur-

1869 1151 2052 1202 batum
2086 1152 2312 1218 expulit.

1937 1347 2371 1403 Misericordiam
2404 1361 2583 1405 autem
2616 1360 2667 1404 et
2709 1353 3006 1405 dolentium
3041 1352 3222 1406 dolere
3254 1352 3424 1405 vicem

1866 1448 1918 1490 et
1945 1439 2120 1493 aliena
2172 1440 2309 1492 mala
2344 1456 2441 1494 sua
2477 1443 2694 1503 ducere,
2732 1443 2997 1494 nndcnam
3027 1441 3228 1514 potius.
3264 1454 3426 1507 quam

1867 1545 1929 1582 ex
1969 1530 2340 1596 hujuscemodi
2379 1532 2803 1598 cogitationibus
2849 1531 3118 1599 qui~piam
3160 1531 3432 1598 adipisca-

1870 1629 1976 1679 tur,
2006 1620 2058 1672 in
2093 1621 2290 1687 quibus
2324 1624 2602 1675 cernimus
2634 1638 2733 1678 nos
2778 1623 2926 1690 ipsos
2960 1624 3183 1674 minime
3219 1624 3432 1675 miseri-

1868 1710 2050 1762 cordia
2090 1711 2304 1776 dignos,
2345 1721 2536 1779 praeter
2576 1716 2792 1766 omnem
2825 1713 3290 1780 exspectationem
3329 1711 3432 1764 mi-

1870 1800 2222 1852 sericordiam
2261 1812 2608 1863 consecutos,
2641 1813 2694 1854 et
2731 1794 3126 1871 captivitatem,
3169 1809 3220 1855 et
3255 1802 3430 1854 servi-

1867 1899 2034 1942 tutem
2071 1890 2242 1953 illam,
2272 1890 2490 1945 vincula
2522 1892 2628 1953 illa,
2675 1904 2725 1945 et
2759 1892 2995 1944 furorem
3033 1891 3174 1958 ejus,
3206 1891 3298 1959 qui
3331 1905 3431 1943 nos

1863 1983 2106 2046 captivos
2139 1983 2326 2035 duxit?
2352 1983 2418 2036 Et
2439 1981 2535 2037 'illé
2573 1983 2789 2050 quidem
2826 1983 3090 2053 amigendi
3125 1997 3226 2036 nos
3265 1979 3427 2034 ﬁnem

1863 2073 2066 2124 nullum
2125 2073 2379 2136 faciebat,
2412 2089 2570 2142 quem
2622 2074 2998 2134 immitiorem,
3045 2084 3099 2127 et
3134 2073 3425 2127 immanio-

1863 2178 2000 2224 rem,
2051 2178 2264 2230 semper
2320 2165 2756 2230 experiebantur.
2796 2162 2906 2219 Nos
2955 2175 3136 2217 autem
3190 2164 3427 2233 undique

1861 2250 2095 2303 consilio
2124 2253 2442 2318 egebamus,
2471 2253 2674 2321 quique
2703 2269 2922 2306 manum
2956 2255 3114 2307 nobis
3146 2256 3276 2307 dare
3301 2268 3425 2321 pos-

1861 2349 1963 2404 set,
2011 2342 2191 2394 nullus
2241 2346 2633 2410 reperiebatur.
2671 2347 2744 2398 Ac
2783 2346 2858 2398 illi
2888 2346 3101 2415 quidem
3129 2361 3251 2413 qua:
3287 2346 3404 2400 vole

1864 2430 1954 2483 bat
1988 2431 2039 2483 in
2071 2447 2172 2484 nos
2193 2431 2426 2495 licebat,
2455 2434 2596 2486 velut
2633 2444 2809 2502 empta
2853 2434 3119 2503 mancipia
3173 2435 3426 2504 raptaba-

1865 2534 2008 2584 mur,
2046 2521 2204 2575 nobis
2232 2531 2412 2576 autem
2449 2524 2713 2578 malorum
2767 2525 2973 2578 nullum
3015 2526 3296 2592 solatium,
3329 2541 3428 2580 nec

1865 2610 2166 2663 remedium
2197 2611 2278 2665 vel
2326 2625 2357 2664 a
2399 2612 2832 2682 nobismetipsis,
2867 2614 2950 2667 vel
2984 2615 3203 2668 aliunde
3235 2629 3424 2684 suppe-

1863 2700 2094 2762 ditabat,
2158 2716 2267 2755 non
2299 2702 2367 2756 ab
2417 2703 2483 2756 iis
2509 2705 2598 2772 qui
2647 2720 2810 2771 supra
2845 2720 2966 2769 nos,
3003 2720 3110 2758 non
3153 2721 3181 2758 a
3220 2716 3429 2759 natura:

1865 2791 2054 2853 sociis,
2114 2792 2208 2846 sed
2265 2793 2547 2870 aequaliter
2595 2795 2853 2849 omnibus
2911 2797 3190 2849 hominum
3242 2797 3427 2864 generi

1865 2881 2218 2934 commodare
2260 2881 2470 2937 difﬁcile
2501 2896 2639 2938 erat.
2672 2883 2736 2938 Et
2761 2886 2891 2953 quid
2920 2886 3046 2939 dico
3079 2888 3382 2941 remedium
3411 2929 3426 2951 ,

1867 2974 2066 3040 quibus
2108 2989 2205 3026 nec
2239 2974 2553 3030 meminisse
2587 2978 2781 3031 medici
2819 2992 3066 3045 prorsus,
3103 2995 3278 3048 neque
3303 2995 3428 3034 eum

1867 3079 2060 3128 rogare
2115 3063 2349 3118 licebat!
2385 3065 2441 3119 In
2499 3067 2597 3121 hac
2629 3068 2844 3122 miseria
2892 3069 3289 3130 coollictaules,
3320 3087 3428 3124 non

200 3158 284 3216 εἰς
343 3155 403 3207 εν
451 3157 742 3225 ὑϐρίζομεν
790 3163 1257 3231 παρανομοῦντες,
1325 3166 1484 3229 αὐτὸς
1531 3168 1761 3232 ἠλέησεν

1869 3155 2098 3223 legatus,
2130 3171 2237 3209 non
2274 3159 2519 3220 nuntius,
2554 3159 2646 3211 sed
2676 3159 2790 3227 ipse
2824 3160 3104 3222 Dominus,
3133 3162 3222 3215 cui
3259 3163 3430 3217 rebel-

199 3242 383 3297 οἶκτον
423 3250 558 3316 ἀήδη
599 3251 694 3302 καὶ
717 3249 878 3318 λόγου
911 3254 1084 3320 μείζω
1141 3255 1233 3309 καὶ
1281 3257 1431 3325 παρὰ
1452 3259 1557 3311 πᾶν
1587 3259 1645 3310 τὸ
1668 3260 1758 3312 ἐπὶ

201 3337 410 3400 τούτοις
437 3340 601 3398 είκός.
631 3338 704 3393 Οὐ
756 3341 864 3411 γὰρ
915 3343 1180 3413 ἐϐουλήθη
1238 3346 1346 3398 τῶν
1393 3349 1576 3400 κακῶν
1625 3351 1756 3418 ἡμῖν

196 3427 299 3496 τὴν
327 3428 644 3497 ἀπαλλαγὴν
677 3432 858 3498 μόνον,
911 3432 1024 3485 οὐδ’
1069 3435 1266 3487 οἰκεῖον
1297 3439 1513 3505 ἐνόμισε
1565 3439 1625 3491 τὸ
1666 3440 1756 3493 ἄλο

194 3534 316 3592 χος.
343 3519 460 3570 ἀλλ’
489 3521 784 3588 ἐποιήσατο
808 3525 900 3576 καὶ
951 3527 1286 3594 μετέστησεν
1342 3530 1416 3596 ἀφ
1460 3532 1616 3599 ἡμῶν
1678 3536 1756 3594 είς

199 3610 397 3664 ὲαυτδν
420 3609 516 3668 τὰς
544 3609 753 3673 ὀδύνας,
789 3611 1082 3692 δεξάμενος
1116 3617 1274 3677 αὐτὸς
1326 3617 1473 3669 ὲλέου
1527 3622 1758 3689 φανῆναι

201 3704 458 3763 πράττων
512 3702 696 3766 ἀξίως,
769 3704 835 3756 ἵν’
868 3707 1018 3774 ἡμᾶς
1077 3708 1380 3776 ἐργάσηται
1431 3710 1756 3777 μακαρίους.

198 3790 307 3843 Καὶ
338 3793 468 3859 γὰρ.
518 3811 536 3844 ι
566 3795 622 3844 ὲν
645 3800 763 3856 ταῖς
821 3796 1058 3865 ἡμέραις
1109 3799 1208 3866 τῆς
1255 3798 1456 3866 σαρκὸς
1511 3800 1696 3861 αὑτοῦ,
1732 3817 1750 3848 ι

201 3881 414 3944 Παῦλος
442 3878 593 3952 εἷπε,
627 3887 736 3937 τῶν
765 3887 1101 3956 ὲλεουμένων
1136 3890 1346 3950 πολλοῖς
1391 3889 1567 3952 ἔδοξεν
1597 3886 1755 3955 εἶναι,

195 3979 292 4027 καὶ
327 3977 530 4046 ἠλεήθη
585 3979 675 4030 τὸν
707 3979 888 4032 ἄδικον
943 3978 1168 4032 θάνατον
1204 3981 1582 4050 ἀποθνήσκων.
1627 3984 1754 4048 Καὶ,

202 4087 220 4118 ι
269 4068 593 4119 Ἐκόπτοντο
622 4069 752 4138 γὰρ,
782 4070 935 4139 φησὶ,
1000 4071 1095 4122 καὶ
1150 4071 1407 4141 ἐθρήνουν
1446 4091 1463 4122 ι
1522 4072 1756 4141 ἑπάῦτῷ

194 4158 296 4226 τὴν
327 4159 420 4208 ἐπὶ
472 4157 698 4209 θάνατον
730 4159 1005 4228 ἀγομένῳ·
1051 4161 1142 4211 καὶ
1177 4161 1238 4211 οῦ
1293 4166 1402 4224 τοῖς
1432 4161 1518 4213 ἐπ’
1547 4164 1754 4214 ἐκείνου

197 4250 361 4315 μόνον
396 4253 491 4303 καὶ
520 4249 776 4319 θεωμένοι
795 4251 887 4302 ττδ
910 4253 1101 4313 πάθος.
1129 4253 1243 4304 ἀλλ’
1267 4253 1366 4322 ᾔδη
1395 4256 1486 4304 καὶ
1528 4255 1755 4314 Ἡσαΐας

193 4339 484 4411 πόρρωθεν
515 4338 668 4405 ίδὼν,
705 4341 970 4408 ἀδακρ.-ὶ
1021 4342 1120 4413 τὴν
1175 4343 1300 4396 θέαν
1342 4345 1440 4396 οὐκ
1503 4347 1752 4416 ἤνεγκεν,

192 4431 314 4484 ἀλλ’
338 4431 413 4491 ὡς
441 4433 530 4482 ἐπὶ
567 4430 749 4500 νεκρῷ
777 4433 1032 4502 μονῳδῶν
1063 4433 1214 4486 ἐλέου
1255 4433 1530 4501 γέμουσαν
1579 4438 1752 4504 ἀφῆκε

196 4524 388 4589 φωνήν
448 4539 467 4572 ι
518 4522 745 4590 Εἰδομεν
771 4522 960 4586 αὑτὸν,
995 4525 1149 4591 φησὶ,
1182 4528 1273 4579 καὶ
1299 4527 1397 4578 οὐκ
1447 4524 1590 4595 εἶχεν
1622 4523 1755 4590 εἶδος

192 4614 318 4665 οὐδὲ
355 4612 568 4675 κάλλος,
597 4615 732 4665 ἀλλὰ
764 4613 824 4664 τὸ
853 4610 989 4674 εἶδος
1023 4615 1189 4667 αὑτοῦ
1241 4617 1452 4684 ἄτιμον,
1511 4618 1759 4670 ἐκλεῖπον

195 4707 256 4753 τὸ
287 4698 428 4762 εἶδος
451 4701 612 4754 αὑτοῦ
671 4701 822 4771 παρά
881 4702 1007 4764 τοὺς
1064 4704 1211 4764 υἱοὺς
1261 4705 1368 4755 τῶν
1400 4705 1754 4774 ἀνθρώπων.»

197 4794 263 4846 τί
296 4797 394 4863 τῆς
436 4794 777 4862 συμπαθείας
827 4794 1032 4864 ταύτης
1085 4795 1281 4861 γένοιτ’
1305 4795 1370 4848 ἂν
1407 4798 1538 4861 ἴσον,
1592 4800 1638 4850 εἰ
1684 4801 1758 4867 μὴ

197 4887 478 4953 λογισμοῖς
507 4886 596 4936 καὶ
621 4885 836 4954 θελήσει
867 4888 1111 4938 κοινωνεῖ
1141 4903 1232 4939 του
1262 4887 1461 4948 πάθους
1497 4890 1608 4948 τοῖς
1632 4891 1759 4940 δυσ-

200 4979 446 5046 τυχέσιν,
497 4978 611 5029 ἀλλ’
644 4980 826 5040 αὐτοῖς
878 4982 1187 5048 πράγμασι,
1232 4983 1326 5033 καὶ
1369 4981 1473 5032 οὐδ’
1513 4983 1759 5051 ἀνέχεται

205 5070 439 5138 μεσίτης
472 5066 610 5120 εἶναι
638 5070 746 5121 τῶν
773 5070 1068 5140 δυσχερῶν,
1090 5068 1204 5122 ἀλλ’
1238 5072 1314 5134 είς
1348 5073 1536 5122 ἑαυτὸν
1563 5073 1620 5124 τὸ
1653 5075 1760 5124 πᾶν

207 5165 515 5231 ἀναιρεῖται
556 5164 646 5214 καὶ
686 5163 777 5214 τὸν
810 5165 1073 5230 ἡμέτερον
1108 5163 1334 5215 θάνατον
1384 5165 1713 5232 ἀποθνήσκει
1745 5181 1759 5229 ;

206 5255 428 5308 Τούτων
458 5254 562 5306 τῶν
587 5254 759 5320 λόγων
791 5255 868 5316 είς
906 5255 992 5306 τὸν
1019 5256 1121 5306 τῶν
1169 5255 1456 5324 ὁμοφύλων
1503 5253 1683 5308 οἶκτον
1709 5256 1760 5306 τί

204 5348 271 5402 ἂν
307 5348 672 5399 ἐπισπάσαιτο
701 5346 901 5413 μᾶλλον
934 5362 949 5406 ;
978 5346 1036 5396 El
1067 5349 1187 5414 γὰρ,
1225 5346 1284 5398 τὸ
1310 5347 1619 5413 φθάσαντας
1651 5365 1758 5400 πα-

209 5438 319 5490 θιῐν
338 5437 445 5487 τῶν
467 5435 744 5504 δυσχερῶν
771 5432 946 5486 ὁτιοῦν
989 5433 1144 5495 ίλέως
1177 5433 1464 5503 ἐργάζεται
1493 5437 1603 5497 τοῖς
1636 5436 1761 5502 ἄρτι

209 5532 276 5580 τὰ
310 5529 397 5581 ίσα
425 5525 833 5578 κακοπαθοῦσιν
881 5527 1279 5592 οίκειουμένους
1323 5527 1418 5587 τὰς
1451 5529 1757 5597 συμφορὰς,

211 5617 261 5668 τί
298 5619 401 5670 τῶν
425 5615 616 5670 δεινῶν
645 5617 702 5666 οῦ
733 5616 1077 5684 πεπόνθαμεν
1101 5655 1116 5680 ,
1157 5617 1256 5668 οῦκ
1288 5617 1602 5668 ἀπόπτωσιν
1653 5629 1760 5668 πα-

281 5797 326 5828 ⁶³
360 5798 526 5852 Ιξρίπ.
563 5811 615 5856 v,
652 5795 701 5845 7.
784 5797 827 5828 “
872 5794 1001 5848 Luc.
1040 5810 1193 5862 unt,
1227 5797 1316 5849 Ξῖ.

1397 5795 1441 5826 ⁸⁵
1477 5797 1580 5850 lsa.
1639 5811 1755 5862 Lm,
1795 5796 1850 5849 2.

1870 3247 2136 3310 labamus,
2172 3259 2225 3301 et
2260 3248 2314 3302 in
2350 3263 2509 3317 quem
2544 3249 2858 3318 frangendis
2888 3253 3130 3319 imperiis
3157 3255 3275 3321 ejus
3302 3269 3429 3307 ccu-

1871 3339 2142 3393 tumeliosi
2177 3355 2417 3404 eramus,
2444 3341 2556 3407 ipse
2593 3351 2673 3394 est
2709 3342 3021 3403 miseratus,
3053 3344 3428 3398 misericordia

1869 3431 2104 3492 insueta,
2154 3439 2208 3483 et
2266 3431 2446 3486 verbis
2503 3431 2888 3500 inexplicabili,
2945 3443 3000 3485 et
3049 3450 3212 3503 supra
3266 3451 3429 3504 quam

1867 3521 2242 3574 conveniebat.
2282 3522 2397 3576 Non
2448 3523 2592 3575 enim
2648 3532 2857 3575 tantum
2916 3525 3214 3579 libertatem
3272 3529 3431 3581 nobis

1867 3614 2090 3678 cupivit,
2141 3630 2316 3680 neque
2343 3614 2585 3668 dolorem
2625 3626 2871 3668 nostrum
2908 3632 3069 3670 suum
3121 3619 3297 3681 duxit,
3335 3626 3429 3674 sed

1866 3719 1895 3757 a
1931 3705 2086 3758 nobis
2121 3706 2174 3758 in
2227 3721 2284 3759 se
2317 3706 2532 3759 dolores
2567 3715 2783 3761 nostros
2817 3708 3008 3762 ascivit
3040 3717 3204 3777 atque
3247 3719 3430 3764 trans-

1868 3797 2010 3858 tulit,
2046 3808 2099 3849 et
2152 3797 2359 3864 placuit
2387 3795 2467 3850 eis
2500 3812 2621 3850 sors
2647 3797 2975 3861 miseranda,
3011 3810 3066 3852 ut
3111 3814 3210 3852 nos
3243 3799 3429 3856 beatos

1865 3886 2116 3940 (alliceret.
2167 3885 2377 3940 Etenim
2427 3905 2445 3937 t
2485 3888 2536 3940 in
2587 3886 2780 3940 diebus
2812 3890 2992 3942 carnis
3043 3890 3262 3956 sum”,
3301 3909 3318 3941 ι
3373 3901 3430 3944 ιιι

1865 3975 2069 4028 Paulus
2100 3975 2196 4038 ait,
2232 3977 2419 4030 multis
2465 3978 2613 4031 visus
2660 3987 2743 4031 est
2778 3978 3124 4032 miserabilis.
3163 3977 3227 4031 Et
3267 3980 3429 4035 mise~

1866 4069 2062 4122 rationi
2094 4084 2226 4122 sane
2267 4067 2369 4122 fuit
2404 4070 2586 4137 iniqua
2624 4080 2794 4123 morte
2825 4071 3105 4126 moriens:
3147 4089 3164 4120 ι
3200 4071 3427 4141 Plange-

1865 4162 1994 4214 bant
2022 4161 2190 4218 enim,
2224 4159 2419 4227 inquit,
2451 4169 2504 4213 et
2529 4159 2968 4214 lamentabantur
2992 4176 3111 4214 eum
3138 4161 3204 4224 “,
3243 4180 3260 4212 ι
3301 4177 3425 4217 eum

1865 4253 1930 4305 ad
1967 4261 2198 4304 mortem
2235 4253 2541 4304 duceretur.
2597 4250 2704 4304 Nec
2758 4253 2806 4304 id
2865 4251 2898 4304 ii
2953 4255 3151 4314 solum,
3178 4253 3269 4320 qui
3313 4263 3426 4306 tum

1865 4342 2140 4404 vivebant,
2191 4349 2248 4397 et
2299 4341 2636 4407 spectabant,
2675 4338 2955 4404 fecerunt;
3012 4340 3103 4394 sed
3156 4340 3426 4402 ctlsaias.

1866 4433 2034 4486 multo
2093 4441 2220 4486 ante
2277 4447 2400 4484 cum
2455 4431 2792 4500 prouidisset
2855 4431 2979 4484 illud
3028 4434 3425 4499 spectaculum.

1869 4544 1970 4578 tmn
2003 4526 2324 4592 temperavit
2356 4523 2634 4592 lacrymis,
2670 4523 2760 4575 sed
2794 4531 3049 4587 tauquam
3088 4537 3249 4590 super
3279 4539 3429 4576 mor—

1871 4628 1962 4668 tuo
1997 4616 2322 4676 lamentans,
2350 4629 2532 4666 vocem
2569 4613 2927 4667 miserabilem
2961 4612 3134 4665 emisit
3164 4629 3180 4668 :
3220 4633 3236 4664 ι
3282 4612 3425 4666 Vidi-

1873 4723 1993 4760 mus
2021 4722 2163 4769 eum,
2190 4705 2450 4773 inquit,et
2482 4720 2583 4758 non
2619 4705 2846 4756 habebat
2878 4705 3132 4769 speciem,
3152 4706 3383 4772 nequod.
3404 4736 3429 4746 -

1864 4815 2040 4853 corem
2058 4816 2073 4863 ;
2090 4800 2180 4851 sed
2199 4798 2406 4863 species
2425 4799 2540 4855 eius
2567 4797 2905 4852 inhonorata.
2927 4807 2978 4848 et
2995 4796 3273 4856 deﬁciens.
3295 4813 3429 4864 prte-

1866 4901 1945 4945 ter
1989 4890 2126 4942 ﬁlios
2159 4890 2434 4941 hominum
2465 4887 2566 4942 ⁸⁵.»
2590 4887 2728 4951 Quid
2764 4903 2888 4938 cum
2915 4888 3015 4940 hac
3050 4889 3425 4956 eompassione

1864 4982 2099 5036 conferri
2133 4981 2342 5050 potest?
2366 4980 2638 5047 Siquidem
2672 4994 2776 5030 non
2804 4979 3128 5046 cogitatione
3149 4991 3203 5033 et
3232 4981 3425 5034 volun-

1872 5085 1977 5126 tate
2007 5073 2119 5126 sola
2166 5073 2488 5124 miserorum
2535 5072 2671 5122 mala
2723 5069 2908 5133 sentit,
2936 5069 3027 5122 sed
3063 5068 3222 5123 rebus
3267 5070 3419 5138 ipsis.

1873 5179 1972 5216 nec
2005 5162 2355 5214 molestorum
2392 5177 2512 5214 esse
2563 5160 2828 5227 particeps
2875 5161 3006 5214 satis
3040 5163 3216 5220 habet,
3241 5164 3331 5215 sed
3369 5163 3424 5213 in

1869 5270 1926 5307 se
1963 5254 2135 5320 ipsum
2177 5262 2343 5305 totum
2390 5253 2634 5318 suscipit,
2685 5259 2978 5318 nostraque
3029 5260 3202 5306 morte
3261 5255 3427 5306 mori-

1867 5355 1974 5400 tur.
1999 5343 2092 5398 llis
2121 5345 2424 5397 rationibus
2461 5344 2522 5394 ad
2559 5343 2890 5395 miserandos
2935 5343 3183 5397 hui-niues
3233 5355 3425 5400 natura

1869 5437 2156 5489 nobiscum
2189 5436 2538 5502 coniunctos,
2569 5435 2693 5501 quid
2721 5434 2890 5502 magis
2928 5448 3028 5487 nos
3057 5433 3337 5502 impellat?
3366 5434 3422 5489 Si

1873 5529 2016 5580 enim
2056 5527 2207 5594 prius
2243 5541 2496 5594 asperum
2555 5525 2764 5592 quidvis
2821 5537 3134 5592 perpessum
3167 5540 3306 5588 esse,
3339 5542 3422 5579 reo

1871 5633 1998 5674 cens
2040 5618 2225 5671 eadem
2263 5617 2434 5686 passis
2466 5616 2733 5678 conciliat,
2769 5617 2890 5667 dum
2927 5615 2978 5667 in
3021 5615 3086 5669 iis
3114 5631 3242 5670 suas
3275 5618 3423 5671 cala-
