4154 6308
180 363 289 427 ὃῗἿ

1285 360 1377 418 DE
1420 359 1591 420 VITA
1636 358 1709 416 Ν
1749 357 2082 417 CHRISTO
2120 355 2266 415 LIB.
2315 353 2414 413 VI.

3326 350 3435 412 θτὸ

183 496 283 546 νης
310 477 615 545 ἀνθρώποις
656 476 805 538 ὄντες
862 478 1131 544 τεχνῖταις
1170 476 1229 526 Εἰ
1271 476 1324 527 δὲ
1373 479 1469 543 τὴν
1521 473 1749 526 καθόλου

1868 480 1910 524 ;·ι
1976 470 2124 541 pacis
2180 467 2490 521 hominibus
2530 468 2777 518 auctores
2832 463 2961 518 sint.
3004 461 3159 529 Quod
3217 464 3261 517 si
3312 467 3433 517 uni-

182 567 561 637 δικαιοσύνην,
597 568 742 635 λέγω
769 568 865 635 τὴν
899 569 1124 636 ἀρετὴν,
1150 566 1337 636 ἡλίκον
1363 567 1510 618 ἐστὶν
1554 565 1755 632 ἀγαθὸν

183 661 283 712 καὶ
305 652 417 710 οἷον
446 660 581 727 αὐτῇ
618 658 838 709 σύνεστι
869 658 1087 721 κάλλος,
1122 659 1215 709 ἐπὶ
1265 658 1360 709 τοῦ
1397 658 1557 728 ἤθους
1594 657 1755 720 μόνου

185 751 458 818 πάρεστιν
492 752 621 803 ἰδεῖν
666 750 755 802 τοῦ
796 751 1065 817 Σωτῆρος,
1132 749 1225 802 ars
1259 751 1419 817 μόνου
1449 748 1556 800 τῶν
1601 751 1755 799 ἐναν-

182 842 319 893 τίων
348 843 478 894 αὐτὸ
534 841 776 912 καθαρὸν
827 841 1109 902 παντελῶς
1162 840 1595 907 ἐπιδειξαμένου,
1636 839 1757 904 (καὶ

184 935 294 1002 γὰρ
328 934 614 1002 ἁμαρτίαν
646 934 744 985 οὐκ
771 934 1050 1000 ἐποίησεν,
1082 932 1204 984 οὐδὲ
1235 933 1262 982 ό
1293 931 1387 984 τοῦ
1423 932 1630 998 κόσμου
1652 929 1753 998 ἄρ-

183 1045 294 1095 χων
322 1025 498 1086 ἐλθὼν
545 1018 725 1096 εὗρεν,
780 1019 848 1082 οὗ
900 1026 1087 1090 διῶξαι
1137 1025 1428 1092 δυνήσεται
1464 1022 1563 1090 τὴν
1608 1020 1759 1073 θείαν

183 1116 404 1182 ἐκείνην
434 1114 636 1183 ψυχὴν,
668 1115 778 1167 οὐδ’
804 1116 860 1166 ὲν
889 1106 933 1180 ᾧ
964 1112 1238 1181 μέμψαιτο
1286 1113 1382 1180 τὴν
1420 1110 1567 1180 ὤραν
1589 1149 1601 1170 ,
1622 1169 1634 1187 θ
1661 1110 1755 1176 βα-

187 1208 410 1267 σκάνοις
439 1206 793 1274 περισκοπῶν
818 1204 1143 1272 ὀφθαλμοῖς)
1175 1204 1266 1255 τὸν
1293 1203 1389 1271 μὲν
1409 1203 1485 1257 εἰς
1514 1202 1605 1253 τὸν
1628 1202 1759 1269 Χρι-
1790 1220 1791 1223 η

184 1298 308 1346 στὸν
344 1296 434 1348 καὶ
486 1296 686 1365 ἀρετὴν
714 1296 893 1365 ἔρωτα
946 1295 1107 1364 δῆλον
1144 1293 1219 1355 ὡς
1273 1293 1425 1345 οὐδὲν
1476 1292 1607 1345 ἄλλο
1639 1307 1759 1343 ποι-

181 1387 379 1451 οῦντας
436 1387 929 1456 ἢμηχανωμένους
972 1386 1002 1453 ἢ
1047 1388 1115 1438 τὰ
1153 1385 1248 1436 τοῦ
1301 1384 1568 1453 Χριστοῦ¹
1599 1385 1757 1451 μελε·

180 1479 396 1539 τῶντας
424 1479 541 1529 ἔστι
570 1479 777 1531 λαῦεῖν.
820 1477 976 1540 Οῦτῳ
1004 1478 1110 1543 γὰρ
1137 1477 1422 1544 περιέσται
1455 1477 1547 1526 καὶ
1580 1476 1639 1527 τὸ
1657 1474 1755 1543 τῆς

183 1570 383 1637 ἀρετῆς
409 1570 500 1620 καὶ
526 1569 586 1619 τὸ
610 1569 702 1621 τοῦ
730 1568 983 1636 Σωτῆρος
1015 1567 1213 1629 κάλλος
1247 1566 1607 1635 καταμαθεῖν,
1661 1584 1759 1616 κα-

180 1660 489 1726 ταμαθοῦσι
562 1659 619 1711 δὲ
657 1660 751 1711 καὶ
802 1660 999 1726 φιλεῖν,
1031 1658 1106 1720 ὡς
1162 1657 1334 1711 αἴτιον
1386 1656 1443 1708 ὃν
1478 1654 1757 1724 πανταχοῦ

184 1748 279 1800 τοῦ
320 1749 499 1816 φιλεῖν
538 1750 599 1801 τὸ
630 1750 995 1819 καταμαθεῖν,
1029 1750 1150 1801 ἐπεὶ
1184 1752 1277 1800 καὶ
1300 1747 1398 1817 τὴν
1426 1747 1568 1799 Εὔαν
1604 1747 1632 1797 ὁ
1662 1745 1756 1797 τοῦ

185 1838 347 1901 ξύλου
395 1840 608 1907 καρπὸς
648 1841 742 1892 καί
792 1840 968 1893 ταῦτα
999 1839 1375 1908 ἀπειρημένου
1426 1839 1616 1892 τοῦτον
1646 1831 1754 1889 εἷλε

183 1928 279 1981 τὸν
317 1929 538 1998 τρόπον’
606 1947 625 1980 t
670 1931 994 1999 Κατενόησε
1024 1935 1156 1999 γάρ,
1214 1932 1401 2000 φησὶν,
1459 1930 1532 1994 ὡς
1558 1929 1758 1999 ὡραῖος

183 2013 253 2091 ἦν
276 2022 358 2082 εἰς
380 2020 592 2090 ὅρασιν,
623 2020 716 2073 καὶ
763 2020 927 2084 καλὸς
950 2022 1028 2084 είς
1059 2019 1286 2091 βρῶσιν.
1328 2040 1348 2071 ι

260 2282 477 2349 Ἔρωτα
507 2281 563 2333 δὲ
587 2282 822 2346 Χριστοῦ
854 2283 948 2334 καὶ
972 2283 1071 2351 τῆς
1097 2282 1298 2353 ἀρετῆς
1331 2282 1472 2336 οὕτω
1494 2285 1760 2348 λαξόντας

189 2372 285 2426 καὶ
311 2372 568 2441 διωγμῶν
608 2373 747 2441 ὑπὲρ
778 2373 959 2425 αὐτῶν
988 2375 1136 2435 εἰκὸς
1170 2374 1501 2442 ἀνασχέσθαι
1538 2377 1629 2427 καὶ
1662 2393 1763 2445 φυ-

187 2468 307 2532 γεῖν
337 2463 553 2517 ἑλέσθαι
586 2464 785 2532 δεῆσαν
813 2466 907 2517 καὶ
940 2464 1006 2516 τὰ
1031 2464 1318 2518 δεινότατα
1351 2466 1566 2518 πάντων
1596 2466 1762 2519 ἀκοῦ-

192 2572 303 2619 σαι,
339 2556 434 2606 καὶ
459 2556 615 2607 τοῦτο
648 2556 958 2625 χαίροντας,
994 2557 1068 2620 ὡς
1094 2557 1159 2626 δὴ
1192 2558 1468 2624 μεγίστων
1506 2559 1595 2610 καὶ
1630 2558 1762 2610 καλ-

188 2644 389 2697 λίστων
424 2646 609 2707 αὐτοῖς
647 2646 827 2715 γερῶν
866 2648 1247 2715 ἀποκειμένων
1289 2647 1347 2700 ιν
1386 2648 1652 2717 οὐρανοῖς.
1718 2650 1760 2701 0

190 2736 301 2807 γὰρ
328 2740 457 2805 περὶ
483 2737 577 2790 τὸν
602 2737 897 2807 ἀθλοθέτην
923 2738 1032 2793 τῶν
1052 2739 1472 2810 ἀγωνιζομένων
1500 2740 1639 2809 ἔρως
1668 2740 1763 2794 καὶ

189 2827 351 2880 τοῦτο
396 2828 643 2893 δύναται,
700 2830 805 2883 καὶ
853 2833 982 2899 περὶ
1030 2831 1140 2883 τῶν
1204 2832 1372 2901 μήπω
1421 2833 1763 2901 φαινομένων

188 2919 371 2972 ἄθλων
399 2922 545 2972 ποιεῖ
567 2923 845 2975 πιστεύειν
874 2923 1020 2992 αὐτῷ
1052 2925 1144 2975 καὶ
1177 2923 1399 2994 βεϐαίας
1434 2928 1512 2986 είς
1547 2925 1607 2975 τὸ
1637 2925 1764 2993 μέλ-

190 3011 283 3062 λον
311 3010 403 3061 ἐπὶ
435 3009 530 3063 τοῦ
578 3012 846 3081 παρόντος
896 3012 1043 3083 ἔχειν
1072 3013 1311 3077 ἐλπίδας.
1349 3014 1507 3068 Οὕτω
1535 3016 1603 3068 τὰ
1634 3017 1765 3085 Χρι-

191 3098 321 3152 στοῦ
343 3102 467 3163 τοὺς
496 3101 755 3203 ἑκάστοτε
773 3104 1156 3175 λογιζομένους
1178 3109 1273 3159 καὶ
1304 3107 1641 3178 μελετῶντας
1671 3101 1772 3161 καῖ
1790 3140 1836 3203 C

193 3194 449 3259 μετρίους
478 3188 617 3246 εῖναι
651 3197 797 3247 ποιεῖ
828 3197 922 3250 καὶ
946 3197 1045 3265 τῆς
1072 3196 1421 3267 ἀνθρωπείας
1456 3198 1766 3266 ἒπιγνῶμο-

189 3298 289 3343 νας
310 3282 621 3349 ἀσθενείας,
643 3284 783 3338 ὥστε
806 3285 1042 3350 πενθεῖν,
1071 3288 1164 3339 καὶ¹
1187 3282 1395 3359 πράους
1418 3288 1765 3343 ἀποδείκνυσι

187 3369 285 3420 καὶ
334 3368 576 3433 δικαίους
607 3374 701 3424 καὶ
750 3373 1165 3446 φιλανθρώπους
1211 3378 1305 3429 καὶ
1335 3377 1620 3449 σώςρονας
1673 3380 1766 3431 καὶ⁵

188 3460 419 3531 εἰρήνης
476 3463 569 3515 καὶ
624 3462 927 3533 διαλλαγῶν
988 3467 1301 3541 ἀνθρώποις
1356 3470 1616 3540 ἐργάτας,
1673 3472 1767 3523 καὶ

185 3542 336 3601 οὕτω
368 3551 604 3619 Χριστοῦ
640 3554 735 3607 καὶ
761 3556 861 3626 τῆς
890 3558 1093 3629 ἀρετῆς
1126 3560 1552 3629 περιεχομένους
1574 3602 1595 3626 ,
1624 3561 1765 3614 ὥστε

188 3639 335 3709 ὑπὲρ
363 3642 541 3695 αὐτῶν
571 3646 672 3698 οὐκ
705 3647 1000 3717 ἀνέχεσθαι
1034 3650 1219 3719 μόνον,
1254 3651 1391 3707 ἀλλά
1432 3656 1525 3707 καὶ
1555 3654 1766 3725 χαίρειν

180 3731 584 3803 ὒσριζομένους
608 3739 703 3790 καὶ
730 3738 956 3808 ἥδεσθαι
975 3741 1365 3813 διωκομένους.
1402 3745 1512 3799 Καὶ
1542 3747 1677 3809 ὅλως
1696 3746 1767 3799 τὰ

190 3824 431 3891 μέγιστα
472 3828 580 3881 τῶν
620 3830 842 3897 ἀγαθῶν
880 3835 977 3887 καὶ
1012 3834 1137 3889 ὅθεν
1171 3838 1288 3889 ἐστὶ
1326 3854 1635 3908 μακαριους
1658 3857 1765 3907 ,γε-

185 3915 383 3970 νέσθαι
404 3956 420 3978 ,
452 3918 561 3971 τῶν
596 3921 817 3975 ἐννοιῶν
850 3925 1151 3979 ἀπολαύειν
1184 3926 1360 3991 ἔξεστι
1389 3933 1606 3983 τούτων
1672 3933 1765 3985 καὶ

186 4002 339 4056 οὕτω
368 4006 607 4077 τηρῆσαι
636 4008 738 4079 μδν
765 4013 822 4065 ὲν
851 4012 929 4083 τῷ
954 4016 1145 4086 ἀγαθῷ
1170 4021 1271 4087 τὴν
1297 4020 1549 4091 γνώμην,
1578 4022 1678 4092 τὴν
1707 4023 1764 4075 δὲ

187 4101 524 4169 γιγνομένην
556 4100 707 4171 ὥραν
735 4105 905 4174 καλὴν
939 4107 1279 4177 ἐργάσασθαι
1311 4113 1409 4182 τὴν
1436 4115 1638 4186 ψυχὴν,
1672 4118 1764 4169 καὶ

184 4189 431 4267 sev/de
464 4191 572 4243 τῶν
623 4196 942 4265 μυστηρίων
991 4198 1224 4265 φυλάξαι
1267 4202 1520 4267 πλοῦτον,
1558 4206 1651 4257 καὶ
1674 4208 1765 4259 τὸν

188 4279 472 4349 βασιλικὸν
499 4283 575 4353 μὴ
605 4286 764 4355 ῥῆξαι
796 4289 932 4358 μηδὲ
961 4291 1199 4359 ρυπᾶναι
1232 4294 1456 4363 χιτῶνα.
1484 4299 1584 4350 Διά
1608 4298 1765 4351 τοῦτο

189 4370 447 4441 καθάπερ
471 4376 533 4426 τὸ
572 4376 696 4429 νοῦν
732 4377 877 4448 ἔχειν
913 4381 1010 4434 καὶ
1042 4381 1187 4451 λόγῳ
1219 4386 1492 4456 χρῆσθαι..
1526 4391 1623 4456 τῆς
1658 4390 1764 4442 τῶν

1845 1291 1995 1353 Tel),

1862 576 2070 612 versant
2137 558 2405 621 juStitiam
2432 593 2449 619 ,
2501 556 2755 606 virtutem
2786 593 2803 619 ,
2860 556 3080 623 inquam
3108 594 3121 617 ,
3163 565 3429 624 quantum

1860 653 1930 704 sit
1986 652 2225 711 bonum,
2286 656 2338 700 ct
2379 646 2553 715 qualis
2614 646 2733 712 ejus
2796 645 3164 713 pulchritudo,
3222 647 3274 699 in
3316 661 3432 699 mo-

1861 743 2011 795 ribus
2051 749 2101 794 et
2136 740 2243 793 vita
2299 737 2463 790 unius
2523 734 2823 788 Salvatoris
2875 746 2958 789 est
3011 734 3212 796 videre,
3250 744 3434 801 utpmo

1861 834 1953 904 qui
1988 833 2137 885 solus
2186 830 2355 899 ipsam
2401 829 2805 881 contrariorum
2854 826 3148 895 puritatem
3192 824 3432 892 perfecte

1861 932 2104 980 oSIcndit
2131 936 2352 983 (etenim
2390 929 2670 990 peccatum
2701 934 2809 972 non
2838 917 3003 980 fecit;
3045 932 3144 970 nec
3178 905 3432 985 princeps

1862 1016 2025 1086 hujus
2059 1017 2247 1069 mundi
2296 1014 2544 1077 veniens,
2590 1020 2641 1063 et
2688 1009 2938 1062 invidens
2974 1007 3163 1061 oeulos
3201 1007 3434 1060 cireum-

1864 1108 2047 1160 ferens
2080 1107 2312 1167 invenit,
2346 1106 2398 1157 in
2437 1120 2546 1172 quo
2579 1102 2813 1154 animam
2840 1099 2986 1153 illam
3026 1113 3291 1151 accusare
3310 1112 3436 1165 pos-

1863 1212 1965 1260 set.
2004 1213 2101 1251 nec
2151 1200 2203 1250 in
2250 1212 2358 1266 quo
2395 1195 2515 1264 ejus
2564 1191 3027 1260 pulchritudinem
3067 1188 3432 1257 reprehende-

2037 1297 2244 1341 ccrtnm
2299 1296 2401 1350 cst,
2428 1299 2666 1338 amorem
2699 1296 2824 1349 erga
2872 1281 3171 1345 Christum,
3206 1286 3259 1333 et
3308 1288 3438 1346 erga

1864 1379 2139 1441 virtutem,
2174 1377 2289 1445 cjns
2326 1377 2493 1429 vitam
2541 1372 2863 1426 meditantes
2897 1371 3211 1438 adepturos,
3242 1384 3437 1437 quam-

1862 1466 1944 1519 vis
1991 1466 2135 1519 aliud
2198 1465 2333 1518 nihil
2387 1465 2609 1525 faciant,
2646 1472 2741 1516 aut
2796 1462 3077 1529 incipiant.
3142 1460 3233 1513 Sic
3288 1462 3433 1513 enim

1863 1557 2080 1609 abunde
2127 1556 2313 1609 licebit
2345 1567 2396 1608 et
2430 1555 2665 1613 virtutis,
2703 1561 2756 1605 et
2791 1549 3094 1604 Salvatoris
3134 1549 3440 1609 pulchritu-

1865 1646 2047 1699 dinem
2084 1646 2407 1716 intelligere.
2438 1655 2492 1699 ct
2532 1643 2857 1698 intellectum
2891 1655 3096 1705 amare,
3130 1640 3349 1709 quando
3380 1640 3436 1695 in

1865 1724 2013 1793 omni
2051 1754 2108 1793 re
2163 1738 2521 1806 intelligentia
2575 1739 2691 1792 sive
2744 1736 2987 1804 cognitio
3038 1749 3279 1787 amorem
3314 1748 3433 1802 pro-

1865 1848 2055 1887 creare
2089 1831 2373 1887 consuevit
2402 1848 2413 1882 :
2444 1828 2712 1899 siquidem
2753 1837 2805 1881 et
2845 1826 3009 1879 Eram
3048 1823 3255 1879 fructus
3284 1823 3439 1893 ligni,

1866 1923 2028 1993 idque
2059 1922 2232 1987 vetiti,
2262 1922 2366 1975 hoc
2403 1920 2565 1973 modo
2603 1932 2818 1986 pessum
2857 1916 3026 1969 dedit.
3059 1932 3078 1965 ι
3108 1914 3168 1969 Et
3192 1914 3443 1969 animad-

1869 2016 2029 2069 vertit
2066 2015 2283 2081 mulier,
2312 2014 2512 2082 inquit,
2542 2011 2687 2081 quod
2718 2010 2923 2063 bonum
2955 2018 3103 2063 esset
3134 2008 3338 2077 lignum
3367 2007 3438 2061 ad

1870 2106 2224 2169 vescendum,
2257 2116 2309 2160 et
2362 2106 2644 2176 pulchrum
2699 2101 2897 2163 oculis,
2927 2109 3258 2171 aspectuque
3294 2099 3443 2155 dele-

1866 2199 2063 2260 ctabile
2090 2199 2156 2251 °'.
2192 2216 2208 2249 t
2468 2189 2473 2193 ’

1937 2290 2193 2342 Amorem
2248 2274 2447 2341 Christi
2503 2297 2556 2342 et
2606 2287 2823 2341 virtutis
2873 2291 2952 2340 sic
2986 2286 3234 2353 adeptos,
3274 2282 3443 2335 etiam

1868 2392 2273 2449 persecutiones
2316 2391 2540 2447 propter
2594 2380 2709 2433 haec
2766 2380 3036 2434 sustinere
3083 2378 3353 2438 coam-nil,
3389 2382 3444 2431 et

1868 2487 1992 2524 eum
2055 2486 2141 2525 res
2195 2472 2507 2541 postularit,
2546 2471 2729 2537 fugam
2764 2486 2872 2525 non
2916 2483 3197 2533 recusare,
3231 2477 3285 2521 et
3316 2482 3449 2537 pro.

1871 2564 2191 2619 brosissima
2225 2581 2454 2632 quaeque
2486 2565 2697 2627 audire,
2748 2559 2911 2631 idque
2952 2578 3074 2616 cum
3109 2561 3313 2622 lzctitia.
3351 2570 3445 2612 ιι·-

1868 2666 1993 2724 pote
2054 2655 2308 2708 maximis
2363 2654 2862 2724 pulcherrimisque
2901 2650 3137 2722 praemiis
3194 2650 3247 2703 in
3301 2646 3449 2703 caelo

1872 2746 2146 2815 repositis.
2198 2747 2366 2799 Antor
2394 2745 2539 2798 enim
2591 2744 2919 2798 certantium
2966 2756 3092 2810 erga
3129 2740 3442 2809 praesidem,

1872 2847 2454 2907 remuneratoremque
2485 2835 2808 2891 certaminis
2836 2835 2999 2889 etiam
3038 2836 3142 2887 hoc
3168 2842 3367 2903 potest,
3390 2840 3447 2887 ct

1869 2931 1935 2983 de
1968 2930 2207 2999 pramriis
2239 2928 2477 2982 nondum
2510 2929 2662 2990 visis,
2708 2927 2836 2981 facit
2862 2926 2911 2979 ei
2947 2925 3105 2979 iidem
3141 2924 3365 2983 habere.
3390 2931 3446 2975 et

1872 3024 1979 3092 iam
2033 3035 2179 3074 nunc
2229 3020 2540 3073 futurorum
2604 3034 2754 3087 spem
2812 3017 3045 3073 solidam
3095 3029 3304 3084 gerere.
3354 3012 3448 3067 Sic

1870 3110 2147 3165 Christum
2182 3124 2397 3178 semper
2417 3109 2742 3178 cogitantes,
2773 3104 3207 3172 meditantesque
3238 3109 3293 3155 et
3318 3113 3445 3153 mo-

1868 3202 2089 3255 deratos
2120 3199 2319 3262 reddit,
2351 3206 2405 3251 et
2449 3197 2705 3249 humanas
2744 3192 3079 3248 inﬁrmitatis
3122 3203 3345 3259 gnaros,
3385 3194 3449 3241 ut

1870 3293 2109 3358 lugeant,
2138 3290 2468 3359 eosdemque
2503 3300 2556 3342 et
2605 3287 2787 3349 mites,
2810 3297 2864 3340 et
2902 3286 3106 3354 justos.
3155 3294 3210 3336 et
3248 3283 3452 3336 huma—

1870 3399 1992 3443 nos,
2026 3390 2081 3436 et
2111 3381 2389 3435 modestos
2426 3380 2578 3439 facit,
2607 3388 2660 3432 et
2700 3377 2851 3448 pacis
2894 3374 3320 3443 concordia-que
3365 3376 3453 3427 in-

1872 3484 2156 3543 terpretes,
2180 3473 2426 3541 adeoque
2447 3471 2693 3532 Christo,
2712 3478 2767 3524 et
2792 3469 2995 3523 virtute
3021 3467 3442 3534 circumseptus,

1870 3575 1927 3619 ut
1946 3581 2053 3633 pro
2078 3564 2145 3618 iis
2177 3578 2283 3618 non
2309 3564 2483 3618 solum
2511 3562 2788 3631 patiantur
2812 3599 2829 3623 ,
2862 3559 2956 3615 sed
2980 3557 3252 3629 gaudeant
3280 3558 3447 3611 etiam

1869 3656 2083 3723 injuriis
2131 3654 2373 3714 multari.
2431 3664 2484 3708 et
2545 3654 2595 3707 in
2642 3651 3120 3724 persecutionibus
3146 3650 3445 3705 exsultent.

1869 3748 1955 3811 Et,
1995 3759 2054 3801 ut
2089 3750 2403 3801 summatim
2436 3747 2639 3810 dicam,
2672 3745 2815 3799 bona
2856 3743 3216 3813 amplissima,
3242 3753 3297 3797 et
3326 3744 3450 3811 qui--

1870 3840 1969 3894 bus
2001 3839 2233 3893 beatitas
2280 3846 2516 3898 constat,
2548 3852 2611 3891 ex
2646 3834 3070 3905 cogitationibus
3107 3833 3225 3888 istis
3268 3832 3447 3901 perci-

1869 3948 1993 4000 pere
2024 3946 2350 3998 possumus;
2386 3939 2439 3983 et
2472 3928 2541 3983 ita
2583 3929 2635 3981 in
2666 3941 2731 3981 eo
2756 3927 2849 3996 qui
2885 3940 3101 3980 summe
3133 3924 3310 3978 bonus
3340 3933 3446 3986 est,

1869 4034 2103 4076 mentem
2131 4021 2431 4085 custodire,
2458 4021 2676 4093 solitam
2707 4016 3172 4088 pulchritudinem
3204 4025 3448 4077 servare,

1868 4116 2104 4168 animam
2138 4113 2418 4165 meliorem
2450 4114 2694 4172 reddere,
2724 4119 3092 4179 acceptaeque
3118 4123 3148 4162 a
3174 4107 3452 4178 mysteriis

1868 4222 2000 4274 opes
2030 4205 2195 4269 tueri,
2225 4216 2275 4258 et
2330 4205 2563 4273 regalem
2613 4202 2875 4256 tunicam
2898 4215 3003 4255 non
3036 4208 3313 4269 rumpere;
3344 4213 3451 4253 nec

1868 4297 2170 4354 sordidare.
2208 4294 2271 4349 Et
2304 4294 2514 4349 ideirco
2551 4293 3012 4362 quemadmodum
3050 4290 3247 4345 mentis
3295 4305 3451 4343 cmu-
3488 4352 3491 4355 _

1869 4398 2045 4460 potem
2101 4403 2243 4452 esse,
2295 4396 2350 4440 et
2400 4389 2609 4441 ratione
2647 4387 2744 4451 ttti,
2780 4386 3032 4439 humanis
3068 4394 3198 4439 natu
3232 4402 3278 4438 αι
3322 4398 3449 4453 pro-

185 4459 499 4551 ἀνθρώπων
532 4463 745 4530 φύσεως
782 4466 914 4520 ῖδιον
936 4507 953 4532 ,
983 4469 1127 4522 οῦτω
1158 4472 1227 4525 τὰ
1262 4475 1503 4541 Χριστοῦ
1539 4476 1764 4547 θεωρεῖν

1872 4459 2047 4551 prium
2081 4490 2197 4544 est;
2235 4479 2315 4532 sic
2358 4494 2446 4532 res
2477 4477 2681 4532 Christi
2726 4477 3089 4546 contemplari
3142 4491 3279 4546 Opus
3322 4493 3448 4530 esse

184 4550 356 4618 ἔργον
383 4547 523 4604 εἶναι
553 4554 655 4623 χρὴ
683 4557 928 4625 νομίζειν
954 4559 1049 4612 τοῦ
1076 4560 1366 4633 λογισμοῦ,
1401 4566 1636 4633 μάλιστα
1667 4570 1764 4636 μὲν

184 4644 273 4695 δτι
306 4644 366 4694 τὸ
402 4645 773 4717 παράδειγμα,
812 4650 950 4718 πρὸς
978 4651 1005 4703 ό
1044 4652 1128 4704 δεῖ
1160 4653 1382 4721 βλέπειν
1420 4659 1759 4727 ἀνθρώπους,

185 4735 252 4786 ἀν
283 4736 347 4788 τέ
377 4752 427 4788 τι
455 4738 549 4808 δέῃ
570 4740 830 4808 πράττειν
860 4742 948 4811 ἐφ’
970 4745 1183 4798 ἑαυτῶν
1213 4748 1434 4811 αὐτοὺς,
1472 4750 1537 4803 ἀν
1563 4768 1623 4803 τε
1650 4755 1763 4816 τοῖς

184 4827 376 4891 ἀλλοις
408 4828 516 4881 τῶν
559 4829 787 4886 δεόντων
822 4834 1099 4903 ἡγεῖσθαι,
1141 4837 1302 4905 μόνος
1341 4840 1489 4891 ἐστὶν
1536 4840 1760 4909 Ἰησοῦς,

185 4917 243 4981 ὃς
292 4918 389 4971 καὶ
421 4918 530 4973 τῶν
565 4920 709 4974 ίδίων
755 4924 918 4978 ἕνεκα
948 4928 1052 4983 καὶ
1089 4929 1190 4996 τῆς
1242 4929 1519 4994 πολιτείας
1551 4932 1766 5000 πρῶτος

187 5007 288 5059 καὶ
320 5007 484 5075 μέσος
507 5012 601 5063 καὶ
625 5011 936 5076 τελευταῖος
951 5017 1051 5084 τὴν
1080 5016 1342 5089 ἀληθινὴν
1367 5020 1646 5086 ὑπέδειξεν
1673 5024 1764 5076 ἀν-

188 5097 447 5167 θρώποις.
484 5102 853 5175 δικαιοσύνην.
905 5106 1137 5162 Ἔπειτα
1190 5112 1285 5163 καὶ
1334 5111 1506 5181 γέρας
1548 5113 1697 5166 ἐστὶν
1742 5116 1771 5166 ό

189 5191 359 5252 αὐτὸς
395 5192 491 5244 καὶ
534 5195 822 5263 στέφανος,
850 5198 909 5250 ὃν
960 5200 1043 5251 δεῖ
1078 5200 1261 5254 λαϐεῖν
1304 5204 1768 5273 ἀγωνισαμένουε.

189 5281 407 5335 Οὐκοῦν
448 5285 530 5347 είς
576 5287 784 5343 ἐκεῖνον
829 5292 964 5363 ὁρᾷν
1008 5293 1089 5345 δεῖ
1118 5295 1213 5346 καὶ
1251 5296 1503 5349 τάκείνου
1542 5300 1764 5350 σκοπεῖν

189 5375 463 5445 ἀκριὸῶς,
488 5380 585 5433 καὶ
600 5377 675 5444 ὡς
694 5380 868 5435 ἔνεστι
892 5385 1185 5455 πειρᾶσθαι
1205 5404 1345 5440 κατα
1354 5389 1670 5458 μανθάνειν.
1698 5391 1765 5442 iv‘

190 5465 428 5533 εἰδῶμεν
454 5468 531 5529 ὡς
571 5469 654 5522 δεῖ
681 5471 881 5527 πονεῖν.
925 5475 1004 5528 Τά
1037 5472 1145 5547 γὰρ
1185 5474 1321 5531 ἆθλα
1352 5482 1462 5541 τοῖς
1506 5480 1767 5547 ἀθληταῖς

197 5561 394 5627 μετρεῖ
418 5562 544 5624 τοὺς
573 5563 816 5635 ἀγῶνας,
851 5568 1140 5624 καὶταῦτα
1169 5571 1613 5635 ἀποσκοποῦντες
1643 5574 1767 5637 τοὺς

263 5738 312 5771 ⁸⁸
342 5740 480 5796 Gen.
526 5756 611 5806 ιιι,
647 5741 703 5798 6.

1872 4574 2223 4643 cegitationis
2254 4570 2680 4625 existimandum
2706 4578 2807 4625 est.
2836 4569 3089 4633 Maxiu'e,
3110 4572 3235 4639 quia
3262 4585 3419 4624 exem

1873 4667 2011 4735 plar,
2066 4663 2133 4717 ad
2180 4660 2323 4731 quod
2367 4660 2680 4715 hominibus
2716 4662 3119 4728 respiciendum
3175 4669 3277 4721 est,
3331 4663 3449 4717 sive

1874 4773 2010 4824 epos
2045 4766 2127 4810 est
2158 4753 2547 4823 agere-aliquid
2573 4753 2725 4822 ipsos
2758 4754 2810 4804 in
2842 4752 3061 4819 seipsis,
3085 4754 3197 4807 sive
3231 4753 3354 4808 aliis
3392 4757 3446 4808 in

1872 4848 2048 4903 oliicio
2105 4845 2483 4916 praeeuntium.
2539 4844 2687 4897 solus
2742 4855 2824 4897 est
2875 4842 3059 4908 Jesus,
3092 4844 3184 4913 qui
3236 4854 3291 4898 et
3340 4860 3447 4913 qua

1874 4940 2089 5010 prepria
2142 4951 2351 5002 nostra,
2394 4950 2447 4993 et
2482 4952 2587 5005 qua
2626 4938 2678 4990 in
2736 4936 3137 4991 consuetudine
3166 4938 3446 4993 convicm-

1874 5048 1979 5103 que
2012 5031 2211 5100 posita.
2237 5030 2472 5097 primus,
2506 5028 2741 5086 medius.
2775 5029 3023 5089 ultimus.
3051 5043 3234 5083 veram
3271 5029 3451 5083 homi-

1873 5122 2035 5177 nibus
2070 5122 2337 5190 justitiam
2375 5119 2633 5174 ostendit.
2685 5118 2887 5172 Deinde
2916 5130 2969 5173 et
3016 5121 3299 5189 praemium
3330 5124 3452 5190 ipse

1872 5225 1975 5277 est,
2012 5228 2066 5266 et
2103 5228 2305 5265 corona
2334 5221 2417 5266 est
2448 5212 2784 5277 certantibus
2810 5212 3104 5264 oll'vrenda.
3137 5213 3327 5279 Itaque
3358 5216 3451 5270 ille

1874 5315 2000 5358 ante
2028 5304 2219 5358 oculos
2254 5304 2561 5381 ponendus,
2590 5314 2642 5355 et
2675 5320 2794 5371 qme
2836 5304 2979 5356 illius
3014 5314 3165 5367 sunt,
3193 5318 3454 5362 accurate

1874 5394 2279 5473 perpendenda,
2311 5403 2365 5447 et
2411 5402 2683 5462 quatenus
2717 5394 2861 5454 licet,
2904 5395 3205 5449 missorum
3247 5398 3449 5451 intelli-

1877 5488 2114 5558 gentiam
2148 5484 2485 5550 enitendum,
2513 5496 2570 5537 ut
2605 5485 2865 5550 sciamus,
2896 5487 3171 5552 quomodo
3199 5490 3455 5543 luhoran-

1879 5582 2029 5633 dum.
2063 5576 2288 5631 I‘rtemia
2313 5577 2457 5629 enim
2488 5577 2657 5629 athlet
2682 5592 2709 5631 ε
2740 5593 2940 5645 agones
2976 5584 3293 5645 metiuntur,
3319 5594 3370 5634 et
3394 5582 3456 5637 in
