4140 6318
193 392 299 463 681

1256 402 1353 461 DE
1391 399 1567 459 VITA
1604 397 1684 459 IN
1722 396 2056 463 CHRISTO
2093 402 2241 463 LIB.
2284 401 2389 464 VI.

3360 404 3466 468 652

188 511 258 563 τὸ
288 510 443 579 γένος
474 510 621 563 ἆπαν
645 509 722 574 είς
749 502 938 564 ἑαυτὸν
966 510 1199 582 ἥρμοσε,
1231 512 1347 576 πῶς
1371 512 1431 568 οὗ
1455 512 1523 567 τά
1551 512 1777 582 δεύτερα

1885 515 2162 584 quomodo
2194 515 2500 585 posteriora
2526 515 2773 585 priorum
2805 529 2912 571 non
2941 518 3209 590 exempla,
3233 530 3285 573 et
3316 520 3464 577 hune

185 602 306 654 τῶν
330 603 612 671 προτέρων
634 602 1077 673 παραδείγματα,
1110 605 1206 658 καὶ
1230 604 1319 658 τὸν
1348 603 1448 674 μὲν
1471 604 1779 674 ἀρχέτυπον

189 691 339 747 εἶναι
378 694 482 765 χρὴ
529 694 797 762 νομίζειν,
838 694 929 748 τὸν
974 694 1033 748 δὲ
1074 696 1287 749 ἐκεῖθεν
1323 695 1619 766 είλῆφθαι;
1658 694 1779 748 Τῶν

190 784 308 854 γάρ
334 785 721 849 ἀτοπωτάτων,
747 786 886 855 πρὸς
916 786 984 839 τά
1014 786 1183 857 ἀτελῆ
1212 786 1281 840 τὰ
1314 786 1620 840 τελεώτατα
1647 785 1780 838 πτΞιν-⁴

192 894 306 931 των
349 876 667 945 ἐπείγεσθαι
709 872 972 945 νομίζειν,
1030 880 1126 933 καὶ
1164 881 1276 943 τοῖς
1326 879 1559 949 βελτίοσι
1605 895 1781 947 παρα-

189 969 468 1037 δείγματα
518 968 841 1037 προκεῖσθαι
889 970 956 1023 τά
1001 972 1206 1039 χείρω,
1243 972 1333 1023 καὶ
1373 970 1499 1033 τοὺς
1545 970 1779 1038 τυφλοὺς

194 1060 451 1127 ἡγεῖσθαι
510 1060 624 1121 τοῖς
672 1057 982 1128 βλέπουσιν.
1014 1057 1109 1119 ΟύΔ
1142 1064 1253 1128 γὰρ
1312 1061 1396 1112 ὅτι
1447 1060 1538 1112 τὸν
1591 1059 1780 1128 χρόνον

196 1149 446 1218 πρότερα
482 1151 685 1211 ἐκεῖνα,
742 1150 953 1204 δίκαιον
1019 1150 1085 1203 ἂν
1144 1152 1234 1219 εἴη
1294 1148 1627 1218 θαυμάζειν,
1664 1148 1781 1202 ἀλλ’

193 1240 279 1292 ὅτι
310 1238 494 1292 τέλεια
538 1240 710 1294 ταῦτα
743 1241 851 1294 τῶν
888 1241 1091 1295 ἀτελῶν
1132 1243 1307 1312 ἀρχὰς
1352 1238 1493 1296 εῖναι
1534 1241 1779 1313 προσῆκε

200 1332 515 1384 πισττεύειν
538 1332 715 1386 έκεῖνο
743 1333 1175 1403 ἐνθυμουμένους
1198 1374 1213 1398 ,
1254 1334 1336 1386 ὅτι
1366 1333 1463 1387 καὶ
1510 1332 1649 1403 πρὸς
1683 1332 1781 1403 τὴν

192 1422 491 1491 ἀνθρώπου
523 1423 713 1492 χρείαν
740 1422 911 1477 πολλά
939 1424 1376 1479 κατεσκεύασται
1408 1424 1506 1494 μὲν
1541 1425 1779 1495 πρότερα

177 1513 275 1577 δὲ,
312 1515 407 1568 καὶ
434 1516 462 1567 ὀ
502 1515 723 1568 πάντων
755 1514 960 1568 τούτων
1005 1515 1187 1569 κανὼν
1224 1516 1509 1586 ἄνθρωπος
1552 1514 1781 1578 ὕστατος

190 1602 455 1656 ἁπάντων
498 1603 601 1672 τῆς
639 1604 742 1672 γῆς
789 1605 1131 1675 ἐξελήλυθεν.
1182 1603 1325 1660 Εἶεν.
1370 1607 1542 1674 ’Υπὲρ
1575 1607 1781 1660 τούτων

190 1694 377 1747 τοίνυν
399 1695 661 1751 ἀπάντων
695 1696 787 1749 καὶ
818 1696 978 1765 φύσει
1008 1697 1104 1750 καὶ
1132 1698 1329 1770 γνώμῃ
1370 1700 1464 1750 καὶ
1499 1697 1780 1766 λογισμοίς

190 1783 483 1854 ἄνθρωπος
502 1787 637 1856 πρὸς
660 1786 751 1840 τὸν
774 1786 1009 1855 Χριστὸν
1039 1788 1200 1852 ίεται,
1226 1772 1287 1842 οὗ
1311 1789 1399 1842 διὰ
1427 1787 1524 1859 τὴν
1552 1788 1782 1859 θεότητα

195 1875 383 1943 μόνον,
414 1876 451 1945 ἢ
481 1876 701 1930 πάντων
730 1874 866 1931 οὖσα
898 1879 1155 1948 τυγχάνει
1181 1878 1353 1942 τέλος,
1390 1877 1525 1931 ἀλλὰ
1556 1882 1652 1931 καὶ
1684 1879 1781 1947 τῆς

192 1964 414 2032 φύσεως
442 1967 609 2020 ἕνεκα
628 1968 725 2037 τῆς
746 1969 963 2037 ἐτέρας.
991 1965 1260 2032 mlo-310;
1289 1970 1387 2039 μὲν
1406 1970 1465 2021 τὸ
1491 1970 1780 2039 κατάλυμα

190 2055 309 2108 τῶν
341 2056 702 2127 ἀνθρωπίνων
730 2060 839 2129 ὲριῖ,
852 2076 971 2123 των,
999 2055 1151 2123 οὗτος
1181 2060 1238 2113 δὲ
1270 2061 1450 2131 τρυφὴ
1477 2060 1777 2131 λογισμῶν,

191 2147 374 2200 καὶτὸ
405 2147 556 2217 παρὰ
580 2148 770 2202 τοῦτον
798 2149 977 2203 ὁτιοῦν
1005 2150 1037 2218 ἢ
1069 2149 1244 2217 φιλεῖν
1277 2151 1310 2221 ἢ
1347 2150 1659 2220 λογίζεσθαι
1688 2169 1783 2204 πε-

194 2236 435 2308 ριφανὴς
454 2236 549 2291 τοῦ
576 2238 787 2303 δέοντος
819 2239 1065 2310 ἁμαρτία
1096 2241 1190 2301 καὶ
1220 2241 1328 2293 τῶν
1357 2242 1416 2308 ἐξ
1447 2242 1621 2312 ἀρχῆς
1653 2242 1785 2295 ὐπο-

189 2330 462 2384 τεθέντων
492 2334 559 2399 τῇ
591 2330 750 2399 φύσει
779 2334 1143 2403 παρατροπή·
1176 2333 1251 2396 ὡς
1278 2334 1344 2387 ἂν
1375 2333 1432 2387 δὲ
1458 2336 1592 2404 πρὸς
1620 2335 1782 2388 αὐτὸν

193 2421 347 2490 ἔχειν
382 2420 467 2474 ἀεὶ
523 2421 809 2491 δυνώμεθα
847 2422 944 2494 τὴν
991 2425 1221 2494 μελέτην
1256 2426 1351 2476 καὶ
1390 2426 1593 2495 ταύτης
1632 2419 1782 2495 ὦμεν

192 2510 462 2564 ἑκάστοτε
505 2512 607 2582 τῆς
657 2504 917 2584 σπουδῆς,
955 2515 1119 2568 αὐτὸν
1175 2516 1434 2587 καλῶμεν
1477 2518 1600 2572 ὅσαι
1640 2511 1781 2589 ὧραι

189 2602 307 2655 τῶν
350 2603 629 2673 λογισμῶν
675 2606 772 2675 τὴν
801 2606 1079 2660 ὑπόθεσιν.
1123 2609 1350 2671 Πάντως
1397 2609 1455 2662 δὲ
1502 2610 1564 2661 οὐ
1604 2627 1783 2679 παρα-

192 2692 404 2761 σκευῆς
444 2694 582 2765 πρδς
622 2695 724 2757 τὰς
771 2695 938 2767 εὐχὰς
971 2697 1053 2749 δεῖ
1107 2698 1202 2751 καὶ
1258 2699 1439 2753 τόπων
1477 2699 1599 2753 οὐδὲ
1655 2700 1784 2769 βοῆς

192 2787 410 2837 ἐκεῖνον
438 2787 694 2861 καλοῦσιν
713 2804 728 2819 ·
758 2788 819 2840 οὐ
849 2788 957 2857 γάρ
985 2787 1135 2841 ἐστιν
1155 2784 1214 2844 οὗ
1249 2791 1323 2860 μὴ
1357 2790 1645 2861 πάρεστιν,
1672 2790 1782 2845 οὐδ’

194 2875 351 2927 ἐστιν
373 2876 521 2938 ὅπως
550 2857 626 2948 μῆ
656 2877 903 2931 σύνεστιν
926 2879 1079 2948 ἡμῖν,
1115 2880 1173 2943 ὃς
1206 2857 1268 2947 γε
1300 2857 1412 2944 τοῖς
1435 2857 1659 2950 ζητοῦσι
1685 2884 1781 2935 καὶ

193 2966 371 3035 αὐτῆς
408 2967 592 3035 ἐγγιόν
626 2971 745 3022 ὲστι
786 2968 887 3039 τῆς
932 2970 1185 3043 καρδίας.
1235 2973 1559 3027 Ἀκόλουθον
1598 2973 1656 3027 δὲ
1690 2975 1783 3027 καὶ

192 3058 268 3111 τά
316 3058 466 3129 παρά
504 3059 615 3114 τῶν
659 3060 837 3130 εὐχῶν
876 3063 1006 3131 ἡμῖν
1039 3061 1111 3124 ὡς
1155 3064 1464 3133 ἀπαντήσει
1499 3064 1644 3132 μάλα
1688 3082 1779 3117 πι-

1885 606 2270 677 archetypum,
2306 607 2457 661 illum
2486 621 2619 662 vero
2677 607 2803 663 inde
2844 618 3126 679 sumptum
3154 622 3206 666 et
3237 626 3463 682 expres-

1884 710 2002 750 sum
2039 712 2144 751 non
2171 698 3137 757 existimabimus?Absurdissimum
3168 703 3369 781 quippe
3383 714 3468 759 est

1884 798 2076 854 putare
2126 789 2372 842 omnium
2426 790 2827 858 perfectissima
2881 791 2948 846 ad
2996 792 3316 861 imperfecta
3352 796 3467 849 exi-

1883 875 2172 945 genda,.et
2206 879 2527 935 melioribus
2554 882 2805 949 exempla
2833 881 3104 937 deteriora
3138 898 3463 953 praeponen-

1882 969 1977 1032 da,
2002 979 2056 1024 et
2090 984 2119 1024 τι
2162 972 2323 1026 amcis
2372 975 2726 1041 praeeuntium
2779 974 3110 1031 videntibus.
3165 975 3281 1032 Non
3316 980 3462 1032 enim

1883 1060 2013 1128 quia
2047 1059 2139 1117 illa
2163 1072 2407 1131 tempore
2443 1064 2647 1130 priora,
2679 1064 2956 1135 adeojure
2985 1067 3328 1133 admiranda,
3368 1070 3465 1123 sed

1884 1150 2014 1220 quia
2061 1149 2177 1206 haec
2222 1153 2464 1221 perfecta
2514 1165 2661 1222 sunt,
2710 1157 3157 1226 imperfectorum
3202 1161 3467 1230 principia

1885 1255 2007 1296 esse
2031 1241 2234 1297 debere
2281 1245 2610 1306 credendum
2654 1257 2757 1310 est.
2805 1259 2858 1304 ct
2903 1249 3035 1303 illud
3089 1252 3466 1321 cogitandum,

1884 1331 2050 1385 etiam
2081 1332 2148 1386 ad
2183 1335 2424 1391 hominis
2457 1353 2618 1393 usum
2663 1340 2833 1393 multa
2862 1340 3017 1407 prius
3046 1351 3237 1411 parata
3272 1342 3467 1397 fuisse.

1884 1415 2117 1489 Propter
2157 1422 2275 1478 haec
2326 1427 2509 1481 omnia
2548 1428 2714 1497 igitur
2743 1438 2797 1484 et
2826 1438 3044 1495 natura,
3073 1441 3128 1485 et
3161 1433 3466 1497 voluntate,

1884 1520 1939 1566 et
1972 1514 2403 1582 cogitationibus
2456 1518 2738 1575 Christum
2792 1522 2957 1578 homo
3010 1524 3305 1597 desiderat,
3358 1540 3467 1579 non

1886 1618 2105 1674 pr0pter
2134 1606 2391 1663 deitatem
2442 1620 2675 1677 tantum,
2727 1630 2846 1683 quae
2894 1626 2976 1671 est
3025 1617 3273 1670 omnium
3322 1617 3466 1683 linis,

1886 1698 1980 1753 sed
2030 1708 2084 1753 et
2144 1709 2367 1770 propter
2420 1703 2645 1757 alteram
2681 1716 2961 1760 naturam.
3018 1707 3083 1761 Et
3122 1708 3213 1763 hic
3246 1709 3466 1779 quidem

1886 1788 2184 1861 (Christus)
2215 1792 2581 1848 diversorium
2613 1806 2697 1850 est
2750 1812 3030 1855 armorum
3069 1800 3461 1867 humanorum,

1887 1880 1975 1936 hic
2000 1881 2213 1938 deliciae
2247 1885 2663 1954 cogitationum,
2689 1896 2744 1942 et
2770 1899 2971 1959 pneter
3003 1890 3148 1946 hunc
3179 1894 3469 1963 quodcun-

1885 1986 1990 2040 que
2021 1982 2116 2028 aut
2145 1989 2352 2042 amare,
2385 1986 2478 2032 aut
2509 1978 2772 2048 cogitare,
2810 1980 3102 2038 manifesta
3133 1992 3220 2040 est
3252 1985 3321 2040 ab
3348 1984 3469 2041 om-

1885 2063 1971 2116 cio
2011 2062 2310 2131 aberratio,
2365 2075 2419 2121 et
2465 2082 2496 2123 a
2537 2070 2730 2137 primis
2773 2077 2997 2128 naturae
3050 2075 3339 2145 principiis
3377 2079 3472 2132 de-

1885 2153 2066 2211 ﬂexio.
2109 2154 2180 2211 Ut
2212 2166 2395 2212 autem
2429 2160 2609 2229 ipsum
2647 2176 2864 2233 semper
2895 2166 3146 2221 meditari
3175 2183 3467 2236 queamus,

1884 2251 1938 2299 et
1973 2244 2029 2299 in
2058 2246 2161 2301 hoc
2184 2249 2368 2303 studio
2404 2266 2843 2322 perseveremus,
2870 2257 3048 2325 ipsum
3070 2260 3466 2331 cogitationum

1884 2348 2267 2406 argumentum
2322 2341 2471 2396 horis
2521 2346 2783 2403 omnibus
2841 2350 3181 2411 invocemus.
3232 2353 3469 2417 Omnino

1885 2437 2066 2483 autem
2102 2444 2209 2485 non
2250 2436 2653 2502 praaparatione
2704 2439 2769 2493 ad
2816 2454 3006 2509 preces
3054 2458 3194 2514 Opus
3225 2456 3329 2511 est,
3371 2465 3472 2504 nec

1886 2516 2055 2583 locis,
2090 2535 2191 2575 nec
2239 2523 2573 2580 clamoribus
2603 2535 2688 2582 est
2736 2528 3079 2588 invocandus
3118 2554 3130 2588 :
3171 2552 3280 2591 non
3323 2540 3468 2594 enim

1886 2619 1971 2665 est
2002 2611 2154 2669 locus
2191 2613 2282 2669 ubi
2336 2631 2581 2685 praesens
2631 2634 2739 2674 non
2789 2623 2883 2687 sit,
2915 2640 3016 2680 nec
3045 2638 3131 2681 est
3174 2628 3266 2683 ubi
3310 2634 3470 2688 nobis

1888 2713 1999 2753 non
2046 2700 2209 2769 adsit,
2245 2706 2337 2773 qui
2364 2708 2741 2774 quaerentibus
2773 2725 2832 2767 se
2871 2713 2989 2781 ipso
3037 2718 3202 2771 c0rde
3246 2721 3470 2790 pr0pior

1885 2798 1988 2844 est.
2017 2790 2380 2864 Consequens
2417 2809 2601 2853 autem
2638 2810 2742 2863 est,
2782 2803 2945 2857 etiam
2982 2818 3301 2862 constanter
3348 2825 3472 2863 cre-

1885 2878 2037 2945 dere,
2062 2895 2184 2950 quaa
2213 2897 2526 2951 precamur,
2572 2887 2727 2943 nobis
2759 2899 3048 2957 eventura,
3079 2909 3181 2950 nec
3210 2896 3334 2950 ideo
3364 2899 3466 2951 du-

1888 2970 2079 3038 bitare,
2111 2973 2242 3043 quia
2278 2990 2473 3032 sumus
2508 2979 2768 3049 improbi.
2800 2983 2897 3036 sed
2929 2984 3125 3051 ﬁdere,
3150 2989 3279 3056 quia
3316 2988 3473 3043 Chri-

1885 3073 2003 3117 stus
2051 3072 2136 3121 est
2181 3066 2274 3135 qu’i
2327 3084 2495 3138 super
2548 3070 2797 3140 ingratos
2845 3082 2898 3128 et
2945 3076 3119 3132 malos
3152 3078 3465 3137 invocatur.

198 3149 438 3223 στεύειν,
476 3149 572 3204 καὶ
614 3150 690 3220 μὴ
723 3151 1041 3218 ἐνδοιάζειν,
1075 3153 1157 3205 ὅτι
1194 3156 1421 3224 πονηροὶ
1454 3151 1545 3207 τὸν
1582 3155 1780 3223 τρόπον

1887 3151 2024 3218 Quia
2073 3161 2285 3209 tantum
2322 3158 2477 3214 abest
2518 3169 2630 3216 uta
2667 3163 2871 3233 quibus
2896 3166 3138 3225 offensus
3168 3179 3250 3225 est
3278 3185 3468 3227 servos

197 3240 388 3310 ἡμεῖς,
421 3239 557 3293 ἀλλά
598 3239 847 3311 θαρρεῖν,
882 3242 963 3294 ὅτι
997 3241 1235 3313 χρηστὸς
1263 3245 1290 3295 ὁ
1322 3241 1656 3312 καλούμενος
1688 3244 1782 3297 ἐπὶ

196 3333 327 3391 τοὺς
343 3329 674 3400 ἀχαρίστους
700 3331 797 3384 καὶ
820 3332 1110 3402 πονηροὺς,
1129 3333 1186 3395 ὃς
1206 3349 1271 3400 γε
1289 3333 1540 3387 τοσοῦτον
1562 3334 1779 3403 ἀπέχει,

195 3420 875 3489 τοῦςηπροσκεκρουκότας
910 3423 1016 3474 τῶν
1043 3421 1245 3476 δούλων
1273 3424 1559 3494 δεομένους
1590 3442 1781 3495 περιοο

201 3510 342 3579 ρᾷν,
384 3506 526 3560 ὥστε
579 3510 746 3579 μήπω
789 3509 1127 3575 καλέσαντας
1170 3513 1307 3582 μηδὲ
1346 3513 1501 3582 λόγον
1540 3515 1781 3570 ὁντινοῦν

197 3598 415 3652 ἐκείνου
447 3602 851 3670 ποιησαμένους
874 3601 1037 3665 αὐτὸς
1065 3604 1165 3673 τὴν
1192 3603 1297 3675 γῆν
1318 3604 1637 3660 καταλαϐὼν
1654 3609 1782 3662 ἐκά-

198 3692 326 3745 λεσε
359 3692 601 3760 πρῶτος.
640 3712 658 3745 ι
691 3687 898 3746 Ἦλθον
952 3695 1083 3764 γὰρ,
1134 3696 1287 3764 φησι,
1337 3697 1564 3752 καλέσαι
1604 3700 1783 3768 ἀμαρ-

196 3781 444 3846 τωλούςο
518 3801 536 3834 ι
592 3786 620 3837 ὁ
670 3782 727 3837 δὲ
791 3784 928 3854 μηδὲ
995 3784 1350 3856 βουλομένους
1412 3788 1555 3843 οὕτω
1613 3789 1780 3862 ζητή-

196 3889 323 3937 σας,
382 3872 465 3936 τίς
524 3873 591 3927 ἂν
638 3875 727 3944 είη
777 3874 1142 3946 καλούμενος;
1184 3879 1275 3931 καὶ
1330 3881 1383 3934 εί
1452 3883 1780 3951 μισούμενος

193 3964 450 4031 ἐφίλησε,
504 3964 620 4027 πῶς
649 3963 933 4019 ἀπώσεται
966 3966 1327 4038 φιλούμενοςς
1365 3973 1430 4024 Ὃ
1462 3973 1554 4027 καὶ
1606 3976 1782 4045 δηλῶν

191 4056 225 4107 ὁ
290 4054 525 4117 Παῦλος,
590 4074 606 4107 ι
673 4057 735 4109 El
787 4057 973 4127 ἐχθροὶ
1022 4057 1174 4122 ὄντες
1223 4060 1648 4132 κατηλλάγημεν
1706 4066 1783 4133 τῷ

191 4144 317 4216 Θεῷ
358 4145 446 4199 διὰ
476 4144 570 4199 τοῦ
607 4145 839 4200 θανάτου
876 4146 970 4201 τοῦ
1005 4148 1134 4202 Υίοῦ
1169 4152 1371 4217 αὑτοῦ,
1406 4157 1560 4224 φησι,
1601 4156 1783 4227 πολλῷ

194 4236 404 4305 μᾶλλον
426 4236 858 4309 καταλλαγέντες
877 4238 1234 4310 σωθησόμεθα
1251 4243 1307 4294 ὲν
1322 4245 1387 4312 τῇ
1408 4242 1519 4313 ζωῇ
1540 4245 1726 4301 αὑτοῦ.
1758 4266 1775 4298 ι

192 4329 311 4383 Καὶ
336 4328 443 4397 μὴν
476 4331 570 4380 καὶ
595 4328 654 4381 τὺ
680 4329 865 4399 σχῆμα
891 4332 989 4399 τῆς
1016 4332 1224 4396 ἱκεσίας
1259 4332 1658 4405 ἐνθυμηθῶμεν
1678 4344 1694 4368 ⁴
1720 4339 1780 4391 οὐ

191 4421 309 4491 γὰρ
337 4419 373 4473 ἃ
406 4419 593 4487 φίλους
627 4421 771 4483 εἰκὸς
802 4422 1069 4475 αἰτεῖσθαι
1100 4426 1193 4477 καὶ
1217 4425 1539 4495 λαμϐάνειν,
1575 4428 1782 4482 τούτων

1884 3258 2173 3314 precantes
2203 3251 2329 3305 velit
2369 3254 2668 3323 negligere,
2704 3266 2761 3311 ut
2786 3259 3028 3314 nondum
3060 3276 3119 3317 se
3150 3263 3467 3321 invocantes

1888 3353 2064 3409 neque
2096 3340 2263 3395 ullam
2321 3343 2492 3412 ipsius
2526 3346 2799 3403 rationem
2834 3351 3121 3419 ducentes,
3162 3354 3217 3408 in
3264 3365 3465 3411 terram

1885 3429 2163 3508 delapsus,
2186 3432 2337 3503 prior
2366 3438 2595 3492 vocarit.
2632 3458 2650 3490 ‹
2680 3437 2816 3495 Veni
2842 3443 3012 3510 enim,
3036 3446 3240 3515 inquit,
3271 3463 3470 3504 vocare

1884 3532 2203 3593 peccatores
2223 3526 2298 3580 “.
2337 3544 2355 3578 ι
2394 3524 2513 3581 Jam
2549 3529 2644 3598 qui
2678 3545 2779 3585 nec
2810 3533 3054 3589 volentes
3091 3537 3164 3590 ita
3193 3540 3466 3607 quaesivit,

1883 3613 2099 3683 qualem
2140 3631 2201 3671 se
2235 3616 2527 3673 invocatus
2568 3620 2882 3678 exhibebit?
2931 3634 2984 3678 et
3018 3627 3064 3680 si
3111 3629 3303 3683 dilexit
3341 3644 3466 3684 cum

1884 3706 2013 3761 odio
2065 3708 2383 3773 haberetur,
2437 3712 2721 3781 quomodo
2783 3729 2883 3770 nos
2934 3719 3164 3787 repellet
3195 3720 3470 3778 dilectus?

1884 3795 2041 3861 Quod
2072 3806 2127 3852 et
2172 3795 2374 3855 Paulus
2417 3800 2759 3870 significans,
2811 3822 2829 3854 ί
2864 3803 2920 3858 Si
2978 3822 3100 3863 cum
3142 3810 3346 3867 inimici
3378 3829 3469 3869 es-

1884 3902 2090 3951 semus,
2129 3890 2699 3960 inquit,.recouciliati
2739 3911 2932 3954 sumus
2962 3899 3069 3954 Deo
3106 3919 3202 3971 per
3233 3917 3464 3963 mortem

1886 3976 2007 4033 Filii
2046 3980 2189 4049 ejus,
2222 3984 2397 4038 multo
2430 3988 2602 4055 magis
2640 3989 2976 4044 reconciliati
3008 3993 3141 4047 salvi
3174 3995 3380 4053 erimus
3412 4001 3465 4053 in

1885 4071 1994 4125 vita
2045 4073 2219 4141 ipsius
2250 4075 2319 4127 ".
2359 4094 2377 4127 ι
2416 4076 2561 4141 Quin
2593 4078 2827 4134 formam
2861 4098 3082 4151 quoque
3113 4088 3469 4157 supplicatio.

1886 4162 1972 4216 nis
2000 4164 2323 4233 cogitemus.
2359 4165 2478 4222 Non
2519 4171 2667 4223 enim
2699 4187 2820 4241 quae
2858 4174 3068 4229 amicos
3115 4193 3331 4248 aequum
3382 4191 3467 4237 est

1885 4264 2071 4322 petere
2124 4264 2178 4310 et
2228 4258 2500 4329 accipere,
2530 4276 2593 4315 ea
2638 4265 2873 4332 petimus
2900 4270 3188 4337 consequi,
3221 4273 3313 4325 sel
3347 4290 3469 4342 quae

1885 4345 2028 4399 servi
2059 4345 2311 4414 obnoxii,
2354 4358 2407 4405 et
2435 4352 2676 4409 maxime
2710 4354 2788 4409 rei
2827 4371 3020 4426 rogare
3051 4364 3465 4428 permittuntur.

1886 4433 2004 4489 Non
2060 4436 2210 4492 enim
2239 4446 2300 4493 ut
2344 4455 2445 4496 nos
2481 4430 2727 4510 cOronet,
2780 4443 3073 4503 Dominum
3124 4455 3466 4521 invocamus,

189 4512 459 4583 ἀξιοῦμεν
491 4515 801 4582 τυγχάνειν,
830 4514 944 4568 ἀλλ’
972 4511 1047 4571 ὦν
1076 4521 1171 4572 καί
1199 4521 1311 4583 τοῖς
1340 4522 1662 4586 ὑπευθύνοις
1689 4526 1780 4578 καὶ

1889 4541 1987 4583 nec
2022 4538 2079 4583 ut
2109 4529 2214 4584 alia
2254 4531 2569 4601 huiusmodi
2616 4552 2716 4591 nos
2752 4541 2926 4608 gratia
2959 4542 3237 4613 dignetur,
3272 4550 3365 4602 sed
3410 4558 3469 4604 ut

192 4607 707 4675 προσκεκρουκόσιν
725 4608 935 4675 ἐφεῖται
955 4609 1161 4673 δούλοις
1175 4612 1267 4664 καὶ
1292 4614 1525 4684 μάλιστα
1546 4616 1774 4680 τούτοις.

190 4696 272 4749 Οὐ
304 4696 413 4764 γὰρ
440 4694 529 4748 ἶνα
558 4698 897 4769 στεφανώσῃ,
928 4699 1018 4753 τὸν
1048 4701 1325 4773 Δεσπότην
1354 4704 1648 4777 καλοῦμεν,
1672 4703 1781 4763 οὐδ’

190 4789 287 4841 ἴνα
336 4788 505 4857 ἄλλην
547 4790 808 4861 τοιαύτην
842 4792 967 4846 τινά
1010 4797 1312 4864 κατάθηται
1346 4800 1527 4869 χάριν,
1569 4801 1685 4853 ἀλλ’
1713 4804 1779 4854 ἵν’

194 4879 425 4949 ἐλεήσῃο
452 4878 601 4932 ἔλεον
621 4880 676 4932 δὲ
708 4884 799 4935 καὶ
831 4886 1160 4958 συγγνώμην
1191 4890 1285 4941 καὶ
1310 4890 1502 4960 χρέους
1535 4893 1778 4948 διάλυσιν

194 4972 292 5024 καὶ
322 4971 391 5023 τὰ
419 4969 645 5024 τοιαῦτα
681 4973 775 5025 τοῦ
806 4976 1195 5047 φιλανθρώπου
1228 4981 1490 5050 δεηθῆναι
1524 4985 1616 5037 καὶ
1653 4985 1775 5056 δεη-

194 5063 389 5125 θέντας
418 5063 493 5131 μὴ
526 5065 708 5125 κεναῖς
737 5068 926 5135 χερσὶν
958 5069 1236 5135 ἀπελθεῖν,
1272 5073 1321 5123 εί
1358 5071 1431 5142 μὴ
1459 5076 1581 5136 τοὺς
1613 5075 1777 5128 ὑπευ-

194 5151 410 5216 θύνους,
458 5152 611 5216 τίνας
642 5154 887 5222 είκδς,εί
931 5174 994 5225 γε
1028 5178 1045 5211 ι
1081 5162 1156 5229 μὴ
1206 5164 1396 5232 χρείαν
1448 5163 1667 5232 ἔχουσιν
1725 5169 1778 5221 οί

197 5243 475 5312 ἰσχύοντες
492 5244 710 5315 lat-905;
731 5264 749 5297 ι
778 5248 836 5300 El
857 5248 963 5318 γὰρ
978 5250 1113 5315 ὅλως
1130 5253 1445 5322 ἀνθρώπους
1461 5256 1776 5325 νενόμισται

198 5334 335 5403 πρὸς
381 5334 473 5387 τὸν
507 5334 639 5391 Θεὸν
669 5337 820 5390 ἔλεον
850 5342 1260 5413 ἑκκαλουμένην
1293 5346 1511 5414 ἀφεῖναι
1565 5349 1773 5419 φωνὴν,

198 5429 304 5479 τῶν
323 5425 489 5491 ἀξίως
510 5428 660 5480 ἐλέου
683 5432 1050 5500 πραττόντων,
1069 5436 1177 5488 τῶν
1201 5437 1600 5507 ἡμαρτηκότων
1627 5440 1776 5519 ἐστὶν

196 5525 228 5593 ἡ
261 5519 438 5588 φωνή.
471 5517 739 5588 Καὶ-ὦμεν
766 5520 823 5574 δὲ
855 5523 945 5575 τὸν
971 5524 1102 5576 Θεὸν
1131 5529 1224 5579 καὶ
1275 5527 1490 5599 γλώττῃ
1520 5530 1613 5582 καὶ
1643 5517 1783 5599 γνώ-

262 5713 309 5747 ⁶⁸
333 5711 529 5768 Matth.
560 5726 638 5774 rx,
671 5711 761 5766 l3.
837 5710 879 5743 "
915 5710 1072 5764 Hom.
1100 5726 1155 5777 ν,
1189 5708 1275 5765 10.
1307 5711 1351 5743 ⁸⁸
1379 5710 1573 5769 Matth.
1608 5731 1682 5781 ix,
1720 5717 1806 5771 1‘2.

488 5894 758 5959 ΡΑταοι.
788 5897 901 5957 Gn.
951 5895 1042 5957 Cl.
1063 5933 1085 5953 .

1886 4620 2238 4677 misereatur.
2290 4624 2724 4684 Misericordiam
2781 4644 2987 4699 autem,
3042 4648 3095 4691 et
3145 4638 3383 4702 veniam.
3415 4650 3471 4697 ει

1886 4710 2052 4764 debiti
2085 4713 2487 4782 dimissionem,
2534 4729 2590 4774 et
2630 4720 2951 4790 hujusmodi
2998 4726 3068 4780 ab
3102 4727 3342 4784 humano
3374 4746 3470 4799 pe-

1886 4814 2022 4869 tere,
2058 4817 2112 4861 et
2142 4818 2390 4878 petentes
2415 4828 2525 4867 non
2556 4815 2748 4871 vacuis
2778 4819 3032 4874 manibus
3063 4820 3235 4887 abire,
3270 4823 3314 4878 si
3356 4838 3467 4878 non

1885 4894 1969 4951 fas
2000 4908 2085 4953 est
2111 4914 2255 4964 reos,
2287 4916 2426 4972 quos
2456 4906 2672 4961 tandem
2724 4906 2807 4962 las
2851 4918 2956 4975 est,
2997 4912 3262 4981 siquidem
3301 4932 3319 4965 ‹
3358 4931 3465 4970 non

1883 4997 1968 5042 est
1996 5004 2133 5056 Opus
2172 4993 2479 5052 valentibus
2526 4998 2757 5055 medicis
2785 4999 2872 5055 ⁸⁸2
2911 5018 2931 5054 ι
2969 5002 3027 5057 Si
3057 5004 3204 5057 enim
3240 5005 3464 5062 omnino

1887 5082 2132 5136 moribus
2187 5099 2467 5156 receptum
2526 5101 2632 5157 est,
2690 5092 2942 5151 homines
2976 5095 3043 5149 ad
3077 5094 3247 5152 Deum
3303 5114 3464 5155 voces

1887 5173 2325 5232 misericordiam
2363 5180 2668 5238 elicientcs
2700 5186 2939 5253 mittere,
2974 5189 3163 5259 utique
3213 5201 3466 5260 peccato-

1884 5277 2007 5317 rum
2053 5282 2155 5321 vox
2191 5271 2541 5339 miserorum,
2566 5284 2619 5331 et
2652 5277 3027 5336 misericordia
3061 5282 3461 5352 diguandorum

1886 5369 1990 5409 vox
2024 5367 2129 5411 est.
2186 5360 2553 5431 Imploramus
2602 5377 2780 5422 autem
2832 5369 3005 5425 Deum
3052 5382 3105 5427 et
3158 5374 3369 5444 lingua,
3409 5387 3462 5430 et

1888 5456 2090 5513 mente,
2142 5458 2197 5505 et
2254 5455 2710 5524 cogitationibus,
2757 5472 2817 5515 ut
2873 5466 3127 5521 omnibus
3186 5482 3283 5537 per
3339 5483 3461 5537 quac

1895 5535 2264 5607 peccavimus,
2311 5545 2668 5613 pharmacum
2711 5553 2888 5607 solum
2925 5556 3166 5611 salutare
3188 5535 3463 5613 adhibea-

3060 5920 3138 5982 22
