4140 6318
154 279 271 343 685

191 433 539 448 ——-__-_

1212 278 1309 339 DE
1333 276 1511 339 VITA
1545 272 1625 334 IN
1664 272 1994 334 CHRISTO
2038 270 2185 332 LIB.
2229 270 2357 332 Vli.

579 418 3437 450 ΜΝ

587 621 980 748 ΠΕΡΙ
1093 620 1431 746 ΤΗΣ
1562 618 1769 743 EN
1878 615 2501 744 ΧΡΙΣΤΩ
2601 611 3058 741 ΖΩΗΣ

1766 854 2321 942 ΕΒΔΟΜΟΣ.

196 1036 434 1105 Οποῖος
466 1042 689 1109 γίνεται
722 1041 755 1093 d
792 1037 1176 1110 μεμυημένος
1227 1036 1342 1106 τὴν
1374 1037 1492 1092 ἀπὸ
1533 1036 1651 1089 τῶν
1690 1035 2053 1103 μυστηρίων
2096 1034 2273 1102 χάριν
2308 1032 2591 1100 φυλάξας
2622 1029 2694 1097 τῇ
2743 1028 2879 1098 παρ’
2910 1028 3131 1084 ἑαυτοῦ
3184 1026 3454 1097 σπουδῇ.

1295 858 1667 945 ΛΟΓΟΣ

1768 1214 1838 1224 ρ-

978 1372 1175 1494 DE
1240 1369 1633 1501 VITA
1715 1370 1870 1496 IN
1952 1368 2650 1497 CHRISTO

1272 1633 1631 1722 LIBER
1767 1634 2405 1725 SEPTIMUS.

550 1831 767 1909 Qualis
814 1831 883 1908 ﬁt
908 1830 1195 1892 initiatus
1225 1828 1334 1907 qui
1369 1825 1806 1905 mysteriorum
1834 1826 2109 1903 gratiam
2153 1826 2421 1905 proprio
2462 1825 2675 1886 studio
2725 1826 3094 1889 custodivit.

257 2071 426 2127 Ἐπεὶ
485 2072 541 2125 δὲ
580 2072 820 2140 εἴρηται,
876 2070 957 2133 τίς
997 2069 1290 2139 γενόμενος
1335 2069 1363 2120 ὁ
1398 2055 1626 2137 μυηθεὶς
1671 2068 1766 2119 καὶ

1944 2046 2399 2137 ριιεηάοίιύίιιεηι
2432 2068 2641 2121 dictum
2696 2076 2780 2122 est
2812 2057 2992 2137 qualis
3025 2072 3201 2124 evasit
3226 2074 3318 2138 qui
3358 2070 3461 2125 fuit

171 2164 302 2217 τίνα
336 2166 439 2233 τὴν
467 2164 583 2216 ὁδδν
612 2163 806 2226 ἐλθὼν,
837 2162 872 2216 ἃ
906 2162 1058 2233 παρὰ
1085 2162 1193 2215 τῶν
1231 2161 1551 2231 μυστηρίων
1579 2158 1757 2220 ἔλαϐε,

174 2254 380 2317 σώσοι,
443 2256 666 2305 σκοπεῖν
696 2254 1012 2316 ἀκόλουθον,
1073 2253 1156 2316 τίς
1217 2254 1429 2321 γένοιτο
1482 2252 1759 2316 σεσωκὼς,

172 2344 275 2396 καὶ
308 2344 561 2407 ποταπὸς
591 2343 654 2396 ἂν
680 2343 921 2411 ἀποϐαίη
945 2344 1070 2406 τοὺς
1099 2343 1336 2413 τρόπους
1366 2345 1479 2405 τοῖς
1498 2343 1591 2394 τοῦ
1626 2345 1760 2397 Θεοῦ

173 2436 245 2487 τὰ
289 2437 430 2505 παρ’
470 2434 665 2487 ἑαυτοῦ
717 2434 997 2505 προσθείς.
1049 2435 1263 2487 Ἐκεῖνα
1303 2434 1559 2503 μὲνγὰρ
1597 2436 1763 2488 συνά-

174 2544 265 2593 γει
297 2527 407 2596 τὴν
441 2525 605 2595 ζωὴν,
656 2525 691 2579 ἃ
732 2527 841 2578 τῶν
892 2525 1175 2595 προτέρων
1217 2525 1391 2591 λόγων
1425 2526 1558 2595 ἡμῖν
1593 2526 1764 2595 χωρὶς

176 2618 451 2685 ἑκάτερον
486 2616 742 2679 ὑπόθεσις
765 2611 856 2687 ἦν,
882 2617 1043 2669 τοῦτο
1081 2616 1180 2685 μὲν
1230 2617 1262 2681 ή
1296 2618 1444 2685 παρὰ
1472 2617 1581 2667 τῶν
1610 2616 1764 2667 τελε-

176 2708 289 2759 τῶν
324 2710 509 2778 χάρις,
544 2707 701 2761 τοῦτο
729 2708 786 2761 δὲ
818 2711 850 2777 ἡ
883 2708 1019 2777 πρὸς
1039 2708 1099 2759 τὸ
1134 2707 1469 2777 συν-τηρῆσαι
1499 2708 1561 2759 τὸ
1595 2708 1763 2775 δῶρον

180 2802 339 2870 παρὰ
377 2800 485 2852 τῶν
519 2799 828 2869 δεξαμένων
860 2800 1084 2869 σπουδή.
1123 2801 1238 2852 Νῦν
1268 2800 1324 2852 δὲ
1366 2802 1640 2852 συστᾶσαν
1669 2800 1765 2850 αὑ-

178 2893 281 2960 τὴν
310 2892 608 2944 ὑπόλοιπόν
637 2894 785 2944 ἐστιν
816 2890 1113 2961 ὀλόκληρον
1145 2891 1444 2959 θεωρῆσαι,
1499 2892 1593 2942 καὶ
1624 2891 1675 2941 τί
1704 2891 1764 2943 τὸ

181 2979 602 3047 συναμφότερον
662 2980 855 3043 δεῖξαι,
896 2982 987 3031 καὶ
1020 2976 1072 3031 οἷ
1118 2980 1232 3032 ἔστι
1278 2980 1375 3050 τὴν
1415 2980 1763 3049 ἀνθρωπίνην

180 3070 395 3140 ἀρετὴν
433 3071 654 3124 ἃπασαν
698 3072 762 3141 τῇ
798 3071 979 3140 χάριτι
1018 3070 1317 3125 συνελθεῖν.
1371 3071 1542 3124 Τοῦτο
1586 3071 1639 3124 δὲ
1674 3071 1765 3138 γέ-

182 3164 320 3216 νοιτ’
356 3163 447 3227 ἂν,
482 3165 576 3216 ἐὰν
606 3163 770 3217 αὑτὸν
804 3165 894 3217 τὸν
925 3163 984 3229 ἐξ
1017 3164 1346 3234 ἀμφοτέρων
1390 3182 1763 3235 συγκεκροτη-

186 3253 355 3321 μένον
389 3252 743 3321 σκεψώμεθα,
780 3254 1033 3323 καθάπερ
1073 3250 1247 3321 οἶμαι,
1281 3257 1373 3307 καὶ
1414 3256 1623 3321 ὑγείαν,
1662 3256 1688 3307 ὅ
1714 3256 1764 3308 τί

184 3346 305 3397 ἔστι
332 3344 431 3399 καὶ
458 3345 580 3397 ὅσον
617 3344 790 3413 αὐτῆς
822 3344 1036 3411 ὄφελος,
1071 3346 1124 3396 εἴ
1149 3362 1233 3407 τις
1254 3346 1535 3399 δεικνύναι
1566 3347 1765 3417 ἐθέλοι,¹

1863 2155 2133 2223 initiatus,
2178 2160 2509 2229 qualemque
2549 2160 2694 2213 viam
2749 2174 2987 2229 sequens
3026 2176 3089 2216 ea
3116 2178 3238 2231 qua:
3270 2178 3299 2215 e
3341 2177 3462 2234 my-

1864 2250 2045 2303 steriis
2082 2251 2324 2320 percepit
2352 2266 2575 2306 servare
2607 2252 2799 2319 possit.
2825 2250 2935 2319 jam
2967 2254 3320 2322 quaerendum
3354 2264 3457 2316 est,

1863 2342 2042 2409 qualis
2073 2341 2251 2396 factus
2290 2343 2362 2395 sit
2384 2342 2481 2411 qui
2511 2342 2775 2404 servavit,
2806 2343 3175 2412 qualibusque
3216 2344 3461 2398 moribus

1863 2432 1954 2493 sit,
1996 2432 2087 2499 qui
2133 2432 2214 2485 eis
2247 2447 2369 2502 quae
2417 2432 2511 2487 Dei
2579 2443 2729 2497 sunt,
2785 2434 3005 2502 propria
3074 2435 3291 2503 adjecit.
3336 2436 3462 2488 Haec

1863 2526 2007 2578 enim
2047 2524 2168 2578 vita:
2192 2526 2245 2578 in
2270 2525 2494 2580 Christo
2526 2540 2742 2580 summa
2772 2542 2787 2578 :
2818 2541 2940 2594 qua:
2998 2526 3159 2581 nobis
3213 2526 3457 2595 priorum

1861 2629 2177 2667 sermonum
2231 2614 2572 2682 singulorum
2617 2616 2859 2669 materia:
2910 2614 3153 2680 fuerunt,
3183 2618 3309 2669 hinc
3340 2619 3463 2685 qui-

1864 2705 1986 2757 dem
2020 2720 2084 2757 ex
2130 2709 2401 2777 mysteriis
2447 2710 2622 2777 gratia
2646 2749 2661 2774 ,
2690 2711 2840 2765 illinc
2895 2721 3078 2767 autem
3123 2714 3177 2767 in
3211 2717 3459 2769 custodia

1866 2793 2071 2861 recepti
2103 2793 2230 2847 doni
2282 2795 2569 2851 sedulitas.
2603 2796 2760 2853 Nunc
2823 2816 2952 2854 vero
2985 2803 3251 2871 integram
3318 2805 3461 2859 hanc

1865 2896 2137 2937 summam
2170 2887 2575 2943 considerando
2607 2894 3037 2947 monstrabimus
3088 2895 3220 2964 quid
3276 2897 3348 2951 sit
3394 2913 3457 2951 ex

1866 2985 2099 3044 utroque
2153 2980 2521 3047 compositum
2553 3023 2567 3047 ,
2615 2994 2668 3035 et
2712 2999 3001 3055 quousque
3056 2989 3229 3057 possit
3282 2991 3462 3046 omnis

1867 3066 2103 3121 humana
2166 3068 2342 3123 virtus
2406 3086 2528 3124 cum
2580 3077 2752 3143 gratia
2818 3080 3136 3133 connivere.
3192 3080 3303 3136 Hoc
3362 3099 3463 3135 au-

1867 3163 1974 3209 tem
2039 3156 2153 3211 ﬁeri
2195 3168 2395 3228 potest,
2426 3162 2471 3215 si
2525 3163 2675 3216 illum
2724 3166 2819 3234 qui
2876 3182 2941 3220 ex
3002 3169 3273 3226 ambobus
3325 3189 3461 3227 con-

1867 3257 1997 3311 stat,
2031 3252 2430 3315 examinemus,
2485 3258 2970 3323 quemadmodum,
3014 3270 3167 3329 puto,
3214 3272 3266 3317 et
3306 3265 3464 3319 home

1868 3341 2197 3398 valetudinis
2224 3353 2475 3398 naturam
2512 3356 2674 3416 atque
2704 3349 3000 3407 utilitatem
3050 3354 3145 3423 qui
3175 3358 3464 3413 ostendere

181 3438 273 3488 τὸν
310 3435 553 3505 μάλιστα
603 3435 772 3503 αὐτῆς
811 3435 1157 3489 ἀπολαύοντα
1214 3434 1438 3502 ἀγαγὼν
1476 3436 1557 3497 είς
1599 3437 1765 3502 μέσον

1870 3432 2048 3497 vellet,
2071 3434 2221 3487 illum
2252 3435 2344 3505 qui
2377 3452 2439 3491 ea
2470 3439 2731 3507 gauderet
2756 3440 2808 3493 in
2846 3443 3085 3497 medium
3134 3449 3462 3514 producens.

188 3528 410 3599 μάλιστ’
469 3528 535 3580 ἂν
588 3529 811 3598 ποιῆσαι
845 3526 1175 3595 καταφανές.
1232 3528 1341 3580 Kal
1390 3527 1453 3598 δὴ
1487 3528 1578 3580 τὸν
1622 3527 1765 3581 οὕτω

187 3622 434 3689 ζήσαντα
461 3618 570 3690 πρὸ
600 3619 709 3673 τῶν
739 3618 1037 3688 ὀφθαλμῶν
1068 3618 1369 3687 στήσαντες
1403 3618 1766 3686 μανθάνωμεν

188 3708 358 3763 αὑτοῦ
388 3708 488 3779 τὴν
520 3708 736 3772 εὐεξίαν
778 3706 876 3761 καὶ
908 3706 1008 3776 τὴν
1039 3705 1188 3775 ὤραν
1238 3705 1578 3774 πανταχόθεν
1610 3722 1766 3775 περι-

188 3800 563 3863 σκοποῦντες·
614 3798 927 3869 σκεψόμεθα
975 3798 1033 3851 δὲ
1072 3798 1179 3852 τῶν
1224 3798 1325 3867 μὲν
1372 3797 1548 3860 ἄλλως
1604 3798 1768 3851 αὐτὸν

188 3891 547 3960 κοσμούντων
585 3891 762 3955 οὐδὲν,
794 3890 903 3943 οὐδ’
933 3891 982 3943 εί
1017 3890 1259 3959 θαύμασι
1292 3890 1500 3959 λάμπει
1531 3890 1623 3942 καὶ
1657 3907 1767 3941 τοι-

189 3981 367 4051 αύτην
400 3982 589 4050 εἴληφε
624 3982 808 4050 χάριν,
853 3981 970 4034 ἀλλ’
995 3980 1157 4033 αὑτὸν
1176 3978 1365 4032 τοῦτον
1388 3979 1645 4047 καθαρῶς
1674 3979 1767 4031 καὶ

187 4076 281 4127 τὸν
314 4076 459 4128 οἶκοι
490 4076 699 4142 κόσμον
741 4073 838 4145 τὴν
884 4072 982 4142 τῆς
1012 4061 1191 4142 ψιῖχῆς
1236 4072 1461 4141 ἀρετήν.
1508 4072 1766 4133 Ἐκείνοις

192 4166 289 4235 μὲν
324 4168 437 4236 γὰρ
480 4164 699 4218 εἰκάσαι
748 4180 833 4227 τις
867 4162 933 4217 ἂν
980 4163 1072 4215 τὸν
1126 4162 1435 4227 σπουδαῖον,
1475 4162 1568 4213 καὶ
1624 4160 1767 4214 τοῦτ’

188 4260 320 4313 αὐτὸ
357 4259 520 4328 μένον
555 4255 759 4327 ἀρετῆς
797 4256 864 4309 ἂν
905 4256 989 4325 εἴη
1041 4256 1345 4326 τεκμήριον
1369 4271 1383 4285 ο
1417 4256 1477 4306 τὸ
1512 4254 1557 4307 δ’
1584 4256 1767 4310 αὐτῶν

189 4349 493 4421 πειρᾶσθαι
540 4347 650 4402 τῶν
681 4348 923 4417 τρόπων,
977 4347 1139 4399 αὐτόν
1182 4350 1298 4400 ἐστι
1348 4345 1637 4414 γινώσκειν
1675 4350 1767 4402 τὸν

95 4501 100 4506 ,
188 4443 500 4513 ἄνθρωπον.
554 4434 743 4494 Τίοῦν
791 4440 893 4501 δεῖ,
936 4438 1116 4505 παρὸν
1156 4438 1383 4491 αὐτόθεν
1444 4438 1766 4507 μανθάνειν,

189 4533 596 4605 τεκμαίρεσθαι
634 4530 730 4586 καὶ
788 4533 992 4601 σημεῖα
1021 4529 1229 4599 ζητεῖν,
1278 4531 1406 4583 ὅταν
1439 4531 1621 4584 αὐτῶν
1671 4531 1762 4601 ἐξῇ

190 4629 293 4681 τῶν
345 4626 699 4697 πραγμάτων
748 4624 1058 4689 ἆπτεσθαις
1117 4626 1293 4677 καίτοι
1357 4624 1478 4677 οὐδὲ
1539 4628 1766 4694 σημεῖον

190 4721 348 4775 τοῦτο
384 4718 585 4788 γένοιτ’
620 4718 686 4771 ἂν
737 4718 995 4787 ἀποχρῶν
1028 4716 1253 4785 ἀρετῆς.
1304 4715 1441 4768 Uitta
1491 4718 1599 4786 γὰρ
1630 4720 1764 4769 πᾶσι

192 4811 363 4863 ταῦτα
390 4810 503 4870 τοῖς
538 4806 848 4869 σπουδαίοις
874 4805 1179 4868 ἀκολουθεῖ,
1229 4803 1343 4857 οὗθ’
1376 4801 1456 4867 οἷς
1498 4804 1761 4872 ὑπῆρξεν,

199 4905 427 4973 ἐργάται
461 4903 662 4963 πάντες
703 4900 843 4952 εἰσὶν
883 4900 1104 4970 ἀρετῆς.
1136 4899 1245 4952 Kal
1277 4901 1386 4969 γὰρ
1434 4899 1619 4952 πολλοὶ
1656 4899 1764 4951 τῶν

202 4996 410 5063 μεγάλα
468 4992 623 5063 παρὰ
667 4991 788 5062 Οεῷ
832 4990 1168 5060 δυνηθέντων
1219 4991 1371 5042 οὐδὲν
1422 4990 1766 5054 ἐπεδείξαντο

198 5086 463 5150 τοιοῦτον,
492 5088 587 5138 καὶ
611 5080 767 5147 αὖθις
794 5082 903 5135 τῶν
929 5081 1182 5150 πονηρῶν
1230 5081 1404 5143 ὲνίονς
1446 5082 1630 5149 ἐδέησε
1662 5098 1769 5133 τει-

201 5177 335 5232 αῦτά
380 5194 515 5230 ποτε
566 5177 882 5245 δυνηθῆναι,
931 5175 1027 5226 καὶ
1082 5174 1174 5224 τὸν
1224 5172 1458 5241 Χριστὸν
1512 5173 1772 5225 καλοῖσιν

202 5267 347 5318 οὐδὲν
374 5266 659 5335 ἀμήχανον
687 5260 775 5332 ἦν,
809 5264 867 5315 οὐ
898 5262 1007 5317 τῶν
1040 5262 1259 5330 τρόπων
1298 5259 1457 5311 τοῦτο
1497 5261 1770 5324 διδόντων,

202 5359 307 5411 αλλ’
336 5360 403 5412 ἵν’
458 5360 485 5409 ὁ
519 5356 852 5425 καλούμενος
902 5356 1065 5422 φανῇ.
1099 5353 1206 5405 Kal
1239 5351 1325 5403 διὰ
1355 5352 1509 5403 τοῦτο
1542 5354 1637 5421 τῆς
1674 5354 1772 5419 μὲν

204 5450 401 5517 ἀρετῆς
458 5447 623 5499 ’ἑνεκα
673 5447 767 5498 καὶ
800 5444 1016 5495 τελεταὶ
1058 5446 1152 5494 καὶ
1183 5444 1289 5503 πᾶς
1326 5442 1502 5504 πόνος,
1542 5445 1675 5512 πρὸς
1716 5445 1770 5495 δὲ

204 5540 296 5605 τὴν
322 5538 558 5601 δύναμιν
601 5534 818 5603 ἐκείνην
850 5534 1025 5595 οὐδεὶς
1057 5533 1206 5584 οὐδὲν
1252 5534 1635 5602 ἐμηχανήσατο
1664 5535 1771 5586 τῶν

206 5630 599 5697 δπισταμένων,
629 5629 701 5689 ὡς
731 5630 809 5679 δεῖ
842 5628 1040 5680 πονεῖν.
1082 5626 1190 5677 Kal
1218 5626 1268 5676 τί
1302 5627 1441 5693 λέγω
1470 5644 1483 5691 ;
1516 5628 1607 5696 Μὴ
1635 5644 1773 5695 πνρ-

1794 4768 1835 4823 C

1871 3523 2218 3578 manifestum
2253 3535 2447 3581 testem
2495 3528 2801 3588 exhiberet.
2832 3532 2969 3587 Eum
3029 3551 3193 3605 porro
3246 3542 3338 3609 qui
3391 3543 3463 3597 ita

1869 3628 1928 3667 se
1958 3614 2147 3677 habet,
2196 3626 2323 3671 ante
2355 3620 2549 3675 oculos
2583 3624 3021 3692 constituentes,
3056 3628 3262 3684 bonum
3290 3633 3464 3701 ipsius

1870 3711 2073 3756 statum
2095 3712 2149 3759 et
2168 3705 2454 3763 ﬂorentem
2476 3711 2720 3767 habitum
2742 3716 2919 3771 oculis
2935 3721 3293 3790 percipimus,
3324 3727 3464 3781 nihil

1870 3805 2047 3849 autem
2091 3812 2282 3852 eorum
2334 3816 2456 3870 qua:
2512 3804 2735 3860 aliunde
2789 3808 2945 3862 illum
3002 3826 3274 3869 exornant
3334 3833 3467 3872 con-

1869 3884 2262 3954 siderabimus,
2322 3906 2499 3961 neque
2556 3896 2601 3949 si
2655 3897 2985 3954 mirabiliter
3013 3902 3160 3959 lucet
3185 3915 3238 3959 et
3287 3911 3463 3977 gratia

1870 3977 2140 4044 abundat,
2167 3981 2261 4035 sed
2322 3982 2500 4051 ipsum
2539 3993 2943 4056 tantummodo,
2975 4010 3039 4049 ac
3078 3998 3463 4067 particularem

1868 4069 2357 4139 pulchritudinem,
2386 4076 2585 4131 animae
2611 4079 2867 4136 virtutem
2900 4082 3045 4140 dico.
3073 4087 3147 4142 Ex
3178 4090 3286 4145 illis
3310 4097 3457 4147 enim

1869 4161 2175 4215 studiosum
2198 4164 2474 4234 judicabis
2506 4179 2561 4223 et
2599 4170 2702 4225 hoc
2739 4174 2914 4227 solum
2944 4179 3048 4232 erit
3079 4181 3295 4236 virtutis
3320 4184 3460 4238 indi-

1869 4254 2013 4308 cium
2047 4273 2059 4308 :
2098 4271 2279 4311 mores
2325 4270 2505 4314 autem
2555 4262 2787 4331 alicujus
2818 4281 2983 4323 nosse
3034 4271 3210 4340 ipsum
3258 4285 3343 4330 est
3373 4293 3465 4331 co-

1871 4345 2080 4412 gnitum
2142 4346 2364 4402 habere.
2421 4350 2500 4403 Ad
2558 4352 2689 4421 quid
2747 4355 2917 4421 enim,
2978 4373 3101 4413 cum
3165 4362 3291 4418 licet
3348 4368 3463 4436 jam

1870 4450 2017 4489 nunc
2082 4439 2227 4494 scire
2256 4478 2271 4505 ,
2316 4442 2657 4511 conjectare,
2699 4446 3005 4517 signaque,
3044 4453 3134 4508 ubi
3184 4470 3270 4509 res
3312 4458 3464 4527 ipsas

1868 4529 2624 4601 attingeredatur,qu:erere?
2654 4538 2920 4596 Caeterum
2953 4560 3050 4599 nec
3080 4546 3222 4601 istud
3248 4550 3463 4620 signum

1869 4618 2089 4674 virtutis
2122 4633 2266 4677 esset
2314 4626 2621 4683 sufficiens.
2656 4628 2785 4687 Haec
2829 4636 2973 4689 enim
3034 4652 3140 4691 non
3204 4618 3464 4697 omnibus

1869 4709 2137 4764 inhaerent
2172 4714 2454 4782 studiosis,
2480 4733 2579 4773 nec
2600 4720 2703 4785 illi,
2732 4723 2824 4793 qui
2859 4740 2922 4778 ea
2967 4728 3269 4795 possident,
3294 4731 3465 4786 virtu-

1872 4808 1978 4853 tem
2004 4806 2284 4872 operando
2307 4820 2583 4865 exercent.
2610 4811 2762 4866 Multi
2792 4831 3027 4886 namque
3049 4821 3461 4888 praevalentium

1874 4897 2018 4963 apud
2080 4896 2249 4951 Deum
2316 4900 2455 4954 nihil
2525 4905 2883 4959 ostenderunt
2940 4910 3076 4975 tale;
3135 4928 3466 4985 rursumque

1873 5003 2167 5056 pravorum
2193 4992 2461 5059 quosdam
2496 4994 2792 5063 aliquando
2834 5002 3079 5066 oportuit
3108 5005 3235 5056 talia
3269 5021 3460 5074 posse;

1873 5078 2123 5149 nihilque
2173 5082 2457 5139 Christum
2510 5086 2905 5143 invocantibus
2947 5091 3285 5160 impossibile
3326 5110 3463 5164 erat,

1878 5186 1987 5226 non
2020 5175 2267 5230 moribus
2304 5177 2409 5231 hoc
2441 5182 2857 5247 prrestantibus,
2891 5182 2987 5236 sed
3032 5192 3089 5238 ut
3124 5187 3214 5241 ille
3260 5189 3350 5255 qui
3385 5190 3467 5241 in-

1880 5265 2179 5319 vocabatur
2217 5268 2545 5324 rnanil‘estus
2578 5273 2751 5326 tieret.
2786 5272 2849 5325 Et
2882 5275 3006 5327 ideo
3042 5286 3262 5343 propter
3297 5282 3465 5330 virtu-

1880 5364 1985 5408 tem
2025 5368 2153 5411 sunt
2197 5366 2459 5432 mysteria
2502 5366 2796 5433 omnisque
2828 5367 3016 5433 labor;
3052 5378 3269 5437 prOpter
3300 5371 3462 5425 istaut

1880 5462 2005 5501 vero
2080 5461 2407 5519 potestatem
2474 5472 2635 5511 nemo
2675 5474 2863 5512 eorum
2898 5462 3012 5529 ‘qui
3066 5466 3249 5515 sciunt
3307 5464 3465 5519 iactis

1876 5554 2017 5607 opus
2058 5558 2177 5597 esse
2228 5548 2522 5614 quidquam
2568 5559 2824 5617 operatus
2874 5564 2974 5604 est.
3026 5552 3091 5605 Et
3134 5554 3265 5621 quid
3308 5556 3466 5611 dico?

1874 5633 1984 5687 Nec
2055 5628 2408 5704 prmseﬂtium
2492 5641 2662 5694 ullum
2741 5642 3076 5698 desiderium
3153 5644 3470 5704 habuerunt
