4140 6318
74 479 203 540 ίῗ89

1099 488 1193 547 DE
1237 488 1404 544 HTA
1446 488 1519 545 ΙΝ
1566 484 1891 543 (1111119Γο
1934 482 2077 542 LIB.
2116 482 2226 540 VII

3226 474 3332 533 61H

72 580 124 654 ᾧ
344 592 875 663 παρασκευαζόμεθα
900 613 913 657 ς
948 595 1021 648 Τὸ
1050 602 1287 669 τηρῆσαι
1316 600 1413 663 τὰς
1447 600 1663 663 ἐντολὰς

1786 602 1851 647 εει
1892 594 1959 647 ad
1989 593 2135 661 quod
2198 606 2365 644 unum
2426 588 2811 657 disponitnur?
2836 591 2915 639 Ad
2981 584 3124 639 illius
3156 593 3338 637 custo-

76 678 184 733 τοῦ
224 682 535 750 στεφανοῦν
574 683 671 736 καὶ
698 683 947 747 κολάζειν
995 686 1086 739 ἐπὶ
1116 688 1208 740 τοῦ
1261 690 1546 756 μέλλοντος
1572 690 1667 741 δυο

76 770 368 838 ναμένου·
399 771 554 826 τοῦτο
591 774 701 842 γὰρ
729 776 819 826 τὸν
850 774 983 827 Θεὸν
1014 775 1177 829 αὑτὸν
1216 778 1345 845 ἡμῖν
1390 778 1664 840 ὲνοικίζει.

82 869 104 902 ε
158 854 231 906 '0
269 859 379 924 γὰρ
428 858 661 923 ἀγαπῶν
704 877 792 929 με,
830 862 979 931 φησὶ,
1022 862 1117 925 τὰς
1164 865 1382 919 ἐντολάς
1423 884 1523 934 μου
1575 883 1669 932 τη-

82 945 292 1012 ρήσει,
326 950 421 1002 καὶ
446 951 473 1001 6
497 950 685 1020 Πατήρ
713 969 815 1020 μου
847 956 1127 1025 ἀγαπήσει
1164 958 1346 1020 αὐτὸν,
1387 960 1480 1010 καὶ
1517 958 1667 1009 ἐλευ-

79 1034 341 1102 σόμεθα,
373 1038 464 1090 καὶ
507 1039 676 1108 μονὴν
730 1043 859 1110 παρ’
884 1043 1031 1113 αὐτῷ
1078 1046 1399 1114 ποιήσομεν.
1439 1064 1457 1097 ι
1490 1045 1566 1096 Τδ
1614 1044 1667 1096 δὲ

82 1124 287 1180 σῶσαι
316 1128 444 1191 τοὺς
483 1130 681 1198 νόμους
708 1132 805 1201 τῆς
837 1132 1061 1203 γνώμης
1091 1136 1236 1189 ἅπαν
1264 1136 1400 1190 ἐστί.
1430 1138 1538 1189 Καὶ
1561 1137 1669 1205 γὰρ

81 1211 246 1269 ἆθλα
282 1221 460 1272 κεῖται
495 1224 607 1284 τοῖς
639 1224 932 1278 αἰδεσθεῖσι
961 1228 1053 1279 τὸν
1093 1228 1387 1298 νομοθέτην
1422 1230 1669 1297 καθάπερ

80 1311 376 1378 τιμωρίαι
427 1314 538 1374 τοῖς
573 1313 931 1384 ὑπερόπταις,
980 1316 1040 1369 τὸ
1070 1317 1127 1369 δὲ
1173 1318 1416 1371 τοιοῦτον
1458 1320 1667 1373 ἔθελούο

84 1414 244 1451 σιον.
296 1399 467 1453 Τοῦτο
497 1402 602 1472 γάρ
633 1404 748 1456 ἐστι
780 1406 877 1475 τῆς
904 1406 1081 1476 ψυχῆς
1104 1409 1162 1459 τὸ
1188 1409 1285 1470 τὰς
1318 1410 1555 1464 εὐθύνας
1584 1411 1668 1462 δε-

81 1489 344 1557 χόμενον
386 1493 680 1561 πανταχοῦ,
722 1497 812 1546 καὶ
860 1497 971 1548 τῶν
1002 1498 1348 1551 παντάπασιν
1396 1502 1669 1552 ἀκουσίων

80 1580 225 1632 οὔτε
266 1583 531 1647 στέφανον
558 1585 681 1637 οὔτε
731 1588 1002 1656 τιμωρίαν
1035 1589 1180 1657 εὕροι
1209 1607 1294 1653 τις
1332 1591 1399 1645 ἄν
1475 1592 1669 1643 οὐκοῦν

82 1673 138 1722 εί
172 1672 287 1739 τὴν
310 1674 537 1744 γνώμην
567 1676 948 1746 ἁναπτύξομεν
980 1679 1072 1731 τοῦ
1112 1681 1249 1733 κατᾶ
1281 1681 1413 1733 Θεὸν
1444 1681 1665 1745 ζῶντος,

83 1765 151 1813 ὲν
187 1764 343 1833 αὐτῇ
377 1766 698 1833 λάμπουσαν
730 1770 1034 1839 εὑρήσομεν
1063 1771 1162 1839 τὴν
1192 1774 1469 1843 μακαρίαν
1498 1772 1665 1841 ζωήνο

84 1852 257 1906 ὦσαν
287 1854 349 1907 δὲ
378 1857 554 1908 πᾶσαν
580 1858 747 1926 αὐτῆς
778 1859 1006 1927 είδῶμεν
1046 1861 1140 1929 τὴν
1166 1861 1418 1931 δύναμιν,
1453 1865 1538 1915 ἐπ’
1570 1864 1667 1914 αύ-

1770 683 1965 738 dienda
2021 690 2311 752 praecepta,
2348 681 2443 750 qui
2493 689 2670 749 potest
2695 680 2747 732 in
2779 678 3024 732 futurum
3072 691 3339 730 coronare

1773 777 1851 831 vel
1882 776 2106 844 punire;
2144 774 2249 829 hoc
2278 774 2422 827 enim
2462 772 2630 827 Deum
2671 772 2847 840 ipsum
2886 771 2939 823 in
2975 770 3133 823 nobis
3177 768 3337 821 inha-

1772 867 1947 920 bitare
1998 865 2149 920 facit.
2184 884 2202 916 ι
2244 864 2345 930 Qui
2403 864 2571 924 "enim,
2604 864 2802 929 inquit,
2832 862 3009 931 diligit
3044 876 3151 923 me,
3204 876 3341 928 prm-

1770 965 1924 1024 cepta
1972 970 2089 1008 mea
2119 952 2381 1014 servabit,
2423 961 2476 1005 et
2506 950 2665 1005 Pa‘ter
2707 965 2859 1005 meus
2890 950 3080 1019 diliget
3108 964 3254 1010 cum,
3287 956 3340 1001 ct

1773 1047 2053 1103 veniemus
2074 1085 2089 1111 ,
2126 1057 2182 1099 et
2214 1045 2551 1099 mansionem
2601 1043 2744 1111 apud
2777 1044 2957 1111 ipsum
2989 1041 3269 1095 faciemus.
3316 1058 3335 1091 ι

1774 1140 1895 1194 Haec
1919 1148 2100 1192 autem
2132 1137 2445 1190 observatio
2477 1136 2677 1205 legum,
2700 1134 2765 1188 ad
2808 1133 3140 1187 vol‘untatem
3185 1148 3341 1202 pror-

1772 1244 1867 1283 sus
1888 1230 2102 1281 attinet.
2126 1226 2335 1280 Etenim
2356 1226 2573 1293 pmmia
2596 1232 2797 1293 prmsto
2822 1234 2949 1278 sunt
2979 1222 3340 1291 lcgislatormn

1773 1318 2175 1382 venerantibus,
2198 1316 2657 1387 quemadmodum
2691 1330 2861 1385 paenae
2885 1312 3307 1381 despicientibus
3328 1352 3341 1367 .

1772 1420 1825 1462 et
1850 1410 1951 1462 hoc
1978 1408 2342 1462 voluntarium
2372 1417 2473 1460 est.
2512 1404 2625 1459 Hoc
2659 1406 2801 1459 enim
2826 1414 2909 1458 est
2940 1405 3162 1468 animae,
3200 1403 3342 1471 quod

1773 1495 2115 1565 disciplinam
2166 1495 2366 1563 ubique
2394 1494 2586 1561 recipit
2609 1510 2625 1558 ;
2648 1503 2701 1547 et
2726 1494 2939 1546 illorum
2974 1506 3093 1561 quae
3120 1506 3346 1560 prorsus

1773 1585 1941 1640 invite
1965 1595 2220 1655 aguntur,
2253 1601 2414 1639 nemo
2440 1600 2694 1639 coronam
2729 1598 2828 1637 nec
2858 1598 3074 1653 poenam
3109 1581 3349 1634 invenire

1772 1682 1967 1748 possit.
2020 1678 2208 1748 Itaque
2263 1678 2308 1731 si
2349 1678 2682 1737 voluntatem
2735 1676 2855 1744 ejus
2905 1676 2999 1743 qui
3043 1671 3345 1728 secundum

1779 1771 1945 1825 Deum
1965 1770 2119 1833 vivit,
2139 1767 2589 1837 expanderimus,
2618 1768 2672 1819 in
2695 1766 2796 1817 hac
2819 1764 3088 1817 lucentem
3105 1759 3347 1815 invenie—

1776 1878 1897 1917 mus
1917 1864 2131 1916 beatam
2152 1860 2318 1913 vitatn
2341 1876 2356 1921 ;
2377 1867 2435 1912 ut
2460 1868 2641 1911 autem
2658 1872 2879 1911 omnem
2900 1854 3048 1907 illius
3064 1852 3350 1905 videamus

84 1941 201 2009 τῆς
236 1943 413 2010 αὐτὴν
444 1945 750 2013 σκεψόμεθα
781 1950 877 2015 τῆς
923 1949 1249 2019 ὑπερϐολῆς,
1294 1951 1545 2019 καθάπερ
1574 1952 1665 2004 καὶ

1789 1954 2092 2016 potentiam,
2131 1951 2270 2005 hanc
2297 1953 2349 2004 in
2383 1952 2497 2020 ipsa
2517 1948 2923 2018 speculabimur
2942 1943 3347 2014 exsuperantia,

86 2032 367 2101 σώματος
395 2037 544 2104 ἰσχὺν
587 2038 679 2088 ἐπὶ
716 2039 811 2107 τῆς
846 2040 1050 2108 ἀκμῆς.
1090 2041 1399 2113 ’Υπερὸολὴ
1425 2043 1482 2095 δὲ
1510 2042 1669 2109 θελή-

1786 2044 2230 2117 ιυεῐηαιιωοιίιιιη
2252 2041 2501 2110 corporis
2531 2040 2673 2093 vires
2696 2038 3076 2107 injuventute.
3105 2033 3353 2103 Exsupe—

86 2138 245 2184 σεως
280 2124 448 2192 ἡδονὴ
484 2126 577 2179 καὶ
631 2126 797 2196 λύπη,
830 2129 889 2180 τὸ
928 2132 1026 2198 μὲν
1069 2134 1437 2202 προσιεμένης
1468 2133 1669 2199 ὁτιοῦν,

1788 2137 1946 2191 ηιιιία
1971 2144 2155 2190 autem
2191 2132 2495 2188 voluntatis
2513 2141 2598 2187 est
2623 2132 2876 2200 voluptas
2908 2138 2961 2182 et
2995 2129 3195 2191 luctus,
3220 2126 3351 2181 hinc

87 2216 286 2268 ἐκεῖνο
320 2216 379 2269 δὲ
410 2219 813 2287 ἐκτρεπομένης
838 2237 854 2252 ο
889 2222 1008 2274 ὅθεν
1052 2224 1109 2275 ὲν
1149 2225 1359 2287 τούτοις
1388 2225 1671 2294 ἄνθρωπος

1790 2226 1987 2295 ιυίιιεῐη
2007 2218 2985 2294 quodcunquelaetattteraccipientis,
3009 2218 3157 2271 illinc
3175 2225 3350 2270 autem
3384 2232 3387 2233 ν

86 2307 118 2357 ὅ
149 2323 212 2361 τι
247 2306 392 2367 ἐστι.
423 2309 692 2377 φαίνεται,
730 2312 1019 2367 καὶταῦτα
1051 2317 1139 2367 τὸν
1171 2316 1405 2369 ἑκάστου
1428 2314 1671 2368 δείκνυσι

1786 2317 2105 2386 repellentis.
2134 2313 2287 2369 Unde
2342 2314 2505 2367 homo
2537 2312 2667 2380 quid
2711 2312 2781 2365 sit
2844 2310 2898 2364 in
2960 2310 3044 2363 his
3095 2316 3354 2377 apparet;

86 2401 315 2469 τρόπον
350 2404 441 2452 καὶ
487 2403 613 2466 τοὺς
648 2407 918 2474 πονηροὺς
966 2405 1201 2476 διῖστησι
1244 2408 1352 2459 τῶν
1398 2407 1670 2476 χρηστῶν.

1786 2388 1890 2462 hic
1926 2406 2364 2473 uniuscojusque
2423 2418 2606 2457 mores
2637 2404 2957 2468 ostendunt,
2992 2417 3053 2456 ac
3094 2416 3292 2470 pravos
3324 2416 3355 2455 α

92 2493 218 2544 Καὶ
248 2491 396 2544 οῦτω
431 2493 601 2557 διττὸς
633 2497 659 2547 6
684 2496 793 2547 τῶν
817 2496 1120 2565 ἀνθρώπων
1148 2500 1359 2566 γίνεται
1395 2500 1531 2569 βίος,
1567 2500 1674 2551 τῶν

1786 2495 1932 2550 nonis
1988 2503 2304 2548 secernunt.
2342 2492 2408 2545 Et
2458 2495 2532 2547 ita
2563 2492 2761 2561 duplex
2792 2492 2849 2546 ﬁt
2884 2493 3168 2546 hominum
3218 2490 3361 2551 vita,

95 2585 209 2649 μὲν
242 2585 501 2653 πονηρῶν
524 2590 768 2655 αἰσχροῖς
800 2592 894 2643 καὶ
929 2590 1198 2657 ματαίοις,
1234 2592 1345 2644 τῶν
1377 2593 1433 2645 δὲ
1457 2594 1676 2658 ἀγαθῶν

1786 2600 2071 2651 pravorum
2105 2584 2322 2652 quidem
2360 2583 2450 2650 qui
2484 2583 2549 2637 de
2584 2583 2835 2649 turpibus
2869 2583 3129 2650 vanisque
3166 2581 3345 2633 uetan-

93 2676 421 2744 χαιρόντων
447 2683 557 2741 τοῖς
593 2681 835 2747 ἀγαθοῖς,
870 2683 964 2734 καὶ
1002 2684 1112 2736 τῶν
1148 2686 1247 2751 μὲν
1289 2688 1399 2747 τοῖς
1432 2685 1679 2738 δοκοῦσιν

1786 2684 1886 2737 tur,
1918 2675 2184 2728 honorum
2220 2684 2401 2727 autem
2443 2674 2537 2743 qui
2562 2673 2720 2727 bonis
2752 2674 3129 2741 congaudent;
3163 2687 3361 2726 rursus

94 2767 335 2834 ἀηδέσι,
361 2769 465 2821 τῶν
494 2770 549 2822 δὲ
580 2774 690 2834 τοῖς
726 2774 799 2834 ὠς
840 2773 1052 2844 ἀληθῶς
1095 2777 1283 2837 κακοῖς
1324 2776 1639 2845 ἀχθομένων

1786 2766 1996 2819 illorum
2033 2765 2125 2834 qui
2152 2766 2219 2819 de
2250 2764 2415 2819 rebus
2444 2780 2539 2833 per
2566 2767 2803 2834 speciem
2830 2763 3035 2819 odiosis
3067 2764 3272 2832 lugent,
3305 2772 3359 2817 et

99 2861 207 2912 καὶ
260 2860 323 2910 ού
379 2862 609 2929 πονηρία
661 2864 751 2914 καὶ
805 2863 1113 2933 χρηστότης
1171 2868 1353 2933 μόνον,
1394 2866 1529 2919 ἀλλὰ
1589 2865 1681 2919 καὶ

1786 2858 2009 2912 istorum
2060 2857 2153 2925 qui
2185 2856 2254 2910 de
2298 2858 2461 2910 rebus
2488 2871 2615 2910 vere
2648 2856 2807 2909 malis
2843 2856 3254 2910 contristantur.
3295 2853 3361 2907 Et

102 2945 381 3013 ῥᾳστώνη
413 2946 528 3013 βίου
565 2952 658 3001 καὶ
690 2951 945 3007 δυσκολία
971 2954 1061 3004 καὶ
1092 2953 1149 3004 τδ
1188 2953 1475 3022 δυστυχεῖν
1504 2956 1597 3006 καὶ
1623 2956 1682 3007 τὸ

1786 2960 1892 2997 non
1922 2945 2102 3012 solum
2149 2944 2476 3013 perversitas
2507 2953 2560 2998 et
2584 2945 2827 3009 bonitas,
2872 2946 2966 3000 sed
2999 2956 3052 2999 et
3084 2944 3210 2997 vita:
3241 2944 3364 2998 dul-

99 3038 387 3102 πρᾶττειν
417 3033 474 3090 εῦ
504 3038 612 3090 ἀπὸ
653 3040 859 3093 τούτων
900 3042 1168 3109 κρίνεται.
1203 3038 1298 3105 Οἷς
1329 3045 1507 3097 τοίνυν
1557 3049 1682 3117 περὶ

1786 3037 1918 3091 cedo
1950 3038 2387 3107 morositasque,
2429 3037 2715 3092 calamitas
2747 3052 2810 3091 ac
2846 3038 3181 3108 prosperitas
3216 3046 3367 3091 recte

100 3126 270 3196 ζωῆς
297 3127 575 3197 μακαρίας
614 3132 641 3183 6
685 3124 861 3199 λόγος,
891 3132 1007 3196 πῶς
1038 3134 1137 3187 οὐκ
1176 3136 1449 3202 ἀναγκαία
1481 3137 1685 3191 τούτων

1784 3144 1853 3184 ex
1902 3129 1990 3185 his
2021 3127 2360 3198 iudicantur.
2396 3128 2609 3195 Quibus
2659 3144 2789 3197 ergo
2831 3128 2897 3182 de
2928 3129 3036 3182 vita
3080 3129 3235 3181 beata
3278 3138 3366 3183 est

98 3219 136 3287 ἡ
170 3216 409 3286 θεωρία,
446 3221 573 3287 παρ’
595 3216 677 3280 οἷς
704 3223 795 3273 καὶ
825 3222 884 3275 τὸ
912 3224 1009 3291 τῆς
1039 3224 1181 3295 ζωῆς
1212 3223 1350 3288 εῖδος
1376 3229 1561 3292 ἁπλῶς
1592 3232 1682 3284 καὶ

1787 3235 1989 3287 sermo,
2015 3222 2296 3291 quomodo
2325 3222 2636 3276 necessaria
2664 3235 2771 3275 non
2795 3228 2941 3275 esset
2977 3222 3205 3274 istorum
3234 3223 3365 3286 spe:

102 3310 223 3378 τὴν
287 3309 636 3378 εὐδαιμονίαν
686 3312 802 3364 ἔστι
841 3315 1067 3382 μαθεῖνί
1110 3317 1264 3370 Ἐπεὶ
1309 3318 1365 3369 δὲ
1421 3320 1612 3388 ἡδονῆς
1652 3324 1685 3392 ἡ

102 3400 270 3467 λύπη
298 3401 559 3470 προτέρα,
582 3404 813 3456 καθόσον
841 3406 1049 3458 ἐκείνου
1074 3408 1231 3461 τοῦτο
1263 3410 1497 3480 καρπὸς,
1528 3429 1545 3461 ι
1578 3412 1689 3463 Πα-

106 3490 560 3560 ρακληθήσονται
611 3494 741 3562 γὰρ,
794 3499 979 3563 φησὶν,
1020 3499 1069 3550 οἱ
1091 3499 1430 3562 πενθοῦντες,
1482 3519 1500 3551 ι
1546 3502 1691 3565 εῖκός

106 3584 245 3634 ἐστι
279 3582 373 3633 καὶ
404 3582 494 3634 τὸν
526 3584 656 3652 περὶ
686 3585 886 3655 ταύτης
921 3589 1079 3655 λόγον
1109 3590 1443 3658 ἡγήσασθαι.
1479 3595 1689 3658 ’Δλλως

103 3690 173 3726 τε
213 3673 282 3726 τὸ
308 3674 407 3742 μὲν
436 3670 513 3738 οἷς
540 3677 812 3747 προσῆκόν
838 3681 983 3732 ἐστιν
1011 3681 1300 3749 ἄχθεσθαι,
1324 3684 1547 3751 φεύγειν
1572 3691 1691 3739 ἐστὶ

105 3768 175 3819 τδ
217 3766 415 3830 κακὸν,
443 3766 501 3819 τό
538 3785 601 3837 γε
642 3768 748 3838 μὴν
789 3771 1001 3839 χαίρειν
1034 3772 1293 3843 δεύτερον
1325 3778 1352 3829 6
1389 3777 1523 3845 πρὸς
1550 3778 1687 3845 ἀγα-

108 3857 215 3911 θόν
255 3857 372 3907 ἐστι
404 3856 622 3923 δρόμος,
654 3860 830 3911 ἐκεῖνο
853 3859 911 3911 δὲ
947 3862 1139 3913 τούτου
1171 3865 1237 3932 τῇ
1273 3865 1482 3934 προέδῳ
1512 3866 1691 3919 δεύτε-

112 3967 243 4020 ρον,
282 3967 301 3999 ι
340 3949 623 4003 Ἐκκλινον
646 3950 775 4018 γὰρ,
802 3954 984 4021 φησιν,
1015 3953 1123 4005 ἀπὸ
1147 3955 1317 4007 κακοῦ
1341 3958 1436 4009 καὶ
1467 3957 1691 4026 ποίησον

109 4040 358 4109 ἀγαθόν.
402 4058 419 4093 ι
453 4041 681 4112 Εἴρηται
718 4042 817 4112 μὲν
853 4040 946 4097 οῦν
980 4044 1083 4097 κάν
1114 4048 1226 4107 τοῖς
1269 4046 1576 4117 ἔμπροσθεν
1606 4048 1665 4102 λό

107 4147 245 4199 τοις
276 4131 404 4199 περὶ
442 4134 540 4202 τῆς
602 4134 741 4186 κατὰ
788 4133 922 4185 Θεὸν
968 4133 1170 4202 λύπης,
1206 4130 1279 4189 ὦν
1333 4139 1607 4205 ὑπόθεσις,
1656 4142 1691 4195 ἃ

106 4219 502 4290 λογιζομένοις
553 4223 631 4277 ενι
686 4226 925 4288 πενθεῖν,
968 4225 1103 4279 ἀλλὰ
1141 4228 1228 4279 ἐπ’
1252 4228 1386 4282 ἄλλα
1436 4231 1690 4299 βλέπουσι

109 4319 215 4368 καὶ
248 4314 339 4366 διὰ
366 4312 523 4367 τοῦτο
556 4318 692 4385 πρὸς
733 4317 898 4382 ἅπαν,
927 4318 954 4369 ὂ
987 4320 1258 4387 ¹προσήκει
1291 4319 1366 4389 τῷ
1399 4321 1586 4383 πάθει,
1615 4324 1691 4391 μὴ

105 4406 419 4474 δυνηθεῖσι.
458 4406 571 4459 Νῦν
619 4408 677 4461 δὲ
725 4408 997 4479 θεωρῆσαι
1029 4410 1129 4473 δεῖ,
1184 4412 1315 4475 Θεὸς
1356 4413 1411 4465 δὲ
1447 4414 1569 4482 ἄγοι
1602 4416 1692 4467 τὴν

108 4498 305 4565 λόγον,
333 4498 385 4549 τί
416 4499 474 4549 τέ
501 4499 651 4550 ἐστιν
688 4499 717 4552 ὃ
750 4500 986 4568 λυπήσει
1015 4501 1105 4553 τὸν
1133 4504 1421 4555 σπουδαῖον
1449 4507 1543 4555 καὶ⁵
1570 4504 1689 4557 τίνα

106 4587 350 4658 τρόπον,
387 4588 480 4640 καὶ
503 4589 670 4641 τᾶλλα
693 4589 986 4660 δήπουθεν,
1024 4593 1079 4643 ἐν
1107 4586 1186 4653 οἷς
1232 4591 1328 4659 τῆς
1368 4594 1690 4661 ἐπαινουμέ-

107 4698 218 4752 νης
248 4679 427 4749 λύπης
454 4680 587 4750 πρὸς
612 4681 709 4752 τὴν
747 4683 986 4754 πονηρὰν
1022 4684 1054 4750 ἡ
1086 4683 1340 4752 διαφορά.

190 4864 327 4917 ὐτι
378 4864 474 4932 μὲν
505 4858 597 4917 οῦν
627 4860 706 4926 οἷς
744 4864 944 4917 δεῖκαὶ
982 4866 1096 4929 πῶς
1146 4866 1225 4919 δεῖ
1273 4867 1566 4922 ἀκόλουθον
1602 4870 1693 4923 τὸν

109 4959 174 5010 ὲν
221 4954 346 5023 Θεῷ
374 4953 549 5018 ζῶντα
579 4954 891 5022 λυπεῖσθαι,
924 4956 1089 5011 πᾶσιν
1115 4958 1229 5009 ἐστι
1263 4960 1496 5027 φανερόν
1516 4975 1531 4991 ο
1577 4959 1695 5013 τίνα

108 5048 170 5099 δὲ
202 5046 276 5096 τὰ
316 5045 531 5108 δέοντα,
557 5044 650 5097 καὶ
677 5047 757 5107 τίς
788 5047 819 5098 6
840 5046 1041 5116 τρόπος
1066 5048 1093 5099 6
1124 5051 1419 5117 προσήκων
1457 5050 1551 5102 καὶ
1586 5050 1693 5101 τῶν

110 5132 389 5189 τοιούτων
415 5134 475 5186 οὐ
510 5135 643 5187 πᾶσι
691 5136 868 5203 δήλων
918 5137 1370 5207 καθεσταμένων,
1414 5140 1446 5208 ἡ
1500 5140 1693 5209 σκέψις

111 5226 180 5278 οὐ
217 5223 398 5293 μάτην
427 5226 624 5290 γένοιτ’
674 5225 740 5279 ἂν
774 5229 903 5297 ἡμῖν
942 5229 1041 5297 ὅση
1102 5230 1326 5301 δυνατή.
1364 5232 1429 5283 'H
1474 5233 1572 5299 μὲν
1603 5232 1694 5285 οὖν

112 5315 271 5384 λύπη
292 5315 386 5368 τοῦ
407 5316 927 5388 μίσουςὲξηρτηται,
955 5321 1015 5371 τί)
1039 5320 1094 5372 δὲ
1119 5325 1273 5390 μῖσος
1290 5323 1382 5375 τοῦ
1414 5324 1571 5390 λόγου
1598 5327 1691 5388 τῑις

118 5407 418 5477 πονηρίας.
453 5408 562 5461 Καὶ
604 5410 712 5478 γὰρ
740 5410 1201 5480 ἀποστρεφόμεθα
1238 5414 1334 5482 μὲν
1370 5414 1396 5465 ὃ
1427 5414 1693 5484 δοκοῦμεν

118 5495 271 5551 εἶναι
323 5497 577 5567 πονηρὸν,
611 5494 692 5561 οἷς
736 5500 793 5553 δι
841 5518 922 5564 τις
955 5502 1163 5571 ἐχθρῶς
1190 5504 1304 5572 ἔχει
1356 5506 1449 5556 καὶ
1497 5506 1629 5574 πρὸς
1660 5506 1694 5557 ὃ.

116 5591 497 5659 δυσχεραίνει,
528 5590 741 5654 τούτοις
777 5593 994 5646 ἀνιᾶται
1040 5594 1305 5664 παροῦσιν
1336 5611 1348 5624 ·
1377 5597 1501 5648 ὅθεν
1528 5599 1553 5648 6
1587 5595 1694 5659 ζῶν

119 5682 305 5755 ὀρθῶς
339 5682 430 5734 καὶ
472 5685 570 5753 τῆς
618 5684 883 5753 ἀληθινῆς
934 5685 1250 5754 φιλοσοφίας
1296 5687 1697 5756 ἐπειλημμένος

120 5773 235 5829 οἵδε
279 5774 380 5844 μὲν
411 5774 645 5844 πρῶτον,
678 5776 816 5846 ὅπερ
853 5778 969 5830 ἐστὶ
1012 5778 1180 5830 κακὸν
1214 5778 1450 5845 ἀληθῶς,
1483 5775 1590 5831 οἶδε
1640 5780 1697 5831 δὲ

120 5870 149 5923 ὃ
183 5868 293 5940 χρὴ
324 5870 525 5938 μισεῖν,
557 5870 775 5923 ἀνιᾶται
805 5870 860 5923 δὲ
882 5863 962 5934 οἷς
995 5870 1255 5941 ἄχθεσθαι
1284 5872 1381 5927 δεῖ.
1410 5871 1508 5925 Διὰ
1538 5872 1692 5926 τοῦτο

1791 3310 2011 3375 culatio,
2038 3326 2066 3364 a
2091 3311 2293 3380 quibus
2314 3319 2370 3364 et
2404 3310 2527 3365 vitae
2561 3311 2865 3379 simplicem
2899 3311 3125 3363 formam
3158 3320 3217 3363 ει·
3250 3310 3366 3362 fcli-

1789 3401 2005 3456 citatem
2059 3402 2271 3455 discere
2304 3401 2490 3454 datum
2513 3402 2627 3455 est-l
2658 3400 3151 3465 Quoniamrantem
3212 3401 3367 3455 volu-

1793 3501 1937 3560 ptate
1987 3492 2135 3561 prior
2193 3502 2275 3546 est
2310 3494 2491 3547 luctus
2530 3494 2583 3545 in
2621 3502 2886 3562 quantum
2942 3492 3104 3561 hujus
3132 3492 3219 3545 illa
3253 3492 3368 3544 fru-

1792 3595 1912 3638 ctus
1939 3592 2043 3646 est,
2080 3603 2098 3635 ι
2130 3584 2571 3639 Consolabuntttr
2608 3585 2777 3647 enim,
2828 3583 2925 3647 ait,
2966 3584 3058 3651 qui
3091 3583 3297 3649 lugent,
3341 3602 3360 3633 ι

1791 3691 2006 3746 aequum
2048 3684 2130 3730 est
2174 3676 2239 3729 de
2271 3676 2379 3730 isto
2436 3675 2702 3729 inchoare
2751 3689 3082 3728 sermonem.
3115 3671 3321 3728 Revera
3349 3714 3363 3737 ,

1792 3769 1974 3837 lugere
2006 3766 2074 3821 de
2103 3766 2305 3836 quibus
2339 3776 2549 3835 oportet
2582 3774 2665 3820 est
2702 3764 2889 3833 fugere
2921 3766 3151 3829 malum,
3178 3776 3231 3818 et
3264 3768 3366 3819 ite-

1796 3876 1914 3914 rum
1980 3861 2239 3929 gaudere,
2279 3873 2475 3913 cursus
2518 3858 2583 3911 ad
2625 3858 2827 3911 bonum
2866 3867 2987 3926 est;
3016 3857 3145 3914 illud
3183 3869 3363 3914 autem

1795 3951 1921 4004 huic
1949 3951 2127 4021 quoad
2156 3962 2366 4017 tempus
2384 3948 2663 4004 succedit:
2693 3970 2711 4003 ι
2738 3948 2958 4007 Declina
2980 3953 3149 4018 enim,
3168 3954 3367 4023 inquit,

1795 4059 1820 4093 a
1860 4044 2002 4096 malo
2036 4050 2089 4096 et
2132 4041 2218 4097 fac
2260 4041 2489 4096 bonum.
2532 4058 2550 4093 ι
2594 4040 2750 4097 Dicta
2786 4059 2914 4098 vero
2960 4034 3088 4098 sunt
3118 4044 3184 4098 de
3218 4045 3367 4099 luctu

1793 4132 2090 4186 secundum
2160 4130 2327 4185 Deum
2394 4132 2450 4185 in
2514 4132 2791 4205 prioribus
2853 4134 3242 4197 sermonibus,
3303 4149 3369 4189 ea

1794 4238 2023 4292 quorum
2086 4232 2168 4277 est
2234 4224 2536 4293 propositio
2584 4222 2653 4279 de
2719 4225 2922 4294 quibus
2994 4239 3126 4279 sane
3185 4226 3371 4295 lugere

1795 4314 1937 4376 licet,
1986 4313 2079 4367 sed
2131 4312 2197 4367 ad
2248 4312 2355 4365 alia
2392 4312 2712 4382 respiciunt,
2744 4323 2798 4369 et
2854 4314 2977 4367 ideo
3014 4330 3179 4369 omne
3222 4316 3370 4384 quod

1795 4403 2033 4468 passioni
2108 4403 2401 4472 competit,
2448 4420 2754 4474 praecavere
2834 4418 3134 4475 nequeunt.
3212 4406 3368 4461 Nune

1798 4505 1973 4548 autem
2029 4493 2321 4549 videndum
2377 4506 2475 4551 cst‘
2516 4495 2627 4552 Deo
2657 4498 2900 4566 auspice,
2942 4498 3073 4566 quid
3108 4498 3197 4559 sit,
3221 4500 3368 4567 quod

1798 4595 1974 4653 p0test
2036 4587 2364 4640 contristare
2441 4589 2773 4652 studiosum,
2839 4597 2895 4641 et
2938 4590 3267 4657 quomodo,
3302 4590 3370 4643 de

1794 4688 1987 4730 caetero
2019 4678 2072 4732 in
2094 4678 2291 4747 quibus
2313 4664 2525 4733 laudati
2548 4679 2733 4734 luctus
2750 4695 2779 4733 a
2806 4694 3065 4749 perverso
3088 4689 3195 4734 stet
3218 4681 3370 4735 diﬁc—

1794 4771 1992 4823 rentia.

1862 4860 2021 4926 Quod
2056 4862 2276 4930 quidem
2306 4860 2450 4915 ﬁdeli
2494 4861 2548 4916 in
2606 4862 2714 4915 Deo
2770 4862 2995 4927 viventi,
3054 4864 3122 4920 de
3170 4864 3371 4934 quibus

1792 4960 2005 5021 oportet
2027 4960 2082 5006 et
2110 4952 2385 5022 quomodo
2421 4957 2651 5021 oportet,
2697 4952 2771 5009 sit
2824 4954 3116 5026 lugendum
3138 4995 3155 5022 ,
3188 4957 3369 5009 omni-

1794 5046 1896 5097 bus
1936 5044 2284 5098 maniiestum
2331 5056 2416 5099 est
2450 5062 2465 5111 ;
2500 5060 2750 5115 quaenam
2789 5055 2972 5101 autem
3009 5047 3121 5100 sint
3161 5063 3368 5101 conve-

1796 5136 1998 5189 nientia
2054 5146 2110 5190 et
2161 5137 2286 5205 quis
2328 5137 2528 5191 modus
2594 5137 2948 5201 conveniens,
2998 5138 3241 5207 quidque
3299 5138 3370 5193 sit

1787 5227 2153 5297 judicandum
2182 5228 2249 5283 de
2280 5228 2401 5283 aliis
2430 5228 2703 5284 similibus
2755 5245 2863 5283 non
2896 5228 3140 5297 profecto
3172 5232 3223 5282 in
3255 5230 3371 5284 lucc

1792 5319 2009 5387 positis,
2046 5334 2153 5371 non
2189 5318 2391 5373 [rustra
2422 5320 2582 5375 nobis
2642 5335 2738 5389 pro
2792 5320 3052 5374 facultate
3083 5323 3368 5388 speculan-

1792 5409 1920 5463 dum
1980 5410 2147 5463 venit.
2178 5408 2384 5465 Luctus
2438 5410 2605 5480 igitur
2655 5414 2724 5465 ab
2760 5411 2887 5465 odio
2939 5411 3151 5480 pendet,
3184 5412 3365 5464 odium

1792 5508 1970 5553 autem
2017 5514 2048 5554 α
2100 5500 2332 5555 rationis
2397 5501 2623 5554 malitia.
2691 5501 2902 5555 Etenim
2959 5502 3173 5556 odimus
3222 5502 3367 5569 quod

1796 5592 1953 5646 nobis
1984 5593 2190 5646 malum
2223 5608 2345 5647 esse
2370 5592 2622 5658 videtur;
2652 5608 2773 5663 quae
2805 5602 2985 5647 autem
3012 5593 3212 5660 aliquis
3241 5593 3369 5645 odio

1793 5686 1977 5749 habet,
2004 5695 2058 5741 et
2082 5687 2282 5756 quibus
2306 5687 2666 5754 prwsentibus
2696 5688 3083 5741 contristatur:
3119 5686 3243 5739 hinc
3274 5688 3365 5752 qui

1796 5789 1940 5833 recte
1972 5780 2102 5833 vivit
2132 5790 2185 5834 et
2221 5795 2361 5833 verae
2392 5780 2750 5849 philoSOphiae
2794 5779 3044 5833 addictus
3081 5785 3184 5842 est,
3219 5777 3370 5831 novit

1801 5872 1976 5943 primo
2009 5872 2137 5944 quid
2194 5889 2319 5931 νινε
2371 5874 2437 5927 sit
2487 5873 2710 5941 malum,
2757 5872 2909 5929 novit
2961 5872 3186 5943 insuper
3230 5869 3365 5939 quid
