4140 6318
817 492 916 555 691

2073 495 2376 554 NlCOLAl
2413 498 2800 559 CABASlLﬁ

3956 509 4050 570 692

814 611 991 657 odisse
1028 614 1294 671 oporteat,
1322 615 1375 657 et
1402 605 1466 657 de
1492 605 1690 670 quibus
1725 605 1901 671 lugere
1950 606 2120 665 decet,
2175 606 2369 658 contri-

2485 612 2757 680 ζητῶμεν,
2793 615 2844 665 τί
2873 614 2930 666 τὸ
2957 615 3030 676 ὠς
3055 614 3268 684 ἀληθῶς
3298 613 3568 685 ἀνθρώπῳ
3599 618 3797 671 κακόν.
3842 621 4056 672 Πολλίιν

813 701 1008 744 statur.
1042 691 1243 745 Idcirco
1272 708 1598 760 quaeramus,
1628 694 1756 761 quid
1797 694 1996 745 hcinini
2022 710 2141 746 vere
2178 697 2376 746 malum

811 783 902 834 sit.
938 782 1102 834 Multa
1161 799 1318 850 porro
1344 799 1467 834 cum
1510 784 1618 836 sint
1648 798 1709 836 ac
1737 784 1970 844 diversa,
2009 799 2127 851 qua:
2154 783 2260 837 isto
2292 800 2381 836 vo-

810 881 1005 924 cantur
1057 873 1316 937 nomine;
1349 873 1450 924 alia
1482 873 1700 940 quidem
1751 872 1963 925 cunctis
2019 872 2381 926 communiter

810 963 1145 1023 hominibus.
1169 965 1269 1016 alia
1307 978 1431 1015 vero
1457 949 1781 1031 quibusdam
1811 962 2177 1024 incommoda,
2203 964 2380 1029 gravis

809 1066 889 1107 est
917 1057 1108 1109 anime
1141 1056 1341 1108 malitis
1370 1065 1422 1108 et
1457 1055 1651 1107 mentis
1681 1056 1921 1107 morbus.
1963 1053 2167 1106 Etenim
2209 1065 2379 1106 astru-

811 1159 929 1198 rum
995 1143 1276 1206 delectus,
1330 1153 1628 1212 temporum
1710 1142 2093 1204 confusio:.-es,
2141 1143 2377 1194 locorum

809 1235 1145 1296 sterilitates,
1194 1244 1350 1288 teme
1371 1234 1684 1297 divisiones,
1710 1242 1865 1286 terra:
1900 1241 2075 1286 motus
2105 1247 2165 1284 ac
2188 1231 2375 1298 pestis,

811 1337 1024 1394 egestas
1061 1335 1115 1379 et
1141 1327 1383 1388 morbus,
1415 1325 1633 1393 injuria,
1681 1339 1867 1378 carcer
1928 1335 1983 1378 et
2048 1324 2293 1386 verbera,
2319 1334 2372 1377 et

812 1416 1006 1468 horum
1042 1415 1464 1484 unumquodque
1511 1423 1687 1483 potest
1722 1416 1773 1467 in
1805 1415 1983 1482 seipse
1999 1415 2217 1483 quidem
2250 1427 2370 1468 esse

807 1505 1034 1569 malum,
1097 1505 1300 1557 homini
1359 1518 1485 1557 vero
1545 1504 1766 1557 minime
1825 1503 2026 1555 malum
2089 1511 2192 1556 est.
2250 1501 2374 1557 Haec

806 1608 1042 1661 namque
1077 1593 1293 1662 quidem
1331 1594 1567 1646 exterius
1612 1602 1828 1655 vexant,
1858 1605 1958 1646 nec
2010 1593 2148 1646 ultra
2182 1607 2381 1661 corpus

804 1694 857 1738 ct
888 1686 1262 1753 possessiones
1311 1684 1680 1736 extenduntur
1719 1701 1736 1737 ι
1788 1685 1948 1736 homo
1994 1698 2121 1736 vero
2154 1698 2260 1738 non
2295 1693 2382 1736 est

805 1793 1027 1844 corpus,
1062 1787 1142 1840 ut,
1177 1777 1281 1831 hoc
1330 1776 1636 1840 laborante,
1688 1777 1801 1844 ipse
1836 1784 2081 1844 wgrotet,
2135 1790 2309 1843 neque
2351 1788 2378 1826 a

806 1868 1012 1923 fortiori
1065 1868 1206 1934 illis,
1236 1883 1356 1937 quae
1394 1867 1607 1934 corpori
1655 1866 1960 1920 necessaria
1995 1864 2382 1938 suppeditant,

803 1960 1015 2023 ablatis,
1036 1961 1087 2011 in
1123 1957 1458 2014 humanitate
1481 1973 1576 2010 sua
1603 1956 1716 2009 ladi
1753 1956 1968 2024 poterit.
1993 1955 2130 2020 Quin
2154 1955 2263 2007 imo
2285 1971 2382 2011 nec

803 2050 1163 2103 multitudinis
1191 2047 1392 2116 judicia
1424 2047 1694 2101 hominem
1725 2047 2006 2115 efﬁngunt,
2044 2055 2104 2098 ut
2142 2049 2211 2099 sit
2234 2046 2382 2100 dete-

803 2142 932 2204 rior,
959 2141 1002 2194 si
1027 2141 1147 2209 quis
1178 2140 1244 2193 de
1293 2141 1410 2207 ipso
1447 2139 1624 2191 minus
1656 2141 1790 2192 bene
1841 2139 2062 2206 iudicat.
2087 2135 2294 2190 Etenim
2333 2137 2377 2188 si

802 2246 1126 2300 poneremus
1178 2232 1343 2292 istud,
1384 2239 1650 2298 Oporteret
1698 2238 1750 2282 et
1799 2230 1934 2282 male
1985 2243 2142 2297 agere
2189 2243 2378 2296 quem-

799 2324 922 2376 dam
965 2332 1017 2377 et
1045 2337 1139 2391 per
1177 2337 1236 2376 se
1261 2321 1537 2375 meliorem
1563 2334 1683 2374 esse
1716 2359 1729 2384 ,
1761 2334 1981 2388 pravum
2010 2318 2227 2389 quidem
2253 2333 2374 2373 esse

798 2415 963 2469 simul
1006 2429 1068 2468 ac
1114 2413 1339 2474 bonum,
1383 2412 1644 2466 miserum
1696 2425 1759 2464 ac
1811 2411 2028 2464 beatum
2055 2448 2068 2472 ,
2105 2409 2371 2479 siquidem

800 2507 914 2561 haec
945 2507 1057 2570 alii,
1100 2506 1188 2559 alii
1224 2519 1353 2558 vero
1410 2505 1501 2557 illa
1536 2505 1847 2570 opinantur.
1885 2501 1939 2552 Si
1977 2510 2156 2553 autem
2199 2502 2365 2552 homo

800 2614 924 2655 vere
977 2598 1048 2652 sit
1097 2597 1346 2651 voluntas
1402 2603 1455 2648 et
1496 2595 1657 2657 ratio,
1710 2593 1852 2661 quod
1887 2593 2023 2646 nihil
2058 2592 2204 2644 aliud
2243 2607 2367 2643 cum

797 2706 864 2747 eo
899 2689 1283 2753 communicat,
1322 2688 1426 2741 hoc
1467 2686 1684 2754 quidem
1714 2686 1987 2749 virtutem,
2046 2683 2177 2736 illud
2239 2697 2370 2735 vero

799 2783 1060 2836 malitiam
1109 2779 1353 2834 hominis
1405 2779 1678 2845 respicere
1721 2785 1934 2842 potest;
1968 2783 2020 2827 et
2069 2776 2120 2826 in
2162 2775 2248 2826 his
2284 2773 2367 2823 in-

799 2871 1096 2926 fortunium
1134 2878 1187 2923 et
1209 2869 1332 2922 boni
1372 2882 1550 2922 mores
1571 2866 1759 2923 eodem
1803 2864 2086 2930 redibunt;
2113 2872 2371 2932 aegrotare

797 2974 851 3018 et
896 2965 1030 3017 bene
1085 2962 1286 3026 valere,
1344 2959 1398 3012 in
1433 2959 1727 3028 gemitibus
1755 2956 1936 3010 vivere
1966 2966 2018 3008 et
2068 2957 2119 3008 in
2157 2955 2369 3009 deliciis

796 3069 938 3117 esse,
970 3053 1118 3123 quod
1162 3053 1216 3105 in
1248 3062 1539 3120 utramque
1588 3059 1793 3117 partem
1819 3049 2065 3100 inclinat.
2100 3047 2367 3110 Quoniam

798 3155 977 3200 autem
1011 3158 1165 3199 error
1196 3142 1421 3196 rationis
1471 3149 1552 3194 est
1597 3140 1936 3194 mendacium
1969 3139 2370 3206 voluntatisque

800 3236 1146 3304 perversitas,
1193 3234 1545 3303 quaerendum
1598 3241 1848 3300 superest
1890 3246 2123 3299 quonam
2170 3230 2370 3282 indicio

805 3327 1096 3381 manifesto
1165 3325 1451 3392 utriusque
1521 3337 1917 3392 cOgnoscamus
1971 3335 2233 3375 errorem.
2290 3319 2367 3372 Ex

800 3418 985 3472 multis
1033 3427 1210 3472 autem
1278 3417 1480 3484 ubique
1549 3413 1788 3467 omnium
1860 3411 2221 3465 rectissimum
2289 3419 2374 3464 est

800 3510 895 3564 Dei
935 3507 1239 3578 iudicium;
1279 3507 1482 3560 bonum
1514 3513 1695 3558 autem
1756 3512 1808 3556 et
1857 3517 2047 3555 verum
2085 3511 2190 3564 est,
2225 3500 2368 3567 quod

801 3599 875 3655 illi
931 3599 1130 3667 placet,
1155 3597 1297 3651 istud
1350 3605 1530 3649 autem
1585 3607 1811 3662 pravum
1856 3607 1919 3644 ac
1970 3591 2184 3656 falsum,
2228 3591 2369 3658 quod

798 3691 1044 3762 ejusdem
1098 3705 1205 3744 non
1263 3687 1470 3742 obtinet
1520 3683 1876 3750 suffragium;
1926 3691 1978 3735 et
2018 3681 2105 3734 illa
2151 3683 2367 3749 quidem

799 3800 922 3854 quae
964 3783 1098 3838 utile
1151 3789 1342 3837 censet
1375 3777 1580 3833 homini
1621 3776 1832 3832 discere
1888 3789 2013 3827 vera
2058 3781 2220 3836 sunt;
2249 3787 2369 3842 quae

797 3892 930 3934 vero
981 3876 1120 3931 velle
1162 3873 1338 3941 jubet,
1385 3877 1526 3924 bona
1561 3876 1722 3932 sunt;
1764 3881 1886 3936 qua:
1919 3874 2100 3920 autem
2145 3865 2229 3918 his
2273 3865 2369 3918 ad-

799 3975 1118 4022 versantur.
1154 3974 1342 4018 errore
1390 3965 1446 4011 ct
1505 3956 1748 4026 nequitia
1806 3954 1963 4024 plena
2009 3961 2161 4008 sunt.
2229 3953 2370 4006 lnter

797 4057 982 4113 divina
1034 4067 1197 4123 porro
1256 4048 1498 4112 oracula,
1545 4044 1792 4115 quaedam
1857 4058 1950 4113 per
2013 4043 2261 4095 homines
2314 4041 2365 4093 in

800 4160 1002 4204 terram
1077 4145 1237 4198 allata
1317 4149 1486 4203 sunt,
1538 4138 1766 4193 aliorum
1825 4146 2004 4189 autem
2054 4134 2171 4204 ipse
2224 4132 2365 4187 Deus

801 4241 902 4296 fuit
980 4237 1255 4298 nuntius,
1316 4233 1608 4289 humanam
1685 4229 1905 4283 indutus
1969 4236 2250 4288 naturam,
2313 4235 2369 4279 et

800 4334 964 4386 homo
1008 4327 1248 4383 hominis
1303 4325 1488 4395 lingua
1537 4322 1759 4391 prepria
1808 4318 2190 4375 convenientia
2218 4330 2368 4371 reve-

798 4425 940 4480 lans.
989 4419 1128 4487 Quid
1187 4427 1370 4473 autem
1426 4415 1616 4470 utilius
1659 4411 1966 4482 praeceptis,
2013 4419 2106 4463 aut
2153 4411 2368 4480 dogma-

798 4515 945 4568 tibus
998 4511 1176 4566 verius
1228 4516 1335 4574 est,
1385 4507 1453 4561 de
1499 4504 1699 4572 quibus
1737 4502 1884 4556 Deus
1935 4503 2051 4571 ipse
2089 4501 2365 4569 legislator

2484 703 2659 754 τοίνυν
2695 705 2787 755 καὶ
2843 703 3200 759 παντοδαπῶν
3238 707 3428 766 ὄντων,
3474 708 3508 760 ἃ
3549 709 3793 778 τοῦνομα
3845 709 4055 777 δέχεται

2481 793 2659 858 τοῦτο,
2693 797 2786 846 καὶ
2820 797 2928 848 τῶν
2975 797 3073 864 μὲν
3102 797 3413 866 ἀνθρώποις
3459 801 3517 849 ἐν
3547 801 3716 868 κοινῷ
3750 803 3922 863 πᾶσι,
3955 804 4054 852 τῶν

2481 888 2524 936 δ’
2558 887 2719 948 ὲνῐοις
2754 888 2920 939 ὄντων
2975 890 3271 958 δυσχερῶν,
3313 891 3465 942 οῦδὲν
3494 889 3606 943 οἷον
3653 895 3684 958 ἡ
3719 893 3824 961 τῆς
3881 895 4053 959 duxi;

2482 981 2712 1046 πονηρία
2749 983 2841 1031 καὶ
2892 981 2949 1032 τὸ
2994 982 3093 1050 τὴν
3150 981 3374 1050 γνώμην
3413 985 3607 1034 νοσεῖν.
3650 985 3762 1034 Kal
3809 985 3928 1052 γὰρ
3971 989 4055 1034 καὶ

2482 1071 2693 1137 ἄστρων
2734 1072 2932 1140 φθοραὶ
2960 1072 3055 1122 καὶ
3083 1071 3241 1140 ὡρῶν
3277 1073 3491 1136 ἀταξίαν.
3536 1074 3630 1125 καὶ
3672 1074 3880 1142 χωρῶν
3925 1077 4056 1139 ign-

2483 1162 2594 1228 ρίαι
2624 1164 2715 1213 καὶ
2747 1163 2847 1229 γῆς
2871 1163 3181 1225 διαστάσεις
3220 1167 3314 1216 καὶ
3345 1168 3562 1230 σεισμοὶ
3595 1164 3689 1214 καὶ
3718 1165 3933 1232 λοιμοὶ,
3967 1171 4056 1214 καὶ

2482 1248 2634 1311 αὖθις
2660 1255 2819 1305 πενία
2853 1255 2945 1306 καί
2977 1260 3150 1315 νόσος,
3194 1254 3289 1305 καὶ
3321 1253 3479 1321 ὕϐρις
3532 1255 3622 1305 καὶ
3661 1254 4054 1320 δεσμωτήριον

2481 1342 2573 1391 καὶ
2608 1343 2831 1408 πληγαὶ,
2861 1344 2953 1394 καὶ
2977 1343 3083 1394 τῶν
3123 1345 3380 1395 τοιούτων
3404 1343 3634 1394 ⁴ἑκαστον
3663 1343 3796 1395 αὐτὸ
3843 1343 3950 1410 μὲν
3997 1345 4054 1392 iv

2481 1431 2567 1498 εἴη
2595 1436 2784 1493 κακον,
2812 1434 3084 1502 ἀνθρώπῳ
3125 1434 3179 1487 δὲ
3212 1436 3381 1486 κακὸν
3415 1434 3688 1503 οὐδαμῶς.
3719 1433 3918 1487 Ταῦτα
3956 1435 4053 1500 μὲν

2482 1525 2586 1591 γὰρ
2616 1526 2724 1582 τοῖς
2765 1524 2866 1587 ἔξω
2895 1525 3236 1594 λυμαίνεται,
3283 1527 3379 1577 καὶ
3413 1525 3662 1592 σώματος
3696 1527 3791 1576 καὶ
3826 1524 4051 1592 κτημά-

2480 1631 2585 1664 των
2616 1613 2764 1665 οὐδὲν
2798 1617 3108 1684 περαιτέρω
3138 1619 3308 1684 χωρεῖ
3330 1631 3343 1644 °
3375 1618 3402 1668 ὁ
3433 1616 3488 1668 δὲ
3515 1616 3804 1686 ἄνθρωπος
3837 1617 3966 1668 οὗτε
3995 1618 4050 1667 τὸ

2486 1702 2642 1768 σῶμά
2672 1706 2837 1764 ἐστιν,
2878 1705 2965 1755 ἵνα
2996 1704 3275 1774 νοσοῦντος
3303 1703 3460 1761 αὐτὸς
3503 1703 3660 1774 νοσῇ,
3692 1705 3818 1756 οὔτε
3868 1707 4049 1771 πολλῷ

2485 1793 2681 1858 μᾶλλον
2709 1793 2816 1844 τῶν
2845 1791 2878 1845 ἃ
2907 1792 2989 1844 δεῖ
3021 1793 3095 1861 τῷ
3127 1773 3345 1861 Ἅώματι
3374 1773 3778 1861 χορηγούντων,
3804 1787 3888 1846 ὧν
3912 1796 4050 1864 ἀφη-

2412 1929 2455 1984 B
2489 1885 2740 1954 ρημένων
2790 1887 2867 1945 εἰς
2921 1883 3088 1950 αὐτὴν
3137 1882 3438 1951 βεϐλάφθαι
3494 1883 3592 1951 τὴν
3642 1885 4049 1954 ἁνθρωπάτητα

2482 1974 2680 2042 δεήσει.
2716 1972 2816 2026 Καὶ
2847 1972 2958 2041 μὴν
2985 1969 3097 2023 οὐδ’
3124 1974 3177 2023 αἱ
3223 1971 3330 2024 τῶν
3364 1972 3573 2024 πολλῶν
3615 1972 3787 2040 ψῆφοι
3825 1975 3925 2024 τὸν
3958 1975 4046 2024 ἂν·

2482 2064 2694 2133 θρωπον
2760 2064 3105 2128 πλάττουσιν,
3162 2059 3376 2132 ὄπωςῇ
3425 2064 3641 2133 χείρων,
3683 2064 3854 2124 εἴτις
3920 2066 4043 2130 περὶ

2478 2153 2642 2206 αὑτοῦ
2675 2156 2740 2205 τὰ
2788 2155 2954 2222 χείρω
2984 2151 3264 2221 γινώσκει.
3301 2155 3411 2206 Καὶ
3445 2155 3555 2222 γὰρ
3604 2155 3654 2206 ει
3685 2153 3850 2206 τοῦτο
3880 2155 4038 2223 θησο-

2480 2243 2784 2310 μεν,δεήσει
2820 2244 2912 2294 καὶ
2961 2243 3145 2305 κακῶς
3182 2243 3466 2312 πράττειν,
3499 2246 3591 2297 καὶ
3643 2244 3855 2312 βέλτιον
3901 2244 4041 2311 ἔχειν

2476 2332 2592 2383 κατ’
2617 2332 2797 2394 αὑτὸν,
2821 2333 2912 2384 καὶ
2932 2333 3166 2400 πονηρὸν
3190 2333 3286 2401 μὲν
3302 2327 3440 2384 εἶναι
3463 2333 3556 2385 καὶ
3573 2333 3835 2401 χρηστὸν,
3860 2333 4040 2385 sem

2474 2421 2531 2474 δὲ
2569 2424 2662 2474 καὶ
2704 2425 2974 2490 μακάριον
3019 2421 3111 2474 τὸν
3153 2423 3337 2484 αὑτὸν,
3380 2423 3528 2474 εστιν
3575 2423 3660 2489 ἐφ’
3689 2417 3765 2472 ῶν
3806 2425 3919 2473 τῶν
3951 2425 4040 2490 μὲν

2473 2511 2663 2575 ταῦτα,
2691 2513 2794 2564 τῶν
2836 2514 2878 2565 δ’
2913 2514 3094 2564 ἐκεῖνα
3140 2513 3553 2580 ψηφιζομένων.
3596 2513 3658 2565 El
3700 2513 3746 2562 δ’
3785 2514 3937 2564 ἔστιν
3971 2514 4042 2574 ὡς

2473 2604 2691 2670 ἀληθῶς
2728 2603 3014 2670 ἄνθρωπος
3058 2605 3088 2669 ἡ
3140 2603 3332 2670 γνώμη
3364 2604 3458 2655 καὶ
3495 2601 3554 2654 τὸ
3595 2602 3937 2668 λογίζεσθαι,
3971 2599 4038 2655 ῶν

2470 2697 2578 2750 τῶν
2612 2698 2782 2747 ἄλλων
2821 2696 2971 2747 οὐδὲν
3003 2695 3152 2764 αὐτῷ
3187 2696 3458 2759 κοινωνεῖ,
3495 2694 3655 2746 τοῦτο
3699 2696 3800 2762 μὲν
3836 2696 4036 2763 ἀρετὴν

2471 2788 2783 2856 ἀνθρώπου,
2826 2787 2984 2838 τοῦτο
3008 2786 3064 2837 δὲ
3100 2786 3296 2838 κακίαν
3327 2785 3554 2836 δύναται
3589 2785 3779 2853 φέρειν
3805 2800 3821 2816 ο
3856 2787 3955 2837 καὶ
3983 2786 4037 2834 τὸ

2469 2879 2749 2947 δυστυχεῖν
2786 2878 2851 2930 ἂν
2889 2879 2973 2947 εἴη
3016 2877 3156 2929 κατὰ
3195 2875 3369 2928 ταῦτα
3411 2876 3503 2927 καὶ
3537 2877 3599 2926 τὸ
3639 2876 3911 2943 πράττειν
3943 2894 4037 2927 κι-

2470 2969 2598 3031 λῶς,
2654 2970 2747 3020 καὶ
2778 2969 2836 3020 τὸ
2877 2970 3054 3020 νοσεῖν
3098 2966 3194 3020 καὶ
3235 2970 3293 3018 τὸ
3336 2967 3624 3033 ὑγιαίνειν,
3661 2969 3756 3018 καὶ
3801 2968 3863 3018 τὸ
3923 2971 4039 3018 στέ-

2472 3079 2626 3113 νοντα
2657 3061 2755 3130 ζῇν
2803 3061 2895 3110 καὶ
2928 3059 2988 3110 τὸ
3029 3060 3261 3126 τρυφᾷν,
3306 3058 3374 3110 τὰ
3412 3061 3512 3127 μὲν
3558 3059 4035 3127 παρατραπέντων

2472 3153 2715 3213 ἐκείνων,
2761 3152 2829 3202 τὰ
2864 3149 2908 3201 δ’
2945 3151 3003 3202 ὲν
3053 3145 3132 3211 οἷς
3169 3149 3275 3202 ἔδει
3319 3150 3611 3217 μενόντων.
3651 3148 3806 3200 Ἐπεὶ
3840 3148 3904 3200 δὲ
3938 3167 4038 3200 πα-

2393 3272 2438 3334 C
2475 3241 2722 3312 ρατροπὴ
2760 3240 2858 3310 μὲν
2883 3239 3145 3308 λογισμοῦ
3174 3239 3234 3291 τδ
3263 3237 3478 3307 ψεῦδος.
3511 3239 3609 3306 τῆς
3634 3239 3690 3291 δὲ
3718 3241 3956 3309 γνώμης
3981 3243 4035 3292 τὸ

2472 3333 2731 3402 πονηρὸν,
2759 3332 2942 3397 ζητεῖν
2971 3330 3282 3393 ὑπόλοιπον,
3306 3332 3413 3382 τίνι
3442 3330 3618 3400 τούτῳ
3644 3335 3808 3395 σαφεῖ
3829 3349 4035 3400 τεκμηο

2471 3423 2571 3490 ρὶῳ
2595 3422 2862 3492 ἑκατέρας
2891 3421 3145 3490 εἰσόμεθα
3174 3421 3271 3490 τὴν
3297 3421 3656 3490 παρατροπήν
3682 3437 3697 3486 ;
3732 3421 3962 3473 Πολλῶν
3981 3425 4034 3474 6's

2470 3513 2778 3582 γενομένων
2815 3514 2878 3565 τὸ
2928 3513 3147 3565 πάντων
3184 3512 3516 3564 ἱκανώτατον
3550 3513 3583 3581 ἡ
3631 3512 3814 3583 κρίσις
3862 3515 4032 3566 αὑτοῦ

2470 3606 2562 3658 τοῦ
2601 3605 2762 3670 Θεοῦ,
2811 3605 2906 3657 καὶ
2941 3603 3146 3670 ἀγαθὸν
3180 3602 3279 3672 μὲν
3298 3605 3392 3656 καὶ
3421 3602 3642 3673 ἀληθὲς,
3677 3606 3815 3674 ὅπερ
3835 3605 4037 3674 ἐκείνῳ

2469 3696 2640 3759 δοκεῖ,
2680 3694 2884 3763 φαῦλον
2909 3694 2965 3747 δὲ
2993 3695 3087 3747 καί
3115 3693 3309 3762 ψεῦδος
3337 3694 3365 3746 ὃ
3396 3695 3470 3763 μὴ
3499 3695 3608 3749 τῶν
3633 3697 3846 3748 ἐκεῖθεν
3871 3697 4034 3766 ἔτυχε

2467 3788 2694 3856 ψήφωνο
2735 3786 2826 3839 καὶ
2857 3785 2891 3838 ἃ
2923 3785 3020 3852 μὲν
3056 3787 3263 3847 ἐκεῖνος
3304 3784 3596 3852 μανθάνειν
3629 3788 3774 3851 ἀξιοῖ
3817 3788 3913 3841 τὸν
3945 3791 4034 3841 ἇν-

2469 3878 2707 3946 θρωπον,
2739 3876 2892 3929 ταῦτ’
2916 3875 3117 3944 ἀληθῆ,
3145 3875 3180 3929 ἃ
3203 3876 3258 3927 δὲ
3283 3875 3568 3943 βούλεσθαι
3596 3877 3834 3942 κελεύει,
3855 3880 4033 3932 ταῦτα

2467 3969 2676 4039 χρηστά
2708 3985 2722 4032 ;
2753 3969 2819 4021 τὰ
2851 3967 2907 4021 δὲ
2944 3965 3160 4028 τούτοις
3184 3966 3525 4034 πολεμοῦντα
3553 3967 3714 4037 γέμει
3749 3969 3850 4036 μὲν
3883 3971 4031 4023 ἀπάο

2465 4079 2587 4130 της,
2618 4061 2778 4128 γέμει
2811 4062 2865 4114 δὲ
2899 4060 3183 4129 πονηρίας.
3217 4058 3339 4110 Τῶν
3381 4059 3440 4112 δὲ
3472 4058 3636 4112 θείων
3668 4061 3943 4133 χρησμῶν
3983 4064 4027 4114 οξ

2469 4154 2568 4221 μὲν
2598 4151 2897 4219 ἀνθρώπων
2924 4150 3260 4219 κομιζόντων
3309 4151 3389 4211 είς
3417 4149 3513 4218 τὴν
3561 4150 3666 4219 γῆν
3699 4147 3888 4220 ἦλθον,
3923 4155 4031 4205 τῶν

2465 4242 2520 4294 δὲ
2549 4243 2708 4303 αὐτὸς
2738 4238 2804 4310 ἦν
2845 4241 2874 4292 δ
2899 4240 3026 4302 Θεὸς
3073 4241 3308 4307 ἄγγελος
3337 4239 3630 4309 ἀνθρώπου
3657 4243 3823 4308 φύσιν
3873 4245 4029 4304 me;

2466 4336 2558 4388 καὶ
2586 4334 2867 4402 ἄνθρωπος
2902 4333 3193 4402 ἀνθρώπου
3248 4335 3398 4401 φωνῇ
3449 4335 3706 4399 συγγενεῖ
3735 4334 3802 4386 τὰ
3836 4335 4028 4387 δέοντα

2467 4427 2734 4496 μηνύσας.
2773 4426 2838 4476 Τί
2866 4420 2936 4495 ἦν
2977 4425 3010 4494 ἢ
3053 4423 3421 4493 χρηστότερον
3462 4424 3571 4475 τῶν
3622 4427 4028 4494 παραγγελμά-

2464 4516 2631 4586 τωνῆ
2681 4517 3042 4587 ἀληθέστερον
3069 4515 3176 4567 τῶν
3219 4515 3532 4583 δογμάτων,
3569 4512 3656 4583 ἐφ’
3713 4510 3788 4567 ὧν
3816 4519 3844 4568 ὁ
3897 4517 4027 4576 Θεὸς

799 4607 904 4661 fuit
927 4616 983 4660 et
1009 4603 1368 4664 introductor,
1388 4599 1653 4668 siquidem
1687 4597 1840 4652 solus
1862 4605 1946 4650 est
1975 4595 2197 4658 veritas,
2217 4609 2359 4648 unus

2469 4605 2630 4666 αὐτὸς
2659 4605 2757 4673 μὲν
2782 4605 3099 4673 νομοθέτης,
3127 4603 3284 4665 αὐτὸς
3323 4603 3378 4656 δὲ
3411 4603 3738 4673 δημαγωγὸς
3767 4601 3858 4670 ἦν,
3893 4606 3946 4657 εί
3966 4623 4022 4670 γε

796 4709 920 4752 autc
951 4715 980 4748 ιι
1024 4690 1246 4749 bonus?
1280 4691 1337 4743 Si
1385 4691 1547 4758 igitur
1588 4695 1802 4757 oportet
1849 4686 2058 4741 discere
2089 4701 2211 4756 quae
2247 4695 2364 4739 tan-

797 4802 960 4857 quam
993 4782 1200 4837 erratio
1229 4788 1439 4834 naturaa
1469 4794 1655 4831 verum
1685 4777 1960 4831 hominem
1998 4779 2358 4841 contristant,

800 4881 885 4932 his
912 4875 1189 4930 contraria
1215 4886 1432 4926 sumere
1467 4870 1740 4924 convenit.
1764 4868 1900 4921 Illud
1924 4869 2065 4921 enim
2095 4883 2219 4922 vere
2252 4883 2365 4921 ma-

799 4970 936 5029 lum,
975 4963 1124 5034 quod
1159 4971 1351 5017 contra
1384 4961 1712 5016 sententiam
1753 4960 1909 5012 istam
1957 4957 2210 5026 insurgit,
2241 4972 2364 5026 pra—

800 5074 924 5112 vum
941 5067 1135 5110 autem
1183 5069 1310 5109 cmn
1343 5054 1436 5118 sit,
1461 5053 1703 5106 naturale
1733 5060 1818 5106 est
1844 5051 1972 5105 odio
2005 5066 2126 5106 esse
2166 5053 2364 5119 quibus

801 5151 976 5205 virtus
1017 5144 1169 5202 cordi
1227 5155 1329 5209 est,
1357 5145 1451 5198 illo
1485 5144 1706 5197 absente
1738 5144 2058 5206 abhorrere,
2099 5153 2363 5211 praesente

798 5257 929 5296 vero
991 5240 1193 5308 lugere.
1255 5233 1607 5290 Contristabit
1680 5245 1860 5288 autem
1936 5234 2057 5288 illos
2123 5249 2361 5302 praesens

800 5332 1158 5397 malum,sive
1209 5343 1306 5384 eos
1363 5339 1540 5382 mente
1581 5344 1685 5381 non
1721 5327 2033 5391 destitutos,
2066 5327 2180 5382 sive
2227 5327 2361 5380 alios

799 5422 1242 5494 spectet,quibus
1267 5421 1372 5492 ipsi
1402 5423 1600 5489 optima
1626 5431 2047 5489 comprecantur
2075 5439 2088 5474 :
2120 5436 2362 5488 compre-

798 5526 994 5571 cantur
1017 5525 1197 5570 autem
1232 5513 1486 5568 omnibus
1521 5513 1853 5574 hominibus,
1889 5521 2000 5565 tum
2042 5521 2099 5565 ut
2130 5515 2196 5565 ad
2227 5513 2361 5566 divi-

799 5623 923 5660 nam
962 5607 1219 5662 accedant
1266 5605 1693 5660 misericordiam
1722 5645 1739 5667 ,
1777 5613 1887 5657 tum
1936 5605 2064 5673 quia
2122 5605 2357 5657 divinam

798 5699 1024 5768 gloriam
1061 5698 1258 5766 ubique
1307 5698 1678 5766 splendentem
1723 5697 1908 5752 videre
1949 5698 2204 5766 cupiunt.
2237 5698 2360 5751 ideo

796 5786 970 5840 Solum
991 5787 1273 5839 molestum
1299 5796 1381 5841 est
1412 5787 1461 5840 in
1491 5787 1705 5841 Christo
1727 5789 2031 5842 viventibus
2054 5797 2357 5856 peccatum,

799 5878 973 5947 primo
1002 5880 1216 5949 quidem
1255 5880 1380 5947 quia
1416 5895 1725 5949 perversum
1758 5881 1982 5950 e5t,ipsi
2016 5897 2143 5936 vero
2195 5882 2361 5934 mori-

2467 4697 2626 4766 μόνος
2662 4697 2758 4763 μὲν
2790 4695 3038 4762 ἀλήθεια,
3068 4695 3226 4762 μόνος
3260 4694 3314 4747 δέ
3346 4695 3495 4746 ἐστιν
3526 4695 3729 4761 ἀγαθός
3756 4711 3773 4758 ;
3810 4698 3871 4750 El
3917 4696 4023 4747 τοί-

2463 4804 2555 4838 νυν
2609 4786 2714 4855 χρὴ
2759 4785 2972 4853 μαθεῖν.
3011 4784 3046 4837 ἃ
3096 4786 3427 4854 παρατροπὴ
3482 4784 3583 4852 τῆς
3630 4785 3848 4852 φύσεως
3901 4787 4027 4838 ὄντα

2462 4878 2621 4928 λυπεῖ
2681 4877 2772 4927 τὸν
2835 4876 3086 4941 ἀληθινὸν
3132 4874 3442 4942 ἄνθρωπον,
3506 4876 3768 4928 τάναντία
3821 4876 4026 4928 τούτων

2464 4970 2729 5036 προσήκει
2755 4965 2961 5018 λαϐεῖν.
3007 4965 3214 5021 Ἐκεῖνο
3245 4966 3351 5034 γὰρ
3374 4964 3588 5030 ἀληθῶς
3615 4967 3812 5028 κακὸν,
3839 4967 3867 5018 δ
3894 4969 4030 5036 πρὸς

2463 5056 2558 5126 τὴν
2597 5055 2823 5125 γνώμην
2853 5055 3072 5118 ἐκείνην
3099 5055 3340 5115 ἵσταται.
3375 5055 3614 5122 πονηρὸν
3641 5055 3695 5106 δὲ
3722 5054 3780 5107 δν
3814 5058 3911 5108 καὶ
3949 5076 4033 5124 μι-

2464 5149 2577 5199 σεῖν
2605 5147 2750 5207 εἰκὸς
2783 5146 3016 5216 ἐμέλησε
3047 5145 3142 5199 τοῦ
3177 5144 3405 5212 ἀγαθοῦ,
3450 5146 3744 5214 μισοῦντας
3769 5147 3828 5198 δὲ
3863 5149 4032 5200 ἀπεύ-

2462 5239 2653 5308 χεσθαι
2683 5240 2779 5308 μὲν
2807 5241 3056 5300 ἀπόντος,
3088 5239 3352 5304 παρόντος
3378 5239 3433 5289 δὲ
3464 5239 3746 5291 ἀνιᾶσθαι.
3775 5240 4026 5308 Λυπήσει

2462 5329 2516 5380 δὲ
2546 5329 2741 5390 αὐτοὺς
2792 5329 2965 5399 παρὸν
3000 5329 3064 5380 τὸ
3116 5329 3306 5392 κακὸν,
3339 5328 3371 5396 ἢ
3416 5327 3599 5395 σφίσιν
3649 5331 3800 5381 ἐστὶν
3831 5332 3892 5382 ού
3917 5323 4024 5383 ξπ

2460 5425 2619 5490 λόγου
2670 5424 3132 5494 παρατραπεῖσιν,
3165 5423 3196 5490 ἢ
3249 5424 3362 5483 τοῖς
3396 5421 3602 5483 ἄλλοις,
3635 5417 3715 5482 οἷς
3766 5424 3924 5476 αὐτοὶ
3962 5427 4025 5474 τὰ

2463 5515 2656 5585 βελτίω
2704 5515 3053 5583 συνεύχονται
3077 5529 3091 5544 ο
3140 5514 3492 5580 συνεύχονται
3528 5514 3584 5565 δὲ
3616 5515 3781 5565 πᾶσιν
3813 5515 4023 5577 ἀνθρώ-

2461 5628 2584 5671 ποις
2616 5609 2691 5676 τῷ
2725 5625 2784 5659 τε
2819 5608 2955 5676 πρὸς
2993 5609 3092 5676 τὴν
3145 5606 3295 5658 θείαν
3346 5605 3679 5672 ἁμιλλᾶσθαι
3716 5607 4020 5676 φι).υ.”υ”θρσ·)ο

2462 5702 2613 5764 πίαν,
2656 5701 2732 5767 τῷ
2784 5717 2843 5750 τε
2893 5698 2992 5767 τὴν
3032 5699 3126 5750 τοῦ
3169 5697 3305 5750 Θεοῦ
3351 5697 3510 5759 δόξαν
3560 5697 3854 5765 ἐπιθυμεῖν
3891 5701 4018 5769 ἑρᾷν

2462 5791 2764 5860 ἑκασταχοῦ
2791 5791 3138 5858 λάμπουσαν.
3174 5789 3281 5840 Καὶ
3305 5789 3444 5840 οὕτω
3473 5788 3633 5854 μόνον
3659 5790 3884 5857 ἀνιαρὸν
3911 5793 4017 5851 τοῖς

2461 5887 2518 5936 ἔν
2552 5883 2769 5940 Χοιστῶ
2820 5883 2983 5946 ζῶσιν
3016 5884 3046 5950 ἡ
3083 5882 3350 5952 ἁμαρτία,
3400 5881 3616 5944 πρῶτον
3663 5879 3762 5950 μὲν
3797 5883 3880 5934 ὅτι
3930 5898 4016 5935 το-
