4140 6318
246 331 371 391 6ῧῖ

1306 334 1401 392 DE
1443 332 1725 392 VlTAlN
1768 329 2092 389 GHRlS'l‘O
2133 329 2279 390 LIB.
2306 329 2440 387 Vll.

3361 309 3471 370 6'31

229 446 434 512 νηρὸν,
474 444 627 496 αὐτοὶ
675 445 728 495 δὲ
787 445 906 504 τοὺς
966 443 1200 510 τρόπους
1252 445 1477 513 χρηστοί
1554 444 1805 511 δεύτερον

1919 442 2010 493 bus
2052 440 2208 493 bonis
2234 439 2446 500 vivunt,
2481 438 2739 499 secundo,
2759 433 2884 503 quia
2921 433 3010 485 Dei
3033 430 3241 499 legibus
3282 430 3469 479 adver-

230 537 333 588 Ξτι
369 540 479 597 τοῖς
532 538 625 588 τοῦ
656 534 790 588 Θεοῦ
827 535 1055 604 μάχεται
1106 536 1311 605 νόμοις.
1436 538 1533 605 τῆς
1578 536 1802 604 γνώμης

225 626 564 693 ἐπείγονται
613 627 882 678 κοινωνεῖν
954 628 1046 677 καὶ
1089 628 1270 694 τρίτον
1318 628 1400 679 ὅτι
1447 627 1624 697 μάτην
1652 628 1804 679 ἀνιᾶ-

229 716 379 768 σθαι
409 717 549 770 κατὰ
579 718 671 769 τὸν
702 716 859 785 ὀρθὸν
903 717 1059 782 λόγον
1083 717 1289 781 ζῶντας
1335 719 1532 787 ἥκιστα
1559 719 1800 787 πρέποψ

227 807 484 859 ἐνταῦθα
512 808 673 875 μόνον
715 808 775 859 οὑ
815 808 992 878 μάτην
1016 810 1163 860 ἐστὶν
1202 810 1455 861 ἀνιᾶσθαι
1498 809 1597 879 τῆς
1626 810 1804 877 λύπης

239 898 317 949 τὰ
351 898 571 949 πάντων
619 898 1031 951 λυσιτελέστατα
1071 902 1511 969 καρπουμένους.
1553 902 1674 953 Ἐπὶ
1707 902 1805 969 μὲν

226 988 359 1055 γὰρ
389 988 496 1040 τῶν
525 989 698 1040 ἄλλων
724 990 875 1041 οὐδὲν
902 990 1052 1042 ἔσται
1086 992 1265 1051 πλέον,
1310 995 1363 1044 εί
1390 1010 1474 1053 τις
1505 992 1680 1057 ἀλγεῖ,
1712 994 1805 1043 καὶ

231 1078 411 1128 πενία
440 1077 535 1130 καὶ
558 1080 712 1139 νόσος
740 1078 832 1129 καὶ
865 1078 1041 1130 ὁτιοῦν
1068 1082 1175 1130 τῶν
1208 1080 1465 1143 τοιούτων
1492 1081 1645 1133 οὐδὲν
1674 1081 1808 1148 μᾶλ-

229 1167 342 1218 λον
371 1169 718 1238 ἀποχωρήσει
743 1170 1069 1237 δακρύουσι·
1105 1172 1283 1241 ψυχῆς
1314 1172 1367 1224 δὲ
1400 1154 1634 1243 πονηρίᾳ
1661 1171 1803 1240 λύπη

230 1257 308 1309 τὸ
346 1258 662 1327 φάρμακον,
702 1259 735 1328 ἢ
761 1260 855 1317 καὶ
885 1261 1186 1328 μέλλουσαν
1214 1262 1496 1332 προανεῖλε
1524 1264 1621 1315 καὶ
1666 1247 1805 1330 παρτ

228 1348 418 1402 οὖσαν
455 1349 659 1402 ἔπαυσε
706 1355 799 1404 καὶ
844 1353 1209 1422 τολμηθείσης
1262 1353 1358 1415 τὰς
1399 1354 1626 1415 εὐθύνας
1651 1354 1809 1406 δύνα-

232 1457 341 1491 ται
383 1440 551 1496 λύειν.
593 1442 764 1511 ’Υπὲρ
797 1436 858 1495 οὗ
892 1461 982 1511 μοι
1010 1444 1156 1496 δοκεῖ
1194 1445 1287 1497 καὶ
1325 1445 1420 1513 τὴν
1453 1444 1625 1515 ἀρχὴν
1657 1447 1801 1495 ἐντε-

230 1528 407 1595 θῆναι
439 1531 503 1596 τῇ
537 1532 717 1596 φύσει,
755 1533 889 1598 πρὸς
913 1531 1070 1584 οὐδὲν
1102 1532 1231 1586 ἄλλο
1262 1532 1478 1602 βοηθεῖν
1527 1534 1660 1601 ἡμῖν
1718 1534 1805 1584 δυ-

226 1622 479 1689 ναμένῃ.
509 1621 622 1690 Τὴν
659 1620 764 1688 γὰρ
798 1622 1073 1689 ἁμαρτίαν
1111 1622 1172 1673 οὐ
1207 1626 1432 1691 προῖκα,
1498 1623 1688 1691 μισθοῦ
1750 1622 1804 1674 δέ

229 1726 392 1809 τινος
420 1709 729 1809 τολμῶντες
754 1710 855 1778 τῆς
889 1711 1078 1780 ἡδονῆς
1110 1714 1202 1764 καὶ
1218 1712 1280 1764 τὸ
1311 1712 1509 1781 τέρπον
1536 1711 1627 1764 τοῦ
1664 1712 1804 1763 κατὰ
1840 1750 1882 1809 Β

228 1798 430 1867 ψυχὴν
456 1798 514 1851 εὖ
538 1799 750 1868 ἔχοντος
804 1799 1187 1869 ὰλλαττόμενοι
1234 1801 1319 1869 (οὐ
1350 1801 1458 1868 γὰρ
1491 1802 1574 1868 ἐφ’
1606 1802 1804 1870 ἑαυτῆς

233 1889 422 1957 αὐτὴν
451 1889 684 1957 ἐλοίμεθ¹
713 1888 777 1941 ἂν
806 1890 982 1958 ψυχῆς
1012 1891 1233 1961 ὄλεθρον
1256 1893 1349 1944 κα)⁵
1368 1892 1457 1943 νοῦ
1481 1890 1809 1961 πύρσωσιν),

234 1980 346 2030 καὶ
399 1978 625 2031 τοιαῦτα
664 1980 856 2047 σαφῶς
897 1980 1118 2043 ειδότες,
1186 1981 1405 2034 ιπειδὰν
1456 1980 1811 2049 μεταγνόντες

235 2071 337 2136 ἐφ’
372 2065 453 2133 οῖς
483 2071 803 2140 ἡμάρτομεν
833 2070 1134 2141 ἀνιώμεθα,
1201 2072 1301 2141 τὴν
1348 2072 1560 2127 ἐκεῖθεν
1609 2075 1812 2140 ἀτιμά-

234 2159 437 2224 ζοντες
489 2161 682 2231 ἡδονὴν
706 2163 798 2215 καὶ
830 2163 991 2217 πάθει
1029 2162 1197 2225 πάθος
1251 2162 1617 2232 ἐκκρούοντες
1660 2165 1811 2230 δῆλοι

238 2251 631 2320 καθέσταμενο
655 2252 732 2320 τῷ
758 2252 971 2322 ῥίπτειν
1006 2253 1148 2321 ἅπερ
1178 2253 1464 2324 ἐλάϐομεν,
1500 2255 1809 2325 λαμϐάνον-

236 2358 342 2403 τες
385 2342 537 2409 ἅπερ
559 2342 889 2413 ἐρρίψαμεν.
932 2343 1041 2395 Καὶ
1072 2343 1189 2411 ἅμα
1218 2344 1277 2397 τὸ
1298 2343 1554 2397 ἀνιᾶσθαι
1593 2346 1813 2414 τίμημα

238 2431 463 2496 γίνεται
500 2432 632 2498 ἡμῖν
680 2432 762 2497 ἐφ’
792 2426 875 2493 οἷς
902 2432 1297 2502 ἐτολμήσαμεν,
1340 2426 1384 2500 ᾧ
1410 2433 1813 2504 καθηραμένοις

238 2523 311 2575 οὐ
354 2522 573 2591 πληγῶν
598 2523 780 2591 δεήσει
812 2523 1099 2593 δευτέρων·
1138 2516 1182 2590 ᾧ
1211 2525 1303 2577 καὶ
1349 2525 1479 2587 Θεὸς
1536 2525 1595 2589 ἔξ
1641 2526 1816 2596 ἀρχῆς

238 2614 369 2673 τοῖς
404 2611 569 2665 αὐτοῦ
598 2615 837 2682 τιμωριί
870 2614 1055 2682 νόμοις
1088 2614 1437 2684 ἠδικημένοις
1487 2615 1663 2686 λύπης
1722 2617 1815 2668 καὶ

242 2702 435 2755 πόνων
461 2702 538 2772 τῷ
565 2706 1039 2774 παρανενομηκότι
1066 2707 1331 2775 τιμήσας,
1386 2705 1486 2758 οὐκ
1516 2706 1582 2760 ἂν
1608 2708 1816 2776 ταύτην

244 2790 679 2860 εἰσπράττεσθαι
711 2790 939 2859 νομίσας
960 2792 1056 2856 τὴν
1082 2792 1258 2860 δίκην,
1290 2795 1337 2845 εί
1375 2796 1448 2863 μὴ
1481 2794 1586 2846 τῶν
1615 2795 1814 2861 ἐγκλη-

250 2882 448 2940 μάτων
476 2881 736 2951 ἄντικρυς
762 2878 829 2951 ἧν
860 2883 954 2934 καὶ
976 2883 1124 2936 λύειν
1152 2876 1295 2953 εἶχεν
1336 2884 1585 2947 εὐθύνας.
1631 2886 1818 2955 Τούτῳ

242 2972 309 3024 δὲ
342 2971 420 3039 τῷ
447 2971 631 3041 τρόπῳ
657 2973 749 3025 καὶ
772 2974 933 3036 αὐτὸς
960 2972 1186 3043 ὕστερον
1218 2978 1377 3043 una
1414 2980 1513 3044 τῆς
1546 2978 1817 3047 ἁμαρτίας

1908 540 2083 591 satur,
2102 531 2259 598 cujus
2293 530 2559 583 voluntati
2596 526 2915 595 participare
2950 532 3252 591 coguntur;
3287 519 3464 573 tertio.

1904 622 2160 689 quoniam
2191 636 2284 675 eos
2332 621 2640 675 contristari
2669 618 2759 687 qui
2785 616 3080 671 secundum
3120 620 3322 666 rectam
3374 622 3465 661 ra-

1905 713 2105 764 tionem
2136 713 2359 775 vivunt,
2384 712 2607 765 minime
2642 707 2933 779 convenit;
2965 706 3053 761 hic
3089 714 3268 758 autem
3294 700 3470 756 solum

1906 820 2014 857 non
2046 814 2125 857 εει
2162 803 2215 856 in
2251 817 2446 855 vanum
2479 801 2830 865 contristari,
2856 798 2947 853 ubi
2984 797 3049 850 de
3101 796 3250 849 luctu
3297 791 3476 845 utilis-

1906 898 2077 949 simos
2114 896 2321 948 fruetus
2357 892 2649 961 colligunt.
2685 890 2861 959 Super
2904 889 3115 943 caeteris
3155 885 3298 941 enim
3340 882 3475 936 nihil

1907 989 2139 1056 amplius
2165 987 2287 1049 erit,
2307 986 2352 1039 si
2383 986 2505 1054 quis
2537 985 2744 1045 doleat,
2769 992 2820 1035 et
2854 989 3143 1050 paupertas
3171 986 3224 1030 et
3254 974 3474 1028 morbus

1906 1090 1958 1133 ct
2012 1078 2206 1134 similia
2252 1094 2360 1131 non
2416 1077 2588 1145 magis
2629 1075 2883 1127 recedent
2926 1087 2955 1125 a
3018 1067 3472 1138 lacrymantihus:

1910 1172 2105 1224 animae
2140 1183 2270 1223 vero
2301 1169 2556 1235 nequitia:
2607 1167 2786 1219 luctus
2834 1174 2913 1217 est
2948 1161 3217 1215 medicina
3247 1199 3259 1220 ,
3302 1159 3475 1224 siqui-

1907 1262 2028 1315 dem
2064 1259 2305 1313 futuram
2337 1257 2608 1327 praecidit,
2635 1263 2960 1323 praesentem
2996 1250 3272 1310 terminat,
3293 1258 3345 1300 et
3378 1248 3475 1300 ad~

1915 1354 2098 1406 missa:
2131 1365 2323 1420 poenas
2360 1351 2510 1403 luere
2543 1355 2755 1416 potest.
2788 1346 3015 1414 Propter
3042 1342 3197 1411 quod
3227 1339 3362 1392 mihi
3397 1338 3477 1390 ri-

1907 1442 2065 1496 detur
2094 1456 2124 1494 a
2156 1440 2424 1510 principio
2456 1438 2658 1493 inditus
2692 1450 2815 1491 esse
2848 1445 3056 1489 natura:
3078 1475 3091 1496 ,
3122 1447 3185 1486 ea
3218 1431 3334 1501 lege
3361 1471 3376 1493 ,
3420 1440 3477 1481 ιιι

1908 1532 2064 1586 nobis
2095 1531 2162 1585 ad
2198 1530 2333 1584 nihil
2359 1529 2505 1583 aliud
2541 1528 2821 1597 proﬁcuus
2867 1526 2958 1579 sit.
3004 1524 3293 1579 Peccatum
3334 1522 3475 1574 enim

1910 1635 2016 1674 non
2089 1620 2363 1689 gratuito,
2413 1616 2506 1673 sed
2561 1629 2787 1687 prepter
2850 1615 3144 1685 quamdam
3194 1612 3481 1679 voluptatis

1914 1708 2221 1763 mercedem
2246 1708 2677 1769 committentes,
2698 1718 2753 1759 et
2774 1705 3028 1773 gaudium
3058 1702 3207 1755 illius
3233 1701 3323 1768 qui
3346 1701 3481 1751 bene

1911 1800 2073 1853 habet
2102 1802 2283 1853 anima
2351 1807 2751 1854 commutantes
2822 1798 2952 1865 (non
3005 1796 3149 1849 enim
3187 1795 3332 1846 illam
3368 1791 3483 1844 ani—

1911 1905 2012 1944 ma:
2070 1891 2370 1960 perniciem
2422 1899 2476 1944 et
2542 1882 2739 1944 mentis
2799 1888 3110 1943 incendium
3170 1885 3240 1938 ob
3307 1884 3480 1951 ipsam

1911 1979 2277 2049 eligeremus),
2358 1986 2413 2032 et
2482 1979 2596 2033 haec
2646 1977 2815 2047 probe
2868 1976 3132 2039 scientes,
3197 1981 3481 2041 poetquam

1911 2070 2239 2141 pmnitentes
2309 2084 2475 2138 super
2532 2069 2616 2123 his
2670 2082 2791 2136 quae
2837 2065 3218 2121 commisimus
3286 2062 3481 2130 atlligi-

1916 2177 2085 2225 mur,
2127 2162 2461 2229 voluptatem
2515 2175 2637 2229 qua:
2690 2159 2814 2213 inde
2865 2157 3010 2210 venit
3066 2155 3435 2224 despicientes
3468 2193 3483 2215 ,

1912 2252 2165 2322 passione
2192 2252 2498 2320 passionem
2532 2249 2709 2318 palam
2756 2248 3101 2302 eliminamus
3135 2262 3148 2298 :
3179 2242 3487 2311 abjiciendo

1912 2358 1974 2395 ea
2017 2357 2140 2412 quae
2184 2354 2616 2410 sumpseramus,
2668 2337 2998 2392 resumimus
3058 2351 3179 2404 qua:
3218 2334 3487 2402 reiecera-

1916 2449 2040 2487 mus
2069 2472 2083 2486 .
2123 2432 2189 2485 Et
2230 2431 2395 2485 simul
2437 2428 2753 2500 pmnitentia
2789 2437 3137 2496 peccatorum
3174 2433 3484 2477 nostrorum

1916 2524 1977 2578 fit
2048 2522 2333 2592 expiatio,
2369 2536 2475 2591 qua
2522 2518 2824 2589 puriticatis
2879 2532 2984 2571 non
3038 2516 3160 2569 aliis
3218 2530 3357 2583 Opus
3405 2510 3489 2568 est

1914 2615 2129 2686 poenis.
2165 2614 2279 2669 Hac
2309 2615 2471 2669 etiam
2511 2613 2654 2667 Deus
2711 2613 2780 2665 ab
2831 2611 2985 2665 initio
3038 2611 3197 2665 lassas
3222 2678 3225 2679 ν
3250 2608 3488 2662 vindicat

1916 2707 2103 2777 leges,
2148 2706 2300 2761 luctu
2351 2706 2740 2774 laboribusque
2779 2704 3092 2774 puniendo;
3154 2718 3259 2756 non
3306 2709 3484 2755 autem

1919 2799 2063 2853 hanc
2093 2798 2237 2868 exigi
2272 2811 2486 2867 ptenam
2523 2798 2840 2861 statuisset,
2883 2796 2986 2850 nisi
3021 2795 3347 2849 criminibus
3394 2808 3483 2845 es-

1917 2902 2003 2947 set
2045 2894 2355 2962 oppositus,
2384 2900 2438 2945 et
2472 2891 2711 2945 rationes
2748 2888 2962 2943 solvere
3016 2895 3240 2955 posset.
3283 2883 3483 2937 Verum

1919 2984 2022 3037 hoc
2057 2986 2215 3039 modo
2237 2993 2421 3039 contra
2451 2990 2735 3052 peccatum
2768 2981 2902 3048 ipse,
2931 2979 3096 3031 homo
3122 2977 3317 3038 factus,
3355 2990 3487 3027 usus

246 3063 529 3131 ἐχρήσατο
552 3062 643 3116 τὸν
664 3062 950 3135 ἄνθρωπον
976 3065 1254 3129 εἰσελθὼν,
1287 3071 1381 3120 καὶ
1433 3067 1627 3137 δεῆσαν
1652 3068 1811 3121 ἐκδα-

1919 3087 2019 3139 est,
2054 3086 2261 3129 etcum
2315 3075 2384 3129 ab
2436 3073 2716 3128 hominum
2766 3084 2961 3125 natura
3010 3079 3293 3138 peccatum
3342 3075 3488 3123 esset

246 3152 374 3204 λεῖν
411 3154 511 3223 τῆς
542 3154 757 3223 φύσεως
805 3156 914 3208 τῶν
941 3155 1245 3226 ἀνθρώπων
1272 3158 1374 3228 ,τὴν
1412 3159 1687 3227 ἁμαρτίαν
1715 3162 1812 3213 ἀλ-

247 3246 434 3310 γήσας
461 3244 703 3307 ἐξέϐαλε.
735 3245 847 3299 Καὶ
874 3246 983 3317 μὴν
1016 3247 1076 3300 οὐ
1110 3248 1338 3301 τοῦτοδὲ
1377 3249 1624 3319 μάταιον,
1654 3251 1708 3303 εἴ
1733 3269 1815 3314 τις

248 3332 347 3401 ἐφ’
367 3334 570 3403 ὁτῳοῦν
594 3336 809 3387 ἀνιᾶται
834 3336 943 3389 τῶν
992 3339 1076 3400 είς
1128 3337 1287 3406 σῶμα
1338 3341 1633 3409 φερόντων,
1682 3342 1817 3396 ἀλλὰ

248 3427 353 3476 καὶ
380 3424 553 3494 ζημία
583 3427 888 3495 περιφανής
942 3427 1101 3479 τοῦτο
1128 3429 1236 3496 γάρ
1262 3431 1400 3495 ὲστι,
1453 3429 1589 3484 Θεοῦ
1619 3449 1675 3483 τι
1708 3432 1817 3485 τῶν

249 3520 435 3575 ἄλλων
466 3520 779 3589 ἔμπροσθεν
825 3522 1091 3588 ἀγαγεῖνί
1140 3524 1356 3593 Ταύτης
1410 3525 1511 3594 τῆς
1551 3528 1816 3596 πονηρίας

252 3612 489 3680 ἔσχατον
520 3613 618 3681 μὲν
668 3613 701 3682 ἡ
735 3612 830 3666 τοῦ
893 3613 1062 3667 Ἰούδα
1093 3618 1281 3684 μανία,
1324 3618 1521 3686 μικρὸν
1554 3619 1820 3690 ἀργύριον

250 3704 356 3757 τοῦ
392 3702 528 3757 Θεοῦ
578 3705 673 3758 καὶ
698 3704 948 3773 Σωτῆρος
999 3706 1396 3776 ἀλλαξαμένου,
1449 3710 1589 3779 ἁρχὴ
1644 3711 1821 3763 δὲκαὶ

254 3794 488 3862 σπέρμα
514 3795 575 3845 τὸ
602 3794 739 3864 πρὸς
768 3793 866 3864 τὴν
888 3794 1105 3848 ἐκείνου
1133 3798 1355 3867 μνήμην
1398 3799 1555 3851 τοῦτο
1605 3799 1818 3864 παθεῖν,

253 3883 356 3935 καὶ
384 3881 483 3951 τῆς
522 3884 580 3935 ὲν
625 3883 776 3953 αὐτῷ
804 3884 1084 3957 διατριϐῆς
1107 3887 1506 3955 ἑκκρουσθῆναι
1548 3888 1623 3957 τῷ
1651 3890 1822 3955 φιλεῖν

253 3969 386 4022 ἄλλο
406 3987 456 4023 τι
480 3971 587 4023 τῶν
612 3973 849 4028 πάντων.
889 3975 1093 4028 Τούτου
1130 3978 1251 4047 γὰρ,
1305 3978 1687 4042 ὲπιδεδωκότος
1729 3981 1822 4032 τοῦ

252 4063 489 4126 πάθους.
534 4065 626 4116 καὶ
667 4064 765 4133 τῆς
819 4066 911 4119 τοῦ
950 4066 1084 4119 Θεοῦ
1132 4067 1303 4137 λήθης
1351 4071 1451 4139 τὴν
1489 4069 1671 4141 χώραν
1723 4072 1823 4141 τῆς

249 4153 440 4221 ψυχῆς
471 4154 874 4224 κατασχούσης,
910 4157 942 4227 ἡ
972 4158 1100 4226 περὶ
1135 4159 1298 4211 αὑτὸν
1333 4159 1518 4229 ἀγάπη
1556 4161 1821 4231 μαραίνε-

250 4263 373 4307 ται,
406 4245 527 4297 ὲπεὶ
557 4248 651 4299 καὶ
699 4248 1010 4301 τούναντίον
1040 4252 1102 4319 τῇ
1140 4253 1357 4320 συνεχεῖ
1388 4254 1577 4323 μνήμῃ
1605 4252 1821 4321 φύεται,

252 4335 356 4388 τοῦ
377 4335 429 4386 δι
464 4335 685 4404 φίλτρου
717 4338 1039 4401 σϐεσθέντος
1089 4342 1121 4409 ἡ
1171 4345 1299 4409 περὶ
1332 4342 1431 4404 τὰς
1475 4344 1691 4405 ἐντολὰς
1722 4345 1819 4397 αὑο

251 4427 353 4479 τοῦ
386 4427 626 4497 ῥᾳθυμία
657 4428 751 4480 καὶ
775 4429 834 4479 τὸ
852 4434 1184 4499 παρανομεῖν
1203 4432 1363 4495 εὐθὺς
1387 4433 1623 4504 ἀπαντᾷ,
1654 4452 1673 4485 ι
1701 4437 1821 4488 Κα-

252 4520 484 4588 θάπερὸ
516 4521 745 4586 ἀγαπῶν
793 4537 880 4589 με,
925 4524 1076 4590 φησὶ.
1108 4526 1207 4585 τὰς
1237 4525 1456 4587 ἐντολάς
1500 4544 1603 4593 μου
1656 4528 1826 4596 τηρή-

254 4628 371 4674 σει,
402 4631 421 4661 ι
452 4614 564 4673 τοῖς
594 4613 651 4664 δὲ
676 4613 804 4675 τοὺς
834 4614 925 4664 τοῦ
950 4613 1083 4666 Θεοῦ
1109 4619 1307 4683 νόμους
1356 4617 1586 4670 πατοῦσι
1617 4619 1711 4671 καὶ
1757 4619 1825 4671 τὰ

250 4702 488 4755 τοιαῦτα
510 4703 806 4771 τολμηταῖς
851 4708 943 4757 καὶ
977 4704 1067 4757 τὸν
1113 4708 1210 4772 τῆς
1241 4706 1474 4769 πίστεως
1534 4706 1825 4776 προδοῦναι

252 4793 444 4858 λόγον,
470 4792 534 4844 ἄν
558 4809 609 4843 τι
628 4790 721 4863 δέῃ
745 4792 1081 4865 κερδαίνειν,
1099 4794 1249 4846 οὐδὲν
1272 4796 1497 4849 ἁπᾶδον.
1527 4816 1545 4847 ι
1584 4796 1694 4863 Τῆς
1718 4797 1824 4863 γὰρ

256 4883 623 4954 συνειδήσεώς
672 4902 828 4947 τινες
882 4885 1285 4952 ἀστοχήσαντες
1318 4889 1445 4956 περὶ
1492 4888 1589 4958 τὴν
1646 4890 1827 4941 πίστιν

257 4974 639 5043 ἐναυάγησαν,
679 4992 698 5026 ι
758 4976 788 5026 ὁ
823 4976 1090 5044 μακάριος
1128 4977 1231 5046 ἔφη
1292 4978 1521 5040 Παῦλος·
1574 4998 1592 5028 ι
1638 4980 1827 5048 Νεκρὰ

255 5066 378 5133 γάρ
421 5067 557 5129 ἐστι,
584 5068 770 5136 φησὶν,
824 5069 857 5137 ἡ
903 5068 1105 5135 πίστις,
1147 5088 1165 5120 ι
1224 5065 1303 5131 οἷς
1335 5071 1441 5122 τῶν
1476 5071 1826 5140 καταλλήλων

256 5158 366 5212 οόκ
397 5158 658 5227 ἐμέλησεν
693 5158 890 5227 ἔργων,
934 5160 1053 5212 ὅθεν
1093 5163 1139 5212 εί
1184 5161 1548 5231 διαφθείροιτο
1604 5165 1824 5232 ῥαδίως.

259 5250 452 5302 καινὸν
484 5250 653 5306 οὐδέν.
673 5250 850 5318 Τριῶν
875 5251 983 5319 γὰρ
1007 5252 1193 5315 ὄντων,
1225 5252 1259 5305 ἂ
1290 5252 1366 5321 τῷ
1390 5253 1506 5322 Θεῷ
1540 5254 1669 5322 παρ’
1694 5256 1829 5323 ἡμῖν

258 5348 526 5419 φυλάττει
554 5350 611 5400 τὸ
630 5349 808 5411 σέὅας,
826 5349 919 5399 τοῦ
945 5348 1107 5415 φόϐου
1134 5349 1241 5400 τῶν
1262 5349 1529 5416 κειμένων
1560 5353 1672 5411 τοῖς
1700 5352 1827 5403 ἀσε-

258 5443 389 5495 ϐέσι
417 5442 622 5503 κακῶν,
648 5442 745 5507 τῆς
779 5440 990 5508 ἀγαθῆς
1031 5441 1135 5492 τῶν
1186 5442 1555 5494 εὐσεϐούντων
1588 5443 1824 5505 ἐλπίδος,

258 5532 361 5585 τοῦ
394 5534 519 5600 περὶ
560 5533 720 5584 αὑτὸν
772 5532 904 5584 Θεὸν
935 5533 1026 5583 xui.
1051 5532 1111 5583 τὸ
1144 5532 1307 5585 καλὸν
1341 5534 1562 5602 ἔρωτος,
1604 5535 1826 5601 ἐνεργὸν

260 5622 421 5675 οὐδὲν
439 5623 557 5681 ταῖς
577 5620 685 5673 τῶν
718 5623 1055 5688 παρανομεῖν
1090 5622 1406 5686 ἐγνωκότων
1434 5623 1820 5674 καταλείπεται

260 5712 487 5782 ψυχαῖς·
521 5711 655 5766 ἀλλὰ
691 5711 939 5779 καθάπερ
970 5706 1050 5775 οἷς
1080 5715 1104 5764 ὁ
1134 5713 1242 5781 βῖος
1271 5715 1380 5774 τοῖς
1417 5712 1509 5764 τοῦ
1535 5713 1668 5766 Θεοῦ
1692 5697 1820 5766 ccidit-

1917 3168 2319 3237 expellendum,
2351 3182 2545 3237 passus
2575 3164 2801 3233 expulit.
2831 3165 2897 3218 At
2934 3165 3037 3215 hoc
3071 3168 3219 3215 certe
3255 3175 3362 3211 non
3400 3169 3484 3211 est

1918 3261 2100 3324 inane,
2121 3260 2170 3313 si
2206 3259 2329 3326 quis
2356 3272 2456 3327 pro
2481 3269 2813 3327 quocunque
2868 3255 3051 3318 lugeat
3085 3252 3151 3305 ad
3185 3266 3383 3317 corpus
3407 3259 3487 3301 at-

1920 3350 2144 3410 tinente.
2178 3349 2272 3405 sed
2307 3357 2363 3403 et
2390 3351 2647 3401 damnum
2682 3347 2873 3415 ingens
2912 3362 2926 3399 :
2964 3346 3067 3397 hoc
3094 3344 3240 3397 enim
3273 3355 3354 3397 εει
3381 3355 3490 3409 pra:

1924 3441 2034 3496 Deo
2070 3441 2271 3508 aliquid
2304 3438 2450 3493 aliud
2482 3438 2685 3492 ducere
2714 3438 2727 3490 l
2759 3434 2934 3505 Hujus
2976 3434 3196 3503 quidem
3234 3432 3490 3498 nequitiae

1920 3530 2119 3601 gradus
2154 3529 2379 3583 ultimus
2436 3537 2517 3583 est
2545 3527 2695 3583 Juda:
2721 3526 3016 3588 dementia,
3064 3539 3187 3579 cum
3224 3523 3392 3576 Deum
3435 3531 3487 3575 et

1923 3622 2257 3678 Salvatorem
2290 3621 2477 3690 paucis
2498 3618 2740 3673 nummis
2758 3618 3012 3672 venderet
3032 3637 3044 3671 :
3066 3616 3282 3669 initium
3305 3623 3485 3667 autem

1922 3726 1975 3769 et
1991 3728 2172 3767 semen
2191 3721 2274 3768 est
2292 3714 2345 3765 in
2369 3712 2515 3766 illius
2534 3709 2973 3764 memnriamhoc
2994 3708 3125 3777 pati,
3150 3716 3312 3775 atque
3332 3723 3392 3759 ex
3412 3706 3488 3773 ip-

1922 3807 2036 3857 sius
2069 3805 2351 3858 consortio
2403 3802 2473 3855 ob
2511 3803 2652 3857 alius
2700 3804 2776 3855 rei
2828 3815 3069 3853 amorem
3125 3798 3333 3863 repelli.
3388 3796 3489 3851 Ubi

1924 3895 2069 3947 enim
2105 3895 2219 3948 haec
2267 3894 2506 3962 nequitia
2560 3893 2755 3956 crevit,
2805 3892 3118 3959 oblivioque
3165 3890 3256 3944 Dei
3311 3892 3488 3943 locum

1926 3989 2119 4040 anima:
2147 3987 2453 4054 occupavit,
2482 3999 2611 4053 erga
2650 3984 2826 4052 ipsum
2874 3983 3118 4035 charitas
3168 3980 3490 4049 languescit,

1926 4079 2193 4147 siquidem
2222 4077 2558 4131 contrarium
2593 4074 2872 4128 memoriae
2904 4088 2961 4129 se
2989 4072 3217 4141 ingerit;
3245 4071 3335 4124 ubi
3362 4062 3491 4123 vero

1925 4169 2168 4224 Charitas
2207 4167 2476 4221 exstincta
2508 4172 2612 4228 est,
2641 4164 2790 4217 brevi
2823 4163 2969 4217 circa
3014 4162 3269 4215 mandata
3318 4159 3494 4227 ipsius

1926 4260 2250 4329 negligentia
2280 4267 2333 4311 et
2377 4256 2737 4325 transgressio
2766 4256 3029 4323 irrepunt.
3076 4274 3092 4304 ι
3127 4250 3493 4317 Quemadmo-

1927 4354 2056 4407 dum
2091 4354 2181 4420 qui
2214 4351 2390 4419 diligit
2432 4364 2540 4410 me,
2571 4346 2765 4416 inquit,
2801 4356 3072 4414 praecepta
3141 4360 3259 4397 mea
3310 4358 3494 4397 sena-

1926 4447 2023 4509 bit,
2062 4462 2079 4494 ι
2114 4443 2225 4497 illis
2256 4449 2434 4495 autem
2469 4440 2560 4509 qui
2598 4438 2689 4492 Dei
2720 4439 2860 4507 leges
2896 4437 3225 4491 conculcant
3259 4436 3492 4489 audent-

1926 4549 2034 4605 que
2073 4534 2227 4598 talia,
2271 4542 2332 4586 ut
2371 4531 2494 4586 fidei
2545 4531 2767 4583 verbum
2811 4528 3061 4598 prodant,
3101 4542 3129 4578 a
3185 4526 3331 4579 nullo
3384 4525 3491 4578 eri-

1929 4626 2073 4679 mine
2108 4624 2223 4677 utili
2268 4624 2594 4677 abhorrent.
2637 4639 2655 4669 ι
2690 4618 2921 4684 Quidam
2970 4618 3113 4671 enim
3146 4632 3175 4670 a
3204 4616 3492 4694 conscien-

1929 4716 2002 4768 tia
2031 4715 2367 4776 aberrantes,
2387 4713 2463 4765 ait
2500 4714 2691 4763 beatus
2722 4709 2945 4771 Paulus,
2981 4707 3126 4760 circa
3163 4706 3322 4758 fidem
3355 4720 3493 4757 nau-

1928 4807 2315 4875 fragaverunt;
2347 4824 2365 4854 ι
2401 4822 2418 4853 ι
2452 4802 2659 4855 Mortua
2689 4815 2922 4867 namque
2945 4798 3077 4850 fides
3100 4808 3205 4860 est,
3238 4814 3259 4846 ι
3296 4796 3491 4863 inquit,

1926 4896 2147 4949 illorum
2182 4893 2381 4961 quibus
2411 4891 2477 4944 de
2507 4889 2761 4958 Operibus
2802 4902 2908 4941 non
2939 4895 3023 4941 est
3053 4901 3183 4939 cura
3213 4901 3227 4948 ;
3265 4886 3410 4938 unde
3448 4887 3491 4940 si

1930 4985 2090 5039 facile
2125 4984 2452 5052 dissipetur,
2478 4996 2584 5034 non
2613 4979 2951 5038 est,mirum
2974 5016 2988 5031 .
3020 4978 3155 5030 Cum
3189 4978 3333 5029 enim
3392 4978 3493 5029 tria

1930 5080 2043 5133 sint
2085 5092 2206 5146 qua:
2258 5084 2497 5129 nostram
2540 5088 2667 5141 erga
2701 5072 2868 5124 Deum
2916 5070 3324 5124 venerationem
3380 5084 3496 5123 ser-

1930 5180 2079 5235 vant,
2132 5172 2296 5222 timor
2343 5168 2606 5221 malorum
2656 5164 2837 5233 impiis
2884 5164 3322 5224 imminentium,
3356 5162 3493 5214 bona

1933 5263 2145 5332 piorum
2198 5274 2343 5324 spes,
2389 5256 2478 5310 Dei
2513 5267 2566 5311 et
2598 5256 2813 5309 virtutis
2851 5269 3042 5309 amor:
3077 5253 3275 5306 animis
3306 5268 3496 5306 eorum

1933 5352 2022 5421 qui
2053 5350 2356 5415 transgredi
2385 5349 2528 5416 leges
2564 5346 2739 5401 solent
2768 5344 2902 5397 nihil
2939 5344 3123 5397 efﬁcax
3158 5344 3477 5411 relinquitur
3568 5380 3571 5381 ν

1935 5444 2041 5496 Sed
2070 5440 2528 5510 quemadmodum
2561 5438 2699 5499 illis,
2725 5452 2963 5505 quorum
3006 5434 3116 5487 vita
3158 5434 3249 5487 Dei
3293 5435 3500 5501 legibus

1934 5534 2234 5594 ordinatur,
2261 5546 2388 5598 erga
2424 5532 2598 5597 ipsum
2642 5537 2870 5595 augetur
2909 5525 3229 5587 reverentia,
3292 5524 3366 5576 ita
3403 5526 3496 5578 dc-

1936 5634 2216 5693 Spcrtnrns
2248 5622 2651 5685 Scripturarum
2684 5619 2829 5670 brevi
2855 5616 3075 5677 deserit,
3103 5624 3156 5667 et
3194 5614 3226 5665 ii
3254 5614 3343 5682 qui
3376 5628 3503 5681 prn-

1942 5715 2263 5784 grcdiuntur
2292 5712 2445 5781 juxta
2493 5709 2771 5778 pulchrum
2817 5708 2955 5762 hanc
3004 5706 3314 5775 passionem
3364 5705 3499 5757 nihil
