4140 6318
663 271 766 330 69:3
1907 273 1954 332 N
1969 272 2211 331 ICOLAI
2256 270 2644 333 CABASILE
3808 265 3929 327 69.6

662 381 860 432 habent
905 393 1323 441 contmnne;eo
1373 381 1490 449 ipso
1544 391 1722 434 autem
1773 381 1922 450 quod
1975 395 2003 433 e
2054 380 2234 434 medio

2341 398 2486 434 τεται
2519 383 2722 452 νόμοις,
2752 382 2783 452 ἡ
2828 382 2958 452 περὶ
2995 380 3157 434 αὑτὸν
3181 377 3347 444 αἰδὼς
3372 377 3619 444 αὒξεται,
3673 379 3770 431 τόν
3798 380 3930 430 ἴσον

661 471 892 530 tollitur,
926 471 1139 524 cunctis
1166 485 1286 539 quze
1321 468 1610 538 prohibere
1666 483 1890 539 possent
1943 473 2235 541 nequitiam

2341 477 2540 543 τρόπον
2591 475 2714 537 τοὺς
2743 475 2852 526 τῶν
2908 473 3104 541 λογίων
3153 473 3463 542 ὑπερόπτας
3512 471 3656 524 κατὰ
3718 471 3925 540 μικρὸν

663 561 884 626 ablatis,
910 571 964 615 et
996 560 1202 614 ratione
1247 577 1367 630 quae
1411 561 1612 615 bonum
1660 563 1866 616 inducit
1896 573 2014 631 post
2047 563 2235 617 multas

2344 567 2640 628 ἐπιλείπει,
2675 566 2769 618 καὶ
2805 565 3057 634 προϊοῦσι
3101 564 3236 636 πρὸς
3266 564 3325 616 τὸ
3355 563 3516 617 καλὸν
3546 561 3710 615 τοῦτο
3741 561 3924 622 πάθος

662 650 1056 705 rct‘renationes
1105 660 1338 714 tacente,
1385 652 1526 719 quod
1570 654 1620 703 in
1669 651 1805 704 mala
1872 660 2112 704 extrema
2169 651 2235 704 la-

2352 653 2506 706 οὐδὲν
2544 653 2740 718 κοινὸν,
2772 653 2849 723 τῷ
2904 653 2960 706 δὲ
3015 652 3220 722 ταύτην
3288 653 3352 704 ὲκ
3410 652 3576 721 μέσου
3627 650 3926 718 γενέσθαι,

663 745 870 797 buntur
909 742 1066 796 facile
1098 743 1437 812 intelligitur.

2345 746 2561 800 πάντων
2590 748 2698 801 τῶν
2732 748 2975 816 ἐπισχεῐν
3004 747 3068 800 ἀν
3095 746 3428 814 δυνηθέντων
3487 745 3585 812 τὴν
3642 744 3929 810 πονηρίαν

660 833 1045 906 ἀνῃρημένων,
1070 837 1166 887 καὶ⁸
1198 835 1289 887 τοῦ
1313 835 1551 902 τάγαθόν
1577 837 1916 905 εἰσφέροντπ
1955 835 2214 904 λογισμοῦ
2256 835 2330 903 τῷ
2360 839 2617 902 πολλάκις
2668 839 3122 908 ἑπιστομισθῆναι
3159 837 3530 907 σεσιγηκότος,
3587 835 3677 887 ἐπ’
3699 833 3925 902 ἔσχατα

662 930 859 997 χωρεῖν
892 929 1086 993 αὐτοὺς
1109 929 1216 981 τῶν
1247 929 1451 993 κακῶν,
1480 929 1629 981 οὐδὲν
1655 929 1910 997 χαλεπόν.

732 1023 1023 1091 Propterea
1085 1024 1505 1078 sollicitudinem
1567 1023 1668 1078 viri
1741 1025 1893 1094 probi
1959 1026 2233 1085 retinent,

660 1125 711 1166 et
741 1114 1004 1169 adversus
1041 1116 1275 1169 radicem
1327 1118 1593 1169 malorum
1627 1116 1696 1169 ab
1745 1116 1901 1169 initio
1953 1117 2234 1179 resistunt,

662 1223 688 1263 ι
727 1209 872 1276 lique
895 1208 1002 1261 Deo
1025 1222 1118 1262 cor
1139 1211 1473 1273 custodiunt,
1499 1218 1756 1277 tanquam
1787 1208 1931 1262 aliud
1959 1207 2231 1276 quoddam

663 1301 885 1368 adytum
923 1302 1241 1353 memoriam
1277 1301 1377 1369 ipsi
1406 1301 1718 1367 seligentes.
1752 1300 1944 1354 Sciunt
1971 1301 2114 1354 enim
2147 1315 2236 1354 sa-

661 1405 880 1450 erarum
921 1391 1119 1444 aedium
1172 1394 1460 1458 plerasque
1511 1405 1578 1443 ne
1618 1399 1837 1458 tangere
1869 1388 2086 1457 quidem
2121 1389 2237 1441 lici-

2415 1027 2514 1078 Διά
2543 1022 2712 1076 ταῦτα
2757 1022 2853 1092 τὴν
2897 1023 3166 1092 μέριμναν
3200 1024 3248 1073 οί
3286 1019 3564 1072 σπουδαῖοι
3610 1018 3931 1086 φυλάττον-

2343 1136 2454 1181 ται,
2485 1120 2577 1169 καὶ
2613 1115 2746 1186 πρός
2775 1120 2871 1185 τὴν
2913 1115 3066 1183 ῥίζαν
3101 1113 3156 1178 ἐξ
3184 1113 3355 1181 ἀρχῆς
3390 1112 3639 1164 ἵστανται
3663 1110 3778 1161 τῶν
3813 1126 3928 1160 κα-

2343 1211 2451 1263 κῶν
2477 1211 2569 1263 καὶ
2589 1209 2682 1278 τὴν
2711 1207 2938 1278 καρδίαν
2967 1205 3043 1276 τῷ
3064 1204 3182 1274 Θεῷ
3206 1204 3351 1273 μόνῳ
3371 1201 3623 1272 τηροῦσι,
3657 1200 3932 1266 καθάπερ

2343 1299 2469 1353 ἀλλο
2503 1316 2556 1352 τι
2596 1299 2820 1367 τέμενος
2853 1296 2951 1366 τὴν
3010 1296 3232 1366 μνήμην
3277 1293 3552 1358 ἐξελόντες
3593 1289 3765 1359 αύτῷ.
3809 1290 3934 1340 Καὶ

2345 1391 2451 1458 γὰρ
2490 1391 2654 1452 ίσασι,
2689 1389 2797 1440 τῶν
2840 1388 2939 1457 μὲν
2987 1387 3148 1457 ιερῶν
3197 1384 3366 1438 οἴκων
3395 1386 3506 1444 τοῖς
3551 1382 3768 1441 πολλοῖς
3797 1379 3932 1431 οὐδὲ

665 1491 800 1543 tum,
831 1497 893 1535 ac
914 1482 1232 1549 supellectili
1283 1481 1526 1548 velisque
1595 1480 1932 1534 consecratis
1981 1479 2046 1532 ad
2091 1477 2235 1531 aliud

2341 1481 2529 1549 ψαύειν
2560 1480 2783 1546 ιξεῐναι,
2815 1479 2911 1532 καὶ
2961 1477 3171 1530 σκευῶν
3216 1477 3309 1529 καὶ
3339 1473 3561 1526 πέπλων
3591 1475 3698 1533 τοῖς
3734 1470 3929 1531 οὕτως

663 1573 793 1639 quid
828 1574 902 1625 uti
941 1576 1022 1626 fas
1057 1587 1161 1627 non
1186 1586 1326 1634 esse,
1351 1572 1546 1625 anime
1589 1586 1719 1625 vero
1750 1571 1858 1624 Deo
1887 1569 2235 1624 sanctificata:

2341 1572 2744 1640 ἀφωρισμένοις
2783 1571 2919 1640 πρὺῖ
2951 1569 3079 1624 ἄλλο
3127 1585 3180 1620 τι
3217 1565 3453 1636 χρῆσθαι
3491 1565 3600 1617 τῶν
3635 1562 3930 1631 ἀθεμίτων

664 1663 872 1715 nullum
913 1677 1009 1730 par
1053 1677 1176 1731 esse
1219 1661 1541 1725 sacrarium,
1584 1662 1727 1714 unde
1772 1669 2020 1729 oporteat
2070 1660 2235 1712 multo

2341 1661 2502 1727 εἶναι,
2533 1662 2709 1731 ψυχῆς
2734 1662 2790 1714 δὲ
2825 1659 2944 1728 Οεῷ
2980 1657 3411 1727 καθιερωθείσης
3442 1655 3592 1709 οὐδὲν
3625 1655 3734 1706 ἴσον
3770 1651 3928 1730 εἶναι

665 1755 840 1821 magis
878 1725 1098 1822 adytum
1140 1725 1261 1806 esse
1297 1752 1705 1820 impenetrabile
1745 1725 2105 1804 vendentibus
2156 1760 2234 1804 at-

2342 1755 2447 1808 τῶν
2473 1725 2818 1822 ιὲρῶῖξδθω
2867 1725 2958 1805 καὶ
3005 1725 3204 1820 χρῆναι
3242 1748 3444 1810 παντὸς
3485 1747 3684 1817 μᾶλλον
3713 1725 3928 1800 ἄδυτον

664 1863 771 1914 que
832 1847 1163 1907 ementibus,
1225 1859 1432 1898 necnon
1468 1845 1673 1898 mensis
1713 1853 1762 1898 et
1810 1842 2081 1898 cathedris
2105 1857 2236 1896 ven-

665 1935 916 1990 dentium
972 1934 1257 1988 columbas
1306 1947 1370 1986 ac
1405 1931 1676 1986 similibus
1735 1932 2030 1984 immunem
2088 1942 2232 1988 esse.

668 2027 726 2080 Si
778 2026 921 2078 enim
968 2024 1236 2078 orationis
1278 2023 1500 2078 domum
1537 2022 1618 2077 sic
1655 2037 1776 2076 esse
1820 2030 2062 2090 Oportet,
2106 2020 2237 2089 quid

670 2118 971 2186 putandum
1003 2124 1083 2170 est
1111 2116 1176 2169 de
1209 2116 1325 2183 ipso
1360 2125 1573 2180 orante,
1611 2122 1831 2183 propter
1863 2126 2021 2180 quem
2059 2111 2237 2165 locum

668 2211 833 2264 istum
882 2208 1038 2262 turba
1082 2221 1312 2261 vacuum
1350 2220 1472 2261 esse
1517 2204 1818 2259 convenit?
1868 2201 1933 2257 Et
1965 2217 2096 2256 vero
2131 2217 2237 2255 non

666 2315 766 2369 pro
795 2308 1036 2366 tempore
1064 2297 1556 2352 continuonomen
1588 2303 1704 2348 erat
1731 2293 1941 2356 efﬁcax,
1976 2307 2075 2346 nec
2093 2308 2238 2348 sem-

671 2406 766 2460 per
816 2397 933 2443 erat
976 2387 1244 2442 orationis
1289 2387 1518 2451 domus,
1552 2384 1846 2454 aliquando
1886 2382 2239 2452 precantibus

667 2495 840 2534 vacua
874 2496 888 2534 :
932 2491 986 2532 nt
1014 2477 1308 2534 Christiani
1354 2485 1534 2530 autem
1586 2475 1679 2529 Dei
1718 2472 2111 2528 consociationi
2152 2474 2237 2526 in-

667 2573 904 2626 luereant
933 2584 1025 2637 per
1056 2583 1219 2622 omne
1247 2575 1459 2636 tempus
1512 2564 1883 2619 indesinenter
1933 2573 2237 2632 precantes,

664 2661 816 2716 Pauli
853 2661 935 2714 lex
967 2659 1140 2727 jubet.
1176 2655 1290 2710 lloc
1326 2667 1504 2709 autem
1540 2670 1757 2724 quoque
1783 2655 2235 2709 consideremus:

666 2752 792 2806 aliis
844 2750 990 2802 enim
1044 2749 1288 2802 Salvator
1335 2760 1430 2814 per
1480 2746 1639 2806 verba
1694 2745 2016 2798 criminibus
2064 2743 2236 2796 abdu-

662 2858 817 2903 cens,
857 2842 944 2893 hic
997 2841 1168 2892 utitur
1215 2845 1270 2892 et
1302 2837 1480 2905 lingua
1513 2844 1567 2889 et
1597 2835 1698 2899 ira,
1731 2846 1784 2889 et
1830 2849 2015 2895 manu,
2053 2844 2106 2888 et
2139 2831 2235 2886 fla-

665 2929 827 2998 gello,
861 2938 931 2981 ut‘
958 2925 1366 2979 meminerimus
1404 2933 1606 2993 quanta
1650 2939 1737 2977 res
1767 2923 2134 2978 sollicitudine
2167 2925 2236 2976 sit

663 3023 824 3090 digna
852 3059 864 3073 .
900 3020 1020 3071 llsee
1066 3019 1209 3072 enim
1257 3033 1373 3078 non,
1407 3027 1515 3070 tam
1561 3022 1722 3070 erant
1758 3016 1898 3070 istud
1936 3017 2192 3086 templum
2218 3054 2231 3076 ,

663 3115 808 3184 quod
844 3111 1171 3180 praevidehat
1203 3125 1475 3172 eversum,
1497 3109 1768 3162 honorare
1793 3107 2040 3169 volentis,
2071 3119 2232 3172 quam

667 3206 1008 3260 ostendentis
1043 3205 1095 3256 in
1139 3217 1248 3271 quo
1281 3211 1459 3255 teneat
1491 3200 1665 3269 pretio
1697 3211 2136 3267 unumquemque
2171 3197 2236 3251 li-

666 3297 891 3357 delium,
918 3298 1058 3366 apud
1087 3309 1224 3364 quos
1259 3307 1478 3346 manere
1507 3291 1853 3359 promiserat,
1880 3288 2028 3343 curis
2059 3296 2112 3341 et
2143 3304 2240 3341 an-

666 3387 963 3441 xietatibus
1016 3399 1136 3438 esse
1177 3383 1406 3439 liberum
1439 3397 1454 3444 ;
1485 3389 1539 3434 et
1587 3381 1748 3434 simul
1784 3393 1948 3446 quam
1993 3377 2135 3432 acris
2167 3378 2238 3432 sit

665 3475 872 3543 passio,
891 3478 1266 3539 quantumque
1294 3470 1364 3522 sit
1392 3483 1529 3535 Opus
1560 3469 1745 3521 animo
1773 3467 2078 3536 spirituque
2105 3480 2237 3519 con-

665 3572 843 3620 stante
873 3577 936 3616 ac
972 3560 1182 3614 ratione
1219 3558 1492 3628 prudenti,
1521 3567 1572 3612 et
1595 3560 1895 3626 prazsertim
1927 3559 2038 3626 ipsa
2070 3572 2232 3610 manu

666 3654 1010 3716 Salvatoris,
1042 3667 1202 3719 qttem
1238 3651 1327 3720 qui
1365 3665 1472 3704 non
1504 3650 1650 3703 intus
1695 3657 2036 3717 receperunt,
2070 3648 2237 3702 animi

665 3744 1016 3814 agitationem
1061 3741 1264 3806 ejicere
1306 3748 1598 3808 nequeunt.
1648 3737 1860 3791 Idcirco
1895 3738 2236 3808 sacrilegium

666 3843 841 3889 morte
885 3834 1216 3905 puniendum
1279 3831 1360 3884 lex
1409 3838 1704 3894 statuerat,
1748 3837 1803 3882 et
1855 3827 2069 3883 Sanctis
2115 3843 2240 3883 san-

663 3935 876 3981 ctorum
919 3925 1095 3976 velum
1155 3919 1523 3974 necessarium
1556 3918 1679 3974 fuit.
1711 3918 1819 3975 Oza
1853 3926 2099 3973 mortuus
2132 3929 2237 3985 est,

664 4018 810 4086 quod
863 4030 1004 4069 arcae
1054 4013 1326 4067 vacillanti
1377 4012 1662 4081 profanam
1697 4011 1954 4065 intulerat
1988 4026 2236 4076 manum,

662 4125 718 4163 et
741 4107 900 4164 Ozias
932 4107 1136 4171 lepram
1168 4119 1198 4158 ε
1229 4106 1401 4159 sacris
1428 4104 1640 4158 lucrum
1675 4105 1901 4172 accepit,
1926 4119 2068 4174 quas,
2092 4106 2240 4159 sicut

665 4204 770 4256 alia
818 4200 1008 4263 multa,
1065 4199 1348 4268 baptizata»
1398 4197 1614 4260 animae,
1669 4206 1930 4265 tanquam
1972 4212 2099 4251 vero
2144 4196 2236 4251 Dt'i

663 4293 930 4354 sacrario,
961 4306 1159 4362 purum
1192 4289 1401 4359 asylum
1451 4302 1572 4342 esse
1618 4288 1939 4342 decernunt.
1981 4286 2104 4342 ldeo
2158 4289 2239 4341 vi-

2344 1842 2622 1909 εἶναιτοῖς
2669 1844 2907 1898 πωλοῦσι
2955 1845 3048 1897 καὶ
3083 1841 3434 1911 ἀγοράζουσι,
3479 1843 3572 1893 καὶ
3620 1838 3927 1908 τραπεζῶν

2343 1938 2437 1990 καὶ
2473 1935 2807 1989 κολυϐιστῶν
2836 1934 2932 1988 καὶ
2968 1932 3232 1986 τοιούτων
3267 1929 3608 2000 ἀπηλλάχθαι
3642 1930 3924 1997 πραγμά-

2343 2048 2471 2082 των.
2505 2029 2569 2081 Εί
2598 2028 2705 2098 γάρ
2732 2028 2826 2080 τόν
2857 2026 2957 2096 τῆς
3006 2025 3312 2095 προσευχῆς
3361 2019 3509 2077 οἷκον
3559 2021 3723 2082 οῦτως
3759 2022 3926 2090 ἔχειν

2341 2117 2532 2188 ιχρῆν,
2565 2118 2711 2180 ὅπως
2745 2119 2828 2172 δεῖ
2855 2117 3102 2187 νομίζειν
3126 2115 3288 2168 αὑτὸν
3318 2116 3409 2168 τὸν
3431 2113 3740 2183 εὐχόμενον,
3767 2113 3924 2181 ὑπερ

2340 2203 2401 2263 οῦ
2435 2210 2531 2262 καὶ
2569 2210 2630 2262 τὸ
2660 2209 2861 2279 χωρίον
2889 2208 3066 2260 ὲκεῐνο
3097 2205 3429 2276 καθαρεύειν
3475 2206 3578 2259 ἔδει
3622 2203 3881 2276 θορύϐων
3907 2222 3922 2269 ;

2343 2301 2534 2354 Καίτοι
2591 2302 2668 2371 τῷ
2719 2302 2820 2371 μιν
2857 2301 3116 2356 ἑκάστοτε
3152 2299 3394 2369 τοῦνομα
3440 2299 3540 2352 οὐκ
3567 2294 3634 2368 ἦν
3663 2297 3921 2364 ἐνεργὸν,

2340 2392 2449 2444 οὐδ’
2479 2388 2548 2461 ἦν
2580 2395 2664 2446 ἀεὶ
2694 2394 3001 2462 προσευχῆς
3037 2389 3204 2456 οἶκος,
3249 2391 3358 2445 τῶν
3389 2391 3696 2459 εὐχομένων
3733 2388 3922 2440 ἐνίοτε

2341 2485 2494 2546 κενὸς
2546 2483 3061 2553 «ὒν-’Χριστιανοὺς
3114 2483 3168 2535 δὲ
3215 2485 3284 2552 τῇ
3336 2481 3431 2534 τοῦ
3461 2480 3597 2533 Θεοῦ
3648 2481 3924 2549 συνουσίᾳ

2343 2575 2700 2643 προσκεῖσθαι
2733 2575 2824 2627 τὸν
2861 2576 2948 2628 ἀεὶ
2979 2575 3169 2642 χρόνον
3199 2572 3560 2634 ἀδιαλείπτως
3604 2587 3924 2640 προσευχο-

2345 2664 2560 2732 μένους,
2617 2666 2643 2716 6
2701 2663 2795 2717 τοῦ
2857 2663 3069 2716 Παύλου
3102 2663 3312 2716 κελεύει
3357 2663 3541 2732 νόμος.
3587 2663 3827 2714 Κάκείνο
3862 2662 3922 2714 δὲ

2343 2755 2657 2824 συνορῶμεν
2677 2772 2694 2787 ο
2726 2756 2838 2808 τῶν
2861 2756 2969 2822 γὰρ
2998 2756 3172 2809 ἄλλων
3203 2758 3229 2807 6
3269 2754 3459 2822 Σωτὴρ
3491 2752 3922 2822 ἁμαρτημάτων

2341 2847 2516 2912 λόγοις
2547 2846 2776 2912 ἀπάγων
2804 2844 3036 2898 ἐνταῦθα
3088 2846 3182 2899 καὶ
3227 2844 3450 2914 γλώσσῃ
3504 2845 3764 2913 κέχρηται
3815 2844 3920 2894 καὶ

2338 2937 2473 3006 όργῇ
2507 2935 2598 2988 καὶ
2619 2935 2764 3004 χειρὶ
2785 2935 2876 2988 καὶ
2893 2935 3137 3004 μάστιγι,
3156 2931 3466 3000 λογίζεσθαι
3481 2933 3751 3003 παρέχων,
3773 2932 3923 3000 ὅσης

2339 3025 2479 3092 ἀξιοῖ
2515 3027 2574 3079 τδ
2613 3027 2842 3094 πρᾶγμα
2892 3025 3146 3094 σπουδῆς.
3179 3024 3361 3077 Ταῦτα
3404 3024 3514 3092 γὰρ
3543 3024 3601 3076 οὐ
3642 3025 3732 3075 τὸν
3765 3023 3922 3075 νεὼν

2340 3115 2594 3168 τοσοῦτον
2652 3118 2858 3168 ἐκεῖνον
2915 3113 3238 3185 βουλομένου
3289 3112 3595 3184 σεμνύνειν,
3628 3113 3686 3164 ὃν
3737 3128 3924 3163 κατα-

2344 3210 2725 3278 σκαπτόμενον
2759 3208 3054 3279 περιεῖδεν,
3087 3209 3212 3261 ὅσον
3250 3209 3359 3260 τῶν
3402 3208 3606 3261 πιστῶν
3652 3206 3920 3271 ἕκαστον,

2340 3300 2469 3369 παρ’
2497 3298 2578 3362 οἷς
2613 3300 2983 3370 ἐπηγγείλατο
3012 3298 3214 3369 μένειν,
3254 3301 3525 3372 μερίμνης
3555 3299 3920 3369 ἀπηλλάχθαι

2339 3392 2436 3445 καὶ
2490 3393 2790 3461 φροντίδων
2843 3394 2968 3446 ὃσου
3023 3395 3285 3462 τιμᾶται,
3333 3382 3642 3456 δεικνύντος
3678 3388 3766 3462 ἦν,
3811 3392 3920 3444 καὶ

2341 3481 2458 3549 ἅμα
2483 3482 2556 3543 ὡς
2591 3483 2784 3550 ίταμδν
2808 3483 2869 3534 τὸ
2902 3482 3092 3548 πάθος,
3115 3484 3206 3536 καὶ
3230 3481 3386 3551 χρεία
3411 3482 3582 3551 θυμοῦ
3613 3483 3707 3536 καὶ
3724 3482 3919 3550 ψυχῆς

2340 3574 2587 3642 ἑστώσης
2617 3576 2708 3627 καὶ
2740 3573 3003 3643 νήφοντος
3028 3573 3313 3642 λογισμοῦ,
3343 3575 3434 3625 καὶ
3466 3574 3570 3642 πρό
3603 3591 3666 3641 γε
3695 3574 3920 3625 τούτων

2341 3666 2510 3733 αὐτῆς
2565 3668 2662 3732 τῆς
2723 3668 2908 3734 χειρὸς
2945 3666 3039 3718 τοῦ
3082 3665 3353 3733 Σωτῆρος,
3396 3664 3456 3716 ὃν
3505 3663 3652 3716 ἔνδον
3698 3663 3774 3731 μὴ
3806 3665 3919 3717 λα-

2340 3755 2532 3818 ϐόντας
2577 3756 2670 3808 τὸν
2705 3757 2937 3823 θόρυϐον
2975 3757 3257 3826 ἀμήχανον
3287 3755 3557 3810 ἐκϐαλεῖν.
3602 3755 3702 3807 Διά
3732 3756 3920 3809 ταῦτα

2340 3847 2401 3899 τὸ
2450 3847 2727 3916 ἱερόσυλον
2761 3848 2978 3917 θανάτῳ
3007 3845 3339 3917 ζημιοῦσθαι
3384 3845 3548 3915 νόμος
3580 3847 3779 3909 ἔκειτο,
3811 3849 3920 3898 καί

2338 3941 2450 4000 τοῖς
2498 3939 2608 3992 τῶν
2661 3939 2833 4006 ἁγίων
2884 3941 3085 4007 Ἀγίοις
3131 3939 3639 4008 παραπετάσματος
3691 3939 3914 4006 ἐδέησε.

2353 4033 2483 4096 Ὀζά
2535 4031 2848 4103 ἀπέθνησκε
2893 4035 2960 4103 τῇ
3016 4031 3233 4100 κιϐωτῷ
3284 4030 3688 4101 περιτραπείσῃ
3749 4033 3918 4100 χεῖρα

2343 4124 2568 4193 βέϐηλον
2619 4123 2906 4192 ὑποσχὼν,
2958 4125 3051 4175 καὶ
3113 4123 3297 4186 Ὀζίας
3335 4122 3546 4192 λέπραν
3577 4122 3688 4178 τῶν
3749 4123 3918 4192 ιερῶν

2340 4215 2618 4278 ἀπώνατο,
2655 4215 2750 4268 καὶ
2785 4213 2956 4267 πολλά
3003 4213 3068 4282 δὴ
3106 4212 3334 4265 τοιαῦτα
3382 4216 3450 4284 τῇ
3497 4213 3916 4286 βεϐαπτισμένῃ

2339 4307 2484 4377 ψυχῇ
2516 4307 2579 4359 τὸ
2623 4305 2880 4375 καθαρῶς
2911 4304 3107 4359 ἀσυλον
3139 4303 3217 4373 τῷ
3245 4303 3485 4374 ἀληθινῷ
3517 4303 3659 4357 Οεοῦ
3691 4305 3916 4376 τεμένει

663 4385 914 4440 velitibus
959 4385 1013 4438 in
1047 4383 1269 4438 Christo
1311 4396 1501 4448 puram
1551 4394 1579 4432 a
1623 4378 1987 4433 sollicitudine
2038 4379 2235 4433 habere

2344 4397 2643 4467 νομοθετεῖ.
2668 4396 2766 4449 Διά
2786 4394 2956 4448 ταῦτα
2980 4397 3092 4459 τοῖς
3114 4395 3173 4448 ὲν
3194 4393 3417 4464 Χριστῷ
3444 4392 3614 4459 ζῶσιν
3637 4396 3914 4466 εἰλικρινῆ

661 4481 898 4532 animam
953 4477 1006 4530 in
1055 4487 1252 4542 magno
1286 4472 1498 4525 videtur
1545 4485 1664 4525 esse
1694 4471 1903 4537 pretio;
1943 4479 1994 4524 et
2029 4471 2072 4525 si
2103 4471 2229 4541 quid

663 4587 854 4625 (OI'UIII
893 4582 1015 4639 quae
1046 4568 1301 4620 videntur
1335 4578 1456 4618 esse
1500 4563 1652 4616 utilia
1696 4561 2025 4617 voluntatem
2069 4577 2234 4630 pene-

665 4674 792 4725 trat,
838 4677 944 4715 non
979 4658 1238 4729 pervertit
1277 4670 1522 4716 sensum,
1556 4654 2013 4722 quemadmodum
2054 4654 2232 4717 Petro,

664 4771 788 4807 συιιι
843 4758 1128 4804 vocantem
1190 4747 1525 4800 Salvatorem
1576 4745 1804 4811 audivit,
1863 4748 1928 4800 de
1979 4745 2234 4801 rebusin

665 4859 828 4900 manu
867 4841 1064 4895 habitis
1099 4841 1242 4894 nulla
1285 4852 1415 4891 cura
1452 4835 1573 4890 fuit.
1620 4838 1831 4890 Etenim
1864 4847 1917 4890 et
1960 4839 2060 4905 ipsi
2099 4854 2234 4907 qua-

664 4943 788 4988 dam
819 4933 1104 4986 vocatione
1133 4940 1393 4999 perpetua
1430 4940 1694 4985 νοοειηιυι·
1726 4945 1820 4998 per
1849 4931 2176 4998 insculptam
2205 4945 2234 4984 a

667 5025 938 5095 mysteriis
971 5025 1022 5076 in
1056 5025 1236 5076 anima
1268 5021 1519 5089 gratiam,
1547 5036 1690 5091 quae,
1726 5023 1867 5074 sicut
1906 5021 1982 5075 ait
2011 5022 2234 5089 Paulus,

671 5139 689 5171 ι
723 5128 810 5173 est
846 5116 1081 5187 Spiritus
1112 5115 1228 5169 Filii
1260 5114 1351 5168 Dei
1377 5114 1621 5168 clamans
1661 5114 1714 5167 in
1753 5114 1916 5169 corde
1951 5114 2231 5183 ipsorum:

662 5210 835 5272 Abba,
871 5209 1045 5262 Pater.
1085 5224 1103 5257 ι
1128 5206 1192 5260 Et
1240 5208 1311 5262 ita
1335 5215 1554 5275 semper
1581 5204 1762 5259 omnia
1805 5205 2132 5275 despiciunt,
2180 5215 2236 5261 ut

664 5314 879 5368 semper
922 5298 1196 5352 Christum
1234 5297 1388 5366 sequi
1435 5296 1674 5365 possiut;
1707 5297 1967 5366 quoniam
2020 5313 2124 5352 non
2153 5306 2234 5352 est

663 5405 901 5457 miluum,
935 5389 1134 5455 inquit,
1180 5404 1274 5443 eos
1311 5408 1328 5440 ι
1363 5389 1586 5442 verbum
1636 5389 1728 5442 Dei
1774 5388 2149 5458 derelinquere
2180 5402 2233 5445 et

664 5483 976 5536 ministrare
1009 5484 1234 5545 mensis,
1266 5501 1284 5534 ι
1322 5482 1499 5551 primo
1523 5482 1740 5550 quidem
1768 5481 1908 5550 quod
1935 5482 2067 5536 nihil
2099 5482 2232 5551 ipsis

664 5591 774 5645 prie
827 5577 935 5630 Deo
974 5587 1090 5641 est;
1139 5576 1330 5630 deinde
1378 5577 1633 5645 quoniam
1703 5585 1756 5630 et
1806 5584 1997 5630 caetera
2049 5577 2227 5630 omnia

663 5667 731 5721 ab
782 5664 901 5737 ipso
948 5668 1213 5722 bonorum
1242 5667 1484 5722 omnium
1512 5679 1725 5721 summo
1753 5667 2124 5734 dispensatore
2148 5683 2232 5723 rc-

2347 4491 2621 4562 μερίμνης
2647 4489 2744 4561 τὴν
2768 4487 2946 4558 ψυχὴν
2990 4487 3135 4558 ἔχειν
3163 4486 3360 4539 πολλοῦ
3383 4502 3530 4549 τινος
3569 4481 3711 4539 εἶναι
3740 4487 3915 4540 δοκεῖ·

2345 4583 2449 4636 κάν
2485 4599 2539 4634 τι
2568 4581 2666 4651 τὴν
2694 4581 2919 4649 γνώμην
2951 4577 3168 4648 εἰσέλθῃ
3199 4577 3308 4630 τῶν
3349 4574 3490 4631 εἶναι
3522 4576 3802 4648 προύργου
3834 4579 3919 4632 δο-

2345 4673 2603 4737 κούντων,
2635 4673 2734 4724 οὐκ
2769 4670 3089 4741 ἐπιστρέφει
3116 4670 3206 4723 τὸν
3230 4669 3513 4738 λογισμὸν,
3549 4671 3805 4740 καθάπερ
3836 4674 3915 4742 τῷ

2346 4765 2536 4834 Πέτρῳ
2573 4763 2683 4816 τῶν
2716 4764 2773 4816 ὲν
2811 4759 2999 4832 χερσὶν
3028 4762 3180 4815 οὐδὲν
3204 4761 3496 4832 ἐμέλησεν,
3521 4763 3646 4814 ἐπεὶ
3684 4765 3917 4817 καλοῦν-

2342 4872 2432 4917 τος
2460 4853 2552 4906 τοῦ
2588 4854 2840 4923 Σωτῆρος
2889 4853 3109 4922 ἢκουσε.
3169 4854 3280 4906 Καὶ
3328 4854 3438 4926 γὰρ
3474 4857 3569 4908 καὶ
3616 4857 3772 4909 αὐτοὶ
3815 4876 3918 4911 xa-

2340 4947 2561 5000 λοῦνται
2614 4945 2807 5014 κλῆσίν
2855 4963 2977 4998 τινα
3031 4947 3231 5015 συνεχῆ
3271 4945 3363 4997 καὶ
3407 4947 3634 5016 διηνεκῆ
3671 4948 3759 5000 διὰ
3809 4950 3914 5017 τῆς

2342 5035 2775 5107 ἐνσημανθείσης
2804 5036 2912 5088 ἀπὸ
2948 5035 3058 5088 τῶν
3107 5035 3419 5106 μυστηρίων
3459 5039 3523 5106 τῇ
3562 5036 3712 5106 ψυχῇ
3748 5040 3912 5107 χάρι-

2340 5148 2463 5192 τος,
2516 5130 2637 5199 ἣτις
2691 5131 2827 5193 ἐστὶ,
2877 5127 3087 5190 Παῦλος
3134 5121 3276 5192 εἶπε,
3328 5144 3348 5178 ε
3388 5127 3450 5180 τὸ
3493 5127 3590 5181 τοῦ
3633 5129 3762 5182 Υίοῦ
3813 5131 3908 5184 τοῦ

2340 5219 2474 5274 Οεοῦ
2503 5219 2730 5290 Πνεῦμα
2751 5223 2807 5273 ὲν
2836 5222 2956 5280 ταῖς
2977 5219 3432 5292 καρδίαιςηαύτῶν
3457 5221 3658 5290 κρᾶζον
3677 5238 3689 5250 ·
3736 5224 3908 5276 Ἀϐϐᾶ

2336 5313 2365 5364 6
2395 5311 2605 5379 Πατήρ.
2643 5328 2662 5360 ι
2699 5310 2808 5362 Καὶ
2847 5307 3017 5368 οὕτως
3068 5310 3325 5362 ἑκάστοτε
3371 5310 3586 5363 πάντων
3624 5312 3908 5383 ὑπερορῶ·

2341 5420 2448 5467 σιν,
2485 5402 2551 5455 ἶν’
2587 5402 2846 5454 ἑκάστοτε
2875 5401 2952 5469 τῷ
2975 5401 3197 5469 Χριστῷ
3224 5401 3525 5468 δυνηθῶσιν
3553 5403 3868 5458 ἀκολουθεῖν
3887 5447 3901 5470 ,

2338 5493 2419 5544 ὅτι
2447 5493 2506 5544 ού
2539 5492 2702 5544 καλόν
2732 5495 2869 5554 ἐστι,
2913 5491 3101 5560 φησὶν,
3145 5510 3163 5543 ι
3205 5492 3437 5560 ἀφέντας
3465 5495 3553 5545 τὸν
3601 5493 3761 5561 λόγον
3809 5496 3902 5548 τοῦ

2336 5583 2471 5637 Θεοῦ
2514 5584 2782 5636 διακονεῖν
2828 5584 3154 5652 τραπέζαις,
3192 5602 3211 5637 ι
3250 5585 3464 5653 πρῶτον
3490 5585 3599 5655 -μὲν
3621 5587 3703 5639 ὅτι
3738 5587 3904 5657 μηδὲν

2336 5679 2514 5740 αὐτοῖς
2565 5677 2668 5747 πρὸ
2700 5676 2794 5730 τοῦ
2843 5676 3002 5742 Θεοῦ,
3059 5676 3230 5732 ἔπειθ’
3273 5678 3355 5732 ὅτι
3401 5678 3494 5734 καὶ
3538 5679 3717 5734 πάντα
3771 5680 3899 5751 παρ’
