4140 6318
160 376 270 436 697

1226 383 1323 442 DE
1364 382 1539 443 VITA
1581 380 1663 441 IV
1702 364 2043 441 cants'i'o
2087 379 2230 438 LIB.
2270 377 2399 438 Vll.

3287 381 3393 448 693

159 490 314 557 αὐτῷ
352 491 520 543 τᾶλλα
582 489 952 555 προσδοκῶσιν
1006 490 1295 561 εὑρήσειν,
1343 493 1454 545 τῶν
1500 491 1739 559 ἀγαθῶν.

1842 500 2077 559 :epturos
2122 504 2179 543 se
2216 496 2553 559 exspectant.
2589 486 2719 541 Nam
2772 489 3140 558 quaerentibus
3162 493 3395 558 primum

159 581 285 633 δντι
310 583 525 635 πάντων
557 574 746 652 ταμῖᾳ..
784 582 891 635 Καὶ
942 584 1050 653 γὰρ
1094 583 1304 636 αἰτοῦσι
1355 581 1574 651 πρῶτον
1625 581 1722 649 τὴν

162 670 447 739 βασιλείαν
470 669 562 723 τοῦ
597 670 755 734 Θεοῦ,
785 671 879 726 τοῦ
901 671 1164 740 ἀψευδοῦς
1194 673 1513 740 ἐπαγγελία,
1544 672 1723 725 πάντα

160 760 338 816 τᾶλλα
387 764 791 833 ἀκολουθήσειν.
834 765 1009 833 ’Υπὲρ
1032 766 1241 818 τούτων
1287 765 1555 835 μερίμνης
1600 764 1724 825 τοὺς

162 855 323 923 αῦτῷ
352 858 784 924 προσκειμένους
820 860 849 910 δ
890 858 1080 927 Σωτὴρ
1115 859 1341 924 ἀπάγων
1374 858 1595 925 ἀπάσης
1631 872 1726 907 που

164 946 267 1000 λῦν
301 946 394 999 τοῦ
429 948 593 1016 νόμου
626 948 814 1001 τούτου
839 951 1072 1002 ποιεῖται
1102 951 1281 1017 λόγον,
1316 949 1403 1001 ῖνα
1432 965 1489 1001 τε
1517 948 1592 1015 μὴ
1619 946 1727 997 τῶν

166 1037 437 1106 μειζόνων
482 1040 893 1108 ἀποστερῶνται
917 1079 931 1100 ,
970 1041 1061 1093 καὶ
1099 1042 1179 1093 ὅτι
1215 1040 1399 1109 μάτην
1436 1042 1727 1091 κόπτονται

161 1128 570 1197 φροντίζοντες.
598 1122 673 1180 ὧν
713 1130 817 1197 πρὸ
850 1130 1027 1183 αὐτῶν
1071 1131 1264 1199 ἐκείνῳ
1294 1130 1538 1197 μελήσει.
1583 1129 1644 1181 ΕΙ
1673 1128 1729 1180 δὲ

160 1218 227 1271 τὸ
266 1222 538 1288 μεριμνᾷν
565 1220 705 1289 ὑπὲρ
738 1221 941 1273 τούτων
980 1222 1185 1290 ζημία,
1240 1222 1300 1274 τδ
1338 1222 1589 1275 ἀνιᾶσθαι
1627 1219 1729 1272 ποῦ

162 1311 433 1380 θήσομεν,
469 1312 497 1364 ὅ
533 1313 606 1382 μή
647 1315 805 1382 μόνον
855 1315 967 1366 ἐστὶ
1000 1313 1093 1367 τοῦ
1131 1313 1264 1366 Θεοῦ
1297 1317 1362 1384 τῇ
1407 1316 1593 1383 μνήμῃ
1632 1310 1731 1375 τὴν

138 1402 347 1469 ,ψυχὴν
386 1404 709 1469 ἀφεστάναι,
764 1405 898 1458 ἀλλὰ
946 1405 1041 1459 καὶ
1095 1408 1441 1461 παντάπασιν
1497 1405 1733 1461 ἐσκοτῶ-

166 1494 294 1545 σθαι
334 1495 428 1547 καὶ
472 1499 672 1565 τυφλὸν
729 1496 865 1549 εἶναι
914 1498 1007 1551 τὸν
1040 1499 1323 1569 λογισμὸν,
1371 1499 1447 1562 ὠς
1473 1501 1568 1552 καὶ
1599 1498 1733 1567 πρὸς

161 1584 383 1637 ὗλισθον
417 1588 758 1640 παντοδαπὸν
788 1591 1039 1644 ἐντεῦθεν
1066 1590 1306 1661 εὐχερῶς
1361 1591 1539 1660 ἔχεως
1590 1591 1734 1651 Νοῦς

162 1679 277 1744 γαρ
306 1680 525 1736 ἐπειδὰν
573 1680 781 1752 ἀθυμία
828 1684 1054 1752 κάτοχος
1086 1680 1163 1754 ᾖ,
1190 1682 1266 1752 τῷ
1312 1683 1588 1736 σεσεῖσθαι
1620 1682 1734 1743 τοῖς

163 1770 381 1822 ἐκεῖθεν
412 1769 637 1840 ἱλῐγγοις
664 1773 765 1827 καὶ,
785 1776 1139 1837 καταπεσεῖν,
1163 1775 1231 1828 τὰ
1262 1774 1572 1841 φαυλότατα
1599 1772 1733 1826 πάν-

1827 596 2054 650 reguum
2094 578 2211 639 Dei.
2241 593 2363 632 vera
2397 587 2479 634 est
2511 579 2798 648 promissio
2818 589 3009 634 caetera
3040 594 3233 634 cuncta
3268 598 3402 636 cono

1827 680 2121 741 sequenter
2164 671 2350 724 datum
2384 672 2469 723 iri.
2514 670 2690 737 Super
2726 672 2810 726 his
2848 673 2993 727 omni
3036 675 3400 730 sollicitudine

1827 762 2164 816 adherentes
2195 761 2296 816 sibi
2333 759 2580 815 Salvator
2626 778 2854 827 exuens,
2891 764 3122 817 multum
3172 764 3401 833 hujusce

1830 851 1963 921 legis
2014 851 2145 905 facil.
2174 852 2377 915 locum,
2408 867 2476 905 ne
2507 850 2826 906 melioribus
2856 853 3161 922 priventur,
3188 864 3241 908 et
3274 855 3401 923 quia

1829 944 2033 999 flustra
2080 944 2377 1012 fatigantur
2408 943 2627 997 solliciti
2656 944 2724 997 de
2756 944 2952 1013 quibus
2982 954 3109 998 ante
3150 946 3295 1015 ipsos
3324 946 3401 999 illi

1831 1050 1959 1087 cura
2009 1045 2111 1089 est.
2158 1033 2213 1086 Si
2268 1050 2397 1088 vero
2453 1035 2520 1089 de
2565 1035 2683 1089 istis
2738 1034 3163 1091 sollicitudinem
3205 1039 3405 1093 habere

1829 1128 2153 1182 damnosum
2194 1126 2298 1186 est.
2334 1128 2425 1181 ubi
2460 1127 2733 1181 tristitiam
2788 1143 3073 1196 ponemus,
3107 1132 3252 1198 quod
3299 1146 3403 1182 non

1831 1218 2005 1271 solum
2043 1226 2124 1270 est
2159 1217 2314 1279 aVDei
2354 1218 2727 1271 recordatione
2761 1227 2994 1272 mentem
3034 1220 3283 1283 alienari,
3313 1220 3404 1274 sed

1831 1308 2056 1362 omnino
2120 1309 2426 1371 obscurari,
2490 1326 2801 1379 ca‘eamque
2862 1312 3127 1365 rationem
3188 1312 3403 1374 habere,

1834 1398 1902 1452 ita
1937 1398 2077 1452 utad
2110 1400 2405 1467 quamlibet
2426 1402 2640 1465 ruinam
2667 1402 2858 1454 eximie
2886 1401 3061 1455 facilis
3080 1403 3148 1455 sit
3172 1401 3406 1459 descen-

1833 1490 1963 1544 sus?
1984 1488 2135 1545 Mens
2161 1492 2302 1544 enim
2332 1502 2623 1562 postquam
2647 1494 2815 1546 animi
2836 1494 3150 1561 dejectione
3171 1493 3401 1556 laborat,

1834 1580 1878 1632 si
1911 1580 2107 1634 exinde
2158 1580 2419 1651 vertigine
2452 1590 2691 1635 vexetur
2736 1594 2898 1647 atque
2946 1582 3181 1642 decidat,
3216 1581 3407 1634 miser-

1836 1671 1973 1723 rime
2000 1686 2061 1725 se
2095 1671 2286 1736 habet,
2313 1674 2420 1725 vim
2455 1687 2610 1727 suam
2634 1683 2684 1726 et
2716 1673 3030 1743 dignitatem
3060 1682 3113 1726 et
3144 1671 3405 1742 quidquid

1837 1761 1939 1816 sibi
1974 1762 2217 1817 innatum
2241 1773 2342 1829 est,
2376 1765 2531 1819 sicuti
2566 1765 2657 1833 qui
2693 1764 2970 1834 profundo
2999 1774 3285 1833 captantur
3321 1778 3410 1816 so-

159 1879 275 1915 των
304 1863 483 1933 ἑαυτῷ
530 1866 748 1935 χρῆται,
791 1867 891 1938 τὴν
943 1868 1040 1937 μὲν
1075 1869 1363 1935 ἐνέργειαν
1394 1867 1493 1937 τὴν
1537 1863 1728 1918 ἑαυτοῦ

1842 1868 1971 1922 pore
2004 1869 2125 1924 quae
2175 1855 2227 1908 in
2271 1856 2523 1910 manibus
2565 1864 2774 1921 tenent,
2805 1865 3054 1924 prompte
3094 1854 3407 1923 projiciens,

159 1956 260 2008 καὶ
292 1957 394 2022 τὴν
415 1956 569 2022 ἀξίαν
620 1958 851 2028 ἑτοίμως
885 1958 1026 2025 ἄγαν
1071 1958 1392 2028 προϊέμενος
1413 1958 1515 2010 ικαὶ
1551 1957 1579 2009 δ
1630 1957 1731 2007 πέσ

161 2063 330 2113 φυκε,
362 2047 613 2118 καθάπερ
664 2049 714 2101 οι
756 2048 952 2117 μακρῷ
985 2049 1137 2118 κάρῳ
1189 2049 1625 2118 κατασχεθέντες
1662 2046 1732 2099 τὰ

164 2138 228 2188 ὲν
250 2138 429 2207 χερσὶ,
462 2137 661 2190 πάθεσι
684 2137 738 2190 δὲ
763 2138 965 2208 ῥᾳδίως
997 2139 1162 2192 εἴκων
1185 2140 1530 2210 ἀνδραπόδων
1552 2139 1729 2203 δίκην,

162 2224 253 2289 οἷς
291 2229 600 2288 ἐπιτάττειν
633 2230 837 2290 δίκαιος
865 2225 935 2298 ἦν
956 2247 969 2263 ·
1006 2232 1100 2283 κει.)⁴
1125 2229 1300 2291 οὕτως
1324 2231 1476 2285 οὐδὲν
1511 2230 1732 2291 κωλύει,

163 2319 269 2389 τὴν
300 2319 477 2388 ψυχὴν
497 2318 810 2385 ἀποθανεῖν,
837 2322 1035 2391 μυρίας
1061 2320 1336 2374 λαϐοῦσαν
1362 2321 1601 2389 πληγὰς,
1625 2322 1735 2373 τῶν

166 2410 273 2480 μὶν
298 2411 393 2476 ἀφ’
428 2410 597 2479 ὕψους
638 2411 774 2480 αὐτῇ
808 2411 1193 2481 πολεμούντων
1229 2412 1442 2465 πολλῶν
1470 2412 1663 2470 ὄντων,
1700 2405 1734 2484 ᾗ

163 2502 336 2554 Δαοιδ
365 2500 511 2567 εἷπε,
547 2503 639 2555 τοῦ
668 2502 711 2554 δ’
743 2505 1110 2575 ἐπικουρῆσαι
1156 2506 1217 2557 οὐ
1271 2505 1591 2573 δυναμένου.
1636 2504 1735 2556 Διά

163 2594 328 2647 τοῦτο
370 2596 597 2658 Παῦλος,
625 2614 644 2647 ι
680 2597 745 2648 Ἦ
776 2596 944 2664 λύπη,
974 2599 1128 2665 φησὶ,
1152 2596 1245 2650 τοῦ
1276 2598 1478 2666 κόσμου
1504 2596 1737 2650 θάνατον

165 2686 610 2754 κατεργάζεται·
652 2706 670 2738 ι
717 2688 851 2755 πρὸς
902 2688 965 2758 δή
1013 2689 1187 2741 ταῦτα
1228 2689 1513 2759 βλέποντες
1552 2688 1599 2741 οἳ
1635 2704 1736 2739 πε-

171 2780 379 2845 ριεῖναι
434 2778 527 2831 καὶ
574 2777 673 2847 ζῇν
730 2779 912 2840 αὐτοῖς
953 2778 1238 2847 βούλονται
1278 2780 1377 2846 τὴν
1412 2779 1589 2849 ψυχὴν
1615 2820 1630 2845 ,
1675 2778 1735 2832 οὒ

165 2868 353 2935 λύπην
394 2867 658 2935 φεύγουσι
691 2870 871 2936 μόνον,
906 2870 1042 2923 ἀλλά
1070 2870 1167 2923 καὶ
1204 2870 1477 2939 μερίμνης
1506 2870 1735 2937 ἀπέχονᾳ

167 2977 288 3022 ται,
313 2958 595 3030 πόρρωθεν
619 2960 1015 3028 ἐκτρεπόμενοι
1044 2960 1103 3011 τὸ
1124 2961 1315 3015 κακόν.
1352 2961 1413 3013 Εἰ
1440 2960 1495 3013 δὲ
1527 2959 1737 3021 πολλοῖς

167 3052 283 3104 τῶν
324 3050 645 3113 σπουδαίων,
689 3051 901 3103 πόλεων
931 3053 1025 3104 καὶ
1057 3053 1342 3105 συνοικιῶν
1369 3050 1738 3119 ἐπιμελουμέ-

170 3157 309 3203 νοις,
359 3140 452 3193 καὶ
490 3140 830 3209 πραγμάτων
877 3140 1106 3210 ἀψεσθαι
1150 3141 1369 3217 (ξυνέϐη,
1414 3141 1548 3194 ἀλλά
1580 3140 1735 3211 μερῖ-
1766 3175 1810 3232 c

176 3249 343 3301 μναις
366 3231 517 3285 οὐδὲν
542 3232 744 3299 μᾶλλον
768 3235 1091 3302 προσέσχον,
1117 3232 1226 3285 οὐδ’
1239 3232 1537 3301 ἐξέστησεν
1564 3230 1740 3284 αὐτῶν

172 3322 272 3376 τοῦ
298 3322 697 3393 καθεστηκότος
745 3323 840 3376 τὸν
884 3323 1166 3393 λογισμόν.
1207 3324 1580 3394 Μεριμνῶμεν
1609 3322 1737 3393 γὰρ,

172 3412 419 3477 ἐπειδάν,
444 3415 573 3481 περὶ
594 3405 668 3466 ὧν
697 3413 968 3484 ζητοῦμεν
992 3415 1086 3467 καὶ
1109 3407 1185 3467 ῶν
1205 3415 1353 3477 ὅπως
1384 3414 1537 3468 ἔσται
1559 3416 1744 3483 τυχεῖν

176 3507 525 3575 σκοποῦμεν,
576 3504 711 3574 πρὸς
766 3507 939 3559 ταῦτα
994 3507 1162 3561 πόθον
1206 3508 1327 3560 τινὰ
1388 3507 1744 3576 κεκτημένοις

174 3598 371 3651 ἔπειτα
398 3599 601 3666 τυχεῖν,
652 3598 701 3649 ει
730 3598 931 3665 γένοιτ’
966 3598 1032 3652 ἀν
1061 3600 1195 3667 ήμῖν
1235 3593 1310 3651 ὧν
1338 3596 1742 3667 ἐπιθυμοῦμεν,

172 3690 373 3758 ἄδηλον
491 3688 678 3742 Ταῦτα
714 3689 822 3757 γάρ
852 3689 951 3760 τὴν
985 3690 1257 3761 μέριμναν
1287 3690 1606 3743 συνιστάναι
1653 3688 1745 3740 καὶ

174 3782 520 3836 κατατείνειν
548 3781 768 3843 δύναται
789 3782 889 3850 τὴν
909 3772 1106 3851 ψυχὴν,
1153 3782 1213 3834 τό
1229 3799 1289 3835 τε
1310 3784 1436 3853 περὶ
1466 3782 1526 3835 τὸ
1552 3782 1746 3851 ςητούο

176 3890 344 3946 μενον
359 3873 581 3941 φίλτρον
601 3874 659 3927 τό
678 3890 737 3926 τε
753 3891 817 3926 πε
829 3876 878 3942 pl.
910 3874 1006 3926 τοῦ
1045 3874 1230 3937 τέλους
1270 3875 1371 3943 τῆς
1406 3892 1472 3926 πε
1484 3875 1535 3943 pl
1577 3874 1742 3929 αὑτοῦ

174 3964 417 4031 σπουδῆς
445 3963 610 4033 μηδὲν
632 3963 830 4017 εἰδέναι
855 3966 1023 4030 σαφές
1045 3982 1056 3995 ·
1072 3965 1137 4018 ἀν
1153 3982 1212 4017 τε
1232 3965 1391 4035 γὰρῆ
1420 3959 1636 4033 περἰῶν
1659 3984 1747 4034 φι-

176 4061 271 4114 λοῦ
282 4077 381 4129 μεν
397 4059 552 4112 οὐδὲν
568 4058 819 4126 εἰδῶμεν,
843 4058 875 4128 ἢ
902 4060 1029 4127 περὶ
1046 4050 1121 4109 ὧν
1139 4058 1403 4125 φιλοῦμεν
1424 4059 1489 4111 τὰ
1513 4058 1633 4111 κατ’
1657 4059 1746 4110 εὑ-

172 4155 280 4223 γὴν
294 4152 546 4217 εἰδῶμεν,
569 4149 719 4202 οὐδὲν
734 4150 865 4221 ἡμῖν
882 4148 1141 4219 δυσχερὲς
1160 4149 1281 4202 οὐδὲ
1309 4150 1572 4217 μέριμνα,
1599 4148 1664 4201 ἄν
1684 4166 1743 4201 τε

174 4244 468 4312 ζητοῦντες
488 4243 516 4294 δ
539 4240 820 4310 φιλοῦμεν,
838 4240 911 4304 ὡς
941 4242 1001 4294 οὔ
1028 4240 1333 4310 ληψόμεθα,
1365 4241 1552 4309 σαφῶς
1591 4240 1746 4294 εἰδῶ-

179 4352 283 4403 μεν
331 4330 424 4384 τοῦ
453 4348 514 4400 με
527 4332 722 4400 ριμνᾷν
746 4329 921 4390 οὐδεὶς
946 4329 1332 4383 καταλείπεται
1365 4331 1550 4391 τόπος.
1579 4330 1745 4382 Οὐδε-

178 4422 281 4490 μία
309 4424 417 4492 γὰρ
435 4421 672 4474 ἐνταῦθα
690 4422 909 4489 φροντὶς
938 4422 1057 4473 οὐδὲ
1086 4422 1269 4491 φόϐος,
1292 4424 1347 4472 ἐν
1380 4418 1461 4483 οἷς
1482 4422 1622 4489 ὁτῆς
1645 4439 1744 4490 με-

1841 1942 1996 1997 facile
2040 1960 2171 1998 vero
2220 1946 2440 2011 cedens,
2496 1948 2779 2000 servorum
2832 1961 3008 2011 more,
3044 1945 3409 2013 passionibus.

1835 2035 2035 2102 quibus
2059 2036 2326 2103 imperare
2356 2052 2570 2106 aequum
2606 2047 2753 2103 erat;
2786 2046 2838 2090 et
2866 2037 2944 2089 sic
2978 2035 3109 2089 nihil
3134 2035 3407 2105 prohibet.

1835 2124 2129 2194 quominus
2159 2126 2359 2189 anima,
2399 2126 2541 2181 mille
2573 2126 2741 2195 plagis
2772 2126 3029 2195 acceptis,
3054 2134 3259 2195 pereat,
3285 2139 3407 2177 eum

1836 2215 1990 2268 multi
2041 2215 2257 2283 quidem
2297 2217 2426 2280 sint,
2464 2226 2521 2271 ut
2568 2216 2644 2270 ait
2671 2216 2862 2281 David,
2893 2220 3006 2287 qui
3036 2232 3105 2271 ex
3148 2216 3259 2270 alto
3306 2230 3411 2282 pu-

1836 2316 2002 2374 gnant
2025 2307 2291 2361 adversus
2318 2322 2458 2370 eam,
2498 2310 2678 2361 nullus
2710 2323 2840 2362 vero
2886 2307 2957 2363 sit
3003 2309 3095 2376 qui
3142 2305 3407 2359 auxilium

1838 2400 1981 2449 ferre
2003 2397 2193 2465 possit.
2227 2395 2351 2449 ideo
2381 2395 2605 2461 Paulus,
2663 2415 2681 2446 ι
2713 2395 2906 2451 S;eculi
2942 2395 3185 2457 tristitia,
3210 2392 3411 2459 inquit,

1839 2497 2067 2541 mortem
2135 2496 2409 2556 Operatur.
2462 2507 2481 2539 ι
2545 2488 2624 2542 Ad
2682 2504 2804 2557 quae
2867 2488 3265 2558 prospicientes
3318 2484 3413 2552 qui

1838 2594 2125 2647 superesse
2149 2580 2434 2649 vivereque
2460 2581 2559 2634 sibi
2589 2582 2777 2635 volunt
2807 2582 3073 2643 animam,
3101 2594 3205 2634 non
3234 2579 3410 2633 solum

1838 2670 2120 2725 tristitiam
2182 2670 2416 2740 fugiunt,
2476 2674 2567 2728 sed
2629 2674 2794 2728 etiam
2856 2674 3045 2744 procul
3106 2681 3415 2727 avertentes

1840 2764 2040 2817 malum
2065 2778 2091 2814 a
2123 2762 2484 2819 sollicitudine
2511 2765 2612 2819 sibi
2648 2776 2969 2834 prtecavent.
2992 2767 3048 2819 Si
3077 2779 3205 2820 vero
3231 2768 3415 2823 multis

1840 2855 2154 2923 proborum,
2199 2856 2413 2910 urbium
2449 2858 2879 2928 societatumque
2940 2874 3126 2912 curam
3199 2860 3403 2913 baben-

1840 2948 2010 3010 tihus,
2042 2948 2107 3000 ad
2147 2945 2359 3016 negotia
2387 2964 2610 3003 manum
2647 2952 2939 3005 admovere
2967 2966 3193 3018 necesse
3231 2951 3414 3013 fuerit,

1839 3038 1987 3091 curis
2019 3045 2200 3091 tamen
2238 3053 2344 3092 non
2382 3041 2553 3110 magis
2588 3040 2954 3105 indulserunt,
2992 3056 3092 3095 nec
3131 3041 3266 3111 ipsis
3313 3042 3417 3095 hoc

1841 3144 2010 3184 causa
2044 3127 2148 3183 fuit
2179 3139 2236 3183 ut
2262 3130 2331 3184 ab
2370 3141 2589 3186 assueta
2624 3132 2837 3186 ratione
2870 3132 3205 3187 recederent.
3254 3130 3414 3186 Solli-

1844 3218 1935 3272 citi
1978 3233 2215 3287 namque
2261 3235 2625 3281 sumus.ch
2666 3221 2808 3275 circa
2846 3236 2908 3274 ea
2960 3237 3079 3289 quae
3116 3221 3414 3291 quaerimus

1844 3321 1895 3361 et
1925 3309 2143 3363 modum
2181 3310 2459 3366 obtinendi
2492 3314 2861 3380 speculamur,
2896 3314 3131 3383 quodam
3164 3314 3415 3367 obtinen-

1843 3400 1896 3454 di
1924 3401 2196 3456 desiderio
2234 3414 2418 3469 postea
2463 3403 2698 3472 adjecto.
2733 3421 2800 3459 an
2842 3406 3003 3460 nobis
3038 3406 3259 3459 evenire
3295 3419 3421 3474 pos-

1846 3493 1958 3548 sint
1988 3509 2108 3563 qua:
2144 3494 2462 3563 quaerimus,
2501 3496 2765 3550 incertum
2809 3506 2910 3551 est.
2942 3496 3058 3552 Hoc
3086 3500 3230 3551 enim
3262 3498 3417 3552 exci-

1847 3592 1964 3639 tare
1990 3585 2411 3640 sollicitudinem
2434 3601 2499 3641 ac
2525 3587 2761 3641 animam
2784 3589 3014 3643 dilatare
3033 3598 3240 3659 potest;
3268 3591 3415 3659 quod

1846 3676 1989 3729 circa
2023 3676 2311 3745 quaesitum
2344 3675 2674 3732 desiderium
2721 3689 2774 3733 et
2804 3680 2963 3734 linem
2997 3681 3064 3735 de
3107 3682 3199 3735 illo
3229 3681 3417 3750 inqui-

1848 3767 2063 3822 sitionis
2094 3767 2229 3822 nihil
2278 3767 2568 3823 manifeste
2599 3781 2889 3826 noscatur:
2921 3770 3036 3827 sive
3078 3773 3229 3828 enim
3272 3774 3418 3828 circa

1846 3873 1934 3913 res
1952 3868 2162 3914 amatas
2188 3859 2321 3913 nihil
2343 3860 2644 3925 videamus,
2669 3870 2761 3915 aut
2793 3873 2999 3917 amatas
3022 3864 3272 3931 resjuxta
3296 3874 3417 3918 vota

1848 3952 2140 4005 succedere
2194 3953 2496 4016 videamus,
2550 3953 2683 4007 nihil
2749 3954 2908 4008 nobis
2961 3962 3045 4009 est
3102 3970 3418 4021 onerosum,

1849 4057 1948 4098 nec
2006 4043 2342 4108 sollicitudo,
2400 4046 2514 4100 sive
2593 4049 2898 4113 quaerentes
2949 4047 3092 4116 quod
3136 4062 3416 4110 amamus,

1847 4151 1950 4190 nos
1974 4153 2080 4190 non
2105 4138 2426 4191 obtenturus
2455 4136 2746 4191 manifeste
2768 4138 3030 4203 sciamus,
3058 4139 3418 4195 sollicitudini

1845 4227 1954 4297 jam
1991 4227 2175 4281 nullus
2211 4228 2541 4293 relinquitur
2581 4229 2754 4285 locus.
2795 4228 2889 4283 llic
2922 4230 3065 4284 enim
3108 4230 3252 4284 nulla
3287 4246 3418 4284 cura

1850 4320 2140 4389 nullusque
2179 4320 2365 4384 timo’r,
2401 4321 2492 4375 ubi
2526 4321 2675 4375 stetit
2704 4322 3086 4377 sollicitudinis
3132 4323 3417 4389 terminus,

1850 4410 1942 4468 sed
1971 4411 2310 4479 simpliciter,
2350 4412 2505 4480 quasi
2537 4413 2647 4477 jam
2690 4412 2905 4466 atiessot
2934 4412 3159 4474 malum,
3199 4413 3419 4469 tristitia

177 4515 384 4586 ρέμνης
403 4513 634 4581 ἕστηκεν
669 4513 813 4583 δρος.
832 4512 945 4566 ἀλλ’
969 4513 1208 4583 ἀτεχνῶς
1230 4513 1303 4577 ὡς
1329 4513 1427 4585 ήδη
1455 4514 1547 4566 τοῦ
1574 4514 1740 4567 κακοῦ

1853 4502 2026 4558 adest.
2053 4503 2229 4555 Porro
2263 4517 2387 4555 cum
2414 4519 2477 4556 ex
2505 4502 2609 4557 illis
2639 4519 2758 4572 quae
2793 4503 3214 4559 sollicitudinem
3255 4521 3423 4576 gene—

178 4608 453 4678 παρόντος
484 4605 630 4671 λύπη
660 4605 723 4657 τὸ
758 4605 961 4659 πάθος·
998 4605 1108 4657 τῶν
1139 4604 1202 4674 δὴ
1233 4606 1510 4675 μεριμνᾷν
1539 4604 1752 4657 ποιούν-

177 4717 288 4753 των
319 4698 431 4750 τῶν
476 4699 535 4750 ὲν
580 4694 803 4765 Χριστῷ
838 4695 1058 4759 ζώντων
1087 4695 1372 4766 οὐδετέρου
1407 4699 1526 4759 ταῖς
1549 4695 1752 4767 ψυχαῖς

179 4788 549 4861 ἐνοχλοῦντος,
590 4791 800 4859 ἀνάγκη
850 4790 958 4842 τῶν
989 4790 1096 4842 ἀπὸ
1122 4788 1222 4851 τῆς
1256 4789 1493 4860 μεριμνη
1554 4790 1751 4852 αὐτοὺς

176 4882 531 4954 ἀπηλλάχθαι
562 4880 772 4934 κακῶν.
813 4878 950 4933 Οὔτε
986 4879 1094 4950 γὰρ
1126 4879 1301 4932 οὐδενὶ
1346 4882 1750 4950 προστετήκασι

174 4976 288 5028 τῶν
334 4972 646 5041 παρόντων,
705 4972 799 5024 καὶ
851 4970 904 5024 εῑ
950 4987 1005 5022 τι
1053 4971 1190 5038 πρὸς
1233 4970 1333 5041 τὴν
1362 4971 1456 5023 τοῦ
1502 4972 1752 5039 σώματος

175 5062 508 5133 ἐργάζονται
542 5061 756 5131 χρείαν,
794 5060 857 5111 τὸ
902 5058 1056 5120 τέλος
1082 5058 1345 5111 ἑκάστοτε
1380 5059 1478 5126 τῆς
1515 5057 1751 5127 σπουδῆς

178 5158 330 5207 ἴσασι
360 5153 566 5222 τρόπον
602 5152 665 5219 δή
710 5166 869 5203 τιναο
903 5151 963 5203 “rb
996 5149 1103 5217 γὰρ
1149 5149 1226 5217 τῷ
1276 5149 1395 5219 Θεῷ
1426 5149 1615 5203 δοκοῦν
1637 5153 1752 5212 τοῖς

178 5246 366 5307 πόνοις
400 5242 651 5314 εὔχονται
678 5241 873 5312 πέρας.
909 5230 1025 5295 καῖ’
1054 5242 1130 5298 ὡς
1172 5244 1449 5312 ἀπατήσει
1489 5243 1556 5296 τὰ
1599 5244 1750 5312 παρὰ

176 5338 287 5391 τῶν
320 5336 498 5404 εὐχῶν
535 5332 754 5395 αὐτίκα,
789 5332 933 5402 μάλα
964 5333 1150 5398 σαφῶς
1184 5334 1540 5400 γινώσκουσι.
1576 5334 1751 5402 Μερι-

182 5426 365 5497 μνῷεν
398 5425 508 5493 γὰρ
538 5424 601 5478 ἂν
627 5424 658 5492 ἢ
684 5423 796 5475 τῶν
827 5424 1077 5491 πενήτων
1106 5424 1154 5475 οἲ
1187 5424 1395 5492 τρυφῆς
1425 5423 1753 5493 ἐπιθυμοῦν-

180 5535 271 5580 τες
322 5516 496 5585 μείζω
533 5514 643 5565 τῶν
696 5512 863 5565 ὄντων
925 5512 1026 5582 τὴν
1079 5512 1215 5581 πρὸς
1262 5514 1352 5564 τὸν
1383 5513 1497 5581 βίον
1527 5514 1749 5581 ζητοῦσι

178 5604 569 5676 παρασκευὴν,
601 5605 632 5673 ἢ
662 5605 770 5655 τῶν
816 5604 1192 5656 πλουτούντων
1222 5598 1301 5665 οἷς
1342 5606 1447 5671 πρὸ
1479 5605 1587 5656 τῶν
1618 5622 1750 5675 χρη-

182 5699 371 5767 μάτων
401 5696 578 5762 οὑδὲν,
610 5695 660 5747 οῖ
694 5695 965 5766 μενόντων
997 5714 1057 5749 τε
1088 5696 1216 5766 παρ’
1250 5697 1434 5759 αὐτοῖς
1463 5697 1746 5765 τρέμουσι,

184 5790 261 5859 μὴ
292 5788 532 5857 φυγόντα
566 5784 774 5839 λάθωσι
822 5788 912 5839 καὶ
940 5787 1319 5856 ἀναλουμένων
1361 5785 1606 5855 άλγοῦσι,
1642 5787 1747 5839 κᾶν

1854 4601 1977 4648 rant
2002 4602 2256 4649 neutrum
2288 4594 2489 4648 animis
2529 4594 2582 4648 in
2613 4594 2834 4649 Christo
2863 4596 3158 4649 viventium
3202 4598 3419 4650 turbam

1852 4694 2039 4749 creat,
2070 4698 2293 4739 necesse
2327 4692 2409 4738 est
2432 4695 2486 4737 ut
2519 4700 2548 4737 a
2583 4685 2849 4739 malorum
2880 4684 3248 4741 sollicitudine
3281 4686 3407 4740 libe-

1853 4786 2061 4831 rentur.
2097 4774 2241 4829 Nulli
2282 4776 2424 4829 enim
2460 4780 2806 4845 praesentium
2854 4778 3066 4832 fortiter
3122 4781 3419 4841 adhaerent,

1853 4872 1964 4925 imo
2014 4870 2057 4924 si
2097 4868 2226 4939 quid
2270 4869 2335 4921 ad
2381 4870 2626 4938 corporis
2681 4870 3057 4925 necessitatem
3107 4883 3419 4941 cperentur,

1854 4961 2017 5016 etudii
2071 4959 2232 5014 finem
2274 4975 2485 5029 semper
2515 4961 2712 5030 aliquo
2759 4963 2946 5015 saltem
3013 4963 3174 5017 modo
3215 4979 3421 5032 cogno-

1853 5063 2044 5107 scunt:
2078 5054 2221 5120 quod
2238 5051 2382 5105 enim
2424 5051 2532 5106 Deo
2576 5051 2969 5121 boneplaeitum
3003 5063 3106 5119 est,
3138 5054 3421 5109 laboribus

1853 5155 2111 5214 exoptant
2156 5158 2277 5198 esse
2332 5142 2514 5205 tinem,
2548 5153 2602 5196 et
2648 5158 2710 5197 ea
2742 5154 2862 5211 qua:
2905 5155 3034 5199 sunt
3063 5144 3114 5199 in
3155 5145 3295 5199 votis
3326 5148 3421 5199 de-

1852 5237 2088 5306 ceptioni
2116 5251 2237 5289 esse
2263 5236 2528 5304 subjecta,
2565 5236 2732 5304 probe
2755 5244 2981 5290 norunt.
3005 5236 3237 5291 Solliciti
3265 5237 3424 5305 quip-

1852 5346 1917 5398 pe
1944 5330 2119 5383 forent
2144 5329 2285 5382 circa
2317 5342 2602 5397 pauperes,
2621 5322 2712 5397 qui
2736 5327 2945 5383 deliciis
2968 5328 3135 5383 dediti
3158 5330 3421 5396 majorem

1853 5420 1918 5473 ad
1954 5419 2156 5473 victum
2202 5417 2560 5472 substantiam
2602 5428 2872 5487 quteruut,
2903 5428 2995 5471 aut
3038 5419 3183 5472 circa
3226 5419 3419 5472 divites

1852 5510 2054 5581 quibus
2091 5508 2224 5561 nihil
2249 5517 2333 5561 est
2360 5507 2534 5577 majus
2563 5509 2784 5573 divitiis,
2808 5508 2924 5578 qui,
2964 5509 3046 5563 his
3072 5509 3419 5562 manentibus

1852 5602 1994 5670 apud
2030 5602 2192 5668 ipsos.
2223 5606 2481 5660 tremunt,
2520 5614 2588 5651 ne
2627 5598 2865 5667 fugitiva
2897 5600 3165 5659 labantur,
3196 5609 3249 5651 et
3285 5613 3417 5652 con-

1853 5691 2103 5761 sumptis,
2130 5690 2332 5750 dolent,
2360 5689 2574 5743 etiamsi
2619 5689 2685 5743 ad
2711 5704 2774 5744 ea
2809 5705 2929 5759 quae
2960 5690 3197 5742 maxime
3224 5703 3416 5742 neces-

1852 5782 1995 5840 saria
2039 5792 2162 5839 sunt
2210 5781 2457 5851 eorpOri,
2496 5782 2785 5851 insumpta:
2841 5781 2967 5847 sint,
3014 5789 3067 5835 et
3115 5780 3418 5851 prensat-tim
