4140 6318
716 348 824 409 699

1939 352 2246 411 NlL‘tlLAl
2290 353 2682 412 CABASlLE

3863 347 3971 408 T‘lii

714 468 841 538 quia
879 466 1092 519 illarum
1126 464 1258 518 adeo
1292 474 1419 519 sunt
1451 475 1719 519 amatores
1754 477 1809 519 ut
1844 468 2054 526 malint,
2086 467 2281 520 exinde

2404 472 2467 533 ῑίς
2504 473 2536 524 ἂ
2560 472 2643 523 δεῖ
2673 473 2905 540 μάλιστα
2936 472 3011 541 τῷ
3040 472 3250 539 σώματι
3274 471 3580 530 δαπανῶσι,
3607 470 3699 521 καὶ
3727 469 3965 535 μάλιστα

714 560 922 613 tmllum
1000 559 1360 626 percipientes
1424 561 1794 621 commodum,
1850 575 2064 627 semper
2132 561 2281 611 intus

715 653 976 717 retinere,
1039 667 1200 719 quam
1279 651 1547 719 projicere
1618 653 1904 707 thesauros
1974 653 2040 705 ad
2097 652 2285 720 acqui-

714 739 879 792 rouda
964 744 1271 794 necessaria
1302 780 1315 802 ,
1348 743 1544 795 deinde
1591 743 1731 811 quod
1780 744 1991 806 timent,
2042 758 2107 796 ne
2150 745 2283 811 ipsis

714 833 766 884 in
798 847 997 884 vanum
1036 833 1105 885 sit
1130 847 1451 901 expensum,
1495 834 1559 887 de
1606 835 1854 889 labomm
1907 837 2011 890 line
2061 838 2285 891 minime

712 925 925 987 conﬁsi,
951 926 1216 991 siquidem
1241 942 1271 979 ε
1305 943 1461 980 manu
1492 927 1581 981 Dei
1613 945 1761 996 spem
1802 931 2059 998 pendere,
2111 941 2287 985 stante

716 1010 977 1082 ﬁrmaque
1026 1029 1103 1077 re,
1149 1031 1253 1069 non
1302 1029 1518 1079 curant,
1560 1020 1652 1071 sed
1699 1020 1749 1072 in
1794 1020 1879 1074 bis
1924 1038 2042 1085 quae
2091 1031 2280 1089 agunt,

715 1102 1068 1170 sibimetipsis
1109 1106 1337 1173 suisque
1370 1109 1793 1175 cogitatioctibus
1823 1111 2048 1163 omnino
2081 1110 2282 1174 ﬁdunt;

721 1212 737 1242 ι
778 1209 919 1261 quas,
955 1195 1133 1264 iuqttit
1177 1198 1455 1263 Salomon,
1494 1200 1698 1253 timida:
1726 1208 1853 1254 sunt
1896 1210 1949 1253 et
1987 1204 2227 1255 incertae.
2262 1219 2280 1252 ι

688 1283 830 1339 ‘lllis
878 1296 1059 1340 autem
1106 1290 1197 1348 qui
1262 1305 1454 1345 omnes
1524 1293 1756 1346 oderunt
1824 1294 2069 1356 delicias,
2103 1295 2284 1347 omnia

715 1376 948 1429 visibilia
996 1378 1326 1447 despiciunt,
1362 1383 1607 1435 omnium
1648 1398 1769 1453 qua:
1799 1400 1899 1453 pro
1929 1384 2287 1454 sibimetipsis

716 1466 800 1519 vel
853 1468 975 1521 aliis
1043 1470 1520 1531 laciunt.lucerna
1568 1478 1944 1531 mandatorum
2003 1476 2289 1541 Dei,velut

715 1557 871 1623 duce,
899 1570 1162 1624 utuntur,
1222 1564 1406 1617 omnia
1464 1574 1795 1633 postponunt
1842 1572 1981 1635 spei.
2016 1586 2178 1634 quam
2235 1572 2285 1623 in

715 1648 839 1717 ipso
870 1652 1089 1715 habent,
1115 1655 1255 1721 quod
1290 1657 1438 1709 utilia
1484 1658 1616 1727 ipsis
1657 1670 1964 1722 occurrant,
1986 1676 2105 1728 qua!
2133 1663 2286 1717 solli-

2392 563 2491 630 μὲν
2527 564 2603 623 ὡς
2632 564 2696 615 ἂν
2744 565 2926 615 αὐτῶν
2961 564 3173 624 ἀτόπως
3217 562 3473 630 ἐρῶντες,
3506 560 3588 612 ῶσ
3604 578 3651 611 τε
3699 559 3963 628 βούλοεντ¹

2389 655 2458 707 ἂν
2519 655 2718 723 μᾶλλον
2777 656 2943 723 μηδὲν
3001 655 3209 705 ἐκεῖθεν
3263 653 3678 720 ὠτρελουμένους
3728 652 3823 701 τὸν
3882 650 3961 699 ἀεὶ

2388 747 2583 815 χρόνον
2619 747 2765 797 ἔνδον
2796 748 3070 812 κατέχειν,
3102 745 3133 813 ἢ
3166 746 3525 813 προϊεμένους
3559 742 3593 795 ἃ
3621 743 3704 793 δεῖ
3742 742 3957 805 κερδαί-

2388 854 2501 889 νειν
2532 838 2638 888 τῶν
2679 838 2990 904 θησαυρῶν,
3045 836 3218 888 ἔπειθ’
3258 838 3339 887 ὅτι
3389 835 3515 901 περὶ
3561 834 3663 901 τῆς
3712 832 3963 895 δαπάνης

2389 930 2684 989 δεδοίκασι,
2722 929 2795 998 μὴ
2831 930 3007 997 μάτην
3039 930 3224 987 αὐτοῖς
3251 922 3306 996 ᾖ,
3341 927 3469 994 περὶ
3495 924 3589 977 τοῦ
3636 924 3747 976 τῶν
3792 924 3965 973 πόνων

2388 1022 2580 1084 τέλους
2626 1023 2832 1089 ἥκιστα
2894 1020 3119 1090 θαρῥεῖν
3169 1019 3514 1085 δυναμένοις,
3571 1017 3697 1068 ἐπεὶ
3754 1014 3832 1081 μὴ
3870 1013 3967 1079 τῆς

2389 1113 2483 1167 τοῦ
2512 1113 2645 1164 Θεοῦ
2682 1114 2864 1181 χειρὸς
2915 1114 3012 1172 τὰς
3054 1111 3273 1169 ἐλπίδας
3320 1107 3551 1175 ἐξῆψαν,
3588 1106 3831 1165 ἑστῶτος
3876 1106 3970 1154 καὶ

2392 1205 2612 1274 βεϐαίου
2646 1206 2991 1273 πράγματος,
3034 1201 3149 1253 ἀλλ’
3195 1202 3409 1261 ἑαυτοῖς
3457 1199 3550 1251 καὶ
3601 1199 3717 1257 τοῖς
3758 1196 3967 1247 ἑαυτῶν

2388 1295 2693 1363 λογισμοῖς,
2725 1298 2783 1347 ὲν
2810 1288 2891 1354 οἷς
2921 1294 3241 1361 πράττουσι,
3278 1291 3336 1343 τὸ
3367 1292 3473 1342 πᾶν
3521 1289 3926 1357 ἐπιτρέπουσιν
3950 1301 3962 1313 °

2388 1390 2437 1442 οἳ
2472 1408 2491 1439 ι
2525 1388 2689 1440 δειλοί
2715 1387 2774 1439 τέ
2814 1389 2918 1438 εἰσι
2958 1387 3051 1437 καὶ
3078 1384 3421 1451 ἐπισφαλεῖς,
3457 1400 3476 1432 ι
3500 1382 3635 1450 φησὶ
3666 1381 3924 1447 Σολομῶν
3951 1397 3963 1408 ·

2390 1480 2623 1538 ἐκείνοις
2655 1477 2709 1529 δὲ
2745 1479 2925 1529 πᾶσαν
2961 1476 3061 1543 μὲν
3107 1474 3321 1543 τρυφὴν
3378 1469 3619 1540 μισοῦσι,
3654 1470 3883 1521 πάντων
3912 1468 3967 1519 δὲ

2389 1570 2497 1621 τῶν
2533 1569 2829 1637 ὁρωμένων
2863 1567 3195 1636 ὑπερορῶσι,
3239 1563 3463 1616 πάντων
3491 1562 3547 1615 δὲ
3580 1557 3657 1615 ὧν
3694 1562 3914 1617 ἑαυτοῖξ
3942 1561 3971 1624 ἢ

2390 1663 2521 1731 περὶ
2552 1662 2661 1713 τῶν
2713 1661 2892 1713 ἄλλων
2922 1658 3167 1719 πονοῦσι,
3216 1658 3293 1725 τῷ
3321 1657 3502 1723 λύχνῳ
3531 1655 3643 1705 τῶν
3694 1654 3794 1705 τοῦ
3836 1650 3973 1704 Θεοῦ

715 1742 975 1797 citudinis
1024 1747 1321 1800 necessitas
1361 1748 1493 1801 TAd
1554 1750 1682 1818 quid
1753 1751 1900 1803 anxii
1951 1761 2133 1806 essent
2186 1769 2286 1822 pro

2404 1754 2576 1819 νόμων
2606 1753 2839 1821 ἡγεμόνι
2865 1750 3207 1819 χρωμένοις,
3255 1747 3394 1814 μετά
3435 1747 3493 1798 δὲ
3540 1744 3641 1811 τῆς
3685 1745 3767 1803 είς
3816 1742 3976 1793 αὑτὸν

717 1833 879 1889 rebus
933 1850 1073 1904 quas
1112 1837 1224 1906 jam
1282 1838 1420 1893 bene
1473 1840 1809 1908 compositas
1858 1844 2285 1898 noscunt2Non

716 1925 863 1979 enim
920 1926 1080 1982 ﬁnem
1150 1930 1263 1983 suis
1313 1931 1511 1987 studiis
1571 1948 1996 2001 consequentem
2047 1936 2292 1991 absolute

718 2030 990 2087 quaerunt,
1047 2021 1140 2075 sed
1190 2020 1325 2073 illud
1382 2024 1524 2090 quod
1592 2027 1759 2092 possit
1806 2027 1937 2080 utile
1988 2042 2128 2091 esse,
2194 2044 2294 2083 nec

716 2118 1097 2167 exspectantes
1127 2112 1349 2167 solliciti
1378 2122 1530 2175 sunt,
1557 2114 1691 2168 bene
1719 2117 1954 2169 scientes
1986 2132 2042 2171 se
2068 2118 2135 2170 ad
2171 2130 2291 2172 vota

720 2206 1114 2265 perventuros;
1158 2200 1413 2270 quodque
1452 2204 1698 2257 occurrit
1736 2213 1919 2257 amant
1954 2216 2012 2257 ut
2047 2207 2292 2261 omnium

721 2290 1098 2357 utilissimum,
1152 2293 1256 2347 hoc
1292 2294 1467 2361 ipsum
1501 2296 1643 2363 quod
1676 2307 1999 2365 rogaveram
2028 2314 2149 2353 esse
2182 2314 2298 2353 cre-

720 2381 929 2437 dentes.
963 2383 1029 2437 Et
1049 2385 1272 2438 omnino
1298 2387 1442 2439 sicut
1473 2388 1795 2452 viatoribus,
1842 2400 2130 2457 postquam
2192 2392 2296 2442 du-

721 2483 927 2526 ctorem
949 2475 1079 2541 ipsis
1106 2485 1309 2529 rectam
1334 2477 1497 2530 vitam
1520 2486 1913 2531 monstrantem
1942 2480 2293 2541 invenerunt,

722 2576 791 2616 ne
845 2574 1026 2618 errent
1081 2567 1262 2621 nullus
1304 2582 1426 2621 esse
1470 2577 1645 2636 potest
1684 2572 1864 2632 timor,
1893 2585 1991 2624 nec
2040 2572 2175 2639 ipsis
2216 2582 2299 2625 est

722 2655 791 2709 de
819 2658 1132 2713 deversorio
1158 2660 1266 2713 ulla
1302 2674 1465 2723 cura;
1508 2660 1573 2712 ad
1612 2661 1862 2713 eumdem
1898 2662 2116 2714 modum
2154 2672 2206 2716 et
2247 2664 2295 2717 ei

722 2749 817 2818 qui
840 2749 1021 2803 omnia
1052 2758 1225 2817 potest
1248 2750 1313 2803 de
1334 2751 1447 2819 ipso
1471 2765 1633 2805 curas
1654 2751 2075 2816 committentes,
2098 2764 2297 2807 etcum

724 2840 900 2893 solum
948 2840 1071 2893 vita
1121 2840 1407 2908 victusque
1456 2843 1737 2909 pratsidem
1762 2846 2303 2909 assumentes,asol-

726 2928 1007 2981 licitudine
1054 2929 1279 2982 liberant
1317 2929 1416 2997 ipsi
1445 2930 1646 2983 habent
1693 2933 1965 2996 animam;
2016 2943 2075 2987 ut
2128 2936 2301 2989 solius

729 3032 855 3071 vere
875 3018 1000 3072 boni
1025 3019 1235 3073 ratione
1264 3019 1470 3085 habita,
1497 3035 1617 3090 quae
1654 3020 1863 3075 Domini
1912 3033 2037 3077 sunt
2081 3034 2294 3088 curent,

2393 1844 2609 1907 ἐλπίδος
2639 1844 2817 1896 παντα
2852 1840 3088 1901 ποιοῦσι,
3114 1839 3189 1902 ὡς
3219 1838 3281 1889 τὸ
3307 1839 3551 1887 συνοῖσον
3582 1834 3772 1894 αὐτοῖς
3805 1834 3972 1883 ἀπαν-

2393 1938 2573 2005 τήσει,
2623 1934 2707 1994 τίς
2757 1933 2975 1999 ἀνάγκη
3017 1931 3328 1999 μερίμνηςς
3378 1926 3495 1980 ἀνθ’
3530 1928 3654 1978 ὅτου
3694 1928 3752 1978 δὲ
3799 1928 3967 1994 ἀγρύ-

2396 2030 2681 2092 πνήσουσι,
2746 2026 2876 2093 περὶ
2902 2018 2978 2076 ὧν
3028 2022 3104 2086 ὡς
3146 2023 3247 2093 ἠδη
3300 2020 3760 2090 κατωρθωμένων
3814 2018 3975 2086 γινώ-

2396 2134 2652 2180 σκουσιν;
2688 2115 2763 2168 Οὐ
2789 2114 2899 2184 γὰρ
2929 2115 2988 2165 τὸ
3020 2116 3143 2175 ταῖς
3184 2113 3448 2172 σπουδαῖς
3484 2112 3780 2163 ἀκόλουθον
3826 2112 3979 2172 τέλος

2396 2210 2461 2262 ὲκ
2495 2208 2695 2267 παντὸς
2720 2208 2924 2275 τρόπον
2957 2206 3275 2275 ζητοῦντες,
3308 2203 3423 2256 ἀλλ’
3454 2206 3592 2271 ὅπερ
3619 2202 3687 2255 ἂν
3722 2204 3983 2269 συνενέγ-

2396 2298 2647 2363 κοι,οὕτε
2683 2300 2971 2367 μέλλοντες
3005 2299 3343 2366 μεριμνῶσι.
3375 2297 3519 2366 μάλα
3553 2295 3745 2362 σαφῶς
3774 2296 3983 2357 εἰδότες

2395 2393 2475 2445 ὅτι
2508 2390 2790 2453 τεύξονται
2820 2390 2931 2441 τῶν
2962 2389 3161 2456 εὐχῶν,
3184 2390 3281 2440 καὶ
3310 2389 3635 2456 στέργουσιν
3663 2389 3982 2453 ἀπαντήσει

2397 2482 2457 2532 τὸ
2485 2482 2703 2533 πάντων
2746 2479 3203 2531 λυσιτελέστατον
3238 2478 3331 2529 καὶ
3364 2478 3502 2545 ὅπερ
3542 2475 3803 2544 ηὔξαντο,
3838 2476 3982 2527 τοῦτ’

2399 2572 2530 2625 αὐτὸ
2559 2572 2912 2629 πιστεύοντες
2966 2566 3129 2622 εἴναι.
3165 2570 3275 2621 Καὶ
3308 2568 3445 2630 ὅλως
3487 2569 3741 2633 καθάπερ
3771 2569 3984 2619 ὁδοιπό-

2404 2680 2536 2733 ροις,
2568 2662 2787 2714 ὲπειδάν
2820 2658 3041 2727 ἀγωγοῦ
3068 2660 3327 2729 τύχωσιν.
3360 2659 3617 2729 ἡγεῖσθαι
3654 2660 3840 2721 καλῶς
3886 2660 3983 2710 αὖα

2398 2757 2509 2816 τοῖς
2536 2748 2594 2807 οἶ
2624 2754 2704 2806 δεῖ
2729 2752 2973 2820 βαδίζειν
3016 2752 3411 2821 ἐπισταμένου,
3450 2751 3661 2820 πλάνης
3690 2752 3876 2812 ούδεῖς
3916 2754 3983 2805 ἂν

2400 2848 2614 2915 γένοιτο
2648 2846 2838 2912 φόϐος,
2880 2845 2991 2897 οὐδ’
3023 2846 3140 2897 ἔστι
3183 2843 3314 2913 περὶ
3343 2842 3435 2894 τοῦ
3466 2842 3857 2911 καταλύματος
3889 2844 3989 2894 af:-

2400 2940 2513 2998 τοῖς
2545 2938 2765 3005 φροντὶς
2796 2935 3045 3001 οὐδεμία,
3077 2933 3171 2985 τὸν
3206 2932 3320 2983 ἴσον
3346 2932 3553 2999 τρόπον
3586 2933 3681 2984 καὶ
3716 2934 3884 2983 αὐτοὶ
3915 2932 3990 3000 τῷ

2404 3030 2583 3082 πάντα
2626 3027 2681 3080 δὲ
2730 3025 3015 3094 δυναμένῳ
3058 3024 3168 3077 τῶν
3203 3024 3330 3091 περὶ
3360 3022 3525 3076 αὑτοῦ
3559 3022 3871 3091 φροντίδων
3904 3026 3992 3074 ὲκ-

728 3118 785 3163 et
838 3110 1062 3163 timeant
1112 3110 1465 3166 eteDomini
1524 3116 1791 3168 sententia
1839 3116 2135 3183 patiantur.
2206 3115 2299 3170 Hic

2408 3121 2635 3180 στάντες
2671 3121 2768 3172 καὶ
2792 3116 2984 3169 τοῦτον
3016 3115 3132 3183 βίου
3160 3114 3254 3168 καὶ
3293 3114 3394 3181 τῆς
3424 3115 3553 3182 περὶ
3589 3113 3779 3165 τοῦτον
3818 3131 3995 3165 σπου-

726 3202 873 3255 enim
906 3215 1013 3255 non
1045 3202 1401 3269 sibimetipsis
1430 3213 1663 3271 tantum,
1684 3205 1777 3261 sed
1804 3208 1966 3261 etiam
1998 3208 2120 3261 aliis
2142 3210 2300 3264 utiles

728 3293 1015 3347 constituti
1062 3302 1225 3359 sunt;
1261 3300 1314 3348 et
1367 3295 1421 3349 in
1464 3296 1569 3350 hoc
1622 3296 1821 3363 aliquis
1872 3298 2060 3351 mirari
2109 3301 2305 3367 poterit

730 3383 823 3437 Dei
855 3386 1334 3456 bonitatem,quod
1371 3387 1417 3441 si
1451 3389 1757 3452 nemo,alio
1811 3392 2135 3445 medicinam
2184 3408 2305 3448 sor-

734 3480 912 3545 bente,
950 3480 1199 3534 morbum
1244 3482 1413 3536 vitare
1454 3493 1641 3551 queat,
1670 3498 1700 3536 a
1745 3483 2049 3538 rationibus
2078 3484 2307 3539 redden-

734 3573 817 3627 dis
844 3572 952 3633 ille,
979 3573 1308 3649 patientibus
1341 3573 1485 3635 aliis,
1505 3576 1639 3628 solvi
1676 3577 1870 3643 possit.

2403 3211 2499 3278 δῆς
2537 3209 2980 3278 προστησάμενοι
3015 3204 3198 3272 μόνον,
3244 3204 3519 3273 μερίμνης
3548 3204 3701 3257 αὐτοὶ
3732 3204 3997 3271 καθαραν

2406 3301 2589 3371 ἔχουσι
2621 3301 2721 3367 τὴν
2750 3298 2927 3367 ψυχήν
2948 3310 2963 3324 ’
2986 3295 3073 3348 ἵνα
3101 3294 3195 3347 τοῦ
3214 3293 3291 3357 ὡς
3323 3293 3544 3362 ἀληθῶς
3568 3293 3783 3359 ἀγαθοῦ
3817 3294 3998 3361 μόνου

2408 3391 2722 3459 ποιούμενοι
2760 3388 2916 3453 λόγον
2944 3387 3012 3439 τά
3045 3386 3253 3452 Κυρίου
3281 3384 3645 3453 μεριμνῶσιν,
3676 3383 3811 3436 ὥσθ’
3851 3387 4001 3453 ὑπὲρ

2412 3486 2588 3553 μόνων
2616 3482 2722 3533 τῶν
2757 3479 2952 3548 ἐκείνῳ
2983 3476 3307 3536 δοκούντων,
3345 3475 3412 3527 ἀν
3436 3493 3489 3527 τι
3515 3476 3632 3544 δὲῃ,
3675 3475 4000 3542 φοϐηθῆναι

2406 3578 2503 3629 καὶ
2537 3572 2719 3625 ὁτιοῦν
2750 3572 2990 3623 τοιοῦτον
3027 3569 3243 3621 παθεῖν.
3286 3565 3555 3619 Ἐνταῦθα
3584 3565 3691 3635 γὰρ
3723 3566 3825 3635 οὐχ
3865 3568 3972 3620 ὲαυ
3992 3598 4003 3603 -

728 3669 843 3729 τοῖς
872 3666 1051 3734 μόνον,
1080 3648 1213 3719 ἀλλὰ
1239 3668 1463 3729 καὶτοῖς
1488 3667 1669 3731 ἄλλοις
1696 3669 1993 3734 λυσιτελεῖς
2024 3672 2356 3726 καθεστᾶσιν
2431 3670 2459 3722 ὃ
2490 3670 2583 3723 καλ⁵
2604 3648 2894 3735 θαυμάσαι
2934 3682 3018 3727 τις
3042 3665 3109 3717 ἂν
3142 3664 3239 3733 τῆς
3299 3664 3395 3718 τοῦ
3466 3664 3605 3717 Θεοῦ
3680 3668 4006 3734 χρηστότη-

730 3777 846 3823 τος,
883 3761 930 3815 εί
974 3758 1129 3810 νόσον
1166 3760 1263 3827 μὲν
1313 3759 1489 3821 οὐδεὶς
1511 3760 1578 3813 ἂν
1611 3761 1771 3829 φύγοι
1801 3766 1860 3815 τὸ
1891 3765 2182 3833 φάρμακον
2221 3766 2383 3819 ἀλλον
2436 3766 2703 3823 πίνοντος,
2734 3759 2965 3827 εὐθύνης
2992 3758 3047 3809 δὲ
3086 3757 3253 3810 λύοιτ’
3278 3757 3345 3810 ἂν
3394 3758 3701 3824 ἀλγούντων
3758 3759 4001 3829 ἑτέρων.

801 3851 955 3917 Quod
988 3852 1205 3919 quidem
1241 3852 1530 3907 contriStat
1584 3853 1638 3906 in
1668 3854 1887 3909 Christo
1908 3861 2089 3911 vivere
2116 3858 2292 3915 volen-

736 3954 836 4008 tes,
896 3958 960 3998 ex
1009 3944 1170 3996 dictis
1218 3941 1563 3995 manifestum
1621 3955 1705 3998 est
1734 3964 1747 3998 :
1778 3946 2051 4013 quomodo
2084 3963 2211 4000 vero
2243 3957 2297 4000 et

733 4034 934 4102 quibus
989 4034 1245 4087 adhibitis
1293 4032 1611 4097 rationibus,
1670 4051 1815 4089 nunc
1858 4037 2037 4092 dicere
2111 4045 2297 4093 resta‘t.

734 4126 850 4181 Non
902 4143 1090 4180 omnes
1133 4134 1351 4197 propter
1400 4128 1585 4182 eadem
1614 4128 1681 4181 de
1715 4142 1938 4197 peccato
1964 4132 2170 4197 dolent,
2205 4133 2299 4185 sed

734 4220 995 4288 quosdam
1039 4222 1104 4274 ad
1166 4223 1429 4293 Iaerymas
1461 4222 1662 4279 inducit
1694 4224 1921 4286 vanitas,
1953 4223 2211 4291 quoniam
2239 4240 2297 4278 se

738 4313 990 4367 maximis
1061 4315 1219 4367 donis
1269 4315 1459 4383 dignos
1522 4313 1829 4383 iudicantes
1862 4322 2095 4381 ,praater
2151 4330 2301 4383 spem

735 4418 923 4472 agunt,
968 4418 1019 4460 et
1049 4406 1184 4475 ipsis
1223 4416 1305 4461 est
1335 4408 1661 4475 deploranda
1694 4406 2037 4475 prtemiorum
2063 4408 2299 4477 jactura;

2482 3857 2546 3907 Ὀ
2578 3854 2675 3923 μὲν
2708 3851 2800 3903 οῦν
2832 3852 2959 3920 ἀνιᾷ
2991 3850 3120 3912 τοὺς
3140 3851 3196 3902 ὲν
3226 3850 3444 3921 Χριστῷ
3473 3850 3572 3919 ζῇν
3597 3849 3999 3920 βουλομένους.

2407 3945 2639 4016 φανερὸν
2681 3947 2743 3996 ὲκ
2779 3942 2886 3995 τῶν
2915 3942 3227 4012 εἰρημένων
3315 3943 3433 4006 πῶς
3467 3942 3523 3995 δὲ
3570 3944 3662 3994 καὶ
3700 3943 3811 3995 τίσι
3849 3963 4005 4015 χρω-

2410 4037 2601 4107 μένους
2632 4036 2741 4095 τοῖς
2787 4034 3094 4099 λογισμοῖς,
3152 4035 3473 4101 προσθεῖναι
3526 4034 3734 4089 λοιπόν,
3779 4036 3860 4087 Οὐ
3900 4038 4003 4104 μὲν

2406 4128 2515 4179 τῶν
2546 4126 2726 4179 αὐτῶν
2756 4125 2921 4176 ἕνεκα
2953 4126 3155 4186 πάντες
3186 4127 3312 4189 περὶ
3358 4126 3452 4191 τῆς
3485 4127 3761 4194 ἁμαρτίας
3789 4128 3999 4195 ἀλγοῦ-

2405 4234 2509 4279 σιν,
2551 4218 2685 4269 ἀλλά
2718 4216 2841 4277 τοὺς
2878 4215 2975 4282 μὲν
3003 4215 3264 4282 δακρύειν
3315 4215 3605 4279 ἀλαζονεία
3671 4219 3729 4270 τὺ
3775 4222 3993 4282 πεῖθον,

2410 4312 2491 4364 ὅτι
2523 4311 2631 4362 τῶν
2664 4309 2938 4379 μεγίστων
2971 4309 3109 4375 σφᾶς
3139 4309 3337 4371 αὐτοὺς
3381 4308 3663 4373 ἀξιοῦντες
3713 4314 3871 4377 παρὰ
3903 4316 4001 4375 τάς

2409 4406 2628 4466 ἐλπίδας
2671 4404 2997 4473 πράττουσι,
3047 4405 3158 4465 τοῖς
3204 4402 3259 4455 δὲ
3309 4405 3534 4471 ἀνιαρὸν
3578 4405 3611 4472 ἠ
3664 4403 3775 4455 τῶν
3811 4405 3999 4457 ἄθλων

740 4499 1009 4566 plerisque
1048 4514 1178 4554 vero
1242 4501 1471 4553 rationis
1530 4502 1815 4554 reddenda
1868 4512 2045 4555 metus
2096 4504 2299 4567 subest;

2407 4494 2559 4565 οἶμαι
2592 4496 2765 4563 ζημία
2844 4495 2956 4555 τοῖς
2998 4493 3205 4545 πλείοσι
3250 4494 3306 4546 δὲ
3336 4496 3363 4544 ὁ
3394 4492 3495 4559 τῆς
3532 4492 3766 4562 εὐθύνης
3803 4496 3997 4559 φόϐος,

739 4603 771 4641 o
797 4590 979 4642 nnium
1005 4600 1182 4645 autem
1210 4592 1425 4659 optimis
1448 4606 1599 4645 amor
1632 4608 1757 4663 erga
1790 4592 2152 4659 legislatorem
2204 4594 2306 4645 mi-

739 4697 915 4737 semm
940 4680 1067 4735 facit
1090 4681 1263 4749 legum
1303 4686 1809 4751 transgressionem.
1839 4684 2306 4747 Quemadmodum

739 4776 883 4829 enim
916 4775 1057 4828 inter
1120 4784 1298 4831 rectos
1337 4777 1597 4842 optimam
1642 4777 1838 4831 habent
1864 4778 2072 4831 ordinis
2107 4787 2309 4846 partem

745 4865 821 4918 illi
858 4882 996 4934 quos
1051 4881 1150 4918 nec
1189 4867 1456 4920 malorum
1515 4867 1695 4928 timor,
1731 4881 1829 4921 nec
1885 4883 2006 4935 spes
2065 4868 2314 4935 praemio-

744 4973 909 5022 rum,
944 4956 1037 5011 sed
1091 4957 1237 5012 solus
1299 4959 1389 5013 Dei
1442 4972 1594 5011 amor
1648 4959 1901 5013 virtutem
1937 4974 2056 5012 cum
2120 4959 2316 5012 sudore

741 5064 997 5105 exercere
1058 5050 1458 5110 ltortatur,sic
1520 5051 1659 5103 inter
1722 5061 2034 5118 peccatOres
2100 5061 2318 5119 ιινυιοιυν

746 5152 968 5211 peccata
1010 5151 1229 5196 vexatos
1279 5142 1375 5205 illi,
1441 5143 1639 5211 quibus
1703 5142 1881 5195 luctus
1932 5142 2021 5195 Dei
2080 5158 2316 5195 amorem

746 5236 996 5298 exacuit,
1039 5234 1282 5287 omnium
1328 5243 1453 5288 sunt
1497 5234 1705 5302 uptimi.
1764 5233 1857 5287 lsti
1892 5248 2125 5302 namque
2193 5234 2322 5287 sibi-

749 5325 993 5394 metipsis
1025 5325 1263 5379 dolorem
1296 5336 1547 5395 generant
1576 5336 1627 5381 et
1658 5326 1798 5379 ultro
1829 5326 1997 5379 dolori
2027 5325 2320 5393 indulgvnt,

752 5434 804 5474 ι·ι
830 5421 955 5490 quia
1015 5421 1334 5486 semctipsos
1380 5429 1565 5472 amant
1605 5462 1619 5485 ,
1653 5420 2062 5489 lacrymantur:
2103 5422 2200 5470 bos
2230 5436 2324 5469 an-

753 5520 859 5565 tem
920 5508 1010 5577 qui
1040 5517 1220 5560 Inovct
1280 5507 1395 5577 ipse
1427 5508 1565 5563 Detts
1630 5520 1711 5561 est
1746 5526 1757 5562 :
1791 5508 1930 5561 unde
1974 5522 2099 5575 quia
2128 5509 2323 5559 motmi

765 5600 1076 5657 nec-essario
1129 5612 1309 5655 motus
1355 5602 1817 5663 accommodatur,
1854 5610 2003 5653 tanto
2042 5599 2328 5652 luctttsillc

761 5704 977 5767 prestat
1032 5694 1137 5749 alio
1169 5735 1182 5757 ,
1215 5704 1417 5764 quanto
1468 5703 1746 5747 moventes
1810 5693 1985 5761 majus
2046 5692 2330 5745 intercedit

768 5789 997 5849 medium
1032 5829 1043 5853 ,
1074 5790 1214 5845 sicut
1274 5792 1434 5844 ctiam
1500 5788 1604 5843 telo
1668 5800 1867 5841 cursus
1918 5784 2152 5852 optimus
2187 5785 2327 5837 clad

2411 4591 2518 4643 τοῖς
2550 4587 2603 4640 δέ
2652 4605 2713 4655 γε
2766 4590 2989 4640 πάντων
3039 4588 3287 4654 ἀρίστοις
3324 4587 3351 4637 ό
3385 4586 3515 4655 περὶ
3554 4586 3646 4638 τὸν
3689 4587 3999 4657 νομοθέτην

2413 4681 2550 4750 ἔρως
2580 4680 2858 4748 ἀφόρητον
2890 4679 3184 4747 ἐργάζεται
3215 4679 3275 4730 τὸ
3320 4681 3685 4746 παρανομεῖν.
3722 4679 3998 4749 Καθάπερ

2414 4773 2521 4841 γὰρ
2552 4771 2659 4823 τῶν
2695 4770 3108 4838 κατορθούνιων
3156 4770 3255 4835 τὴν
3304 4764 3533 4837 ἀρίστην
3583 4770 3767 4837 ἔχουσι
3818 4772 3998 4835 τάξιν,

2414 4860 2495 4925 οἷς
2534 4861 2655 4913 οὔτε
2694 4862 2856 4929 φόόος
2880 4861 3089 4923 κακῶν,
3127 4859 3251 4912 οὔτε
3287 4858 3493 4928 μισθῶν
3534 4859 3771 4923 ἐλπίδες,
3816 4862 3937 4911 ἀλλ’
3972 4864 3999 4913 ὀ

2416 4955 2508 5005 τοῦ
2541 4953 2673 5005 Θεοῦ
2727 4954 2888 5016 μόνον
2941 4952 3082 5021 ἔρως
3129 4952 3258 5012 τοὺς
3290 4950 3416 5018 περὶ
3446 4951 3648 5021 ἀρετῆς
3694 4952 4001 5018 εἰργάσατο

2419 5044 2635 5106 πόνους,
2656 5044 2798 5095 οὕτω
2817 5042 2925 5094 τῶν
2946 5043 3371 5111 ἁμαρτανόντων
3393 5042 3485 5091 καὶ
3503 5039 3592 5091 διὰ
3612 5037 3771 5091 τοῦτο
3800 5058 4004 5092 κοπτο-

2424 5137 2621 5203 μένων,
2665 5131 2743 5195 οἷς
2796 5135 2856 5185 τὸ
2904 5135 3100 5195 πένθος
3152 5133 3212 5184 τὸ
3248 5133 3377 5201 περὶ
3406 5132 3498 5182 τον
3541 5132 3672 5182 Θεὸν
3725 5129 3997 5194 ἐξέκαυσε

2424 5230 2665 5297 φίλτρον,
2694 5230 2739 5279 οἱ
2778 5228 3045 5297 βέλτιστοι
3077 5230 3183 5278 τῶν
3214 5227 3389 5280 ἄλλων
3417 5224 3575 5276 εἰσίν.
3633 5224 3864 5276 Ἐκεῖνοι
3898 5227 4003 5294 μὲν

2426 5323 2533 5393 γὰρ
2573 5324 2783 5383 ἑαυτοῖς
2821 5322 2881 5371 τὸ
2913 5321 3085 5379 πάθος
3119 5318 3466 5389 ἐργάζονται,
3500 5316 3596 5368 καὶ
3625 5317 3755 5384 παρ’
3788 5320 4001 5369 ἑαυτῶν

2428 5415 2520 5464 ἐπὶ
2552 5414 2613 5464 τὸ
2654 5415 2868 5463 πενθεῖν
2899 5411 3177 5480 ἔρχονται,
3228 5411 3322 5461 καὶ
3370 5410 3451 5459 ὅτι
3484 5410 3624 5475 σφᾶς
3670 5410 3873 5479 αὐτοὺς
3914 5428 4001 5477 ξι-

2428 5502 2578 5554 λοῦσι
2615 5502 2935 5569 δακρύουσι,
2966 5500 3189 5559 τούτους
3238 5498 3295 5549 δὲ
3331 5500 3358 5550 ό
3397 5496 3561 5549 κινῶν
3603 5498 3763 5557 αὑτός
3793 5499 3947 5549 ἐστιι
3979 5498 4001 5547 ὁ

2430 5595 2593 5657 θεόςο
2645 5594 2766 5643 ὅθεν
2816 5593 2939 5642 ἐπεὶ
2992 5591 3067 5660 τῷ
3124 5587 3361 5642 κινοῦντι
3407 5587 3503 5655 τὴν
3560 5588 3731 5655 φορὰν
3780 5587 3998 5653 ἀνάγκη

2434 5684 2776 5753 συμϐαίνειν,
2819 5683 3060 5748 τοσούτῳ
3086 5680 3183 5749 τῆς
3224 5680 3400 5745 λύπης
3427 5680 3608 5747 ἐκείνη
3648 5676 3851 5745 ταύτης
3885 5678 4003 5746 βελ-

2435 5778 2584 5841 τίων,
2634 5777 2743 5846 ὂσιρ
2792 5776 2901 5828 τῶν
2948 5773 3240 5829 κινούντων
3282 5772 3340 5825 τὸ
3377 5772 3564 5843 μέσον,
3608 5770 3866 5838 καθάπερ
3915 5768 4005 5822 καὶ

4083 1302 4085 1425 ψ
