4140 6318
280 458 395 522 ’101

1362 452 1461 511 DE
1501 453 1680 512 VITA
1724 452 1806 512 IN
1846 450 2188 512 CHRISTO
2228 450 2379 513 LIB.
2424 450 2557 509 νη.

3439 452 3550 513 702

272 573 437 643 βέλει
460 572 658 643 δρόμος
693 574 915 644 ἄριστος
942 574 1033 627 καὶ
1067 571 1203 642 πρὸς
1242 570 1332 623 τὸν
1377 570 1580 622 σκοπὸν
1607 570 1847 639 ἁτὲχνως

1979 581 2186 636 ιοοριιιιι
2244 576 2361 621 tute
2411 565 2656 621 directus
2705 580 2732 618 a
2790 565 3042 620 manibus
3087 581 3272 621 arcum
3323 568 3552 622 tendere

266 667 394 721 ἁπδ
440 668 640 737 χειρῶν
678 668 914 735 μάλιστα
955 667 1193 731 τοξεύειν
1240 663 1643 733 ἐπισταμένων.
1699 662 1854 715 Ἐπεὶ

271 757 340 811 δὲ
373 758 472 811 οὐκ
500 758 585 827 ιφ*
628 752 709 822 οἷς
756 758 837 816 δεῖ
877 756 1037 826 μόνον
1076 754 1330 808 ἀνιᾶσθαι
1377 754 1471 805 καὶ
1518 754 1689 815 ὅπως,
1719 750 1856 803 ἀλλὰ

272 852 388 902 καὶ
427 852 571 915 δσον,
605 852 808 905 εἰδέναι
842 850 948 920 χρὴ
997 851 1116 912 (καὶ
1160 846 1270 915 γὰρ
1300 846 1412 899 ἔστι
1449 844 1547 915 μὲν
1574 844 1793 897 ἔλαττον
1820 844 1853 912 ἢ

271 945 401 1003 τοῖς
421 944 830 1012 ἡμαρτημένοις
856 944 976 995 ἐστὶ
998 941 1273 1009 προσῆκον
1302 938 1511 1007 ἀλγεῖν,
1545 938 1661 990 ἔστι
1690 936 1746 989 δὲ
1779 936 1857 1006 τῷ

274 1034 449 1088 πάθει
483 1036 685 1106 μᾶλλον
714 1037 808 1089 τοῦ
851 1034 1061 1097 δέοντος
1086 1033 1441 1102 συγχωρεῖν),
1476 1032 1525 1084 oi.
1560 1030 1700 1101 μετὰ
1734 1029 1859 1082 τού-

277 1144 399 1180 των
418 1128 740 1189 πενθοῦντες
762 1128 871 1181 τῶν
887 1127 1162 1196 λογισμῶν
1185 1126 1244 1178 τὸ
1268 1125 1464 1193 μέτρον
1484 1123 1592 1176 τῶν
1608 1121 1859 1191 δακρύων

275 1219 545 1272 εἴσονται.
581 1220 847 1288 Καθάπερ
868 1225 975 1288 γὰρ
1010 1222 1066 1273 ὲν
1098 1218 1279 1288 πληγῇ
1311 1218 1587 1287 σώματος,
1610 1214 1717 1277 ῑως
1758 1214 1860 1288 μὲν

276 1309 369 1361 ἐτι
392 1312 537 1363 νοσεί
565 1311 625 1362 τὸ
668 1312 849 1379 μέλος,
882 1312 984 1375 τῆς
1012 1312 1361 1381 ἑκτρισείσης
1404 1310 1605 1380 σαρκὸς
1650 1311 1865 1361 ἀντεισ-

280 1403 538 1467 ενεγκεῖν
561 1401 764 1454 δύναιτ’
807 1401 873 1455 ἂν
907 1402 938 1472 ἢ
970 1403 1030 1454 τὺ
1065 1403 1328 1473 παράπαν
1361 1401 1534 1465 οὐδὲν,
1567 1400 1599 1469 ἥ
1626 1398 1721 1453 τοῦ
1765 1416 1865 1467 φυ-

240 1500 248 1509 ‘
279 1493 444 1546 σικοῦ
484 1494 578 1546 καὶ
614 1495 954 1561 τεταγμένου
996 1495 1166 1563 μείζω
1192 1494 1285 1547 τὸν
1310 1495 1477 1561 δγκον
1554 1492 1783 1547 ἐπειδὰν
1806 1490 1864 1545 δὲ

277 1586 319 1652 ἡ
365 1584 525 1651 φύσις
556 1584 756 1653 ἑαυτῆς
801 1586 1026 1655 γένηται
1078 1587 1176 1638 καὶ
1221 1585 1378 1638 νόσου
1425 1584 1663 1653 καθαρὰ,
1698 1583 1867 1653 χωρεῖ

284 1680 431 1744 πρὸς
456 1677 555 1746 τὴν
586 1678 934 1747 συμμετρίαν
976 1678 1156 1741 εὐθὺς,
1182 1676 1302 1732 εἶτα
1333 1678 1389 1731 δὲ
1436 1678 1531 1731 καὶ
1556 1677 1663 1731 τῶν
1709 1678 1868 1743 ικλη-

286 1768 541 1836 φθέντων
576 1767 731 1821 οὐδὲν
774 1767 938 1820 πλέον
983 1768 1253 1821 ἁναδοῦσα
1292 1768 1527 1820 παύεται
1613 1768 1703 1819 τὸν
1754 1765 1868 1837 ἴσον

278 1861 495 1928 τρόπον
519 1860 657 1912 κὰπὶ
686 1858 799 1913 τῶν
818 1862 917 1928 τῆς
941 1858 1122 1928 ψυχῆς
1150 1862 1408 1929 ἁῤῥωστη
1418 1860 1604 1929 μάτων
1632 1858 1701 1911 ἂν
1725 1856 1859 1927 ἔχοι.

280 1952 407 2019 Τῆς
442 1951 552 2021 γὰρ
587 1950 678 2003 ἐπὶ
711 1952 828 2013 τοῖς
869 1952 1234 2021 ἁμαρτήμασι
1262 1951 1443 2019 λύπης
1486 1951 1582 2003 καὶ
1615 1966 1863 2004 κακοπα-

280 2042 443 2105 Θείας
499 2045 595 2096 καὶ
653 2041 907 2112 δακρύων
968 2043 1061 2095 καὶ
1115 2041 1225 2095 τῶν
1300 2042 1555 2095 τοιούτων
1606 2042 1869 2095 ἁπάντων

280 2134 468 2186 ἐκεῖνο
518 2132 844 2202 ζητούντων,
886 2132 985 2200 τὴν
1009 2134 1283 2201 ἁμαρτίαν
1330 2133 1555 2197 ἐξελεῖν,
1585 2135 1867 2187 ἀποκατα-

279 2228 488 2295 στῆσαι
516 2228 573 2281 δὶ
602 2228 710 2280 τῶν
752 2227 853 2301 τῆς
895 2228 1071 2297 ψυχῆς
1104 2228 1285 2281 καλῶν
1320 2229 1444 2280 ὅσον
1480 2228 1867 2295 ἀπενήνεκται,

281 2323 321 2389 ἠ
356 2322 463 2373 τῶν
493 2319 653 2374 θείων
688 2321 913 2389 ἐρώτων
950 2319 1221 2391 προϊοῦσα
1271 2320 1417 2389 λύπη
1448 2320 1581 2390 μόνη
1621 2320 1731 2372 τῶν
1770 2321 1868 2373 ἁλ-

283 2408 405 2460 λων
460 2408 616 2474 ὑγιὴς
656 2403 811 2467 οὖσα,
853 2408 989 2476 μόνη
1054 2407 1153 2476 μὲν
1198 2410 1295 2460 σὺν
1329 2408 1471 2476 λόγῳ
1501 2411 1693 2478 χωρεῖ,
1731 2410 1866 2479 μόνη

282 2499 351 2551 δὲ
380 2498 488 2551 τῶν
514 2498 689 2553 ἄλλων
733 2497 795 2551 τδ
842 2499 1042 2567 μέτρον
1072 2498 1387 2553 ἐπίσταται.
1438 2501 1500 2553 Et
1551 2501 1661 2569 γὰρ
1695 2516 1869 2571 προσ-

282 2589 518 2657 έκοψαν,
575 2589 693 2641 ἀλλ’
743 2590 841 2660 οὐχ
896 2591 1091 2658 ἑτέραν
1125 2587 1289 2660 ἦλθον
1337 2590 1447 2644 οὐδ’
1496 2591 1740 2661 ἧμειψαν
1769 2591 1868 2659 τὴν

284 2680 493 2749 ὁρμὴν,
513 2678 619 2731 οὐδ’
645 2679 917 2749 ἠγνόησαν
940 2682 1066 2739 τοὺς
1098 2680 1252 2739 ὅλους
1282 2681 1375 2734 καὶ
1409 2680 1532 2733 ὅποι
1564 2682 1671 2751 χρὴ
1704 2697 1871 2733 κατα-

285 2772 467 2834 λύειν,
501 2773 548 2825 εί
575 2772 637 2823 τὸ
676 2771 772 2825 τοῦ
820 2771 957 2825 Θεοῦ
989 2772 1212 2841 φίλτρον
1254 2772 1522 2841 ἐνέμεινε.
1558 2772 1731 2825 Τοῦτο
1761 2773 1868 2839 γάρ

288 2864 416 2915 ἐστι
456 2862 589 2931 πρὸς
615 2864 708 2916 τὸν
761 2864 895 2916 Θεδν
941 2865 1121 2935 ὀρθῶς
1155 2865 1397 2932 βαδίζειν
1431 2863 1492 2916 τὸ
1532 2864 1632 2917 σὺν
1678 2863 1869 2937 ἀγάπη

289 2956 571 3027 βαδίζειν·
607 2956 641 3027 η
671 2956 782 3010 τῶν
814 2956 1060 3025 ἀμώμων
1092 2957 1241 3009 ἐστὶν
1278 2955 1413 3018 ὁδὸς,
1450 2958 1477 3010 ὁ
1508 2956 1759 3027 Μελῳδὸς
1790 2952 1868 3007 εἷ-

290 3064 422 3108 πεν,
454 3046 504 3099 οῖ
539 3065 557 3099 ι
587 3048 646 3100 δν
705 3048 800 3117 ὅλη
835 3049 965 3117 γὰρ,
1011 3049 1146 3118 φησὶ
1174 3088 1189 3111 ,
1228 3046 1426 3117 καρδία
1468 3047 1868 3117 ὲκζητήσουσιν

289 3138 483 3201 αὐτὸν,
514 3157 535 3191 ι
579 3138 680 3207 τὴν
721 3139 1157 3207 ὲπιτεταγμένην
1196 3136 1499 3205 ιπιθυμίαν
1544 3138 1630 3191 διὰ
1674 3137 1867 3191 τούτου

1960 659 2147 727 gnaris
2186 658 2551 729 progreditur.
2585 658 2855 722 Quoniam
2905 667 3083 713 autem
3119 674 3226 713 non
3261 660 3437 714 solum
3486 663 3552 715 de

1962 748 2166 818 quibus
2240 756 2457 819 oportet
2529 749 2891 813 contristari,
2958 760 3011 804 et
3084 754 3413 820 quomodo,
3454 752 3549 805 sed

1958 841 2123 893 etiam
2187 839 2661 909 quantum.scire
2730 855 2955 895 necesse
3020 851 3101 895 est
3173 840 3313 913 (ﬁeri
3382 858 3541 895 nam-

1967 943 2074 996 que
2107 937 2282 997 potest
2311 937 2370 983 ut
2403 930 2585 981 minus
2609 943 2769 996 quam
2804 927 2961 982 decet
2991 930 3056 981 de
3094 929 3405 982 commissis
3433 929 3536 981 do-

1963 1021 2115 1073 leant
2146 1059 2161 1085 ,
2185 1028 2241 1073 et
2298 1019 2471 1088 magis
2499 1032 2659 1088 quam
2714 1028 2925 1088 Oportet
2974 1018 3140 1071 luctui
3177 1018 3543 1086 indulgeant),

1964 1111 2058 1180 qui
2108 1126 2231 1165 cum
2284 1111 2387 1165 hac
2432 1113 2644 1165 ratione
2696 1111 3068 1179 paenitentiam
3106 1109 3334 1171 faciunt,
3367 1110 3545 1179 lacry-

1966 1218 2180 1258 marum
2250 1214 2476 1258 noscent
2521 1218 2877 1257 mensuram.
2921 1203 3075 1255 Sicut
3128 1203 3272 1255 enim
3334 1203 3384 1254 in
3438 1203 3551 1270 pla-

1967 1291 2048 1359 gis
2089 1292 2333 1359 corporis
2362 1331 2379 1352 .
2412 1292 2583 1345 donec
2640 1300 2865 1361 mgrotat
2924 1293 3228 1344 membrum
3253 1332 3268 1355 ,
3304 1291 3417 1343 fieri
3453 1308 3549 1358 po-

1971 1392 2079 1437 test
2118 1392 2177 1437 ut
2213 1384 2460 1437 contritae
2518 1384 2700 1437 carnis
2741 1384 2859 1437 loco
2907 1384 3041 1437 nihil
3076 1384 3303 1436 omnino
3338 1384 3549 1437 substi—

1970 1486 2105 1537 tuat.
2138 1486 2233 1530 aut
2279 1476 2450 1545 magis
2481 1492 2643 1545 quam
2670 1484 2864 1529 natura
2903 1487 2953 1529 et
2980 1476 3181 1544 regulae
3218 1477 3437 1541 volunt,
3463 1484 3551 1528 tu-

1971 1583 2180 1622 morem
2238 1567 2538 1631 ostendat;
2574 1578 2866 1635 postquam
2920 1579 3098 1620 autem
3152 1576 3347 1619 natura
3390 1566 3457 1617 ad
3489 1579 3550 1619 se

1972 1674 2185 1715 reversa
2220 1667 2309 1713 est
2344 1668 2399 1711 et
2433 1674 2461 1710 a
2496 1658 2683 1711 morbo
2722 1657 2985 1720 liberata,
3017 1656 3127 1710 cito
3175 1656 3312 1709 redit
3360 1655 3425 1709 ad
3457 1668 3554 1721 ap-

1979 1763 2091 1806 tum
2153 1750 2401 1821 corporis
2450 1750 2697 1805 habitum
2735 1789 2749 1813 ,
2780 1750 2975 1803 deinde
3036 1762 3135 1816 pro
3168 1745 3365 1801 ablatis
3414 1744 3554 1799 nihil

1979 1844 2238 1908 atterens,
2269 1842 2542 1912 quiescit:
2584 1841 2724 1895 idem
2764 1854 2988 1909 prorsus
3017 1840 3069 1891 in
3114 1838 3311 1891 animae
3346 1836 3556 1891 morbis

1978 1936 2199 1992 evenire
2244 1944 2443 2006 potest.
2470 1934 2607 1988 Cum
2634 1934 2778 1988 enim
2803 1933 2856 1985 in
2888 1930 3127 2001 peccatis
3153 1930 3333 1984 luctus
3355 1938 3407 1983 et
3441 1940 3561 1998 pae-

1972 2028 2201 2083 nitentia
2277 2026 2638 2095 lacrymaeque
2696 2034 2749 2079 et
2790 2024 2990 2078 similia
3046 2021 3112 2076 ad
3158 2021 3261 2076 hoc
3306 2019 3556 2085 tendant,

1972 2129 2032 2174 ut
2068 2127 2355 2187 peccaturo
2413 2115 2663 2170 auferant
2696 2155 2710 2179 ,
2740 2125 2795 2170 et
2824 2122 2891 2169 de
2936 2114 3095 2168 bonis
3148 2114 3344 2167 animae
3381 2127 3559 2181 quan-

1974 2220 2087 2265 tum
2144 2210 2388 2263 ablatum
2435 2215 2518 2261 est
2566 2208 2882 2269 restituant,
2914 2204 3256 2259 interdivina
3286 2203 3557 2259 desideria

1972 2300 2285 2373 praecedens
2330 2300 2510 2353 luctus
2536 2340 2549 2363 ,
2582 2299 2671 2368 qni
2702 2298 2851 2353 solus
2911 2298 3052 2352 inter
3095 2298 3198 2350 alia
3242 2311 3412 2352 sanus
3449 2305 3557 2359 est,

1972 2394 2120 2447 solus
2152 2391 2369 2461 quidem
2399 2404 2523 2445 cum
2562 2389 2774 2442 ratione
2811 2388 3105 2455 congruit.
3146 2386 3298 2441 solus
3321 2400 3387 2440 ex
3434 2386 3561 2439 aliis

1972 2497 2288 2539 mensuram
2342 2482 2553 2535 noscit.
2607 2480 2663 2535 Si
2707 2480 2851 2534 enim
2898 2479 3279 2544 ollenderunt,
3319 2476 3411 2532 sed
3449 2490 3557 2530 non

1972 2577 2078 2631 alio
2128 2583 2428 2641 verterunt,
2477 2590 2573 2628 nec
2622 2588 2843 2627 cursum
2900 2572 3275 2635 mutaverunt,
3315 2584 3417 2624 nec
3469 2570 3558 2623 ubi

1970 2667 2354 2722 diversandum
2400 2664 2471 2720 sit
2502 2666 2907 2734 ignoravcrunt,
2927 2661 2971 2716 si
2999 2663 3091 2717 Dei
3129 2678 3285 2716 amor
3305 2677 3561 2731 perman-

1970 2760 2065 2816 sit.
2096 2756 2209 2813 Hoc
2244 2756 2445 2827 quippe
2484 2755 2549 2810 ad
2578 2755 2744 2809 Deum
2789 2764 2937 2809 recte
2975 2763 3060 2809 est
3100 2753 3403 2817 ambulare,
3432 2766 3559 2808 cum

1970 2850 2241 2905 charitate
2283 2849 2568 2903 ambulare
2604 2864 2617 2900 :
2652 2847 2786 2913 haec,
2822 2846 2997 2915 inquit
3029 2845 3339 2909 Psalmista,
3367 2846 3451 2899 via
3475 2850 3567 2900 est

1971 2942 2293 3005 insontium,
2323 2940 2414 3008 qui
2450 2957 2469 2991 ι
2505 2940 2556 2992 in
2580 2947 2693 2991 toto
2714 2938 2898 3000 corde,
2924 2938 3021 2998 ait,
3044 2938 3332 3006 exquirent
3360 2952 3509 2999 eum,
3531 2954 3552 2989 ι

1971 3033 2279 3088 ordinatum
2310 3030 2641 3085 desiderium
2672 3045 2767 3100 per
2793 3030 2896 3082 hoc
2923 3030 3099 3098 palam
3128 3027 3443 3084 ostendens.
3462 3027 3557 3084 Isti

1972 3140 2210 3195 namque
2263 3123 2544 3178 ambulant
2594 3124 2648 3177 iu
2701 3124 2818 3193 lege
2869 3121 3123 3185 Domini,
3155 3120 3390 3189 quicum
3422 3120 3561 3175 cha—

288 3228 495 3300 δηλῶν.
527 3224 688 3283 Οὗτοι
727 3230 837 3299 γὰρ
864 3230 916 3282 οι
956 3230 1317 3299 πορευόμενοι
1351 3230 1411 3282 ιν
1455 3229 1608 3300 νόμῳ
1638 3229 1868 3300 Κυρίου,

1979 3219 2137 3271 ritate
2180 3216 2407 3278 vivunt,
2443 3214 2585 3272 unde
2611 3222 2724 3267 tota
2753 3215 2837 3268 lex
2863 3214 3079 3282 pendet,
3115 3210 3210 3267 sed
3245 3212 3319 3265 ita
3352 3220 3409 3265 ut
3440 3227 3563 3266 om-

288 3320 349 3373 οι
375 3320 472 3373 σὺν
500 3319 691 3390 ἀγάπῃ
736 3320 958 3385 ζῶντες,
998 3316 1080 3383 οἷς
1122 3323 1151 3375 6
1189 3322 1295 3383 πᾶς
1343 3319 1638 3392 ἐξήρτηται
1688 3323 1870 3391 νόμος,

291 3410 417 3465 ἀλλ’
442 3411 582 3465 ὥστε
625 3412 722 3482 τὴν
755 3411 1029 3482 ἁμαρτίαν
1058 3412 1221 3476 εὐθὺς
1266 3413 1486 3469 ἁπασαν
1519 3413 1800 3478 ἀποδύειν,
1839 3416 1872 3483 ἢ

292 3503 444 3574 μόνη
486 3506 669 3557 σκοτοῖ
696 3504 787 3557 τὸν
818 3500 917 3574 τῆς
958 3504 1141 3575 ψυχῆς
1170 3504 1472 3575 ὀφθαλμὸν,
1504 3504 1659 3561 ούδιν
1700 3506 1874 3576 sparo-

293 3593 410 3647 δῶν
464 3596 687 3659 αὐτοῖς,
742 3596 847 3650 κὰν
900 3598 1021 3658 ¹ιταῖς
1049 3597 1371 3666 ἐπιθυμίαις
1405 3597 1666 3665 πρδςτὺν
1716 3596 1876 3666 ὀρθὸν

294 3687 459 3757 λόγον
481 3688 636 3758 ὀρᾷν,
662 3687 757 3739 καὶ
776 3688 901 3741 ὅσον
924 3688 1004 3742 δεῖ
1024 3688 1241 3743 πενθεῖν
1266 3688 1467 3742 είδέναι
1495 3688 1705 3757 σαφῶς.
1723 3688 1877 3741 Ἐπεὶ

298 3782 415 3850 γὰρ
448 3779 550 3850 τῆς
592 3780 795 3851 ἀρετῆς
846 3780 970 3849 ὄρος
1004 3782 1103 3849 τῆς
1169 3780 1542 3851 ἀνθρωπίνης,
1642 3780 1877 3851 πρόσθεν

297 3873 463 3943 ἔφην,
493 3871 611 3941 Θεῷ
660 3872 989 3941 κοινωνῆσαι
1037 3871 1287 3941 γνώμης,
1331 3873 1531 3936 κακίας
1562 3874 1620 3926 δὲ
1652 3873 1875 3927 τούναν-

296 3965 440 4031 τίον,
478 3965 572 4019 καὶ
608 3964 763 4018 τοῦτο
796 3963 898 4033 μέν
922 3964 1044 4017 ἐστι
1071 3964 1165 4017 τοῦ
1206 3965 1410 4018 σκοποῦ
1462 3966 1754 4034 τυγχάνειν
1788 3966 1878 4019 τὸν

296 4056 626 4126 ἄνθρωπον,
685 4058 863 4109 έκεῖνο
919 4056 974 4109 δὲ
1017 4056 1390 4125 ἁμαρτάνειν,
1442 4056 1492 4109 οἳ
1535 4058 1644 4126 ,μὲν
1687 4058 1877 4128 μισθοῦ

299 4148 712 4222 φιλοσοφοῦσιν,
744 4148 867 4201 οὗτε
897 4148 1294 4219 κατορθοῦντες
1320 4148 1493 4219 αὐτὴν
1525 4150 1695 4219 αὐτῆς
1716 4151 1880 4204 ἓνεκα

299 4242 521 4312 φιλοῦσι
554 4243 653 4309 τὴν
685 4239 911 4311 ἀρετὴν,
944 4240 1070 4293 οὕτε
1100 4241 1435 4303 πταίσαντες
1465 4241 1639 4311 αὐτὴν
1670 4241 1760 4296 διὰ
1788 4242 1882 4296 τὸν

299 4332 479 4402 αύτῆς
508 4332 665 4399 λόγον
696 4331 980 4403 ὀδύρονται
1022 4332 1121 4400 τὴν
1156 4333 1382 4395 κακίαν,
1416 4332 1549 4385 ἀλλὰ
1589 4333 1749 4385 τοῦτο
1781 4332 1879 4403 μὲν

298 4423 335 4477 ὁ
372 4423 481 4476 τῶν
512 4421 688 4476 ἁθλων
743 4422 884 4489 ἔρως
934 4422 1131 4484 αὐτοὺς
1171 4423 1466 4490 ἐποίησεν,
1518 4424 1695 4478 ἐκεῖνο
1731 4424 1788 4476 δὲ
1846 4424 1880 4493 ἡ

304 4515 513 4585 ζημίαι
541 4514 665 4567 ὅθεν
697 4514 795 4584 τὴν
825 4514 1015 4567 οὐσίαν
1056 4515 1228 4583 αὐτὴν
1267 4514 1339 4576 ὡς
1375 4517 1550 4567 εἰπεῖν
1581 4515 1678 4583 τῆς
1704 4515 1881 4585 ἁμαρ-

1983 3308 2289 3365 nem.hrevi
2320 3307 2529 3377 culpam
2562 3314 2763 3361 exuant
2788 3348 2801 3369 ,
2827 3321 2944 3375 qua:
2989 3306 3101 3361 sola
3129 3306 3326 3361 mentis
3356 3306 3563 3360 obscu-

1984 3412 2069 3455 rat
2091 3398 2333 3464 oculum;
2361 3413 2459 3451 nec
2489 3407 2612 3449 sunt
2640 3395 3051 3465 impedimento,
3072 3395 3371 3464 quominus
3398 3394 3449 3447 in
3469 3394 3565 3449 de-

1984 3490 2199 3545 sideriis
2242 3490 2307 3543 ad
2358 3497 2563 3543 rectum
2619 3487 2844 3542 verbum
2892 3487 3183 3557 aspiciant,
3217 3494 3270 3539 et
3298 3496 3562 3556 quantum

1984 3562 2199 3651 oportet
2244 3581 2430 3657 dolere
2473 3581 2664 3636 saltem
2703 3579 2872 3647 probe
2900 3580 3094 3635 sciant.
3129 3578 3267 3633 Cum
3303 3578 3475 3643 enim,
3505 3585 3567 3632 ut

1984 3684 2144 3728 antea
2204 3674 2314 3727 dixi
2348 3712 2363 3738 ,
2396 3672 2615 3727 virtutis
2668 3673 2923 3727 humanae
2968 3681 3111 3725 meta
3138 3709 3152 3734 ,
3180 3685 3302 3725 cum
3337 3669 3448 3724 Deo
3481 3679 3569 3725 est

1986 3767 2313 3837 participare
2371 3766 2704 3821 voluntatem
2734 3805 2748 3829 ,
2779 3765 3001 3821 malitia:
3046 3778 3178 3821 vero
3207 3764 3568 3829 contrarium,

1985 3869 2038 3914 et
2065 3858 2194 3913 illud
2227 3858 2447 3929 quidem
2478 3870 2560 3913 est
2583 3874 2679 3929 pro
2731 3859 2958 3914 homine
3012 3874 3239 3929 scopum
3266 3859 3563 3929 attingere,

1987 3954 2089 4007 hoc
2114 3961 2295 4006 autem
2324 3962 2570 4022 peccare,
2598 3953 2689 4021 qui
2719 3952 3128 4021 philosOphiam
3166 3958 3568 4021 cauponantur,

1986 4059 2089 4099 nec
2116 4052 2260 4099 recte
2320 4044 2568 4099 viventes
2626 4046 2697 4098 ob
2721 4044 2891 4112 ipsam
2924 4044 3421 4107 amantvirtutem,
3464 4059 3571 4098 nec

1987 4138 2044 4190 in
2076 4147 2357 4206 peccatum
2402 4136 2540 4205 lapsi
2570 4135 2637 4190 de
2666 4135 2870 4189 malitia
2899 4144 3121 4205 propter
3148 4152 3327 4202 Ipsam
3356 4137 3563 4202 dolent,

1989 4230 2078 4283 sed
2112 4228 2242 4282 illud
2271 4228 2488 4301 quidem
2545 4228 2895 4298 praemiorum
2942 4244 3097 4283 amor
3130 4229 3185 4283 in
3234 4230 3366 4297 ipsis
3415 4229 3564 4295 fecit,

1990 4322 2094 4373 hoc
2139 4328 2320 4374 autem
2366 4320 2624 4374 damnum
2655 4337 2669 4373 :
2704 4318 2849 4373 unde
2867 4320 3231 4375 substantiam
3268 4320 3438 4387 ipsam
3463 4332 3562 4373 ne-

1988 4412 2194 4481 quitiaa,
2217 4422 2272 4467 ut
2309 4412 2583 4481 ita‘dicam
2610 4454 2624 4478 ,
2650 4415 2873 4467 minime
2900 4422 3247 4479 recusantes,
3284 4428 3391 4467 non
3421 4427 3568 4467 mere

1990 4506 2205 4576 fugiunt
2264 4506 2317 4559 in
2379 4465 2715 4561 gectitudine
2769 4506 3087 4566 voluntatis.
3152 4506 3278 4560 licet
3370 4506 3438 4559 ab
3482 4504 3573 4559 illa

301 4608 431 4670 τίας
464 4608 664 4676 ἥκιστα
720 4606 1006 4675 μισοῦντες
1036 4606 1097 4659 ού
1130 4606 1393 4686 φεύγουσι
1429 4606 1688 4677 καθαρῶς
1728 4606 1785 4660 ἐν
1817 4623 1873 4673 γε

1987 4608 2270 4654 cessantes
2303 4634 2320 4663 ,
2358 4598 2498 4653 vires
2552 4597 2883 4653 obtinuerint
2918 4636 2932 4650 .
2968 4595 3122 4651 Sicut
3172 4599 3315 4650 enim
3361 4596 3451 4651 ille
3480 4597 3572 4664 qni

302 4699 386 4769 τῷ
417 4697 747 4768 διακειμένῳ
771 4700 871 4767 τῆς
903 4699 1148 4770 γνώμης,
1204 4699 1309 4752 κᾶν
1338 4702 1439 4771 τῆς
1471 4700 1756 4770 ἐνεργείας
1786 4699 1882 4752 τύ-

306 4807 445 4863 χωσι
476 4791 843 4858 πεπαυμένοι.
870 4789 1142 4859 Καθάπερ
1180 4790 1289 4860 γὰρ
1322 4791 1415 4844 τὸν
1452 4792 1576 4853 τοὺς
1613 4791 1883 4861 πονηροὺς

304 4882 419 4934 τῶν
471 4877 773 4949 ἀνθρώπων
834 4878 1095 4947 μισοῦντα
1123 4878 1210 4931 διὰ
1258 4877 1352 4931 τὸν
1388 4878 1589 4943 τρόπον
1635 4877 1734 4931 οὐκ
1772 4876 1887 4928 ἐστι

304 4974 627 5041 προσειπεῖν
654 4969 1066 5041 μισάνθρωπον.
1094 4970 1169 5035 ὣς
1188 4972 1283 5024 καὶ⁸
1315 4972 1378 5024 τὸ
1413 4971 1553 5040 πρὸς
1580 4954 1681 5039 τὴν
1704 4969 1885 5038 ἀμαρ-

303 5062 435 5114 τίαν
458 5059 735 5128 δυσχερῶς
763 5060 932 5128 ἔχειν,
964 5060 1063 5129 οὐχ
1100 5061 1183 5113 ὅτι
1214 5062 1327 5122 τοῖς
1369 5059 1462 5112 τοῦ
1492 5059 1628 5111 Θεοῦ
1663 5057 1890 5127 πολεμεῖ

305 5152 521 5220 νόμοις.
551 5150 667 5203 ἁλλ’
706 5152 789 5203 ὅτι
822 5150 1027 5219 ζημίαν
1055 5150 1169 5221 ἔχει
1218 5154 1333 5214 τοῖς
1359 5148 1628 5219 τολμῶσι,
1657 5150 1757 5220 τὴν
1797 5149 1893 5217 ζη-

309 5242 446 5314 μίαν
482 5241 597 5295 ἐστὶ
635 5244 947 5311 φευγόντων
993 5242 1232 5312 ἀληθῶς,
1262 5243 1361 5295 οὐκ
1397 5242 1569 5311 αὐτὴν
1612 5243 1887 5309 ἀποστρε-

308 5334 569 5403 φομένων
607 5333 706 5402 τὴν
748 5334 1041 5403 πονηρίαν.
1086 5335 1149 5387 Οἳ
1182 5335 1277 5387 καὶ
1307 5333 1458 5403 δῆλοι
1504 5334 1724 5396 πάντως
1752 5334 1891 5386 εἰσ“’ν

307 5425 417 5479 οὐκ
465 5424 531 5477 ἂν
566 5424 887 5494 φευξόμενοι
921 5425 1022 5493 τὴν
1057 5426 1278 5489 κακίαν,
1325 5426 1372 5477 εί
1426 5425 1595 5495 χωρὶς
1631 5424 1892 5478 κινδύνων

278 5514 654 5588 οὰμαρτὰνειν
704 5514 834 5585 ἐξῆν
911 5513 1004 5577 οὒς
1056 5515 1112 5568 δὲ
1153 5516 1290 5584 πρὸς
1332 5514 1431 5586 τὴν
1470 5516 1792 5583 φιλοσοφίαν
1833 5514 1893 5567 τὸ

312 5609 421 5664 τοῦ
449 5607 587 5661 Θεοῦ
627 5607 849 5675 φίλτρον
881 5608 1199 5672 ἀνέστησεν,
1234 5607 1327 5660 καὶ⁵
1352 5607 1554 5674 τιμῶσι
1584 5610 1677 5659 τὸν
1708 5608 1892 5675 νόμον,

309 5701 398 5754 ὅτι
455 5700 549 5755 τὸν
604 5699 903 5770 νομοθέτην
968 5700 1326 5767 στέργουσιν,
1368 5698 1587 5751 ἐπειδὰν
1644 5698 1721 5767 τῷ
1776 5698 1895 5763 Θεῷ

314 5791 824 5861 προσκεκρουκότες
876 5792 1088 5843 ἑαυτῶν
1128 5790 1519 5858 καταγνῶσιν,
1573 5787 1747 5859 αὐτὴν
1794 5789 1895 5858 τὴν

322 5884 601 5955 ἁμαρτίαν
637 5885 849 5949 ἑαυτοῖς
910 5884 1217 5957 μέμφονται
1272 5886 1365 5938 καὶ
1427 5883 1748 5955 δακρύουσι,
1795 5883 1894 5954 οὐχ

1988 4704 2184 4761 pravos
2220 4689 2484 4746 homines
2542 4691 2658 4745 odit
2714 4699 2858 4744 recte
2902 4692 3092 4759 nequit
3142 4688 3404 4758 appellari
3443 4688 3577 4743 mis-

1988 4784 2284 4851 antltropus
2309 4823 2323 4847 ,
2356 4783 2436 4837 sic
2495 4792 2547 4837 et
2599 4792 2879 4851 peccatum
2936 4795 3080 4849 aegre
3117 4780 3277 4848 ferre,
3310 4796 3417 4835 non
3448 4781 3574 4847 quia

1990 4872 2081 4927 Dei
2118 4870 2327 4943 legibus
2381 4871 2727 4937 adversatur,
2755 4870 2849 4930 sed
2874 4871 3003 4940 quia
3035 4871 3296 4925 damnum
3332 4866 3580 4923 audenti-

1988 4966 2092 5018 bus
2152 4964 2321 5019 inl'crt
2356 4965 2677 5035 ,proprium
2763 4974 2848 5018 est
2906 4964 3228 5034 fugientium
3289 4961 3579 5028 damnum,

1992 5072 2097 5111 non
2144 5057 2317 5126 ipsam
2363 5059 2723 5111 avertentium
2779 5056 3146 5125 iniquitatem.
3181 5054 3281 5121 Qui
3311 5054 3429 5108 sine
3470 5053 3577 5107 du-

1990 5149 2083 5203 bio
2111 5166 2217 5204 non
2238 5148 2486 5220 fugi-rent
2519 5149 2839 5218 nequitiam,
2868 5150 2911 5203 si
2942 5149 3060 5203 sine
3080 5147 3323 5218 periculo
3355 5156 3580 5216 peccare

1992 5241 2199 5296 liceret.
2241 5242 2389 5306 Quos
2438 5252 2618 5295 autem
2687 5242 2753 5292 ad
2822 5239 3224 5309 philosophiam
3289 5238 3384 5292 Dei
3422 5250 3581 5293 amor

1993 5335 2185 5399 erexit,
2200 5333 2402 5403 quique
2423 5334 2591 5404 legem
2624 5334 2915 5394 honorant,
2933 5331 3191 5400 quoniam
3212 5338 3399 5384 amant
3415 5329 3578 5396 legis—

1993 5425 2246 5491 latorem,
2271 5436 2582 5495 postquam,
2617 5422 2727 5477 Deo
2748 5423 2989 5488 offenso,
3034 5439 3156 5478 sese
3186 5423 3587 5482 condemnant,

1997 5519 2177 5588 ipsum
2239 5528 2539 5586 peccatum
2575 5526 2836 5571 accusant
2901 5528 2956 5570 et
3008 5516 3407 5586 lacrymantur,
3470 5528 3585 5565 non

1996 5612 2123 5679 quia
2158 5611 2374 5664 virtutis
2414 5612 2735 5664 exciderunt
2790 5608 3029 5679 praemiis
3076 5646 3089 5670 ,
3127 5607 3216 5661 sed
3290 5606 3416 5674 quin
3470 5619 3581 5657 non

1997 5717 2121 5757 cum
2180 5701 2360 5755 divina
2429 5702 2707 5755 voluntate
2773 5700 3273 5755 cancordaverunt.
3328 5694 3464 5751 Hinc
3502 5694 3580 5748 illi

1998 5791 2242 5862 quidem,
2298 5794 2364 5846 de
2415 5793 2653 5863 pcccaiis
2699 5793 3045 5860 plenitentcs.
3104 5807 3133 5842 ιι
3184 5788 3389 5841 malitia
3468 5800 3578 5839 non

1998 5884 2225 5943 omnino
2261 5899 2457 5956 puram
2515 5886 2717 5940 habent
2769 5884 3033 5949 animam,
3088 5893 3138 5937 et
3168 5880 3289 5935 idco
3322 5876 3577 5934 Inmruris
