4140 6318
572 347 682 410 103

1786 350 2097 409 NlCtlLAl
2152 349 2541 408 CABASlL/F.

3679 343 3812 405 70-1.

571 470 623 509 et
683 459 1038 524 lacrymarnm
1069 462 1124 507 et
1171 468 1535 508 arumnarum
1589 469 1753 523 super
1824 460 2132 508 commissis

2261 470 2318 505 ιτι
2361 454 2470 506 τῶν
2500 455 2584 505 ἐπ’
2614 455 2779 521 ἀρετῇ
2824 451 3031 519 μισθῶν
3058 450 3425 520 ἐψεύσθησαν,
3455 452 3565 505 ἀλλ’
3606 454 3690 506 δτι
3732 456 3832 523 μὴ

573 544 929 598 necessariam
974 558 1004 596 a
1050 542 1353 597 valentibus
1398 557 1703 597 mensuram
1742 552 1987 611 quaerent
2026 560 2040 595 :
2082 545 2134 596 1ιί

573 648 699 689 vero
729 643 843 688 toto
885 633 1073 687 morbo
1103 633 1278 701 ejecto
1317 634 1420 686 sibi
1444 632 1728 687 sufﬁcient.
1758 633 1959 702 Duplex
1988 634 2132 685 enim

573 742 696 780 cum
744 732 1024 791 peccatum
1075 723 1165 784 sit,
1224 736 1508 791 imamque
1542 723 1777 776 devitant
1805 722 2141 791 partemzip-

575 832 686 869 sam
747 816 889 870 enim
944 816 1048 867 vim
1114 816 1427 882 abiecerunt
1459 816 1800 882 pmnitcntes.
1828 814 2008 881 passio
2036 830 2136 867 au-

576 918 682 961 tem
746 908 884 960 mala
950 917 1043 959 aut
1090 906 1373 976 dispositio
1419 922 1523 958 non
1563 906 1842 965 remansit,
1873 921 1979 958 non
2016 920 2134 972 per-

578 999 823 1052 mittente
884 1013 1004 1065 qu:e
1057 998 1294 1065 ipsorum
1346 995 1542 1049 animis
1598 996 1662 1048 ad
1712 997 1909 1049 bonum
1967 1003 2021 1047 et
2067 994 2132 1046 ad

580 1084 745 1140 Deum
780 1086 947 1139 indita
970 1094 1049 1140 est
1080 1086 1245 1138 animi
1278 1085 1579 1139 affectione.

2242 544 2317 611 τῷ
2363 543 2481 611 Θεῷ
2535 546 2600 613 τῇ
2648 544 2842 614 γνώμῃ
2890 542 3213 611 συνέδησαν.
3249 541 3414 597 Ὅθεν
3466 547 3661 597 ἐκεῖνοι
3700 546 3832 612 μὲν

2243 636 2334 685 καὶ
2377 634 2773 702 μετεγνωκότες
2801 635 2887 701 ἐφ’
2915 629 2997 695 οἷς
3026 635 3294 703 ἥμαρτον,
3342 636 3537 698 κακίας
3566 637 3625 687 οὐ
3660 652 3827 687 παν-

2236 724 2403 785 τελῶς
2455 723 2703 792 καθαρὰν
2734 724 2916 793 ἐχουσι
2954 725 3051 795 τὴν
3093 725 3296 795 ψυχὴν,
3350 728 3442 778 καὶ
3490 727 3577 778 διὰ
3630 727 3823 779 ταῦτσ

2237 816 2613 884 ταλαιπωρίας
2662 818 2807 878 τινδς
2843 819 2941 869 καὶ
2991 815 3246 887 δακρύων
3303 820 3397 870 καὶ
3444 818 3623 869 πόνων
3660 819 3823 886 ὑπὲρ

2238 906 2347 956 τῶν
2380 906 2791 975 ἡμαρτημένων
2840 908 3037 973 δεῆσαν
3082 907 3235 975 παρά
3276 911 3388 970 τοῖς
3420 909 3719 971 ὑγιαίνουσι
3752 909 3829 960 es

2244 998 2441 1065 μέτρον
2486 1000 2820 1067 ζητήσουσι·
2867 991 3013 1052 οὗτοι
3055 999 3111 1051 δέ
3157 1000 3256 1068 τὴν
3290 1001 3445 1050 νόσον
3473 999 3686 1051 ἃπασαν
3714 1003 3831 1052 ἔχ’-

2237 1088 2489 1151 6αλόντες
2533 1092 2742 1150 ἑαυτοῖς
2782 1090 3097 1159 ἀρκέσουσι.
3129 1091 3320 1155 Διττῆς
3367 1090 3679 1158 γὰρ.ούση;
3705 1091 3828 1154 τῆς

580 1177 853 1243 ἁμαρτίας
885 1176 1195 1245 ἀμφοτέρας
1234 1176 1492 1241 φεύγουσι
1521 1177 1615 1236 τὰς
1655 1175 1905 1242 μερίδας*
1938 1174 2035 1242 τῆς
2062 1191 2120 1225 τε
2162 1176 2270 1243 γὰρ
2316 1178 2596 1245 ἐνεργείας
2647 1178 2816 1246 αὐτῆς
2844 1178 3150 1231 ἐπαύσαντο
3200 1179 3680 1247 μεταμεληθέντες,
3714 1182 3832 1231 καὶ

579 1270 749 1331 πάθος
809 1268 1043 1337 πονηρὸν
1103 1267 1198 1319 καὶ
1245 1267 1487 1328 διάθεσις
1548 1266 1769 1334 ἡτισοῦν
1836 1266 1936 1316 οὐκ
1984 1265 2251 1332 ἐνέμεινε,
2293 1266 2385 1319 τοῦ
2453 1270 2586 1335 πρὸς
2652 1268 2888 1335 τάγαθόν
2954 1268 3047 1319 καλ
3082 1267 3174 1318 τὸν
3246 1268 3379 1319 Θεὸν

580 1360 902 1419 ἐντακέντος
934 1360 1113 1419 αὐτοῖς
1146 1358 1345 1420 πάθους
1385 1359 1459 1427 μὴ
1500 1356 1925 1425 συγχωροῦντος.

647 1450 712 1503 Et
732 1452 842 1505 haec
855 1450 1069 1519 quidem
1093 1452 1157 1504 de
1182 1452 1401 1503 tristitia
1430 1466 1443 1501 :
1472 1450 1703 1516 gaudere
1726 1464 1852 1502 vero
1874 1448 2144 1511 convenit,

3453 1271 3570 1329 ταῖς
3611 1269 3828 1337 ψυχαῖς

2323 1450 2430 1503 Καὶ
2453 1453 2582 1519 περὶ
2605 1452 2704 1520 μὲν
2727 1453 2827 1520 τῆς
2854 1454 3027 1517 λύπης
3046 1454 3283 1505 τοσαῦτα
3300 1471 3316 1484 ι
3343 1454 3554 1522 χαίρειν
3588 1453 3642 1504 δέ
3672 1468 3793 1519 συμ
3810 1483 3828 1491 -

582 1543 627 1597 si
660 1558 781 1611 quae
811 1557 1065 1597 amamus
1088 1557 1232 1595 nunc
1270 1543 1501 1595 maxime
1552 1542 1750 1593 adsunt
1802 1547 1895 1592 aut
1954 1540 2142 1594 saltem

2261 1542 2425 1594 ξαίνει
2456 1545 2556 1610 μὲν
2588 1545 2870 1611 παρόντων
2897 1547 3027 1613 ημῖν
3058 1545 3094 1598 ἃ
3125 1544 3409 1613 φιλοῦμεν,
3441 1544 3728 1611 συμὸαίνει
3758 1544 3829 1597 δὲ

582 1643 895 1702 sperantur.
956 1630 1164 1685 Etenim
1236 1645 1327 1698 Spe
1394 1630 1727 1699 gaudemus,
1786 1628 1962 1697 inquit
2007 1629 2145 1681 Pau~

2261 1629 2783 1705 ilmCopivwv._Ka\
2830 1637 2939 1704 γὰρ
2966 1638 3030 1705 τῇ
3075 1636 3247 1688 ἐλπίδι
3280 1636 3561 1705 χαίρομεν,
3605 1635 3831 1695 Παῦλος

585 1726 689 1785 lus,
743 1733 997 1790 tanquam
1032 1722 1295 1776 charitate
1336 1737 1455 1774 cum
1502 1722 1698 1789 gaudio
1746 1736 1912 1788 supet:
1951 1720 2136 1772 eadem

2261 1716 2422 1785 εἴπεν,
2462 1723 2539 1786 ὡς
2592 1702 2670 1777 ἂν.
2702 1725 2801 1793 τῆς
2855 1702 3075 1795 ἀγάπης
3108 1730 3170 1796 τῇ
3225 1702 3389 1796 χαρᾷ⁷
3424 1727 3640 1794 περὶτὰ
3676 1727 3831 1779 αὐτὰ

587 1810 944 1865 conveniente
968 1828 983 1876 ;
1011 1819 1065 1865 et
1087 1819 1231 1866 certe
1276 1813 1568 1879 gaudemus
1613 1809 1767 1863 nobis
1804 1810 1936 1877 ipsis
1960 1852 1974 1873 ,
2006 1825 2111 1877 qua

2261 1814 2590 1882 τυνεστώσης
2614 1830 2628 1844 ⁸
2664 1818 2759 1867 καὶ
2790 1816 2854 1885 δὴ
2897 1818 3162 1885 χαίρομεν
3190 1819 3324 1886 ἡμῖν
3358 1818 3542 1879 αὐτοῖς
3580 1818 3828 1870 καθόσον

588 1913 747 1957 tenus
788 1918 1069 1967 amamus,
1097 1910 1149 1956 et
1198 1902 1353 1967 aliis,
1385 1908 1627 1955 nostrum
1674 1901 1912 1969 ipsorum
1948 1902 2140 1971 gratia.

587 1993 729 2049 Sunt
764 2004 950 2049 autem
1000 1996 1091 2064 qui
1116 2005 1337 2063 propter
1366 1994 1574 2061 seipsos
1603 1992 1827 2060 jucundi
1852 2002 1997 2053 sunt,
2018 2009 2140 2047 cum

591 2087 691 2153 ipsi
714 2086 822 2139 sint
838 2086 997 2140 bOnis
1015 2086 1276 2145 moribus.
1300 2086 1694 2154 benevolosque
1713 2086 1902 2139 obvios
1935 2086 2145 2140 habue-

591 2177 703 2229 rint
736 2178 969 2230 animos.
1018 2175 1201 2245 Itaque
1243 2177 1459 2230 virtutis
1485 2191 1670 2231 amans
1704 2191 1807 2230 non
1834 2177 2011 2246 diligit
2042 2178 2141 2230 nisi

592 2266 733 2335 quod
789 2266 989 2319 bonum
1034 2275 1154 2320 est:
1188 2275 1404 2335 propter
1451 2268 1552 2320 hoc
1582 2266 1798 2335 quidem
1824 2267 2143 2336 sibimetipsi

592 2357 808 2425 gaudet,
860 2367 1079 2427 propter
1116 2358 1217 2411 hoc
1251 2367 1429 2411 autem
1496 2359 1656 2411 etiam
1691 2358 1994 2421 aliis,illud
2029 2358 2149 2427 qui-

593 2444 713 2500 dem
747 2486 761 2509 ,
792 2447 839 2502 si
873 2461 1048 2500 mores
1082 2448 1424 2510 conveniant,
1457 2448 1557 2499 hoc
1579 2457 1754 2499 autem
1781 2450 1823 2501 si
1846 2447 1913 2500 ad
1942 2448 2144 2501 bonum

595 2538 792 2594 auxilia
843 2548 1114 2609 przestent.
1171 2537 1369 2592 Praeter
1432 2539 1544 2592 haec
1588 2554 1716 2593 vero
1767 2539 1958 2594 alienis
1986 2539 2147 2592 bonis

597 2632 760 2684 homo
809 2630 983 2683 bonus
1024 2630 1255 2699 gaudet,
1288 2641 1339 2684 et
1392 2630 1492 2699 ipsi
1530 2641 1776 2683 votorum
1804 2644 1868 2684 ac
1891 2630 2147 2683 desiderii

597 2735 814 2790 quoque
845 2721 965 2774 finis
1003 2730 1104 2783 est,
1140 2721 1181 2774 si
1211 2720 1333 2786 quis
1365 2721 1499 2773 bene
1521 2721 1649 2790 agit.
1683 2720 1747 2773 Et
1772 2721 1872 2773 hoe
1901 2722 2151 2789 volupta-

601 2814 670 2867 tis
698 2812 1106 2866 liberalissimus
1159 2822 1242 2864 est
1280 2810 1492 2875 modus,
1516 2811 1609 2864 ubi
1637 2824 1982 2865 communem
2021 2810 2152 2863 facit

602 2903 796 2956 animae
834 2903 1198 2971 .voluptatcm.
1263 2916 1361 2954 nec
1416 2903 1649 2970 seipsum
1709 2902 1882 2956 solum
1932 2911 2021 2954 aut
2054 2916 2153 2955 sua

597 2997 885 3048 commoda
934 2995 1084 3063 cupit
1124 3034 1139 3059 ,
1178 3010 1277 3049 nec
1329 2995 1441 3049 suis
1470 2994 1643 3047 solum
1707 2993 1971 3063 gloriatur
2011 3033 2026 3057 ,
2062 3000 2155 3046 aut

2248 1902 2537 1971 φιλοῦμεν,
2579 1906 2675 1957 καὶ
2729 1907 2911 1970 ἄλλοις
2954 1908 3113 1977 ὴμῶν
3163 1909 3344 1962 αὐτῶν
3376 1912 3554 1978 χάριν.
3595 1910 3715 1961 Elei.
3761 1910 3829 1962 δὲ

2249 1994 2298 2046 οἳ
2351 1995 2444 2048 καὶ
2479 1996 2546 2047 δι’
2586 1997 2815 2060 ἐαυτοῖις
2867 2000 3015 2067 ἡδεῖς
3077 2002 3233 2061 είσιν,
3284 2001 3502 2052 ἐπειδὰν
3553 2001 3707 2052 αύτοί
3758 2017 3828 2052 τε

2250 2083 2444 2148 ἀγαθοὶ
2496 2079 2597 2137 ὦσι
2628 2086 2753 2146 τοὺς
2806 2089 3039 2155 τρόπους
3082 2091 3173 2141 καὶ
3235 2091 3589 2159 εὐγνωμόνων
3616 2092 3829 2159 τύχωσι

2248 2173 2357 2225 τῶν
2390 2175 2734 2244 ἐπιτηδείων.
2777 2175 2837 2229 Ὀ
2870 2178 3050 2230 τοίνυν
3096 2180 3405 2241 σπουδαῖος,
3464 2181 3689 2246 φιλητὸν
3731 2183 3829 2249 p.6-

2250 2282 2340 2318 νον
2362 2268 2725 2337 ἐπιστάμενος
2742 2270 3001 2335 τάγαθὸν,
3019 2270 3089 2323 δι’
3110 2272 3284 2324 ἐκεῖνο
3307 2272 3403 2340 μὲν
3421 2273 3598 2339 ἐαυτῷ
3618 2272 3826 2338 χαίρει,

2252 2355 2319 2407 δι’
2358 2357 2533 2410 ἐκεῖνο
2577 2359 2633 2410 δέ
2683 2360 2777 2411 καὶ
2818 2362 2934 2422 τοῖς
2972 2361 3173 2425 ἄλλοις,
3222 2363 3379 2416 τοῦτο
3428 2362 3529 2430 μὲν
3589 2366 3638 2415 εἰ
3696 2365 3832 2423 τοὺς

2252 2446 2487 2512 τρόπους
2512 2450 2745 2513 ἐοίκασι,
2776 2451 2936 2504 τοῦτο
2964 2454 3018 2505 δὲ
3048 2456 3094 2505 εί
3120 2453 3256 2523 πρὸς
3278 2453 3515 2520 τάγαθὸν
3540 2456 3821 2521 βοηθοῦσι.

2256 2538 2365 2589 Καὶ
2394 2540 2568 2597 ἄλλως
2598 2541 2651 2591 δὲ
2683 2541 2890 2593 τούτων
2925 2546 3094 2611 χωρὶς
3122 2546 3235 2605 τοῖς
3266 2543 3570 2611 ἀλλοτρίοις
3598 2546 3829 2610 ἀγαθοῖς

2255 2628 2282 2677 ό
2316 2629 2518 2694 ἀγαθὸς
2542 2630 2832 2700 ἄνθρωπος
2864 2633 3067 2700 χαίρει,
3100 2635 3193 2685 καὶ
3226 2634 3335 2686 τῶν
3365 2635 3537 2703 εὖχῶν
3555 2637 3704 2703 αὐτῷ
3735 2639 3830 2688 καὶ

2256 2717 2357 2785 τῆς
2391 2719 2689 2786 ἐπιθυμίας
2719 2724 2815 2775 xa‘t
2862 2721 3020 2775 τοῦτο
3053 2724 3244 2789 πέρας,
3282 2726 3336 2776 ετ
3359 2742 3442 2783 τις
3481 2724 3541 2776 εὖ
3572 2726 3825 2793 πράττει.

2261 2809 2366 2859 Καὶ
2385 2807 2539 2860 τοῦτό
2562 2809 2708 2861 ἐστιν
2733 2811 2760 2860 ό
2786 2811 3234 2880 ἐλευθεριώτατος
3256 2813 3354 2877 τῆς
3380 2812 3574 2879 ἠῗονῆς
3599 2814 3825 2878 τρόπος,

2259 2899 2389 2951 ὅταν
2419 2900 2604 2968 κοινὴν
2633 2901 2854 2967 ποιῆται
2886 2905 2984 2969 τὴν
3018 2903 3116 2969 τῆς
3147 2903 3323 2971 ψυχῆς
3354 2904 3568 2971 ἡδονὴν,
3609 2905 3699 2955 καὶ
3718 2904 3830 2971 ὀὐχ

2262 2990 2453 3041 ἑαυτὸν
2490 2992 2647 3057 μόνον
2671 2994 2763 3044 καὶ
2795 2992 2863 3044 τὰ
2907 2992 3100 3045 ἑαυτοῦ
3133 2993 3282 3063 θέλῃ,
3322 2994 3443 3046 οὐδὲ
3478 2995 3833 3061 φιλοτιμῆται

604 3096 748 3138 amat
799 3085 1011 3139 lucrum
1044 3127 1058 3150 ,
1086 3085 1178 3139 sed
1230 3086 1474 3140 coronari
1541 3085 1861 3155 praesumit,
1895 3086 2024 3139 dum
2062 3086 2152 3140 alii

2262 3082 2372 3141 τοῖς
2392 3079 2562 3131 αὐτοῦ
2595 3082 2775 3150 μόνον,
2796 3082 2902 3134 οὐδ’
2932 3084 3117 3152 ἀγαπᾷ
3140 3084 3457 3152 κερδαίνων,
3484 3082 3602 3135 ἀλλ’
3628 3084 3833 3151 ἡγῆται

606 3178 848 3233 vincunt.
904 3176 958 3231 In
1012 3176 1114 3231 hoc
1158 3177 1301 3231 enim
1370 3177 1531 3230 homo
1561 3184 1807 3229 naturam
1835 3185 2077 3243 superat,
2108 3185 2161 3229 et

606 3268 716 3323 Deo
768 3271 825 3322 ﬁt
860 3269 1075 3333 similis,
1126 3270 1217 3338 qui
1248 3282 1533 3322 commune
1561 3268 1761 3320 bonutn
1793 3276 1897 3320 est.
1930 3264 2034 3319 Sed
2064 3266 2161 3319 ali-

610 3359 750 3411 unde
783 3374 998 3427 quoque
1020 3357 1302 3412 manifeste
1332 3358 1509 3411 elucet
1536 3356 1678 3425 quod
1703 3359 1900 3411 bonum
1938 3365 2159 3425 prOpter

610 3448 846 3517 seipsum
881 3457 935 3502 et
977 3463 1080 3502 non
1118 3456 1336 3517 propter
1369 3462 1521 3503 suam
1551 3448 2161 3509 utilitatemamat,cum

609 3537 771 3590 etiam
834 3538 975 3606 apud
994 3538 1129 3591 alios
1160 3539 1373 3600 videns,
1402 3553 1505 3590 non
1535 3538 1715 3592 minus
1748 3537 1976 3591 laetetur.
2010 3538 2164 3594 Alius

610 3632 830 3699 quidem
888 3632 1117 3685 aliorum
1178 3631 1387 3685 fructus
1445 3641 1545 3695 est,
1596 3633 1854 3685 bonorum
1882 3633 2162 3687 hominum

610 3731 693 3776 est
714 3762 731 3789 ,
754 3722 1005 3776 omnibus
1033 3722 1165 3777 bene
1213 3725 1347 3776 velle
1390 3724 1725 3791 gaudereque
1759 3724 1824 3777 de
1859 3728 1998 3777 bona
2032 3725 2167 3778 isto-

612 3828 733 3865 rum
787 3812 1242 3876 consideratione,
1287 3812 1496 3881 liocque
1544 3813 1755 3881 signum
1788 3812 2035 3880 perfecta:
2068 3814 2166 3867 bo-

616 3901 799 3955 nitatis
840 3901 966 3970 poni
1017 3900 1096 3955 fas
1146 3908 1250 3963 est,
1302 3902 1442 3955 sicut
1472 3900 1677 3956 arboris
1731 3902 1923 3958 fertilis
1958 3903 2166 3959 fructus

617 3990 964 4067 manifestum
1031 3992 1269 4046 ostendit
1320 3992 1580 4061 vigorem.
1636 3992 1746 4048 Nec
1789 3995 1931 4047 enim
1971 4004 2165 4049 natura

617 4084 758 4137 ferre
796 4092 970 4152 potest
994 4084 1240 4136 arborem
1274 4084 1339 4134 ad
1371 4084 1576 4137 similes
1625 4085 1999 4151 producendos
2068 4101 2166 4157 ap-

620 4181 728 4224 tam
755 4187 875 4241 qua:
900 4171 953 4225 in
982 4187 1039 4227 se
1070 4175 1220 4241 prius
1251 4188 1354 4225 non
1392 4173 1461 4227 sit
1484 4172 1737 4242 perfecta,
1775 4189 1875 4230 nec
1903 4176 2041 4229 inter
2066 4177 2166 4230 lto-

620 4264 794 4319 mines
819 4265 959 4319 ullus
988 4264 1108 4319 aliis
1145 4274 1287 4319 esset
1338 4265 1486 4319 utilis
1519 4304 1534 4327 ,
1571 4268 1662 4334 qui
1725 4266 1875 4335 prius
1922 4283 2029 4323 non
2062 4270 2165 4325 sibi

621 4355 721 4424 ipsi
768 4356 1069 4421 prodesset.
1122 4356 1457 4423 Sibimetipsi
1510 4358 1651 4411 enim
1701 4373 1817 4438 prae
1840 4360 2051 4415 caneris
2079 4371 2165 4417 est

2264 3171 2971 3238 στεφανοῦσθαι,νικώντων
3004 3175 3224 3243 ἐτέρων.
3268 3174 3358 3225 Ἐν
3392 3177 3565 3243 τούτῳ
3593 3175 3701 3243 γὰρ
3732 3175 3834 3244 τὴν

2265 3260 2428 3328 φύσιν
2457 3263 2485 3313 δ
2534 3261 2821 3330 ἄνθρωπος
2868 3262 3186 3332 ὑπερϐαίνει
3235 3266 3331 3316 καὶ
3360 3263 3480 3332 Θεῷ
3527 3264 3729 3324 ἔοικεν,
3773 3264 3833 3325 δς

2264 3351 2447 3405 κοινόν
2480 3351 2629 3404 ἐστιν
2654 3352 2878 3431 διγιιιθόντ
2906 3355 3111 3415 Ἄλλως
3137 3372 3194 3407 τε
3221 3354 3411 3407 τοῦτον
3433 3355 3639 3423 τρόπον
3673 3356 3834 3422 δῆλος

2265 3443 2472 3512 γίνεται
2501 3445 2569 3498 δι’
2600 3446 2760 3498 ἑαυτὸ
2800 3446 2969 3514 φιλῶν
3000 3445 3049 3498 τ’
3099 3446 3300 3513 ἀγαθον
3348 3446 3443 3498 καὶ
3489 3446 3550 3498 ού
3597 3447 3686 3499 διά
3727 3448 3830 3516 τὴν

2265 3534 2432 3588 αὑτοῦ
2467 3537 2680 3605 χρείαν,
2718 3539 2849 3589 ὅταν
2869 3538 2962 3590 καὶ
2993 3537 3123 3607 παρ’
3165 3537 3345 3599 ἄλλοις
3388 3537 3527 3604 δρῶν
3552 3538 3707 3590 οὐδὲν
3734 3534 3832 3609 ἧτ-

2263 3641 2355 3677 τον
2383 3626 2577 3694 ἥδηται
2646 3627 2737 3678 καὶ
2769 3626 2931 3679 ἄλλου
2966 3627 3065 3694 μὲν
3095 3626 3225 3679 ἄλλο
3257 3643 3309 3678 τι
3356 3626 3593 3692 καρπὸς,
3622 3628 3731 3679 τῶν
3774 3627 3831 3679 δὲ

2266 3715 2487 3783 ἀγαθῶν
2542 3717 2750 3785 ἀνδρῶν
2800 3717 2861 3767 τὸ
2915 3718 3152 3785 τάγαθῦν
3214 3717 3501 3786 βούλεσθαι
3560 3720 3695 3770 πᾶσι
3742 3719 3835 3772 καὶ

2266 3804 2480 3873 χαίρειν
2518 3806 2969 3875 εὐδοκιμούντων,
3028 3807 3123 3859 καὶ
3157 3806 3318 3859 τοῦτο
3363 3809 3590 3875 σημεῖον
3629 3809 3695 3861 ἂν
3753 3826 3838 3871 τις

2268 3895 2412 3947 θεῖτο
2438 3893 2533 3947 τοῦ
2560 3896 2784 3958 τελείως
2816 3894 2957 3950 εἶναι
2996 3898 3290 3966 χρηστοὺς,
3324 3898 3576 3967 καθάπερ
3617 3900 3647 3967 ἡ
3692 3900 3841 3966 φορά

2266 3986 2360 4041 τοῦ
2418 3988 2842 4057 προενεγκόντος
2914 3986 3082 4055 φυτοῦ
3150 3987 3317 4057 δήλην
3382 3988 3680 4056 καθίστησι
3738 3989 3843 4058 τὴν

2268 4078 2475 4146 ἀκμήν.
2530 4078 2668 4131 Ούτε
2699 4078 2807 4147 γὰρ
2853 4078 2976 4147 ἆνή
3010 4078 3173 4146 φύσις
3208 4080 3384 4131 ἐκεῖνο
3437 4078 3513 4148 μὴ
3566 4081 3839 4149 πρότερον

2268 4170 2355 4239 ἐφ’
2380 4172 2574 4225 ἑαυτοῦ
2599 4171 2883 4225 τελειωθὲν
2907 4172 3001 4224 ἐπὶ
3023 4173 3131 4225 τῶν
3171 4170 3375 4240 ὁμοίων
3401 4172 3614 4239 ἐνέγκοι
3644 4174 3841 4236 τόκων,

2268 4260 2391 4316 οὔτε
2421 4263 2530 4316 τῶν
2576 4262 2880 4332 ἀνθρώπων
2909 4263 3084 4326 οὐδεὶς
3117 4262 3298 4324 ἄλλοις
3337 4262 3403 4315 ἂν
3445 4263 3529 4332 εἴη
3576 4264 3841 4333 χρηστὸς,

2276 4354 2350 4424 μὴ
2380 4354 2525 4407 τοῦτ’
2574 4354 2704 4406 αὐτὸ
2738 4356 3003 4422 πρότερον
3050 4354 3347 4422 γενόμενος
3389 4352 3587 4422 ἑαυτῷ.
3620 4354 3845 4423 Ἐαυτῷ

620 4444 862 4505 intimus.
891 4444 991 4497 sibi
1014 4445 1113 4512 ipsi
1133 4444 1411 4499 familiaris
1437 4452 1537 4506 est.
1566 4460 1629 4500 ac
1657 4450 1982 4513 praecteterls
1998 4450 2155 4519 seips4

2287 4445 2384 4513 μὲν
2414 4445 2521 4515 γὰρ
2550 4444 2653 4512 πρὸ
2680 4443 2786 4496 τῶν
2809 4444 2983 4497 ἀλλων
3008 4444 3275 4511 σύνεστιν,
3303 4444 3483 4513 ἐαυτῷ
3512 4444 3567 4497 δὲ
3602 4448 3843 4517 συνήθης

622 4535 788 4588 utitur
818 4535 1067 4603 ,sibique
1122 4535 1261 4590 bona
1322 4536 1436 4589 vult
1498 4546 1659 4605 atque
1706 4547 1976 4607 precatur.
2024 4539 2166 4607 Quid

618 4639 750 4693 ergo
804 4624 1051 4694 prohibet
1104 4626 1393 4694 quominus
1445 4627 1546 4681 sibi
1598 4628 1748 4695 prius
1770 4628 2050 4696 inserviat,
2084 4634 2163 4687 si-

619 4716 834 4783 quidem
892 4730 957 4769 ex
1008 4731 1112 4770 una
1158 4726 1306 4785 parte
1358 4717 1513 4771 bonis
1554 4718 1767 4785 gaudet,
1794 4721 1987 4776 exalia
2017 4739 2164 4786 vero,

620 4814 813 4859 natura
841 4806 989 4874 prius
1024 4805 1090 4859 ad
1126 4808 1300 4876 ipsum
1328 4808 1475 4860 illum
1504 4806 1753 4877 illzusque
1778 4812 2162 4881 cogitationem

622 4896 863 4959 inclinat,
887 4898 1025 4953 sicut
1076 4914 1408 4969 unaquaeque
1437 4902 1727 4955 creatura?
1752 4901 1860 4955 Sihi
1893 4903 1994 4972 ipsi
2023 4905 2165 4958 enim

620 4988 673 5042 in
732 4996 901 5043 totum
947 4998 1050 5053 est,
1083 4990 1186 5045 sibi
1209 4992 1336 5045 vero
1372 4993 1604 5061 primum
1640 5001 1723 5047 est
1761 4994 2000 5059 bonum,
2024 5006 2077 5050 et
2113 5004 2170 5050 ut

620 5080 998 5149 unusquisque
1024 5081 1093 5136 sit
1132 5082 1266 5151 ipse,
1296 5083 1527 5152 primum
1581 5098 1643 5137 ac
1671 5099 1960 5140 commune
1992 5087 2171 5141 omni-

617 5171 718 5226 bus
744 5180 829 5226 est
858 5170 1208 5228 desiderium.

685 5259 975 5332 Propterea
995 5267 1339 5321 manifestum
1363 5275 1443 5338 est
1466 5270 1607 5336 quod
1639 5269 1683 5327 si
1717 5268 1913 5323 bonam
1941 5268 2171 5321 aliorum

617 5355 1025 5411 aestimationem
1076 5371 1220 5411 amat
1252 5370 1305 5413 et
1333 5376 1455 5414 cum
1486 5361 1779 5414 obtinuerit
1809 5362 2023 5429 gaudet,
2061 5361 2176 5428 ipse

620 5459 723 5497 non
737 5455 821 5499 est
840 5446 1025 5498 talium
1046 5445 1283 5501 eshmres
1301 5464 1395 5499 nec
1413 5450 1608 5515 ’egens:
1636 5463 1737 5500 non
1756 5450 1897 5501 enim
1922 5463 1978 5501 se
1997 5463 2178 5500 suam-

617 5551 722 5603 que
780 5550 891 5589 rem
935 5538 1205 5607 negligens
1267 5555 1369 5607 qua
1418 5553 1553 5607 Opus
1598 5539 1759 5591 habet
1806 5539 1925 5592 aliis
1953 5536 2180 5592 studuit.

618 5628 903 5689 Quomodo
937 5616 1080 5681 enim
1115 5630 1167 5681 in
1213 5629 1445 5681 aliorum
1480 5626 1728 5682 manibus
1770 5630 1951 5696 cupiat
1981 5628 2071 5681 illa
2102 5628 2181 5680 vi-

619 5722 770 5786 dere,
830 5720 1027 5787 quibus
1072 5720 1346 5789 propriam
1380 5722 1599 5775 domum
1647 5736 1875 5776 vacuum
1921 5720 2060 5775 scit?
2118 5718 2176 5774 Si

2270 4536 2407 4600 ἐστὶ,
2444 4537 2538 4589 καὶ
2566 4537 2674 4604 πρὸ
2703 4534 2921 4588 πάντων
2953 4534 3127 4605 ἐαυτῷ
3156 4536 3373 4604 χρῆται,
3397 4536 3491 4588 καὶ
3517 4536 3587 4588 τὰ
3631 4540 3846 4606 χρηστὰ

2274 4627 2524 4697 βούλεται
2556 4628 2647 4680 καὶ
2689 4625 2930 4695 εὔχεται.
2968 4626 3034 4679 Τί
3067 4626 3160 4679 οὖν
3186 4627 3387 4679 κωλύει
3415 4630 3681 4697 πρότερον
3712 4629 3839 4681 ἐαυυ

2270 4718 2363 4771 τὸν
2390 4716 2642 4785 ὠφελεῖν,
2675 4716 2833 4784 εῐπερ
2858 4717 2887 4769 ὁ
2926 4716 3023 4785 μὲν
3050 4719 3162 4779 τοῖς
3203 4715 3429 4783 ἀγαθοῖς
3477 4716 3687 4786 χαίρει,
3721 4719 3755 4786 ἡ
3784 4717 3841 4771 δέ

2276 4810 2434 4875 φύσις
2462 4810 2541 4871 είς
2571 4807 2763 4861 ἑαυτὸν
2794 4808 3061 4877 πρότερον
3086 4806 3247 4860 αὐτὸν
3270 4807 3587 4874 ἐπιστρέφει
3616 4809 3713 4861 καὶ
3740 4809 3841 4876 τὴν

2274 4900 2440 4955 αὐτοῦ
2488 4900 2744 4970 πρόνοιαν
2776 4897 3025 4969 καθάπερ
3077 4901 3171 4951 καὶ
3208 4896 3315 4951 τῶν
3355 4898 3526 4949 ὄντων
3559 4898 3834 4965 ἓκαστονς

2284 4991 2496 5061 Ἑαυτῷ
2560 4991 2658 5062 μέν
2709 4990 2820 5061 γὰρ
2859 4989 2995 5052 ὅλως
3044 4988 3216 5051 ἐστὶν,
3270 4987 3449 5055 ἐαυτῷ
3484 4988 3541 5040 δέ
3604 4989 3839 5058 πρώτως

2271 5084 2476 5151 ἀγαθόν
2522 5083 2692 5144 ἐστιν,
2744 5081 2839 5134 καὶ
2884 5080 2978 5135 τοῦ
3028 5078 3160 5135 αὐτὸ
3188 5080 3419 5132 ἕκαστον
3450 5074 3614 5146 εἷναι,
3651 5082 3841 5150 πρώτη

2282 5178 2378 5228 καὶ
2413 5175 2702 5241 κοινοτάτη
2727 5175 2895 5226 πᾶσιν
2920 5172 3078 5227 ἐπιθυ
3088 5173 3207 5242 μία.

2353 5264 2451 5316 Διὰ
2479 5262 2651 5317 ταῦτα
2684 5263 2842 5332 δῆλός
2876 5264 3045 5321 ἐστιν,
3077 5265 3125 5314 εί
3153 5262 3253 5329 τῆς
3308 5262 3419 5314 τῶν
3453 5261 3633 5315 ἄλλων
3697 5264 3845 5316 εὗδο-

2283 5356 2567 5424 κιμήσεως
2596 5353 2741 5424 ἐρῴη
2775 5354 2869 5406 καὶ
2892 5354 3071 5422 χαίροι
3100 5355 3388 5420 τυχόντων,
3419 5353 3519 5405 οὐκ
3559 5354 3721 5415 αὐτὸς
3739 5355 3845 5406 τῶν

2286 5444 2547 5497 τοιούτων
2583 5444 2811 5515 ἄμοιρος
2847 5444 2921 5495 ὢν
2944 5444 3052 5496 οὐδ’
3086 5441 3321 5504 ἐλλιπῶς
3355 5441 3491 5511 ἔχων
3515 5459 3528 5471 ο
3569 5443 3691 5496 οὺδέ
3739 5447 3843 5513 γὰρ

2283 5536 2443 5590 αὑτὸν
2475 5537 2713 5605 ὑπερϐὰς
2748 5538 2841 5589 καὶ
2872 5534 2970 5605 τὴν
3002 5532 3163 5612 αὐτοῦ
3197 5534 3408 5602 χρείαν,
3448 5527 3522 5587 ὧν
3551 5536 3708 5597 αὐτὸς
3739 5535 3845 5586 ἐδέ-

2285 5645 2408 5698 ησε,
2459 5628 2589 5696 περὶ
2630 5628 2737 5681 τῶν
2791 5627 2967 5681 ἄλλων
3017 5625 3324 5694 ἐφρόντιζες
3361 5625 3483 5688 Πῶς
3534 5625 3643 5695 γὰρ
3690 5626 3755 5679 ἂν
3792 5627 3845 5677 ἐν

2283 5720 2402 5782 ταῖς
2426 5718 2534 5773 τῶν
2566 5717 2741 5773 ἄλλων
2770 5717 2959 5790 χερσὶν
2992 5715 3383 5787 ἐπιθυμήσειεν
3418 5716 3567 5782 ἰδεῖν,
3616 5712 3691 5771 ὧν
3748 5716 3843 5786 τὴν
