4140 6318
176 420 287 482 7'35

1209 415 1310 476 DE
1348 416 1529 477 VITA
1570 415 1652 479 IN
1693 412 2028 476 CHRISTO
2088 412 2237 474 LIB.
2272 410 2415 473 VII.

3341 404 3450 464 706

192 531 392 586 ἑαυτοῦ
424 530 605 586 οὶκίαν
664 528 808 597 ἔγνω
865 528 1030 600 κενήν
1056 544 1072 593 ;
1102 528 1166 581 El
1196 527 1240 581 δ’
1269 526 1401 581 ἔνιοι
1454 529 1566 583 τῶν
1622 528 1760 598 πρὸς

1865 543 1996 581 vero
2028 526 2159 595 quid
2186 542 2253 578 -.m
2288 525 2354 578 de
2381 522 2523 576 bono
2557 521 2868 589 virtuteque
2903 514 3146 588 perversi
3173 516 3452 577 eandidis-

180 624 416 692 τάγαθὸν
443 622 537 677 καὶ
565 623 664 693 τὴν
693 621 897 691 ἀρετὴν
935 619 1157 689 φαύλως
1188 620 1445 689 ἑχόντων,
1472 621 1583 674 τῶν
1628 621 1753 691 ἀρί-

183 730 324 766 στων
363 711 737 783 περιτιθέντες
796 712 1007 772 ἑαυτοῖς
1057 713 1406 781 προσωπεῖον
1464 711 1601 778 πρὸς
1625 714 1755 781 ἀρε·

180 802 280 870 τὴν
311 801 623 869 ἀλείφουσι,
653 799 748 850 καὶ
780 792 853 851 ὢν
908 798 1067 850 αὐτοὶ
1112 798 1397 859 παντελῶς
1453 798 1753 868 ἠγνόησαν,

182 892 367 954 ἄλλοις
403 890 660 960 ἡγεῖσθαι
697 889 975 959 ζητοῦσιν,
1008 888 1144 941 ἀλλά
1195 888 1383 959 φήμης
1419 890 1561 953 τινος
1612 892 1758 958 ὲφιέ-

185 1000 337 1051 μενοι
369 984 551 1052 τυχεῖν
586 982 743 1034 αὐτοὶ
772 981 865 1033 καὶ
894 968 1051 1049 δόξης
1078 980 1334 1048 ψευδοῦς,
1364 982 1426 1034 ού
1472 985 1573 1052 τῆς
1631 984 1758 1053 ἁρε-

183 1076 281 1142 τῆς
342 1075 438 1128 καὶ
479 1073 718 1141 τάγαθοῦ
784 1074 974 1142 χάρινι
1036 1073 1111 1136 ὡς
1168 1072 1294 1134 τούς
1342 1091 1406 1141 γε
1468 1074 1609 1128 κατά
1664 1075 1757 1127 τὸν

181 1162 341 1233 όρθδν
366 1163 523 1231 λόγον
550 1160 709 1215 τοῦτο
736 1161 1036 1232 ζητοῦντας
1094 1163 1379 1233 ἀμήχανον
1415 1163 1637 1226 τελείως
1681 1162 1758 1215 εἴ·

180 1272 271 1306 ναι
298 1253 598 1323 χρηστούς.
631 1252 805 1306 Τοῦτο
834 1253 942 1324 γάρ
974 1254 1088 1306 ἐστι
1139 1252 1337 1323 φθόνου
1389 1254 1488 1323 μὲν
1524 1254 1617 1307 καὶ
1658 1254 1754 1324 βα-

186 1343 417 1405 σκανίας
443 1343 661 1412 ἀπάσης
710 1341 1145 1412 ἀπηλλαγμένων
1179 1344 1406 1415 ἀνδρῶν,
1439 1346 1658 1415 ἀγάπην
1699 1347 1755 1400 δὲ

185 1437 322 1504 πρὸς
349 1437 411 1488 τὸ
435 1436 708 1504 ὁμόφυλον
742 1436 1010 1507 εἰλικρινῆ
1046 1438 1143 1491 καὶ
1200 1437 1416 1491 τελείαν
1469 1456 1757 1509 παρασχο-

195 1526 398 1595 μένων,
423 1528 561 1598 ὅπερ
607 1529 723 1580 ἐστὶ
748 1528 847 1597 τῆς
878 1529 1112 1598 ἐσχάτης
1142 1528 1501 1584 ὲπιλαὸέσθαι
1547 1531 1759 1599 φιλοσο-

184 1615 315 1683 φίας
339 1632 353 1644 °
387 1618 603 1686 ἀνάγκη
643 1616 849 1683 τοίνυν,
881 1613 961 1680 οἷς
997 1617 1096 1688 μὲν
1121 1617 1327 1688 ταύτης
1384 1618 1605 1688 μέτεστι
1662 1621 1758 1690 τῆς

184 1707 403 1775 ἡδονῆς,
428 1709 555 1771 τοὺς
580 1708 801 1762 πάντων
840 1708 1097 1778 ἀρίστους
1134 1703 1275 1762 εἶναι
1328 1711 1423 1763 καὶ
1456 1711 1759 1779 φιλοσοφω-

182 1800 403 1862 τάτους,
432 1802 544 1862 τοῖς
569 1800 623 1852 δὲ
654 1801 873 1853 πάντων
904 1801 1147 1871 ἀρίστοις
1173 1803 1266 1855 καὶ
1291 1801 1755 1872 φιλοσοφωτάτοις

192 1889 288 1940 καὶ
323 1887 531 1955 ταύτης
571 1892 811 1958 μετεῖναι
839 1870 953 1959 τῆς
986 1892 1198 1961 ἡδονῆς.
1247 1870 1592 1966 Ἀκόλουθον,
1621 1894 1751 1965 γὰρ,
1793 1870 1836 1925 Β

181 1977 276 2029 τοῦ
312 1978 522 2045 ἀγαθοῦ
555 1980 929 2050 μετασχόντας
960 1981 1058 2050 τὴν
1087 1981 1181 2034 τοῦ
1214 1981 1422 2049 ἀγαθοῦ
1480 1982 1755 2036 δεικνύναι

180 2066 347 2137 φύσιν
375 2072 432 2123 ὲν
457 2074 521 2141 τῇ
558 2072 702 2141 ψυχῇ
726 2089 737 2103 ο
770 2073 979 2126 ἐκείνου
1006 2073 1062 2127 δὲ
1094 2074 1187 2127 τοῦ
1210 2073 1415 2141 ἀγαθοῦ
1461 2075 1623 2144 φύσις
1665 2079 1756 2127 ὲκ-

180 2157 396 2225 χείσθαι
429 2159 523 2211 καὶ
558 2161 957 2228 μεταδίδοσθαι.
986 2162 1252 2232 Καθάπερ
1289 2165 1399 2233 γὰρ
1430 2163 1596 2218 αὑτοῦ
1625 2164 1762 2218 πάν-

181 2262 251 2299 τα
282 2249 519 2313 ἐφίεται,
582 2250 725 2301 οὕτω
780 2252 872 2302 καὶ
920 2251 1052 2303 αύτὸ
1115 2254 1323 2322 πέφυκε
1382 2254 1516 2322 πρὸς
1576 2253 1757 2308 πάντα

184 2340 415 2405 χωρεῖν·
445 2339 566 2392 οὐδὲ
599 2342 709 2411 γὰρ
743 2340 809 2394 ἂν
840 2343 1017 2396 πάντα
1050 2343 1214 2397 αὑτοῦ
1246 2345 1533 2414 τυγχάνειν
1559 2346 1758 2400 ἐπεθύ-

183 2445 350 2495 μουν,
387 2430 435 2480 εί
487 2431 559 2499 μὴ
593 2433 763 2483 πᾶσιν
802 2432 966 2484 ἑαυτὸ
1017 2436 1277 2504 παρεῖχεν
1311 2437 1485 2488 έκεῖνο
1509 2452 1523 2468 ·
1555 2439 1754 2506 ματαί-

180 2536 248 2570 αν
280 2521 389 2589 γάρ
421 2516 559 2573 εἶναι
584 2522 682 2591 τὴν
717 2521 1014 2593 ἐπιθυμίαν
1052 2524 1195 2578 οὕτω
1231 2527 1549 2596 κοινοτάτην
1570 2528 1756 2596 οὖσαν,

186 2609 305 2671 πῶς
332 2609 587 2677 εῦλογον;
622 2612 789 2665 Ὅθεν
826 2615 922 2666 καὶ
960 2614 1053 2667 τὸν
1100 2615 1303 2682 ἀγαθὸν
1345 2616 1627 2687 ἄνθρωπον
1654 2620 1760 2672 ὦσ-

185 2716 298 2769 περ
331 2701 531 2769 ἐαυτῷ,
558 2703 699 2757 οῦτω
747 2705 841 2758 καὶ
872 2708 1007 2759 πᾶσι
1033 2709 1297 2777 παρέχειν
1347 2710 1560 2775 ἑαυτὸν,
1604 2714 1631 2764 ό
1660 2713 1759 2784 τῆς

184 2792 554 2862 χρηστότητος
582 2796 802 2848 ἀπαιτεῖ
850 2796 1022 2865 λόγος,
1056 2799 1150 2850 καὶ
1201 2798 1453 2852 ἀνιᾶσθαι
1485 2804 1578 2852 καὶ
1636 2803 1759 2871 ἥδε-

185 2878 315 2931 σθαι
353 2881 445 2934 καὶ
470 2881 646 2935 ὁτιοῦν
681 2885 914 2955 πάσχειν
937 2885 1037 2958 την
1091 2887 1292 2957 ψυχὴν,
1345 2890 1480 2960 πρὸς
1528 2892 1594 2943 τὰ
1650 2894 1757 2946 τῶν

182 2968 365 3024 ἄλλων
393 2974 545 3028 οὐδὲν
568 2970 732 3046 ἧττον
771 2978 802 3046 ἦ
837 2980 905 3029 τὰ
932 2978 1095 3031 αὑτοῦ
1117 2995 1130 3010 ·
1165 2981 1257 3031 καὶ
1289 2979 1462 3043 άλλως
1496 2982 1552 3034 δὲ
1581 2983 1636 3035 τὸ
1657 2984 1752 3036 τοῦ

1860 617 2063 671 simum
2118 616 2326 685 vultum
2371 610 2715 675 simulantes,
2736 610 2800 662 ad
2845 610 3099 662 virtutem
3138 607 3439 678 inungunt,

1858 718 1907 760 et
1942 722 2173 781 quorum
2204 704 2306 774 ipsi
2336 704 2587 773 protinus
2618 700 2787 769 ignari
2826 708 2974 764 sunt,
3008 697 3133 753 aliis
3173 699 3448 768 imperare

1858 799 2069 859 volunt,
2106 806 2157 850 at
2194 797 2393 854 (ainant
2424 792 2715 863 quamdam
2752 791 3054 859 falsamque
3083 790 3310 859 gloriam
3351 791 3448 846 ob-

1862 896 2037 943 tinere
2068 891 2371 956 cupientes,
2412 900 2517 938 non
2570 883 2788 937 virtutis
2820 898 2920 936 nec
2953 882 3078 936 boni
3135 883 3335 950 gratia,
3366 882 3446 937 sic

1859 989 2060 1051 agunt;
2087 980 2235 1048 atqui
2259 979 2411 1046 juxta
2456 989 2661 1030 rectum
2702 988 3015 1028 sermonem
3068 974 3170 1027 hoc
3196 988 3444 1043 quaeren-

1860 1085 1960 1139 tes,
1995 1071 2333 1141 impossibile
2362 1079 2444 1125 est
2472 1083 2594 1123 esse
2622 1068 2863 1137 perfecte
2903 1068 3099 1119 Itonos.
3146 1064 3262 1120 lloc
3298 1066 3443 1119 enim

1860 1162 2140 1231 pr0prium
2171 1170 2255 1213 est
2297 1158 2580 1212 hominum
2623 1156 2716 1223 qui
2750 1154 2899 1209 omni
2930 1153 3134 1208 invidia
3184 1154 3447 1223 omnique

1859 1253 1986 1309 odio
2016 1262 2148 1308 sunt
2174 1252 2461 1313 immunes,
2507 1249 2829 1301 charitatem
2886 1261 3016 1301 vero
3065 1247 3334 1300 sinceram
3382 1260 3448 1300 ac

1860 1345 2154 1408 perfectam
2186 1358 2314 1411 erga
2361 1342 2570 1397 similes
2602 1341 2944 1403 ostendunt,
2980 1338 3122 1407 quod
3171 1347 3254 1407 est
3293 1352 3448 1390 sum-

1863 1454 2009 1493 mam
2046 1436 2299 1505 attigisse
2348 1434 2774 1503 philosophiam.
2826 1428 3063 1486 Necesse
3098 1430 3330 1499 proinde
3364 1439 3446 1483 est

1862 1532 2007 1594 illos,
2039 1531 2237 1600 quibus
2267 1528 2411 1583 istud
2445 1526 2713 1595 contingit
2738 1524 3020 1592 gaudium,
3047 1523 3291 1578 omnium
3325 1536 3448 1577 esse

1860 1624 2104 1693 optimos
2123 1636 2188 1677 ac
2214 1618 2673 1689 sapientissimos,
2699 1618 2781 1671 his
2811 1626 2990 1671 autem
3024 1614 3273 1669 omnium
3301 1614 3447 1681 opti-

1863 1714 1965 1767 mis
2005 1723 2060 1767 et
2123 1709 2550 1780 sapientissimis
2595 1709 2739 1762 istud
2797 1707 3115 1776 contingere
3159 1705 3445 1775 gaudium.

1861 1807 2218 1870 Consequens
2250 1813 2332 1856 est
2365 1802 2509 1856 enim
2542 1801 2668 1854 boni
2703 1800 2992 1867 participes
3024 1797 3150 1853 boni
3178 1806 3450 1852 monstra-

1864 1912 1922 1952 re
1953 1906 2208 1950 naturam
2238 1894 2293 1948 in
2328 1894 2541 1959 anima;
2570 1894 2729 1947 istius
2761 1900 2946 1946 autem
2987 1891 3112 1945 boni
3139 1899 3332 1943 natura
3366 1896 3452 1942 est

1863 1987 2064 2042 eﬂ‘nndi
2119 1995 2175 2040 et
2227 1985 2648 2041 communicari.
2707 1982 2863 2037 Sicut
2896 1982 3043 2036 enim
3074 1981 3223 2034 illius
3252 1991 3451 2034 cuncta

1863 2078 2198 2139 desiderant,
2233 2077 2313 2130 sic
2361 2085 2413 2129 et
2445 2074 2622 2143 ipsum
2667 2082 2855 2127 natum
2906 2080 2988 2126 est
3016 2072 3082 2125 ad
3115 2072 3298 2125 omnia
3335 2086 3401 2124 an
3423 2097 3452 2109 -

1865 2170 2209 2239 plectendum
2243 2186 2256 2221 :
2288 2183 2413 2221 nam
2438 2166 2619 2221 omnia
2651 2166 2800 2220 illius
2822 2167 3066 2220 obtinere
3094 2180 3202 2217 non
3238 2163 3446 2217 deside-

1863 2272 2070 2322 rarent,
2104 2261 2208 2314 nisi
2239 2259 2452 2314 cunctis
2483 2258 2720 2326 seipsum
2747 2256 3010 2326 praeberet
3035 2272 3049 2308 :
3074 2269 3273 2308 vanum
3305 2255 3449 2307 enim

1865 2370 1988 2409 esse
2021 2352 2351 2407 desiderium
2382 2351 2513 2404 illud
2562 2348 3102 2410 communissimum,
3144 2363 3272 2399 num
3313 2347 3441 2399 veri-

1868 2446 2047 2501 simile
2076 2445 2199 2498 est?
2222 2442 2372 2498 Unde
2395 2442 2535 2509 frugi
2563 2441 2835 2494 hominem
2854 2440 2996 2493 sicut
3021 2440 3120 2494 sibi
3149 2439 3274 2507 ipsi,
3294 2439 3372 2491 sic
3399 2445 3452 2489 et

1868 2537 2122 2590 omnibus
2153 2549 2210 2587 se
2244 2533 2503 2601 praebere,
2557 2531 2809 2584 bonitatis
2861 2530 2999 2582 ratio
3047 2529 3306 2595 reposcit.
3354 2543 3453 2582 nec

1868 2643 1976 2681 non
2010 2627 2215 2690 dolere,
2247 2626 2438 2684 laetari.
2467 2625 2740 2691 aliamque
2772 2622 3073 2691 quamlibet
3104 2621 3449 2675 affectionem

1866 2716 1933 2770 ad
1970 2731 2056 2769 res
2081 2715 2311 2768 aliorum
2354 2730 2460 2767 non
2507 2714 2690 2767 minus
2734 2722 2897 2781 atque
2931 2710 2997 2764 ad
3030 2726 3160 2764 suas
3191 2710 3451 2778 experiri.

1865 2806 2100 2859 Aliunde
2141 2806 2230 2858 l)ei
2290 2806 2546 2873 philtrum
2604 2817 2857 2871 magnam
2901 2802 2977 2855 illi
3021 2801 3261 2871 suggerit
3311 2801 3452 2853 lani-

1867 2898 2034 2950 tiam:
2068 2912 2173 2950 non
2216 2898 2361 2951 enim
2410 2896 2606 2949 dilecto
2639 2903 2873 2959 tantum,
2907 2893 2998 2946 sed
3029 2904 3191 2946 etiam
3249 2892 3452 2959 quibus

1869 2985 1988 3053 ipse
2020 2985 2239 3054 gaudet,
2274 2984 2619 3053 eo'ngaudere
2651 2998 2874 3037 necesse
2907 2992 2988 3036 est
3021 2983 3279 3035 amicum.

184 3062 325 3115 Θεοῦ
358 3067 577 3138 φίλτρον
600 3069 807 3139 ταύτην
861 3071 1024 3123 αὐτὸν
1054 3072 1347 3140 ἐργάζεται
1392 3074 1489 3142 τὴν
1551 3080 1766 3146 χαράν·
1843 3077 1905 3131 οὐ
1942 3079 2050 3148 γὰρ
2123 3079 2270 3148 αύτῷ
2311 3086 2387 3147 τῷ
2444 3076 2753 3147 φιλουμένῳ
2801 3076 2981 3144 μόνον,
3042 3075 3181 3128 ἀλλὰ
3229 3074 3325 3127 καὶ
3368 3068 3453 3137 οἷς

182 3161 348 3224 αὐτὸς
374 3164 577 3233 χαίρει,
604 3169 815 3236 χαίρειν
844 3168 1055 3237 ἀνάγκη
1089 3169 1179 3220 τὸν
1210 3170 1469 3240 ἐραστήν.

262 3254 513 3324 Ἤκομεν
540 3257 597 3309 δὲ
630 3257 715 3309 ἐπ’
741 3258 910 3328 αὐτὴν
943 3260 1039 3330 τὴν
1072 3260 1413 3333 τελεωτάτην
1467 3263 1562 3317 καὶ
1593 3265 1760 3317 καθα-

1938 3261 2202 3315 Venimus
2228 3259 2338 3327 jam
2372 3260 2436 3311 ad
2484 3255 2939 3325 perfectissimam
2977 3269 3043 3307 ac
3074 3270 3264 3323 puram
3298 3254 3453 3308 volu-

191 3343 294 3409 ρὰν
316 3344 529 3414 ἡδονήν.
576 3346 729 3400 Ἐπεὶ
751 3348 863 3419 γὰρ
900 3350 990 3403 τὸν
1025 3344 1155 3403 Θεδν
1208 3352 1354 3419 φιλεῖ
1382 3352 1489 3423 πρὸ
1537 3353 1756 3408 πάντων

186 3434 215 3483 ὁ
268 3431 379 3495 ζῶν
439 3435 497 3485 ἐν
533 3435 682 3504 αύτῷ
724 3438 822 3489 καὶ
862 3438 1041 3508 χαίρει
1094 3439 1192 3510 τὴν
1224 3442 1517 3496 ἀκόλουθον
1557 3444 1757 3514 τοσῷδε

188 3522 401 3592 φίλτρῳ
431 3526 625 3593 χαράν,
654 3527 857 3595 μᾶλλον
898 3528 954 3581 δὲ
988 3530 1384 3601 ἀκριϐέστερον
1413 3532 1479 3586 ἂν
1510 3535 1595 3603 εἴη
1626 3534 1761 3587 θεω-

188 3613 389 3683 ρητέον
416 3615 604 3685 αὐτὴν,
650 3617 815 3687 ἡλίκη
868 3620 952 3682 τίς
986 3622 1102 3673 ἐστι
1136 3624 1231 3687 καὶ
1282 3623 1426 3685 ὅπως
1482 3624 1596 3695 ἔχει
1636 3644 1760 3679 σκο-

186 3706 453 3784 ποῦντας.
481 3709 709 3778 Πρῶτον
740 3710 842 3777 μὲν
874 3712 979 3783 γάρ
1005 3713 1101 3783 οὐχ
1128 3714 1321 3767 ἑαυτὸν
1353 3717 1531 3769 αίτίαν
1593 3721 1762 3770 ποιεῖ-

185 3814 279 3851 ται
322 3797 423 3867 τῆς
470 3799 556 3851 ἐπ’
587 3801 778 3871 ἐκείνῳ
829 3805 1021 3873 χαρᾶς,
1051 3805 1158 3857 οὐδ’
1200 3806 1331 3876 ἡδύς
1376 3810 1526 3862 ἐστιν
1574 3811 1603 3862 ό
1630 3809 1761 3873 Θεὸς

186 3889 361 3957 αύτῷ,
400 3891 481 3942 ὅτι
511 3892 659 3961 αύτῷ
695 3895 841 3945 ἐστιν
869 3895 1092 3960 ἀγαθός.
1129 3897 1300 3950 Τοῦτο
1349 3899 1457 3967 γάρ
1515 3902 1669 3952 ἐστιν
1697 3901 1759 3953 ού

185 3980 280 4035 τὸν
329 3983 465 4033 Θεδν
496 3982 656 4035 αὑτὸν
681 3983 898 4053 άληθῶς
936 3986 1215 4053 φιλοῦντος
1243 3988 1337 4040 καὶ
1394 3988 1590 4042 ἑαυτὸν
1625 3991 1762 4059 pat-

185 4075 278 4125 λον
317 4073 615 4140 φιλοῦντος,
651 4076 743 4127 καὶ
790 4076 926 4145 πρὸς
978 4077 1167 4129 ἑαυτὸν
1232 4078 1289 4131 ὲν
1336 4073 1417 4140 οἷς
1494 4082 1764 4133 ποιεῖσθαι

186 4165 444 4234 καθάπερ
479 4166 625 4228 τέλος
651 4166 905 4232 ὁρῶντος.
944 4168 1054 4221 Ποῦ
1089 4168 1144 4219 δὲ
1185 4168 1524 4238 εὐγνώμονος
1549 4171 1760 4241 ἀνδρὸς,

190 4256 269 4323 μὴ
297 4257 471 4323 φιλεῖν
508 4256 671 4308 αὐτὸν
706 4258 909 4326 κυρίως
940 4260 1031 4310 τὸν
1059 4260 1398 4328 εύεργέτην;
1432 4260 1533 4313 ποῦ
1582 4263 1637 4314 δὲ
1685 4262 1761 4315 διο

187 4349 371 4412 καίου,
411 4346 489 4414 τῷ
521 4347 766 4417 μεγίστῳ
815 4349 923 4400 τῶν
988 4349 1195 4414 ἐφετῶν
1243 4353 1342 4419 τῆς
1399 4352 1616 4419 ἀγάπης
1666 4354 1762 4421 τὴν

186 4437 403 4490 ελάττω
431 4437 613 4507 νέμειν
665 4439 901 4508 μερίδας
939 4438 1041 4492 ποῦ
1068 4428 1135 4492 δὲ
1171 4442 1359 4509 σοφοῦ,
1394 4442 1488 4495 τοῦ
1525 4445 1761 4514 ἐσχάτσιυ

185 4528 380 4590 τέλους
409 4528 536 4580 ἄλλο
593 4545 647 4580 τι
709 4531 1018 4601 περαιτέρω
1062 4532 1306 4596 τιθέναι;
1349 4533 1506 4585 Ἐπεὶ
1558 4535 1612 4587 δὲ
1667 4537 1761 4588 καὶ

1863 3362 2094 3426 ptatem.
2124 3351 2259 3406 Cum
2312 3350 2453 3404 enim
2505 3348 2673 3403 Deum
2726 3362 2836 3416 prae
2896 3345 3112 3399 cunctis
3164 3343 3342 3412 diligit
3392 3346 3445 3395 in

1863 3448 1983 3513 ipso
2028 3444 2240 3508 vivens,
2276 3451 2329 3497 et
2363 3442 2619 3512 gaudium
2658 3440 2785 3494 huic
2831 3437 3003 3491 amori
3044 3445 3444 3503 consequenter

1862 3552 2133 3593 annexum
2209 3536 2411 3599 sentit,
2477 3532 2671 3602 majori
2700 3529 2983 3599 diligentia
3050 3527 3445 3581 consideranda

1865 3637 1950 3684 est
1996 3629 2117 3699 ejus
2188 3636 2383 3680 natura
2457 3633 2509 3679 et
2597 3623 2868 3677 connexio
2932 3621 2998 3674 ad
3062 3620 3443 3690 philosophos.

1862 3722 2048 3773 Primo
2078 3718 2224 3772 enim
2262 3732 2371 3770 non
2405 3716 2647 3784 seipsum
2702 3713 2858 3782 ponit
2890 3712 3110 3775 laetitiae,
3139 3724 3301 3778 quam
3348 3712 3447 3764 lia-

1862 3812 1954 3867 bet
1992 3812 2048 3864 in
2080 3811 2196 3875 illo,
2226 3823 2474 3870 causam,
2509 3822 2610 3861 nec
2640 3806 2743 3875 ipsi
2800 3804 2945 3858 Deus
3008 3814 3091 3858 est
3134 3803 3443 3873 jucundus,

1861 3901 2120 3971 quoniam
2174 3908 2258 3955 est
2307 3898 2410 3967 ipsi
2463 3899 2658 3950 bonus.
2717 3893 2833 3948 lloc
2870 3896 3015 3949 enim
3052 3908 3159 3946 non
3202 3903 3284 3947 est
3321 3906 3445 3946 vere

1862 3992 2138 4061 diligentis
2191 3988 2381 4053 Deum,
2428 3988 2521 4041 sed
2574 3986 2754 4056 petitis
2806 3988 3044 4052 seipsum
3090 3988 3345 4049 amantis,
3392 3992 3446 4037 et

1864 4096 2056 4135 omnes
2079 4081 2323 4133 actiones
2346 4079 2484 4130 adse
2506 4090 2760 4145 tanquam
2789 4074 2947 4128 finem
2977 4064 3285 4128 referentis.
3312 4074 3446 4139 Quis

1863 4181 2042 4224 autem
2076 4173 2239 4224 homo
2268 4169 2403 4222 bene
2435 4179 2675 4221 moratus
2732 4182 3005 4220 summum
3042 4168 3443 4220 benefaetorem

1865 4278 1973 4316 non
2032 4260 2385 4327 amet?Quis
2444 4262 2648 4329 justus,
2703 4260 2941 4312 maximo
2983 4258 3108 4311 duci
3174 4260 3442 4312 minorem

1864 4352 2148 4406 charitatis
2193 4353 2395 4405 tribuat
2438 4348 2836 4419 parteleuis
2860 4348 3077 4416 sapiens
3108 4347 3249 4401 aliud
3288 4350 3445 4417 quid-

1865 4442 1990 4495 dam
2038 4444 2091 4496 in
2142 4443 2335 4496 ultimo
2367 4441 2471 4495 ﬁne
2526 4440 3016 4509 ponatYQuoniam
3050 4450 3229 4492 autem
3265 4442 3442 4509 ipsum

1868 4534 2216 4599 prudentem,
2255 4532 2462 4600 justum
2497 4542 2550 4584 et
2583 4533 2883 4598 sapientem
2927 4546 3048 4584 esse
3074 4546 3289 4600 aequm]
3337 4544 3443 4595 est,

184 4620 513 4688 εὐγνώμονα
546 4621 709 4674 αὐτὸν
736 4622 882 4685 εἰκὸς
908 4617 1046 4674 εἶναι
1084 4627 1176 4675 καὶ
1204 4624 1410 4677 δίκαιον
1446 4628 1536 4677 καὶ
1577 4628 1760 4695 σοφὸν,

1871 4638 2093 4676 necesse
2117 4632 2201 4677 est
2237 4632 2289 4675 ut
2320 4623 2504 4691 diligat
2537 4622 2702 4675 Deum
2733 4631 2787 4676 et
2812 4621 2864 4674 in
2917 4623 3173 4689 majorem
3220 4624 3442 4676 modum

187 4713 410 4779 ἀνάγκη
441 4711 533 4762 καὶ
564 4712 738 4778 φιλεῖν
764 4711 855 4764 τὸν
898 4712 1050 4777 Θεὸν,
1090 4716 1183 4765 καὶ
1237 4715 1447 4783 χαίρειν
1482 4717 1630 4785 αύτῷ
1672 4722 1761 4771 τιν

186 4803 417 4870 ἄριστον
439 4802 662 4869 τρόπον,
704 4803 893 4854 ἔπειτα
927 4804 1123 4873 συνεχῆ
1155 4804 1247 4857 καὶ
1280 4803 1503 4871 βεϐαίαν
1531 4806 1634 4876 τὴν
1662 4826 1763 4877 χα-

190 4894 322 4960 ρὰν,
350 4892 431 4943 ἔτι
455 4893 513 4945 δὲ
545 4895 637 4945 καὶ
659 4894 919 4963 ὑπερφυᾶ
972 4911 1094 4946 τινα
1148 4897 1242 4948 καὶ
1270 4895 1586 4965 θαυμαστὴν
1640 4898 1764 4950 ἀκό-

188 4984 385 5035 λουθον
416 4980 575 5036 εἶναι.
608 4984 813 5052 Συνεχῆ
858 4987 978 5053 μὲν,
1003 4986 1083 5037 ὅτι
1125 4989 1238 5047 τοῖς
1291 4984 1384 5037 τοῦ
1425 4986 1761 5056 ποθουμένου

189 5074 449 5127 σύνεστιν
480 5075 759 5137 ἑκάστοτε,
800 5078 895 5128 καὶ
929 5073 1005 5149 οἷς
1037 5078 1354 5145 ἐντυγχάνει
1388 5078 1480 5129 τὸν
1512 5080 1596 5131 ἀεὶ
1637 5082 1762 5148 χρό-

188 5175 305 5219 νον,
337 5158 431 5208 καὶ
458 5156 493 5208 ἃ.
524 5157 602 5224 τῷ
632 5155 845 5226 σώματι
877 5158 1096 5227 χρῆται,
1139 5162 1231 5210 καὶ
1270 5160 1305 5212 ἃ
1337 5159 1631 5228 λογίζεται,
1667 5165 1761 5216 καὶ

187 5249 259 5301 δι’
285 5243 362 5300 ὧν
403 5250 696 5316 ὑφέστηκε,
729 5250 823 5301 καὶ
852 5247 930 5311 οἷς
966 5249 1030 5319 ζῇ
1061 5251 1149 5302 καὶ
1206 5252 1450 5320 περίεστι
1486 5254 1579 5305 καὶ
1608 5257 1755 5323 ὲνερο

188 5344 302 5409 γεῖ,
344 5341 437 5392 καὶ
471 5340 720 5392 ὁπωσοῦν
761 5341 872 5409 ἔχει
916 5343 1007 5392 καὶ
1041 5341 1279 5407 γίνεται·
1318 5343 1494 5395 πάντα
1536 5344 1633 5413 μὲν
1682 5343 1761 5398 οἵ.

190 5435 284 5485 δεν
315 5432 451 5499 ἔργα
485 5431 641 5491 θεοῦ,
672 5432 850 5484 πάντα
872 5431 926 5483 δὲ
961 5432 1109 5501 αύτῷ
1154 5437 1375 5503 συνεχῆ,
1406 5434 1528 5487 ὅθεν
1584 5438 1761 5492 πάντα

199 5525 305 5591 μὲν
340 5522 490 5590 αύτῷ
516 5522 611 5589 τὴν
641 5523 852 5575 ἐκείνου
906 5526 1164 5591 συντηρεῖ
1213 5527 1454 5592 μνήμην,
1496 5527 1672 5579 πάντα
1704 5529 1759 5581 δὲ

190 5616 255 5667 τὸ
287 5614 513 5683 φίλτρον
552 5612 818 5665 ἄσϐεστον
877 5612 1153 5679 φυλάττει,
1206 5615 1377 5666 πάντα
1432 5615 1489 5667 δὲ
1549 5617 1759 5685 τέρπει,

192 5707 293 5759 καὶ
325 5703 450 5756 οὔτε
488 5704 649 5763 αὐτὸς
676 5701 743 5755 ἂν
766 5704 958 5755 ἑαυτὸν
1001 5703 1283 5769 ἀπολίποι,
1324 5704 1449 5755 οὐδὲ
1505 5707 1761 5760 παύσαιτ’

190 5800 262 5852 ἂν
301 5793 481 5863 ἑαυτῷ
510 5794 705 5859 συνὼν,
744 5791 866 5846 οὔτε
898 5792 996 5865 τὴν
1041 5795 1219 5866 χαρὰν
1253 5794 1457 5866 ταύτην
1497 5796 1764 5867 διακοπῆ-

1870 4716 1935 4769 de
1968 4718 2082 4783 ipso
2105 4715 2357 4783 gaudeat,
2383 4714 2578 4767 deinde
2604 4715 2920 4767 continuam
2956 4715 3294 4781 solidamque
3321 4730 3443 4770 esse

1872 4806 2135 4872 Itetitiam,
2156 4820 2387 4874 eamque
2423 4804 2718 4872 quamdam
2750 4805 3221 4871 supernaturalem
3246 4822 3310 4860 ae
3339 4810 3410 4860 mi

1872 4912 2139 4950 rameSse
2177 4904 2593 4965 consequenter.
2629 4896 2900 4953 Continua
2937 4896 3159 4964 quidem
3195 4912 3315 4951 esse
3349 4901 3413 4951 de

1872 4988 1981 5049 bet,
2025 4988 2278 5055 quoniam
2321 5001 2531 5052 semper
2565 4985 2728 5037 rebus
2780 4984 2964 5036 dilecti
3000 4985 3273 5050 convivit,
3325 4990 3443 5041 sive

1868 5075 2068 5142 quibus
2099 5077 2431 5129 inces:auter
2463 5075 2721 5139 oeturrit,
2753 5074 2867 5126 sive
2896 5074 3096 5141 quibus
3124 5075 3293 5127 utitur
3318 5091 3433 5129 eor—

1869 5181 2023 5234 pore,
2070 5168 2185 5220 sive
2229 5182 2349 5235 qua:
2402 5166 2678 5233 recOgitat,
2724 5165 2839 5219 sive
2905 5165 3103 5231 quibus
3166 5168 3439 5232 consislii,

1868 5258 1982 5311 sive
2021 5258 2222 5325 quibus
2247 5258 2395 5317 vivit,
2428 5264 2696 5319 superest,
2730 5268 2780 5309 et
2810 5255 3014 5323 aliquid
3037 5256 3195 5318 valet,
3232 5265 3284 5309 et
3307 5276 3444 5325 twn.

1870 5362 1979 5415 quo
2014 5347 2173 5399 modo
2213 5362 2335 5405 sese
2377 5357 2553 5400 movet
2584 5358 2635 5399 et
2685 5347 2815 5412 agit.
2852 5344 2974 5397 llaec
3009 5348 3192 5398 omnia
3220 5350 3438 5413 quidem

1857 5451 2017 5503 Opera
2044 5436 2132 5489 Dei
2161 5437 2329 5498 novit.
2362 5440 2454 5491 sed
2479 5438 2581 5507 ipsi
2602 5448 2729 5490 sunt
2755 5437 3034 5499 continua;
3060 5438 3243 5490 omnia
3274 5440 3442 5507 igiiur

1859 5527 1960 5596 ipsi
1994 5530 2311 5581 memoriam
2350 5529 2492 5582 illius
2526 5536 2807 5597 prmstant,
2854 5535 3050 5579 cuncta
3088 5527 3436 5583 dilectionem

1861 5620 2364 5690 inexstinguibilem
2399 5631 2637 5684 servant,
2689 5627 2885 5673 cuneta
2916 5616 3213 5684 laetiﬁcant;
3259 5631 3314 5674 et
3346 5639 3441 5674 no-

1861 5728 1967 5780 que
2004 5713 2352 5782 semetipsum
2419 5715 2533 5783 ipse
2599 5714 2997 5784 derelinqueret
3027 5757 3042 5782 ,
3090 5731 3262 5785 neque
3314 5730 3436 5767 ees-

1861 5813 2010 5859 sarct
2048 5818 2169 5861 esse
2212 5807 2318 5863 sibi
2367 5810 2641 5875 conscius,
2668 5824 2843 5878 neque
2881 5810 2997 5865 ﬁeri
3036 5818 3217 5880 potest
3245 5818 3301 5863 ut
3323 5807 3437 5863 haec
