4140 6318
167 396 282 458 'iu's

1199 402 1295 459 DE
1331 398 1504 456 Vl'l‘A
1541 396 1616 454 IN
1658 392 1994 453 CIIRISTO
2031 395 2168 452 LIB.
2203 395 2340 452 Vll.

3303 391 3406 458 710

168 513 269 564 καὶ
300 513 401 581 τῆς
433 511 531 582 μὲν
564 511 747 572 πενίας
788 509 1198 566 ἐπιλανθάνεται
1237 511 1334 577 τῆς
1388 505 1574 562 αὑτοῦ,
1609 506 1723 573 πρὸ.

1851 504 2058 556 oblitus
2125 500 2480 570 paupertatis.
2520 500 2586 554 ad
2625 500 2756 554 istas
2810 500 2985 555 inhiat
3018 501 3264 569 divitias;
3293 503 3409 558 ior-

169 603 228 653 se
261 603 354 652 τὸν
388 603 616 652 πλοῦτον
647 603 876 669 κέχηνεν
906 602 1133 661 ἐκεῖνον,
1170 599 1261 650 καὶ
1292 598 1388 666 τὴν
1415 599 1511 664 μὲν
1544 598 1616 658 ὡς
1646 597 1739 648 ἁλ-

166 689 389 756 λοτρίαν
414 690 514 757 ὁρᾷ
547 688 736 757 τύχην,
766 690 854 740 τὸν
881 688 936 740 δὲ
959 687 1032 750 ὠς
1053 687 1252 739 οἰκεῖον
1282 688 1498 754 ἡγεῖται
1521 685 1733 753 κτῆμα·

168 781 233 829 οὐ
276 779 346 830 δι’
384 780 595 847 ἐκείνην
643 779 861 846 ἐνόμισε
912 779 1217 845 δυστυχεῖν,
1250 777 1385 829 ἀλλὰ
1430 777 1516 828 διὰ
1547 776 1736 826 τοῦτον

168 869 428 921 πλούσιον
459 870 599 935 ἔγνω
627 873 718 922 καὶ
756 871 1025 939 μακάριον
1074 869 1286 922 ἑαυτόν.
1351 867 1417 918 Ἦ
1483 866 1589 936 γὰρ
1638 868 1736 935 τῆς

167 961 394 1027 ἀγάπης
422 959 648 1027 δύναμις
681 962 790 1022 τοῖς
838 961 1034 1028 ἐρῶσιν
1088 961 1264 1011 οἰκεῖα
1303 958 1370 1010 τὰ
1403 957 1511 1009 τῶν
1555 958 1735 1022 φιλου-

171 1051 354 1114 μένων
375 1045 480 1102 οἶδε
515 1053 682 1101 ποιεῖν
743 1050 867 1100 ἐπεὶ
887 1050 941 1102 δὲ
974 1052 1006 1119 ἡ
1041 1050 1136 1117 τῆς
1178 1050 1449 1118 Θελήσεως
1497 1052 1590 1100 καὶ
1635 1051 1734 1116 τῆς

168 1139 470 1206 ἐπιθυμίας
502 1140 731 1206 δύναμις
761 1142 870 1202 τοῖς
919 1139 1096 1206 ἁγίοις
1119 1141 1195 1200 εἰς
1223 1141 1311 1190 τδν
1362 1139 1493 1191 Θεὸν
1525 1139 1736 1191 ἀνάλω-

165 1246 261 1280 ται
297 1233 465 1288 πᾶσα.
505 1231 662 1297 μόνον
692 1233 896 1283 ἐκεῖνον
950 1230 1152 1297 ἀγαθον
1202 1233 1401 1282 οίκεῖον
1449 1230 1709 1299 ἡγοῦνται

166 1322 266 1371 καὶ
297 1320 419 1372 οὒτε
457 1320 612 1388 σῶμα
652 1322 846 1382 αὐτοὺς
889 1320 1112 1374 δύναται
1155 1322 1376 1388 τέρπειν
1423 1319 1542 1371 οὗτε
1586 1319 1734 1390 ψυχὴ

164 1411 294 1459 οὕτε
331 1410 398 1461 τὰ
429 1409 525 1477 τῆς
551 1411 735 1478 ψυχῆς·
793 1411 1108 1477 ἀγιθὰ,οὑκ
1138 1412 1265 1464 ἄλλο
1314 1427 1364 1461 τι
1416 1410 1525 1460 τῶν
1574 1411 1732 1476 φύσει

168 1497 453 1562 συγγενῶν
480 1500 572 1549 καὶ
601 1500 835 1563 οίκείων,
879 1501 959 1549 ὅτι
984 1499 1186 1550 τούτων
1215 1500 1367 1551 οὐδὲν
1394 1501 1572 1560 αὐτοῖς
1617 1501 1732 1551 ἐστι

165 1586 238 1637 δι’
298 1589 461 1639 ἑαυτὸ
520 1590 740 1658 φιλητόν
825 1591 936 1642 ἀλλ’
985 1592 1058 1652 ὡς
1113 1590 1178 1643 ἂν
1235 1591 1488 1656 καθάπαξ
1528 1591 1734 1644 ἑαυτῶν

168 1679 552 1745 ἐξεληλυθότες
586 1685 679 1737 καὶ
710 1683 1125 1750 μετενεγκόντες
1176 1684 1401 1750 ἑτέρωθι
1451 1685 1547 1752 τὴν
1589 1685 1732 1753 ζωὴν

163 1771 262 1818 καὶ
293 1771 390 1835 τὴν
428 1771 725 1840 ἐπιθυμίαν
777 1772 996 1825 ἃπασαν
1023 1775 1245 1833 ἑαυτοὺς
1290 1775 1584 1844 ἠγνόησαν.
1622 1776 1731 1827 Καὶ

1842 601 2028 646 tunam
2058 601 2115 646 ut
2137 603 2447 645 extraneam
2478 592 2642 655 videt,
2679 593 2826 645 illum
2850 604 3028 647 autem
3056 603 3113 648 ut
3135 596 3405 663 propriam

1851 681 2264 758 possessionem
2295 681 2622 734 coosiderat.
2652 679 2768 733 Non
2803 696 2894 747 per
2928 682 3070 734 illam
3116 698 3174 736 se
3208 684 3413 751 putavit

1841 773 2125 834 miserum,
2153 772 2244 823 sed
2269 787 2363 838 per
2389 773 2534 825 hunc
2558 786 2678 825 sese
2699 773 2917 825 divitem
2936 774 3084 825 novit
3103 774 3408 834 etbeatum.

1842 861 2052 914 Etenim
2101 862 2382 914 charitatis
2427 871 2662 928 potestas
2718 863 2783 916 de
2833 864 3064 930 propriis
3109 867 3409 918 amantium

1841 956 1941 1008 scit
1975 953 2114 1006 bona
2145 953 2324 1006 facere
2353 953 2672 1005 dilectarum
2701 970 2860 1005 :cum
2891 968 3071 1006 autem
3114 957 3410 1011 voluntatis

1838 1055 1892 1096 et
1927 1043 2180 1096 desiderii
2235 1045 2469 1111 potentia
2504 1060 2562 1097 se
2607 1054 2771 1096 totam
2820 1047 2884 1096 ad
2918 1044 3086 1097 Deum
3123 1047 3173 1097 in
3205 1047 3410 1100 sanctis

1840 1134 2201 1200 consumpsit,
2257 1135 2400 1187 hunc
2427 1134 2599 1185 solum
2650 1134 2927 1202 proprium
2986 1136 3261 1188 {I’Sliltlalil
3313 1136 3412 1189 b0-

1840 1239 1991 1288 num,
2022 1233 2073 1279 et
2110 1240 2283 1294 neque
2311 1240 2529 1292 corpus,
2567 1242 2740 1293 neque
2765 1228 2967 1290 anima,
3007 1243 3181 1296 neque
3212 1227 3411 1282 animae

1841 1317 2002 1377 bona,
2041 1332 2139 1369 nec
2172 1317 2316 1369 aliud
2351 1317 2478 1384 quid
2510 1333 2570 1369 ex
2609 1328 2812 1370 natura:
2847 1320 3166 1387 propinquis
3196 1329 3248 1372 et
3290 1334 3413 1388 pro-

1837 1409 1971 1476 priis
2015 1409 2164 1475 ipsos
2200 1409 2472 1461 ludiﬁcare
2500 1420 2692 1477 poscat,
2723 1411 2846 1476 quia
2897 1411 3031 1463 nihil
3063 1411 3287 1471 istorum
3328 1419 3409 1467 esi

1836 1515 1932 1567 per
1969 1515 2025 1553 se
2063 1499 2392 1568 diligendum
2431 1518 2443 1554 :
2475 1503 2566 1554 sed
2625 1512 2876 1568 tanquam
2911 1503 3076 1556 semel
3113 1520 3175 1558 ex
3210 1515 3408 1558 semet-

1839 1586 1971 1654 ipsis
2030 1589 2292 1641 cxiiSSent
2325 1597 2377 1640 et
2412 1589 2518 1640 alio
2563 1591 2723 1640 vitam
2775 1604 3044 1653 omneque
3081 1590 3407 1645 desiderium

1839 1678 2270 1742 transtulissent,
2304 1695 2422 1731 sese.
2457 1680 2868 1746 ignoraverunt.
2929 1680 2992 1733 Et
3038 1696 3146 1734 non
3181 1692 3265 1735 est
3303 1685 3407 1736 mi-

1839 1783 1980 1821 rum:
2012 1771 2293 1823 hominum
2322 1773 2466 1824 enim
2501 1785 2652 1824 amor
2682 1772 2898 1824 divitias
2929 1781 2982 1825 et
3021 1787 3248 1840 corpora
3281 1789 3412 1826 con-

161 1861 322 1911 οὐδὲν
405 1863 633 1914 ἄπιστον
723 1865 749 1915 ὁ
779 1864 877 1929 μὲν
925 1865 1032 1933 γὰρ
1094 1866 1197 1916 τῶν
1248 1864 1548 1934 ἀνθρώπων
1591 1865 1723 1934 ἔρως

1837 1869 2074 1913 temnere
2108 1861 2316 1923 suadet,
2351 1864 2672 1929 videresque
2714 1862 2923 1929 perdite
2951 1873 3198 1917 amantes
3234 1881 3408 1930 neque

161 1955 468 2020 χρημάτων
503 1958 594 2006 καὶ
647 1959 914 2022 σωμάτων
963 1957 1138 2009 πείθει
1205 1960 1588 2026 καταφρονεῖν,
1643 1960 1735 2012 καὶ

163 2045 303 2105 ἴδοις
339 2047 401 2096 ἂν
425 2046 550 2108 τοὺς
583 2049 825 2113 μανικῶς
855 2047 1137 2115 φιλοῦντας
1171 2047 1281 2099 οὔτ’
1332 2049 1396 2100 ἂν
1446 2049 1730 2110 εὖεκτῶσι,

161 2137 265 2202 τῆς
300 2137 489 2202 ὑγείας
542 2140 982 2206 αἰσθανομένους,
1021 2140 1240 2191 suae»
1289 2143 1469 2208 χεῖρον
1512 2141 1731 2208 ἔχοντας

159 2225 344 2292 ταύτῃ
395 2226 519 2286 τοὺς
581 2227 914 2294 ἐπιτηδείους
960 2227 1182 2296 ὁρῶσιν,
1241 2226 1366 2279 οὗτε
1437 2229 1729 2292 νοσοῦντας

159 2315 303 2381 πρὸς
341 2316 438 2385 τὴν
472 2318 777 2386 ἀρρωστίαν
826 2319 1348 2386 ἐπιστρεφομένους,
1382 2320 1449 2372 ἂν
1495 2321 1722 2383 ἐκείνοις

153 2404 390 2469 ἄμεινον
421 2403 515 2474 ἔχῃ
545 2407 611 2458 τὰ
667 2406 893 2474 σώματα
967 2408 1061 2458 καὶ¹
1118 2407 1304 2459 πολλοὶ
1354 2411 1466 2471 τοῖς
1511 2410 1724 2479 ἐρωμέ-

154 2507 275 2550 νοις
309 2492 610 2558 ἀμύνοντες
643 2495 811 2562 ἠόἐως
845 2494 1208 2564 ἀπέθνησκον,
1239 2496 1483 2564 ἑλόμενοι
1507 2500 1574 2550 τὰ
1619 2498 1724 2550 σὼ·

1838 1949 1881 2000 si
1913 1950 2150 2012 vale-ant;
2202 1953 2404 2006 sentire
2438 1951 2827 2016 valetudinem,
2863 1967 2985 2005 eum
3037 1953 3243 2004 amicos
3268 1956 3407 2009 ma'e

1835 2042 2017 2092 vident
2050 2041 2288 2102 allectos.
2328 2058 2525 2110 neque,
2581 2043 2626 2095 si
2684 2043 2994 2109 langueant.
3028 2045 3401 2110 aegritudinem

1830 2132 2282 2196 animadvertere,
2300 2148 2420 2186 cum
2440 2135 2576 2185 bene
2594 2132 2693 2199 ipsi
2718 2133 2946 2195 valeant,
2964 2132 3049 2202 plu
3060 2150 3253 2202 resque
3272 2135 3408 2187 ami-

1834 2224 1910 2276 cis
1939 2235 2323 2277 succurrentes
2352 2226 2580 2278 libenter
2604 2225 2944 2288 ititerierunt,
2964 2240 3189 2292 corpora
3229 2228 3408 2291 potius

1839 2317 2052 2368 tradere
2103 2316 2529 2379 consentientes,
2563 2331 2724 2383 quam
2760 2317 2878 2370 illos
2911 2317 3091 2370 videre
3133 2316 3407 2372 dilacera-

1831 2417 1934 2462 tos.
1967 2407 2134 2459 Amor
2166 2417 2342 2459 autem
2374 2421 2499 2475 erga
2532 2406 2695 2460 Deum
2723 2407 3003 2461 hominum
3037 2423 3222 2462 amore
3259 2418 3406 2464 tanto

1830 2508 2074 2568 praestat,
2116 2509 2318 2565 quanto
2349 2498 2522 2565 major
2553 2507 2634 2551 est
2660 2499 2919 2567 distantia
2948 2499 3293 2554 dilectorum.

157 2600 314 2651 ματα
360 2584 646 2654 προδοῦναι
699 2588 957 2658 μᾶλλονῆ
1008 2591 1521 2658 κατακοπτομένους
1572 2594 1811 2655 ἐκείνους
1845 2594 1995 2650 ἰδεῖν.
2045 2592 2103 2644 '0
2164 2592 2220 2644 δὲ
2262 2592 2398 2661 πρὸς
2444 2592 2579 2645 Θεὸν
2642 2593 2780 2661 ἔρως
2843 2593 3098 2648 τοσοῦτον
3140 2595 3231 2646 τοῦ
3299 2593 3405 2648 τῶν

151 2679 465 2747 ἀνθρώπων
497 2681 695 2750 ἔρωτος
731 2680 951 2749 μείζων,
982 2684 1199 2752 ὅσῳπερ
1238 2684 1345 2736 τῶν
1380 2684 1718 2753 φιλουμένων
1757 2687 1818 2739 τὸ
1851 2688 2038 2756 μέσον.

230 2775 300 2824 ΤΞ
336 2773 426 2826 οὖν
458 2775 768 2838 ὑπόλοιπον,
814 2777 840 2830 δ
876 2777 943 2831 δι’
973 2777 1135 2830 αὑτὸν
1183 2777 1564 2844 ἀναλώσομεν,
1672 2779 1725 2831 τί

157 2867 352 2932 μεῖζον
391 2867 582 2935 ἐκείνῳ
605 2867 870 2935 δώσομεν,
898 2869 945 2920 εἰ
976 2869 1050 2937 μὴ
1076 2869 1164 2919 καὶ
1191 2868 1369 2936 ψυχῆς
1391 2869 1558 2935 αὐτῆς
1581 2869 1607 2920 ὁ
1635 2887 1729 2922 κα-

153 2958 450 3027 τασχεθεὶς
478 2957 754 3028 ὑπερίδοις
793 2959 1032 3029 Περιορᾷ
1068 2960 1243 3028 δὲτὴν
1275 2959 1453 3028 ψυχὴν
1509 2961 1724 3029 ἀληθῶς

151 3047 258 3115 οὐχ
306 3049 335 3098 ὁ
364 3047 424 3098 τὸ
461 3047 617 3116 σῶμα
649 3048 993 3112 ἀποκτείνας,
1021 3048 1134 3101 ἀλλ’
1180 3051 1236 3112 ὃς
1267 3051 1438 3118 αὐτὴν
1501 3053 1720 3119 ἐκείνην

1900 2782 2039 2847 Quid
2077 2797 2204 2851 ergo
2239 2791 2502 2852 superest,
2541 2781 2683 2850 quod
2721 2789 2941 2850 propter
2979 2780 3153 2850 ipsum
3193 2795 3400 2835 consu-

1829 2889 2065 2935 mamus.
2099 2885 2192 2928 aut
2229 2875 2357 2940 quid
2396 2873 2568 2940 majus
2595 2873 2670 2926 illi
2701 2873 2976 2931 dabimus.
3028 2873 3132 2925 nisi
3163 2875 3399 2926 animam

1830 2963 2000 3028 ipsam
2060 2964 2152 3031 qui
2211 2964 2478 3017 eharitate
2536 2971 2746 3017 tenetur
2799 2962 3104 3030 despiciat?
3166 2963 3403 3031 DeSpictt

1830 3062 2008 3107 autem
2061 3068 2185 3107 vere
2239 3053 2498 3116 animam,
2535 3069 2640 3105 non
2676 3052 2768 3122 qui
2815 3067 3015 3117 corpus
3044 3052 3260 3116 occidit,
3309 3056 3399 3108 sed

152 3139 449 3206 προδίδωσι
488 3140 581 3191 καὶ
612 3141 681 3192 τὰ
712 3141 878 3210 αὐτῆς
929 3141 1109 3207 ἀγαθά
1134 3158 1149 3171 °
1213 3141 1498 3205 προδίδωσι
1536 3142 1592 3193 δὲ
1624 3159 1718 3192 κα-

1829 3143 1916 3210 qni
1950 3143 2093 3196 illam
2132 3144 2303 3208 ipsam
2340 3145 2619 3211 ipsiusque
2649 3144 2786 3196 bona
2818 3144 3012 3211 prodit.
3039 3143 3402 3207 Quemadmo-

154 3228 342 3295 θάπερ
405 3231 434 3280 ὁ
485 3229 750 3298 μοχθηρθις
812 3230 945 3299 πρὸς
1007 3232 1104 3292 τὰς
1163 3229 1253 3283 τοῦ
1304 3232 1550 3299 σώματος
1606 3231 1723 3299 ἡδο-

153 3321 251 3380 νὰς
324 3319 498 3372 πάντα
548 3321 734 3372 ἑαυτὸν
783 3322 1107 3384 ἀναλίσκων,
1159 3321 1330 3382 οὕτως
1392 3325 1418 3373 ὀ
1481 3321 1723 3388 φιλόθεος

154 3412 342 3462 πᾶσαν
369 3409 546 3478 ψυχῆς
575 3412 852 3478 ἐνέργειαν
885 3412 977 3463 καὶ
1006 3412 1297 3476 ἐπιθυμίαν
1334 3413 1410 3474 εἰς
1444 3413 1533 3464 τὸν
1591 3412 1723 3465 Θεὸν

154 3500 401 3565 ἐνεγκὼν
439 3504 528 3552 καὶ
562 3501 724 3570 μηδὲν
747 3505 810 3568 τῇ
841 3502 985 3570 ψυχῇ
1019 3503 1369 3570 καταλείψας.
1402 3505 1463 3556 Et
1486 3505 1594 3574 γὰρ
1626 3504 1722 3555 καὶ

151 3590 307 3651 ὅπως
357 3585 415 3641 εὗ
466 3588 598 3659 ἔχει,
665 3594 893 3643 ποιεῖται
931 3592 1107 3658 λόγον,
1155 3592 1266 3654 ἀλλ’
1301 3593 1360 3643 οὐ
1411 3593 1487 3658 τῷ
1541 3594 1723 3655 ζητεῖν

154 3681 377 3747 ἐκείνην
413 3681 505 3731 καὶ
548 3681 616 3731 τὰ
657 3682 826 3748 αὐτῆς
873 3682 1071 3747 ἀγαθὰ,
1106 3682 1240 3733 ἀλλὰ
1284 3683 1363 3749 τῷ
1414 3683 1584 3750 φιλεῖν
1625 3689 1716 3736 τὸν

153 3771 292 3820 Θεὸν
332 3769 420 3820 καὶ
448 3769 553 3821 τῶν
587 3771 793 3823 ἐκείνου
817 3772 1072 3839 κήδεσθαι
1102 3789 1280 3840 νομων
1305 3773 1455 3834 ὅπως
1505 3773 1723 3836 σώζοιν-

152 3877 215 3911 το
283 3859 530 3928 καθάπερ
559 3864 648 3912 καὶ
674 3863 902 3930 ὀργάνου
953 3862 1262 3932 ποιούμενοι
1318 3863 1472 3930 λόγον
1525 3865 1610 3916 διὰ
1661 3866 1720 3918 τὸ

151 3954 338 4022 ἔργον,
368 3953 466 4014 τῆς
499 3954 762 4023 περίγρςις
791 3955 876 4006 διὰ
903 3953 998 4021 τὴν
1045 3954 1280 4021 ἄμαξαν,
1322 3956 1381 4005 οὐ
1413 3955 1509 4022 τὴν
1569 3957 1722 4024 περί-

152 4064 320 4114 γραν,
354 4045 490 4098 ἀλλὰ
516 4048 613 4117 τὴν
638 4047 850 4116 ἄμαξαν
881 4045 1167 4117 ζητοῦμεν.
1206 4048 1314 4100 Καὶ
1369 4050 1465 4110 μὲν
1499 4048 1589 4100 καὶ
1621 4045 1720 4101 ᾆδε

151 4136 356 4203 γένοιτ’
380 4136 447 4188 ἂν
490 4137 665 4205 δῆλον.
701 4137 767 4190 Τί
811 4138 917 4206 γὰρ
949 4137 977 4189 ὂ
1011 4137 1184 4188 πειθει
1237 4138 1578 4206 περιέχεσθαι
1623 4139 1718 4208 τῆς

149 4229 333 4298 ψυχῆς
360 4229 454 4280 καὶ
480 4228 685 4298 σφόδρα
701 4229 909 4298 φιλεῖν;
936 4229 1150 4298 Οὐδὲνῆ
1176 4229 1235 4282 τὸ
1258 4226 1393 4282 εἶναι
1417 4231 1716 4299 βούλεσθαι.

152 4317 311 4371 Εἷνπι
337 4319 390 4371 δὲ
428 4319 725 4387 βουλόμεθα
757 4320 847 4373 διὰ
881 4320 942 4372 τὸ
965 4316 1022 4372 εὖ
1050 4316 1207 4372 εἶναι·
1232 4323 1291 4373 οὐ
1320 4322 1426 4391 γάρ
1451 4339 1532 4384 τις
1558 4323 1621 4375 ἂν
1647 4320 1721 4375 εἱ-

149 4430 242 4464 ναι
263 4412 552 4480 ἀνάσχοιτο
575 4411 849 4479 δυστυχῶς
877 4410 972 4463 ὢν·
994 4413 1086 4464 καὶ
1113 4411 1293 4463 πολλοί
1324 4429 1385 4479 γε
1415 4412 1602 4464 τούτου
1626 4415 1720 4482 χά-

1829 3229 1956 3282 dum
2013 3239 2192 3281 autem
2248 3229 2408 3282 homo
2462 3230 2644 3284 malus
2695 3231 2763 3283 ob
2809 3230 3057 3297 corporis
3097 3231 3402 3297 voluptates

1830 3320 2006 3373 omnia
2040 3334 2159 3372 sese
2189 3321 2556 3373 consumendo
2576 3319 2773 3386 prodit,
2797 3320 2874 3374 sic
2901 3322 2991 3389 qui
3015 3321 3189 3388 diligit
3208 3320 3397 3384 Deum,

1829 3420 2041 3458 omnem
2097 3407 2290 3459 anima:
2343 3406 2594 3459 virtutem
2644 3422 2912 3475 omneque
2957 3409 3284 3462 desiderium
3331 3413 3395 3464 ad

1830 3495 2005 3562 ipsum
2033 3495 2250 3550 elevans
2293 3506 2347 3551 et
2386 3496 2521 3548 nihil
2559 3497 2754 3551 animm
2787 3499 3188 3567 derelinquens.
3233 3500 3398 3563 Nam,

1827 3589 1926 3641 etsi
1961 3597 2018 3640 ut
2052 3604 2111 3641 se
2144 3591 2279 3642 bene
2309 3589 2521 3652 habeat,
2549 3591 2811 3644 rationem
2872 3605 3086 3660 semper
3116 3595 3359 3662 sequitur
3380 3635 3398 3657 ,

1827 3693 1936 3730 non
1959 3687 2136 3731 autem
2173 3679 2318 3732 illam
2358 3695 2456 3734 nec
2489 3680 2637 3735 illius
2673 3682 2808 3733 bona
2849 3697 3121 3750 quzercns,
3151 3685 3242 3737 sed
3269 3686 3401 3740 dili-

1827 3784 1955 3838 gens
1989 3769 2180 3833 Deum,
2209 3780 2258 3821 et
2292 3771 2434 3824 illius
2462 3773 2708 3825 mandata
2733 3771 2938 3827 faciens
2968 3783 3026 3827 ut
3056 3776 3188 3829 salvi
3220 3775 3346 3830 liant
3376 3795 3390 3831 :

1827 3861 2278 3929 quemadmodum
2304 3862 2644 3917 instrumenti
2681 3864 2944 3918 rationem
2977 3867 3235 3922 habentes
3271 3883 3396 3938 pro—

1825 3964 1943 4024 pter
1973 3968 2135 4021 opus,
2157 3954 2344 4009 circini
2377 3965 2592 4023 pr0pter
2621 3955 2939 4023 plaustrum,
2967 3972 3070 4010 non
3100 3959 3394 4024 circinum,

1827 4045 1916 4097 sed
1951 4044 2248 4111 plaustrum
2272 4043 2591 4112 quaarimus.
2622 4044 2684 4098 Et
2709 4047 2926 4112 quidem
2953 4062 3036 4100 res
3057 4048 3146 4101 hic
3175 4063 3402 4117 queque

1828 4135 2111 4189 maniiesta
2141 4134 2251 4188 ﬁeri
2286 4145 2479 4203 potest.
2513 4134 2649 4200 Quid
2676 4136 2890 4190 tandem
2911 4139 3104 4193 suadet
3135 4146 3193 4192 ut
3213 4142 3395 4194 anima

1825 4227 2118 4278 aestimetur
2147 4235 2201 4278 et
2234 4227 2386 4278 valde
2428 4226 2718 4293 diligatur?
2748 4226 2911 4292 Nihil,
2951 4229 3052 4282 nisi
3086 4229 3216 4298 quia
3247 4231 3398 4284 exsi-

1827 4329 1968 4373 stere
1996 4319 2264 4373 volumus.
2294 4317 2425 4373 Esse
2456 4334 2583 4374 vero
2613 4321 2887 4386 volumus,
2914 4331 2973 4375 ut
3001 4323 3135 4374 bene
3176 4323 3349 4376 simus
3376 4341 3390 4379 :

1826 4425 1930 4462 non
1963 4411 2106 4462 enim
2140 4411 2264 4478 quis
2292 4413 2456 4462 miser
2481 4424 2601 4463 esse
2623 4409 2949 4472 sustineret;
2993 4419 3047 4464 et
3083 4412 3206 4466 ideo
3236 4413 3392 4466 multi

151 4523 239 4569 ριν
257 4505 486 4563 ἑαυτοὺς
501 4502 813 4571 ἐξήνεγκαν,
834 4505 924 4554 καὶ
941 4505 967 4555 ὁ
985 4503 1195 4572 Σωτὴρ,
1222 4521 1239 4554 ι
1268 4503 1444 4555 Καλὸν
1463 4500 1527 4573 ἦν
1549 4505 1715 4572 αὐτῷ,

1828 4514 1940 4552 sese
1966 4507 2332 4567 peremerunt.
2369 4510 2421 4552 et
2452 4497 2696 4554 Salvator
2721 4502 2796 4554 ait
2825 4513 2840 4552 :
2879 4520 2898 4552 ι
2935 4500 3147 4557 Bonum
3181 4514 3297 4558 erat
3318 4505 3388 4569 ei,

149 4594 347 4661 φησὶν,
371 4593 420 4644 εί
448 4593 546 4644 οὐκ
565 4593 846 4662 ἐγεννήθη.
870 4611 886 4642 ι
929 4594 1078 4643 Ἐπεὶ
1102 4593 1154 4644 δὲ
1186 4593 1244 4644 τὸ
1258 4589 1398 4645 εἶναι
1415 4593 1589 4654 καλῶς
1613 4593 1714 4645 οὐκ

149 4689 305 4738 ἔστιν
337 4684 643 4754 ἦτδφιλεῖν
682 4684 772 4736 τὸν
812 4682 962 4746 Θεὸν,
1005 4683 1149 4750 δῆλοι
1179 4686 1394 4745 πάντως
1439 4685 1603 4752 ἐσμὲν
1633 4685 1720 4736 διὰ

145 4777 208 4828 τὺ
242 4775 425 4843 φιλεῖν
468 4777 560 4828 τὸν
593 4776 725 4828 Θεὸν
771 4776 934 4842 φύσει
991 4778 1083 4827 καὶ
1113 4774 1212 4841 τῆς
1258 4775 1434 4844 ψυχῆς
1486 4774 1718 4842 ἐρῶντες

146 4869 329 4932 αὐτῆς
400 4867 509 4927 τοῖς
566 4863 662 4932 μὲν
718 4862 810 4920 οὖν
867 4867 1106 4928 πολλοῖς,
1139 4868 1429 4932 ἀγνοοῦσιν
1491 4869 1612 4921 ὅθεν
1653 4868 1718 4922 ἂν

146 4960 344 5015 αὐτοῖς
378 4958 586 5023 γένοιτο
614 4957 673 5008 τὸ
701 4954 758 5010 εὖ
791 4952 952 5018 εἶναι,
994 4956 1168 5009 ἄλλων
1202 4958 1381 5019 ἄλλοις
1409 4958 1549 5027 ἔρως
1578 4958 1714 5022 ἐστὶ,

148 5050 245 5101 καὶ
289 5049 387 5101 ἐπὶ
418 5050 512 5098 τὸν
544 5047 742 5099 σκοπὸν
776 5047 949 5116 φορᾶς
987 5048 1392 5116 ἁμαρτάνοντες
1439 5046 1716 5116 αἱροῦνται

145 5138 439 5200 πολλάκις,
471 5140 563 5203 ἀφ’
595 5131 669 5188 ὧν
719 5137 929 5189 ἔσονται
980 5139 1217 5205 χείρους,
1253 5138 1347 5188 καὶ
1399 5137 1494 5205 τὴν
1540 5136 1716 5206 ψυχὴν

142 5231 271 5285 οὔτε
299 5229 533 5297 τιμῶσιν
561 5223 643 5290 οἷς
665 5228 850 5296 ἐχρῆν,
876 5228 999 5280 οὔτε
1024 5231 1165 5281 κατὰ
1186 5229 1343 5295 λόγον
1358 5231 1712 5299 περιορῶσιν.

144 5327 208 5377 Οἱ
236 5324 302 5374 δὲ
335 5318 620 5373 σπουδαῖοι
647 5320 780 5388 πρὸς
799 5318 889 5371 τὸν
919 5317 1052 5370 Θεὸν
1078 5320 1306 5380 ἑαυτοὺς
1333 5322 1616 5383 τάξαντες,
1640 5321 1712 5382 ὡς

143 5415 211 5467 ἂν
245 5411 476 5473 εἰδότες,
499 5410 621 5462 ὅποι
641 5409 702 5460 τὸ
735 5404 871 5460 εἰναι
895 5406 1193 5476 ζητήσουσι
1218 5410 1309 5459 καὶ
1331 5409 1474 5469 ὅπως
1501 5410 1714 5471 ἑαυτοῖς

142 5508 472 5578 χρήσονται,
515 5502 673 5569 μόνον
728 5504 826 5570 μὲν
857 5502 1062 5569 ἔρωτος
1115 5501 1287 5552 αἴτιον
1333 5502 1572 5555 τίθενται
1621 5503 1714 5554 τὸν

142 5600 302 5660 Θεὸν,
341 5601 503 5664 μόνον
539 5596 595 5646 δὲ
627 5593 693 5644 δι’
720 5593 914 5644 εαυτὺν
953 5593 1244 5661 στέργουσι
1279 5594 1373 5645 καὶ
1402 5596 1502 5662 τὴν
1536 5594 1714 5662 ψυχὴν

139 5692 211 5745 δι’
244 5690 486 5749 ἐκεῖνον,
521 5685 615 5737 καὶ
639 5686 700 5736 τὸ
733 5683 872 5736 εἶναι
893 5685 995 5749 ,καὶ
1033 5684 1199 5736 τᾶλλα
1230 5685 1406 5737 πάντα
1442 5683 1709 5752 φιλοῦσιν,

141 5781 289 5833 οὕτω
335 5778 392 5831 δὲ
449 5777 731 5844 φιλοῦντες
782 5775 883 5843 τὴν
919 5773 1100 5844 ψυχὴν
1143 5776 1240 5826 οὐκ
1291 5775 1460 5843 αὐτὴν
1496 5776 1708 5844 ἀληθῶς

1821 4592 1864 4643 si
1901 4605 2006 4643 non
2046 4599 2206 4644 natus
2240 4601 2402 4644 esset.
2460 4610 2479 4642 ι
2533 4590 2666 4644 Cum
2711 4601 2890 4646 autem
2940 4608 3062 4648 esse
3111 4595 3246 4649 bene
3280 4613 3388 4650 non

1819 4689 1900 4734 est
1952 4680 2055 4734 nisi
2104 4680 2329 4748 diligere
2360 4680 2550 4744 Deum,
2601 4681 2942 4736 manifestum
2972 4699 3106 4738 sane
3134 4695 3216 4738 est
3244 4688 3391 4753 quod

1817 4771 2048 4825 amando
2099 4771 2287 4832 Deum,
2340 4779 2394 4824 et
2443 4772 2676 4824 animam
2722 4773 2892 4841 ipsam
2939 4788 3207 4830 amamus.
3256 4778 3392 4830 Cum

1819 4861 1975 4915 multi
2023 4861 2238 4930 quidem
2299 4863 2554 4932 ignorant
2603 4864 2746 4918 unde
2789 4865 2907 4919 ﬁeri
2962 4874 3138 4934 potest
3179 4876 3234 4920 ut
3285 4870 3395 4923 sint

1817 4953 1972 5016 bene.
2005 4954 2095 5008 alii
2127 4953 2229 5006 alia
2275 4962 2477 5020 amant,
2509 4965 2560 5008 et
2593 4956 2654 5008 de
2682 4969 2878 5010 cursus
2927 4971 3092 5026 scopo
3122 4959 3389 5012 aberran-

1817 5053 1895 5098 tcs
1919 5059 2060 5112 saepe
2085 5044 2283 5112 eligunt
2316 5061 2375 5098 ea
2415 5046 2610 5113 quibus
2637 5045 2846 5113 pejores
2879 5046 3029 5109 (iant,
3058 5055 3111 5101 ct
3133 5049 3383 5102 animam

1817 5149 1918 5188 nec
1949 5137 2213 5189 honorant
2256 5144 2312 5189 ut
2335 5144 2568 5203 Oportet,
2599 5151 2698 5190 nec
2729 5137 2884 5206 juxta
2904 5138 3170 5192 rationem
3207 5141 3392 5208 despi-

1815 5227 1982 5280 ciunt.
2027 5226 2106 5280 Pii
2147 5241 2272 5280 vero
2309 5228 2607 5282 secundum
2649 5229 2814 5282 Deum
2878 5229 3198 5298 semetipsos
3248 5247 3395 5286 COHI-

1818 5325 2095 5388 ponentes,
2123 5329 2178 5371 et
2207 5317 2359 5385 quasi
2405 5317 2645 5371 videntes
2667 5333 2775 5387 quo
2803 5333 2923 5373 esse
2948 5319 3233 5387 quaesituri
3257 5321 3388 5382 sint,

1814 5421 1865 5464 et
1896 5409 2168 5476 quomodo
2213 5409 2312 5463 sibi
2365 5408 2693 5472 iuseryituri,
2739 5410 2908 5462 solam
2942 5411 3158 5478 quidem
3186 5409 3394 5464 amoris

1815 5516 2032 5553 causam
2067 5499 2231 5552 Deum
2271 5508 2497 5566 ponunt,
2543 5499 2716 5552 solum
2749 5510 2928 5552 autem
2959 5510 3178 5568 propter
3213 5504 3387 5570 ipsuin

1813 5590 2046 5658 diligunt
2103 5599 2157 5644 et
2185 5590 2418 5644 animam
2464 5599 2690 5659 propter
2734 5590 2907 5653 illum,
2940 5591 3081 5644 sicut
3113 5607 3233 5645 esse
3262 5593 3392 5644 alia-

1812 5662 1918 5752 que
1944 5681 2124 5734 omnia
2148 5690 2348 5743 amant,
2367 5682 2446 5734 sic
2478 5692 2655 5733 tamen
2684 5681 2968 5749 diligentes
2995 5682 3256 5746 animam,
3276 5697 3388 5736 non

1814 5775 1985 5844 ipsam
2021 5788 2149 5826 vere
2181 5771 2434 5841 diligunt.
2485 5770 2578 5824 sed
2619 5770 2770 5823 illum
2801 5781 3022 5841 propter
3065 5788 3226 5840 quem
3256 5772 3384 5827 dili-
