4140 6318
721 414 817 479 ’111

1969 416 2018 475 Ν
2026 411 2280 476 ιεοωῐ
2321 410 2712 474 οΑΒΑειιΑι

3852 417 3965 481 ἨΞ

724 535 877 595 gunt.
930 523 988 579 Si
1040 538 1165 579 vero
1199 537 1416 593 quoque
1454 530 1711 593 tanquam
1756 522 1959 593 aliquid
2010 527 2283 594 proprium

2398 516 2671 590 φιλοῦσιν,
2703 522 2820 575 ἀλλ’
2847 524 3079 584 ἐκεῖνον,
3109 522 3178 575 δι’
3200 521 3265 575 ὃν
3295 520 3562 590 φιλοῦσιν.
3593 521 3654 573 Et
3682 520 3737 572 δὲ
3764 521 3867 572 καὶ
3892 521 3973 583 ὡς

718 615 1001 684 diligimus
1028 613 1289 675 animam,
1330 612 1506 679 magis
1538 612 1694 665 nobis
1731 614 1983 680 proprius
2012 624 2091 668 est
2122 628 2283 682 quam

719 706 834 774 ipsa
879 704 1059 758 anima
1093 703 1363 765 Salvator,
1398 712 1451 757 et
1485 704 1576 772 qui
1615 703 1719 757 hnc
1770 704 1946 757 solum
1995 719 2091 772 per
2121 705 2285 757 vitam

720 798 1027 858 attendunt,
1061 798 1239 848 sciunt
1260 794 1593 848 Salvatorem
1627 794 1692 848 ad
1724 808 1913 849 omnes
1940 794 2087 863 ipsos
2112 795 2289 849 afﬁni-

724 895 888 941 tatem
944 887 1304 945 contraxisse,
1354 886 1405 939 et
1442 901 1534 953 per
1575 886 1721 938 illum
1773 886 1904 951 ipsis
1948 888 2185 939 animam
2235 898 2289 941 et

722 980 894 1047 ipsum
940 994 1060 1033 esse
1104 979 1306 1046 aliquid
1340 980 1563 1032 charum
1607 988 1661 1033 et
1708 981 2088 1048 propinquum.
2124 978 2288 1032 Nam-

721 1085 828 1137 que
858 1068 1058 1137 satagit
1108 1069 1307 1137 aliquis
1348 1069 1399 1120 in
1437 1070 1699 1139 seipsunt,
1743 1072 1999 1138 quoniam
2030 1069 2285 1137 agitatur,

718 1169 771 1213 et
806 1160 1044 1227 quietem
1078 1159 1321 1213 invenire
1368 1174 1473 1212 non
1526 1168 1720 1225 potest.
1763 1160 1867 1212 nisi
1927 1162 2091 1212 [leum
2134 1159 2286 1211 inve-

720 1251 855 1309 niztt.
912 1259 1106 1317 praeter
1161 1251 1294 1304 istos
1342 1262 1522 1305 autem
1576 1263 1755 1306 rectus
1807 1267 1985 1305 rerum
2028 1251 2285 1313 arbitros,

722 1358 861 1412 quos
906 1358 1025 1396 esse.
1070 1344 1365 1411 putandum
1417 1354 1498 1396 est
1544 1344 1596 1396 in
1624 1343 1843 1397 Christo
1883 1343 2147 1406 viventes,
2180 1358 2287 1396 nun

722 1443 899 1487 autem
934 1432 1103 1487 Deum
1142 1437 1297 1488 rebus
1331 1435 1396 1487 ad
1434 1436 1606 1503 ipsum
1638 1433 2033 1500 pertinentibus
2062 1446 2286 1486 exuere.

722 1523 835 1578 Hoc
871 1536 1049 1577 autem
1105 1526 1183 1586 lit,
1231 1526 1275 1580 si
1327 1541 1449 1578 cum
1501 1525 1699 1579 bonum
1743 1525 1813 1579 sit
1854 1525 2152 1593 permotum
2186 1523 2289 1575 im-

721 1615 958 1684 perfecta
1027 1617 1291 1670 chartnte
1368 1617 1699 1687 diligimus;
1782 1616 2092 1685 imperfecte
2161 1627 2290 1668 vero

718 1705 1019 1771 diligimus,
1039 1708 1087 1759 si
1121 1706 1247 1774 quid
1285 1706 1429 1759 aliud
1462 1708 1761 1775 diligimus,
1784 1721 2022 1759 amorem
2050 1706 2130 1759 sic
2152 1703 2289 1757 divi-

718 1793 927 1847 dentes.
979 1793 1110 1846 Nam
1144 1796 1223 1847 lex
1259 1796 1329 1848 ait
1371 1813 1383 1847 :
1421 1815 1439 1847 ι
1474 1797 1548 1849 Ex
1602 1805 1712 1850 tota
1762 1796 1941 1850 anima
1987 1805 2039 1848 et
2081 1810 2145 1848 ex
2179 1805 2288 1847 tota

2391 614 2594 665 οἰκεῖόν
2613 631 2667 666 τι
2691 614 2791 684 τὴν
2816 613 3000 684 ψυχὴν
3030 613 3313 683 φιλοῦμεν,
3346 614 3671 682 οίκειότερος
3694 610 3833 682 ἡμῖν
3872 614 3971 665 καὶ

2389 703 2487 771 τῆς
2534 703 2716 773 ψυχῆς
2755 707 2925 775 αὐτῆς
2965 706 2994 755 ὀ
3041 705 3251 773 Σωτὴρ,
3282 704 3379 757 καὶ
3422 703 3471 755 οἳ
3511 702 3669 755 τοῦτο
3708 703 3801 755 διὰ
3841 702 3965 769 βίου
4038 729 4049 733 ~

2391 794 2653 846 σκοποῦσι
2717 797 2902 863 μόνον,
2954 795 3105 847 ἴσασι
3158 796 3248 847 τὸν
3306 794 3538 862 Σωτῆρα
3590 794 3728 862 προς
3790 795 3968 857 πᾶσιν

2390 885 2573 948 αὐτοῖς
2597 887 2921 953 συγγένειαν
2946 887 3318 956 ἡρμοσμένον,
3341 886 3437 939 καὶ
3460 884 3528 937 δι’
3550 885 3755 935 ἐκεῖνον
3776 885 3971 947 αὐτοῖς

2389 976 2487 1027 καὶ
2513 976 2613 1045 τὴν
2643 979 2820 1049 ψυχὴν
2854 980 2948 1031 καὶ
2975 980 3104 1030 αὐτὸ
3136 982 3195 1032 τὸ
3219 975 3358 1031 εἶναι
3392 978 3546 1045 φίλον
3569 979 3663 1030 καὶ
3698 976 3971 1045 συγγενὲς

2393 1064 2451 1115 δν
2490 1078 2504 1095 ⁸
2534 1067 2627 1118 καὶ
2674 1069 2783 1136 γὰρ
2838 1068 3129 1120 σπεύδεται
3180 1084 3264 1130 τις
3300 1068 3435 1137 πρὸς
3478 1069 3691 1131 ἑαυτὸν,
3736 1071 3821 1122 ὅτι
3870 1071 3973 1121 καὶ

2393 1156 2697 1220 στασιάζει,
2734 1160 2825 1210 καλ⁵
2881 1162 2980 1211 οὐκ
3044 1159 3110 1211 ἂν
3164 1159 3315 1230 τὺχοι
3349 1160 3611 1228 γαλήνης,
3662 1164 3708 1212 εί
3763 1162 3838 1229 μὴ
3868 1160 3969 1213 τοῦ

2392 1243 2529 1296 Θεοῦ
2553 1246 2726 1315 τύχοι,
2763 1250 2932 1317 χωρὶς
2965 1247 3021 1300 δὲ
3059 1249 3263 1301 τούτων
3287 1251 3411 1311 τοὺς
3445 1250 3641 1317 ὀρθοὺς
3671 1250 3784 1303 τῶν
3814 1268 3967 1320 πρα-

2393 1337 2627 1417 γμάτων
2672 1338 2979 1408 διαιτητὰς,
3032 1339 3125 1401 οὓς
3158 1338 3298 1392 εἶναι
3347 1341 3452 1410 χρὴ
3486 1341 3705 1409 νομίσαι
3742 1344 3872 1404 τοὺς
3908 1344 3971 1394 ὲν

2391 1429 2614 1497 Χριστῷ
2644 1430 2874 1492 ζῶντας.
2908 1432 2981 1501 μὴ
3011 1432 3101 1485 τὸν
3122 1432 3255 1484 Θεὸν
3270 1433 3376 1485 τῶν
3400 1432 3546 1501 αὐτῴ
3569 1435 3973 1504 προσηκόντων

2391 1522 2739 1589 ἀποστερεῖν.
2771 1522 2943 1574 Τοῦτο
2987 1522 3043 1575 δέ
3091 1524 3262 1588 ἐστιν,
3315 1523 3367 1593 εί
3414 1526 3623 1576 τέλειον
3654 1525 3866 1590 ἀγαθὸν
3909 1525 3972 1578 δν

2390 1611 2573 1663 ἀτελεῖ
2600 1604 2664 1681 τῇ
2702 1614 2835 1680 παρ⁹
2864 1615 3001 1683 ἡμῖν
3034 1613 3302 1683 φιλοῦμεν
3332 1615 3541 1685 ἀγάπῃ,
3589 1616 3797 1679 ἀτελῶς
3820 1615 3872 1669 δ’
3903 1616 3971 1670 ἂν

2390 1702 2663 1771 φιλοῖμεν,
2694 1706 2746 1758 ετ
2773 1722 2823 1757 τι
2855 1707 2947 1757 καὶ
2970 1704 3099 1757 ἀλλο
3132 1705 3420 1773 φιλοῦμεν,
3455 1708 3517 1758 τὸ
3548 1707 3773 1775 φίλτρον
3804 1709 3970 1778 μερί-

2392 1793 2576 1854 ζοντες
2595 1808 2607 1821 ·
2640 1794 2760 1846 ἐπεὶ
2788 1796 2925 1851 καὶῤ
2950 1796 3131 1863 νόμος,
3162 1816 3180 1848 ι
3204 1794 3293 1861 Ἐξ
3312 1798 3462 1866 ὅλης,
3486 1799 3639 1867 φησὶ,
3666 1798 3764 1867 τῆς
3783 1799 3968 1869 ψυχῆς

720 1894 896 1935 mente
918 1884 1083 1936 Deum
1106 1885 1316 1954 diliges.
1346 1904 1361 1935 ι
1384 1886 1515 1940 Cum
1538 1889 1698 1954 igitur
1712 1902 1927 1941 omnem
1946 1887 2283 1941 dilectionem

2396 1885 2489 1937 καὶ
2548 1885 2609 1948 ἐξ
2666 1887 2795 1954 ὅλης
2848 1890 2947 1955 τῆς
2981 1888 3219 1950 διανοίας
3248 1889 3338 1940 τὸν
3371 1889 3505 1942 Θεὸν
3551 1891 3892 1960 ἀγαπήσεις.
3941 1912 3960 1945 ι

720 1972 773 2025 in
804 1973 981 2039 ipsum
1019 1974 1252 2027 ferentes
1285 1987 1574 2044 reponunt,
1606 1993 1702 2031 nec
1730 1978 1890 2029 ullam
1924 1977 2132 2030 amoris
2167 1992 2287 2045 par-

720 2072 826 2116 tem
874 2066 998 2119 aliis
1049 2075 1144 2120 aut
1195 2068 1550 2136 sibimetipsis
1600 2070 1935 2136 relinquunt,
1986 2083 2016 2121 a
2064 2068 2287 2136 proprio

720 2158 1111 2223 communique
1165 2174 1327 2211 sensu
1385 2159 1607 2213 abeunt.
1646 2159 1796 2224 Quod
1852 2161 1997 2212 enim
2048 2160 2288 2228 undique

717 2245 1079 2313 conjunctum
1111 2255 1215 2309 est,
1251 2248 1351 2299 hoe
1380 2257 1465 2301 est
1495 2263 1669 2301 amor.
1688 2248 1780 2302 Sic
1807 2257 1988 2302 autem
2024 2248 2091 2302 ad
2111 2249 2284 2303 solum

721 2338 889 2391 Deum
922 2354 1041 2391 sese
1075 2340 1437 2407 undequaque
1471 2339 1896 2403 transferentes,
1935 2340 2032 2395 soli
2068 2342 2286 2408 quidem

723 2430 831 2484 Deo
860 2431 1071 2491 vivunt,
1107 2432 1284 2484 solum
1313 2430 1482 2483 Deum
1513 2414 1767 2499 diligdnt,
1796 2446 1970 2500 eoque
1998 2432 2118 2485 solo
2150 2447 2284 2499 gau-

719 2520 852 2573 dent
873 2536 885 2570 :
908 2519 1177 2586 siquidem
1215 2521 1298 2572 his
1326 2534 1446 2586 qua:
1468 2522 1624 2571 nobis
1645 2532 1771 2571 sunt
1790 2521 2025 2573 maxime
2047 2520 2284 2588 propria,

719 2613 958 2675 studere,
994 2611 1261 2663 inhaerere
1295 2618 1350 2661 et
1388 2611 1648 2677 gaudere,
1678 2625 1782 2661 non
1814 2612 1917 2663 hnc
1954 2612 2133 2679 ipsum
2159 2608 2283 2663 facit

718 2702 861 2771 quod
911 2710 1093 2753 nostra
1142 2709 1289 2764 Sunt,
1354 2700 1446 2753 sed
1507 2702 1763 2767 quoniam
1827 2702 1928 2755 ista
1986 2700 2283 2769 diligimus,

720 2800 977 2857 tanquam
1022 2789 1125 2841 hoc
1168 2801 1275 2841 non
1332 2788 1421 2849 sit,
1459 2790 1557 2840 hac
1595 2787 1923 2855 proprietate
1972 2802 2065 2853 per
2116 2788 2287 2853 ipsam

720 2896 819 2935 nos
844 2881 977 2948 ipsis
1006 2878 1328 2931 consociare
1358 2877 1439 2930 vel
1458 2876 1637 2929 facere
1654 2878 1889 2943 gaudere
1919 2891 2023 2928 non
2051 2877 2283 2928 valente.

725 2970 891 3024 Multa
946 2978 1077 3023 sunt
1127 2968 1268 3021 enim
1324 2982 1390 3019 ex
1434 2969 1638 3019 n0stris
1686 2982 1805 3034 qua:
1854 2981 1955 3019 nos
2000 2966 2288 3019 iastidiuttt

727 3074 780 3117 et
832 3077 951 3130 quae
1002 3062 1160 3114 nobis
1207 3059 1336 3127 ipsis
1376 3060 1767 3126 exprobramus
1798 3077 1810 3109 :
1846 3060 2064 3126 quidam
2105 3065 2286 3110 autem

720 3151 1046 3215 semetipsos
1075 3147 1366 3200 manifeste
1394 3148 1652 3208 oderunt.
1678 3157 1733 3199 et
1754 3146 1937 3215 iugere
1952 3154 2005 3199 et
2034 3146 2169 3199 mori
2193 3161 2287 3198 cu-

719 3242 895 3310 piunt.
936 3240 1077 3291 Sunt
1113 3247 1295 3291 autent
1343 3238 1434 3303 qui
1489 3238 1660 3290 fatum
1707 3245 2106 3304 praevenerunt,
2139 3251 2286 3290 mor-

720 3342 828 3385 tem
861 3344 992 3383 ense
1020 3329 1103 3384 vel
1132 3328 1431 3397 suspendio
1449 3329 1551 3384 sibi
1571 3328 1926 3383 asciseentes.
1950 3327 2285 3383 Undetnani-

720 3421 919 3474 festum
949 3430 1033 3473 est
1076 3420 1221 3487 quod
1254 3418 1534 3482 omnibus,
1567 3434 1691 3472 cum
1723 3420 1921 3487 quibus
1971 3421 2203 3473 vivimus
2232 3428 2286 3473 et

718 3512 1040 3583 gaudemus,
1082 3514 1297 3575 animat,
1334 3511 1584 3565 amnibus
1617 3520 1671 3565 et
1700 3514 1861 3567 nobis
1895 3513 2047 3580 ipsis,
2095 3512 2287 3564 convi-

720 3620 846 3659 vere
880 3607 1220 3670 gaudereque
1252 3604 1380 3656 facit
1406 3620 1581 3660 amor.
1606 3603 1792 3673 itaque
1825 3605 1869 3658 si
1902 3605 2026 3673 quis
2051 3605 2281 3658 aliorum

722 3698 861 3750 bona
900 3693 1028 3749 velit
1057 3704 1111 3747 et
1142 3705 1290 3747 amet
1330 3710 1435 3747 non
1488 3694 1666 3748 minus
1697 3710 1858 3763 quant
1892 3698 2140 3764 prepria.
2185 3710 2283 3749 ne-

718 3800 876 3839 cesse
925 3796 1013 3838 εει
1066 3795 1123 3836 ut
1160 3784 1248 3836 ille
1282 3799 1390 3837 non
1428 3786 1613 3839 minus
1664 3786 1939 3838 voluntate
1980 3784 2283 3837 consentiat

716 3883 774 3928 et
816 3873 885 3925 de
927 3872 1088 3926 b0nis
1122 3872 1356 3939 gaudeat
1403 3886 1528 3925 cum
1564 3873 1686 3927 aliis
1725 3890 1887 3941 quant
1928 3874 2029 3928 sibi
2075 3874 2177 3941 ipsi
2214 3874 2281 3928 de

718 3964 954 4034 preprii»
999 3964 1161 4017 bonis
1189 3966 1514 4031 congaudet.
1550 3962 1671 4017 ideo
1713 3964 1875 4017 Deum
1918 3966 2148 4027 amanti,
2180 3980 2281 4019 na-

720 4072 840 4114 tura
865 4059 1081 4127 quidem
1104 4060 1169 4110 ad
1201 4058 1383 4111 divina
1407 4074 1514 4111 non
1542 4068 1745 4112 mutata
1760 4067 1851 4111 aut
1869 4061 2277 4124 transformata,

721 4155 793 4206 ita
826 4163 884 4204 ut
915 4151 1017 4204 ista
1065 4151 1385 4205 naturaliter
1421 4144 1522 4219 ipsi
1557 4150 1831 4215 eveniant,
1868 4150 1961 4203 sed
2004 4154 2281 4207 voluntate

720 4258 785 4294 at:
821 4241 1117 4295 dilectione
1150 4240 1213 4293 ad
1258 4241 1424 4293 Deum
1462 4258 1525 4293 ex
1560 4243 1794 4310 propriis
1830 4243 2111 4305 translata,
2146 4242 2277 4294 ttiltil

718 4333 972 4403 prohibet
1003 4335 1137 4401 quin
1174 4335 1245 4387 sit
1279 4332 1347 4385 de
1376 4334 1492 4400 ipso
1539 4333 1793 4401 gaudium
1837 4333 2079 4399 plenum,
2124 4348 2188 4386 ac
2232 4332 2275 4385 si

719 4432 1113 4477 transmutatus
1183 4430 1344 4475 esset.
1411 4423 1465 4474 Si
1530 4422 1672 4473 enim
1745 4426 2034 4475 humanam
2101 4424 2277 4476 adhuc

2402 1975 2553 2027 Ἐπεὶ
2583 1976 2764 2028 τοίνυν
2792 1981 2972 2030 πᾶσαν
3001 1979 3080 2040 είς
3100 1980 3309 2031 ἐκεῖνον
3337 1981 3596 2049 φέροντες
3623 1982 3835 2035 τιθέασι
3865 1984 3967 2052 τὴν

2388 2066 2638 2133 ἀγάπην,
2692 2069 2786 2119 καὶ
2816 2068 3001 2134 φιλίας
3036 2070 3199 2137 μέρος
3236 2069 3389 2121 οὐδὲν
3422 2068 3545 2121 οὔτε
3578 2070 3760 2131 ἄλλοις
3790 2089 3970 2126 κατα-

2388 2157 2665 2211 λείπουσιν
2688 2159 2808 2210 οῠτε
2838 2160 3023 2226 σφίσιν
3048 2162 3255 2223 αὐτοῖς,
3282 2166 3345 2230 τῇ
3376 2160 3571 2232 γνώμη
3602 2164 3755 2229 σφῶν
3780 2166 3966 2218 αὐτῶν

2388 2248 2484 2300 καὶ
2509 2250 2725 2302 πάντων
2743 2250 3110 2319 ἀποδημοῦσι.
3139 2251 3209 2304 Τὸ
3231 2253 3338 2321 γὰρ
3360 2256 3634 2308 συνάπτον
3651 2253 3967 2325 ἑκασταχοῦ

2386 2340 2449 2392 τὸ
2501 2341 2722 2410 φίλτρον
2775 2343 2954 2394 ἐστίν·
3009 2342 3151 2395 οὕτω
3185 2343 3240 2395 δὲ
3276 2345 3415 2412 πρὸς
3470 2346 3559 2398 τὸν
3610 2346 3744 2399 Θεὸν
3801 2350 3970 2417 μόθον

2392 2431 2621 2493 ἑαυτοὺς
2660 2433 2999 2501 πανταχόθεν
3030 2436 3453 2502 μετενεγκόντες
3491 2438 3639 2505 μόνῳ
3674 2439 3775 2507 μὲν
3804 2438 3965 2505 ζῶσι,

2391 2526 2553 2592 μόνον
2582 2526 2638 2577 δὲ
2673 2524 2914 2592 φιλοῦσι,
2954 2526 3099 2595 μόνῳ
3128 2526 3183 2579 δὲ
3218 2529 3536 2597 χαίρουσιν*
3571 2532 3692 2583 ἐπεὶ
3726 2533 3821 2583 καὶ
3849 2534 3966 2595 τοῖς

2366 2617 2544 2683 ,ἡμῶν
2564 2617 2742 2669 αὐτῶν
2766 2621 2876 2676 τοῖς
2902 2618 3260 2682 οίκειοτάτοις
3286 2619 3571 2687 βούλεσθαι
3597 2623 3688 2673 καὶ¹
3717 2625 3967 2675 συνεῖναι

2388 2709 2481 2759 καὶ
2513 2707 2747 2777 χαίρειν,
2781 2709 2840 2760 οὐ
2871 2707 3021 2760 τοῦτ’
3051 2709 3185 2761 αὐτὸ
3234 2714 3383 2763 ποιεῖ
3412 2711 3471 2763 τδ
3511 2700 3760 2781 ἡμέτερα
3795 2710 3961 2776 εἶναι,

2387 2798 2505 2852 ἀλλ’
2540 2800 2625 2851 ὃτι
2655 2799 2749 2851 καὶ
2778 2800 2920 2853 αὐτά
2948 2799 3231 2868 φιλοῦμεν,
3263 2800 3337 2865 ὣς
3374 2803 3441 2854 ἂν
3479 2804 3552 2871 μὴ
3586 2803 3742 2855 τοῦτο
3770 2802 3825 2879 ᾗ,
3860 2806 3965 2874 τῆς

2387 2892 2723 2959 οἰκειότητος
2754 2890 2960 2960 ταύτης
2984 2890 3049 2942 δι’
3082 2891 3281 2960 ἑαυτὴν
3316 2893 3571 2958 συνάγειν
3597 2895 3746 2961 ἡμᾶς
3775 2894 3967 2958 αὑτοξ

2387 2980 2421 3050 ἦ
2464 2981 2693 3049 ποιῆσαι
2728 2982 2946 3051 χαίρειν
2984 2982 3058 3050 μὴ
3101 2982 3433 3049 δυναμένης.
3483 2983 3660 3035 Πολλὰ
3694 2984 3804 3054 γάρ
3849 2986 3966 3039 τῶν

2389 3071 2674 3141 ἡμετέρων
2698 3073 2844 3141 ἡμᾶς
2879 3072 3025 3141 ἀνιᾷ,
3075 3074 3168 3123 καὶ
3198 3073 3261 3141 δὴ
3308 3073 3401 3124 καὶ
3431 3073 3565 3142 ἡμῖν
3590 3076 3778 3136 αὐτοῖς
3812 3076 3965 3130 εστιν

2390 3156 2465 3215 ὧν
2488 3162 2832 3232 ἐπιτιμῶμεν
2856 3180 2868 3193 ·
2888 3163 3021 3216 ἔνιοι
3045 3164 3100 3217 δὲ
3123 3165 3261 3231 σφᾶς
3282 3163 3477 3227 αὐτοὺς
3497 3166 3597 3235 ήδη
3618 3167 3714 3219 καὶ
3737 3170 3962 3237 μισοῦσι

2389 3253 2659 3322 λαμπρῶς
2712 3255 2807 3307 καὶ
2839 3254 3063 3322 φεύγειν
3105 3256 3439 3323 ἐπιθυμοῦσι
3476 3260 3569 3311 καὶ
3620 3258 3960 3320 θανατῶσιν.

2392 3343 2511 3394 Etet
2545 3343 2602 3395 δὲ
2634 3343 2682 3395 οἳ
2713 3346 2805 3397 καὶ
2843 3344 3148 3412 ἐτόλμησαν
3189 3345 3281 3397 καὶ
3314 3346 3418 3416 πρὸ
3453 3348 3651 3417 μοίρας
3688 3350 3963 3418 ἀπῆλθον,

2389 3430 2711 3499 βιασάμενοι
2736 3432 2945 3498 ξίφεσιν
2965 3434 2995 3503 ἢ
3019 3434 3197 3504 βρόχῳ
3218 3436 3315 3504 τὴν
3333 3437 3592 3508 τελευτήν
3609 3455 3624 3471 ·
3650 3439 3774 3492 ὅθεν
3798 3442 3964 3510 δῆλον

2386 3522 2467 3573 ὅτι
2495 3521 2685 3583 πᾶσιν,
2713 3516 2795 3582 οἷς
2834 3521 3114 3592 σύνεσμεν·
3138 3528 3231 3577 καὶ
3266 3526 3555 3595 χαίρομεν,
3585 3531 3681 3581 καὶ
3715 3534 3779 3599 τῇ
3805 3533 3960 3602 ψυχῇ

2386 3610 2478 3661 καὶ
2506 3612 2621 3673 τοῖς
2647 3612 3007 3675 οίκειοτάτοις
3033 3616 3129 3666 καὶ
3155 3614 3285 3683 ἡμῖν
3317 3618 3497 3680 αὐτοῖς
3524 3619 3585 3671 τὸ
3607 3622 3783 3687 φιλεῖν
3812 3626 3966 3676 ποιεῖ

2386 3700 2481 3751 καὶ
2516 3703 2754 3755 συνεῖναι
2785 3704 2875 3754 καὶ
2906 3704 3139 3773 χαίρειν.
3178 3706 3387 3758 Οὐκοῦν
3418 3710 3472 3760 ετ
3498 3725 3583 3769 τις
3608 3712 3823 3779 τάγαθᾶ
3845 3714 3964 3765 τῶν

2379 3790 2560 3843 ἀλλων
2610 3790 2784 3845 ἐθέλοι
2816 3794 2909 3845 καὶ
2960 3794 3141 3863 φιλοίη
3191 3797 3358 3863 μηδὲν
3389 3794 3552 3866 ἦττον
3594 3800 3625 3869 ἢ
3662 3804 3729 3854 τὰ
3759 3803 3961 3872 αὐτοῦ,

2382 3882 2571 3934 τοῦτον
2602 3882 2813 3954 ἀνάγκη
2840 3886 2931 3936 καὶ
2954 3887 3273 3956 συνεῖναιτῇ
3295 3889 3485 3959 γνώμῃ
3512 3895 3605 3943 καὶ
3632 3896 3959 3964 συγχαίρειν

2383 3977 2491 4026 τῶν
2532 3975 2751 4041 ἀγαθῶν
2802 3978 2919 4038 τοῖς
2957 3978 3135 4040 ἄλλοις
3182 3979 3212 4047 ἢ
3264 3980 3443 4049 ἑαυτῷ
3482 3982 3590 4034 τῶν
3625 3985 3811 4039 αὑτοῦ.
3852 3989 3959 4040 Διὰ

2381 4065 2552 4117 ταῦτα
2578 4066 2655 4135 τῷ
2684 4066 2938 4135 φιλοθέῳ,
2968 4070 3066 4137 τῆς
3097 4068 3195 4136 μὲν
3224 4069 3438 4139 φύσεως
3467 4075 3602 4141 πρὸς
3630 4075 3698 4128 τὰ
3720 4077 3840 4130 θεῖα
3876 4079 3957 4151 μὴ

2382 4157 2921 4228 μετασκευασθείσης
2949 4198 2963 4222 ,
3006 4160 3127 4229 μηδ’
3182 4162 3564 4233 ἀμειφοείσης,
3617 4164 3757 4221 ὥστε
3802 4170 3957 4239 αὖτῷ

2383 4248 2546 4315 φύσει
2563 4248 2736 4301 ταῦτα
2768 4251 3182 4318 προσγενέσθαι,
3211 4255 3310 4323 τῆς
3330 4255 3386 4307 δὲ
3419 4255 3693 4326 θελήσεως
3724 4264 3819 4315 καὶ¹
3848 4263 3955 4332 τῆς

2379 4344 2601 4411 ἀγάπης
2624 4344 2705 4403 είς
2735 4344 2823 4395 τὸν
2847 4345 2979 4397 Θεὸν
3002 4346 3109 4397 ἀπὸ
3128 4345 3236 4397 τῶν
3258 4348 3473 4400 οἰκείων
3500 4352 3949 4423 μετενεχθείσης,

2378 4434 2530 4485 οὐδὲν
2565 4433 2894 4503 κωλύει,τὴν
2935 4436 3022 4486 ἐπ’
3058 4436 3208 4505 αὑτῷ
3241 4440 3416 4506 χαρὰν
3450 4438 3745 4508 ὁλόκληρον
3781 4439 3948 4506 εἶναι,

720 4514 825 4567 fert
872 4522 1123 4565 naturain
1166 4521 1218 4563 et
1251 4512 1571 4565 naturaliter
1598 4513 1651 4564 in
1681 4513 1881 4567 divinis
1929 4522 1983 4564 ut
2042 4514 2276 4580 propriis

2385 4527 2475 4577 xui
2504 4523 2691 4594 ὥσπερ
2720 4528 2766 4577 εί
2801 4526 3236 4589 μετεσκεύαστο·
3299 4530 3347 4579 εί
3387 4530 3496 4598 γὰρ
3529 4532 3622 4583 καὶ
3651 4533 3751 4601 τὴν
3787 4535 3952 4603 φύσιν

718 4620 822 4657 non
854 4613 913 4656 ut
942 4604 1072 4656 libet
1108 4603 1258 4660 vivit.
1296 4603 1406 4655 illic
1458 4610 1636 4655 tamen
1678 4610 1845 4655 totam
1880 4603 2050 4655 tendit
2085 4604 2276 4656 volun-

722 4703 909 4753 tatem,
968 4710 1087 4761 qua?
1147 4703 1325 4761 putest
1390 4694 1623 4762 gaudere
1679 4695 1943 4760 nobisque
1999 4694 2139 4749 hanc
2188 4702 2279 4746 aut

720 4787 867 4840 illam
922 4789 1049 4837 dare
1094 4786 1517 4851 jucundiiatetn.
1554 4786 1679 4838 ideo
1715 4787 1857 4837 sicut
1900 4785 1991 4851 qui
2039 4789 2277 4852 seipsum

717 4890 863 4934 amat
910 4881 1108 4946 gaudet
1155 4882 1438 4947 praesientia
1473 4895 1657 4934 secum
1700 4892 1955 4949 reputans
2005 4881 2166 4942 bona,
2200 4882 2279 4933 sic

718 4973 811 5040 qui
848 4971 1013 5024 Deum
1048 4972 1222 5025 solum
1244 4981 1505 5025 amante:
1530 4973 1675 5025 illius
1708 4974 1863 5025 bonis
1892 4974 1995 5027 sibi
2021 4974 2281 5043 jucundi-

721 5076 887 5118 tatem
922 5065 1207 5131 colligunt,
1227 5072 1281 5116 et
1312 5065 1473 5118 rebus
1494 5065 1641 5119 illius
1673 5066 2018 5119 ditescuntet
2044 5067 2281 5133 glorian-

724 5170 834 5221 tur,
861 5160 926 5213 de
958 5156 1125 5225 gloria
1157 5157 1279 5222 ejus
1311 5157 1649 5223 superbiunt,
1684 5160 1749 5209 de
1789 5158 1905 5225 ipso
1944 5158 2281 5226 triumphant

721 5254 946 5303 adorato
994 5248 1463 5315 magnilicatoque.
1497 5248 1597 5311 Qui
1654 5262 1781 5301 vero
1828 5249 2180 5317 sibimetipsis
2204 5251 2281 5300 vi-

718 5341 990 5399 vunt.etsi
1010 5340 1076 5389 de
1093 5338 1236 5391 veris
1252 5338 1518 5406 gaudeant
1535 5340 1710 5393 bonis.
1730 5339 1987 5407 integram
2010 5349 2278 5408 nequeunt

718 5447 942 5499 carpere
976 5432 1243 5491 laetitiam,
1285 5430 1373 5482 sed
1407 5431 1547 5484 sicut
1577 5432 1644 5484 de
1684 5433 1838 5486 bonis
1868 5436 2105 5501 gaudent
2136 5448 2275 5500 pra:-

721 5525 986 5580 sentibus.
1040 5523 1121 5576 sic
1171 5523 1317 5587 ipsos
1356 5524 1419 5575 de
1451 5522 1768 5577 absentibus
1796 5533 1887 5576 aut
1924 5523 2277 5592 praesentibus

721 5616 877 5669 malis
927 5615 1113 5668 dolere
1142 5628 1239 5682 par
1272 5623 1388 5677 est;
1427 5614 1494 5666 iis
1527 5622 1705 5667 autem
1750 5614 1841 5681 qui
1884 5616 2047 5668 vitam
2081 5615 2133 5667 in
2169 5615 2278 5668 Deo

723 5713 1135 5773 reposuerunt,
1193 5702 1283 5754 ubi
1336 5702 1550 5769 quidem
1618 5710 1701 5754 est
1768 5702 2107 5769 jucunditas,
2165 5701 2277 5754 tri-

722 5796 869 5855 stitia
897 5808 1028 5850 vero
1051 5793 1356 5857 ttulla,cum
1380 5794 1545 5847 utulta
1575 5792 1789 5862 quidem
1823 5795 1928 5847 sint
1956 5795 2277 5865 quattujus-

2380 4614 2461 4666 ἔτι
2498 4615 2652 4684 φέρει
2681 4614 2775 4684 τὴν
2797 4615 3168 4685 ἀνθρωπίνην,
3208 4620 3300 4671 καὶ
3336 4620 3498 4685 φύσει
3535 4623 3645 4683 τοῖς
3677 4624 3842 4685 θείοις
3870 4624 3951 4689 ὡς

2380 4707 2599 4768 οἰκείοις
2616 4707 2675 4758 οῦ
2704 4708 2973 4769 σύνεστιν,
3001 4708 3137 4763 ἀλλὰ
3158 4710 3257 4776 τήν
3281 4726 3343 4775 γε
3372 4710 3596 4780 θέλησιν
3622 4715 3738 4766 ἐκεῖ
3764 4718 3950 4768 πᾶσαν

2382 4799 2513 4865 ἔχει,
2562 4801 2593 4867 ἢ
2627 4801 2791 4867 κυρία
2841 4800 2987 4851 ἐστὶν
3017 4799 3187 4861 οὕτως
3232 4802 3262 4869 ἢ
3306 4803 3536 4864 ἐκείνως
3572 4804 3808 4873 χαίρειν,
3848 4810 3950 4862 καὶ

2379 4890 2579 4959 ταύτην
2610 4892 2665 4941 ὲν
2694 4890 2826 4957 ἡμῖν
2858 4892 3083 4957 κρατεῖν
3121 4891 3152 4959 ἢ
3195 4891 3413 4959 ἐκείνην
3446 4888 3544 4961 τὴν
3574 4894 3794 4965 ἡδονήν.
3830 4900 3944 4955 Καὶ

2378 4981 2553 5032 τοίνυν
2582 4978 2834 5049 καθάπερ
2874 4982 2901 5030 ὁ
2949 4979 3120 5046 φιλῶν
3159 4981 3352 5031 ἑαυτὸν
3380 4983 3660 5049 χαίρειτά
3702 4987 3950 5053 παρόντα

2378 5068 2527 5134 αὐτῷ
2565 5068 2910 5136 λογιζόμενος
2950 5069 3150 5133 ἀγαθὰ,
3194 5068 3365 5128 οὕτως
3395 5071 3444 5121 οἱ
3483 5071 3574 5123 τὸν
3610 5072 3743 5124 Θεὸν
3780 5074 3951 5141 μόνον

2380 5160 2658 5228 φιλοῦντες
2698 5161 2807 5211 ἀπὸ
2843 5160 2952 5211 τῶν
2985 5160 3206 5226 ἀγαθῶν
3234 5161 3340 5213 τῶν
3377 5163 3586 5215 ἐκείνου
3620 5164 3718 5234 τὴν
3749 5168 3953 5240 ἡδονὴν

2379 5254 2594 5314 ἑαυτοῖς
2636 5253 2949 5319 συνάγουσι,
2986 5254 3081 5305 καὶ
3119 5254 3231 5315 τοῖς
3260 5254 3469 5307 ἐκείνου
3507 5257 3799 5313 πλουτοῦσι
3849 5265 3953 5318 καὶ

2381 5340 2811 5411 φιλοτιμοῦνται,
2847 5342 2941 5394 καὶ
2977 5344 3111 5411 πρὸς
3150 5343 3249 5411 τὴν
3283 5344 3492 5397 ἐκείνου
3533 5348 3952 5418 μεγαλαυχοῦσι

2377 5431 2555 5494 δόξαν,
2592 5434 2687 5485 καὶ
2721 5432 3110 5498 στεφανοῦνται
3148 5437 3627 5505 προσκυνουμένου
3680 5443 3771 5491 καὶ
3806 5443 3947 5495 θαυ-

2383 5521 2691 5590 μαζομένου
2730 5521 3105 5589 σεμνύνονται.
3141 5524 3250 5575 Καὶ
3280 5523 3325 5575 οί
3361 5525 3458 5594 μὲν
3480 5526 3692 5591 ἑαυτοῖς
3715 5530 3946 5599 ζῶντες,

2380 5612 2481 5663 κᾶν
2516 5613 2607 5662 ἐπὶ
2637 5614 2749 5672 τοῖς
2773 5611 2998 5679 ἀληθέσι
3025 5614 3289 5682 χαίρωσιν
3315 5616 3562 5684 ἀγαθοῖς,
3589 5620 3822 5687 ἄμικτον
3844 5627 3949 5679 οὐκ

2380 5704 2447 5755 ἂν
2499 5706 2795 5771 καρποῖντο
2815 5704 2910 5770 τὴν
2946 5703 3159 5771 ἡδονὴν,
3191 5704 3306 5757 ἀλλ’
3336 5704 3524 5776 ὥσπερ
3555 5711 3805 5777 χαίρουσι
3835 5715 3948 5766 τῶν

2379 5793 2600 5861 ἀγαθῶν
2647 5798 2759 5854 τοῖς
2794 5794 3085 5865 παροῦσιν,
3134 5792 3307 5859 οὕτως
3341 5788 3525 5864 ἀλγεῖν
3561 5800 3759 5861 αὐτοὺς
3795 5804 3946 5869 εἰκὸς
