4140 6318
220 299 345 363 7M

1263 302 1359 363 DE
1399 303 1578 364 VITA
1639 302 1723 363 IN
1764 300 2098 367 CHRISTO
2134 303 2283 364 LIB.
2328 302 2462 364 ΥΠ.

3382 295 3489 360 ’114

221 417 377 484 ὑπὲρ
408 416 515 467 τῶν
546 414 791 469 ἀπέντων
829 419 860 486 ἦ
892 417 999 467 τῶν
1034 418 1313 486 παρόντων
1357 418 1562 481 κακῶν,
1598 420 1715 477 τοῖς
1753 417 1796 468 δ’

1910 418 2053 470 modi
2094 426 2278 487 agunt,
2336 416 2547 470 nullum
2599 423 2782 469 autent
2820 413 3134 469 contristat.
3188 411 3299 465 Nec
3346 412 3494 467 enim

221 508 296 557 ἐν
322 506 401 574 τῷ
432 508 551 577 Θεῷ
588 508 687 575 τὴν
742 506 884 576 ζωὴν
920 508 1236 575 μεταθεῖσιν
1290 507 1453 578 ἡδονὴ
1509 509 1608 576 μὲν
1663 510 1809 562 ἐστιν

215 598 552 666 εἰλικρινὴς,
581 597 727 667 λύπη
763 599 818 650 δὲ
840 595 1089 666 οὐδεμία,
1128 597 1343 651 πολλῶν
1375 599 1473 668 μὲν
1505 600 1673 651 δντων
1701 601 1810 652 τῶν

219 689 446 741 ἐκείνου
472 688 792 752 ποιούντων,
822 689 1081 751 ἀνιῶντος
1103 690 1158 741 δὲ
1176 678 1412 753 οὐδενός.
1442 689 1578 743 Οὖτε
1604 692 1710 761 γὰρ
1734 691 1810 761 τῷ

221 777 357 849 Θεῷ
386 779 634 831 σύνεστιν
661 778 817 832 οὐδὲν
851 779 1033 847 ἀηδὲς,
1124 779 1314 845 ζῶσιν,
1342 780 1463 833 οὔτε
1498 781 1603 834 τῶν
1625 781 1807 846 αὐτοῖς

222 870 525 937 παρόντων
553 870 803 939 αἴσθησίς
831 872 1001 935 ἐστιν,
1032 869 1087 922 εί
1114 886 1164 923 τι
1190 872 1286 924 καὶ
1327 873 1554 925 δύναται
1582 875 1770 926 λυπεῖν

221 965 328 1013 καὶ
361 964 467 1032 γὰρ
495 963 702 1015 ἑαυτῶν
726 962 913 1032 ζητεῖν
932 963 1153 1027 αὐτοὺς,
1171 967 1197 1015 ό
1229 963 1329 1031 τῆς
1353 964 1563 1027 τελείας
1587 966 1809 1034 ἀγάπης

221 1051 393 1119 λόγος
427 1052 487 1103 οὐ
550 1054 843 1121 συγχωρεῖ,
902 1071 920 1104 ι
982 1053 1057 1105 Οὐ
1113 1052 1223 1121 γὰρ
1277 1052 1449 1119 ζητεῖ,
1524 1058 1681 1126 φησί.
1738 1057 1808 1109 τὰ

222 1143 430 1210 αὐτῆς,
472 1161 492 1194 ι
526 1143 644 1195 ἀλλ’
676 1142 968 1211 ἀγαπῶσιν
997 1145 1083 1197 ὅτι
1104 1143 1376 1214 μακάριος
1402 1145 1431 1197 ό
1462 1146 1803 1215 φιλούμενος,

224 1237 329 1287 καὶ
370 1234 430 1286 τὺ
477 1235 649 1297 πάθος
678 1235 877 1288 ἄτοπον
909 1238 1001 1287 καὶ
1037 1234 1336 1305 ὑπερφυὲς,
1382 1238 1451 1304 γῆ
1486 1237 1579 1291 καὶ
1615 1239 1807 1302 σποδὸς

222 1324 305 1376 τὰ
334 1324 427 1377 τοῦ
459 1323 617 1379 Θεοῦ*
639 1324 746 1377 τῶν
777 1326 996 1379 οἰκείων
1035 1325 1395 1379 ἀλλάττονται
1440 1328 1533 1379 καὶ
1567 1328 1804 1394 γίνονται

225 1418 640 1484 παραπλήσιον,
666 1417 855 1486 ῶσπερ
877 1418 924 1468 εί
941 1416 1170 1486 πένητες
1187 1417 1381 1487 ἄνδρες
1407 1419 1499 1469 καὶ
1520 1418 1806 1486 δυστυχεῖς

222 1511 311 1570 είς
350 1490 639 1578 βασιλικὴν
672 1509 1097 1573 είσπεπαικὸτες
1142 1510 1322 1562 οἰκίαν
1347 1507 1542 1579 ἀθρόον
1581 1498 1683 1577 μὲν
1706 1509 1807 1578 τὴν

224 1603 483 1655 σύνοικον
526 1602 911 1671 ἀποτρίψοιντο
964 1601 1176 1663 πενίαν,
1242 1601 1549 1670 περιθεῖντο
1598 1600 1654 1654 δὲ
1705 1603 1805 1670 τὴν

222 1693 352 1745 ἐκεῖ
376 1693 741 1762 λαμπρότητα
773 1693 979 1745 πᾶσαν.
1030 1692 1201 1761 ’Υπὲρ
1234 1684 1296 1743 οὗ
1342 1693 1436 1743 καὶ
1474 1692 1679 1759 νομίζω
1708 1694 1802 1745 καὶ

1916 508 2058 561 inest
2106 507 2243 575 Deo,
2288 508 2375 561 cui
2425 507 2640 570 vivunt,
2698 506 2910 575 aliquid
2971 504 3355 574 injucundum,
3396 518 3498 556 nec

1915 599 2048 666 ipsis
2098 599 2450 667 praesentium
2500 606 2583 651 est
2630 611 2848 661 sensus,
2907 595 2951 650 si
2989 589 3132 663 quid
3166 593 3501 647 contristare

1912 697 2112 757 potest.
2172 688 2286 742 Non
2342 690 2488 742 enim
2551 690 2697 756 ipsos
2754 702 2871 741 sese
2915 701 3183 755 quaerere,
3245 683 3501 752 perfecta:

1914 781 2203 835 cliaritatls
2228 782 2368 835 ratio
2396 781 2701 849 permittit;
2748 799 2765 829 ι
2802 779 2957 839 Nam,
2983 780 3180 846 inquit,
3214 793 3318 829 non
3352 791 3500 842 qum-

1911 876 1980 927 rit
2010 890 2131 942 qua:
2155 889 2251 927 sua
2283 883 2411 927 sunt
2444 890 2457 937 ;
2492 893 2510 923 ι
2578 875 2673 926 sed
2702 880 2886 925 amant
2915 871 3174 924 dilectum
3203 886 3322 923 esse
3372 870 3495 922 bcav
3575 936 3582 943 |

1916 977 2053 1029 tum,
2080 974 2135 1020 et
2170 966 2354 1034 passio
2399 964 2637 1020 absurda
2668 972 2721 1017 et
2770 963 3087 1024 immodica,
3120 972 3259 1015 terra
3290 972 3343 1014 et
3381 960 3502 1029 pul-

1913 1058 2023 1115 vis.
2059 1071 2159 1125 pro
2189 1057 2307 1110 suis
2326 1056 2540 1109 divinos
2562 1055 3276 1109 commutantcharacteres
3298 1055 3495 1123 hisque

1915 1146 2126 1199 similes
2158 1146 2325 1211 fiunt;
2361 1146 2826 1215 quemadmodum
2861 1144 2904 1199 si
2932 1144 3183 1198 homines
3224 1160 3499 1214 pauperes

1909 1245 1963 1290 et
1992 1235 2175 1290 miseri
2212 1238 2263 1290 in
2291 1238 2491 1307 regiam
2521 1237 2792 1291 irruentes
2813 1236 3063 1299 domum,
3084 1245 3249 1289 totam
3273 1236 3494 1304 quidem

1909 1335 2064 1375 suam
2081 1332 2341 1377 exuerent
2357 1323 2663 1393 penuriam,
2681 1332 2959 1393 totamque
2979 1323 3273 1393 fulgentem
3296 1326 3364 1378 ibi
3388 1341 3501 1377 ma-

1907 1410 2273 1484 gnificentiam
2315 1414 2627 1469 induerent.
2673 1415 2901 1484 Propter
2937 1418 3081 1484 quod
3121 1418 3374 1470 existinw
3407 1433 3502 1475 eos

1911 1505 2092 1558 vocari
2111 1505 2377 1561 violentos
2397 1521 2700 1574 rapereqne
2714 1522 2966 1575 regnum;
2986 1508 3128 1576 quod
3148 1509 3372 1561 daturos
3392 1525 3497 1562 non

1908 1605 2230 1665 exspectant
2279 1584 2380 1651 nec
2428 1598 2692 1664 eligentes
2753 1600 3080 1665 respiciunt,
3137 1601 3230 1652 sed
3282 1600 3501 1667 ipsimct

1912 1689 2171 1740 thronum
2193 1699 2469 1757 occupant
2493 1698 2540 1741 et
2569 1688 2809 1757 propriis
2828 1690 3103 1757 sutfragiis
3128 1692 3227 1744 sibi
3245 1692 3496 1746 diadema

223 1784 461 1848 βιαστάς
480 1785 671 1844 αὐτοὺς
692 1781 949 1849 λέγεσθαι
974 1786 1067 1836 καὶ
1090 1783 1189 1852 τὴν
1213 1782 1491 1852 βασιλείαν
1510 1782 1804 1853 ἁρπάζειν,

1916 1778 2358 1846 circumponunt.
2392 1778 2553 1845 Atqui
2591 1779 2634 1831 si
2676 1778 2919 1846 capiunt,
2961 1795 3064 1833 non
3096 1790 3275 1834 tamen
3308 1783 3359 1834 in
3395 1785 3496 1837 hoc

218 1875 316 1925 ὅτι
349 1875 424 1944 μὴ
457 1876 581 1936 τοὺς
612 1874 885 1934 δώσοντας
914 1874 1247 1941 ἀναμένουσι
1280 1874 1401 1926 οὐδὲ
1431 1874 1559 1936 τοὺς
1583 1876 1779 1945 αἱρησο

224 1965 430 2034 μένους
475 1966 905 2029 ἀποσκοποῦσιν,
980 1965 1094 2017 ἀλλ’
1124 1964 1417 2035 αὐτόματοι
1474 1965 1567 2017 τοῦ
1622 1966 1812 2036 θρόνου

217 2056 553 2125 δράττονται
579 2057 670 2108 καὶ
692 2059 810 2118 ταῖς
828 2057 962 2126 παρ’
984 2057 1197 2109 ἑαυτῶν
1219 2056 1419 2124 ψήφοις
1442 2057 1827 2125 περιτίθενται·

221 2150 289 2199 τὸ
325 2147 581 2216 διάδημα.
622 2147 683 2199 Εἰ
736 2148 844 2216 γὰρ
880 2146 980 2200 καί
1028 2147 1423 2216 λαμϐάνουσιν,
1458 2146 1571 2199 ἀλλ’
1620 2149 1719 2200 οὐκ
1752 2149 1811 2201 ὲν

221 2239 408 2305 τούτῳ
462 2238 773 2306 νομίζουσιν
813 2237 1183 2305 εὐδαιμονεῖν,
1247 2238 1356 2290 οὐδ’
1421 2238 1655 2291 ἐνταῦθα
1708 2238 1804 2308 τὴν

217 2329 425 2394 ἡδονὴν
452 2330 683 2397 ἔχουσιν,
715 2329 832 2381 ἀλλ’
867 2332 925 2381 ἐν
956 2328 1032 2397 τῷ
1064 2328 1375 2397 φιλουμένῳ
1399 2330 1797 2395 συνεγνωκέναι

217 2422 327 2485 τὴν
356 2420 639 2485 βασιλείαν
689 2421 782 2471 καὶ
804 2423 1109 2489 χαίρουσιν,
1135 2420 1231 2487 οὐχ
1248 2420 1329 2471 ὅτι
1352 2420 1533 2480 αὐτοῖς
1559 2422 1809 2471 κοινωνεῖ

218 2513 339 2564 τῶν
361 2512 598 2577 ἀγαθῶν,
626 2511 739 2563 ἀλλ’
762 2513 844 2563 ὅτι
875 2513 1082 2573 ἐκεῖνος
1108 2514 1166 2563 ἐν
1191 2509 1441 2577 ἀγαθοῖς,
1472 2510 1565 2561 τοῦ
1593 2510 1647 2562 δὲ
1676 2514 1806 2579 παρ’

221 2606 441 2658 ἑαυτῶν
474 2604 657 2672 ἔχουσι
693 2605 784 2655 καὶ
815 2604 913 2673 τῆς
935 2604 1144 2664 οἰκείας
1174 2601 1631 2671 εὐγνωμοσύνηςο
1665 2602 1804 2654 ὥστε

222 2700 279 2748 εἰ
331 2697 495 2764 μηδὲν
551 2697 734 2757 αὐτοῖς
785 2691 853 2764 ἦν
908 2696 1089 2748 κοινὸν
1150 2695 1285 2763 πρὸς
1341 2692 1621 2762 βασιλείαν
1671 2693 1803 2761 μηδὲ

232 2787 467 2856 μερίτας
520 2788 718 2845 αὐτοὺς
771 2785 869 2850 τῆς
934 2786 1341 2855 μακαριότητος
1392 2787 1419 2835 ὁ
1484 2782 1803 2851 φιλούμενος

223 2879 490 2936 ἐποιεῖτο,
551 2876 719 2943 μηδὲν
773 2870 936 2944 ἦττον
984 2875 1327 2943 εὐδαιμονεῖν
1372 2874 1464 2926 καὶ
1495 2870 1800 2941 βασιλεύειν

1914 1882 1973 1919 se
1998 1868 2189 1920 beatos
2216 1883 2338 1923 esse
2366 1870 2616 1930 credunt,
2648 1886 2749 1923 nec
2792 1871 2993 1925 eximie
3024 1875 3357 1941 voluptatem
3396 1874 3498 1929 ba-

1914 1957 2065 2020 bent,
2105 1956 2199 2011 sed
2249 1960 2394 2026 quod
2444 1960 2497 2011 in
2545 1960 2747 2013 dilecto
2795 1976 3019 2029 regnum
3059 1978 3181 2017 esse
3228 1966 3495 2027 sentiunt.

1907 2049 2282 2119 gaudentque,
2307 2064 2413 2103 non
2448 2053 2592 2119 qubd
2629 2052 2762 2118 ipsis
2804 2052 2945 2106 bona
2973 2054 3370 2120 communicat,
3402 2058 3498 2111 sed

1911 2140 2053 2204 quod
2082 2140 2171 2195 ille
2224 2142 2277 2195 in
2319 2141 2485 2196 bonis
2533 2152 2649 2209 est;
2684 2143 2754 2196 ita
2809 2151 2869 2198 ut
2905 2146 2951 2198 si
3001 2143 3138 2199 nihil
3183 2147 3315 2215 ipsis
3354 2161 3501 2204 esset

1913 2245 2208 2285 commune
2246 2247 2369 2285 cum
2416 2246 2600 2299 regno.
2634 2249 2732 2286 nec
2780 2234 2927 2301 ipsos
2982 2236 3337 2291 beatitudinis
3372 2254 3497 2306 par-

1910 2321 2104 2390 ticipes
2144 2321 2385 2377 efﬂorret
2424 2323 2678 2387 dilectus,
2717 2325 3075 2380 nihilominus
3116 2341 3301 2383 essent
3332 2331 3492 2394 beati,

1913 2424 2221 2480 regnarent,
2263 2424 2685 2476 coronarentur,
2720 2432 3021 2485 omnesque
3053 2421 3365 2476 fruerentur
3394 2430 3498 2479 hoc

1908 2519 2097 2572 regno.
2128 2504 2285 2559 Unde
2325 2507 2523 2559 merito
2566 2517 2850 2575 propterea
2880 2523 3126 2578 raptores
3167 2529 3497 2570 vocarentur

1911 2603 1964 2646 et
2029 2595 2249 2649 violenti
2315 2597 2624 2651 divinorum
2685 2598 2950 2653 bonorum
3009 2619 3388 2670 possessores,
3443 2610 3494 2662 in

1911 2684 2225 2739 fruitionem
2252 2702 2439 2739 eorum
2460 2703 2578 2741 sese
2601 2690 2957 2757 impellentes.
2978 2692 3066 2746 Isti
3095 2707 3221 2748 sunt
3252 2699 3341 2766 qui
3369 2701 3496 2753 odio

1912 2777 2112 2831 habent
2131 2778 2364 2843 animas,
2381 2794 2473 2833 eas
2504 2781 2825 2847 perdunt,et
2852 2796 3038 2837 earum
3060 2785 3180 2840 loco
3201 2787 3495 2847 Dominum

1908 2868 2211 2920 animarum
2246 2869 2533 2949 recipiunt.

223 2970 327 3020 καὶ
381 2967 778 3035 στεφανοῦσθαι
823 2969 916 3020 καὶ
963 2967 1171 3027 πάντας
1215 2967 1313 3034 τῆς
1352 2965 1628 3034 βασιλείας
1704 2960 1993 3014 ἀπολαύειν
2052 2960 2289 3031 ἐκείνης.
2327 2961 2489 3013 Ὀοεν
2538 2962 2788 3032 ἅρπαγες
2816 2967 3044 3031 εἰκότως
3074 2970 3140 3022 ἂν
3181 2971 3269 3023 διὰ
3335 2972 3494 3028 τοῦτο

223 3059 481 3112 καλοῖντο
538 3061 631 3111 καὶ
693 3059 915 3128 βιασταὶ
949 3058 1060 3110 τῶν
1101 3058 1260 3110 θείων
1314 3058 1558 3126 ἀγαθῶν,
1595 3059 1673 3118 είς
1706 3056 1803 3125 τὴν
1844 3051 2143 3105 ἀπόλαυσιν
2181 3052 2359 3105 αὐτῶν
2391 3053 2613 3116 ἑαυτοὺς
2658 3056 3027 3123 είσωθούντες.
3080 3056 3242 3116 Οὗτοί
3273 3066 3410 3119 εἰσιν
3447 3070 3496 3120 οἱ

222 3152 329 3211 τὰς
360 3151 537 3219 ψυχὰς
568 3149 852 3221 μισοῦντες
885 3151 979 3203 καὶ
1008 3150 1336 3213 ἀπολλύντες
1404 3151 1499 3202 καὶ
1563 3148 1767 3201 τούτων
1801 3147 1891 3197 τὸν
1923 3144 2032 3196 τῶν
2062 3143 2249 3211 ψυχῶν
2282 3145 2559 3215 Δεσπότην
2588 3147 3106 3217 ἀντιλαμϐάνοντες.

302 3246 371 3299 Τί
399 3246 493 3299 οὖν
517 3248 613 3316 τῆς
646 3248 821 3317 χαρᾶς
854 3246 1059 3315 ταύτης
1085 3247 1117 3315 ἢ
1155 3245 1343 3315 μεῖζον
1374 3245 1406 3313 ἢ
1437 3244 1800 3314 βεϐαιότερονς

1982 3237 2122 3303 Quid
2157 3238 2322 3302 igitur
2357 3238 2461 3292 hoc
2478 3240 2681 3308 gaudio
2709 3243 2896 3311 majus
2930 3248 3010 3300 vel
3042 3249 3306 3303 solidius?
3338 3249 3491 3316 Quod

224 3334 362 3400 Τοῖς
392 3338 492 3406 μὲν
530 3338 638 3407 γὰρ
666 3340 879 3400 ἑαυτοῖς
903 3338 1152 3406 χαίρουσι
1199 3336 1258 3389 τὸ
1287 3335 1478 3407 χαρίεν
1507 3334 1804 3387 ἀποϐαλεῖν

225 3430 292 3480 οὐ
321 3428 433 3480 τῶν
460 3427 743 3497 ἀδοκήτων
807 3429 866 3480 ὲν
909 3427 1083 3480 οὐδενί¹
1128 3426 1238 3495 γὰρ
1289 3426 1383 3479 ἐπὶ
1415 3425 1509 3477 τοῦ
1541 3425 1807 3493 παρόντος

224 3520 469 3586 τάγαθὸν
509 3521 789 3589 ἀκίνητον,
832 3520 958 3573 ὅθεν
990 3521 1050 3572 οὐ
1087 3519 1156 3572 δι’
1186 3510 1262 3571 ὧν
1294 3518 1656 3582 ἀπολαύουσι,
1686 3514 1805 3584 χαί-

227 3629 389 3680 ρουσι
431 3612 655 3679 μᾶλλον,
683 3611 715 3682 ἢ
750 3600 817 3664 δῖ’
848 3605 923 3663 ὧν
957 3613 1084 3679 περὶ
1115 3610 1208 3664 τοῦ
1241 3610 1470 3663 πλούτου
1515 3609 1802 3677 τρέμουσι,

223 3704 493 3756 ἀνιῶνται
569 3704 683 3765 τοῖς
717 3701 773 3755 δὲ
800 3702 896 3755 καὶ
924 3704 950 3755 ὁ
981 3702 1255 3772 θησαυρὸς
1286 3701 1393 3752 τῶν
1423 3700 1642 3766 ἀγαθῶν
1669 3699 1805 3752 ἀσυ-

223 3792 323 3853 λος
380 3791 470 3843 καὶ
524 3792 688 3862 ἡδονὴ
732 3792 912 3859 λύπης
950 3790 1205 3858 ἄμικτος,
1264 3792 1357 3843 καὶ
1411 3790 1575 3857 φόϐος
1631 3790 1806 3851 οὐδεὶς

224 3883 373 3951 ὑπὲρ
420 3883 656 3946 ἑστῶτος
712 3882 805 3937 καὶ
856 3882 1075 3952 βεϐαίου
1111 3883 1458 3952 πράγματος.
1492 3882 1599 3933 Καὶ
1628 3883 1675 3933 oi
1706 3881 1806 3951 μὲν

222 3974 326 4025 καὶ
367 3971 519 4024 αὐτοὶ
548 3971 770 4032 εἰκότως
794 3972 1161 4023 ὑποπτεύουσι
1190 3971 1289 4039 τὴν
1322 3971 1523 4040 χαράν,
1552 3970 1626 4037 μὴ
1669 3970 1806 4039 πρὸς

223 4062 617 4130 ὑπερηφανίαν
650 4061 852 4123 αὐτοὺς
885 4060 1077 4131 ἐξάγῃ,
1137 4061 1341 4132 σφόδρα
1398 4061 1533 4131 πρὸς
1578 4062 1809 4123 ἑαυτοὺς

226 4157 559 4227 βλέποντας,
590 4153 618 4205 ὃ
656 4155 717 4205 τὺ
756 4152 1006 4206 πλεῖστον
1040 4154 1105 4205 ἂν
1135 4153 1233 4221 τῆς
1276 4152 1472 4221 ἡδονῆς
1518 4152 1805 4221 ὑποτέμοι,

224 4249 346 4305 τοῖς
377 4246 433 4298 δὲ
475 4245 713 4299 τοιοῦτον
760 4245 879 4298 οὐδὲ
930 4244 1153 4313 ἐνοχλεῖ,
1191 4244 1398 4296 ἑαυτῶν
1433 4242 1532 4311 μὲν
1559 4242 1657 4295 οὐκ
1691 4244 1807 4294 ἐπι·-

226 4338 647 4407 στρεφομένοις,
672 4339 728 4390 ὲν
751 4335 829 4407 τῷ
851 4334 968 4406 Θεῷ
991 4336 1045 4388 δὲ
1070 4338 1165 4403 τὴν
1188 4333 1420 4404 δύναμιν
1439 4335 1804 4403 ποιουμένοις,

224 4434 291 4483 ἓν
324 4429 517 4498 ἐκείνῳ
552 4429 607 4481 δὲ
644 4428 1043 4498 καυχωμένοις,
1074 4426 1169 4479 καὶ
1200 4426 1333 4487 ὅλως
1361 4426 1461 4493 οὐχ
1491 4426 1615 4477 ὅσον
1653 4427 1805 4478 αὐτοὶ

225 4541 527 4601 χωρουσιν,
552 4533 644 4575 οὐδ
688 4524 877 4590 ὥσπερ
906 4520 1229 4589 ἀνθρώπους
1260 4519 1473 4586 χαίρειν
1494 4516 1661 4580 εἰκὸς,
1686 4517 1803 4568 ἀλλ’

222 4617 489 4688 ὑπερφυᾶ
535 4629 658 4665 τινα
703 4610 799 4665 καὶ
848 4610 1000 4662 θείαν
1045 4607 1388 4676 καρποῦνται
1434 4606 1535 4675 τὴν
1585 4606 1798 4674 ἡδονήν.

222 4712 424 4764 Οἰκίαν
454 4707 551 4776 μὲν
591 4708 699 4772 γὰρ
727 4703 907 4765 οἰκίας
958 4700 1010 4752 εί
1048 4716 1129 4761 τις
1178 4698 1497 4762 ἀλλάξαιτο,
1546 4697 1803 4748 καλλίονα

225 4799 570 4869 φαυλοτέρας
593 4798 685 4847 καὶ
711 4794 905 4861 ἡδονῆς
934 4790 1261 4858 ἀντείληφεν
1291 4787 1509 4856 ἡδονὴν,
1542 4783 1609 4858 ἧς
1643 4789 1802 4857 ἥδετο

222 4894 328 4960 τὴν
348 4892 617 4959 προτέραν
639 4886 829 4943 οἰκῶν,
854 4887 920 4952 ἢν
940 4882 1083 4942 εἰκὸς
1105 4880 1196 4950 ἥδε
1207 4881 1327 4933 σθαι
1350 4881 1438 4932 τδν
1459 4882 1801 4933 ἀπολαύοντα

220 4986 327 5049 τῆς
355 4982 615 5047 δευτέρας
698 4978 773 5040 ὡς
811 4978 868 5029 δὲ
898 4977 990 5029 καὶ
1031 4974 1283 5043 σώματος
1320 4976 1368 5027 εί
1424 4976 1638 5043 μηχανῇ
1693 4991 1798 5025 τινι

221 5074 383 5138 τύχοι
413 5070 711 5131 καλλίονος,
758 5070 817 5119 τί)
857 5067 1028 5136 παρὸν
1078 5065 1367 5118 ἀποϐαλὼν
1418 5066 1513 5116 καὶ
1568 5064 1665 5133 τὴν
1710 5064 1796 5116 er.”

221 5160 382 5228 αὐτῷ
408 5160 581 5228 χαρὰν
622 5160 881 5226 ἣμειψεν,
934 5155 1028 5208 καὶ
1077 5154 1301 5230 τοσοῦτο
1339 5155 1519 5222 χαίρει
1573 5154 1795 5220 μᾶλλον,

221 5253 352 5304 ὅσον
377 5248 622 5315 ἀμείνονι
651 5248 848 5317 χρῆται
882 5246 1116 5314 σώματι.
1152 5243 1362 5297 Οὐκοῦν
1387 5244 1514 5295 ὅταν
1540 5245 1600 5295 οὐ
1634 5244 1794 5312 μόνον

226 5341 393 5406 σῶμα
429 5341 523 5390 καὶ
563 5339 760 5401 οἰκίαν,
794 5336 906 5389 ἀλλ’
934 5336 1127 5388 ἑαυτὸν
1167 5334 1478 5403 ἀπορρίψας
1515 5335 1608 5385 τὸν
1660 5334 1796 5386 Θεὸν

222 5431 553 5501 κομίσηται,
582 5430 678 5481 καὶ
716 5421 872 5489 οὗτος
901 5426 1050 5495 αὐτῷ
1084 5429 1177 5477 καὶ
1220 5426 1471 5494 σώματος
1503 5427 1594 5477 καὶ
1624 5426 1798 5494 ψυχῆς

223 5526 326 5576 καὶ
349 5522 565 5575 οἰκείων
595 5520 689 5591 καὶ⁸
718 5520 887 5587 φίλων
911 5519 1003 5570 καὶ
1040 5517 1256 5569 πάντων
1283 5520 1674 5585 αντικαταστῇ,
1706 5522 1801 5569 καὶ

222 5615 429 5682 ἡδονὴν
467 5613 683 5678 ἀνάγκη
725 5610 821 5680 τὴν
866 5611 965 5677 μὲν
1002 5608 1307 5677 ὑπερϐῆναι
1353 5610 1530 5659 πᾶσαν
1563 5608 1658 5677 τὴν
1695 5608 1805 5660 τῶν

217 5705 559 5775 ἀνθρώπων,
578 5703 677 5772 τὴν
697 5701 753 5754 δὲ
778 5701 1040 5769 λαϐεῖν,ἣ
1073 5701 1209 5770 πρός
1234 5699 1333 5769 τὴν
1360 5699 1509 5753 υείαν
1533 5700 1806 5769 ἥρμοσται

450 5822 717 5878 ινιτιιοι..
768 5819 887 5877 Gn.
936 5817 978 5875 (ἶ
994 5817 1038 5877 L
1053 5857 1068 5876 .

1912 3328 2056 3383 enim
2106 3329 2214 3382 illis
2270 3329 2363 3399 qui
2417 3330 2672 3400 gaudium
2724 3333 2779 3386 in
2811 3349 2868 3389 se
2930 3347 3162 3404 ponunt,
3215 3342 3492 3409 obiectum

1909 3420 2092 3491 gaudii
2161 3422 2427 3489 rapiatur,
2487 3438 2595 3477 non
2642 3432 2819 3481 estex
2876 3426 3221 3497 improvisis;
3256 3433 3309 3485 in
3340 3436 3488 3490 nulla

1908 3512 2052 3565 enim
2104 3526 2286 3565 rerum
2323 3515 2679 3581 presentittm
2710 3518 2908 3572 stabile
2930 3523 3223 3590 reperitur
3250 3525 3490 3594 bonum;

1909 3601 2050 3655 unde
2080 3617 2187 3654 non
2226 3603 2396 3671 magis
2428 3604 2494 3658 tle
2524 3605 2727 3672 quibus
2757 3606 3020 3664 fruuntur
3051 3613 3486 3684 gaudent,qnam

1909 3694 1975 3745 de
2010 3691 2114 3745 illis
2161 3707 2261 3760 pro
2295 3694 2498 3760 quibus
2531 3698 2861 3752 tremiscunt
2896 3699 3107 3755 dolent.
3160 3701 3255 3757 His
3307 3716 3490 3760 autem

1910 3784 2205 3838 thesaurus
2235 3796 2316 3838 est
2346 3786 2615 3842 bonarum
2639 3804 2886 3856 securus,
2915 3792 3345 3863 jncundi'asque
3374 3797 3492 3850 sine

1913 3873 2156 3937 tristitia,
2187 3876 2475 3945 nullusque
2510 3876 2672 3931 timor
2703 3895 2799 3948 pro
2840 3882 2993 3935 firma
3039 3885 3330 3953 stabilique
3362 3902 3493 3954 pos-

1911 3966 2173 4021 sessione.
2205 3966 2286 4019 Illi
2314 3969 2532 4035 quidem
2578 3971 2743 4023 etiam
2794 3972 2895 4039 ipsi
2930 3974 3127 4026 merito
3180 3978 3490 4043 suspiciunt

1910 4054 2191 4121 gaudium,
2231 4071 2297 4108 ne
2328 4058 2480 4124 ipsos
2512 4058 2577 4111 ad
2612 4060 2923 4125 superbiam
2966 4064 3210 4126 extollat,
3250 4067 3487 4120 multum

1913 4147 1963 4213 in
1994 4160 2049 4199 se
2071 4146 2332 4211 videntes,
2352 4152 2494 4215 quod
2521 4151 2812 4204 maximam
2850 4162 3056 4220 partem
3082 4157 3261 4223 gaudii
3289 4163 3495 4211 rescin-

1914 4236 2041 4289 dere
2065 4248 2267 4305 potest;
2301 4240 2383 4291 Itis
2408 4251 2587 4293 autent
2635 4241 2768 4293 nihil
2807 4244 2911 4294 tale
2951 4247 3281 4298 anxietatem
3314 4248 3490 4310 affert,

1911 4342 2034 4381 cum
2090 4328 2191 4397 ipsi
2212 4344 2316 4382 non
2345 4330 2396 4381 in
2422 4345 2478 4383 se
2500 4331 2797 4397 confidant,
2820 4334 2912 4386 sed
2933 4335 2999 4386 ad
3020 4334 3189 4389 Deum
3213 4354 3367 4390 suam
3390 4355 3456 4406 po
3476 4371 3485 4378 -

1912 4419 2133 4473 tentiam
2154 4420 2407 4484 referant,
2431 4422 2483 4475 in
2500 4423 2700 4491 illoque
2717 4424 3023 4490 glorientur
3065 4431 3366 4481 acomnino
3386 4447 3492 4484 non

1914 4520 2176 4580 quantum
2208 4514 2308 4581 ipsi
2345 4517 2527 4567 valent
2563 4525 2657 4568 aut
2682 4531 2780 4583 par
2813 4528 2896 4570 est
2929 4518 3178 4573 homines
3212 4538 3321 4575 sus:
3345 4522 3496 4591 ipere

1909 4604 2191 4671 gaudium,
2236 4606 2331 4657 sed
2356 4608 2823 4673 supernatttt'almn
2850 4624 2912 4662 ac
2947 4610 3186 4664 divinam
3224 4614 3493 4683 colligunt.

1901 4698 2316 4763 iucunditatem.
2341 4696 2395 4749 Si
2431 4701 2554 4766 quis
2588 4714 2746 4766 porro
2770 4699 2991 4753 domum
3026 4718 3123 4770 pro
3154 4704 3338 4769 duilio,
3370 4707 3487 4773 pul-

1906 4789 2176 4842 chriorem
2226 4803 2323 4857 pro
2388 4790 2598 4851 \iliore,
2663 4802 3046 4857 rommutaret,
3091 4795 3488 4860 jucunditatetn

1905 4878 2068 4929 etiam
2108 4878 2431 4946 anticiparet
2469 4894 2566 4946 pro
2594 4878 2958 4948 jucumlitate,
2981 4883 3124 4937 illius
3160 4886 3298 4942 luco.
3326 4904 3489 4953 quam

1906 4971 2185 5037 carpebat,
2203 4971 2435 5038 priorem
2466 4972 2686 5025 domum
2708 4980 3005 5051 occupans,
3029 4976 3169 5029 hanc
3190 4993 3350 5046 quam
3371 4998 3498 5032 sen-

1908 5063 2012 5116 tire
2038 5063 2332 5117 verisimile
2353 5073 2433 5117 est
2457 5060 2755 5133 posteriore
2781 5067 3066 5122 fruentem.
3092 5070 3306 5124 Pariter
3327 5074 3490 5127 etiam

1908 5154 1952 5206 si
1974 5157 2205 5221 quadam
2236 5156 2637 5212 machinatione
2672 5161 2952 5226 pulchrius
2974 5162 3240 5215 ottineret
3270 5181 3495 5233 corpus,

1909 5260 2149 5313 prwsens
2179 5249 2456 5313 exuendo,
2486 5263 2686 5301 novum
2715 5264 2928 5319 quoque
2952 5266 3118 5320 super
3143 5254 3242 5324 hoc
3269 5256 3494 5322 partici-

1909 5345 2061 5402 paret
2079 5337 2358 5403 gaudium.
2376 5348 2636 5408 tantoque
2659 5343 2830 5410 magis
2852 5344 3128 5409 gauderet.
3152 5353 3356 5410 quanto
3382 5362 3498 5398 tne-

1910 5427 2045 5480 liore
2066 5443 2293 5497 cerpnre
2317 5430 2605 5485 frueretur.
2628 5433 2759 5485 Cum
2785 5435 2946 5502 igitur
2965 5451 3070 5486 nun
3101 5438 3272 5489 solum
3295 5452 3494 5502 corpus

1912 5528 1964 5572 et
2008 5520 2257 5583 domum,
2300 5524 2392 5575 sed
2428 5523 2666 5590 seipsum
2702 5524 3032 5591 abjiriendo,
3067 5523 3233 5578 Deum
3265 5528 3492 5597 recepit,

1909 5620 1964 5663 et
1992 5612 2078 5664 hic
2104 5610 2208 5679 ipsi
2240 5611 2293 5663 in
2325 5617 2597 5683 corporis,
2628 5615 2846 5679 animte,
2880 5613 3256 5683 familiarium,
3285 5620 3498 5672 amico-

1915 5720 2034 5758 rum
2077 5708 2434 5776 omuiumqne
2468 5710 2646 5762 locum
2682 5709 2939 5763 suti-rtns
2967 5720 3071 5772 est,
3112 5711 3353 5767 ltetitiam
3404 5726 3503 5767 ne-

3096 5825 3173 5883 ‘23
