4140 6318
207 414 324 477 733

1227 411 1514 473 ORATIO
1552 410 1850 470 CONTRA
1894 411 2471 471 FENERATORES-

3338 409 3442 473 7:14

208 525 524 587 λωποδύτας
570 523 670 576 ποῦ
716 521 1106 592 παραπέμψεις
1167 523 1236 573 Σὺ
1281 522 1336 573 δὲ
1386 522 1575 581 τόκους
1611 520 1770 587 ἔχων,

1877 535 2112 587 quonam
2145 519 2356 573 mittet?
2386 516 2463 570 Tn
2499 528 2673 571 autent
2705 533 2827 571 cum
2857 524 3088 588 qua-sur
3115 531 3206 572 tuo
3237 520 3448 576 fenera-

211 620 458 686 νομίζεις
495 619 593 684 τὴν
629 615 852 681 γέενναν
885 618 1075 682 φυγεῖν
1125 615 1226 674 ἄν;
1262 615 1354 665 καὶ
1401 613 1501 663 οἱέι
1563 627 1778 678 σωφρο-

211 713 362 772 νεῖν;
394 709 486 760 καὶ
511 707 623 769 πῶς
643 707 704 758 οὐ
739 703 942 772 μᾶλλον
985 702 1328 772 ἀτοπώτερος
1356 697 1424 765 εί,
1473 704 1563 756 καὶ
1590 700 1779 752 τοσοῦ-

209 814 307 850 τον
360 796 653 863 ἀξιώτερος
705 793 813 844 τῶν
865 793 1128 861 ἐσχάτων,
1181 793 1302 844 ὅσον
1363 791 1470 843 οὐδ’
1519 791 1688 857 ἔγνως
1728 785 1783 841 οἵ

211 885 402 937 κακῶν
436 880 518 947 ei;
555 883 660 935 οὐδ’
687 882 916 952 αἰσχύνῃ
950 883 1184 950 πονηρὸς
1223 881 1320 942 ὢν,
1351 881 1458 933 οὐδ’
1492 881 1775 950 ὲρυῠριᾶς,

212 974 337 1025 οὐδὲ
377 975 558 1041 ζητεῖς
589 971 882 1040 βάραθρον,
919 969 1284 1023 ἀλλ’ὲστῶσιν
1324 969 1618 1038 ὀςΘαλμοῖς
1647 968 1777 1037 ὁρᾷς

210 1067 314 1134 τὴν
344 1067 566 1128 dictive;

288 1157 399 1206 Καὶ
424 1156 472 1206 τί
503 1155 684 1220 λέγως
731 1151 792 1204 τδ
819 1155 930 1221 γὰρ
965 1149 1234 1222 χείριστον
1267 1150 1542 1212 ἁπάντων,
1571 1147 1653 1200 ὅτι
1686 1148 1778 1199 καὶ

211 1245 324 1297 τῶν
357 1245 619 1312 γενναίων
665 1242 869 1296 τούτων
931 1242 1112 1304 ἐνίοις,
1171 1242 1265 1292 καὶ
1313 1229 1660 1308 ἐλεημοσύντί
1717 1237 1778 1289 τὸ

213 1338 455 1403 πρᾶγμα
478 1334 647 1396 δοκεῖ,
679 1335 772 1385 καὶ
802 1333 912 1384 τῶν
940 1333 1186 1396 δανείων,
1209 1331 1282 1392 ὡς
1304 1331 1367 1399 δὴ
1389 1347 1550 1382 τινων
1582 1344 1778 1395 κατορ-

213 1425 491 1493 θωμάτων
532 1424 871 1492 μεμυημένοι
905 1421 1278 1489 σεμνύνονται,
1323 1418 1418 1472 καὶ
1453 1419 1779 1476 καταλέγου-

215 1530 325 1577 σιν,
366 1507 446 1574 οἷς
477 1513 736 1582 ἐχρῃσαν,
770 1508 954 1579 ὧνπερ
984 1511 1313 1578 ἐκέρδαινον,
1348 1509 1423 1568 ὼς
1471 1503 1530 1560 εὖ
1581 1523 1780 1558 πεπον-

215 1602 383 1660 θότας
415 1601 512 1667 τῆς
536 1601 876 1668 σκαιότητος.
921 1599 1122 1666 Σεμνὸς
1172 1591 1220 1648 εί
1264 1593 1634 1662 τοκογλυφῶν,
1664 1595 1779 1645 δέον

215 1690 684 1760 κατορύττεσοαι;
722 1690 816 1741 καὶ
847 1687 1023 1748 διδοὺς
1054 1686 1139 1754 ἐφ’
1183 1681 1225 1753 ᾧ
1266 1684 1591 1753 κερδαίνειν,
1631 1682 1781 1749 Elei]-

217 1798 372 1848 μωνς
403 1779 608 1832 υζκοῦν
636 1783 728 1832 καὶ
756 1781 844 1831 τὸν
870 1778 1113 1848 γεωργὸν
1148 1777 1318 1836 εἴποις
1348 1777 1412 1826 ἂν
1436 1773 1657 1842 τρέφε-ιν
1683 1772 1781 1839 τὴν

1879 610 1998 662 titio
2029 619 2081 663 te
2136 612 2437 673 gehennam
2486 608 2832 670 etiugiturum
2892 611 3126 662 censes?
3180 609 3242 662 Et
3294 626 3447 665 sana:

1881 701 2078 754 utentis
2109 715 2230 754 esse
2265 701 2460 768 putas?
2488 709 2541 751 et
2586 701 2860 767 quomodo
2908 716 3012 753 non
3062 701 3239 767 potius
3289 703 3442 754 stoli-

1878 793 2018 853 dior,
2047 803 2101 844 et
2138 801 2283 844 tanto
2313 792 2568 844 extremis
2607 791 2885 858 suppliciis
2935 793 3144 860 dignior
3168 833 3182 854 ,
3232 801 3437 860 qumto

1880 897 1977 934 nec
2008 883 2148 934 nosti
2180 883 2268 934 ubi
2305 883 2569 934 malorum
2603 882 2677 933 sis
2706 901 2718 933 :
2747 896 2844 935 nec
2879 897 3004 934 eum
3037 881 3318 948 improbus
3345 884 3444 943 sis,

1880 968 2288 1028 verecundaris.
2325 984 2423 1022 nec
2456 969 2758 1030 erubescis,
2788 985 2884 1022 nec
2927 971 3096 1022 vitare
3126 972 3444 1025 barathrum

1878 1057 2099 1125 quaeris,
2129 1060 2220 1111 sed
2266 1059 2383 1112 lixis
2417 1059 2586 1113 oculis
2623 1060 2834 1112 radium
2868 1060 3136 1113 intueris?

1949 1147 2128 1212 Quid?
2152 1149 2293 1216 quod
2327 1149 2623 1216 pessimum
2661 1159 2742 1201 est
2791 1150 3052 1210 omnium,
3112 1147 3439 1209 quibusdam

1877 1237 2117 1291 virorum
2143 1239 2372 1294 istorum
2403 1239 2692 1307 insignium
2719 1254 2881 1291 usura
2911 1238 3072 1291 etiam
3099 1238 3444 1307 eleemosyna

1877 1328 2112 1385 videtur.
2147 1339 2198 1382 et
2246 1330 2430 1382 fenore
2489 1331 2630 1392 velut
2661 1329 2987 1397 quibusdam
3026 1328 3314 1382 virtutibus
3343 1328 3450 1380 ini-

1880 1419 1993 1474 tiati
2018 1419 2336 1485 gloriantur,
2357 1428 2788 1486 enumerantquc
2819 1427 3074 1487 tanquam
3105 1418 3386 1478 beneﬁciis
3417 1434 3447 1472 a

1881 1523 1939 1563 se
1976 1509 2216 1572 allectos,
2250 1510 2446 1578 quibus
2483 1509 2917 1569 commodariut,‘
2937 1521 2988 1562 et
3041 1524 3069 1562 a
3118 1511 3318 1577 quibus
3352 1524 3442 1561 ea-

1880 1600 2002 1652 dem
2029 1615 2192 1667 opera
2227 1601 2391 1672 lucris
2428 1601 2571 1653 aucti
2624 1601 2751 1653 sint.
2808 1599 2940 1653 lletn
2993 1600 3313 1652 stultitiam!
3368 1597 3448 1651 Tu

1884 1691 2165 1757 honestus,
2195 1694 2286 1758 qui
2319 1693 2517 1746 tabulis
2557 1693 2771 1744 nomina
2801 1707 3014 1753 eorum,
3051 1692 3249 1757 quibus
3284 1705 3451 1755 pecu-

1883 1783 1975 1835 nia
2027 1782 2199 1836 fenori
2237 1783 2360 1835 data
2392 1793 2473 1834 est
2507 1783 2779 1840 inseribis.
2822 1798 2959 1849 quas
2984 1784 3147 1834 humo
3176 1785 3451 1848 oporteret

213 1875 348 1941 γῆν,
380 1874 462 1924 ὅτι
506 1872 684 1938 ῥίπτει
735 1871 825 1923 τὸν
883 1872 1045 1930 σῖτον,
1104 1869 1188 1919 ἴνα
1241 1867 1539 1934 κομίσηται
1571 1864 1741 1914 πλείω

1879 1872 2142 1927 obruere?
2181 1871 2242 1925 Et
2271 1873 2363 1940 qui
2397 1873 2494 1924 das
2536 1882 2593 1923 ut
2626 1872 2862 1932 lucrare,
2901 1886 2958 1922 es
2993 1869 3342 1922 misericors?
3369 1867 3449 1924 Ita

215 1963 426 2033 μᾶλλον
471 1965 527 2015 δὲ
580 1964 677 2031 τὴν
731 1963 974 2014 ἑστίασιν
1031 1959 1458 2028 ἀνθρωποφάγου
1506 1955 1776 2019 καλέσεις,

211 2055 398 2125 οἶμαι,
456 2055 857 2122 ᾳιλοφροσύνην
921 2053 977 2114 ὃς
1009 2047 1066 2103 εὖ
1115 2051 1206 2103 καὶ
1245 2048 1424 2109 καλῶς
1460 2047 1647 2115 τρέφει
1690 2045 1779 2096 τὸν

213 2146 529 2212 ἀνθρωπον,
558 2145 644 2195 ἵνα
673 2143 965 2212 καταφάγῃ
986 2142 1165 2200 πίονα.
1194 2141 1285 2191 καὶ
1315 2140 1374 2191 σὺ
1398 2139 1574 2189 τοίνυν
1600 2135 1775 2197 δίδως,

217 2237 307 2289 ῐνα
352 2241 478 2298 τοὺς
514 2235 827 2303 ἀλλοτρίους
872 2232 1303 2302 καρπωσάμενος
1344 2232 1560 2292 πόνους,
1598 2227 1778 2278 πλεῖον

216 2329 454 2396 ποιήσῃς
509 2327 570 2376 τὸ
627 2325 888 2394 ἀργύριον
956 2321 1074 2376 εἶτα
1127 2323 1370 2388 ἐλεήμων
1397 2317 1482 2383 εἷς
1539 2319 1633 2370 καὶ
1680 2318 1779 2368 οὐκ

214 2419 474 2488 αἰσχύνῃ,
510 2416 585 2485 τῷ
621 2418 837 2468 πάντων
870 2414 1133 2483 αἰσχίστῳ
1181 2413 1466 2482 πράγματι
1503 2412 1564 2462 τι
1600 2409 1780 2464 κάλλι-

215 2525 343 2560 στον
376 2508 656 2575 ὀνομάτων
688 2505 1024 2574 περιτιθείς;

302 2747 460 2824 ’Ᾰλλὰ
491 2771 700 2831 πολλοῖς
734 2769 900 2822 ἔλυσα
944 2767 1154 2832 πενίαν,
1202 2771 1386 2836 φησίν.
1429 2766 1503 2818 Οὐ
1538 2780 1782 2836 προῃρη-

215 2865 403 2932 μένος,
442 2863 555 2916 ἀλλ’
596 2863 738 2914 οὕτω
773 2861 1008 2928 συμϐάν.
1037 2861 1106 2911 Συ
1134 2859 1230 2927 μὲν
1259 2861 1365 2926 γὰρ
1400 2859 1534 2926 πρὸς
1565 2858 1624 2908 τὸ
1652 2874 1782 2924 κερ-

213 2957 422 3007 δαίνειν
492 2955 648 3022 μόνον
703 2952 901 3019 ἐώρας,
969 2951 1063 3001 καὶ
1118 2949 1263 2999 τοῦτ’
1340 2949 1471 3000 αὐτὸ
1521 2945 1779 3010 δανείζων

213 3048 497 3108 ἐσκόπεις.
557 3047 706 3101 ὅπως
736 3045 804 3094 τὰ
839 3043 967 3094 ὄντα
1017 3040 1094 3107 τῷ
1138 3040 1334 3108 πένητι
1379 3037 1515 3103 πρὸς
1556 3037 1779 3090 σεαυτὸν

215 3141 592 3207 μεταστήσῃς,
618 3136 693 3204 τῷ
715 3135 822 3188 τῶν
846 3135 1017 3186 τόκων
1037 3133 1278 3201 ὀνόματι.
1316 3132 1375 3183 Εἰ
1405 3132 1456 3183 δὲ
1493 3132 1552 3182 τὸ
1574 3131 1779 3182 δάνειον

1883 1976 1936 2018 et
1963 1967 2258 2034 agricolam
2310 1967 2514 2018 dixeris
2557 1975 2754 2017 terram
2789 1964 2954 2026 alere,
2986 1961 3108 2029 quia
3158 1961 3287 2013 serit
3334 1961 3451 2014 fru-

1883 2067 2146 2118 mentum,
2182 2063 2239 2106 ut
2271 2057 2392 2123 plus
2418 2054 2676 2122 reeipiat;
2728 2053 2808 2106 vel
2863 2052 3040 2125 potius
3086 2051 3451 2118 epulationcm

1885 2150 2322 2218 antbrOpnphagi
2383 2151 2638 2206 vocabis.
2689 2149 2918 2212 Opinor,
2971 2145 3444 2204 benevolentiam.

1881 2240 2008 2306 quia
2061 2242 2196 2292 bene
2246 2252 2298 2293 et
2344 2241 2569 2308 pulchre
2621 2239 2834 2305 saginat
2877 2237 3150 2289 hominem
3188 2275 3201 2294 ,
3238 2246 3294 2285 ιιι
3325 2248 3449 2286 eum

1882 2330 2286 2398 pinguefaetum
2321 2331 2564 2385 devoret.
2603 2329 2666 2382 Et
2715 2339 2768 2382 tu
2805 2329 2967 2394 igitur
3006 2328 3121 2387 das,
3164 2333 3219 2377 ut
3267 2323 3445 2378 fructu

1880 2436 1942 2473 ex
1979 2421 2172 2475 alienis
2201 2422 2482 2474 laboribus
2513 2430 2783 2489 percepto,
2821 2419 3106 2484 pecuniam
3158 2426 3301 2468 tuam
3352 2429 3453 2470 cu-

1881 2513 2076 2566 mules.
2128 2511 2275 2564 Itane
2309 2528 2436 2564 vero
2471 2512 2786 2566 misericors
2815 2511 2908 2562 es?
2939 2511 3002 2562 Et
3033 2526 3136 2562 non
3187 2517 3238 2561 te
3277 2511 3447 2577 pudet

1880 2602 1958 2654 rei
1994 2600 2235 2654 omnium
2266 2600 2590 2666 turpissima:
2623 2599 3166 2670 sceleratissiuiaeque
3193 2600 3448 2669 pulcher-

1879 2689 2079 2742 rimum
2116 2704 2311 2742 nomen
2347 2687 2660 2755 imponere?

1954 2778 2056 2832 Sed
2093 2780 2289 2832 multas
2315 2795 2342 2830 a
2375 2789 2686 2846 paupertate
2731 2779 3034 2844 vindicavi,
3082 2781 3274 2848 inquit.
3326 2779 3445 2839 Non

1881 2870 2008 2940 quia
2051 2880 2106 2923 tu
2148 2872 2200 2924 id
2249 2871 2599 2932 deliberares,
2642 2871 2734 2925 sed
2782 2872 2855 2924 ita
2905 2873 3102 2926 evenit.
3166 2872 3244 2925 Τιι
3296 2874 3444 2927 enim

1881 2962 2256 3016 tantummodo
2290 2963 2611 3030 compendia
2661 2971 2750 3016 tua
2801 2965 3096 3032 cogitabas,
3137 2964 3237 3016 hoc
3271 2965 3444 3031 ipsum

1881 3065 2127 3108 mutumn
2163 3054 2342 3107 dando
2375 3055 2680 3122 speetabas,
2717 3064 2774 3108 ut
2823 3057 2991 3108 mutui
3046 3057 3262 3109 nomine
3305 3055 3445 3110 bona

1883 3145 2137 3212 pauperis
2169 3144 2234 3198 ad
2269 3154 2319 3198 te
2350 3146 2692 3198 transferres.
2720 3145 2870 3208 Quod
2905 3147 2950 3199 si
2984 3146 3071 3198 ille
3095 3157 3285 3198 mutuo
3312 3147 3447 3200 bene

209 3232 478 3297 γεωργῶν
513 3231 741 3290 ἐκεῖνος,
774 3227 977 3278 καλλίω
1007 3225 1273 3293 πεποίηκε
1309 3224 1405 3290 τὴν
1449 3223 1658 3284 οὐσίαν,
1685 3223 1774 3274 καὶ

1883 3235 2144 3290 collocato
2186 3251 2297 3290 rem
2337 3251 2489 3290 suam
2525 3235 2874 3304 ampliﬁcavit
2900 3277 2914 3300 ,
2963 3244 3446 3305 paupertatemque

210 3325 318 3390 τὴν
349 3323 539 3374 πενίαν
563 3321 662 3387 τῆς
691 3319 866 3380 οἰκίας
897 3317 1170 3380 ὲξέὄαλεν,
1208 3319 1268 3369 οὐ
1304 3319 1392 3368 σὸν
1422 3317 1601 3385 ἔργον.
1636 3317 1691 3368 Ei
1721 3315 1776 3368 δὲ

205 3422 308 3474 καὶ
338 3418 494 3472 τοῦτο
539 3417 802 3485 δώσομεν,
828 3416 896 3466 δι’
920 3409 992 3468 ὧν
1043 3414 1299 3482 ἔχρησας,
1339 3413 1398 3464 οὐ
1441 3411 1507 3463 δι’
1538 3408 1612 3465 ὧν
1643 3411 1776 3460 ἀπε-

208 3514 510 3581 στέρησαε.
552 3511 664 3562 Νῦν
702 3511 758 3562 δὲ
809 3511 940 3578 ἡμῖν
978 3506 1198 3574 φεύγεις
1254 3507 1315 3557 οὐ
1364 3505 1472 3555 τῶν
1525 3505 1772 3562 δανείων,

203 3599 325 3654 οὐδ’
356 3601 437 3652 ὅτι
473 3600 547 3668 μὴ
576 3599 683 3650 τῶν
731 3598 972 3668 ἀρχαίων
1015 3597 1277 3662 ἀπέστης,
1323 3592 1435 3646 ἀλλ’
1467 3595 1548 3646 ὅτι
1581 3593 1774 3654 τόκους

129 3709 132 3712 ’
204 3691 629 3757 προσαπαιτεῖς.
687 3688 857 3740 Τοῦτο
904 3685 959 3738 δὲ
1009 3687 1108 3752 οὐχ
1158 3684 1448 3753 ὑπερόριον
1501 3683 1645 3734 ποιεῖ
1676 3683 1774 3751 τὴν

206 3782 427 3844 πενίαν,
464 3780 599 3832 ἀλλὰ
628 3781 876 3846 κατάγει.
909 3777 1031 3830 Οὐδ’
1067 3775 1289 3838 ἐξέϐαλέ
1322 3793 1375 3826 τι
1421 3775 1529 3826 τῶν
1560 3775 1668 3827 σῶν
1695 3775 1774 3836 εἰς

204 3875 300 3926 τὸν
333 3875 559 3942 πένητα,
590 3871 698 3924 τῶν
730 3872 939 3924 ἐκείνου
977 3870 1033 3922 δὲ
1082 3869 1182 3931 τὰς
1217 3869 1314 3929 σὰς
1369 3867 1631 3936 ἐνέπλησε
1663 3868 1775 3936 χεῖ-

207 3984 333 4034 ρας.
365 3966 472 4016 Καὶ
520 3966 600 4016 σοί
630 3966 728 4031 μὲν
757 3964 939 4018 πλεῖον
974 3961 1196 4030 ἐποίησε
1237 3960 1501 4029 ἀργύριον
1523 3975 1536 3988 ·
1574 3959 1772 4029 ἐκείνῳ

204 4059 265 4109 δὲ
293 4057 456 4122 κενὴν
490 4055 586 4122 τὴν
610 4055 813 4108 οἰκίαν.
844 4051 1030 4105 Ταῦτα
1059 4052 1437 4122 φιλανθρωπία
1480 4050 1575 4102 καὶ
1605 4052 1772 4118 πενή-

204 4163 317 4198 τοιν
353 4145 613 4212 πρόνοιας
670 4145 764 4195 καὶ
805 4142 858 4195 τί
913 4141 1109 4194 κωλύει
1165 4143 1258 4194 καὶ
1321 4143 1382 4194 τὸ
1430 4141 1772 4194 ἀποκτείνειν

206 4237 407 4299 σώζειν
436 4235 662 4301 οἴεσθαι,
696 4235 790 4288 καὶ
822 4235 882 4286 τὸ
909 4235 1229 4302 ἀποστερεῖν
1257 4237 1533 4304 χορηγεῖν,
1571 4234 1663 4286 καὶ
1711 4233 1771 4286 τὸ

202 4328 352 4398 λιμῷ
399 4326 604 4390 πιέζειν
657 4327 899 4393 τρέφειν,
929 4328 1020 4378 κει)⁵
1055 4327 1114 4378 τὸ
1147 4327 1358 4396 πληγὰς
1391 4327 1650 4378 ἐκτείνειν
1680 4343 1770 4394 φι-

201 4419 628 4490 λοφρονεῖσθαις
663 4419 758 4470 καὶ
796 4416 938 4471 οὓτω
985 4418 1163 4470 πάντα
1219 4421 1590 4488 συγκυκήσεις
1633 4419 1770 4487 Χρὴ·

204 4524 378 4577 ματα.
433 4506 610 4568 Γέλως
653 4506 827 4560 ταῦτα
889 4509 980 4559 καὶ
1027 4507 1213 4575 λῆρος,
1263 4507 1357 4559 καὶ
1388 4506 1538 4559 οὐδὲν
1593 4507 1765 4574 ὑγιές.

1879 3329 2038 3381 domo
2071 3343 2168 3381 sua
2206 3328 2384 3395 ejecit,
2417 3342 2518 3379 non
2551 3338 2700 3380 tuum
2751 3326 2852 3379 hoc
2901 3341 3037 3393 Opus
3079 3338 3181 3378 est.
3212 3325 3367 3390 Quod
3395 3327 3445 3378 ai

1880 3422 2043 3473 etiam
2094 3421 2274 3473 istltuc
2309 3418 2639 3481 dederimus,
2683 3428 2848 3479 certe,
2883 3426 3152 3484 quatenus
3199 3432 3444 3469 commo-

1877 3509 2039 3572 dasti,
2079 3523 2183 3561 non
2209 3514 2476 3572 quatenus
2505 3522 2624 3559 eum
2671 3503 2960 3579 fraudasti,
2988 3505 3258 3572 profuisti.
3289 3502 3443 3556 Nunc

1879 3615 1982 3652 non
2024 3599 2303 3652 accusaris
2338 3611 2364 3648 a
2394 3597 2552 3649 nobis
2579 3595 2722 3664 quod
2750 3595 2845 3646 das
2879 3603 3146 3651 mutuum.
3176 3609 3273 3644 nec
3297 3594 3441 3659 quod

1878 3699 2080 3744 sortem
2117 3689 2339 3757 repetis,
2389 3687 2480 3740 sed
2514 3687 2661 3755 quod
2716 3685 2936 3752 insuper
2973 3698 3197 3737 usuram
3246 3683 3440 3751 exigis.

1877 3782 1992 3837 Hoc
2031 3797 2138 3835 non
2181 3781 2428 3850 proﬂigat
2473 3789 2838 3847 paupertatem
2867 3818 2881 3840 ,
2916 3779 3008 3832 sed
3043 3777 3291 3843 inducit;
3344 3795 3442 3832 nec

1874 3872 2076 3941 aliquid
2113 3882 2330 3926 tuorum
2375 3872 2427 3924 in
2476 3885 2766 3938 pauperem
2804 3869 3038 3930 confert,
3069 3871 3160 3922 sed
3203 3869 3319 3936 ejus
3354 3885 3412 3922 re

1876 3966 1978 4020 bus
2014 3981 2207 4020 manus
2236 3975 2356 4018 tuas
2402 3964 2621 4030 implet;
2659 3978 2720 4014 ac
2773 3962 2866 4014 tibi
2898 3962 3116 4029 quidem
3152 3962 3436 4030 pecuniam

1875 4066 2184 4127 exaggerat,
2217 4058 2290 4110 illi
2324 4061 2542 4110 domum
2571 4054 2834 4107 exinanil.
2886 4051 3122 4106 iloccine
3181 4053 3437 4105 humani-

1875 4160 1956 4204 tas
2009 4159 2062 4202 et
2096 4166 2225 4202 cura
2261 4146 2600 4216 pauperum?
2637 4143 2698 4195 Et
2743 4144 2872 4208 qttid
2917 4144 3096 4196 obstat
3129 4144 3258 4210 quin
3296 4144 3443 4196 occio

1872 4243 2000 4294 dere
2033 4251 2249 4310 puti-tur
2287 4253 2506 4294 servare
2528 4276 2543 4300 ,
2585 4250 2636 4289 et
2665 4236 3010 4298 defraudare,
3045 4235 3392 4303 suppeditare
3418 4275 3437 4300 ,

1872 4341 1926 4384 et
1967 4332 2106 4385 fame
2133 4329 2399 4392 cruciare,
2429 4340 2681 4396 pascere,
2717 4335 2772 4377 et
2827 4325 3013 4393 plagas
3057 4324 3320 4389 incutere,
3355 4323 3438 4376 fa-

1870 4437 2000 4475 vore
2029 4421 2320 4491 prosequi?
2346 4420 2436 4473 Sic
2468 4434 2552 4471 res
2579 4430 2770 4470 omnes
2803 4414 3179 4485 permiscebis.
3221 4411 3444 4466 Ridicu-

1872 4513 2006 4576 lum,
2045 4529 2230 4582 nngag,
2271 4512 2402 4566 nihil
2452 4513 2680 4580 simplex
2734 4511 2821 4564 hic
2864 4519 2919 4564 et
2974 4511 3271 4561 sincerum.
3326 4505 3438 4558 lino

201 4596 428 4652 Μᾶλλον
479 4597 556 4661 δὲ,
601 4599 650 4650 εἰ
681 4597 856 4664 γέλως
889 4593 978 4666 ἦν,
1010 4597 1234 4649 ἀνεκτὸν
1278 4595 1343 4650 ἂν
1370 4592 1437 4666 ἦν
1463 4614 1476 4628 ·
1520 4596 1615 4649 νῦν
1636 4597 1693 4650 δὲ
1742 4598 1768 4648 ὀ

1877 4619 2000 4658 vero
2034 4604 2078 4657 si
2107 4602 2417 4667 ridiculum,
2448 4601 2706 4656 sustineri
2740 4607 2923 4668 posset
2955 4608 2970 4651 :
3013 4613 3156 4650 nunc
3195 4599 3438 4664 ploratus

201 4687 485 4756 κλαυθμὸς
527 4687 619 4739 καὶ
649 4689 676 4740 δ
712 4686 954 4758 βρυγμὸς
988 4688 1094 4742 τῶν
1127 4688 1353 4741 ὀδόντων
1407 4690 1434 4740 ὁ
1463 4687 1571 4740 τῶν
1594 4687 1770 4741 τόκων

202 4781 326 4833 ἐστὶ
349 4778 581 4844 καρπὸς,
627 4779 722 4832 καὶ
775 4779 838 4831 τδ
869 4779 1005 4848 μετά
1035 4779 1307 4846 δαιμόνων
1359 4781 1454 4832 καὶ
1485 4778 1676 4832 τούτου
1706 4779 1771 4848 δὴ

201 4870 302 4923 τοῦ
355 4869 646 4940 δυστυχοῦς
697 4869 898 4922 κύκλου
947 4871 1325 4940 κληρονομεῖν.
1391 4889 1409 4922 ι
1467 4871 1770 4942 Πορεύεσθε

204 4966 342 5034 γᾶρ,
375 4963 560 5031 φησιν,
600 4960 694 5014 ἀπ’
725 4961 885 5031 ἐμοῦ,
919 4962 969 5014 oi
994 4963 1386 5032 κατηραμένοι.
1441 4964 1523 5024 είς
1565 4962 1628 5016 τδ
1659 4963 1770 5032 πῦρ

200 5056 267 5108 τὸ
301 5052 533 5106 αἰώνιον.
570 5071 589 5102 ι
1251 5043 1254 5046 ’

291 5143 434 5196 Ἀλλ’
469 5143 621 5195 οὐδὲν
651 5143 789 5211 πρός
839 5159 906 5212 με
937 5141 1131 5206 ταῦτα,
1164 5146 1348 5212 φησὶν,
1396 5143 1453 5206 ὃς
1501 5144 1767 5214 ἀργυρίου

204 5235 489 5302 μετέδωκα
530 5232 606 5302 τῷ
650 5234 862 5302 πένητι,
902 5235 995 5284 καὶ
1035 5233 1331 5303 τραπέζης,
1369 5236 1461 5288 καὶ
1498 5235 1729 5302 ἱματίων

203 5325 327 5380 ἀλλ’
358 5326 420 5378 οὐ
454 5326 560 5376 τῶν
594 5325 831 5388 οίκιιίων,
864 5323 966 5387 ἓως
992 5326 1179 5388 τόκους
1225 5328 1282 5378 at
1315 5329 1495 5396 χεῖρες
1529 5327 1763 5395 ἔχουσιν.

212 5417 276 5469 ’0
305 5415 362 5468 δὲ
395 5414 577 5484 νόμος,
605 5415 727 5467 Τῶν
753 5413 971 5479 σαυτοῦ,
1001 5415 1535 5484 φησὶ,λμεταδὼσε.ι;,
1561 5417 1681 5468 οὐδὲ
1718 5419 1767 5468 εί

205 5507 306 5575 μὲν
340 5505 465 5566 τοὺς
493 5503 685 5567 τόκους
715 5505 958 5566 ἅπαντας
985 5508 1062 5566 είς
1086 5509 1211 5568 τοὺς
1243 5508 1481 5574 πένητας
1518 5508 1730 5576 ῥίπτεις
1749 5523 1763 5538 ’

200 5596 390 5648 ἔπειτα
425 5595 478 5646 τί
513 5595 604 5646 καὶ
650 5594 980 5664 λαμϐάνειςς
1034 5598 1129 5649 καὶ
1175 5599 1264 5649 τὸν
1301 5596 1395 5650 τοῦ
1435 5599 1569 5650 Θεοῦ
1617 5598 1764 5660 λύεις

198 5688 388 5754 νόμον,
425 5685 696 5754 τοσαύτην
739 5686 943 5754 τόλμαν
971 5687 1183 5756 τολμῶν
1213 5690 1336 5741 ὅθεν
1373 5693 1474 5743 οὐκ
1506 5691 1619 5746 ἔστι
1641 5707 1771 5756 κερ.

199 5777 400 5833 ϐαίνειν
427 5777 598 5830 οὐδέν.
631 5777 690 5831 ΕΞ
731 5776 775 5830 δ’
800 5770 878 5830 ὧν
906 5779 1200 5848 λαμϐάνεις
1237 5782 1442 5838 ἐλάττω
1490 5784 1646 5850 δίδως
1673 5791 1763 5842 καὶ

1875 4705 1928 4748 et
1960 4695 2163 4748 stridor
2194 4696 2766 4748 dcutium'usurarutn
2819 4689 3028 4747 fructus
3071 4696 3172 4747 est,
3213 4696 3265 4740 et
3311 4701 3442 4740 cunt

1875 4787 2214 4840 daemonibus
2259 4794 2313 4838 ct
2369 4786 2751 4838 damnatorum
2794 4781 2999 4835 infelici
3033 4781 3188 4834 turba
3234 4780 3438 4847 perpeti

1875 4877 2212 4930 atrocissima
2255 4877 2339 4928 Ait
2364 4875 2506 4927 enim
2544 4891 2557 4925 :
2601 4891 2618 4924 ι
2659 4873 2920 4927 Discedite
2946 4887 2975 4924 a
3003 4886 3111 4934 me,
3141 4869 3436 4929 maledicti.

1875 4966 1929 5020 in
1970 4968 2145 5034 ignem
2175 4977 2433 5019 a-ternum
2461 5006 2474 5030 ,
2501 4967 2591 5033 qui
2653 4977 2875 5032 paratus
2901 4971 2983 5017 est
3014 4962 3228 5015 diabolo
3261 4971 3442 5019 etan-

1876 5060 2009 5129 gelis
2040 5060 2180 5129 ejus.
2211 5080 2230 5111 ι
2288 5045 2298 5050 ’

1945 5152 2089 5205 Nihil
2124 5153 2187 5203 ad
2241 5167 2328 5205 me
2359 5151 2481 5216 iSta,
2526 5151 2600 5204 ait
2634 5141 2929 5212 fenerator,
2966 5150 3057 5218 qui
3098 5149 3316 5218 pauperi
3349 5164 3438 5203 ar-

1874 5252 2119 5312 gentum,
2160 5253 2214 5295 et
2265 5243 2462 5296 victum
2492 5283 2508 5308 ,
2540 5252 2595 5296 et
2626 5252 2801 5296 vestes
2835 5242 3198 5296 commodavi.
3233 5243 3296 5293 At
3327 5256 3435 5294 non

1873 5337 1939 5389 de
1976 5335 2231 5404 prOpriis,
2269 5335 2506 5404 quandiu
2557 5335 2611 5388 in
2670 5329 2922 5387 manibus
2975 5341 3056 5384 est
3104 5348 3290 5385 usura.
3327 5331 3436 5385 Lex

1871 5434 2051 5478 autem
2077 5426 2229 5494 jubet
2254 5426 2320 5479 de
2358 5425 2485 5480 suis
2502 5425 2924 5480 communicare.
2957 5425 3010 5476 Si
3054 5434 3107 5478 tu
3143 5431 3270 5477 vero
3307 5438 3439 5477 usu-

1874 5530 1963 5567 ras
1995 5530 2187 5569 omnes
2228 5515 2286 5568 in
2330 5530 2594 5584 pauperes
2625 5513 2888 5577 etfttudas,
2925 5513 3156 5581 primum
3191 5514 3431 5566 nondum

1875 5614 1965 5658 tua
2000 5604 2260 5672 prodigis.
2295 5604 2496 5658 Deinde
2525 5620 2621 5657 cur
2645 5603 2873 5672 accipis,
2912 5611 3171 5670 tantaque
3206 5603 3434 5658 audacia

1875 5695 2237 5763 suscipienda,
2270 5695 2412 5748 unde
2449 5694 2540 5748 tibi
2579 5693 2715 5748 nihil
2747 5693 2962 5762 prodes,
3001 5693 3088 5745 ltei
3117 5692 3284 5763 legem
3313 5695 3435 5746 vio-

1873 5789 1992 5844 las?
2021 5786 2173 5854 Quod
2201 5787 2245 5844 si
2280 5788 2462 5843 minus
2495 5787 2609 5852 das,
2635 5801 2799 5855 quam
2829 5785 3106 5856 accepisti,
3140 5801 3315 5857 neque
3339 5795 3433 5847 tua
