4140 6318
217 350 326 411 73'!

1246 350 1529 410 ORATIO
1573 349 1771 409 CONT
1786 350 1880 408 ΒΑ
1924 345 2507 419 ΕΕΝΕίὶΛΤΟΠΕΒ.

3359 349 3467 413 73B
3507 372 3514 379 ’

217 468 313 536 pia
343 465 562 535 κέρδους
595 464 762 535 χωρὶς
789 460 849 517 οὖ
878 464 1077 534 χρῆσαι
1105 464 1308 535 τολμᾷς
1329 480 1343 495 ο
1367 466 1420 518 τί
1454 468 1552 534 τὴν
1584 464 1782 534 προαί-

1890 454 2068 515 autem
2100 447 2366 529 pravitate
2415 461 2581 514 animi
2631 462 2837 530 absque
2866 477 2959 531 spe
2991 461 3125 516 lucri
3161 477 3268 516 non
3296 465 3465 517 audes

217 574 369 625 ρεσιν
398 558 555 623 ἀφεὶς
591 558 692 624 τῆς
735 555 932 618 αἰτίας,
966 549 1039 607 ὧν
1076 555 1182 607 ἔδει
1216 561 1401 608 κακῶν
1433 558 1649 620 σαυτὸν,
1683 557 1776 608 τὸν

212 647 380 713 νόμον
412 646 698 711 ὲγκαλεῖςς
732 646 826 697 καὶ
853 643 1127 715 δημοσίων
1156 646 1510 715 ἀδικημάτων
1543 646 1784 707 διώκεις,

214 732 292 787 ὧν
324 736 483 795 αὐτὸς
506 737 681 796 αἴτιος
713 731 799 795 εἰς
839 735 901 786 El
938 734 1037 803 μὲν
1072 736 1180 803 γὰρ
1213 736 1424 805 ἄμαχόν
1462 750 1585 788 ’τινα
1612 734 1790 788 κεκώ-

217 829 347 879 λυκε
381 828 625 897 χρήστην
653 820 792 877 εἶναι
825 826 919 879 καὶ
952 829 1089 894 πρὸς
1120 827 1393 890 τοιούτους
1426 828 1616 893 λόγους
1641 824 1785 897 εἶχεν

218 919 543 986 ἀναχωρεῖν,
577 914 699 969 ὅθεν
731 917 797 968 ἂν
832 916 1095 978 ὲδείκνυς.
1124 919 1221 987 οὐχ
1252 918 1392 971 ἑκὼν
1423 918 1786 987 ἁμαρτάνεις,

216 1007 449 1067 εἰκότως
500 1004 568 1057 ἂν
628 1006 899 1076 παρῃτοῦ,
959 1007 1273 1075 μἐτατιθεὶς
1304 1008 1409 1061 ἀπὸ
1454 1008 1652 1061 σαυτοῦ
1690 1007 1787 1077 τὴν

219 1095 428 1164 μέμψιν
455 1095 712 1165 ἑτέρωσε.
750 1095 862 1148 Νῦν
891 1098 947 1148 δὲ
970 1097 1066 1165 τὴν
1099 1098 1421 1166 προαίρεσιν
1452 1098 1785 1168 προϊσχόμε-

217 1202 328 1248 νος,
364 1187 457 1239 καὶ
480 1186 539 1238 τὸ
575 1186 712 1251 πρδς
738 1177 928 1253 κέρδος
954 1187 1223 1250 δανείζειν
1252 1188 1537 1256 βούλεσθαι
1570 1190 1691 1257 μὲν,
1721 1192 1781 1243 οὐ

219 1274 621 1344 συγχωρεῖσθαι
650 1275 707 1327 δὲ
743 1276 937 1343 κομιδῆ
971 1276 1199 1343 γελοῖον,
1234 1279 1281 1329 εί
1314 1277 1559 1346 νομίζεις
1583 1280 1783 1330 ἀπολο-

214 1362 452 1427 γεῖσθαι,
488 1363 555 1414 τὰ
579 1364 910 1433 ἐγκλήματα
935 1364 1075 1417 λύων
1101 1367 1283 1428 αὐτοῖς
1314 1368 1424 1429 τοῖς
1450 1368 1780 1436 ἐγκλήμασι,

218 1461 313 1508 καὶ
348 1455 485 1523 ὑπὲρ
512 1446 575 1506 οὗ
596 1454 766 1524 διώκῃ
797 1455 890 1508 τοῦ
933 1454 1122 1527 γνώμῃ
1161 1456 1396 1526 πονηρὸς
1430 1454 1591 1523 εἶναι,
1636 1459 1783 1511 τοῦθ’

217 1547 356 1613 ἡμῖν
390 1546 505 1597 ἀντ’
535 1544 701 1613 ἄλλης
730 1544 1028 1612 ἀπολογίας
1076 1548 1496 1617 προϐάλλεσθαι.
1549 1550 1622 1603 Οὐ
1653 1550 1780 1619 γὰρ.

218 1637 301 1686 ὅτι
329 1634 598 1698 δανείζειν
632 1636 708 1704 μὴ
734 1636 985 1697 δύνασαι,
1028 1636 1210 1703 λέγειν
1241 1636 1408 1705 ἔχεις,
1443 1637 1559 1689 ἀλλ’
1595 1639 1675 1690 ὅτι
1710 1638 1784 1706 μὴ

217 1728 402 1793 βούλει
442 1728 599 1781 τόκου
633 1728 822 1797 χωρίς.
861 1729 1018 1783 Οὕτω
1045 1730 1101 1782 δι
1144 1732 1237 1783 καὶ
1270 1731 1362 1781 τὸν
1411 1731 1598 1798 μοιχὸν
1629 1729 1781 1798 ἐροῦ-

1888 552 2016 605 dare
2053 564 2300 605 mutuum
2339 569 2354 616 ;
2396 552 2524 619 quid
2556 554 2883 606 voluntatem
2932 562 3072 605 tuam
3104 554 3333 607 crimine
3370 570 3468 606 ao—

1890 641 2083 703 solvis,
2117 650 2173 694 et
2201 656 2437 709 quorum
2472 649 2524 694 te
2570 641 2743 708 ipsum
2780 641 3037 703 debebas,
3069 656 3258 695 eorum
3298 643 3465 709 legem

1890 746 2140 795 accusas,
2171 730 2627 825 publicorumque
2657 731 2923 784 malorum
2949 733 3202 797 arcessis,
3230 748 3464 801 quorum

1892 832 1944 874 tu
1982 822 2096 889 ipse
2130 835 2255 874 reus
2287 820 2385 873 es?
2411 819 2465 871 Si
2490 819 2632 872 enim
2665 820 2867 888 aliquid
2902 821 3317 889 inexpugnabile
3342 836 3475 886 pro-

1890 911 2100 965 biberet
2153 911 2481 964 creditorem
2527 925 2668 974 esse,
2702 898 2755 964 et
2798 926 2861 964 eo
2907 927 3095 980 posses
3146 912 3466 980 conlugere.

1890 1004 2033 1057 unde
2064 1002 2388 1059 ostenderes
2435 1012 2484 1056 te
2529 1018 2636 1057 non
2667 1002 2934 1057 volentem
2977 1018 3227 1071 peccare,
3261 1003 3462 1057 merito

1888 1093 2104 1149 veniam
2141 1092 2488 1161 impetrares,
2524 1102 2578 1146 et
2611 1094 3094 1160 reprehensionem
3135 1094 3466 1148 amolireria.

1887 1180 2045 1236 Nunc
2072 1167 2413 1237 veluntatem
2458 1192 2781 1251 praetexens,
2812 1194 2867 1237 et
2910 1184 3117 1251 absque
3148 1184 3300 1238 lucro
3331 1185 3469 1239 Velle

1889 1282 1941 1326 te
1968 1272 2188 1340 quidem
2220 1273 2353 1327 dare
2381 1283 2633 1326 mutuum
2662 1272 2949 1341 proﬁtens,
2987 1289 3092 1327 non
3132 1281 3315 1328 autem
3349 1288 3470 1342 per-

1889 1364 2052 1429 mitti,
2104 1378 2218 1418 rem
2267 1365 2555 1418 ridiculam
2604 1365 2898 1419 admodum
2937 1365 3093 1425 lacis.
3146 1366 3191 1421 si
3239 1365 3469 1420 crimina

1886 1454 2209 1508 criminibus
2248 1456 2448 1507 tuendo
2474 1464 2536 1507 te
2562 1454 2835 1520 defendis,
2854 1465 2908 1509 et
2944 1456 2993 1508 in
3024 1469 3131 1524 quo
3158 1457 3467 1519 accusatis,

1886 1528 2032 1613 quod
2065 1546 2252 1598 animo
2283 1545 2361 1599 sis
2389 1545 2661 1612 improbo,
2694 1546 2743 1599 id
2787 1547 2947 1601 nobis
2978 1562 3073 1615 pro
3109 1547 3470 1616 responsione

1886 1633 2050 1701 ohjici
2102 1647 2261 1702 posse
2295 1634 2599 1687 existimas.
2630 1631 2747 1687 Non
2787 1636 2934 1688 enim
2974 1642 3127 1703 potes
3166 1636 3371 1699 dicere,
3412 1643 3467 1686 te

1889 1740 1995 1776 non
2030 1738 2190 1792 posse
2223 1723 2353 1777 dare
2385 1734 2655 1789 mutuum,
2683 1724 2777 1777 sed
2812 1739 2915 1777 non
2949 1725 3085 1778 velle
3142 1724 3349 1794 absque
3388 1725 3468 1779 fe-

217 1836 343 1888 μεν,
406 1821 623 1872 καὶτὸν
660 1820 1019 1889 ἀνδροφόνον,
1063 1823 1146 1874 ὅτι
1201 1823 1412 1890 πονηρᾷ
1465 1820 1659 1890 γνώμῃ
1716 1821 1784 1872 τὰ

1891 1827 2048 1865 nore.
2086 1810 2175 1865 Sic
2209 1826 2374 1882 porro
2411 1823 2463 1866 et
2504 1815 2807 1867 adulterum
2838 1822 2890 1867 et
2920 1814 3247 1869 homicidam
3280 1816 3466 1884 appel-

214 1909 443 1981 τοιαῦτα
479 1910 742 1978 τολμῶσι,
791 1914 884 1961 καὶ
916 1911 1145 1978 οὐδεμία
1184 1912 1515 1981 παραίτησις

214 2001 571 2071 προῃρῆσθαι
605 2002 859 2070 γενέσθαι
892 2005 1150 2071 χρηστόν.

1539 1950 1555 1974 ,
1608 1913 1668 1963 τὸ
1709 1911 1784 1981 μὴ

292 2160 502 2236 ’Ἄλλως
528 2191 587 2227 τε
621 2176 669 2227 εί
720 2174 819 2243 μὲν
858 2160 967 2229 τῶν
1021 2176 1429 2245 ἐπαινουμένων
1479 2180 1507 2230 ὁ
1556 2179 1731 2239 τόκος,
1759 2179 1786 2229 δ

213 2264 318 2331 μὲν
349 2265 513 2332 νόμος
560 2266 617 2317 έν
667 2266 888 2330 αἰτίαις,
945 2267 1278 2322 ὲκδάλλωνδ
1314 2269 1521 2320 τιθέναι
1579 2269 1782 2336 ὲχρῆνο

212 2354 378 2422 σοὶ,δ“
406 2355 506 2407 οὐκ
544 2356 607 2410 ἄν
636 2374 722 2417 τις
765 2359 1097 2428 ἐπιτιμῆσαι
1121 2379 1125 2384 ’
1146 2360 1518 2428 περιεχομένῳ
1548 2358 1783 2428 χρηστοῦ

209 2446 563 2515 πράγματος.
590 2448 651 2499 El
676 2449 721 2500 δ’
744 2450 1109 2519 ἀπάνθρωπόν
1135 2468 1188 2503 τι
1219 2453 1312 2503 καὶ
1336 2451 1591 2520 πονηρὸν,
1612 2453 1640 2503 ὁ
1661 2452 1784 2520 μὲν,

210 2536 329 2588 τῶν
359 2538 601 2605 αἰσχρῶν
632 2540 889 2605 ἀπάγων,
922 2541 1023 2593 κᾶν
1065 2543 1341 2594 ἐπαινοῖτο
1413 2544 1474 2594 σὺ
1510 2542 1552 2594 δ’
1580 2544 1787 2595 ἐκεῖθεν

210 2627 312 2679 ἐπ’
333 2627 460 2679 ἄλλο
489 2630 699 2698 τρέχων
723 2631 913 2693 κακὸν,
937 2633 1028 2684 καὶ
1053 2632 1225 2684 κακοῦ
1262 2633 1425 2685 κακὸν
1453 2634 1787 2701 ἀλλαττόμε-

209 2736 330 2782 νος,
367 2717 462 2771 τοῦ
497 2722 735 2785 τοκίζειν
779 2723 841 2774 τὸ
890 2722 964 2793 μὴ
1014 2724 1313 2788 δανείζειν,
1368 2726 1524 2792 δῆλος
1576 2727 1786 2779 οἴκοθεν

210 2809 313 2859 καὶ
364 2810 515 2877 παρὰ
570 2810 770 2863 σαυτοῦ
825 2813 951 2882 γίνῃ
1008 2816 1243 2883 πονηρὸς
1301 2813 1396 2868 ῶν.
1447 2817 1507 2868 Εἰ
1538 2817 1668 2886 γάρ,
1704 2818 1785 2870 ὄτι

208 2899 387 2951 τῶνδε
437 2900 544 2953 τῶν
578 2902 766 2954 κακῶν
814 2905 1213 2973 ἀποκρουσθεὶς
1248 2907 1335 2957 ἐπ’
1364 2906 1499 2958 ἄλλα
1539 2924 1785 2977 μεταχωο

209 2991 359 3059 ρεῖς,
397 2989 489 3043 τὸν
525 2991 933 3061 ἔκκεκρουκότα
985 2995 1096 3046 τῶν
1151 2997 1433 3064 προτέρων
1470 3000 1624 3067 αἰτιᾷ
1678 2998 1787 3052 τῶν

204 3083 509 3150 δευτέρων,
540 3086 763 3137 κάκεῖνο
788 3084 854 3154 δὴ
900 3088 1297 3155 συγχωρήσεις,
1345 3089 1439 3155 τῆς
1477 3090 1781 3142 λωποδύτου
1812 3125 1854 3182 c

207 3176 315 3225 καὶ
362 3176 700 3246 τοιχωρύχου
733 3177 1068 3247 φαυλότητος
1115 3181 1241 3240 τοὺς
1288 3182 1487 3250 νόμους
1526 3184 1783 3252 κληρονο-

212 3265 369 3334 μεῖν,
411 3265 462 3317 οῖ
502 3266 751 3335 φανερῶς
788 3268 985 3329 αὐτοὺς
1035 3269 1135 3321 οὐκ
1175 3271 1371 3334 ἐῶντες
1423 3272 1783 3339 ἐμφορεῖσθαι

204 3354 327 3408 τῶν
370 3352 686 3423 ἀλλοτρίων,
739 3359 831 3408 ἐπὶ
874 3357 974 3425 τὴν
1025 3360 1349 3427 νυκτερινὴν
1399 3361 1784 3415 συνελαύνουσι

208 3445 509 3512 πονηρίαν.
534 3448 642 3499 Kal.
669 3445 864 3519 λῃσταὶ
897 3448 1004 3519 γὰρ
1044 3450 1144 3502 οὐκ
1174 3449 1240 3503 ἂν
1270 3450 1367 3520 τὴν
1404 3453 1659 3521 ἐσχατιὰν
1689 3454 1786 3507 καὶ

207 3536 286 3587 τὰ
317 3535 417 3606 ὅρη
472 3537 862 3605 κατειληφότες
917 3541 1027 3601 τοῖς
1064 3541 1357 3610 παριοῦσιν
1403 3542 1600 3613 έθηξαν
1630 3543 1781 3612 ξίφη,

207 3627 333 3692 εῐγε
366 3626 497 3696 ἐξῆν
522 3628 710 3692 αὐτοῖς
737 3629 838 3691 τάς
876 3629 1062 3693 πόλεις
1106 3631 1318 3685 οἰκοῦσι
1352 3636 1446 3687 καὶ
1482 3637 1552 3705 τῇ
1590 3635 1784 3705 γνώμῃ

209 3718 542 3787 χρωμένοις,
590 3721 936 3787 κρείττουσιν
969 3718 1111 3774 εἶναι
1155 3724 1523 3793 δικαστηρίων
1556 3728 1651 3780 καὶ
1696 3727 1785 3779 νό..

212 3825 361 3876 μων.
393 3807 497 3860 Τὸν
530 3808 644 3861 ίσον
688 3811 890 3879 τρόπον
939 3812 1035 3865 καὶ
1081 3814 1468 3884 τυμϐωρύχοις
1510 3815 1563 3868 τί
1591 3816 1786 3878 νυκτδς

209 3898 321 3950 ἔδει
349 3898 445 3950 καὶ
470 3898 742 3966 τῆςνκατά
772 3900 1069 3969 οίχομένων
1104 3902 1325 3969 μανίας,
1353 3904 1401 3954 εί
1427 3904 1552 3967 τοὺς
1577 3904 1785 3968 ζῶντας

209 3991 240 4041 ὸ
273 3990 441 4057 νόμος
471 3990 686 4059 ἡμέρας
714 3989 883 4043 ἐδίδου
908 3991 1238 4062 πολιορκεῖν,
1266 3994 1362 4046 καὶ
1391 3995 1666 4062 περιδύειν
1695 3995 1787 4059 οὓς

210 4080 529 4143 ἰδούλοντο,
567 4080 732 4150 μηδὶν
763 4079 1070 4144 δεδοικότας
1097 4097 1115 4147 ;
1145 4084 1253 4136 Kal.
1306 4084 1442 4145 ὅλως
1477 4086 1664 4138 οὐδένα
1722 4086 1789 4139 ἂν

206 4173 398 4242 εὕροις
422 4173 528 4224 τῶν
555 4172 795 4240 ὀλέθρων
824 4173 1030 4228 τούτων
1058 4178 1151 4249 καὶ
1181 4178 1452 4245 πονηρῶν,
1483 4177 1540 4238 ὃς
1581 4180 1639 4229 οὐ
1685 4178 1790 4231 τῶν

210 4265 312 4332 μὲν
329 4263 609 4332 ἀνετράπη
628 4266 694 4332 τῇ
718 4263 822 4315 τῶν
835 4260 1166 4333 παρανόμων
1192 4267 1422 4336 ἀνάγκη,
1448 4269 1556 4327 τοῖς
1576 4268 1632 4318 δὲ
1649 4266 1792 4333 γνώ-

211 4369 293 4427 μῃ
313 4354 701 4423 προσεχώρησε
722 4370 828 4406 των
853 4356 1034 4407 κακῶν
1053 4353 1144 4425 [an
1169 4355 1425 4425 καλῶνη.
1440 4348 1507 4407 Τί
1520 4352 1611 4409 οῦν
1635 4373 1649 4422 ;
1670 4360 1791 4420 τοὺς

1889 1902 2144 1968 labimus,
2182 1906 2440 1973 quoniam
2480 1921 2732 1973 perversa
2770 1907 3049 1983 toluntate
3076 1907 3204 1959 talia
3238 1922 3344 1961 non
3379 1925 3467 1962 re-

1889 1992 2206 2058 formidant,
2233 2004 2287 2049 et
2345 1996 2639 2065 quominus
2674 1998 2848 2056 bonus
2878 2012 2999 2053 esse
3032 1999 3182 2064 velit,
3208 2002 3465 2054 excusari

1889 2100 2049 2139 nemo
2081 2095 2278 2153 potest.

1960 2178 2181 2239 Adhaec.
2220 2159 2491 2247 siquidem
2544 2180 2689 2235 laudi
2748 2182 3125 2237 dauda'esset
3179 2183 3464 2250 feneratio,

1888 2267 1941 2320 in
1985 2268 2446 2337 vituperationem
2474 2272 2690 2324 caderet
2724 2271 2828 2335 lex,
2862 2288 3002 2341 qum,
3037 2274 3183 2341 qttod
3241 2278 3463 2330 sancire

1890 2360 2196 2426 oportebat,
2240 2360 2291 2413 id
2330 2361 2580 2429 rejiceret
2602 2378 2615 2414 :
2638 2376 2701 2437 ac
2730 2370 2782 2416 te
2813 2378 2922 2416 rem
2952 2379 3055 2416 non
3091 2364 3287 2417 malam
3311 2381 3466 2419 com-

1890 2449 2209 2518 plectenth
2237 2442 2377 2505 haud
2409 2453 2695 2519 quisquam
2745 2444 2965 2506 in’vitio
3000 2463 3245 2521 poneret.
3280 2455 3335 2509 Si
3361 2473 3462 2509 au-

1891 2551 1995 2594 tem
2024 2543 2278 2610 quiddam
2330 2542 2399 2596 ab
2427 2544 2770 2599 humanitate
2802 2545 3040 2598 alienum
3071 2555 3235 2616 atque
3262 2548 3465 2617 impro.

1888 2631 2018 2685 bum
2048 2642 2151 2692 est,
2184 2634 2275 2699 qui
2309 2648 2337 2686 a
2364 2634 2612 2700 turpibus
2645 2643 2697 2689 te
2746 2635 2988 2695 abducit.
3045 2637 3258 2691 laudem
3324 2637 3465 2690 ίντςιι

1888 2720 2075 2775 etiam.
2110 2721 2382 2776 Caeterum
2427 2732 2480 2776 tu
2516 2726 2642 2778 inde
2664 2724 2729 2777 ad
2760 2725 2909 2779 aliud
2948 2726 3160 2781 facinus
3210 2744 3461 2793 currens,

1892 2812 2205 2879 malumque
2241 2814 2384 2866 malo
2419 2826 2780 2875 commutans.
2821 2815 3053 2872 fenerari
3103 2820 3312 2873 scilicet
3338 2834 3462 2874 cum

1889 2916 1955 2954 eo
2029 2902 2171 2970 quod
2236 2911 2321 2957 est
2380 2920 2489 2956 non
2543 2904 2674 2959 dare
2736 2915 3027 2974 mutuum,
3082 2924 3110 2961 a
3175 2911 3464 2979 temetipso

1889 3001 2091 3060 apertae
2120 2994 2375 3061 nequitia:
2415 2997 2759 3063 coargueris.
2809 2997 2942 3051 Nam
2975 2998 3041 3059 si,
3070 3000 3214 3068 quod
3250 3002 3462 3055 abistis

1891 3084 2201 3137 sceleribus‘
2218 3084 2475 3153 depulsus
2503 3100 2585 3147 es,
2614 3086 2679 3139 ad
2711 3086 2815 3140 alia
2840 3089 3068 3153 transis,
3099 3092 3305 3159 quique
3343 3100 3393 3144 te
3425 3107 3455 3145 a

1888 3175 2166 3243 prioribus
2190 3175 2459 3238 cohibuit,
2508 3189 2632 3229 eum
2697 3186 2757 3230 ut
2819 3193 3041 3231 causam
3093 3181 3457 3247 posterimuui

1887 3280 2136 3328 accusas,
2173 3264 2338 3319 etiam
2371 3266 2501 3319 illud
2528 3268 2820 3332 concedes,
2857 3270 3249 3337 improbitatis,
3305 3288 3461 3340 gras-

1887 3367 2157 3421 satorum,
2187 3366 2240 3410 et
2267 3357 2703 3411 ell‘ractariorum
2728 3360 2876 3425 leges
2916 3373 3140 3412 causam
3166 3375 3308 3426 esse,
3342 3378 3464 3427 qua:

1886 3448 2015 3501 dum
2052 3448 2228 3516 palam
2258 3448 2456 3503 alienis
2498 3448 2855 3503 facultatibus
2884 3450 3047 3503 ditari
3093 3465 3202 3504 non
3236 3454 3457 3519 patiun-

1889 3546 1998 3603 tur,
2025 3540 2092 3594 ad
2118 3547 2445 3595 nocturnam
2479 3544 2799 3609 pravitatem
2840 3557 2936 3595 eos
2968 3544 3318 3612 compellant.
3344 3543 3454 3598 Ne-

1888 3643 1997 3696 que
2034 3628 2178 3682 enim
2221 3629 2471 3685 latrones
2513 3631 2904 3685 solitudinibus
2959 3641 3015 3686 et
3070 3632 3348 3687 montibus
3403 3649 3464 3687 se

1888 3718 2203 3781 credentes,
2241 3718 2483 3787 gladium
2519 3720 2573 3773 in
2605 3721 2842 3773 viatores
2869 3721 3224 3789 stringerent.
3256 3722 3299 3774 si
3329 3726 3464 3791 ipsis

1891 3808 2056 3863 urbes
2082 3809 2481 3873 habitantibus,
2506 3820 2560 3863 et
2601 3811 2883 3881 cupiditati
2907 3812 3343 3881 indulgentihus,
3367 3812 3463 3883 ju-

1888 3905 2030 3959 dicia
2062 3914 2115 3958 et
2143 3905 2323 3972 legum
2350 3904 2475 3974 jura
2500 3904 2694 3960 liceret
2743 3916 3119 3962 contemnere.
3167 3905 3460 3961 Consimili

1892 3994 2052 4048 modo
2080 3995 2346 4063 parietum
2373 3995 2779 4065 perfossoribus
2795 3995 2926 4065 quid
2950 4004 3110 4050 nocte
3139 4010 3280 4065 Opus
3314 4008 3458 4063 erat,

1891 4094 1944 4138 et
1983 4087 2193 4140 insania
2218 4087 2506 4140 adversum
2542 4098 2814 4153 mortuos,
2842 4088 2890 4144 si
2949 4088 3100 4143 vivos
3148 4103 3246 4159 per
3303 4090 3450 4144 diem

1890 4174 2164 4240 obsidere,
2206 4186 2260 4229 et
2285 4190 2427 4243 quos
2453 4175 2647 4230 liberet
2677 4177 2795 4231 suis
2829 4179 2991 4231 rebus
3051 4178 3192 4232 citra
3245 4189 3453 4233 metum

1897 4278 2104 4318 exuere
2127 4278 2191 4318 ac
2213 4264 2448 4334 spoliare
2478 4264 2559 4318 lex
2591 4266 2971 4334 permitteret?
2998 4265 3060 4319 Et
3113 4267 3271 4336 plane
3327 4270 3455 4322 nul-

1895 4352 2002 4405 lum
2036 4354 2473 4422 perniciosorum
2517 4369 2579 4408 ac
2610 4356 3000 4409 sceleratorum
3045 4357 3314 4420 invenias.
3359 4359 3455 4426 qui

209 4447 313 4515 μὲν
343 4444 572 4513 ἀφῶμεν
614 4446 794 4507 alsia;
815 4484 831 4509 ,
861 4446 987 4506 τοὺς
1020 4448 1217 4513 νόμους
1256 4446 1311 4498 δὲ
1340 4446 1606 4499 τάκείνων
1639 4464 1779 4517 μεμ-

1896 4456 2001 4494 ιιοη
2032 4440 2147 4508 lege
2169 4450 2420 4505 coactus,
2466 4442 2534 4497 ab
2596 4443 2703 4497 illis
2768 4444 3052 4498 maleficiis
3102 4444 3454 4512 abstinuerit,

206 4532 486 4603 ψώμεθα;
519 4532 614 4585 καὶ
646 4535 771 4597 τοὺς
803 4535 903 4604 μὲν
929 4536 1115 4589 κακῶν
1155 4539 1387 4599 ἀπαθεῖς
1413 4537 1595 4605 ἐῶμεν
1625 4554 1785 4607 περι-

208 4626 452 4685 νοστεῖν,
484 4624 747 4687 δικαστάς
774 4625 831 4677 δὲ
877 4625 972 4677 καὶ
1019 4628 1214 4695 νόμους
1248 4632 1342 4678 καὶ
1375 4627 1547 4690 δίκας,
1596 4628 1688 4679 καὶ
1720 4629 1786 4681 τά

208 4716 473 4786 βέλτιστα
504 4718 573 4785 δὴ
600 4716 710 4769 τῶν
736 4718 795 4769 ἐν
822 4715 1148 4786 ἀνθρώποις,
1182 4717 1255 4778 ὡς
1297 4718 1407 4787 ἄγη
1433 4717 1542 4769 τῶν
1578 4718 1786 4773 πόλεων

208 4803 600 4872 ἁπελάσομεν;
644 4806 703 4857 Εί
731 4806 788 4858 δὲ
816 4804 975 4859 τοῦτο
1022 4806 1123 4875 μὲν
1166 4805 1277 4860 οὐδ’
1317 4806 1385 4859 ἂν
1416 4810 1606 4876 μανεὶς
1642 4813 1784 4863 εῐποι

204 4911 332 4957 τις’
362 4896 456 4961 ὅγε
504 4897 614 4949 οὐδ’
654 4898 836 4958 αὐτοῖς
873 4897 1121 4966 ἀρέσειεν
1164 4898 1251 4961 ἂν,
1299 4895 1473 4966 οἶμαι,
1520 4903 1631 4963 τοῖς
1676 4902 1785 4954 τῶν

207 4985 402 5053 κακῶν
435 4986 752 5055 τολμηταῖς.
805 4986 947 5039 Ἀλλ’
992 4989 1043 5038 οί
1098 4988 1203 5055 μὲν,
1249 4986 1401 5055 νόμοι
1431 4992 1542 5054 τοῖς
1574 4991 1783 5060 ἀνθρώ-

210 5090 357 5146 ποις,
391 5074 580 5127 κακῶν
626 5075 862 5128 ἀναίτιοι
902 5075 1205 5144 πανταχοῦ·
1246 5076 1295 5130 οἳ
1344 5078 1390 5130 δ’
1420 5079 1495 5133 ὢν
1529 5079 1782 5151 ἁμαρτά-

207 5181 400 5217 νουσιν
418 5164 825 5218 ἀπολαύσουσιν
850 5165 886 5219 ἃ
918 5165 1187 5235 προσῆκε,
1214 5169 1309 5221 καὶ
1332 5167 1429 5231 τὴν
1453 5172 1781 5239 γιγνομένην

204 5256 447 5308 δώσουσι
482 5255 639 5327 δίκην
712 5257 765 5309 τί
795 5258 860 5309 σὺ
897 5258 1095 5311 σαυτὸν
1125 5241 1422 5327 ἀπολογίας
1448 5263 1780 5332 ἐξαιρεῖσθαι

205 5344 479 5416 νομίζεις,
512 5340 587 5401 ὧν
618 5347 795 5410 οὐδεὶς
831 5347 1087 5401 ἀπώνατο
1119 5354 1388 5418 πονηρόςς
1433 5351 1557 5405 οὔτε
1603 5355 1781 5405 τοίνυν

204 5437 442 5501 τοκίζων
486 5439 727 5509 ἐκφεύξῃ
760 5439 860 5509 τὴν
910 5440 1086 5510 δίκην,
1138 5442 1260 5494 οὔτε
1312 5442 1387 5511 τῷ
1435 5449 1509 5511 μὴ
1541 5444 1777 5508 τοκίζειν

1888 4537 1955 4586 ad
1984 4533 2098 4585 haec
2128 4540 2311 4586 autem
2343 4543 2538 4601 sponte
2566 4548 2631 4586 ac
2668 4535 2853 4589 volens
2880 4550 3174 4603 aggressus
3191 4538 3283 4591 sit.
3311 4537 3451 4604 Quul

1884 4637 2015 4692 ergo
2042 4621 2065 4674 ’ί
2100 4622 2382 4683 illosneut
2405 4625 2649 4678 insontes
2679 4625 3043 4689 dimittemus,
3072 4626 3125 4679 in
3161 4630 3308 4697 leges
3360 4643 3453 4683 ve-

1886 4724 1948 4763 ro
1978 4711 2045 4763 ah
2080 4710 2189 4764 illis
2229 4710 2439 4764 nefarie
2462 4713 2887 4766 commissorum
2941 4712 3158 4783 culpam
3205 4716 3453 4771 confere-

1889 4799 2050 4855 mus?
2079 4800 2141 4853 Et
2168 4801 2294 4854 illos
2322 4801 2539 4873 quidem
2587 4816 2873 4872 pinnarum
2934 4805 3208 4861 immunes
3261 4805 3451 4875 vagari

1885 4892 2053 4947 libere
2105 4890 2379 4958 sinemus,
2404 4891 2623 4962 judices
2660 4902 2865 4959 autem,
2895 4907 2951 4950 et
3000 4896 3164 4967 leges,
3199 4905 3253 4951 et
3301 4898 3451 4967 jura,

1883 4982 2086 5051 quibus
2116 4980 2252 5035 nihil
2280 4992 2365 5040 est
2393 4983 2447 5036 in
2483 4984 2769 5039 hominum
2802 4987 2909 5039 vita
2939 4986 3263 5051 salutarius,
3302 5000 3445 5053 tan-

1883 5086 2045 5140 quam
2079 5071 2295 5141 piacula
2330 5089 2360 5127 e
2387 5073 2704 5128 civitatibus
2759 5076 3139 5145 expellemus?
3197 5076 3351 5142 Quod
3398 5078 3448 5132 si

1883 5165 1986 5217 hoc
2026 5179 2130 5217 nec
2156 5172 2333 5218 mente
2358 5175 2548 5234 captus
2578 5166 2795 5230 dixerit,
2859 5182 2960 5221 nec
3007 5168 3259 5235 ipsismet
3317 5170 3446 5222 talia

1883 5254 2241 5321 audentibus,
2271 5257 2461 5319 credo,
2517 5257 2819 5325 placuerit;
2883 5262 2978 5312 sed
3041 5259 3187 5329 leges
3241 5260 3447 5329 ubique

1882 5349 2124 5415 gentium
2184 5348 2497 5403 hominibus
2548 5350 2813 5403 scolerate
2871 5353 3062 5421 agendi
3118 5366 3282 5405 causa
3333 5367 3443 5404 non

1882 5447 2032 5503 sunt,
2072 5449 2127 5492 et
2152 5438 2246 5507 qui
2304 5450 2550 5509 peccant,
2606 5441 2821 5507 praemia
2876 5442 3145 5509 condigna
3204 5441 3447 5496 referunt

204 5530 415 5595 ἐξεῖναι
453 5529 514 5581 τὸ
543 5530 815 5592 δανείζειν
855 5531 1210 5601 ἀρνούμενος,
1242 5536 1335 5585 καὶ
1358 5537 1456 5604 τὴν
1492 5538 1778 5589 κοινωνίαν

1888 5544 1933 5584 et
1954 5530 2240 5585 conﬂatam
2272 5531 2611 5599 sibi'pmuam
2638 5531 2813 5596 luunt,
2843 5548 2939 5585 cur
2967 5543 3022 5587 tu
3047 5532 3315 5600 ejusmodi
3346 5534 3438 5585 de-

203 5618 474 5688 αναιρῶν,
524 5619 558 5691 ἢ
612 5621 896 5691 συνῴκησε
940 5624 1002 5674 τὸ
1036 5625 1211 5689 γένος,
1250 5626 1341 5677 καὶ
1390 5626 1601 5694 ἥμερον
1633 5630 1777 5678 ποιεῖ

1888 5622 2128 5677 feusione
2156 5621 2445 5675 innoxium
2481 5632 2531 5674 te
2567 5622 2681 5675 fore
2710 5621 2960 5686 conﬁdis,
3012 5637 3132 5690 quae
3162 5623 3295 5677 nulli
3333 5623 3439 5677 im-

202 5709 299 5760 τὸν
325 5707 632 5778 ᾶνθρωπον,
664 5710 760 5762 καὶ
788 5707 961 5781 ταύτῃ
988 5711 1048 5762 τὸ
1090 5714 1274 5773 κοινὸν
1308 5713 1528 5776 ἀδικῶν,
1571 5712 1771 5766 ἀπολο·

1882 5715 2053 5784 probo
2086 5730 2326 5786 unquam
2356 5714 2560 5785 profuit
2580 5712 2603 5767 ?
2627 5712 2811 5783 Neque
2859 5715 3024 5791 igitur
3055 5715 3124 5769 ad
3167 5714 3323 5774 [euris
3353 5714 3441 5769 fa-
