4140 6318
152 340 253 405 ’ξίι

1188 343 1474 403 ORATIO
1511 341 1812 403 CONTRA
1860 338 2435 400 FENERATORES.

3320 334 3429 400 ’ΜΞ

162 456 295 526 μούν
312 478 409 514 των
444 459 693 530 ἀλλήλας
726 456 834 508 τῶν
886 456 1084 524 νόμων,
1121 453 1361 516 σώζοντα
1410 454 1500 506 τὸν
1547 452 1734 523 ἕτερον

1840 450 2132 519 gnantibns
2153 448 2377 502 altrratn
2399 450 2667 503 servando
2687 463 2915 505 necesse
2937 459 3021 503 est
3064 448 3288 504 alteram
3312 450 3440 504 floc-

159 546 380 620 ὰνάγκη
414 550 648 615 θατέρου
674 549 1065 614 καταφρονεῖν,
1121 544 1350 613 πότερον
1383 544 1735 612 ὑπερδαίνων

163 640 463 709 ἀπολογίαν
512 639 657 703 ἔξεις
703 638 797 691 τὸν
848 638 1062 707 ἕτερον,
1112 636 1173 689 οὐ
1225 636 1317 686 τὸν
1361 634 1739 703 ἀνθρώπειον,

161 733 335 786 Τοῦτο
372 731 601 802 μὲνγὰρ
641 714 905 795 ἀπολογία
949 727 1057 780 τῶν
1098 729 1361 797 ἡττόνων,
1408 725 1461 776 ετ
1488 742 1574 789 τις
1608 726 1742 791 φαίη

159 826 253 879 διὰ
283 826 407 885 τοὺς
435 823 717 891 κρείττους
748 822 1132 890 καταφορνείν,
1165 819 1238 882 ὼς
1263 822 1324 871 τό
1370 833 1434 885 γε
1475 821 1598 879 τοὺς
1626 815 1742 886 χεί-

167 933 327 987 ρινας
373 915 729 983 αἰδουμένους
770 911 1063 980 προδοῦναι
1110 908 1237 970 τοὺς
1278 906 1741 980 κρείττουςίπῶς

160 1007 229 1061 ἂν
262 1007 376 1077 ἔχοι
410 1008 522 1067 τοῖς
584 1005 1052 1073 παραιτουμένοις
1104 995 1457 1070 συγγνώμην,
1486 1000 1648 1050 ὁπότε
1683 998 1743 1049 τὸ

160 1098 414 1167 ἔγκλημα
468 1099 651 1167 χεῖρον
689 1096 937 1163 γίνεται;
982 1095 1235 1162 καθάπερ
1290 1096 1428 1152 εῐτις
1477 1090 1742 1160 βασιλέως

159 1189 547 1249 ἐπιτάττοντος
598 1185 916 1255 ὑπερεώρα,
948 1186 1030 1238 ὅτι
1057 1184 1166 1236 τῶν
1208 1180 1566 1253 στρατιωτῶν
1591 1174 1671 1242 εἷς
1703 1179 1736 1247 ἢ

154 1278 270 1329 τῶν
300 1278 649 1346 σκευοφόρων
666 1276 946 1331 ἐκέλευσε.
969 1273 1175 1330 Πολλοῦ
1207 1273 1308 1344 μὲν
1333 1273 1438 1343 γὰρ
1465 1271 1530 1325 ἂν
1548 1270 1738 1344 ἐδέησε

160 1371 236 1441 μὴ
279 1376 375 1425 καὶ
405 1373 503 1440 τῆς
536 1369 834 1435 ἀπολογίας
868 1369 1022 1429 δίκας
1070 1366 1351 1436 ὀφλήσειν,
1394 1365 1489 1417 καί
1526 1364 1741 1431 προσῆν

150 1464 213 1515 τὸ
239 1461 455 1522 δικαίας
481 1463 568 1514 ὅτε
618 1461 692 1531 μὴ
727 1461 1001 1530 ἀγνοήσας
1034 1459 1066 1529 ἢ
1097 1458 1267 1529 λήθης
1295 1458 1475 1527 ἥττων
1504 1455 1738 1523 γενόμε-

153 1572 265 1617 νος,
292 1554 410 1605 ἀλλ’
438 1552 581 1605 οὕτω
607 1554 799 1621 κρίνας
826 1552 921 1603 καὶ
950 1551 1041 1602 τὸν
1074 1549 1408 1618 σκευοφόρον
1456 1545 1551 1599 τοῦ
1587 1545 1741 1616 βασι-

151 1646 288 1708 λέως
319 1642 634 1714 ἔμπροσθεν
664 1642 887 1711 ἀγαγών
981 1644 1045 1701 σὺ
1078 1644 1135 1697 δὲ
1160 1643 1318 1695 τίνων
1357 1640 1548 1693 σαυτὸν
1576 1638 1740 1702 ἀξιῶ-

152 1755 277 1798 σαις
312 1740 398 1797 ἂν,
432 1739 479 1788 εἰ
508 1737 575 1789 τὰ
597 1738 780 1790 δίκαια
807 1737 1077 1803 ποιήσεις,
1099 1734 1285 1803 ἐπειδὴ
1325 1752 1342 1783 ι
1382 1732 1547 1784 [Ιλέον
1578 1728 1735 1781 Σολοο

1847 540 2161 608 cipcndere,
2198 550 2374 594 utram
2416 542 2654 610 violatis,
2683 556 2779 610 per
2811 542 3039 595 alteram
3077 550 3124 594 te
3151 540 3440 596 defendes?

1846 628 1922 683 Cc
1956 640 2007 683 te
2036 645 2142 684 non
2168 645 2263 701 per
2300 633 2613 685 humanam.
2643 630 2737 687 Est
2769 632 2912 687 enim
2940 632 3214 686 imbecilla
3253 631 3442 685 defert-

1846 721 1951 783 sio,
1989 721 2033 774 si
2065 723 2185 789 quis
2224 722 2390 783 dicat,
2450 723 2572 776 ideo
2612 739 2671 777 se
2701 724 2941 777 divinam
2970 722 3147 793 legem
3187 733 3437 778 contem-

1848 813 2042 879 psisse.
2083 811 2216 866 Nam
2258 814 2547 869 inferiores
2590 816 2847 881 revereri,
2876 824 2935 869 ut
2965 817 3281 886 superiores
3317 831 3442 885 pro-

1846 902 1968 964 das,
1996 918 2160 969 quam
2187 904 2401 957 veniam
2436 917 2734 969 mereatur,
2758 907 2983 975 quando
3024 908 3231 962 crimen
3261 908 3437 978 majus

1847 992 1967 1046 cst?
1990 992 2223 1048 l'erindc
2253 1004 2310 1048 ut
2338 995 2381 1048 si
2418 995 2538 1062 quis
2565 996 2878 1051 mandatum
2907 1000 3051 1068 regis
3094 1000 3439 1068 posthabeat,

1846 1084 1973 1152 quia
2003 1083 2158 1137 miles
2187 1084 2404 1153 aliquis,
2444 1095 2539 1140 aut
2561 1086 2678 1141 calo
2718 1103 2878 1143 secus
2903 1090 3204 1147 mandavit.
3238 1090 3437 1144 Parum

1845 1175 2025 1237 abest,
2069 1175 2201 1241 quin
2236 1176 2361 1229 talis
2389 1176 2552 1230 etiam
2599 1177 2935 1234 defensionis
2972 1178 3135 1249 hujus
3168 1195 3281 1233 suae
3321 1194 3441 1250 pte-

1846 1282 1945 1321 nas
1969 1267 2183 1320 debeat.
2208 1258 2273 1320 Et
2293 1270 2413 1334 jure
2444 1270 2688 1337 quidem.
2714 1271 2840 1340 quia
2876 1287 2983 1324 non
3014 1287 3077 1325 ex
3135 1272 3441 1341 ignorantia

1845 1369 1949 1411 aut
1978 1357 2275 1422 oblivione,
2306 1363 2400 1413 σπι
2431 1363 2688 1414 consulto
2724 1363 2776 1415 id
2808 1362 2956 1417 fecit.
2995 1364 3063 1416 At
3087 1372 3167 1424 tu,
3202 1364 3249 1417 si
3291 1373 3441 1425 recte

1845 1447 2035 1513 facias,
2055 1449 2256 1517 quibus
2286 1452 2633 1518 tesnppliciis
2654 1453 2881 1522 dignum
2911 1454 3165 1520 deputes.
3190 1456 3439 1521 quando-

1844 1541 2068 1608 quidem
2100 1559 2118 1591 ι
2150 1539 2275 1593 Plus
2297 1556 2458 1608 quam
2490 1539 2745 1593 Salomon
2766 1540 2867 1595 llic,
2891 1541 3093 1610 tinqnit
3117 1549 3246 1594 etttt
3291 1550 3443 1594 tanto

1845 1630 2136 1685 intervallo
2173 1631 2352 1686 minor
2382 1646 2441 1683 es
2475 1630 2605 1695 Deo,
2633 1648 2796 1701 quam
2840 1648 2931 1685 rex
2961 1632 3154 1685 calone
3188 1632 3437 1693 nobilior.

1843 1734 2110 1789 quantum
2142 1721 2249 1775 dici
2274 1731 2369 1775 aut
2404 1723 2551 1776 credi
2583 1724 2792 1791 nequit.
2836 1727 2913 1778 Ac
2936 1725 3169 1793 proinde
3196 1735 3345 1780 tanto
3379 1741 3440 1782 es

150 1830 367 1901 μῶντςς
387 1824 543 1887 ὧδε.»
580 1831 736 1896 φησὶ,
766 1828 861 1879 καὶ
887 1827 1109 1880 τοσοῦτο
1141 1827 1241 1897 μὲν
1258 1825 1355 1884 τοῦ,
1373 1825 1509 1877 Θεοῦ
1541 1822 1735 1893 μᾶλλον

1847 1811 2186 1881 injuriosior,
2220 1823 2425 1879 quanto
2480 1815 2657 1882 majus
2707 1816 2850 1869 inter
2912 1816 3083 1869 Deum
3139 1832 3203 1871 ac
3253 1832 3435 1885 regem

150 1924 395 1977 ἐλάττων
424 1920 457 1994 ἢ
491 1920 585 1973 τοῦ
623 1920 961 1987 σκευοφόρον
994 1918 1222 1987 βελτίων
1252 1920 1279 1969 ὁ
1305 1916 1586 1986 βασιλεὺς,
1612 1916 1738 1967 ὅσον

148 2015 272 2069 οὐδὲ
301 2016 467 2084 ῥητὸν
495 2012 606 2066 οὐδ’
636 2010 930 2079 ἐπιστητὸν
964 2001 1105 2063 εἶναι
1147 2009 1208 2062 τὸ
1240 2009 1426 2078 μέσον,
1462 2010 1527 2061 σὺ
1556 2008 1613 2060 δὲ
1645 2024 1705 2059 το

151 2106 347 2159 σοῦτον
367 2106 570 2165 αδικεῖς
597 2103 781 2171 μεῖζον
811 2103 936 2154 ὅσον
965 2099 1191 2153 ἐκείνων
1214 2099 1275 2152 τὸ
1302 2101 1491 2169 μέσον,
1518 2098 1614 2151 καὶ
1639 2098 1739 2151 οὐκ

150 2197 390 2266 αἰσχύνῃ
426 2196 565 2264 μετὰ
618 2194 728 2247 τῶν
762 2193 975 2263 μιαρῶν
1020 2190 1335 2261 Φαρισαίων
1370 2191 1469 2260 τὴν
1513 2190 1737 2259 ἐντολὴν

149 2289 249 2341 τοῦ
281 2289 424 2340 Θεοῦ
460 2287 625 2353 λύων,
669 2286 757 2340 διά
806 2285 905 2355 τὴν
936 2283 1232 2353 παράδοσιν
1262 2283 1369 2336 τῶν
1407 2282 1735 2351 ἀνθρώπων,

148 2380 334 2433 καίτοι
395 2379 515 2431 οὐδὲ
590 2380 725 2431 πᾶσι
803 2376 972 2429 ταῦτα
1031 2377 1143 2435 τοῖς
1193 2375 1511 2443 νομοθέταις
1568 2373 1735 2433 δοκεῖ,

148 2472 270 2525 ἀλλ’
314 2472 363 2523 οἱ
415 2472 512 2540 μὶν
540 2472 669 2531 τοὺς
706 2470 899 2531 τόκους
927 2469 1276 2538 εἰσήνεγκαν,
1299 2468 1348 2519 ot
1377 2467 1420 2518 δ’
1448 2466 1732 2530 ἐξέϐαλον,

149 2562 295 2614 ὥστε
328 2562 378 2613 εί
412 2562 492 2614 δεῖ
517 2560 563 2613 τ’
592 2559 729 2614 ἄλλα
758 2560 995 2629 ἀφέντας
1017 2561 1147 2629 περὶ
1177 2559 1373 2613 τούτου
1400 2558 1730 2626 σκέψασθαι,

148 2655 219 2724 ἢν
249 2651 501 2704 ἐντεῦθεν
544 2651 877 2721 συγγνώμην
901 2651 1091 2710 έλαδες
1142 2651 1235 2715 ἂν,
1274 2648 1487 2701 ἐκεῖθεν
1526 2648 1739 2700 ἀπώλε-

153 2763 276 2808 σας,
302 2747 398 2796 καὶ
428 2745 491 2801 οὐ
516 2743 607 2796 διὰ
640 2743 866 2807 τούτους
908 2743 1012 2815 λύῃ
1066 2744 1291 2811 μᾶλλον,
1324 2742 1356 2813 ἢ
1396 2742 1463 2794 δι’
1493 2745 1736 2805 ἐκείνους

152 2835 462 2896 ὑπεύθυνος
486 2830 555 2887 εί.

225 2926 360 2990 Ναὶ,
415 2927 602 2995 φησιν,
655 2924 772 2978 ἀλλ’
799 2926 847 2977 οἱ
908 2924 1322 2993 συγχωροῦντες
1387 2924 1733 2996 παλαίτεροι,

150 3018 411 3073 Μάλιστα
447 3016 545 3084 μὲν
574 3016 774 3069 ἄτοπον
802 3017 851 3068 εἰ
875 3015 1035 3068 τοῦτο
1067 3015 1365 3083 ἀπολογίαν
1397 3017 1526 3085 ήγῇ,
1569 3016 1738 3069 καυά-

152 3126 265 3179 περ
308 3104 660 3177 φαυλοτέρων
690 3107 858 3159 ὄντων
896 3106 984 3160 ἀεὶ
1020 3105 1133 3158 τῶν
1156 3105 1459 3176 νεωτέρων.
1499 3108 1733 3161 Ἔπειτα

149 3201 274 3263 πῶς
302 3200 364 3252 οὐ
401 3200 540 3261 νοεῖς
581 3198 675 3252 καὶ
704 3197 912 3251 τούτων
959 3197 1039 3250 ἔτι
1073 3200 1338 3265 νεώτερος
1368 3196 1444 3251 ὢν
1476 3199 1639 3262 αὐτος
1675 3199 1733 3260 ὃς

150 3291 281 3351 τοὺς
303 3290 405 3357 μὲν
428 3288 727 3359 ὲγκρίνεις,
746 3288 871 3350 τοὺς
888 3286 932 3338 δ’
954 3282 1232 3351 ἐκϐάλλεις
1254 3287 1362 3341 τῶν
1390 3289 1700 3355 νομοθετῶν

154 3379 368 3446 Σκέψαι
402 3380 513 3449 γὰρ
536 3377 607 3441 ὡς
638 3380 993 3447 ἀρχαιότερος
1028 3378 1127 3447 μὲν
1158 3378 1254 3431 τοῦ
1288 3378 1527 3441 τιθέντος
1557 3381 1584 3431 ὁ
1605 3383 1730 3441 τοὺς

149 3473 356 3533 τόκους
387 3460 626 3541 ἐξαρχῆς
655 3469 863 3523 ἀνελὼν
897 3470 1221 3541 νομοθέτης,
1253 3470 1347 3523 σοῦ
1383 3472 1439 3523 δὲ
1490 3474 1583 3523 καὶ
1624 3473 1733 3523 τῶν

149 3564 264 3618 σῶν
295 3564 518 3634 ψήφων.
545 3566 573 3617 ὁ
597 3563 678 3631 τῷ
708 3561 838 3630 θείῳ
865 3562 1014 3630 νόμῳ
1040 3562 1384 3629 συνηγορῶν,
1405 3562 1546 3615 ὥστε
1580 3566 1624 3613 εί
1653 3563 1734 3614 δεῖ

149 3675 202 3710 τι
232 3657 311 3725 τῷ
344 3657 491 3724 νόμῳ
520 3654 612 3708 καὶ
639 3658 737 3724 τὴν
753 3656 1089 3724 ἀρχαιότητα
1112 3652 1462 3723 προστιθέναι
1489 3654 1731 3722 νομίζειν

149 3748 357 3808 αἱδους,
384 3746 667 3818 καὶταύτῃ
692 3746 842 3808 δίκας
869 3746 934 3799 ἂν
950 3745 1183 3816 ὀφείλοις
1204 3745 1313 3798 τῶν
1358 3746 1733 3815 ἀρχαιοτάτων

146 3838 534 3909 καταφρονῶν.

224 4016 439 4077 ῬΑλλως
474 4033 533 4067 τε
563 4006 685 4069 οὐδὲ
714 4017 839 4076 τοὺς
880 4015 1301 4086 συγχωροῦντας
1353 4017 1552 4079 αὐτοὺς
1590 4017 1731 4068 εἴποι

143 4129 241 4174 τις
276 4110 343 4163 ἂν
372 4108 613 4179 ἀκριὸῶς
650 4106 874 4159 σκοπῶν
916 4108 1030 4159 τῶν
1062 4108 1236 4158 τόκων
1286 4108 1365 4178 μὴ
1418 4109 1479 4160 οὐ
1534 4106 1732 4176 πολλὴν

142 4204 487 4275 αἰσχρότητα
512 4204 883 4272 καταγνῶναι,
916 4207 1009 4258 καὶ
1055 4202 1120 4275 δὴ
1164 4203 1376 4268 πολλοῖς
1410 4205 1731 4274 τεκμηρίοις

139 4297 297 4367 δῆλοι
329 4294 629 4349 nomen
659 4294 720 4348 τὸ
738 4297 973 4367 πρᾶγμα
998 4296 1203 4365 φαῦλον
1225 4297 1539 4368 ἡγούμενοι.
1574 4298 1731 4367 Πρῶ-

139 4405 240 4443 τον
281 4387 381 4457 μὲν
412 4388 519 4457 γάρ
548 4388 646 4440 οὐκ
670 4387 872 4455 ἐξεῖναί
908 4405 1074 4459 φησιν
1102 4389 1278 4443 οὐδενὶ
1336 4389 1446 4443 τῶν
1495 4391 1732 4458 ἀρίστων

1843 1902 2163 1957 discrimen.
2197 1904 2306 1957 Cur
2333 1916 2391 1958 te
2425 1921 2530 1959 non
2558 1908 2725 1976 pudet
2754 1923 2877 1961 cum
2937 1910 3187 1964 scelestis
3243 1909 3437 1964 Phari-

1842 1994 1967 2047 sicis
2002 1996 2317 2049 mandatum
2371 1996 2463 2050 hei
2529 1999 2744 2052 Solvere
2808 2009 3031 2069 propter
3081 2002 3434 2055 traditionem

1842 2086 2164 2139 hominum?
2198 2087 2261 2139 Et
2297 2097 2476 2142 tamen
2514 2104 2620 2141 non
2655 2092 2901 2143 omnium
2956 2091 3327 2157 legislatoutm
3355 2102 3440 2145 est

1840 2176 1984 2230 idem
2018 2177 2117 2230 hac
2158 2178 2213 2231 in
2265 2192 2322 2231 re
2381 2178 2686 2247 judicium,
2743 2180 2993 2256 idemque
3050 2196 3263 2235 sensus.
3299 2181 3441 2237 Sunt

1840 2265 1933 2336 qui
1968 2282 2164 2321 usuras
2215 2260 2676 2345 irttroduieruttt;
2746 2280 2872 2324 sunt
2915 2272 3009 2339 qui
3043 2269 3433 2341 proﬂigarunt:

1842 2368 1896 2411 ut
1926 2359 1971 2413 si
2007 2369 2201 2412 caetera
2238 2374 2433 2414 eorum
2464 2360 2713 2414 instituta
2749 2362 3067 2415 orrtittcntes
3094 2363 3231 2416 istuc
3259 2364 3433 2417 solum

1842 2448 2219 2517 inspiciamus,
2272 2453 2486 2504 veniam
2532 2451 2753 2507 aliunde
2809 2456 3009 2523 accipi,
3060 2454 3279 2508 aliunde
3335 2455 3434 2507 ad-

1840 2539 2004 2604 mitti,
2048 2550 2102 2594 ct
2134 2556 2238 2595 non
2273 2542 2447 2612 magis
2467 2557 2689 2612 propter
2719 2561 2856 2598 unos
2886 2552 2938 2598 te
2964 2545 3203 2599 crimine
3264 2545 3430 2613 solvi,

1839 2645 2001 2697 quam
2036 2640 2258 2699 prepter
2291 2632 2493 2686 alteros
2523 2633 2751 2703 astringi
2799 2634 3109 2689 videamus.

1913 2922 2108 2981 Etiam,
2149 2921 2346 2991 inquit.
2384 2923 2487 2977 Sed
2520 2924 2612 2992 qui
2657 2925 3003 2993 permittunt,
3034 2928 3243 2997 antiqui
3281 2940 3433 2985 sont.

1842 3013 1954 3067 Hoc
1989 3024 2041 3067 tu
2067 3014 2456 3071 absurdissime
2487 3014 2552 3067 ad
2578 3018 2945 3085 patrocinium
2974 3022 3242 3085 assumis,
3273 3023 3431 3090 quasi

1841 3107 2080 3159 minores
2117 3122 2212 3161 seu
2244 3108 2447 3177 posteri
2477 3123 2695 3175 semper
2724 3110 3023 3163 deteriores
3055 3113 3187 3167 sint.
3218 3115 3421 3169 Deinde

1839 3198 2113 3266 quomodo
2179 3213 2285 3253 nOn
2333 3200 2748 3265 animadvertis,
2786 3203 3018 3271 teipsutn
3074 3218 3294 3272 quoque
3337 3206 3431 3274 ju-

1806 3289 2046 3343 ‘ttiorcm
2094 3291 2197 3344 illis
2243 3307 2388 3364 esse,
2443 3294 2536 3361 qui
2593 3294 2963 3362 legislatorum
3023 3298 3158 3352 alios
3222 3300 3432 3369 seligis,

1837 3381 1973 3434 alios
2016 3383 2312 3450 t'cpndias?
2368 3384 2689 3449 Considera,
2748 3387 2967 3452 amabo,
3033 3405 3237 3458 quanto
3292 3395 3432 3446 anti-

1838 3472 1998 3537 quior
2034 3473 2346 3540 legislatore
2379 3484 2469 3529 tuo
2518 3475 2606 3529 ille
2644 3476 2940 3545 legislatOr,
2971 3480 3062 3549 qui
3097 3496 3126 3533 a
3158 3481 3434 3550 principio

1840 3580 2037 3617 usuras
2059 3566 2357 3631 interdixit,
2382 3578 2432 3620 te
2460 3583 2588 3621 vero
2617 3568 2834 3638 tuisque
2850 3571 3075 3627 calculis
3098 3573 3291 3627 divinte
3324 3577 3428 3645 legi

1838 3656 2178 3724 Sttﬂ'r'agtttor.
2212 3655 2393 3721 Quzcre
2439 3658 2483 3709 si
2536 3658 2636 3724 legi
2687 3660 2929 3713 addenda
2973 3668 3060 3714 est
3104 3661 3429 3731 antiquitas,

1836 3760 1888 3802 ct
1913 3766 2029 3803 cum
2055 3750 2118 3801 ad
2180 3750 2538 3804 reverentiam
2600 3752 2747 3806 illius
2779 3754 3049 3822 pertinere
3101 3754 3425 3809 existiman-

1838 3843 1988 3903 dum,
2024 3847 2124 3894 hoc
2154 3857 2373 3909 quoque
2414 3857 2629 3910 ptenam
2692 3847 3093 3911 commeruisti,
3125 3846 3216 3916 qui
3279 3848 3429 3915 quod

1838 3932 2280 3995 antiquissimum
2336 3941 2437 3993 est,
2479 3932 2739 4000 despicis.

1905 4023 2173 4076 l’rmtrrea
2209 4023 2299 4090 qui
2333 4024 2572 4091 penititts
2627 4041 2738 4077 rem
2784 4026 3108 4087 intuebitur,
3175 4028 3434 4082 fatebitur

1835 4127 1929 4164 cos
1960 4115 2106 4181 ipsos
2137 4114 2228 4180 qui
2273 4130 2492 4166 usuram
2522 4116 2851 4177 concedunt,
2892 4120 3143 4171 eamdem
3184 4129 3239 4173 ut
3267 4119 3433 4190 longe

1837 4205 2314 4274 probrosissimam
2349 4206 2733 4261 condemnare.
2770 4207 2951 4263 Multis
3011 4223 3144 4263 sane
3208 4211 3428 4267 inlitiis

1835 4306 1887 4349 et
1918 4297 2062 4350 clare
2091 4296 2490 4357 demonstrant,
2530 4313 2587 4351 se
2616 4300 2680 4351 de
2704 4299 2794 4353 illa
2854 4302 2995 4354 male
3046 4304 3271 4357 sentire.
3304 4303 3430 4358 f'ri-

1838 4401 1982 4440 mum
2012 4386 2254 4440 omnium
2292 4404 2397 4441 non
2451 4388 2613 4443 licere
2640 4389 2715 4443 ait
2774 4390 2857 4443 lex
2920 4391 3013 4445 nlli
3076 4395 3425 4463 optimatum,

137 4482 273 4535 οὐδὲ
300 4478 411 4531 τῶν
441 4479 624 4549 ιερῶν,
656 4481 752 4533 καὶ
788 4472 867 4543 οἷς
894 4479 950 4533 δὲ
989 4480 1297 4550 ἐπέτρεψαν
1354 4483 1465 4543 τοῖς
1516 4483 1727 4552 χείροσι

1839 4494 2012 4547 neque
2058 4481 2398 4533 sacerdotum
2475 4480 2732 4534 l'encrari.
2786 4483 2995 4548 Quibus
3061 4496 3242 4539 autem
3305 4503 3428 4555 per-

141 4574 253 4644 μὲν
280 4571 473 4640 πλείω,
504 4574 611 4635 τοί,
646 4571 876 4642 βελτίοσι
908 4573 965 4626 δὲ
1012 4574 1218 4626 ἐλάττω
1250 4573 1565 4644 λαμϐάνειν.
1606 4568 1731 4641 'Ap’

138 4661 244 4717 οὖν
278 4661 442 4714 καλὸν
470 4661 701 4730 ἡγοῦντο
727 4663 857 4727 τοὺς
897 4664 1089 4724 τόκους
1122 4666 1215 4731 (al.
1246 4664 1464 4733 νόμους)
1488 4664 1590 4715 ,καὶ
1648 4663 1732 4714 δί-

142 4773 329 4820 καιον,
361 4755 497 4817 ὅλως
526 4756 585 4808 δὲ
631 4754 862 4823 νόμονῆ
912 4754 1021 4808 τῶν
1076 4756 1139 4808 οὐ
1192 4756 1311 4809 λίαν
1361 4755 1602 4826 αἰσχρῶν
1657 4750 1730 4808 ὧν

140 4849 430 4915 ἀπάγουσι
463 4847 571 4899 τῶν
601 4847 811 4917 ἀνδρῶν
842 4850 969 4909 τοὺς
1003 4848 1243 4914 ἀγαθούς
1267 4865 1279 4913 ;
1306 4848 1488 4916 νόμων
1513 4847 1621 4915 γάρ
1654 4844 1730 4899 οἶ-

145 4957 276 5011 μαι,
308 4939 402 4991 καὶ
429 4937 482 4989 εἴ
504 4956 558 4990 τι
598 4939 797 5007 σεμνὸν
845 4939 902 4990 ἐν
961 4941 1079 5001 ταῖς
1127 4940 1316 4991 πόλεσι
1370 4939 1571 5007 μᾶλλον
1629 4940 1728 5006 μὲν

143 5033 455 5102 προσήκειν
486 5029 593 5082 τῶν
614 5029 843 5082 πολιτῶν
872 5032 979 5091 τοῖς
1012 5024 1279 5099 ἀρίστοις,
1306 5026 1466 5101 ἦττον
1511 5029 1595 5081 δὲ’
1619 5034 1729 5093 τοῖς

144 5128 384 5196 χείροσι,
427 5123 520 5176 καὶ
549 5124 658 5184 τοῖς
688 5122 787 5190 μὲν
816 5122 1053 5190 πρώτοις
1082 5124 1133 5174 οί
1159 5123 1445 5192 νομοθέται
1463 5124 1731 5190 διαλέγον-

145 5234 266 5281 ται,
294 5215 569 5285 δευτέροις
600 5214 655 5267 δὲ
674 5217 784 5276 τοῖς
809 5215 1057 5267 ἐλάττοσι
1083 5214 1161 5284 τῷ
1186 5218 1309 5277 τοὺς
1336 5214 1434 5283 μὲν
1455 5215 1730 5284 ἡγεμόνας

144 5308 248 5362 τοῦ
279 5308 490 5369 δέοντος
517 5302 678 5371 εἶναι,
708 5306 833 5368 τοὺς
860 5304 917 5357 δὲ
964 5305 1262 5375 ἑπομένους
1309 5306 1617 5373 φυλάττειν,
1646 5308 1729 5356 ὲν-

142 5398 328 5452 ταῦθα
374 5396 431 5449 δὲ
454 5397 762 5449 τούναντίον
788 5395 931 5448 ἆπαν
965 5397 1103 5460 ἐστὶ,
1130 5397 1223 5448 καὶ
1253 5397 1426 5448 τόκων
1455 5398 1731 5465 ἡγήσαντο

149 5490 253 5561 μὲν
289 5489 339 5541 οί
379 5487 776 5557 μοχθηρότατοι
807 5488 915 5539 τῶν
962 5486 1284 5555 ἀνθρώπων,
1322 5488 1615 5541 ἓπονταιδὲ
1649 5482 1728 5551 οἷς

144 5581 327 5636 ἔνεστί
356 5596 409 5632 τι
443 5579 552 5629 τῶν
579 5579 794 5647 τρόπων
828 5577 1059 5642 τούτων,
1092 5578 1182 5629 καὶ
1230 5578 1471 5646 τοσούτῳ
1526 5578 1728 5645 μᾶλλον

144 5679 260 5744 ὅσῳ
295 5674 394 5743 τῆς
430 5674 664 5739 ἐσχάτης
714 5671 1043 5739 κακοηθείας
1104 5669 1240 5721 εἰσὶν
1293 5673 1593 5739 ἐγγυτέρω.
1630 5672 1801 5722 Διά-ν·

147 5768 324 5821 ταῦτα
361 5764 457 5818 καὶ¹
488 5766 597 5826 τοῖς
620 5762 936 5833 νομοθέταις
965 5760 1106 5813 οὕτω
1137 5760 1341 5830 γράψαι
1373 5762 1499 5830 περὶ
1525 5762 1727 5815 τούτων

1839 4570 2103 4631 mittatur,
2138 4570 2188 4623 ιιι
2220 4570 2303 4623 ltis
2331 4570 2492 4625 licere
2522 4571 2806 4626 vilioribus
2833 4589 2896 4627 ac
2920 4574 3127 4642 plebeis
3159 4578 3427 4645 majorem

1837 4675 2083 4724 usuram,
2143 4660 2464 4715 melioribus
2520 4672 2575 4714 ct
2643 4664 3094 4719 honoratioribns
3154 4668 3426 4722 minorem

1835 4751 2101 4819 accipere.
2150 4751 2229 4804 An
2288 4753 2386 4816 illi,
2444 4754 2700 4815 obsecro,
2776 4754 2914 4809 lianc
2965 4756 3136 4824 legem
3199 4760 3429 4814 otnnino

1835 4846 2029 4911 tegent,
2062 4852 2114 4897 et
2147 4842 2302 4899 fenus
2328 4846 2526 4898 bonum
2569 4848 2885 4917 acjustum,
2932 4863 3001 4901 an
3040 4860 3199 4918 turpe
3244 4852 3428 4920 potius

1833 4938 2151 5004 credebant,
2191 4955 2219 4990 a
2249 4954 2360 5007 quo
2410 4940 2557 4991 viros
2620 4939 2795 4994 bonos
2857 4942 3184 5009 excipiunt?
3216 4942 3424 5012 Opinor

1834 5031 1980 5082 cnim
2018 5030 2188 5097 leges,
2224 5029 2324 5082 etsi
2384 5028 2519 5094 quid
2562 5030 2851 5084 honestum
2907 5046 2971 5085 ac
3029 5043 3280 5087 sanctum
3337 5045 3425 5089 est

1836 5118 2165 5180 incivitate,
2200 5118 2376 5185 magis
2431 5125 2627 5173 decere
2670 5119 2911 5187 optimos
2969 5120 3195 5187 civium,
3256 5140 3421 5193 quant

1835 5213 2023 5262 lmcent
2065 5208 2233 5276 vulgi.
2277 5208 2354 5260 Ac
2386 5207 2453 5261 de
2481 5208 2589 5261 illis
2647 5208 2864 5278 quidem
2922 5211 2974 5263 in
3036 5215 3229 5280 primis
3262 5214 3435 5286 lcgiss

1833 5303 2033 5356 latores
2092 5302 2412 5369 loquuntur,
2452 5305 2516 5355 de
2566 5301 2767 5357 inlimis
2818 5305 3056 5359 secundo
3084 5306 3225 5371 loco,
3275 5307 3422 5376 quod

1836 5392 1911 5446 illi
1949 5392 2204 5446 nimirum
2269 5392 2324 5445 in
2385 5392 2597 5461 legibus
2646 5396 2931 5451 servandis
2979 5398 3212 5451 aliorum
3256 5400 3423 5454 duces

1833 5500 1953 5539 esse
1981 5483 2235 5547 debeant,
2267 5497 2407 5552 quos
2462 5486 2705 5553 ipsorum
2736 5489 2979 5559 vestigiis
3035 5492 3291 5545 convertit
3345 5494 3427 5546 in-

1832 5578 2045 5631 sistere.
2078 5574 2175 5627 llic
2202 5586 2392 5629 autem
2429 5577 2587 5645 plane
2616 5594 2776 5633 secus
2809 5582 3012 5646 evenit,
3056 5592 3111 5636 et
3177 5585 3230 5637 in
3256 5600 3426 5639 usura

1834 5667 2224 5737 improbissimi
2286 5670 2598 5723 mortalium
2662 5675 3023 5741 praecedunt;
3094 5686 3424 5745 sequuntur.

1834 5763 2033 5833 quibus
2060 5761 2319 5831 quiddam
2366 5780 2580 5821 ruerunt
2614 5766 2845 5829 istorum
2897 5770 3157 5828 adhaeret.
3191 5785 3244 5827 et
3276 5784 3430 5827 tanto
