4140 6318
700 338 809 401 τω

1967 332 2273 411 ΝιβοιΑι
2322 317 2712 391 cumst

3864 314 3970 385 ιιι

703 447 1125 518 magis,quanto
1175 462 1442 518 suprema:
1477 449 1729 518 pravitati
1786 461 1912 503 sunt
1962 449 2271 503 viciniores.

2400 446 2523 508 ἶδνιξε
2564 446 2692 501 δεῖν.
2755 444 2994 496 samem
3053 444 3147 512 τὴν
3200 443 3462 511 τοοιηρίαν
3509 443 3602 495 τοῦ
3637 438 3971 509 “spirits-no:

702 537 929 602 Idcirco,
962 554 1086 592 cum
1110 540 1514 609 legislatoribus
1548 541 1724 595 visum
1754 542 1822 595 sit
1847 541 1917 593 ita
1968 542 2282 600 decernere,

704 631 782 683 rei
837 631 1164 697 perversitas
1198 630 1322 684 inde
1370 641 1614 700 apparet.
1672 631 1931 687 Pessitnis
1996 633 2285 701 plurimum

714 720 975 781 fenerari,
1012 723 1233 789 optimis
1262 736 1601 791 nequaquam
1630 726 1782 777 aiunt
1810 725 2100 779 convenire
2126 743 2138 790 ;
2164 725 2287 777 reli-

708 811 859 877 quis,
896 823 1005 878 quo
1029 811 1143 864 sint
1185 812 1457 879 meliores,
1496 826 1561 865 eo
1600 826 1629 864 a
1684 815 1868 867 fenore
1921 814 2093 883 magis
2150 824 2287 866 tem-

706 912 899 977 perare
927 916 941 963 ;
974 916 1081 968 quo
1119 902 1456 963 vitiosiores,
1482 917 1548 955 eo
1578 917 1636 957 se
1669 902 1721 956 in
1787 904 1837 957 id
1877 906 2050 971 magis
2117 903 2291 957 etl‘un—

707 993 858 1044 dere.
900 989 1137 1055 Quinam
1181 1007 1374 1046 usuras
1400 995 1667 1062 quispiam
1728 994 1973 1049 strictius
2013 1004 2174 1059 vetet,
2235 1005 2291 1049 et

709 1097 740 1132 ε
773 1083 1049 1151 republica
1090 1084 1414 1152 proscrihat,
1467 1101 1628 1154 quam
1694 1086 2002 1140 istiusmodi
2040 1086 2291 1154 legibus?

707 1170 1061 1227 Feneratores
1094 1173 1295 1244 quippe
1329 1190 1425 1242 per
1465 1176 1712 1231 homines
1755 1177 2034 1245 improbos
2083 1176 2287 1245 quibus

706 1261 847 1315 hanc
876 1263 1153 1317 licentiam
1188 1266 1533 1333 impertiunt,
1559 1269 1926 1332 dedecorant;
1960 1276 2013 1321 et
2043 1268 2144 1321 hoc
2187 1266 2291 1321 illis

706 1352 1034 1420 supplicium
1068 1353 1337 1424 irrogatur
1368 1357 1508 1425 apud
1539 1371 1635 1410 eos
1682 1356 1778 1426 qui
1840 1357 2173 1426 patrocinari
2218 1358 2295 1409 vi-

704 1442 931 1498 dentur.
972 1443 1191 1500 Etenim
1228 1449 1525 1515 ignominia
1560 1464 1775 1517 quoque
1807 1449 2133 1503 criminibus
2160 1463 2296 1501 non-

707 1536 873 1589 nullis
896 1537 1169 1604 quondant
1215 1553 1309 1605 pro
1363 1554 1522 1607 paena
1554 1540 1916 1610 inﬂigchatur,
1944 1550 1995 1595 et
2025 1556 2085 1595 ea
2120 1539 2294 1594 Graeci

706 1628 909 1682 multos
990 1628 1411 1685 scelestissimos
1501 1635 1991 1701 prosequebantur,
2048 1632 2295 1688 ambula-

713 1721 957 1789 bantque
987 1722 1242 1790 infames,
1284 1733 1337 1781 et
1376 1743 1496 1794 qua:
1551 1728 1629 1779 vel
1672 1727 1726 1779 in
1764 1727 2155 1793 rempublicam
2209 1721 2293 1781 vel

713 1810 769 1863 in
847 1815 1117 1879 privatum
1205 1819 1581 1881 admisissent,
1665 1818 1757 1870 tali
1819 1816 2293 1871 animadversione

706 1900 952 1970 piabant.
1009 1904 1117 1959 Nec
1178 1908 1358 1977 inepte
1413 1909 1645 1963 infames
1713 1910 1966 1971 reddunt,
2009 1909 2136 1963 dum
2172 1922 2293 1976 qua:

710 1995 1031 2050 melioribus
1065 1998 1357 2052 interdicta
1391 2011 1539 2064 sunt,
1569 2014 1759 2053 eorum
1818 2000 1924 2053 illis
1971 2009 2289 2069 potestatem

709 2082 1031 2150 largiuntur.
1064 2085 1309 2140 Paridem
1346 2086 1544 2141 fabulae
1580 2098 1808 2142 narrant
1865 2090 2011 2156 pomi
2078 2089 2294 2155 adiudi-

708 2175 927 2228 catione
951 2177 1176 2231 dearum
1211 2180 1636 2247 pulcherrimam
1694 2181 2025 2235 oﬂ‘endisse:
2064 2182 2116 2234 hi
2171 2196 2295 2235 vero

713 2265 869 2319 lucro
901 2267 1071 2335 impio
1096 2272 1482 2343 permittendo,
1508 2272 1754 2325 homines
1791 2273 2108 2327 inhonestos
2132 2280 2295 2341 atque

711 2354 988 2423 improbos
1066 2359 1362 2414 declarant.
1433 2364 1500 2415 Et
1576 2372 1635 2415 ut
1724 2364 2103 2416 indumentum
2188 2366 2294 2418 vile

711 2447 1103 2516 putridumqne
1178 2452 1331 2505 dives
1404 2452 1587 2506 nullus
1654 2464 1945 2522 aspexerit,
2016 2456 2297 2510 mendicus

712 2551 905 2594 contra
939 2540 1071 2593 illud
1104 2544 1354 2610 accipiat,
1385 2554 1437 2598 et
1466 2559 1531 2599 eo
1558 2561 1617 2599 se
1647 2552 1897 2614 contegat
1924 2561 1938 2597 :
1967 2546 2048 2599 sic
2081 2546 2290 2599 lucrmn

707 2644 778 2682 ex
813 2646 976 2685 usura
1002 2643 1240 2702 partum,
1270 2636 1419 2689 velut
1455 2652 1484 2690 e
1516 2638 1744 2690 cordace
1799 2639 2127 2702 (saltationis
2197 2641 2297 2691 im-

713 2720 925 2788 pudicae
979 2737 1151 2789 genus
1193 2727 1294 2792 est)
1346 2733 1491 2777 ante
1550 2735 1866 2791 stuprorum
1924 2726 2296 2792 perpessione,

710 2822 808 2865 aut
852 2826 884 2865 e
937 2828 998 2867 re
1048 2814 1232 2883 aliqua
1295 2817 1506 2873 impura
1563 2814 1892 2872 mercedem.
1955 2816 2081 2868 boni
2139 2816 2298 2869 malis

713 2906 1014 2961 dimittunt.
1076 2907 1192 2973 Qua
1242 2924 1401 2977 paena
1460 2925 1582 2978 qua:
1640 2911 1855 2962 tandem
1912 2910 2195 2977 acerbior,
2252 2912 2297 2965 si

715 3012 842 3051 vere
875 2999 1035 3051 homo
1068 3001 1168 3062 sis,
1199 3016 1252 3053 et
1288 3016 1409 3069 quae
1462 3001 1737 3055 hominem
1802 3001 2000 3054 decent
2065 3003 2299 3069 appetis.

715 3099 899 3143 etnon
937 3091 988 3143 in
1024 3090 1264 3145 humana
1314 3092 1483 3162 tignra
1548 3110 1697 3147 suem
1756 3094 2027 3148 imitaris?
2083 3094 2298 3162 Perspi-

715 3195 879 3233 cuum
907 3190 988 3234 est
1016 3180 1185 3249 igitur
1211 3198 1433 3238 usuram
1467 3200 1567 3240 nec
1594 3186 1740 3255 ipsos
1776 3186 1869 3254 qui
1929 3201 2047 3240 eam
2102 3201 2295 3240 conce-

718 3272 854 3325 dunt
882 3282 1033 3326 extra
1055 3275 1265 3328 crimen
1299 3290 1521 3343 ponere.

790 3362 929 3428 Quid
987 3379 1121 3433 ergo
1173 3367 1244 3419 ita
1294 3367 1591 3420 sanciunt?
1642 3367 1837 3436 inquit.
1894 3367 2292 3436 lmprobitatem

719 3465 864 3508 tuam
896 3458 1141 3511 terminis
1174 3457 1650 3527 circumscribunt,
1678 3478 1745 3516 ne
1775 3462 1873 3529 ipsi
1900 3464 2034 3517 sorti
2064 3462 2293 3531 aequale,
2334 3486 2339 3489 -

718 3556 813 3599 aut
845 3547 1004 3614 paulo
1035 3546 1219 3601 minus
1282 3548 1541 3617 accipias,
1573 3551 1666 3604 sed
1727 3551 1927 3615 discas,
1984 3566 2294 3621 quanquam

721 3636 948 3697 invitus,
979 3637 1330 3692 mediocriter
1372 3654 1492 3693 esse
1529 3656 1763 3708 nequam
1798 3659 1811 3694 :
1842 3645 2117 3711 quomodo
2169 3646 2293 3698 item

721 3730 1094 3797 petulantibus
1133 3728 1349 3785 femina:
1372 3733 1668 3787 meritoria:
1734 3735 2143 3802 permittuntur,
2194 3751 2298 3790 nec

721 3820 956 3875 urbibus
981 3822 1361 3887 exturbantur,
1395 3823 1461 3877 ad
1514 3824 1689 3897 majus
1738 3825 1938 3878 tnalnm
1995 3828 2295 3881 cavendum

721 3910 992 3973 videlicet,
1032 3926 1101 3965 ne
1130 3920 1424 3981 nuptarum
1475 3914 1734 3982 pudicitia
1768 3914 2029 3970 insidiose
2071 3924 2299 3971 attente-

723 4010 835 4054 tur.
868 4001 1026 4067 Quod
1080 4002 1207 4057 inde
1269 4004 1459 4058 claret.
1520 4005 1734 4059 Etenim
1787 4009 2035 4060 concessi
2098 4005 2299 4063 fenoris

722 4095 941 4148 modum
1028 4095 1307 4150 transilire
1386 4105 1698 4158 vetuerunt,
1789 4098 1931 4150 intra
1983 4099 2199 4152 modum
2242 4115 2301 4154 se

725 4195 909 4240 tenere
940 4187 1164 4240 minime
1212 4193 1522 4241 vetuerunt.
1577 4186 1642 4241 Et
1686 4188 1899 4241 danista
1955 4189 2073 4258 plus
2134 4204 2297 4258 quam

724 4276 1080 4331 constitutum
1112 4286 1195 4331 est
1233 4291 1341 4329 non
1371 4278 1619 4347 accipiet,
1671 4280 1883 4332 etiamsi
1935 4283 2297 4350 syngrapham

724 4368 999 4431 exhibeat,
1031 4376 1079 4421 et
1110 4368 1378 4423 obmratns
1409 4370 1460 4422 id
1520 4371 1675 4423 valde
1727 4373 2097 4438 spopoaderit.
2156 4373 2298 4427 Idem

2390 538 2621 597 καὶτοῖς
2660 535 2758 603 μὲν
2812 535 3169 601 φαυλοτάτοις
3218 536 3327 586 τῶν
3364 534 3573 604 ἀνδρῶν
3632 534 3873 585 πλεῖστα
3906 530 3968 599 δὴ

2390 627 2688 694 προσήκειν
2722 631 2852 692 φασὶ
2875 627 3072 685 τόκων.
3107 626 3309 693 ἣκιστα
3329 625 3384 677 δὲ
3413 627 3526 686 τοῖς
3561 622 3833 693 ἀρίστοις,
3862 620 3969 669 τῶν

2388 718 2434 769 δ’
2464 718 2639 769 ἄλλων
2670 717 2777 782 ὅσῳ
2808 718 2904 785 μὲν
2936 719 3302 787 χρηστότητος
3339 716 3586 783 περίεστι
3612 714 3858 781 τρόπων,
3885 724 3973 759 το-

2393 811 2550 862 σοῦτο
2577 811 2854 862 καὶτόκων
2872 812 3117 876 ἀπεῖναι,
3153 810 3261 875 ὅσῳ
3286 808 3342 860 δὲ
3376 810 3594 877 μέτεστι
3628 803 3965 875 μοχθηρίας.

2388 902 2609 955 τοσοῦτο
2634 902 2728 954 καὶ
2749 903 2922 953 τόκων
2956 905 3219 971 μετεῖναι.
3246 901 3352 953 Καὶ
3378 900 3492 963 πῶς
3532 900 3597 953 ἄν
3640 914 3723 958 τις
3765 893 3975 963 μᾶλλον

2391 997 2593 1047 ἀπεῖπε
2618 994 2809 1057 τόκους
2841 994 2934 1047 καὶ
2958 997 3056 1063 τῆς
3088 993 3357 1054 πολιτείας
3386 989 3694 1058 ἐξέϐαλενῆ
3736 985 3976 1038 τοιαῦτα

2391 1086 2732 1153 νομοθετῶν;
2762 1088 2839 1138 Δι’
2878 1079 2953 1138 ὧν
2971 1087 3079 1156 γὰρ
3132 1084 3349 1152 φαύλων
3390 1081 3596 1149 ἀνδρῶν
3630 1080 3873 1132 τίθενται
3913 1077 3975 1129 τὸ

2391 1175 2531 1227 οὕτω
2561 1176 2861 1244 κερδαίνειν
2909 1176 3036 1236 τοὺς
3064 1176 3317 1235 τοκιστάς
3358 1171 3686 1242 ἀτιμάζουσι
3715 1169 3820 1239 (al.
3857 1170 3977 1222 ἀτι-

2396 1268 2578 1337 μοῦσι)
2603 1269 2874 1320 καὶτοῦτο
2905 1267 3121 1329 κόλασίς
3147 1268 3296 1319 ἔστιν
3322 1266 3506 1327 αὐτοῖς
3567 1265 3717 1333 παρά
3746 1257 3861 1322 τοῖς
3892 1261 3977 1311 δο-

2395 1360 2551 1413 κοῦσι
2610 1362 2964 1429 συνηγορεῖν·
3016 1358 3238 1428 καὶγὰρ
3288 1356 3384 1409 καὶ
3414 1354 3608 1423 ἀτιμία
3654 1352 3714 1404 τὸ
3739 1353 3975 1421 ἀρχαῖον

2393 1451 2557 1513 ἐνίοις
2582 1450 2690 1503 τῶν
2722 1451 3092 1521 ἐγκλημάτων
3116 1451 3302 1503 ἔκειτο
3333 1448 3481 1513 δίκη,
3510 1448 3605 1499 καὶ
3635 1445 3831 1496 τούτου
3861 1442 3976 1494 τῶν

2397 1542 2781 1613 πονηροτάτων
2844 1543 3056 1605 πολλοῖς
3089 1545 3359 1612 ἐτίμησαν
3384 1540 3664 1607 Ἕλληνες,
3701 1537 3798 1589 καὶ
3819 1550 3977 1601 περι·-

2394 1632 2564 1701 ῄεσαν
2625 1633 2812 1701 ἄτιμοι
2850 1634 3007 1700 δίκην
3055 1630 3201 1684 τοῦτ’
3233 1632 3362 1683 αὐτὸ
3385 1631 3635 1690 διδόντες,
3667 1620 3742 1678 ὧν
3777 1627 3854 1685 εἰς
3876 1622 3976 1690 τὴν

2398 1726 2551 1776 πόλιν
2581 1727 2614 1794 ἡ
2646 1743 2766 1777 τινα
2803 1726 2913 1778 τῶν
2948 1725 3173 1778 ἰδιωτῶν
3233 1724 3538 1793 ἐξήμαρτον
3558 1739 3570 1751 ·
3600 1720 3696 1772 καὶ
3744 1718 3977 1776 τοῧτους

2396 1816 2503 1886 γὰρ
2526 1817 2752 1885 ἀτίμους
2781 1817 3039 1879 επιεικῶς
3070 1817 3434 1882 ἀποφαίνουσι
3459 1814 3526 1867 δι’
3558 1807 3633 1865 ὧν
3675 1810 3711 1863 ἃ
3739 1811 3856 1871 τοῖς
3896 1825 3987 1860 τιοη

2398 1910 2545 1975 μίοις
2580 1908 2848 1978 ἀπείρητο
2880 1908 2988 1959 τῶν
3022 1907 3235 1977 ἀνδρῶν
3274 1909 3453 1967 αὐτοῖς
3485 1902 3856 1974 συγχωροῦσι,
3881 1902 3974 1953 καὶ

2394 1998 2487 2050 τὸν
2516 1998 2613 2065 μὲν
2655 1998 3001 2067 Ἀλέξανδρον
3033 2000 3061 2050 ό
3092 1998 3261 2067 μῦθος
3290 1993 3409 2050 εἷπε
3435 1999 3500 2065 τῇ
3533 1995 3627 2047 τοῦ
3667 1994 3845 2061 μήλου
3873 1991 3977 2043 δω-

2401 2088 2496 2154 ρεᾷ
2522 2084 2689 2150 δεῖξαι
2719 2086 2817 2153 τὴν
2840 2087 3035 2155 καλήν.
3077 2088 3141 2139 Οί
3177 2086 3233 2139 δὲ
3264 2087 3388 2147 τοὺς
3420 2085 3682 2153 αἰσχροὺς
3711 2083 3807 2134 καὶ
3836 2081 3978 2148 φαύ-

2395 2178 2521 2239 λους
2555 2177 2627 2247 τῷ
2659 2177 2841 2238 κακῶς
2873 2178 3175 2247 κερδαίνειν
3197 2178 3430 2246 ἐφεῖναι,
3457 2176 3549 2227 καὶ
3576 2174 3831 2239 καθάπερ
3852 2174 3979 2239 ίμά-

2395 2287 2509 2321 τιον
2534 2270 2748 2329 εὐτελὲς
2798 2270 2892 2320 καὶ
2922 2270 3130 2338 σαπρὸν
3158 2270 3266 2321 τῶν
3295 2270 3395 2336 μὲν
3430 2268 3681 2334 εὐπόρων
3713 2266 3844 2316 ἰδεῖν
3868 2261 3977 2316 οὐδ’

2400 2362 2671 2428 ἀνάσχοιτ’
2694 2361 2760 2413 ἂν
2788 2362 2986 2425 οὐδεὶς,
3016 2366 3244 2430 πένητος
3266 2360 3308 2411 δ’
3332 2360 3396 2411 ἂν
3421 2360 3505 2427 εἴη
3548 2354 3853 2424 δυστυχοῦς
3887 2353 3981 2405 καὶ

2400 2452 2686 2506 ἀνελέσθαι
2728 2455 2819 2505 καὶ
2851 2452 3270 2521 περιϐαλέσθαι.
3298 2454 3389 2503 τὸν
3427 2451 3540 2502 ἴσον
3574 2450 3775 2517 τρόπον
3809 2446 3901 2497 καὶ
3923 2447 3982 2497 το

2398 2546 2547 2611 παρὰ
2575 2544 2682 2597 τῶν
2706 2546 2875 2597 τόκων
2907 2546 3117 2613 κέρδος,
3149 2545 3334 2613 ὥσπερ
3369 2545 3476 2596 ἀπο
3526 2542 3794 2611 κόρδακυς
3826 2540 3859 2607 ἢ
3898 2538 3984 2605 μί-

2399 2638 2591 2704 σθωμα
2640 2638 2671 2704 ἢ
2704 2637 2828 2687 5).).0
2878 2655 2929 2688 τι
2953 2639 3059 2688 τῶν
3090 2637 3328 2705 αἰσχρῶν
3355 2638 3465 2698 τοῖς
3498 2634 3721 2701 φαύλοις
3745 2633 3984 2700 ἀπέρρι-

2398 2731 2525 2796 Qui),
2556 2730 2651 2780 καὶ
2678 2731 2754 2789 τίς
2777 2712 2855 2780 ’ἂν
2888 2727 3011 2797 δι’κη
3043 2728 3253 2793 γένοιτο
3273 2726 3466 2796 χείρων
3500 2728 3645 2786 εἴτις
3668 2724 3742 2784 ὠς
3764 2722 3985 2789 ἀληθῶς

2399 2822 2683 2890 ἄνθρωπος
2717 2824 2807 2873 καὶ
2840 2822 2938 2883 τὰς
3001 2819 3275 2888 ἀνθρώπῳ
3331 2822 3643 2887 πρεπούσας
3683 2815 3983 2879 ἐπιθυμίας

2401 2912 2534 2980 ἔχει,
2566 2913 2658 2963 καὶ
2679 2917 2753 2982 μὴ
2778 2913 2909 2980 πρὸς
2940 2910 3038 2980 τὴν
3068 2912 3175 2961 ὑῶν
3214 2909 3479 2979 ἁρμονίαν
3513 2911 3791 2979 Ιἡρμοσται
3821 2926 3837 2973 ;
3875 2908 3984 2958 Φα-

2402 3006 2556 3067 vaga»
2587 3006 2767 3057 τοίνυν
2797 3004 2871 3065 ὡς
2901 3004 3011 3055 οὐδ’
3038 3005 3084 3055 oi
3107 3000 3516 3072 συγχωροῦντες
3542 3003 3695 3053 αὐτοὶ
3724 3000 3850 3062 τοὺς
3898 2999 3985 3051 τό·

2407 3113 2531 3157 κους
2566 3096 2744 3157 αἰτίας
2784 3096 3000 3161 ἀφιᾶσι.

2467 3357 2534 3412 Τί
2565 3358 2657 3411 οὖν
2691 3358 3039 3429 νομοθετοῦσι
3062 3360 3281 3429 ;φησίν.
3302 3360 3503 3430 Ὄρους
3534 3359 3774 3423 τιθέντες
3800 3365 3869 3430 τῇ
3894 3378 3987 3413 πο-

2397 3450 2560 3522 νηρίᾳ
2586 3452 2672 3504 ἵνα
2707 3452 2771 3504 σὺ
2813 3452 2889 3521 μὴ
2922 3451 3029 3503 τῶν
3053 3450 3296 3521 ἀρχαίων
3324 3452 3497 3514 ῐσους,
3532 3452 3565 3518 ἢ
3595 3452 3795 3521 μικρὸν
3831 3452 3987 3505 ἐλάτ-

2395 3560 2521 3604 τους
2547 3543 2849 3616 λαμδάνῃς,
2880 3543 2996 3597 ἀλλ’
3038 3544 3185 3613 είδῇς
3218 3545 3311 3595 καὶ
3354 3544 3506 3597 ἄκων
3561 3545 3799 3615 μετρίως
3842 3541 3987 3597 εἶναι

2402 3636 2710 3705 μοχθηρός·
2752 3635 3005 3704 καθάπερ
3065 3636 3157 3688 καὶ
3209 3637 3307 3697 τὰς
3360 3635 3584 3705 ἑταίρας
3636 3636 3987 3707 συγχωροῦσι

2396 3730 2508 3790 τοῖς
2537 3727 2889 3791 ἀκολάστοις,
2920 3729 3015 3781 καὶ
3048 3729 3156 3780 τῶν
3191 3729 3401 3781 πόλεων
3441 3730 3542 3781 οὐκ
3568 3728 3898 3782 ἐκϐάλλουσι
3928 3730 3988 3782 τὸ

2399 3822 2582 3889 χεῖρον
2619 3820 3014 3888 φυλαττόμενοι
3044 3820 3231 3881 κακὸν,
3279 3818 3345 3871 ἵν’
3376 3820 3427 3871 οἱ
3468 3822 3637 3889 γάμοι
3695 3820 3772 3889 μὴ
3820 3823 3988 3873 πολε-

2401 3911 2629 3980 μῶνται.
2662 3912 2829 3980 Δῆλον
2868 3913 2925 3964 δέ
2948 3928 2962 3943 ο
2998 3912 3091 3963 καὶ
3126 3911 3234 3980 γάρ
3264 3911 3371 3963 τῶν
3402 3911 3662 3965 τεθέντων
3681 3911 3885 3973 τόκων.
3930 3913 3988 3965 τὸ

2402 4000 2597 4069 μέτρον
2663 4000 3013 4067 ὑπερϐαίνειν
3071 4000 3170 4066 μὲν
3232 3997 3535 4063 ἐκώλυσαν,
3576 4000 3708 4052 ετσω
3761 3999 3821 4052 δὲ
3882 4019 3989 4069 χω-

2404 4096 2539 4161 ρεῖν,
2566 4092 2840 4159 οὐδαμῶς,
2863 4093 2959 4144 καὶ
2983 4090 3089 4143 τῶν
3115 4092 3437 4160 ὡρισμένων
3493 4080 3668 4159 μείζω
3724 4092 3826 4160 μὲν
3884 4093 3989 4147 οὐκ

2400 4182 2465 4235 ἂν
2495 4182 2918 4251 λάὅοιδανειστὴ
2954 4225 2967 4246 ,
2997 4182 3099 4234 κᾶν
3146 4184 3212 4233 τὰ
3270 4185 3627 4251 γραμματεῖα
3682 4176 3852 4255 φέρῃ,
3883 4184 3988 4237 κᾶν

2404 4274 2609 4343 σφόδρα
2639 4273 3088 4343 καθομολογήσας
3119 4276 3147 4324 ὁ
3190 4272 3535 4341 χρησάμενος
3563 4272 3723 4343 τύχῃ,
3776 4272 3987 4325 ἐλάττω

2402 4364 2459 4417 δὲ
2484 4366 2575 4417 καὶ
2606 4363 2752 4431 μάλα
2782 4364 2960 4429 ἔξεστι
2986 4364 3079 4415 καὶ
3139 4364 3430 4417 συνθέσθαι
3489 4363 3551 4431 δὴ
3614 4366 3710 4415 καὶ
3773 4364 3983 4423 λαϐεῖν,

729 4459 854 4511 hinc
902 4459 1245 4514 manifestius
1300 4462 1493 4530 liquet,
1551 4461 1693 4530 quod
1785 4465 1967 4517 minus
2046 4478 2151 4517 non
2220 4473 2297 4519 est

2408 4457 2500 4507 καὶ
2528 4455 2587 4507 τὸ
2608 4455 2987 4526 φανερώτερον
3014 4456 3093 4507 ἔτι
3161 4457 3255 4506 καὶ
3286 4457 3393 4521 γὰρ
3422 4455 3534 4505 οὐδ’
3589 4454 3824 4525 ὥρισται
3868 4458 3989 4507 τοῖοι

726 4566 1066 4620 ettpressum,
1118 4566 1214 4605 nec
1282 4562 1343 4606 ut
1403 4556 1559 4608 fenus
1617 4555 1939 4617 maximum,
1994 4555 2067 4609 ita
2139 4557 2300 4609 etiam

729 4643 1013 4695 minimum
1047 4652 1132 4697 est
1162 4643 1439 4698 decretum
1477 4664 1489 4698 :
1517 4647 1607 4700 sed
1645 4647 1911 4715 integrum
1945 4656 2028 4700 est
2091 4662 2241 4716 semp
2277 4664 2313 4707 ι’,

731 4740 975 4784 mutuum
1033 4733 1184 4798 dare,
1255 4740 1501 4803 quamvis
1557 4736 1768 4789 debitor
1827 4736 1962 4788 nihil
2025 4751 2082 4790 se
2129 4752 2305 4790 usurae

731 4822 949 4874 nomine
1021 4823 1276 4877 daturum
1354 4824 1683 4892 paciscatur,
1770 4842 1865 4878 nec
1921 4826 2090 4877 dedit.
2164 4826 2304 4891 Quid

732 4914 1082 4981 paciscatur?
1134 4912 1190 4967 Si
1231 4930 1355 4967 cum
1411 4917 1627 4969 silentio
1691 4925 1969 4969 mutuatus
2025 4918 2208 4980 fuerit,
2249 4925 2305 4970 et

732 5004 1186 5058 creditor-tenoris
1250 5022 1356 5059 non
1422 5008 1755 5073 meminerit,
1814 5023 1876 5060 ac
1939 5018 2123 5075 postea
2179 5022 2302 5061 cum

732 5107 879 5150 sorte
913 5097 963 5149 id
994 5100 1325 5166 poposcerit,
1363 5115 1532 5167 nugas
1569 5110 1712 5168 aget.

804 5189 991 5242 Jamnc
1024 5191 1284 5259 perspicis
1325 5191 1493 5253 legem
1538 5194 1692 5245 istam
1749 5207 1909 5260 super
1968 5193 2147 5246 usuris
2198 5207 2305 5245 non

733 5295 855 5332 esse
915 5296 1111 5333 usuras
1161 5283 1481 5346 volentium,
1528 5284 1620 5336 sed
1674 5298 1869 5337 usuras
1915 5284 2311 5338 evertentium?

734 5369 889 5434 Quod
920 5371 963 5424 si
1010 5375 1059 5424 id
1119 5380 1224 5424 tam
1256 5373 1426 5426 libere
1453 5382 1749 5443 aperteque
1777 5389 1881 5427 non
1912 5376 2135 5437 faciunt,
2165 5383 2224 5428 ut
2255 5374 2307 5428 in

736 5462 1053 5531 sacrilegiis,
1085 5472 1179 5516 aut
1232 5463 1556 5528 latrociniis,
1614 5468 1746 5518 nihil
1804 5466 2020 5531 tnirnm,
2072 5482 2194 5519 cum
2256 5468 2309 5520 in

739 5552 935 5604 multo,
966 5563 1223 5620 praetcrea
1270 5556 1568 5622 improbos,
1604 5557 1940 5624 legislatures
1999 5573 2103 5611 non
2139 5558 2312 5610 anim-

739 5646 1096 5705 advertant,a
1152 5648 1352 5715 quibus
1411 5657 1587 5701 tamen
1635 5650 1773 5703 Deus
1826 5665 2013 5717 pmnas
2079 5653 2313 5718 reposcit

737 5732 1143 5789 acerbissimas.
1204 5734 1425 5791 Tabulis
1458 5754 1640 5793 eorum
1670 5742 1843 5803 lectis,
1883 5754 2037 5792 ιιυιιτο
2071 5741 2309 5794 invidum

2405 4546 2617 4611 λαττον,
2656 4548 2768 4599 οὐδ’
2794 4546 2984 4618 ὥσπερ
3025 4550 3278 4617 μέγιστον
3316 4548 3471 4599 τόκον
3512 4547 3657 4601 οὕτω
3714 4550 3811 4601 καὶ
3866 4549 3987 4602 ἐλάα

2409 4652 2588 4704 χιστον
2627 4636 2772 4689 ἔστιν
2832 4640 3032 4707 εὑρεῖν,
3068 4638 3184 4689 ἀλλ’
3224 4638 3436 4703 ἔξεστιν
3498 4638 3585 4690 ἀεὶ
3620 4640 3834 4707 μειοῦν,
3886 4644 3989 4691 κάν

2409 4728 2667 4797 σύνθηται
2704 4730 2885 4783 δοῦναι
2919 4731 3085 4800 μηδὲν
3131 4734 3157 4782 ὁ
3198 4730 3540 4800 χρησάμενος
3593 4732 3746 4782 οὐδὲν
3793 4734 3984 4788 ἔδωκε.

2409 4821 2518 4871 Καὶ
2556 4821 2605 4872 τί
2641 4821 2781 4889 λέγω
2814 4824 3177 4891 συνθέμενον;
3214 4825 3320 4876 Καὶ
3347 4826 3452 4893 γὰρ
3486 4824 3552 4876 ἂν
3602 4829 3782 4895 σιωπῇ
3834 4827 3992 4896 δέξη-

2409 4930 2499 4964 ται
2525 4913 2586 4965 τὸ
2636 4915 2870 4980 δάνειον,
2905 4916 3000 4967 καὶ
3039 4919 3066 4968 ὁ
3123 4918 3332 4984 χρήσας
3390 4917 3463 4984 μὴ
3524 4916 3739 4986 μνησθῇ
3790 4922 3988 4985 τόκων,

2410 5002 2632 5073 ὕστερον
2667 5008 2806 5074 μετὰ
2856 5008 2963 5059 τῶν
3009 5009 3257 5077 ἀρχαίων
3316 5008 3383 5060 ἂν
3436 5008 3625 5071 τόκους
3678 5011 3988 5081 ἀπαιτήσῃ,

2409 5096 2659 5164 ληρήσεμ

2491 5187 2653 5256 Ὁρᾷς
2696 5186 2769 5247 ὼς
2817 5190 2844 5239 ὁ
2894 5191 3020 5257 περὶ
3052 5190 3226 5242 τόκων
3265 5192 3481 5243 οὑτοσὶν
3527 5192 3692 5261 νόμος
3726 5194 3828 5245 οὐκ
3876 5196 3988 5247 ἔστι

2408 5280 2599 5339 τόκους
2633 5279 2990 5347 βουλομένων,
3026 5280 3140 5332 ἀλλ’
3161 5282 3559 5350 ἀναιρούντων;
3614 5284 3674 5334 Ei
3701 5285 3757 5336 δὲ
3785 5286 3861 5354 μὴ
3895 5303 3986 5337 σα-

2413 5370 2528 5437 φῶς
2562 5371 2723 5436 οὕτω,
2760 5373 3011 5443 καθάπερ
3057 5375 3183 5435 τοὺς
3226 5374 3536 5442 ἱεροσύλους
3573 5375 3761 5445 ἢτοὺς
3788 5377 3988 5448 λῃστὰς

2412 5465 2473 5517 οὐ
2502 5465 2608 5535 χρὴ
2636 5465 2955 5532 θαυμάζειν,
2982 5468 3105 5520 ἐπεὶ
3132 5469 3222 5520 καὶ
3271 5468 3485 5532 πολλοῖς
3516 5468 3722 5537 ἑτέροις
3748 5472 3849 5523 οὐκ
3875 5474 3989 5523 ἐπέ

2413 5558 2647 5624 τιμῶσιν
2672 5559 2722 5610 οί
2757 5561 3043 5627 νομοθέται
3070 5560 3178 5612 τῶν
3209 5562 3485 5629 πονηρῶν,
3522 5562 3615 5613 καὶ
3638 5563 3770 5631 παρ’
3794 5558 3872 5615 ὢν
3895 5568 3987 5627 τάς

2415 5650 2647 5716 ἐσχάτας
2682 5652 2707 5701 ό
2735 5651 2865 5710 Θεὸς
2893 5645 3278 5722 εἰσπράττεται
3309 5654 3486 5715 δίκας,
3519 5656 3612 5704 καὶ
3644 5653 3881 5721 βάσανον
3903 5657 3988 5706 οὑ-

2417 5741 2525 5805 δεὶς
2560 5741 2622 5797 ἂν
2674 5743 2983 5814 εἰσαγαγὼν
3016 5746 3149 5812 ἕλοι,
3192 5748 3261 5799 τὰ
3289 5746 3595 5817 γράμματα
3626 5745 3809 5801 αὐτῶν
3858 5749 3986 5804 ἀνα-
