4140 6318
154 330 260 391 745
1158 322 1446 387 ORATIO
1479 322 1745 383 CONTR.

1849 319 2020 381 I‘ENE
2031 319 2398 379 RATORES.
3317 304 3424 372 746

152 451 331 519 γνοὺς,
348 448 439 500 καὶ
462 446 523 499 τὸ
548 443 907 515 μνησικακεῖν
934 439 1163 493 ἐνταῦθα
1187 418 1531 509 πραγμάτων
1558 435 1732 505 ἀπήλ-

1849 434 1905 488 ad
1986 431 2220 488 tribunal
2277 432 2603 489 accersitum
2676 440 2965 503 coarguet;
3035 439 3089 484 et
3144 444 3416 483 memores

150 542 345 594 λακται
369 539 459 592 καὶ
487 535 703 591 πολλῶν
727 533 903 588 ἄλλων
926 533 1115 586 κακῶν
1150 531 1186 585 ἀ
1208 548 1213 553 ·
1240 530 1591 599 τὴνγέενναν
1625 526 1719 578 ab!

1850 525 2154 595 njuriarum
2193 541 2287 593 per
2307 540 2402 580 eos
2441 523 2588 577 omni
2622 530 2810 577 carent
2840 523 3089 578 molestia
3118 541 3132 575 :
3165 519 3414 587 complu-

150 632 249 700 τὴν
279 631 581 700 πωμνᾶται
610 628 720 687 τοῖς
759 624 1052 693 τολμηταῖς
1085 622 1232 693 παρά
1262 624 1373 683 τοῖς
1396 620 1582 688 νόμοις
1622 618 1722 668 οὐκ

1849 615 1981 669 “ibus
2011 615 2140 669 item
2174 614 2494 677 sceleribus,
2518 627 2752 681 quorum
2787 612 2897 667 reis
2961 609 3212 684 gelietina
3268 626 3409 679 prie-

151 699 258 775 εἰσὶ
287 699 430 775 δίκαι
484 720 544 773 τὸ
571 720 615 773 δ’
643 718 835 781 αἴτιον,
868 718 949 770 ὅτι
986 717 1162 777 διττὸς
1194 712 1293 783 μὲν
1321 713 1349 764 ὁ
1380 711 1492 781 βίος
1517 708 1720 776 ἀνθρὼ-

1849 704 1997 757 nium
2033 714 2138 768 est,
2161 703 2371 769 legibus
2399 702 2669 772 supplicia
2695 702 2839 775 nulla
2873 702 3264 757 decernuntur.
3288 699 3413 753 ideo

151 832 295 877 ποις,
324 813 497 867 διττὸν
524 811 581 864 δὲ
606 809 975 878 δικαστήριον,
1003 807 1052 859 οἱ
1079 806 1133 859 δὲ
1167 805 1228 856 οὐ
1267 802 1369 871 τὴν
1425 800 1725 869 μέλλουσαν

1855 795 2118 857 iimirum,
2168 794 2296 863 quia
2355 809 2479 847 cum
2537 794 2752 862 gemina
2804 794 2912 847 vita
2965 794 3037 849 sit
3081 791 3423 853 hominibus,

152 906 285 973 ἡμῖν
345 903 631 955 καθιστᾶσι
691 899 857 967 ζωὴν,
886 884 1008 949 οῦδὲ
1066 894 1200 964 πρὸς
1254 891 1316 944 τδ
1380 889 1727 957 δικαστήριον

1849 886 2106 955 geminum
2140 885 2393 939 similiter
2419 894 2503 937 est
2534 883 2826 952 judicium.
2862 883 3227 953 LegislatOres
3256 880 3411 933 futu-

157 971 333 1047 έκεῖνο
407 993 731 1062 γράφουσιν,
809 987 941 1041 ἀλλά
1027 983 1280 1052 καθάπερ
1364 980 1475 1040 τοῖς
1527 976 1726 1046 κυϐερ-

1849 991 1947 1030 'am
1973 975 2137 1028 vitam
2186 975 2349 1028 nobis
2402 990 2508 1028 non
2567 974 2793 1034 faciunt.
2830 987 2931 1028 nec
2992 974 3134 1041 apud
3176 971 3429 1049 judicent.

157 1090 346 1157 νήταις
381 1054 550 1153 δήὲτοό
607 1079 758 1148 μὲλει
812 1076 920 1129 τῶν
974 1075 1264 1135 πλεόντων,
1312 1070 1414 1131 ἓως
1466 1068 1545 1120 ἔτι
1597 1065 1728 1117 πλέ-

1849 1068 1988 1121 lllum
2020 1082 2119 1121 nos
2141 1073 2403 1120 accusant
2434 1084 2446 1118 :
2492 1064 2585 1119 sed
2633 1074 2689 1118 ut
2719 1064 3181 1134 gubernatoribus
3206 1065 3259 1116 in
3291 1054 3430 1116 marI

154 1154 273 1232 ουσι
335 1176 426 1229 καὶ
473 1172 784 1243 περαιτέρῳ
837 1169 944 1222 τῶν
985 1167 1219 1235 λιμένων
1275 1163 1305 1215 ὃ
1356 1160 1587 1215 συνοίσει
1638 1158 1734 1227 ζη-

1849 1174 1982 1212 ruraa
2032 1170 2161 1212 sunt
2221 1165 2494 1219 vectores,
2541 1155 2669 1207 dum
2712 1157 2874 1209 durat
2935 1156 3232 1222 navigatio,
3288 1154 3431 1209 ultra

151 1274 285 1333 τεῖν,
316 1270 377 1320 οὐ
415 1240 561 1335 πρὸς-
595 1240 773 1318 αὐτῶν
831 1261 1107 1329 ἐνόμισαν,
1138 1257 1247 1310 οὐδ’
1288 1256 1355 1309 ἂν
1389 1254 1574 1313 αὐτοῖς
1601 1250 1734 1319 περὶ

1849 1263 2055 1321 portum
2084 1249 2217 1319 quid
2265 1250 2334 1303 iis
2365 1247 2657 1311 conducat,
2706 1262 2974 1316 quaerere,
3030 1260 3257 1301 suarum
3308 1260 3429 1313 par-

156 1364 265 1415 τῶν
313 1362 453 1413 οῖκοι
496 1355 825 1425 διαλεχθεῖεν
883 1351 1056 1414 οὐδὲν,
1086 1348 1176 1400 τὸν
1232 1348 1346 1400 ῐσον
1396 1344 1594 1413 τρόπον
1642 1339 1737 1392 καὶ

1849 1343 1977 1396 Lium
2034 1356 2141 1394 non
2190 1349 2447 1403 censent,
2480 1354 2581 1394 nec
2639 1339 2705 1392 de
2754 1339 3069 1393 domesticis
3129 1339 3427 1407 quidquam

153 1452 283 1514 τοὺς
340 1448 631 1518 νομοθέτας
668 1444 766 1499 ἴδοι
824 1461 904 1505 τις
937 1442 1037 1505 ἂν,
1068 1439 1157 1492 τδν
1208 1438 1308 1506 μὲν
1358 1432 1586 1487 ἐνταῦθα
1632 1431 1738 1518 τῶν

1849 1448 1966 1487 cum
2026 1431 2095 1485 iis
2163 1432 2377 1500 agitur:
2433 1430 2505 1483 ita
2538 1438 2592 1483 et
2638 1429 2958 1485 conditores
3010 1431 3186 1498 legum
3246 1429 3427 1483 videas

155 1512 463 1612 ἀνθρώπων
488 1538 781 1597 τάττοντας
812 1532 966 1601 βίον,.
986 1532 1064 1592 εἰς
1098 1528 1155 1580 δὲ
1186 1527 1245 1578 τὸ
1274 1523 1485 1612 μέλλον,
1509 1521 1656 1581 ὅπως
1680 1512 1739 1569 εὖ

1849 1522 2010 1574 vitam
2048 1519 2331 1574 hominum
2388 1533 2509 1587 quae
2548 1518 2638 1571 hic
2704 1517 2925 1584 degitur
2978 1516 3325 1569 moderantes
3378 1523 3433 1569 et

158 1611 451 1703 πράξουσι,
481 1629 576 1681 καὶ
606 1625 705 1687 τάς
734 1623 850 1676 ἐκεῖ
880 1619 1209 1687 φυλάξονται
1236 1617 1390 1677 δίκας
1431 1611 1590 1703 λόγον
1619 1625 1740 1703 ποι.

155 1698 423 1791 ουμένους
454 1716 565 1770 οὐδ’
592 1711 855 1778 ὁντινοῦν,
886 1708 1002 1763 ἀνθ’
1036 1703 1114 1762 ὧν
1146 1707 1297 1760 οὐδὲν
1348 1698 1743 1791 ικώλυσετοὺς

1845 1613 2261 1675 constituentes,
2292 1609 2424 1679 quid
2495 1609 2549 1661 in
2610 1608 2853 1662 futurum
2913 1607 3019 1663 illis
3085 1606 3199 1673 ﬁat,
3223 1615 3279 1663 et
3327 1622 3433 1677 qua

1850 1703 2057 1755 ratione
2087 1702 2265 1770 pmnis
2316 1699 2679 1769 sumpiternis
2733 1698 3043 1761 elabantur,
3096 1699 3231 1753 nihil
3279 1698 3433 1768 pensi

156 1781 238 1865 τὰ.
262 1807 521 1864 πολιτικά
544 1805 715 1877 μόνον
749 1800 1019 1872 χρηστοὺς
1052 1798 1263 1867 μυρίων
1298 1792 1487 1847 κακῶν
1543 1790 1736 1857 γέμον-

1849 1793 2067 1845 habere.
2112 1789 2481 1856 Quamobrem
2521 1789 2661 1843 nihil
2717 1797 2857 1842 vetat
2894 1790 2947 1842 in
3002 1790 3148 1843 civili
3204 1805 3437 1845 consue-

156 1920 259 1966 τας
289 1899 569 1962 ἀπελθεῖν,
593 1893 865 1957 καὶδόξαν
888 1889 1187 1949 ἐπιεικείας
1228 1880 1461 1938 ινταῦθα
1512 1878 1606 1931 καὶ
1653 1878 1733 1928 δι-

158 1993 459 2059 καιοσύνης
494 1988 759 2048 λαϐόντας
784 1984 867 2046 εἰς
903 1981 1029 2043 τοὺς
1062 1976 1462 2047 πονηροτάτους
1490 1971 1605 2025 ἐκεῖ
1638 1982 1732 2020 τε-

157 2089 319 2140 λέσαι
352 2085 448 2138 καὶ
475 2081 582 2135 τῶν
606 2078 864 2149 χειρόνων
900 2072 1096 2143 ψήφων
1126 2070 1326 2139 τυχεῖν.

238 2263 301 2315 El
321 2260 366 2313 δ’
390 2257 533 2312 οὕτω
561 2256 760 2318 ταῦτα,
797 2250 895 2305 καὶ
926 2248 1095 2320 χωρὶς
1132 2245 1231 2316 μὲν
1262 2245 1318 2297 αί
1359 2239 1631 2310 παροῦσαι
1656 2237 1734 2289 δί-

159 2372 281 2419 και,
319 2351 488 2423 χωρὶς
520 2350 575 2402 δὲ
604 2347 665 2400 τδ
702 2345 894 2417 μέλλον
931 2341 1048 2396 ἐστὶ
1085 2340 1462 2409 δικαστήριον,
1510 2336 1585 2403 μὴ
1607 2331 1735 2423 περὶ

155 2446 272 2499 τῶν
301 2421 603 2514 μελλόντων
635 2437 743 2491 ἀπὸ
778 2435 888 2488 τῶν
918 2432 1206 2502 παρόντων
1247 2426 1569 2514 τεκμαίρου,
1613 2421 1735 2514 μηδ’

153 2537 272 2589 οἴου
304 2512 419 2585 ήτοῦ
479 2526 614 2581 Θεοῦ
666 2526 847 2595 τυχεῖν
900 2522 965 2576 ἃν
996 2519 1255 2591 εὐμενοῦς
1293 2513 1355 2569 οὗ
1394 2512 1740 2583 νομοθετοῦν-

156 2645 255 2689 τος
313 2624 626 2693 ὑπερόπτης
675 2620 903 2687 ἐφάνης,
952 2616 1035 2668 ὅτι
1093 2612 1240 2681 παρά
1298 2608 1575 2666 δικασταῖς
1627 2605 1737 2664 τοῖς

157 2716 457 2788 ὁμοφύλοις
489 2711 825 2779 εὐδοκιμεῖς,
865 2707 1040 2759 ἐκεῖνο
1067 2702 1200 2772 πρός
1230 2717 1293 2767 γε
1324 2696 1537 2756 πολλοῖς
1559 2693 1743 2754 ἄλλοις

159 2785 518 2879 ἐνθυμηθεὶς,
548 2803 623 2864 ὠς
648 2797 1154 2866 ἀνελευθεριότητος
1222 2793 1315 2845 καὶ
1374 2785 1741 2879 φιλαργυρίας

165 2899 263 2951 καὶ
288 2875 389 2964 τῆς
420 2894 555 2962 πρὸς
584 2892 710 2954 τοὺς
768 2888 1054 2955 δεομένους
1117 2879 1533 2947 ἀπανθρωπίας,
1568 2875 1742 2927 οὐδενὶ

160 2985 273 3037 τῶν
292 2984 359 3036 τά
377 2980 601 3034 τοιαῦτα
633 2976 887 3045 πονηρῶν
908 2973 1081 3035 οὐδεὶς
1112 2970 1397 3040 ἐμέμψατο
1422 2964 1740 3034 νομοθέτης,

163 3077 265 3132 κᾶν
304 3093 388 3137 τις
423 3072 696 3143 γράψηται
723 3069 851 3137 παρ’
880 3067 1080 3126 αὐτοῖς,
1104 3063 1300 3131 χείρων
1322 3060 1470 3112 ἔσται
1500 3055 1591 3109 τοῦ
1617 3054 1744 3122 φεύ-

163 3184 351 3229 γοντος
378 3165 472 3217 καὶ
501 3163 599 3233 τὴν
636 3161 843 3214 ἐλάττω
869 3158 1049 3225 ψῆφον
1082 3155 1361 3223 οἰχήσεται
1406 3148 1606 3209 λαϐὼν,
1644 3143 1739 3198 τοῦ

166 3259 303 3313 Θεοῦ
334 3257 391 3309 δὲ
433 3254 743 3318 δικάζοντος
772 3248 1031 3319 περὶτῶν
1078 3244 1256 3298 αὐτῶν
1285 3242 1489 3294 τούτων
1537 3236 1739 3305 ἔγκλη-

170 3352 357 3421 μάτων
375 3349 408 3416 ἡ
427 3349 615 3414 γέεννα
638 3342 844 3410 γίνεται
857 3340 1003 3406 δίκη.
1022 3336 1287 3401 Καθάπερ
1312 3331 1489 3385 τοίνυν
1505 3325 1743 3421 ,βασκαίῗ

168 3417 299 3505 νων,
330 3438 427 3491 καὶ
463 3431 836 3505 μνησικακῶν.
872 3430 978 3481 Καὶ
1004 3426 1176 3495 μισῶν
1194 3424 1284 3477 τὸν
1325 3419 1617 3490 ὁμόφυλον,
1649 3417 1746 3470 καὶ

179 3530 389 3601 μηδένα
425 3525 589 3595 μηδὲν
619 3519 678 3575 εὖ
712 3520 881 3575 ποιῶν
905 3520 1000 3583 καὶ
1026 3519 1097 3570 τά
1122 3514 1346 3569 τοιαῦτα
1382 3511 1749 3579 πονηρευόμε-

166 3640 259 3686 νος
275 3620 426 3675 οὐδὲν
451 3620 515 3671 ἂν
538 3614 729 3682 ἐπίσης
750 3613 991 3680 ἄμεινον,
1016 3607 1141 3674 περὶ
1164 3608 1271 3657 τῶν
1298 3602 1357 3667 ἐξ
1388 3600 1614 3686 οὐρανοῦ
1645 3601 1748 3668 ψή-

170 3729 313 3783 φων,
347 3711 395 3762 εἶ
429 3706 575 3775 παρᾶ
604 3706 713 3765 τοῖς
744 3702 803 3753 ὲν
846 3703 914 3769 γῇ
956 3701 1168 3769 κριταῖς
1218 3694 1505 3753 ἀνεύθυνος
1561 3685 1630 3741 εί·
1656 3689 1745 3741 τὸν

171 3806 288 3857 ῖσον
321 3799 519 3867 τρόπον
552 3792 688 3847 κάπὶ
717 3790 823 3844 τῶν
853 3789 1028 3843 τόκων
1059 3786 1295 3853 λογίζου.

245 3889 414 3943 Πόθεν
455 3882 546 3938 οὖν
585 3886 614 3936 ὁ
652 3882 765 3949 βίος
805 3881 957 3949 ἡμῖν,
998 3878 1153 3945 φησὶ,
1200 3876 1337 3944 μήτε
1370 3876 1438 3927 τά
1473 3875 1733 3946 γεωργῶν

169 3984 365 4045 εἰδόσι,
401 3979 539 4048 μήτε
576 3970 979 4044 ἐμπορεύεσθαι
1022 3970 1363 4037 δυναμένοις,
1418 3970 1554 4036 μήτε
1608 3965 1744 4034 πρὸς

173 4076 345 4141 ἀλλην
375 4067 623 4142 ἡντινοῦν
665 4065 847 4135 ἔχουσι
899 4064 1126 4132 τέχνηνς
1168 4060 1232 4112 Τί
1272 4059 1315 4112 δ’
1364 4060 1428 4112 ἂν
1472 4059 1566 4109 καλ⁹
1604 4058 1747 4123 ίερό-

172 4165 327 4218 συλοι
360 4160 430 4212 τά
464 4157 604 4211 αὐτὰ
635 4156 699 4225 δὴ
732 4154 904 4207 ταῦτα
974 4152 1339 4220 προῖσχωνται
1374 4149 1467 4199 καὶ
1522 4146 1747 4216 λῃσταῖς

170 4257 559 4323 Συγχωρησεις
586 4248 767 4307 αὐτοῖς
792 4245 886 4314 τὴν
914 4242 1115 4297 κακίαν
1137 4260 1155 4311 ;ι
1173 4238 1385 4292 Οὐκοῦν
1404 4238 1510 4291 τῶν
1538 4238 1749 4305 διορυτ-

171 4348 379 4400 τόντων
426 4339 525 4408 τὴν
558 4336 740 4389 αἰκίαν
777 4333 961 4404 ἀνέξῃ,
1008 4332 1111 4384 κᾶν
1166 4330 1365 4400 λῃστὴς
1397 4328 1659 4396 περιδύσῃ
1688 4343 1745 4377 σε

1838 1887 2029 1938 tudine
2062 1882 2445 1936 tantummodo
2474 1882 2668 1946 bonos,
2729 1883 2970 1951 peccatis
3024 1883 3249 1938 obrutos
3307 1882 3432 1939 hinc

1838 1978 2108 2043 emigrare
2137 1997 2150 2031 :
2181 1986 2235 2031 et
2268 1965 2360 2030 hic
2389 1976 2691 2031 clementiae
2746 1992 2808 2031 ac
2832 1977 3065 2047 justitise
3115 1978 3428 2047 opinionem

1840 2069 2091 2138 adeptos,
2126 2068 2199 2122 ibi
2263 2067 2458 2122 referri
2518 2069 2664 2121 inter
2720 2068 3162 2133 scelestissimos,
3194 2070 3434 2123 deterio-

1840 2173 2063 2227 remque
2085 2158 2357 2212 calculum
2409 2157 2618 2213 sortiri.

1909 2248 2041 2315 Qua:
2071 2263 2197 2302 cum
2231 2248 2302 2301 ita
2349 2248 2609 2312 habeant,
2650 2256 2705 2299 et
2752 2247 2899 2321 aliud
2959 2250 3069 2304 sint
3125 2261 3420 2318 prmsentes

1840 2356 2033 2411 pceme,
2056 2340 2200 2393 aliud
2234 2340 2377 2408 quod
2407 2354 2506 2393 nos
2541 2350 2725 2393 manet
2770 2339 3065 2407 judicium,
3111 2341 3244 2395 noli‘
3286 2357 3425 2411 prte-

1840 2430 2085 2486 sentibus
2115 2430 2298 2483 futura
2322 2428 2537 2493 metiri;
2570 2443 2669 2483 nec
2692 2443 2849 2499 spera
2876 2438 2929 2484 te
2963 2429 3073 2486 Deo
3107 2448 3326 2486 usurum
3347 2433 3439 2487 be-

1840 2521 2056 2581 nevolo,
2082 2521 2240 2588 cujus
2265 2521 2409 2590 leges
2433 2521 2710 2592 despicere
2739 2534 2797 2575 es
2828 2536 3019 2585 ausus,
3048 2522 3259 2577 etiamsi
3283 2523 3434 2593 judi«

1842 2630 1933 2668 ces
1956 2623 2062 2668 tua;
2086 2622 2289 2666 naturae
2312 2621 2595 2667 consortes
2622 2625 2728 2664 non
2745 2610 2885 2665 male
2908 2613 2974 2665 de
2995 2622 3045 2668 te
3076 2613 3393 2670 existiment
3419 2633 3434 2678 ς

1848 2706 1977 2757 illud
2023 2706 2165 2757 inter
2201 2702 2369 2755 multa
2418 2701 2687 2771 cegitans,
2727 2700 3093 2770 legislatorem
3156 2704 3435 2759 neminem

1845 2796 2033 2849 sordes
2070 2803 2125 2852 et
2152 2789 2463 2858 avaritiam,
2510 2801 2563 2846 et
2592 2792 2858 2847 adversus
2903 2802 3126 2860 egentes
3178 2793 3438 2850 inhuma-

1848 2888 2072 2939 nitatem
2108 2885 2163 2938 in
2205 2898 2481 2952 quoquam
2537 2883 2734 2936 horum
2793 2898 2888 2937 reo
2942 2895 3318 2953 persecutum,
3377 2896 3433 2940 et

1848 2977 1939 3041 qui
1966 2990 2295 3044 quemquam
2330 2974 2524 3026 h0rum
2561 2974 2701 3042 apud
2734 2973 2857 3029 illos
2889 2988 3135 3039 accuset,
3164 2978 3439 3032 deteriore

1774 3102 1819 3161 Ο
1850 3065 1971 3119 loco
2010 3068 2130 3135 ipso
2164 3072 2421 3120 accusat‘o
2480 3064 2743 3126 futurum,
2799 3072 2853 3118 et
2911 3080 3070 3119 causa
3128 3081 3437 3133 casurum;

1854 3158 1966 3209 Deo
2018 3164 2200 3209 autem
2266 3155 2335 3207 de
2421 3154 2507 3208 bis
2572 3154 2706 3223 ipsis
2774 3153 3104 3211 criminibus
3164 3156 3436 3227 judicium

1851 3254 2170 3308 exercente,
2248 3243 2559 3313 gehennam
2626 3242 2954 3312 supplicium
3032 3245 3170 3300 fore.
3254 3248 3442 3317 Itaque

1854 3348 1912 3391 ut
1942 3336 2179 3396 invidus.
2210 3344 2264 3389 et
2316 3334 2643 3402 injuriarum
2698 3350 2803 3387 non
2851 3337 2994 3403 potis
3045 3337 3323 3405 oblivisci,
3384 3350 3440 3393 et

1850 3426 1977 3478 odio
2016 3422 2254 3492 proximi
2304 3421 2569 3483 imbutus,
2627 3430 2680 3474 et
2740 3423 2876 3477 nulli
2933 3415 3441 3495 quidquamjbene-

1850 3512 2081 3583 faciens,
2110 3525 2162 3570 et
2227 3514 2428 3569 similia
2494 3524 2840 3585 perpetratis,
2894 3514 3211 3588 quanquam
3274 3502 3438 3591 ‘apud

1851 3619 2099 3664 terrenos
2124 3608 2340 3676 judices
2373 3606 2589 3672 insons,
2638 3606 2922 3662 meliorem
2954 3624 2985 3662 e
3024 3610 3164 3665 ccelo
3223 3620 3440 3666 senten-

1851 3702 1981 3753 tiam
2014 3714 2122 3752 non
2149 3697 2308 3751 habet
2340 3711 2437 3749 cur
2473 3706 2785 3767 exspectet:
2821 3697 2965 3753 idem
3024 3710 3077 3753 tu
3111 3701 3178 3755 de
3232 3699 3439 3756 fenera-

1850 3799 1966 3843 tore
2019 3790 2194 3856 cogila
2203 3798 2279 3844 ιθ.

1926 3876 2077 3931 Unde
2108 3892 2238 3945 ergo
2267 3877 2442 3932 victus
2476 3878 2656 3939 nobis.
2686 3879 2885 3947 inquit,
2922 3881 3015 3949 qui
3078 3897 3177 3936 nec
3200 3883 3436 3952 agricul-

1850 3976 2028 4020 turam
2059 3968 2351 4023 didicimus
2386 4007 2401 4032 ,
2435 3986 2538 4025 nec
2565 3985 2930 4026 mercaturam
2966 3973 3145 4028 facere
3194 3974 3399 4029 scimus
3422 4015 3438 4039 ,

1850 4074 1949 4111 nec
1981 4060 2048 4111 ad
2078 4060 2240 4113 ullam
2297 4070 2469 4113 artem
2528 4065 2920 4128 quwstuariam
2979 4078 3172 4118 sumus
3221 4064 3441 4118 idonei?

1853 4149 2005 4214 Quod
2044 4151 2087 4201 si
2124 4158 2177 4202 et
2231 4151 2507 4220 sacrilegi,
2542 4162 2597 4205 et
2631 4152 2872 4207 latrones
2926 4153 3066 4207 idem
3112 4164 3438 4223 praetexam,

1852 4257 1979 4293 num
2023 4242 2101 4294 eis
2141 4242 2363 4295 sceleris
2396 4240 2712 4297 facultatem
2746 4245 2948 4298 dabis?
2977 4244 3143 4313 Igitur
3192 4246 3442 4302 eﬂ‘racto-

1849 4346 1937 4383 res
1964 4331 2228 4399 patieris?
2268 4342 2321 4385 et
2348 4334 2389 4385 si
2447 4334 2584 4387 latro
2615 4344 2833 4403 captum
2871 4347 2921 4390 te
2936 4337 3177 4395 vestibus
3201 4341 3435 4406 exuerit,

181 4430 497 4501 κατασχὼν,
552 4430 646 4481 καὶ
692 4426 906 4492 πληγὰς
956 4421 1188 4491 ὲντείνῃ,
1219 4420 1387 4471 δεινὸν
1419 4419 1591 4484 οὐδὲν,
1642 4418 1745 4469 κᾶν

1854 4430 1905 4474 ιι
1946 4424 2131 4490 plagas
2163 4424 2511 4491 imposuerit.
2561 4425 2695 4480 nihil
2748 4425 2963 4496 injuria:
3016 4428 3251 4483 intulit?
3282 4439 3334 4483 ct
3392 4434 3438 4487 si

184 4520 518 4599 μαστρωπὸς
556 4516 890 4586 πολιορκήση
923 4514 1014 4565 τὸν
1039 4514 1236 4579 γάμον,
1272 4509 1419 4562 οὐδὲν
1447 4508 1703 4576 ἠδίκησεν
1729 4524 1744 4572 ;

177 4597 347 4684 άλλην
375 4614 484 4682 γὰρ
508 4610 615 4663 οὐδ’
641 4605 886 4677 ἡντινοῦν
917 4606 1061 4661 ῖσασι
1082 4602 1297 4670 τέλνην.
1323 4597 1450 4669 Ἆρ’
1472 4597 1562 4649 οὖν
1586 4597 1753 4666 ἡδέως

177 4704 511 4768 ἀπολαύσεις
522 4699 627 4753 τῶν
646 4694 839 4750 σαυτοῦ
854 4693 1045 4762 ψήφων
1064 4687 1299 4758 ;⁹Αλλ’,οϊ
1306 4707 1421 4759 μαι,
1436 4688 1533 4749 δεῖ,
1556 4685 1754 4752 μᾶλλον

182 4801 241 4852 δὲ
277 4798 425 4849 πᾶσα
453 4793 671 4859 ἀνάγκη
707 4789 781 4857 μὴ
813 4786 973 4855 μόνον
1004 4778 1079 4837 ὢν
1111 4782 1186 4851 τῷ
1215 4783 1313 4852 βίῳ
1347 4781 1428 4833 δεῖ
1462 4778 1752 4847 τυγχάνειν

185 4890 397 4961 ζητεῖν,
433 4884 571 4938 ἀλλά
600 4883 693 4935 καὶ
731 4879 855 4934 ὅθεν
881 4878 958 4929 δεῖ
986 4874 1284 4943 λαμόάνειν
1324 4872 1524 4941 ζητεῖν,
1560 4870 1632 4931 ὼς
1664 4870 1753 4919 ὲν-

181 4979 361 5034 ταῦθα
392 4978 572 5029 πᾶσαν
606 4971 951 5026 συνεστῶσαν
980 4968 1078 5037 τὴν
1107 4969 1165 5018 ὲν
1191 4968 1307 5027 ταῖς
1338 4965 1521 5017 πόλεσι
1547 4962 1750 5013 61.no-

188 5069 380 5137 σύνην.
417 5066 480 5118 El
507 5064 623 5134 γάρ
668 5060 971 5131 χρημάτων
1024 5057 1276 5124 ἀλλήλοις
1324 5056 1419 5107 καὶ
1462 5052 1754 5119 κτημάτων

184 5166 281 5216 καὶ
313 5157 473 5227 δόξης
510 5150 771 5209 ἑκάστοτε
799 5153 891 5204 καὶ
937 5151 1042 5201 τῶν
1076 5147 1339 5199 τοιούτων
1372 5141 1749 5213 ἀμφισόητοῦ-

185 5271 310 5322 μεν,
343 5251 549 5301 τούτων
594 5246 648 5298 δὲ
695 5244 794 5297 οὐκ
845 5242 990 5295 ἔστιν
1035 5239 1183 5292 οὐδὲν
1214 5239 1241 5289 ὃ
1273 5242 1345 5307 μὴ
1384 5235 1511 5304 παρ’
1555 5235 1755 5301 ἐτέρων

180 5345 343 5413 ημῖν,
373 5342 454 5394 ὅτι
489 5338 654 5407 μηδὲν
688 5334 747 5400 ἐξ
776 5337 945 5403 ἀρχῆς
972 5333 1052 5394 είς
1086 5331 1175 5384 τόν
1223 5328 1333 5399 βίον
1388 5327 1752 5395 εἰσεληλυθόσι

183 5427 656 5497 συνεισελήλυθεν,
674 5424 809 5479 ἀλλά
827 5426 917 5477 καὶ
940 5422 1028 5475 τὸν
1056 5422 1224 5491 αγρ³ιν
1253 5419 1503 5484 λαϐόιτες
1532 5417 1752 5485 ἔχομεν,

184 5520 283 5573 καὶ
302 5516 364 5569 τό
383 5517 620 5585 ἱμάτιον,
645 5512 841 5565 καὶτὸν
868 5512 1033 5566 ἵππον
1057 5513 1149 5563 καὶ
1170 5509 1278 5560 τῶν
1308 5508 1477 5559 ὄντων
1505 5506 1753 5557 ἕκαστον·

184 5605 448 5677 φανερὸν,
472 5604 647 5674 τούτῳ
660 5604 932 5669 διενέγκαι
948 5602 1069 5661 τοὺ,
1095 5600 1335 5659 δικαίους
1351 5597 1458 5649 τῶν
1479 5594 1753 5664 πονηρῶν,

182 5700 267 5771 τῷ
291 5701 417 5760 τοὺς
440 5699 559 5768 μὲν,
583 5694 712 5765 παρ’
735 5690 810 5748 ὦν
832 5694 959 5756 ἔδει,
986 5694 1106 5752 τοὺς
1131 5691 1209 5755 δὲ,
1240 5689 1366 5758 παρ’
1396 5682 1470 5741 ὧν
1496 5687 1594 5738 οὐκ
1624 5685 1751 5744 ἔδει,

523 5796 793 5854 ιἈτιιυι..
834 5794 951 5851 Gn.
1003 5790 1117 5848 CL.

1858 4511 2196 4566 l-~nuusoris
2245 4514 2554 4568 castitatem
2620 4520 2946 4585 corruperit,
3010 4519 3143 4573 nihil
3208 4523 3440 4577 nocuit?

1860 4600 2063 4652 nullam
2094 4601 2238 4652 enim
2268 4617 2659 4671 quamcunque
2699 4614 2872 4659 artem
2911 4618 3137 4662 norunt.
3174 4607 3434 4664 Fructum

1858 4706 1987 4759 ergo
2015 4691 2208 4770 judicii
2242 4693 2318 4745 tui
2383 4695 2590 4761 capies.
2642 4696 2713 4747 At
2764 4697 2910 4749 enim
2973 4708 3105 4766 puto
3159 4710 3436 4768 oportere,

1858 4779 1970 4832 imo
2007 4792 2113 4832 tam
2161 4790 2247 4833 est
2310 4781 2708 4847 necessarium,
2760 4797 2923 4852 quam
2981 4787 3126 4855 quod
3182 4790 3437 4855 maxime,

1858 4884 1965 4921 non
2007 4864 2181 4923 soltirn
2209 4870 2408 4939 quibus
2438 4872 2548 4924 vita
2573 4873 2779 4941 indiget
2821 4888 3070 4942 quaerere
3096 4914 3111 4939 ,
3146 4877 3238 4931 sed
3269 4878 3436 4932 etiam

1855 4960 2272 5029 circumspicere
2309 4964 2471 5015 unde
2509 4963 2888 5031 accipiendum
2938 4967 3029 5030 sit,
3087 4977 3275 5037 utpote
3324 4979 3436 5025 tota

1857 5050 2001 5104 civili
2039 5051 2253 5118 jttﬂilia
2284 5053 2374 5105 hic
2404 5053 2759 5109 consistente.
2798 5053 2854 5107 Si
2900 5057 3046 5109 enim
3095 5059 3162 5112 de
3186 5063 3435 5126 pecunia,

1858 5141 2316 5210 possessionibus,
2339 5141 2532 5211 gloria,
2566 5145 2946 5214 similibusque
2970 5162 3189 5217 semper
3215 5161 3438 5205 contro-

1858 5247 2160 5295 versantur,
2192 5240 2245 5284 et
2270 5232 2463 5286 horum
2512 5234 2649 5287 nihil
2703 5246 2809 5300 est,
2858 5238 3002 5306 quod
3060 5254 3168 5293 non
3200 5238 3269 5293 ab
3316 5242 3438 5297 aliis

1864 5323 1930 5376 ad
1978 5337 2078 5375 nos
2102 5322 2401 5391 perveniat,
2460 5326 2725 5393 quoniam
2757 5340 2787 5380 a
2848 5328 3115 5397 principio
3154 5329 3206 5382 in
3271 5330 3437 5384 vitam

1869 5411 2102 5479 ingres~i
2135 5412 2273 5465 nihil
2312 5413 2504 5467 horum
2566 5415 2856 5470 nobiscum
2894 5401 3079 5473 .simul
3126 5434 3437 5488 ingressum

1857 5510 1961 5562 est,
1986 5502 2077 5554 scd
2114 5510 2167 5555 et
2194 5516 2380 5572 agrum
2412 5506 2747 5574 accepimus.
2778 5518 2830 5562 et
2864 5520 3094 5573 vestem,
3128 5517 3182 5562 et
3207 5524 3433 5579 equum.

1858 5603 1909 5645 et
1931 5592 2194 5661 quidquid
2220 5592 2540 5648 facultatum
2580 5597 2845 5653 habemus
2878 5617 2888 5651 :
2924 5601 3130 5653 clarum
3190 5610 3293 5665 est,
3335 5600 3439 5657 ltoe

1859 5684 2065 5737 distare
2088 5681 2267 5751 justos
2292 5685 2359 5738 ab
2392 5685 2679 5755 improbis,
2712 5691 2858 5758 quod
2891 5690 3017 5743 illia
3047 5689 3248 5773 quibus
3276 5705 3452 5762 oporo.

3002 5779 3071 5844 ἓῖι
