  <div class='ocr_page' id='page_1' title='image "/cluster/home/n/w/nwhite01/storage/ocr_20150623/150/pst.000005714704/417.png"; bbox 0 0 4140 6318; ppageno 0'>
   <div class='ocr_carea' id='block_1_1' title="bbox 688 313 2323 392">
    <p class='ocr_par' dir='ltr' id='par_1_1' title="bbox 688 320 2323 392">
     <span class='ocr_line' id='line_1_1' title="bbox 688 320 2323 392; baseline -0.002 -5"><span class='ocrx_word' id='word_1_1' title='bbox 688 327 795 392; x_wconf 73' lang='grc'><strong>’251</strong></span> <span class='ocrx_word' id='word_1_2' title='bbox 1540 382 1547 383; x_wconf 34' lang='grc' dir='ltr'><em>κ</em></span> <span class='ocrx_word' id='word_1_3' title='bbox 1912 320 2225 385; x_wconf 83' lang='lat' dir='ltr'><strong>NlCOLAI</strong></span> <span class='ocrx_word' id='word_1_4' title='bbox 2267 324 2323 386; x_wconf 46' lang='lat' dir='ltr'><strong>Ci</strong></span> 
     </span>
    </p>
   </div>
   <div class='ocr_carea' id='block_1_2' title="bbox 2312 313 3947 392">
    <p class='ocr_par' dir='ltr' id='par_1_2' title="bbox 2317 313 3947 387">
     <span class='ocr_line' id='line_1_2' title="bbox 2317 313 3947 387; baseline 0.006 -4"><span class='ocrx_word' id='word_1_5' title='bbox 2317 327 2649 387; x_wconf 69' lang='grc' dir='ltr'><strong>ΛΒΛδιιΛς</strong></span> <span class='ocrx_word' id='word_1_6' title='bbox 3821 313 3947 377; x_wconf 65' lang='grc'><strong>75³</strong></span> 
     </span>
    </p>
   </div>
   <div class='ocr_carea' id='block_1_3' title="bbox 700 428 3946 509">
    <p class='ocr_par' dir='ltr' id='par_1_3' title="bbox 700 428 3946 509">
     <span class='ocr_line' id='line_1_3' title="bbox 700 428 3946 509; baseline -0.005 -14"><span class='ocrx_word' id='word_1_7' title='bbox 700 456 800 495; x_wconf 85' lang='lat' dir='ltr'><strong>seu</strong></span> <span class='ocrx_word' id='word_1_8' title='bbox 830 439 1119 508; x_wconf 67' lang='lat' dir='ltr'><strong>prcsidem</strong></span> <span class='ocrx_word' id='word_1_9' title='bbox 1150 438 1385 495; x_wconf 75' lang='lat' dir='ltr'><strong>ctenolrii</strong></span> <span class='ocrx_word' id='word_1_10' title='bbox 1415 451 1479 492; x_wconf 81' lang='lat' dir='ltr'><strong>ex</strong></span> <span class='ocrx_word' id='word_1_11' title='bbox 1503 437 1606 491; x_wconf 89' lang='lat' dir='ltr'><strong>bac</strong></span> <span class='ocrx_word' id='word_1_12' title='bbox 1634 438 1744 491; x_wconf 67' lang='lat' dir='ltr'><strong>vita</strong></span> <span class='ocrx_word' id='word_1_13' title='bbox 1771 436 1836 490; x_wconf 92' lang='lat' dir='ltr'><strong>ad</strong></span> <span class='ocrx_word' id='word_1_14' title='bbox 1860 437 2142 493; x_wconf 80' lang='lat' dir='ltr'><strong>Christum</strong></span> <span class='ocrx_word' id='word_1_15' title='bbox 2165 440 2435 507; x_wconf 78' lang='lat' dir='ltr'><strong>proﬁcisci</strong></span> <span class='ocrx_word' id='word_1_16' title='bbox 2459 457 2472 492; x_wconf 94' lang='lat'><strong>:</strong></span> <span class='ocrx_word' id='word_1_17' title='bbox 2497 449 2553 493; x_wconf 92' lang='lat' dir='ltr'><strong>et</strong></span> <span class='ocrx_word' id='word_1_18' title='bbox 2573 437 2701 509; x_wconf 97' lang='lat' dir='ltr'><strong>quia</strong></span> <span class='ocrx_word' id='word_1_19' title='bbox 2725 441 2837 493; x_wconf 66' lang='lat' dir='ltr'><strong>haec</strong></span> <span class='ocrx_word' id='word_1_20' title='bbox 2867 435 3161 491; x_wconf 79' lang='lat' dir='ltr'><strong>admodum</strong></span> <span class='ocrx_word' id='word_1_21' title='bbox 3185 436 3568 494; x_wconf 75' lang='lat' dir='ltr'><strong>sancte.caste</strong></span> <span class='ocrx_word' id='word_1_22' title='bbox 3592 439 3649 485; x_wconf 76' lang='lat' dir='ltr'><strong>et</strong></span> <span class='ocrx_word' id='word_1_23' title='bbox 3669 428 3946 497; x_wconf 63' lang='lat' dir='ltr'><strong>religiose</strong></span> 
     </span>
    </p>
   </div>
   <div class='ocr_carea' id='block_1_4' title="bbox 698 513 3941 594">
    <p class='ocr_par' dir='ltr' id='par_1_4' title="bbox 698 513 3941 594">
     <span class='ocr_line' id='line_1_4' title="bbox 698 513 3941 594; baseline -0.005 -13"><span class='ocrx_word' id='word_1_24' title='bbox 698 529 931 590; x_wconf 77' lang='lat' dir='ltr'><strong>vixerat,</strong></span> <span class='ocrx_word' id='word_1_25' title='bbox 962 526 1143 582; x_wconf 87' lang='lat' dir='ltr'><strong>factus</strong></span> <span class='ocrx_word' id='word_1_26' title='bbox 1181 526 1351 581; x_wconf 75' lang='lat' dir='ltr'><strong>estad</strong></span> <span class='ocrx_word' id='word_1_27' title='bbox 1400 526 1567 594; x_wconf 82' lang='lat' dir='ltr'><strong>hujus</strong></span> <span class='ocrx_word' id='word_1_28' title='bbox 1602 526 1770 578; x_wconf 89' lang='lat' dir='ltr'><strong>funus</strong></span> <span class='ocrx_word' id='word_1_29' title='bbox 1803 538 2112 579; x_wconf 84' lang='lat' dir='ltr'><strong>concursus</strong></span> <span class='ocrx_word' id='word_1_30' title='bbox 2144 525 2439 579; x_wconf 83' lang='lat' dir='ltr'><strong>multorum</strong></span> <span class='ocrx_word' id='word_1_31' title='bbox 2476 525 2784 590; x_wconf 83' lang='lat' dir='ltr'><strong>hominum,</strong></span> <span class='ocrx_word' id='word_1_32' title='bbox 2823 526 2961 577; x_wconf 91' lang='lat' dir='ltr'><strong>inter</strong></span> <span class='ocrx_word' id='word_1_33' title='bbox 2990 538 3130 589; x_wconf 87' lang='lat' dir='ltr'><strong>quos</strong></span> <span class='ocrx_word' id='word_1_34' title='bbox 3168 530 3325 576; x_wconf 76' lang='lat' dir='ltr'><strong>erant</strong></span> <span class='ocrx_word' id='word_1_35' title='bbox 3359 519 3595 574; x_wconf 78' lang='lat' dir='ltr'><strong>illustres</strong></span> <span class='ocrx_word' id='word_1_36' title='bbox 3632 516 3757 580; x_wconf 90' lang='lat' dir='ltr'><strong>viri,</strong></span> <span class='ocrx_word' id='word_1_37' title='bbox 3797 513 3941 567; x_wconf 77' lang='lat' dir='ltr'><strong>reli-</strong></span> 
     </span>
    </p>
   </div>
   <div class='ocr_carea' id='block_1_5' title="bbox 701 601 3938 687">
    <p class='ocr_par' dir='ltr' id='par_1_5' title="bbox 701 601 3938 687">
     <span class='ocr_line' id='line_1_5' title="bbox 701 601 3938 687; baseline -0.006 -16"><span class='ocrx_word' id='word_1_38' title='bbox 701 618 839 687; x_wconf 79' lang='lat' dir='ltr'><strong>giosi</strong></span> <span class='ocrx_word' id='word_1_39' title='bbox 879 615 1131 670; x_wconf 79' lang='lat' dir='ltr'><strong>monachi</strong></span> <span class='ocrx_word' id='word_1_40' title='bbox 1174 624 1230 669; x_wconf 90' lang='lat' dir='ltr'><strong>et</strong></span> <span class='ocrx_word' id='word_1_41' title='bbox 1262 616 1387 668; x_wconf 86' lang='lat' dir='ltr'><strong>laici</strong></span> <span class='ocrx_word' id='word_1_42' title='bbox 1428 614 1760 683; x_wconf 74' lang='lat' dir='ltr'><strong>complures.</strong></span> <span class='ocrx_word' id='word_1_43' title='bbox 1791 612 1929 667; x_wconf 84' lang='lat' dir='ltr'><strong>Cum</strong></span> <span class='ocrx_word' id='word_1_44' title='bbox 1965 629 2096 683; x_wconf 74' lang='lat' dir='ltr'><strong>ergo</strong></span> <span class='ocrx_word' id='word_1_45' title='bbox 2127 629 2278 669; x_wconf 76' lang='lat' dir='ltr'><strong>sacra</strong></span> <span class='ocrx_word' id='word_1_46' title='bbox 2319 612 2561 667; x_wconf 79' lang='lat' dir='ltr'><strong>carmina</strong></span> <span class='ocrx_word' id='word_1_47' title='bbox 2593 620 2648 665; x_wconf 80' lang='lat' dir='ltr'><strong>et</strong></span> <span class='ocrx_word' id='word_1_48' title='bbox 2685 610 2869 681; x_wconf 86' lang='lat' dir='ltr'><strong>hymni</strong></span> <span class='ocrx_word' id='word_1_49' title='bbox 2905 612 3363 672; x_wconf 84' lang='lat' dir='ltr'><strong>decantarentur;</strong></span> <span class='ocrx_word' id='word_1_50' title='bbox 3401 615 3455 659; x_wconf 81' lang='lat' dir='ltr'><strong>et</strong></span> <span class='ocrx_word' id='word_1_51' title='bbox 3491 605 3798 673; x_wconf 77' lang='lat' dir='ltr'><strong>hypogeum</strong></span> <span class='ocrx_word' id='word_1_52' title='bbox 3820 640 3839 664; x_wconf 86' lang='lat'><strong>,</strong></span> <span class='ocrx_word' id='word_1_53' title='bbox 3885 601 3938 651; x_wconf 86' lang='lat' dir='ltr'><strong>in</strong></span> 
     </span>
    </p>
   </div>
   <div class='ocr_carea' id='block_1_6' title="bbox 702 688 3939 770">
    <p class='ocr_par' dir='ltr' id='par_1_6' title="bbox 702 688 3939 770">
     <span class='ocr_line' id='line_1_6' title="bbox 702 688 3939 770; baseline -0.007 -12"><span class='ocrx_word' id='word_1_54' title='bbox 702 719 808 770; x_wconf 87' lang='lat' dir='ltr'><strong>quo</strong></span> <span class='ocrx_word' id='word_1_55' title='bbox 845 704 903 756; x_wconf 88' lang='lat' dir='ltr'><strong>S.</strong></span> <span class='ocrx_word' id='word_1_56' title='bbox 941 701 1230 756; x_wconf 88' lang='lat' dir='ltr'><strong>Theodora</strong></span> <span class='ocrx_word' id='word_1_57' title='bbox 1258 701 1369 770; x_wconf 90' lang='lat' dir='ltr'><strong>jam</strong></span> <span class='ocrx_word' id='word_1_58' title='bbox 1398 701 1608 769; x_wconf 82' lang='lat' dir='ltr'><strong>pridem</strong></span> <span class='ocrx_word' id='word_1_59' title='bbox 1646 710 1807 754; x_wconf 84' lang='lat' dir='ltr'><strong>antea</strong></span> <span class='ocrx_word' id='word_1_60' title='bbox 1838 701 1941 753; x_wconf 83' lang='lat' dir='ltr'><strong>sita</strong></span> <span class='ocrx_word' id='word_1_61' title='bbox 1974 710 2115 761; x_wconf 84' lang='lat' dir='ltr'><strong>erat,</strong></span> <span class='ocrx_word' id='word_1_62' title='bbox 2160 700 2225 752; x_wconf 83' lang='lat' dir='ltr'><strong>ad</strong></span> <span class='ocrx_word' id='word_1_63' title='bbox 2262 698 2560 752; x_wconf 85' lang='lat' dir='ltr'><strong>antistitam</strong></span> <span class='ocrx_word' id='word_1_64' title='bbox 2606 697 2717 750; x_wconf 92' lang='lat' dir='ltr'><strong>illic</strong></span> <span class='ocrx_word' id='word_1_65' title='bbox 2754 696 3127 750; x_wconf 87' lang='lat' dir='ltr'><strong>collocandam</strong></span> <span class='ocrx_word' id='word_1_66' title='bbox 3174 693 3509 763; x_wconf 86' lang='lat' dir='ltr'><strong>aperiretur,</strong></span> <span class='ocrx_word' id='word_1_67' title='bbox 3541 688 3939 745; x_wconf 82' lang='lat' dir='ltr'><strong>admirandum</strong></span> 
     </span>
    </p>
   </div>
   <div class='ocr_carea' id='block_1_7' title="bbox 707 778 3945 858">
    <p class='ocr_par' dir='ltr' id='par_1_7' title="bbox 707 778 3945 858">
     <span class='ocr_line' id='line_1_7' title="bbox 707 778 3945 858; baseline -0.004 -16"><span class='ocrx_word' id='word_1_68' title='bbox 707 790 911 843; x_wconf 88' lang='lat' dir='ltr'><strong>accidit</strong></span> <span class='ocrx_word' id='word_1_69' title='bbox 938 788 1267 858; x_wconf 72' lang='lat' dir='ltr'><strong>prodigium.</strong></span> <span class='ocrx_word' id='word_1_70' title='bbox 1294 787 1439 857; x_wconf 88' lang='lat' dir='ltr'><strong>quod</strong></span> <span class='ocrx_word' id='word_1_71' title='bbox 1474 796 1813 856; x_wconf 88' lang='lat' dir='ltr'><strong>spectatores</strong></span> <span class='ocrx_word' id='word_1_72' title='bbox 1835 797 2133 856; x_wconf 63' lang='lat' dir='ltr'><strong>prasentes</strong></span> <span class='ocrx_word' id='word_1_73' title='bbox 2156 786 2378 856; x_wconf 70' lang='lat' dir='ltr'><strong>quidem</strong></span> <span class='ocrx_word' id='word_1_74' title='bbox 2404 788 2457 839; x_wconf 89' lang='lat' dir='ltr'><strong>in</strong></span> <span class='ocrx_word' id='word_1_75' title='bbox 2477 796 2756 856; x_wconf 86' lang='lat' dir='ltr'><strong>stuporem</strong></span> <span class='ocrx_word' id='word_1_76' title='bbox 2784 787 2954 847; x_wconf 82' lang='lat' dir='ltr'><strong>dedit,</strong></span> <span class='ocrx_word' id='word_1_77' title='bbox 2982 786 3264 839; x_wconf 77' lang='lat' dir='ltr'><strong>auditores</strong></span> <span class='ocrx_word' id='word_1_78' title='bbox 3294 796 3425 836; x_wconf 81' lang='lat' dir='ltr'><strong>vero</strong></span> <span class='ocrx_word' id='word_1_79' title='bbox 3457 788 3643 851; x_wconf 83' lang='lat' dir='ltr'><strong>postea</strong></span> <span class='ocrx_word' id='word_1_80' title='bbox 3673 778 3945 832; x_wconf 83' lang='lat' dir='ltr'><strong>absentes</strong></span> 
     </span>
    </p>
   </div>
   <div class='ocr_carea' id='block_1_8' title="bbox 702 865 3945 943">
    <p class='ocr_par' dir='ltr' id='par_1_8' title="bbox 702 865 3945 943">
     <span class='ocr_line' id='line_1_8' title="bbox 702 865 3945 943; baseline -0.005 -14"><span class='ocrx_word' id='word_1_81' title='bbox 702 876 773 929; x_wconf 90' lang='lat' dir='ltr'><strong>ad</strong></span> <span class='ocrx_word' id='word_1_82' title='bbox 809 875 1109 928; x_wconf 77' lang='lat' dir='ltr'><strong>salutarem</strong></span> <span class='ocrx_word' id='word_1_83' title='bbox 1142 884 1498 943; x_wconf 78' lang='lat' dir='ltr'><strong>peccatorum</strong></span> <span class='ocrx_word' id='word_1_84' title='bbox 1532 875 1934 938; x_wconf 70' lang='lat' dir='ltr'><strong>pmnitudinem</strong></span> <span class='ocrx_word' id='word_1_85' title='bbox 1975 874 2295 929; x_wconf 83' lang='lat' dir='ltr'><strong>commovit.</strong></span> <span class='ocrx_word' id='word_1_86' title='bbox 2328 872 2473 927; x_wconf 85' lang='lat' dir='ltr'><strong>Loro</strong></span> <span class='ocrx_word' id='word_1_87' title='bbox 2501 874 2649 927; x_wconf 89' lang='lat' dir='ltr'><strong>enim</strong></span> <span class='ocrx_word' id='word_1_88' title='bbox 2692 887 3000 942; x_wconf 89' lang='lat' dir='ltr'><strong>opportuno</strong></span> <span class='ocrx_word' id='word_1_89' title='bbox 3038 876 3105 926; x_wconf 89' lang='lat' dir='ltr'><strong>ad</strong></span> <span class='ocrx_word' id='word_1_90' title='bbox 3150 868 3524 940; x_wconf 74' lang='lat' dir='ltr'><strong>spectaculum</strong></span> <span class='ocrx_word' id='word_1_91' title='bbox 3555 865 3945 935; x_wconf 72' lang='lat' dir='ltr'><strong>pmsentibus</strong></span> 
     </span>
    </p>
   </div>
   <div class='ocr_carea' id='block_1_9' title="bbox 702 952 3942 1029">
    <p class='ocr_par' dir='ltr' id='par_1_9' title="bbox 702 952 3942 1029">
     <span class='ocr_line' id='line_1_9' title="bbox 702 952 3942 1029; baseline -0.004 -14"><span class='ocrx_word' id='word_1_92' title='bbox 702 963 851 1025; x_wconf 75' lang='lat' dir='ltr'><strong>dato,</strong></span> <span class='ocrx_word' id='word_1_93' title='bbox 887 962 1201 1015; x_wconf 83' lang='lat' dir='ltr'><strong>videntibus</strong></span> <span class='ocrx_word' id='word_1_94' title='bbox 1234 962 1471 1022; x_wconf 86' lang='lat' dir='ltr'><strong>cunctis.</strong></span> <span class='ocrx_word' id='word_1_95' title='bbox 1500 962 1815 1025; x_wconf 87' lang='lat' dir='ltr'><strong>Theodora,</strong></span> <span class='ocrx_word' id='word_1_96' title='bbox 1842 978 1963 1029; x_wconf 72' lang='lat' dir='ltr'><strong>qua:</strong></span> <span class='ocrx_word' id='word_1_97' title='bbox 1990 961 2102 1028; x_wconf 89' lang='lat' dir='ltr'><strong>jam</strong></span> <span class='ocrx_word' id='word_1_98' title='bbox 2133 962 2224 1015; x_wconf 88' lang='lat' dir='ltr'><strong>diu</strong></span> <span class='ocrx_word' id='word_1_99' title='bbox 2267 961 2319 1013; x_wconf 89' lang='lat' dir='ltr'><strong>in</strong></span> <span class='ocrx_word' id='word_1_100' title='bbox 2351 959 2561 1013; x_wconf 92' lang='lat' dir='ltr'><strong>tumqu</strong></span> <span class='ocrx_word' id='word_1_101' title='bbox 2587 960 2860 1027; x_wconf 79' lang='lat' dir='ltr'><strong>jacuerat,</strong></span> <span class='ocrx_word' id='word_1_102' title='bbox 2886 974 3006 1015; x_wconf 73' lang='lat' dir='ltr'><strong>sese</strong></span> <span class='ocrx_word' id='word_1_103' title='bbox 3040 960 3091 1012; x_wconf 89' lang='lat' dir='ltr'><strong>in</strong></span> <span class='ocrx_word' id='word_1_104' title='bbox 3116 966 3325 1012; x_wconf 74' lang='lat' dir='ltr'><strong>erctum</strong></span> <span class='ocrx_word' id='word_1_105' title='bbox 3353 952 3646 1016; x_wconf 74' lang='lat' dir='ltr'><strong>contraxit,</strong></span> <span class='ocrx_word' id='word_1_106' title='bbox 3673 962 3942 1019; x_wconf 86' lang='lat' dir='ltr'><strong>tanquam</strong></span> 
     </span>
    </p>
   </div>
   <div class='ocr_carea' id='block_1_10' title="bbox 702 1038 3942 1117">
    <p class='ocr_par' dir='ltr' id='par_1_10' title="bbox 702 1038 3942 1117">
     <span class='ocr_line' id='line_1_10' title="bbox 702 1038 3942 1117; baseline -0.003 -18"><span class='ocrx_word' id='word_1_107' title='bbox 702 1051 849 1109; x_wconf 86' lang='lat' dir='ltr'><strong>viva,</strong></span> <span class='ocrx_word' id='word_1_108' title='bbox 874 1047 1032 1101; x_wconf 74' lang='lat' dir='ltr'><strong>Matri</strong></span> <span class='ocrx_word' id='word_1_109' title='bbox 1054 1062 1168 1102; x_wconf 74' lang='lat' dir='ltr'><strong>suae</strong></span> <span class='ocrx_word' id='word_1_110' title='bbox 1192 1047 1457 1117; x_wconf 66' lang='lat' dir='ltr'><strong>religiosa:</strong></span> <span class='ocrx_word' id='word_1_111' title='bbox 1479 1046 1660 1100; x_wconf 89' lang='lat' dir='ltr'><strong>locum</strong></span> <span class='ocrx_word' id='word_1_112' title='bbox 1692 1045 1909 1110; x_wconf 89' lang='lat' dir='ltr'><strong>datura,</strong></span> <span class='ocrx_word' id='word_1_113' title='bbox 1947 1047 2315 1116; x_wconf 82' lang='lat' dir='ltr'><strong>honoremque</strong></span> <span class='ocrx_word' id='word_1_114' title='bbox 2348 1045 2588 1100; x_wconf 80' lang='lat' dir='ltr'><strong>debitum</strong></span> <span class='ocrx_word' id='word_1_115' title='bbox 2620 1046 2952 1099; x_wconf 74' lang='lat' dir='ltr'><strong>exhibitura.</strong></span> <span class='ocrx_word' id='word_1_116' title='bbox 2984 1044 3142 1110; x_wconf 86' lang='lat' dir='ltr'><strong>Quod</strong></span> <span class='ocrx_word' id='word_1_117' title='bbox 3169 1043 3266 1097; x_wconf 87' lang='lat' dir='ltr'><strong>ubi</strong></span> <span class='ocrx_word' id='word_1_118' title='bbox 3287 1055 3503 1106; x_wconf 81' lang='lat' dir='ltr'><strong>omnes,</strong></span> <span class='ocrx_word' id='word_1_119' title='bbox 3542 1040 3634 1105; x_wconf 88' lang='lat' dir='ltr'><strong>qui</strong></span> <span class='ocrx_word' id='word_1_120' title='bbox 3676 1038 3942 1098; x_wconf 79' lang='lat' dir='ltr'><strong>aderant,</strong></span> 
     </span>
    </p>
   </div>
   <div class='ocr_carea' id='block_1_11' title="bbox 701 1126 3945 1205">
    <p class='ocr_par' dir='ltr' id='par_1_11' title="bbox 701 1126 3945 1205">
     <span class='ocr_line' id='line_1_11' title="bbox 701 1126 3945 1205; baseline -0.003 -17"><span class='ocrx_word' id='word_1_121' title='bbox 701 1135 1027 1205; x_wconf 72' lang='lat' dir='ltr'><strong>Spectabant</strong></span> <span class='ocrx_word' id='word_1_122' title='bbox 1050 1175 1064 1199; x_wconf 92' lang='lat'><strong>,</strong></span> <span class='ocrx_word' id='word_1_123' title='bbox 1102 1136 1320 1188; x_wconf 90' lang='lat' dir='ltr'><strong>attoniti</strong></span> <span class='ocrx_word' id='word_1_124' title='bbox 1363 1134 1746 1189; x_wconf 77' lang='lat' dir='ltr'><strong>exclamabant</strong></span> <span class='ocrx_word' id='word_1_125' title='bbox 1789 1134 2031 1188; x_wconf 80' lang='lat' dir='ltr'><strong>solemne</strong></span> <span class='ocrx_word' id='word_1_126' title='bbox 2090 1133 2244 1196; x_wconf 87' lang='lat' dir='ltr'><strong>illud,</strong></span> <span class='ocrx_word' id='word_1_127' title='bbox 2270 1126 2444 1203; x_wconf 47' lang='lat' dir='ltr'><strong>&#39;Kyrie</strong></span> <span class='ocrx_word' id='word_1_128' title='bbox 2476 1135 2673 1191; x_wconf 78' lang='lat' dir='ltr'><strong>eleiaott</strong></span> <span class='ocrx_word' id='word_1_129' title='bbox 2700 1174 2715 1197; x_wconf 88' lang='lat'><strong>,</strong></span> <span class='ocrx_word' id='word_1_130' title='bbox 2750 1134 2990 1200; x_wconf 73' lang='lat' dir='ltr'><strong>Domine,</strong></span> <span class='ocrx_word' id='word_1_131' title='bbox 3024 1136 3289 1188; x_wconf 73' lang='lat' dir='ltr'><strong>miserere.</strong></span> <span class='ocrx_word' id='word_1_132' title='bbox 3322 1134 3366 1187; x_wconf 83' lang='grc' dir='ltr'><strong>Δ</strong></span> <span class='ocrx_word' id='word_1_133' title='bbox 3395 1145 3507 1202; x_wconf 83' lang='lat' dir='ltr'><strong>quo</strong></span> <span class='ocrx_word' id='word_1_134' title='bbox 3535 1139 3781 1198; x_wconf 85' lang='lat' dir='ltr'><strong>tempore</strong></span> <span class='ocrx_word' id='word_1_135' title='bbox 3828 1126 3945 1180; x_wconf 75' lang='lat' dir='ltr'><strong>huc</strong></span> 
     </span>
    </p>
   </div>
   <div class='ocr_carea' id='block_1_12' title="bbox 704 1214 3943 1292">
    <p class='ocr_par' dir='ltr' id='par_1_12' title="bbox 704 1214 3943 1292">
     <span class='ocr_line' id='line_1_12' title="bbox 704 1214 3943 1292; baseline -0.002 -16"><span class='ocrx_word' id='word_1_136' title='bbox 704 1238 880 1292; x_wconf 88' lang='lat' dir='ltr'><strong>usque</strong></span> <span class='ocrx_word' id='word_1_137' title='bbox 908 1222 1078 1275; x_wconf 87' lang='lat' dir='ltr'><strong>multa</strong></span> <span class='ocrx_word' id='word_1_138' title='bbox 1112 1222 1257 1276; x_wconf 89' lang='lat' dir='ltr'><strong>Deus</strong></span> <span class='ocrx_word' id='word_1_139' title='bbox 1292 1237 1387 1289; x_wconf 88' lang='lat' dir='ltr'><strong>per</strong></span> <span class='ocrx_word' id='word_1_140' title='bbox 1414 1222 1551 1275; x_wconf 87' lang='lat' dir='ltr'><strong>hanc</strong></span> <span class='ocrx_word' id='word_1_141' title='bbox 1578 1232 1822 1276; x_wconf 85' lang='lat' dir='ltr'><strong>sanctam</strong></span> <span class='ocrx_word' id='word_1_142' title='bbox 1860 1220 2202 1274; x_wconf 82' lang='lat' dir='ltr'><strong>Theodoram</strong></span> <span class='ocrx_word' id='word_1_143' title='bbox 2238 1222 2500 1275; x_wconf 89' lang='lat' dir='ltr'><strong>miracula</strong></span> <span class='ocrx_word' id='word_1_144' title='bbox 2541 1226 2811 1290; x_wconf 83' lang='lat' dir='ltr'><strong>patravit:</strong></span> <span class='ocrx_word' id='word_1_145' title='bbox 2847 1237 2971 1275; x_wconf 86' lang='lat' dir='ltr'><strong>nam</strong></span> <span class='ocrx_word' id='word_1_146' title='bbox 3009 1231 3065 1276; x_wconf 90' lang='lat' dir='ltr'><strong>et</strong></span> <span class='ocrx_word' id='word_1_147' title='bbox 3094 1222 3336 1275; x_wconf 82' lang='lat' dir='ltr'><strong>insessos</strong></span> <span class='ocrx_word' id='word_1_148' title='bbox 3357 1233 3389 1273; x_wconf 89' lang='lat' dir='ltr'><strong>a</strong></span> <span class='ocrx_word' id='word_1_149' title='bbox 3420 1216 3763 1272; x_wconf 67' lang='lat' dir='ltr'><strong>daemonibus</strong></span> <span class='ocrx_word' id='word_1_150' title='bbox 3790 1214 3943 1269; x_wconf 74' lang='lat' dir='ltr'><strong>libe-</strong></span> 
     </span>
    </p>
   </div>
   <div class='ocr_carea' id='block_1_13' title="bbox 703 1305 2942 1375">
    <p class='ocr_par' dir='ltr' id='par_1_13' title="bbox 703 1305 2942 1375">
     <span class='ocr_line' id='line_1_13' title="bbox 703 1305 2942 1375; baseline -0 -14"><span class='ocrx_word' id='word_1_151' title='bbox 703 1310 867 1372; x_wconf 87' lang='lat' dir='ltr'><strong>ravit,</strong></span> <span class='ocrx_word' id='word_1_152' title='bbox 901 1318 953 1361; x_wconf 91' lang='lat' dir='ltr'><strong>et</strong></span> <span class='ocrx_word' id='word_1_153' title='bbox 977 1315 1167 1375; x_wconf 86' lang='lat' dir='ltr'><strong>captus</strong></span> <span class='ocrx_word' id='word_1_154' title='bbox 1202 1309 1376 1361; x_wconf 88' lang='lat' dir='ltr'><strong>oculis</strong></span> <span class='ocrx_word' id='word_1_155' title='bbox 1406 1308 1469 1360; x_wconf 89' lang='lat' dir='ltr'><strong>ad</strong></span> <span class='ocrx_word' id='word_1_156' title='bbox 1507 1307 1689 1361; x_wconf 89' lang='lat' dir='ltr'><strong>lumen</strong></span> <span class='ocrx_word' id='word_1_157' title='bbox 1721 1308 1958 1370; x_wconf 82' lang='lat' dir='ltr'><strong>reduxit,</strong></span> <span class='ocrx_word' id='word_1_158' title='bbox 1992 1319 2045 1360; x_wconf 90' lang='lat' dir='ltr'><strong>et</strong></span> <span class='ocrx_word' id='word_1_159' title='bbox 2078 1322 2250 1374; x_wconf 68' lang='lat' dir='ltr'><strong>aegros</strong></span> <span class='ocrx_word' id='word_1_160' title='bbox 2278 1305 2601 1363; x_wconf 90' lang='lat' dir='ltr'><strong>innumeros</strong></span> <span class='ocrx_word' id='word_1_161' title='bbox 2632 1310 2868 1363; x_wconf 83' lang='lat' dir='ltr'><strong>sanavit.</strong></span> <span class='ocrx_word' id='word_1_162' title='bbox 2922 1327 2942 1360; x_wconf 74' lang='grc' dir='ltr'><strong>ι</strong></span> 
     </span>
    </p>
   </div>
   <div class='ocr_carea' id='block_1_14' title="bbox 776 1386 3944 1464">
    <p class='ocr_par' dir='ltr' id='par_1_14' title="bbox 776 1386 3944 1464">
     <span class='ocr_line' id='line_1_14' title="bbox 776 1386 3944 1464; baseline 0 -17"><span class='ocrx_word' id='word_1_163' title='bbox 776 1396 828 1447; x_wconf 76' lang='grc'><strong>5.</strong></span> <span class='ocrx_word' id='word_1_164' title='bbox 863 1392 987 1447; x_wconf 64' lang='lat' dir='ltr'><strong>llaec</strong></span> <span class='ocrx_word' id='word_1_165' title='bbox 1020 1393 1257 1455; x_wconf 65' lang='lat' dir='ltr'><strong>Menam,</strong></span> <span class='ocrx_word' id='word_1_166' title='bbox 1305 1408 1371 1445; x_wconf 77' lang='lat' dir='ltr'><strong>ex</strong></span> <span class='ocrx_word' id='word_1_167' title='bbox 1411 1393 1611 1460; x_wconf 81' lang='lat' dir='ltr'><strong>quibus</strong></span> <span class='ocrx_word' id='word_1_168' title='bbox 1654 1392 1898 1446; x_wconf 81' lang='lat' dir='ltr'><strong>eamdem</strong></span> <span class='ocrx_word' id='word_1_169' title='bbox 1950 1395 2319 1452; x_wconf 82' lang='lat' dir='ltr'><strong>narrationem</strong></span> <span class='ocrx_word' id='word_1_170' title='bbox 2366 1395 2536 1449; x_wconf 87' lang='lat' dir='ltr'><strong>edidit</strong></span> <span class='ocrx_word' id='word_1_171' title='bbox 2587 1395 2857 1449; x_wconf 71' lang='lat' dir='ltr'><strong>Maximus</strong></span> <span class='ocrx_word' id='word_1_172' title='bbox 2904 1397 3195 1464; x_wconf 86' lang='lat' dir='ltr'><strong>episcopus</strong></span> <span class='ocrx_word' id='word_1_173' title='bbox 3241 1393 3639 1462; x_wconf 83' lang='lat' dir='ltr'><strong>Cytherorum,</strong></span> <span class='ocrx_word' id='word_1_174' title='bbox 3671 1390 3731 1441; x_wconf 68' lang='grc' dir='ltr'><strong>ιν</strong></span> <span class='ocrx_word' id='word_1_175' title='bbox 3791 1386 3944 1455; x_wconf 80' lang='grc' dir='ltr'><strong>βίοις</strong></span> 
     </span>
    </p>
   </div>
   <div class='ocr_carea' id='block_1_15' title="bbox 708 1474 3942 1550">
    <p class='ocr_par' dir='ltr' id='par_1_15' title="bbox 708 1474 3942 1550">
     <span class='ocr_line' id='line_1_15' title="bbox 708 1474 3942 1550; baseline -0.004 -12"><span class='ocrx_word' id='word_1_176' title='bbox 708 1484 884 1549; x_wconf 76' lang='grc' dir='ltr'>ἁγίων</span> <span class='ocrx_word' id='word_1_177' title='bbox 917 1483 1118 1550; x_wconf 67' lang='lat' dir='ltr'><strong>saepius</strong></span> <span class='ocrx_word' id='word_1_178' title='bbox 1151 1483 1391 1535; x_wconf 71' lang='lat' dir='ltr'><strong>excusis.</strong></span> <span class='ocrx_word' id='word_1_179' title='bbox 1422 1480 1681 1535; x_wconf 85' lang='lat' dir='ltr'><strong>Dedimus</strong></span> <span class='ocrx_word' id='word_1_180' title='bbox 1722 1479 1980 1534; x_wconf 80' lang='lat' dir='ltr'><strong>Kalendis</strong></span> <span class='ocrx_word' id='word_1_181' title='bbox 2012 1479 2292 1534; x_wconf 84' lang='lat' dir='ltr'><strong>Februarii</strong></span> <span class='ocrx_word' id='word_1_182' title='bbox 2325 1479 2504 1533; x_wconf 84' lang='lat' dir='ltr'><strong>Vitam</strong></span> <span class='ocrx_word' id='word_1_183' title='bbox 2538 1482 2596 1533; x_wconf 92' lang='lat' dir='ltr'><strong>S.</strong></span> <span class='ocrx_word' id='word_1_184' title='bbox 2634 1480 2821 1535; x_wconf 85' lang='lat' dir='ltr'><strong>Severi</strong></span> <span class='ocrx_word' id='word_1_185' title='bbox 2850 1483 3089 1550; x_wconf 86' lang='lat' dir='ltr'><strong>episcopi</strong></span> <span class='ocrx_word' id='word_1_186' title='bbox 3122 1480 3478 1540; x_wconf 73' lang='lat' dir='ltr'><strong>Ravennatis,</strong></span> <span class='ocrx_word' id='word_1_187' title='bbox 3518 1478 3636 1549; x_wconf 83' lang='lat' dir='ltr'><strong>qui.</strong></span> <span class='ocrx_word' id='word_1_188' title='bbox 3674 1486 3732 1529; x_wconf 91' lang='lat' dir='ltr'><strong>ut</strong></span> <span class='ocrx_word' id='word_1_189' title='bbox 3757 1474 3942 1527; x_wconf 82' lang='lat' dir='ltr'><strong>tradi—</strong></span> 
     </span>
    </p>
   </div>
   <div class='ocr_carea' id='block_1_16' title="bbox 706 1563 3943 1635">
    <p class='ocr_par' dir='ltr' id='par_1_16' title="bbox 706 1563 3943 1635">
     <span class='ocr_line' id='line_1_16' title="bbox 706 1563 3943 1635; baseline -0.002 -12"><span class='ocrx_word' id='word_1_190' title='bbox 706 1582 795 1624; x_wconf 91' lang='lat' dir='ltr'><strong>tur</strong></span> <span class='ocrx_word' id='word_1_191' title='bbox 827 1587 883 1622; x_wconf 84' lang='grc' dir='ltr'><strong>ιι.</strong></span> <span class='ocrx_word' id='word_1_192' title='bbox 907 1569 997 1633; x_wconf 73' lang='lat'><strong>25,</strong></span> <span class='ocrx_word' id='word_1_193' title='bbox 1038 1587 1056 1618; x_wconf 84' lang='grc' dir='ltr'>ι</span> <span class='ocrx_word' id='word_1_194' title='bbox 1100 1568 1432 1634; x_wconf 82' lang='lat' dir='ltr'><strong>corpusculo</strong></span> <span class='ocrx_word' id='word_1_195' title='bbox 1464 1567 1737 1620; x_wconf 61' lang='lat' dir='ltr'><strong>defunctae</strong></span> <span class='ocrx_word' id='word_1_196' title='bbox 1768 1569 1930 1635; x_wconf 78' lang='lat' dir='ltr'><strong>longe</strong></span> <span class='ocrx_word' id='word_1_197' title='bbox 1961 1578 2087 1621; x_wconf 83' lang='lat' dir='ltr'><strong>ante</strong></span> <span class='ocrx_word' id='word_1_198' title='bbox 2109 1567 2361 1635; x_wconf 74' lang='lat' dir='ltr'><strong>conjugis</strong></span> <span class='ocrx_word' id='word_1_199' title='bbox 2392 1582 2507 1620; x_wconf 66' lang='lat' dir='ltr'><strong>suae</strong></span> <span class='ocrx_word' id='word_1_200' title='bbox 2530 1566 2719 1635; x_wconf 79' lang='lat' dir='ltr'><strong>jussit,</strong></span> <span class='ocrx_word' id='word_1_201' title='bbox 2751 1575 3021 1635; x_wconf 85' lang='lat' dir='ltr'><strong>quatenus</strong></span> <span class='ocrx_word' id='word_1_202' title='bbox 3046 1584 3103 1622; x_wconf 88' lang='lat' dir='ltr'><strong>se</strong></span> <span class='ocrx_word' id='word_1_203' title='bbox 3129 1568 3277 1620; x_wconf 87' lang='lat' dir='ltr'><strong>dictu</strong></span> <span class='ocrx_word' id='word_1_204' title='bbox 3308 1564 3473 1619; x_wconf 81' lang='lat' dir='ltr'><strong>citius</strong></span> <span class='ocrx_word' id='word_1_205' title='bbox 3505 1567 3558 1617; x_wconf 85' lang='lat' dir='ltr'><strong>in</strong></span> <span class='ocrx_word' id='word_1_206' title='bbox 3587 1565 3731 1617; x_wconf 87' lang='lat' dir='ltr'><strong>latus</strong></span> <span class='ocrx_word' id='word_1_207' title='bbox 3763 1563 3943 1617; x_wconf 84' lang='lat' dir='ltr'><strong>decli-</strong></span> 
     </span>
    </p>
   </div>
   <div class='ocr_carea' id='block_1_17' title="bbox 702 1646 3941 1723">
    <p class='ocr_par' dir='ltr' id='par_1_17' title="bbox 702 1646 3941 1723">
     <span class='ocr_line' id='line_1_17' title="bbox 702 1646 3941 1723; baseline -0.003 -12"><span class='ocrx_word' id='word_1_208' title='bbox 702 1667 883 1720; x_wconf 87' lang='lat' dir='ltr'><strong>naret,</strong></span> <span class='ocrx_word' id='word_1_209' title='bbox 913 1664 966 1709; x_wconf 90' lang='lat' dir='ltr'><strong>et</strong></span> <span class='ocrx_word' id='word_1_210' title='bbox 998 1655 1121 1707; x_wconf 74' lang='lat' dir='ltr'><strong>tilia:</strong></span> <span class='ocrx_word' id='word_1_211' title='bbox 1153 1655 1385 1721; x_wconf 87' lang='lat' dir='ltr'><strong>spatium</strong></span> <span class='ocrx_word' id='word_1_212' title='bbox 1417 1654 1715 1723; x_wconf 72' lang='lat' dir='ltr'><strong>sepeliendi</strong></span> <span class='ocrx_word' id='word_1_213' title='bbox 1760 1655 2045 1721; x_wconf 63' lang='lat' dir='ltr'><strong>praeberet,</strong></span> <span class='ocrx_word' id='word_1_214' title='bbox 2093 1673 2111 1704; x_wconf 75' lang='grc' dir='ltr'><strong><em>ι</em></strong></span> <span class='ocrx_word' id='word_1_215' title='bbox 2141 1653 2286 1722; x_wconf 87' lang='lat' dir='ltr'><strong>quod</strong></span> <span class='ocrx_word' id='word_1_216' title='bbox 2317 1664 2371 1707; x_wconf 89' lang='lat' dir='ltr'><strong>et</strong></span> <span class='ocrx_word' id='word_1_217' title='bbox 2406 1654 2608 1708; x_wconf 83' lang='lat' dir='ltr'><strong>factum</strong></span> <span class='ocrx_word' id='word_1_218' title='bbox 2643 1665 2748 1710; x_wconf 83' lang='lat' dir='ltr'><strong>est.</strong></span> <span class='ocrx_word' id='word_1_219' title='bbox 2798 1653 3008 1709; x_wconf 78' lang='lat' dir='ltr'><strong>Similia</strong></span> <span class='ocrx_word' id='word_1_220' title='bbox 3079 1655 3233 1723; x_wconf 89' lang='lat' dir='ltr'><strong>plura</strong></span> <span class='ocrx_word' id='word_1_221' title='bbox 3265 1655 3333 1721; x_wconf 68' lang='lat' dir='ltr'><strong>lin</strong></span> <span class='ocrx_word' id='word_1_222' title='bbox 3384 1656 3486 1708; x_wconf 87' lang='lat' dir='ltr'><strong>hoc</strong></span> <span class='ocrx_word' id='word_1_223' title='bbox 3532 1668 3691 1723; x_wconf 84' lang='lat' dir='ltr'><strong>opere</strong></span> <span class='ocrx_word' id='word_1_224' title='bbox 3743 1646 3941 1704; x_wconf 86' lang='lat' dir='ltr'><strong>nostro</strong></span> 
     </span>
    </p>
   </div>
   <div class='ocr_carea' id='block_1_18' title="bbox 702 1735 3935 1809">
    <p class='ocr_par' dir='ltr' id='par_1_18' title="bbox 702 1735 3935 1809">
     <span class='ocr_line' id='line_1_18' title="bbox 702 1735 3935 1809; baseline -0.003 -11"><span class='ocrx_word' id='word_1_225' title='bbox 702 1752 1030 1798; x_wconf 81' lang='lat' dir='ltr'><strong>occurrunt.</strong></span> <span class='ocrx_word' id='word_1_226' title='bbox 1056 1740 1277 1794; x_wconf 81' lang='lat' dir='ltr'><strong>Plenam</strong></span> <span class='ocrx_word' id='word_1_227' title='bbox 1316 1742 1383 1794; x_wconf 86' lang='lat' dir='ltr'><strong>de</strong></span> <span class='ocrx_word' id='word_1_228' title='bbox 1429 1742 1531 1793; x_wconf 85' lang='lat' dir='ltr'><strong>vita</strong></span> <span class='ocrx_word' id='word_1_229' title='bbox 1568 1741 1731 1807; x_wconf 86' lang='lat' dir='ltr'><strong>hujus</strong></span> <span class='ocrx_word' id='word_1_230' title='bbox 1759 1741 1817 1794; x_wconf 81' lang='lat' dir='ltr'><strong>S.</strong></span> <span class='ocrx_word' id='word_1_231' title='bbox 1846 1740 2147 1793; x_wconf 63' lang='lat' dir='ltr'><strong>Theodore</strong></span> <span class='ocrx_word' id='word_1_232' title='bbox 2176 1741 2458 1794; x_wconf 77' lang='lat' dir='ltr'><strong>historiam</strong></span> <span class='ocrx_word' id='word_1_233' title='bbox 2490 1741 2785 1809; x_wconf 84' lang='lat' dir='ltr'><strong>aliquando</strong></span> <span class='ocrx_word' id='word_1_234' title='bbox 2814 1742 3113 1805; x_wconf 78' lang='lat' dir='ltr'><strong>exstitisse,</strong></span> <span class='ocrx_word' id='word_1_235' title='bbox 3146 1742 3280 1797; x_wconf 84' lang='lat' dir='ltr'><strong>satis</strong></span> <span class='ocrx_word' id='word_1_236' title='bbox 3319 1740 3509 1808; x_wconf 84' lang='lat' dir='ltr'><strong>utique</strong></span> <span class='ocrx_word' id='word_1_237' title='bbox 3534 1748 3617 1795; x_wconf 87' lang='lat' dir='ltr'><strong>est</strong></span> <span class='ocrx_word' id='word_1_238' title='bbox 3646 1735 3935 1793; x_wconf 84' lang='lat' dir='ltr'><strong>credibile:</strong></span> 
     </span>
    </p>
   </div>
   <div class='ocr_carea' id='block_1_19' title="bbox 708 1825 3937 1900">
    <p class='ocr_par' dir='ltr' id='par_1_19' title="bbox 708 1825 3937 1900">
     <span class='ocr_line' id='line_1_19' title="bbox 708 1825 3937 1900; baseline -0.003 -13"><span class='ocrx_word' id='word_1_239' title='bbox 708 1832 805 1888; x_wconf 84' lang='lat' dir='ltr'><strong>sed</strong></span> <span class='ocrx_word' id='word_1_240' title='bbox 849 1831 969 1900; x_wconf 83' lang='lat' dir='ltr'><strong>ejus</strong></span> <span class='ocrx_word' id='word_1_241' title='bbox 996 1831 1205 1883; x_wconf 88' lang='lat' dir='ltr'><strong>nullum</strong></span> <span class='ocrx_word' id='word_1_242' title='bbox 1250 1831 1515 1883; x_wconf 88' lang='lat' dir='ltr'><strong>hactenus</strong></span> <span class='ocrx_word' id='word_1_243' title='bbox 1555 1829 1815 1883; x_wconf 87' lang='lat' dir='ltr'><strong>indicium</strong></span> <span class='ocrx_word' id='word_1_244' title='bbox 1852 1828 2177 1894; x_wconf 85' lang='lat' dir='ltr'><strong>reperimus.</strong></span> <span class='ocrx_word' id='word_1_245' title='bbox 2224 1827 2595 1883; x_wconf 84' lang='lat' dir='ltr'><strong>Leo-Allatius</strong></span> <span class='ocrx_word' id='word_1_246' title='bbox 2636 1829 2690 1882; x_wconf 90' lang='lat' dir='ltr'><strong>in</strong></span> <span class='ocrx_word' id='word_1_247' title='bbox 2719 1844 2818 1883; x_wconf 89' lang='lat' dir='ltr'><strong>sua</strong></span> <span class='ocrx_word' id='word_1_248' title='bbox 2854 1830 2923 1885; x_wconf 87' lang='lat' dir='ltr'><strong>de</strong></span> <span class='ocrx_word' id='word_1_249' title='bbox 2958 1829 3277 1884; x_wconf 86' lang='lat' dir='ltr'><strong>Simeonum</strong></span> <span class='ocrx_word' id='word_1_250' title='bbox 3316 1827 3539 1897; x_wconf 80' lang='lat' dir='ltr'><strong>scriptis</strong></span> <span class='ocrx_word' id='word_1_251' title='bbox 3576 1825 3841 1889; x_wconf 79' lang='lat' dir='ltr'><strong>Diauiba,</strong></span> <span class='ocrx_word' id='word_1_252' title='bbox 3870 1839 3937 1877; x_wconf 88' lang='lat' dir='ltr'><strong>ea</strong></span> 
     </span>
    </p>
   </div>
   <div class='ocr_carea' id='block_1_20' title="bbox 702 1914 3936 1987">
    <p class='ocr_par' dir='ltr' id='par_1_20' title="bbox 702 1914 3936 1987">
     <span class='ocr_line' id='line_1_20' title="bbox 702 1914 3936 1987; baseline -0.001 -18"><span class='ocrx_word' id='word_1_253' title='bbox 702 1932 827 1987; x_wconf 66' lang='lat' dir='ltr'><strong>qua</strong></span> <span class='ocrx_word' id='word_1_254' title='bbox 870 1931 1005 1969; x_wconf 78' lang='lat' dir='ltr'><strong>vero</strong></span> <span class='ocrx_word' id='word_1_255' title='bbox 1034 1915 1419 1983; x_wconf 73' lang='lat' dir='ltr'><strong>Metaphrastis</strong></span> <span class='ocrx_word' id='word_1_256' title='bbox 1457 1926 1616 1974; x_wconf 88' lang='lat' dir='ltr'><strong>sunt,</strong></span> <span class='ocrx_word' id='word_1_257' title='bbox 1661 1914 1730 1967; x_wconf 87' lang='lat' dir='ltr'><strong>ab</strong></span> <span class='ocrx_word' id='word_1_258' title='bbox 1773 1915 1895 1969; x_wconf 87' lang='lat' dir='ltr'><strong>aliis</strong></span> <span class='ocrx_word' id='word_1_259' title='bbox 1933 1926 2206 1969; x_wconf 85' lang='lat' dir='ltr'><strong>certorum</strong></span> <span class='ocrx_word' id='word_1_260' title='bbox 2260 1916 2339 1967; x_wconf 89' lang='lat' dir='ltr'><strong>vel</strong></span> <span class='ocrx_word' id='word_1_261' title='bbox 2381 1918 2714 1969; x_wconf 87' lang='lat' dir='ltr'><strong>incertorum</strong></span> <span class='ocrx_word' id='word_1_262' title='bbox 2761 1926 3043 1971; x_wconf 85' lang='lat' dir='ltr'><strong>auctorum</strong></span> <span class='ocrx_word' id='word_1_263' title='bbox 3095 1915 3566 1971; x_wconf 86' lang='lat' dir='ltr'><strong>lucubrationibus</strong></span> <span class='ocrx_word' id='word_1_264' title='bbox 3612 1926 3936 1974; x_wconf 85' lang='lat' dir='ltr'><strong>secernens,</strong></span> 
     </span>
    </p>
   </div>
   <div class='ocr_carea' id='block_1_21' title="bbox 708 2000 3935 2074">
    <p class='ocr_par' dir='ltr' id='par_1_21' title="bbox 708 2000 3935 2074">
     <span class='ocr_line' id='line_1_21' title="bbox 708 2000 3935 2074; baseline -0.002 -18"><span class='ocrx_word' id='word_1_265' title='bbox 708 2020 835 2074; x_wconf 67' lang='lat' dir='ltr'><strong>pag.</strong></span> <span class='ocrx_word' id='word_1_266' title='bbox 873 2005 963 2067; x_wconf 84' lang='lat'><strong>88,</strong></span> <span class='ocrx_word' id='word_1_267' title='bbox 1003 2005 1212 2074; x_wconf 73' lang='lat' dir='ltr'><strong>primus</strong></span> <span class='ocrx_word' id='word_1_268' title='bbox 1241 2017 1339 2054; x_wconf 88' lang='lat' dir='ltr'><strong>nos</strong></span> <span class='ocrx_word' id='word_1_269' title='bbox 1366 2002 1548 2054; x_wconf 83' lang='lat' dir='ltr'><strong>docuit</strong></span> <span class='ocrx_word' id='word_1_270' title='bbox 1584 2000 1858 2055; x_wconf 72' lang='lat' dir='ltr'><strong>Nicolaum</strong></span> <span class='ocrx_word' id='word_1_271' title='bbox 1902 2001 2242 2066; x_wconf 86' lang='lat' dir='ltr'><strong>Cabasilam,</strong></span> <span class='ocrx_word' id='word_1_272' title='bbox 2288 2004 2430 2057; x_wconf 90' lang='lat' dir='ltr'><strong>circa</strong></span> <span class='ocrx_word' id='word_1_273' title='bbox 2482 2018 2613 2057; x_wconf 87' lang='lat' dir='ltr'><strong>ann.</strong></span> <span class='ocrx_word' id='word_1_274' title='bbox 2659 2002 2794 2057; x_wconf 78' lang='lat' dir='ltr'><strong>l350</strong></span> <span class='ocrx_word' id='word_1_275' title='bbox 2855 2004 3326 2072; x_wconf 58' lang='lat' dir='ltr'><strong>archiepiscopum</strong></span> <span class='ocrx_word' id='word_1_276' title='bbox 3365 2001 3935 2061; x_wconf 79' lang='lat' dir='ltr'><strong>Thessalonicensem,</strong></span> 
     </span>
    </p>
   </div>
   <div class='ocr_carea' id='block_1_22' title="bbox 711 2071 3936 2159">
    <p class='ocr_par' dir='ltr' id='par_1_22' title="bbox 711 2071 3936 2159">
     <span class='ocr_line' id='line_1_22' title="bbox 711 2071 3936 2159; baseline -0.002 -16"><span class='ocrx_word' id='word_1_277' title='bbox 711 2071 934 2159; x_wconf 75' lang='lat' dir='ltr'><strong>aliquod</strong></span> <span class='ocrx_word' id='word_1_278' title='bbox 980 2071 1227 2156; x_wconf 64' lang='lat' dir='ltr'><strong>ejusdem</strong></span> <span class='ocrx_word' id='word_1_279' title='bbox 1268 2099 1475 2141; x_wconf 70' lang='lat' dir='ltr'><strong>sancta:</strong></span> <span class='ocrx_word' id='word_1_280' title='bbox 1520 2088 1807 2154; x_wconf 85' lang='lat' dir='ltr'><strong>scripsisse</strong></span> <span class='ocrx_word' id='word_1_281' title='bbox 1846 2091 2193 2150; x_wconf 88' lang='lat' dir='ltr'><strong>encomium,</strong></span> <span class='ocrx_word' id='word_1_282' title='bbox 2226 2091 2370 2156; x_wconf 91' lang='lat' dir='ltr'><strong>quod</strong></span> <span class='ocrx_word' id='word_1_283' title='bbox 2413 2092 2615 2158; x_wconf 88' lang='lat' dir='ltr'><strong>ubique</strong></span> <span class='ocrx_word' id='word_1_284' title='bbox 2652 2101 2953 2159; x_wconf 70' lang='lat' dir='ltr'><strong>quaerentes</strong></span> <span class='ocrx_word' id='word_1_285' title='bbox 2993 2071 3215 2144; x_wconf 84' lang='lat' dir='ltr'><strong>tandem</strong></span> <span class='ocrx_word' id='word_1_286' title='bbox 3253 2089 3557 2158; x_wconf 87' lang='lat' dir='ltr'><strong>reperimus</strong></span> <span class='ocrx_word' id='word_1_287' title='bbox 3584 2086 3640 2141; x_wconf 85' lang='lat' dir='ltr'><strong>in</strong></span> <span class='ocrx_word' id='word_1_288' title='bbox 3682 2084 3936 2138; x_wconf 69' lang='lat' dir='ltr'><strong>Caesarea</strong></span> 
     </span>
    </p>
   </div>
   <div class='ocr_carea' id='block_1_23' title="bbox 706 2171 3937 2243">
    <p class='ocr_par' dir='ltr' id='par_1_23' title="bbox 706 2171 3937 2243">
     <span class='ocr_line' id='line_1_23' title="bbox 706 2171 3937 2243; baseline -0.002 -12"><span class='ocrx_word' id='word_1_289' title='bbox 706 2177 1003 2231; x_wconf 82' lang='lat' dir='ltr'><strong>Viennensi</strong></span> <span class='ocrx_word' id='word_1_290' title='bbox 1031 2174 1390 2240; x_wconf 75' lang='lat' dir='ltr'><strong>Bibliotheca,</strong></span> <span class='ocrx_word' id='word_1_291' title='bbox 1416 2183 1469 2227; x_wconf 91' lang='lat' dir='ltr'><strong>et</strong></span> <span class='ocrx_word' id='word_1_292' title='bbox 1492 2172 1677 2227; x_wconf 82' lang='lat' dir='ltr'><strong>favore</strong></span> <span class='ocrx_word' id='word_1_293' title='bbox 1709 2174 2068 2227; x_wconf 79' lang='lat' dir='ltr'><strong>eruditissimi</strong></span> <span class='ocrx_word' id='word_1_294' title='bbox 2098 2174 2369 2243; x_wconf 89' lang='lat' dir='ltr'><strong>nobisque</strong></span> <span class='ocrx_word' id='word_1_295' title='bbox 2400 2176 2719 2229; x_wconf 80' lang='lat' dir='ltr'><strong>amicissimi</strong></span> <span class='ocrx_word' id='word_1_296' title='bbox 2750 2176 2850 2228; x_wconf 88' lang='lat' dir='ltr'><strong>viri</strong></span> <span class='ocrx_word' id='word_1_297' title='bbox 2876 2176 3017 2229; x_wconf 84' lang='lat' dir='ltr'><strong>Petri</strong></span> <span class='ocrx_word' id='word_1_298' title='bbox 3044 2174 3343 2240; x_wconf 73' lang='lat' dir='ltr'><strong>Lambecii,</strong></span> <span class='ocrx_word' id='word_1_299' title='bbox 3369 2175 3547 2228; x_wconf 88' lang='lat' dir='ltr'><strong>eidem</strong></span> <span class='ocrx_word' id='word_1_300' title='bbox 3577 2171 3937 2226; x_wconf 70' lang='lat' dir='ltr'><strong>Bibliotheca</strong></span> 
     </span>
    </p>
   </div>
   <div class='ocr_carea' id='block_1_24' title="bbox 707 2259 2942 2329">
    <p class='ocr_par' dir='ltr' id='par_1_24' title="bbox 707 2259 2942 2329">
     <span class='ocr_line' id='line_1_24' title="bbox 707 2259 2942 2329; baseline 0 -12"><span class='ocrx_word' id='word_1_301' title='bbox 707 2280 856 2318; x_wconf 81' lang='lat' dir='ltr'><strong>nunc</strong></span> <span class='ocrx_word' id='word_1_302' title='bbox 879 2260 1143 2329; x_wconf 61' lang='lat' dir='ltr'><strong>praefecti,</strong></span> <span class='ocrx_word' id='word_1_303' title='bbox 1173 2260 1507 2329; x_wconf 87' lang='lat' dir='ltr'><strong>descriptum</strong></span> <span class='ocrx_word' id='word_1_304' title='bbox 1537 2259 1869 2327; x_wconf 84' lang='lat' dir='ltr'><strong>accepimus,</strong></span> <span class='ocrx_word' id='word_1_305' title='bbox 1900 2261 2062 2328; x_wconf 87' lang='lat' dir='ltr'><strong>idque</strong></span> <span class='ocrx_word' id='word_1_306' title='bbox 2095 2259 2284 2315; x_wconf 84' lang='lat' dir='ltr'><strong>Latine</strong></span> <span class='ocrx_word' id='word_1_307' title='bbox 2309 2262 2576 2315; x_wconf 87' lang='lat' dir='ltr'><strong>redditum</strong></span> <span class='ocrx_word' id='word_1_308' title='bbox 2613 2263 2699 2317; x_wconf 88' lang='lat' dir='ltr'><strong>hic</strong></span> <span class='ocrx_word' id='word_1_309' title='bbox 2728 2264 2942 2317; x_wconf 85' lang='lat' dir='ltr'><strong>damus.</strong></span> 
     </span>
    </p>
   </div>
   <div class='ocr_carea' id='block_1_25' title="bbox 783 2346 3936 2421">
    <p class='ocr_par' dir='ltr' id='par_1_25' title="bbox 783 2346 3936 2421">
     <span class='ocr_line' id='line_1_25' title="bbox 783 2346 3936 2421; baseline 0.001 -17"><span class='ocrx_word' id='word_1_310' title='bbox 783 2353 838 2404; x_wconf 74' lang='grc'><strong>4.</strong></span> <span class='ocrx_word' id='word_1_311' title='bbox 882 2351 976 2402; x_wconf 80' lang='lat' dir='ltr'><strong>Est</strong></span> <span class='ocrx_word' id='word_1_312' title='bbox 1002 2348 1134 2401; x_wconf 90' lang='lat' dir='ltr'><strong>illud</strong></span> <span class='ocrx_word' id='word_1_313' title='bbox 1162 2347 1417 2414; x_wconf 88' lang='lat' dir='ltr'><strong>quidem,</strong></span> <span class='ocrx_word' id='word_1_314' title='bbox 1462 2360 1587 2399; x_wconf 92' lang='lat' dir='ltr'><strong>cum</strong></span> <span class='ocrx_word' id='word_1_315' title='bbox 1619 2347 2041 2414; x_wconf 74' lang='lat' dir='ltr'><strong>exaggeratione</strong></span> <span class='ocrx_word' id='word_1_316' title='bbox 2090 2346 2253 2399; x_wconf 86' lang='lat' dir='ltr'><strong>multa</strong></span> <span class='ocrx_word' id='word_1_317' title='bbox 2308 2358 2361 2401; x_wconf 89' lang='lat' dir='ltr'><strong>et</strong></span> <span class='ocrx_word' id='word_1_318' title='bbox 2405 2348 2672 2403; x_wconf 74' lang='lat' dir='ltr'><strong>facundia:</strong></span> <span class='ocrx_word' id='word_1_319' title='bbox 2714 2351 3002 2405; x_wconf 70' lang='lat' dir='ltr'><strong>rhetoricae</strong></span> <span class='ocrx_word' id='word_1_320' title='bbox 3045 2351 3391 2406; x_wconf 72' lang='lat' dir='ltr'><strong>aﬂectatione</strong></span> <span class='ocrx_word' id='word_1_321' title='bbox 3422 2357 3717 2421; x_wconf 87' lang='lat' dir='ltr'><strong>scriptum,</strong></span> <span class='ocrx_word' id='word_1_322' title='bbox 3752 2352 3936 2407; x_wconf 84' lang='lat' dir='ltr'><strong>verbis</strong></span> 
     </span>
    </p>
   </div>
   <div class='ocr_carea' id='block_1_26' title="bbox 712 2432 3934 2505">
    <p class='ocr_par' dir='ltr' id='par_1_26' title="bbox 712 2432 3934 2505">
     <span class='ocr_line' id='line_1_26' title="bbox 712 2432 3934 2505; baseline -0 -16"><span class='ocrx_word' id='word_1_323' title='bbox 712 2451 875 2504; x_wconf 87' lang='lat' dir='ltr'><strong>quam</strong></span> <span class='ocrx_word' id='word_1_324' title='bbox 928 2434 1090 2487; x_wconf 86' lang='lat' dir='ltr'><strong>rebus</strong></span> <span class='ocrx_word' id='word_1_325' title='bbox 1126 2432 1442 2498; x_wconf 85' lang='lat' dir='ltr'><strong>copiosius:</strong></span> <span class='ocrx_word' id='word_1_326' title='bbox 1485 2432 1654 2484; x_wconf 89' lang='lat' dir='ltr'><strong>multa</strong></span> <span class='ocrx_word' id='word_1_327' title='bbox 1696 2444 1874 2485; x_wconf 88' lang='lat' dir='ltr'><strong>tamen</strong></span> <span class='ocrx_word' id='word_1_328' title='bbox 1924 2448 2026 2487; x_wconf 93' lang='lat' dir='ltr'><strong>nos</strong></span> <span class='ocrx_word' id='word_1_329' title='bbox 2069 2434 2253 2486; x_wconf 90' lang='lat' dir='ltr'><strong>docuit</strong></span> <span class='ocrx_word' id='word_1_330' title='bbox 2293 2432 2359 2484; x_wconf 88' lang='lat' dir='ltr'><strong>ad</strong></span> <span class='ocrx_word' id='word_1_331' title='bbox 2409 2434 2690 2485; x_wconf 76' lang='lat' dir='ltr'><strong>histm-inm</strong></span> <span class='ocrx_word' id='word_1_332' title='bbox 2726 2434 3088 2500; x_wconf 83' lang='lat' dir='ltr'><strong>pertinentia.</strong></span> <span class='ocrx_word' id='word_1_333' title='bbox 3138 2436 3366 2503; x_wconf 84' lang='lat' dir='ltr'><strong>patriam</strong></span> <span class='ocrx_word' id='word_1_334' title='bbox 3398 2435 3604 2489; x_wconf 83' lang='lat' dir='ltr'><strong>scilicet</strong></span> <span class='ocrx_word' id='word_1_335' title='bbox 3642 2434 3934 2505; x_wconf 68' lang='lat' dir='ltr'><strong>Eginam;</strong></span> 
     </span>
    </p>
   </div>
   <div class='ocr_carea' id='block_1_27' title="bbox 712 2517 3935 2592">
    <p class='ocr_par' dir='ltr' id='par_1_27' title="bbox 712 2517 3935 2592">
     <span class='ocr_line' id='line_1_27' title="bbox 712 2517 3935 2592; baseline -0 -16"><span class='ocrx_word' id='word_1_336' title='bbox 712 2522 1007 2576; x_wconf 70' lang='lat' dir='ltr'><strong>Antonium</strong></span> <span class='ocrx_word' id='word_1_337' title='bbox 1049 2532 1213 2586; x_wconf 85' lang='lat' dir='ltr'><strong>atque</strong></span> <span class='ocrx_word' id='word_1_338' title='bbox 1254 2517 1651 2587; x_wconf 73' lang='lat' dir='ltr'><strong>Chrysantbam</strong></span> <span class='ocrx_word' id='word_1_339' title='bbox 1693 2528 2217 2587; x_wconf 86' lang='lat' dir='ltr'><strong>parentes,quorum</strong></span> <span class='ocrx_word' id='word_1_340' title='bbox 2255 2522 2617 2572; x_wconf 84' lang='lat' dir='ltr'><strong>constantiam</strong></span> <span class='ocrx_word' id='word_1_341' title='bbox 2676 2520 2899 2574; x_wconf 63' lang='lat' dir='ltr'><strong>haeresis</strong></span> <span class='ocrx_word' id='word_1_342' title='bbox 2948 2520 3242 2574; x_wconf 68' lang='lat' dir='ltr'><strong>Ecclesium</strong></span> <span class='ocrx_word' id='word_1_343' title='bbox 3300 2521 3603 2576; x_wconf 81' lang='lat' dir='ltr'><strong>obscurans</strong></span> <span class='ocrx_word' id='word_1_344' title='bbox 3651 2522 3935 2592; x_wconf 78' lang='lat' dir='ltr'><strong>probarit;</strong></span> 
     </span>
    </p>
   </div>
   <div class='ocr_carea' id='block_1_28' title="bbox 710 2604 3934 2679">
    <p class='ocr_par' dir='ltr' id='par_1_28' title="bbox 710 2604 3934 2679">
     <span class='ocr_line' id='line_1_28' title="bbox 710 2604 3934 2679; baseline 0 -15"><span class='ocrx_word' id='word_1_345' title='bbox 710 2610 901 2677; x_wconf 79' lang='lat' dir='ltr'><strong>utique</strong></span> <span class='ocrx_word' id='word_1_346' title='bbox 934 2605 1337 2663; x_wconf 84' lang='lat' dir='ltr'><strong>iconoclastica.</strong></span> <span class='ocrx_word' id='word_1_347' title='bbox 1385 2604 1453 2659; x_wconf 88' lang='lat' dir='ltr'><strong>iis</strong></span> <span class='ocrx_word' id='word_1_348' title='bbox 1492 2605 1829 2671; x_wconf 82' lang='lat' dir='ltr'><strong>temporibus</strong></span> <span class='ocrx_word' id='word_1_349' title='bbox 1862 2613 2103 2672; x_wconf 77' lang='lat' dir='ltr'><strong>grassata</strong></span> <span class='ocrx_word' id='word_1_350' title='bbox 2129 2645 2143 2670; x_wconf 93' lang='lat'><strong>,</strong></span> <span class='ocrx_word' id='word_1_351' title='bbox 2185 2607 2384 2673; x_wconf 88' lang='lat' dir='ltr'><strong>quibus</strong></span> <span class='ocrx_word' id='word_1_352' title='bbox 2423 2611 2524 2662; x_wconf 85' lang='lat' dir='ltr'><strong>sub</strong></span> <span class='ocrx_word' id='word_1_353' title='bbox 2557 2606 2817 2663; x_wconf 74' lang='lat' dir='ltr'><strong>llichaele</strong></span> <span class='ocrx_word' id='word_1_354' title='bbox 2850 2608 3037 2673; x_wconf 85' lang='lat' dir='ltr'><strong>Balbo,</strong></span> <span class='ocrx_word' id='word_1_355' title='bbox 3072 2610 3214 2663; x_wconf 68' lang='lat' dir='ltr'><strong>circa</strong></span> <span class='ocrx_word' id='word_1_356' title='bbox 3245 2625 3448 2663; x_wconf 88' lang='lat' dir='ltr'><strong>annum</strong></span> <span class='ocrx_word' id='word_1_357' title='bbox 3485 2612 3696 2677; x_wconf 89' lang='lat' dir='ltr'><strong>imperii</strong></span> <span class='ocrx_word' id='word_1_358' title='bbox 3725 2611 3847 2679; x_wconf 82' lang='lat' dir='ltr'><strong>ejus</strong></span> <span class='ocrx_word' id='word_1_359' title='bbox 3878 2612 3934 2676; x_wconf 72' lang='lat'><strong>3,</strong></span> 
     </span>
    </p>
   </div>
   <div class='ocr_carea' id='block_1_29' title="bbox 707 2691 3935 2763">
    <p class='ocr_par' dir='ltr' id='par_1_29' title="bbox 707 2691 3935 2763">
     <span class='ocr_line' id='line_1_29' title="bbox 707 2691 3935 2763; baseline -0.001 -11"><span class='ocrx_word' id='word_1_360' title='bbox 707 2695 919 2752; x_wconf 85' lang='lat' dir='ltr'><strong>Christi</strong></span> <span class='ocrx_word' id='word_1_361' title='bbox 946 2695 1073 2759; x_wconf 75' lang='lat'><strong>8‘23,</strong></span> <span class='ocrx_word' id='word_1_362' title='bbox 1108 2696 1229 2761; x_wconf 87' lang='lat' dir='ltr'><strong>ipso</strong></span> <span class='ocrx_word' id='word_1_363' title='bbox 1264 2711 1281 2741; x_wconf 74' lang='grc' dir='ltr'><strong><em>ι</em></strong></span> <span class='ocrx_word' id='word_1_364' title='bbox 1317 2693 1582 2745; x_wconf 87' lang='lat' dir='ltr'><strong>adversus</strong></span> <span class='ocrx_word' id='word_1_365' title='bbox 1609 2691 1861 2744; x_wconf 86' lang='lat' dir='ltr'><strong>rebellem</strong></span> <span class='ocrx_word' id='word_1_366' title='bbox 1893 2691 2156 2745; x_wconf 73' lang='lat' dir='ltr'><strong>Thomam</strong></span> <span class='ocrx_word' id='word_1_367' title='bbox 2184 2702 2472 2763; x_wconf 84' lang='lat' dir='ltr'><strong>occupato,</strong></span> <span class='ocrx_word' id='word_1_368' title='bbox 2494 2704 2546 2746; x_wconf 86' lang='lat' dir='ltr'><strong>et</strong></span> <span class='ocrx_word' id='word_1_369' title='bbox 2569 2694 2729 2747; x_wconf 85' lang='lat' dir='ltr'><strong>aliam</strong></span> <span class='ocrx_word' id='word_1_370' title='bbox 2752 2709 2969 2747; x_wconf 91' lang='lat' dir='ltr'><strong>omnem</strong></span> <span class='ocrx_word' id='word_1_371' title='bbox 3001 2710 3212 2756; x_wconf 90' lang='lat' dir='ltr'><strong>curam,</strong></span> <span class='ocrx_word' id='word_1_372' title='bbox 3247 2714 3265 2746; x_wconf 77' lang='grc' dir='ltr'><strong>ι</strong></span> <span class='ocrx_word' id='word_1_373' title='bbox 3301 2705 3359 2749; x_wconf 92' lang='lat' dir='ltr'><strong>ut</strong></span> <span class='ocrx_word' id='word_1_374' title='bbox 3381 2696 3572 2751; x_wconf 86' lang='lat' dir='ltr'><strong>scribit</strong></span> <span class='ocrx_word' id='word_1_375' title='bbox 3598 2696 3703 2750; x_wconf 88' lang='lat' dir='ltr'><strong>Leo</strong></span> <span class='ocrx_word' id='word_1_376' title='bbox 3731 2696 3935 2751; x_wconf 83' lang='lat' dir='ltr'><strong>Gram-</strong></span> 
     </span>
    </p>
   </div>
   <div class='ocr_carea' id='block_1_30' title="bbox 708 2776 3942 2852">
    <p class='ocr_par' dir='ltr' id='par_1_30' title="bbox 708 2776 3942 2852">
     <span class='ocr_line' id='line_1_30' title="bbox 708 2776 3942 2852; baseline -0 -13"><span class='ocrx_word' id='word_1_377' title='bbox 708 2785 971 2847; x_wconf 88' lang='lat' dir='ltr'><strong>maticus,</strong></span> <span class='ocrx_word' id='word_1_378' title='bbox 1009 2801 1028 2833; x_wconf 73' lang='grc' dir='ltr'>ι</span> <span class='ocrx_word' id='word_1_379' title='bbox 1068 2782 1195 2835; x_wconf 84' lang='lat' dir='ltr'><strong>huic</strong></span> <span class='ocrx_word' id='word_1_380' title='bbox 1229 2779 1389 2832; x_wconf 89' lang='lat' dir='ltr'><strong>unice</strong></span> <span class='ocrx_word' id='word_1_381' title='bbox 1443 2778 1821 2847; x_wconf 85' lang='lat' dir='ltr'><strong>posthabente,</strong></span> <span class='ocrx_word' id='word_1_382' title='bbox 1854 2777 2036 2844; x_wconf 82' lang='lat' dir='ltr'><strong>Creta,</strong></span> <span class='ocrx_word' id='word_1_383' title='bbox 2070 2776 2251 2831; x_wconf 86' lang='lat' dir='ltr'><strong>Sicilia</strong></span> <span class='ocrx_word' id='word_1_384' title='bbox 2282 2790 2332 2833; x_wconf 89' lang='lat' dir='ltr'><strong>et</strong></span> <span class='ocrx_word' id='word_1_385' title='bbox 2372 2780 2563 2833; x_wconf 74' lang='lat' dir='ltr'><strong>insula:</strong></span> <span class='ocrx_word' id='word_1_386' title='bbox 2595 2790 2800 2834; x_wconf 67' lang='lat' dir='ltr'><strong>vocata:</strong></span> <span class='ocrx_word' id='word_1_387' title='bbox 2824 2780 3085 2850; x_wconf 86' lang='lat' dir='ltr'><strong>Cyclades</strong></span> <span class='ocrx_word' id='word_1_388' title='bbox 3112 2782 3164 2850; x_wconf 92' lang='lat' dir='ltr'><strong>(a</strong></span> <span class='ocrx_word' id='word_1_389' title='bbox 3194 2782 3394 2851; x_wconf 87' lang='lat' dir='ltr'><strong>quibus</strong></span> <span class='ocrx_word' id='word_1_390' title='bbox 3424 2798 3532 2837; x_wconf 84' lang='lat' dir='ltr'><strong>non</strong></span> <span class='ocrx_word' id='word_1_391' title='bbox 3575 2784 3734 2852; x_wconf 79' lang='lat' dir='ltr'><strong>longe</strong></span> <span class='ocrx_word' id='word_1_392' title='bbox 3764 2785 3942 2839; x_wconf 83' lang='lat' dir='ltr'><strong>dista-</strong></span> 
     </span>
    </p>
   </div>
   <div class='ocr_carea' id='block_1_31' title="bbox 708 2864 3935 2939">
    <p class='ocr_par' dir='ltr' id='par_1_31' title="bbox 708 2864 3935 2939">
     <span class='ocr_line' id='line_1_31' title="bbox 708 2864 3935 2939; baseline 0 -13"><span class='ocrx_word' id='word_1_393' title='bbox 708 2873 805 2926; x_wconf 80' lang='lat' dir='ltr'><strong>bat</strong></span> <span class='ocrx_word' id='word_1_394' title='bbox 836 2866 1057 2939; x_wconf 66' lang='lat' dir='ltr'><strong>)Egina)</strong></span> <span class='ocrx_word' id='word_1_395' title='bbox 1090 2882 1122 2920; x_wconf 92' lang='lat' dir='ltr'><strong>a</strong></span> <span class='ocrx_word' id='word_1_396' title='bbox 1155 2867 1400 2920; x_wconf 79' lang='lat' dir='ltr'><strong>Romano</strong></span> <span class='ocrx_word' id='word_1_397' title='bbox 1429 2864 1656 2932; x_wconf 84' lang='lat' dir='ltr'><strong>imperio</strong></span> <span class='ocrx_word' id='word_1_398' title='bbox 1685 2864 1932 2917; x_wconf 76' lang='lat' dir='ltr'><strong>rescissa:</strong></span> <span class='ocrx_word' id='word_1_399' title='bbox 1964 2874 2093 2918; x_wconf 88' lang='lat' dir='ltr'><strong>sunt</strong></span> <span class='ocrx_word' id='word_1_400' title='bbox 2117 2867 2184 2916; x_wconf 86' lang='lat' dir='ltr'><strong>ab</strong></span> <span class='ocrx_word' id='word_1_401' title='bbox 2211 2865 2355 2920; x_wconf 83' lang='lat' dir='ltr'><strong>Afris</strong></span> <span class='ocrx_word' id='word_1_402' title='bbox 2379 2875 2430 2921; x_wconf 89' lang='lat' dir='ltr'><strong>et</strong></span> <span class='ocrx_word' id='word_1_403' title='bbox 2460 2868 2753 2921; x_wconf 82' lang='lat' dir='ltr'><strong>Arabibus.</strong></span> <span class='ocrx_word' id='word_1_404' title='bbox 2789 2885 2807 2918; x_wconf 72' lang='grc' dir='ltr'><strong>ι</strong></span> <span class='ocrx_word' id='word_1_405' title='bbox 2840 2867 3050 2921; x_wconf 80' lang='lat' dir='ltr'><strong>Etenim</strong></span> <span class='ocrx_word' id='word_1_406' title='bbox 3076 2868 3239 2935; x_wconf 84' lang='lat' dir='ltr'><strong>hujus</strong></span> <span class='ocrx_word' id='word_1_407' title='bbox 3265 2871 3588 2939; x_wconf 89' lang='lat' dir='ltr'><strong>irruptionis</strong></span> <span class='ocrx_word' id='word_1_408' title='bbox 3616 2873 3935 2935; x_wconf 85' lang='lat' dir='ltr'><strong>occasione,</strong></span> 
     </span>
    </p>
   </div>
   <div class='ocr_carea' id='block_1_32' title="bbox 708 2944 3941 3029">
    <p class='ocr_par' dir='ltr' id='par_1_32' title="bbox 708 2944 3941 3029">
     <span class='ocr_line' id='line_1_32' title="bbox 708 2944 3941 3029; baseline -0.001 -14"><span class='ocrx_word' id='word_1_409' title='bbox 708 2961 823 3015; x_wconf 82' lang='lat' dir='ltr'><strong>sive</strong></span> <span class='ocrx_word' id='word_1_410' title='bbox 857 2958 963 3011; x_wconf 86' lang='lat' dir='ltr'><strong>vim</strong></span> <span class='ocrx_word' id='word_1_411' title='bbox 984 2944 1117 3025; x_wconf 77' lang='lat' dir='ltr'><strong>ejus</strong></span> <span class='ocrx_word' id='word_1_412' title='bbox 1145 2954 1323 3023; x_wconf 88' lang='lat' dir='ltr'><strong>reipsa</strong></span> <span class='ocrx_word' id='word_1_413' title='bbox 1360 2954 1633 3006; x_wconf 83' lang='lat' dir='ltr'><strong>senserint</strong></span> <span class='ocrx_word' id='word_1_414' title='bbox 1665 2951 1957 3021; x_wconf 61' lang='lat' dir='ltr'><strong>Eginette,</strong></span> <span class='ocrx_word' id='word_1_415' title='bbox 1983 2968 2079 3006; x_wconf 87' lang='lat' dir='ltr'><strong>seu</strong></span> <span class='ocrx_word' id='word_1_416' title='bbox 2114 2954 2352 3005; x_wconf 88' lang='lat' dir='ltr'><strong>vicinum</strong></span> <span class='ocrx_word' id='word_1_417' title='bbox 2388 2954 2689 3022; x_wconf 89' lang='lat' dir='ltr'><strong>periculum</strong></span> <span class='ocrx_word' id='word_1_418' title='bbox 2717 2968 2813 3008; x_wconf 91' lang='lat' dir='ltr'><strong>eos</strong></span> <span class='ocrx_word' id='word_1_419' title='bbox 2844 2957 3083 3024; x_wconf 72' lang='lat' dir='ltr'><strong>coegerit</strong></span> <span class='ocrx_word' id='word_1_420' title='bbox 3112 2971 3226 3010; x_wconf 67' lang='lat' dir='ltr'><strong>suae</strong></span> <span class='ocrx_word' id='word_1_421' title='bbox 3258 2958 3419 3010; x_wconf 89' lang='lat' dir='ltr'><strong>saluti</strong></span> <span class='ocrx_word' id='word_1_422' title='bbox 3453 2959 3745 3013; x_wconf 88' lang='lat' dir='ltr'><strong>consulere</strong></span> <span class='ocrx_word' id='word_1_423' title='bbox 3772 2972 3941 3029; x_wconf 81' lang='lat' dir='ltr'><strong>atque</strong></span> 
     </span>
    </p>
   </div>
   <div class='ocr_carea' id='block_1_33' title="bbox 715 3037 3943 3122">
    <p class='ocr_par' dir='ltr' id='par_1_33' title="bbox 715 3037 3943 3122">
     <span class='ocr_line' id='line_1_33' title="bbox 715 3037 3943 3122; baseline 0.001 -24"><span class='ocrx_word' id='word_1_424' title='bbox 715 3047 783 3099; x_wconf 88' lang='lat' dir='ltr'><strong>ad</strong></span> <span class='ocrx_word' id='word_1_425' title='bbox 816 3044 1019 3097; x_wconf 87' lang='lat' dir='ltr'><strong>tutiora</strong></span> <span class='ocrx_word' id='word_1_426' title='bbox 1062 3041 1237 3104; x_wconf 87' lang='lat' dir='ltr'><strong>abire,</strong></span> <span class='ocrx_word' id='word_1_427' title='bbox 1275 3037 1719 3122; x_wconf 77' lang='lat' dir='ltr'><strong>Thessalonicam</strong></span> <span class='ocrx_word' id='word_1_428' title='bbox 1770 3037 2011 3107; x_wconf 75' lang='lat' dir='ltr'><strong>profugit</strong></span> <span class='ocrx_word' id='word_1_429' title='bbox 2090 3054 2194 3091; x_wconf 89' lang='lat' dir='ltr'><strong>non</strong></span> <span class='ocrx_word' id='word_1_430' title='bbox 2244 3040 2314 3093; x_wconf 90' lang='lat' dir='ltr'><strong>ita</strong></span> <span class='ocrx_word' id='word_1_431' title='bbox 2350 3041 2552 3109; x_wconf 90' lang='lat' dir='ltr'><strong>pridem</strong></span> <span class='ocrx_word' id='word_1_432' title='bbox 2582 3042 2767 3106; x_wconf 83' lang='lat' dir='ltr'><strong>juncta</strong></span> <span class='ocrx_word' id='word_1_433' title='bbox 2813 3042 3163 3097; x_wconf 87' lang='lat' dir='ltr'><strong>matrimonio</strong></span> <span class='ocrx_word' id='word_1_434' title='bbox 3198 3041 3519 3109; x_wconf 85' lang='lat' dir='ltr'><strong>Theodora;</strong></span> <span class='ocrx_word' id='word_1_435' title='bbox 3557 3046 3773 3113; x_wconf 86' lang='lat' dir='ltr'><strong>ibique.</strong></span> <span class='ocrx_word' id='word_1_436' title='bbox 3813 3059 3943 3115; x_wconf 88' lang='lat' dir='ltr'><strong>post</strong></span> 
     </span>
    </p>
   </div>
   <div class='ocr_carea' id='block_1_34' title="bbox 713 3125 3933 3201">
    <p class='ocr_par' dir='ltr' id='par_1_34' title="bbox 713 3125 3933 3201">
     <span class='ocr_line' id='line_1_34' title="bbox 713 3125 3933 3201; baseline 0 -14"><span class='ocrx_word' id='word_1_437' title='bbox 713 3134 953 3187; x_wconf 88' lang='lat' dir='ltr'><strong>oblatam</strong></span> <span class='ocrx_word' id='word_1_438' title='bbox 982 3131 1092 3184; x_wconf 86' lang='lat' dir='ltr'><strong>Deo</strong></span> <span class='ocrx_word' id='word_1_439' title='bbox 1119 3128 1307 3192; x_wconf 79' lang='lat' dir='ltr'><strong>filiam,</strong></span> <span class='ocrx_word' id='word_1_440' title='bbox 1335 3126 1550 3180; x_wconf 89' lang='lat' dir='ltr'><strong>tandem</strong></span> <span class='ocrx_word' id='word_1_441' title='bbox 1584 3126 1667 3179; x_wconf 89' lang='lat' dir='ltr'><strong>sui</strong></span> <span class='ocrx_word' id='word_1_442' title='bbox 1690 3126 1834 3194; x_wconf 88' lang='lat' dir='ltr'><strong>juris</strong></span> <span class='ocrx_word' id='word_1_443' title='bbox 1858 3125 2049 3179; x_wconf 85' lang='lat' dir='ltr'><strong>effecta</strong></span> <span class='ocrx_word' id='word_1_444' title='bbox 2083 3141 2176 3195; x_wconf 90' lang='lat' dir='ltr'><strong>per</strong></span> <span class='ocrx_word' id='word_1_445' title='bbox 2206 3127 2387 3179; x_wconf 84' lang='lat' dir='ltr'><strong>mariti</strong></span> <span class='ocrx_word' id='word_1_446' title='bbox 2420 3138 2671 3189; x_wconf 88' lang='lat' dir='ltr'><strong>mortem,</strong></span> <span class='ocrx_word' id='word_1_447' title='bbox 2704 3129 3070 3181; x_wconf 88' lang='lat' dir='ltr'><strong>monasticum</strong></span> <span class='ocrx_word' id='word_1_448' title='bbox 3102 3130 3351 3197; x_wconf 77' lang='lat' dir='ltr'><strong>amplexa</strong></span> <span class='ocrx_word' id='word_1_449' title='bbox 3375 3140 3455 3184; x_wconf 87' lang='lat' dir='ltr'><strong>cst</strong></span> <span class='ocrx_word' id='word_1_450' title='bbox 3484 3131 3796 3186; x_wconf 88' lang='lat' dir='ltr'><strong>institutum</strong></span> <span class='ocrx_word' id='word_1_451' title='bbox 3818 3133 3933 3201; x_wconf 86' lang='lat' dir='ltr'><strong>jam</strong></span> 
     </span>
    </p>
   </div>
   <div class='ocr_carea' id='block_1_35' title="bbox 713 3211 3933 3291">
    <p class='ocr_par' dir='ltr' id='par_1_35' title="bbox 713 3211 3933 3291">
     <span class='ocr_line' id='line_1_35' title="bbox 713 3211 3933 3291; baseline 0.001 -20"><span class='ocrx_word' id='word_1_452' title='bbox 713 3220 1005 3291; x_wconf 63' lang='lat' dir='ltr'><strong>grandaeva</strong></span> <span class='ocrx_word' id='word_1_453' title='bbox 1036 3235 1050 3271; x_wconf 91' lang='lat'>:</span> <span class='ocrx_word' id='word_1_454' title='bbox 1082 3220 1137 3271; x_wconf 92' lang='lat' dir='ltr'><strong>in</strong></span> <span class='ocrx_word' id='word_1_455' title='bbox 1164 3231 1275 3284; x_wconf 89' lang='lat' dir='ltr'><strong>quo</strong></span> <span class='ocrx_word' id='word_1_456' title='bbox 1301 3216 1366 3268; x_wconf 89' lang='lat' dir='ltr'><strong>ad</strong></span> <span class='ocrx_word' id='word_1_457' title='bbox 1398 3213 1881 3283; x_wconf 79' lang='lat' dir='ltr'><strong>profundissimam</strong></span> <span class='ocrx_word' id='word_1_458' title='bbox 1913 3228 2088 3281; x_wconf 88' lang='lat' dir='ltr'><strong>usque</strong></span> <span class='ocrx_word' id='word_1_459' title='bbox 2114 3223 2448 3267; x_wconf 87' lang='lat' dir='ltr'><strong>senectutem</strong></span> <span class='ocrx_word' id='word_1_460' title='bbox 2482 3227 2861 3280; x_wconf 81' lang='lat' dir='ltr'><strong>perseverans,</strong></span> <span class='ocrx_word' id='word_1_461' title='bbox 2890 3211 3100 3266; x_wconf 89' lang='lat' dir='ltr'><strong>videtur</strong></span> <span class='ocrx_word' id='word_1_462' title='bbox 3123 3228 3300 3281; x_wconf 87' lang='lat' dir='ltr'><strong>usque</strong></span> <span class='ocrx_word' id='word_1_463' title='bbox 3329 3216 3394 3268; x_wconf 88' lang='lat' dir='ltr'><strong>ad</strong></span> <span class='ocrx_word' id='word_1_464' title='bbox 3425 3216 3607 3269; x_wconf 69' lang='lat' dir='ltr'><strong>szeculi</strong></span> <span class='ocrx_word' id='word_1_465' title='bbox 3644 3233 3694 3271; x_wconf 80' lang='lat' dir='ltr'><strong>lx</strong></span> <span class='ocrx_word' id='word_1_466' title='bbox 3729 3233 3933 3273; x_wconf 89' lang='lat' dir='ltr'><strong>annum</strong></span> 
     </span>
    </p>
   </div>
   <div class='ocr_carea' id='block_1_36' title="bbox 686 3295 3938 3378">
    <p class='ocr_par' dir='ltr' id='par_1_36' title="bbox 686 3295 3938 3378">
     <span class='ocr_line' id='line_1_36' title="bbox 686 3295 3938 3378; baseline -0.002 -14"><span class='ocrx_word' id='word_1_467' title='bbox 686 3310 938 3364; x_wconf 86' lang='lat' dir='ltr'><strong>circiter</strong></span> <span class='ocrx_word' id='word_1_468' title='bbox 991 3303 1061 3358; x_wconf 89' lang='lat'><strong>80</strong></span> <span class='ocrx_word' id='word_1_469' title='bbox 1100 3302 1410 3371; x_wconf 84' lang='lat' dir='ltr'><strong>pervenisse</strong></span> <span class='ocrx_word' id='word_1_470' title='bbox 1447 3300 1736 3353; x_wconf 86' lang='lat' dir='ltr'><strong>autetiam</strong></span> <span class='ocrx_word' id='word_1_471' title='bbox 1777 3300 1941 3378; x_wconf 76' lang='lat' dir='ltr'><strong>ultra.</strong></span> <span class='ocrx_word' id='word_1_472' title='bbox 1978 3305 2154 3366; x_wconf 84' lang='lat' dir='ltr'><strong>Atque</strong></span> <span class='ocrx_word' id='word_1_473' title='bbox 2181 3304 2295 3353; x_wconf 59' lang='lat' dir='ltr'><strong>hac</strong></span> <span class='ocrx_word' id='word_1_474' title='bbox 2329 3300 2507 3353; x_wconf 88' lang='lat' dir='ltr'><strong>omnia</strong></span> <span class='ocrx_word' id='word_1_475' title='bbox 2552 3298 2710 3352; x_wconf 85' lang='lat' dir='ltr'><strong>nobis</strong></span> <span class='ocrx_word' id='word_1_476' title='bbox 2744 3313 2807 3351; x_wconf 75' lang='lat' dir='ltr'><strong>ea</strong></span> <span class='ocrx_word' id='word_1_477' title='bbox 2845 3295 2949 3352; x_wconf 86' lang='lat' dir='ltr'><strong>hoc</strong></span> <span class='ocrx_word' id='word_1_478' title='bbox 2975 3299 3238 3360; x_wconf 74' lang='lat' dir='ltr'><strong>Cabasilze</strong></span> <span class='ocrx_word' id='word_1_479' title='bbox 3263 3303 3514 3356; x_wconf 87' lang='lat' dir='ltr'><strong>encomio</strong></span> <span class='ocrx_word' id='word_1_480' title='bbox 3556 3307 3938 3373; x_wconf 69' lang='lat' dir='ltr'><strong>cognoscenda</strong></span> 
     </span>
    </p>
   </div>
   <div class='ocr_carea' id='block_1_37' title="bbox 718 3384 3940 3467">
    <p class='ocr_par' dir='ltr' id='par_1_37' title="bbox 718 3384 3940 3467">
     <span class='ocr_line' id='line_1_37' title="bbox 718 3384 3940 3467; baseline -0.001 -17"><span class='ocrx_word' id='word_1_481' title='bbox 718 3396 1049 3467; x_wconf 70' lang='lat' dir='ltr'><strong>praebentur,</strong></span> <span class='ocrx_word' id='word_1_482' title='bbox 1086 3406 1191 3445; x_wconf 91' lang='lat' dir='ltr'><strong>una</strong></span> <span class='ocrx_word' id='word_1_483' title='bbox 1221 3404 1345 3444; x_wconf 90' lang='lat' dir='ltr'><strong>cum</strong></span> <span class='ocrx_word' id='word_1_484' title='bbox 1390 3388 1546 3441; x_wconf 90' lang='lat' dir='ltr'><strong>titulo</strong></span> <span class='ocrx_word' id='word_1_485' title='bbox 1581 3386 2023 3454; x_wconf 71' lang='grc' dir='ltr'><strong>Μυροσλύτιβσς,</strong></span> <span class='ocrx_word' id='word_1_486' title='bbox 2058 3384 2480 3455; x_wconf 74' lang='lat' dir='ltr'><strong>Ungueutiﬂuze,</strong></span> <span class='ocrx_word' id='word_1_487' title='bbox 2522 3394 2575 3439; x_wconf 90' lang='lat' dir='ltr'><strong>et</strong></span> <span class='ocrx_word' id='word_1_488' title='bbox 2602 3386 2918 3439; x_wconf 88' lang='lat' dir='ltr'><strong>testimonio</strong></span> <span class='ocrx_word' id='word_1_489' title='bbox 2963 3387 3229 3439; x_wconf 78' lang='lat' dir='ltr'><strong>salutiferi</strong></span> <span class='ocrx_word' id='word_1_490' title='bbox 3268 3388 3374 3441; x_wconf 89' lang='lat' dir='ltr'><strong>olei</strong></span> <span class='ocrx_word' id='word_1_491' title='bbox 3420 3403 3485 3442; x_wconf 83' lang='lat' dir='ltr'><strong>ex</strong></span> <span class='ocrx_word' id='word_1_492' title='bbox 3523 3386 3642 3456; x_wconf 84' lang='lat' dir='ltr'><strong>ejus</strong></span> <span class='ocrx_word' id='word_1_493' title='bbox 3686 3392 3940 3459; x_wconf 85' lang='lat' dir='ltr'><strong>sepulcro</strong></span> 
     </span>
    </p>
   </div>
   <div class='ocr_carea' id='block_1_38' title="bbox 715 3471 3938 3547">
    <p class='ocr_par' dir='ltr' id='par_1_38' title="bbox 715 3471 3938 3547">
     <span class='ocr_line' id='line_1_38' title="bbox 715 3471 3938 3547; baseline -0.002 -9"><span class='ocrx_word' id='word_1_494' title='bbox 715 3480 1091 3544; x_wconf 85' lang='lat' dir='ltr'><strong>scaturientis,</strong></span> <span class='ocrx_word' id='word_1_495' title='bbox 1123 3476 1586 3547; x_wconf 85' lang='lat' dir='ltr'><strong>quemadmodum</strong></span> <span class='ocrx_word' id='word_1_496' title='bbox 1625 3476 1689 3528; x_wconf 90' lang='lat' dir='ltr'><strong>de</strong></span> <span class='ocrx_word' id='word_1_497' title='bbox 1724 3474 1935 3529; x_wconf 84' lang='lat' dir='ltr'><strong>sanctis</strong></span> <span class='ocrx_word' id='word_1_498' title='bbox 1973 3472 2221 3537; x_wconf 85' lang='lat' dir='ltr'><strong>Nicolao,</strong></span> <span class='ocrx_word' id='word_1_499' title='bbox 2250 3472 2548 3533; x_wconf 87' lang='lat' dir='ltr'><strong>Demetrio.</strong></span> <span class='ocrx_word' id='word_1_500' title='bbox 2589 3471 2884 3526; x_wconf 85' lang='lat' dir='ltr'><strong>Catharina</strong></span> <span class='ocrx_word' id='word_1_501' title='bbox 2928 3474 3191 3542; x_wconf 76' lang='lat' dir='ltr'><strong>legimus,</strong></span> <span class='ocrx_word' id='word_1_502' title='bbox 3229 3484 3283 3527; x_wconf 88' lang='lat' dir='ltr'><strong>et</strong></span> <span class='ocrx_word' id='word_1_503' title='bbox 3318 3475 3421 3528; x_wconf 84' lang='lat' dir='ltr'><strong>hoc</strong></span> <span class='ocrx_word' id='word_1_504' title='bbox 3467 3490 3612 3530; x_wconf 88' lang='lat' dir='ltr'><strong>nono</strong></span> <span class='ocrx_word' id='word_1_505' title='bbox 3652 3480 3938 3547; x_wconf 83' lang='lat' dir='ltr'><strong>sequenti-</strong></span> 
     </span>
    </p>
   </div>
   <div class='ocr_carea' id='block_1_39' title="bbox 720 3559 3939 3638">
    <p class='ocr_par' dir='ltr' id='par_1_39' title="bbox 720 3559 3939 3638">
     <span class='ocr_line' id='line_1_39' title="bbox 720 3559 3939 3638; baseline 0.002 -17"><span class='ocrx_word' id='word_1_506' title='bbox 720 3572 935 3638; x_wconf 85' lang='lat' dir='ltr'><strong>busque</strong></span> <span class='ocrx_word' id='word_1_507' title='bbox 956 3565 1175 3627; x_wconf 68' lang='lat' dir='ltr'><strong>saeculis</strong></span> <span class='ocrx_word' id='word_1_508' title='bbox 1197 3561 1506 3618; x_wconf 81' lang='lat' dir='ltr'><strong>invenimus</strong></span> <span class='ocrx_word' id='word_1_509' title='bbox 1530 3560 1760 3623; x_wconf 89' lang='lat' dir='ltr'><strong>factum,</strong></span> <span class='ocrx_word' id='word_1_510' title='bbox 1787 3560 1852 3613; x_wconf 88' lang='lat' dir='ltr'><strong>ad</strong></span> <span class='ocrx_word' id='word_1_511' title='bbox 1884 3561 2121 3630; x_wconf 87' lang='lat' dir='ltr'><strong>plurium</strong></span> <span class='ocrx_word' id='word_1_512' title='bbox 2143 3560 2374 3615; x_wconf 86' lang='lat' dir='ltr'><strong>aliarum</strong></span> <span class='ocrx_word' id='word_1_513' title='bbox 2409 3560 2697 3615; x_wconf 81' lang='lat' dir='ltr'><strong>sanctitate</strong></span> <span class='ocrx_word' id='word_1_514' title='bbox 2730 3559 3023 3615; x_wconf 87' lang='lat' dir='ltr'><strong>illustrium</strong></span> <span class='ocrx_word' id='word_1_515' title='bbox 3056 3575 3410 3629; x_wconf 88' lang='lat' dir='ltr'><strong>personarum</strong></span> <span class='ocrx_word' id='word_1_516' title='bbox 3439 3567 3844 3622; x_wconf 85' lang='lat' dir='ltr'><strong>venerationem</strong></span> <span class='ocrx_word' id='word_1_517' title='bbox 3880 3568 3939 3626; x_wconf 84' lang='lat' dir='ltr'><strong>in</strong></span> 
     </span>
    </p>
   </div>
   <div class='ocr_carea' id='block_1_40' title="bbox 714 3649 1896 3718">
    <p class='ocr_par' dir='ltr' id='par_1_40' title="bbox 714 3649 1896 3718">
     <span class='ocr_line' id='line_1_40' title="bbox 714 3649 1896 3718; baseline -0.009 -8"><span class='ocrx_word' id='word_1_518' title='bbox 714 3655 977 3711; x_wconf 69' lang='lat' dir='ltr'><strong>Ecclesiis</strong></span> <span class='ocrx_word' id='word_1_519' title='bbox 1009 3652 1382 3710; x_wconf 81' lang='lat' dir='ltr'><strong>Orientalibus</strong></span> <span class='ocrx_word' id='word_1_520' title='bbox 1410 3649 1896 3718; x_wconf 79' lang='lat' dir='ltr'><strong>comprobandum.</strong></span> 
     </span>
    </p>
   </div>
  </div>
