4140 6318
624 378 739 441 ’155

1890 380 2197 440 ΝιττοιΛι
2248 383 2288 439 C
2304 380 2636 440 ABASIL‘E

3780 372 3897 434 ’ἱῑῶ

630 489 695 543 de
731 486 1116 559 Unguentiﬂua
1162 491 1261 542 hac
1304 487 1596 542 instituere
1636 487 2021 556 aggrediantur
2048 528 2062 554 ,
2108 504 2203 543 ne-

2311 489 2458 558 παρά
2492 487 2672 540 πάντα
2700 487 2757 539 δὲ
2783 486 2959 540 ταῦτα
2980 487 3027 538 εί
3057 485 3193 555 μετά
3221 486 3427 540 τούτων
3451 486 3629 557 δεήσει
3655 487 3771 540 τῶν
3805 481 3900 533 λο-

631 582 874 635 ressario
906 580 1188 644 usuvenit,
1218 590 1276 631 ut
1306 595 1413 632 nun
1459 577 1623 633 modo
1664 594 1771 632 non
1816 579 1999 633 dicant
2037 581 2200 648 quiil-

638 689 805 742 quam
844 674 989 745 quod
1021 674 1086 727 ad
1123 689 1303 727 rerum
1340 675 1579 739 ipsarum
1613 674 1839 727 accedat
1876 674 2334 744 magnitudinem,
2373 674 2466 728 sed
2511 689 2609 726 nec
2636 673 2881 727 dicturos
2952 686 3009 728 se
3045 682 3294 740 sperent;

2308 577 2543 645 γισμῶν,
2573 576 2604 646 ἢ
2638 578 2883 645 ἀπαντᾷν
2916 577 2995 637 είς
3030 575 3279 633 τουτουσὶ
3307 575 3433 637 τοὺς
3462 575 3701 642 ἀγῶνας.

3378 672 3683 725 absurdum
3760 688 3889 726 om-

629 766 761 820 nino
801 765 982 829 fuerit,
1016 766 1190 820 solum
1221 780 1307 819 me
1346 782 1411 818 ex
1444 766 1701 819 omnibus
1728 766 1821 835 qui
1858 766 1973 819 haec
2037 774 2361 827 trecturunt,
2441 764 2817 819 sollicitiorem
2867 779 2990 819 esse
3035 765 3183 819 circa
3230 763 3318 816 illa
3366 764 3584 828 omnia,
3630 763 3677 818 si
3754 774 3887 832 post

630 858 756 913 illos
799 873 885 913 me
931 874 1152 928 quoque
1194 874 1374 914 sermo
1414 861 1665 924 deﬁciat,
1718 876 1816 914 nec
1869 862 2076 929 possim
2124 870 2203 914 tot
2241 862 2645 915 certaminibus
2677 860 3028 928 respondere.

707 949 763 1001 2.
801 948 1066 1017 Equidem
1095 964 1199 1003 non
1232 949 1421 1018 ignoro
1441 952 1581 1017 quod
1596 952 1920 1005 Oratoribus
1943 951 2200 1004 omnibus

634 1040 719 1091 lex
752 1038 867 1092 haec
897 1038 969 1092 sit
996 1040 1191 1106 posita,
1220 1046 1276 1091 ut
1306 1048 1398 1092 aut
1423 1039 1791 1107 eloquentiam
1822 1055 2005 1109 parem
2042 1054 2204 1108 argu-

638 1139 822 1184 mento
854 1130 1104 1190 aﬂerant,
1134 1141 1227 1183 aut
1257 1130 1535 1185 silentium
1569 1141 1817 1195 teneant;
1847 1137 1899 1183 et
1940 1130 2082 1198 quod
2115 1145 2198 1183 res

637 1218 888 1273 iauilibus
922 1219 1178 1275 humanis
1208 1219 1445 1288 majores
1473 1236 1803 1287 omnemque
1834 1222 2201 1289 comparatio-

636 1324 761 1362 nem
795 1311 1237 1364 transcendentes
1293 1326 1321 1363 a
1360 1311 1555 1379 seip‘sis
1586 1312 1819 1364 habeant
1847 1320 1902 1365 ut
1936 1312 2040 1365 sibi
2070 1327 2199 1365 con-

638 1416 772 1467 grua
805 1417 1085 1470 nunquam
1114 1412 1522 1471 consequantur
1553 1405 1799 1457 encomia
1824 1444 1839 1467 ,
1874 1417 1982 1457 non
2024 1420 2089 1457 ex
2122 1404 2203 1456 in-

641 1490 961 1545 sumcientia
989 1492 1324 1552 laudatoris:
1358 1494 1589 1562 ideoque
1612 1497 1881 1566 contingit
1904 1497 2014 1552 illis
2039 1496 2203 1552 veluti

641 1580 871 1650 alnigma
906 1581 1202 1651 quoddam,
1241 1592 1299 1637 ut
1331 1592 1551 1653 propter
1584 1601 1705 1655 quae
1743 1603 1963 1641 necesse
1997 1598 2079 1642 est
2112 1602 2204 1641 eas

639 1687 750 1742 pra:
788 1672 912 1728 aliis
956 1673 1256 1738 admirari,
1299 1685 1524 1744 propter
1586 1676 1777 1731 eadem
1831 1677 2014 1731 nullus
2057 1677 2204 1744 ipsas

639 1764 869 1819 dicendo
909 1773 1124 1821 tractet.
1170 1767 1422 1822 Attamen
1454 1758 1597 1822 vera:
1630 1769 1827 1822 rationi
1868 1768 2037 1837 magis
2072 1784 2205 1823 con-

641 1871 837 1925 gruum
880 1872 1002 1911 esse
1044 1872 1262 1923 censeo,
1313 1867 1371 1911 nt
1410 1858 1649 1912 volentes
1684 1858 1750 1912 de
1794 1858 1990 1913 talibus
2026 1860 2203 1913 .rebus

2380 952 2444 1021 β’.
2481 952 2588 1004 Καὶ
2620 942 2772 1011 οὗτος
2810 951 2894 1001 ἀεὶ
2927 952 3039 1010 τοῖς
3077 949 3295 1014 λέγουσι
3332 948 3580 1002 κείσεται
3620 950 3813 1019 νόμος,
3855 952 3889 1018 ἦ

2309 1044 2639 1111 παρέχεσθαι
2674 1042 2771 1111 τὴν
2818 1042 3058 1109 γλῶτταν
3100 1041 3206 1093 τῶν
3239 1039 3546 1093 ὑποθέσεων
3590 1041 3750 1105 ἀξίαν

2306 1136 2336 1201 ἢ
2370 1136 2578 1202 ωωπᾷν
2642 1133 2777 1199 τάγε
2808 1131 2978 1200 μείζω
2999 1130 3108 1182 τῶν
3132 1130 3368 1181 ἐπαίνων
3393 1129 3488 1181 καὶ
3520 1131 3700 1183 πᾶσαν
3729 1132 3895 1183 ἀντε-

2310 1226 2529 1291 ξέτασιν
2556 1204 2892 1291 ὑπερϐάντα,
2918 1220 3168 1273 ἐντεῦθεν
3190 1221 3249 1272 οὗ
3276 1220 3384 1271 τῶν
3408 1220 3635 1274 εἰκότων
3658 1221 3894 1285 τεύξονη

2305 1333 2414 1376 ται,
2469 1315 2558 1367 τοῦ
2593 1314 2939 1375 ἐπαινοῦντος
2994 1310 3355 1381 ἀποχρώντως
3407 1312 3507 1365 οὐκ
3553 1312 3701 1376 ὄντος
3790 1315 3898 1367 καὶ

2310 1403 2651 1473 συμὸήσεται
2692 1401 2943 1469 καθάπερ
2973 1402 3205 1469 αίνιγμα
3242 1403 3353 1462 τοῖς
3385 1400 3698 1469 πράγμασιν
3765 1403 3896 1455 ἀνθ’

2306 1484 2379 1544 ὧν
2405 1491 2511 1559 γάρ
2535 1492 2748 1557 ἀνάγκη
2768 1488 3147 1558 θαυμάζεσθαι
3169 1488 3278 1541 τῶν
3299 1489 3475 1541 ἄλλων
3491 1489 3894 1559 διαφερόντως,

2308 1583 2425 1636 ἀντὶ
2448 1582 2651 1634 τούτων
2673 1581 2845 1643 οὐδεὶς
2870 1598 2935 1633 πε
2946 1580 2998 1651 pi
3019 1582 3195 1633 αὐτῶν
3220 1581 3335 1649 ὲρετ
3350 1594 3365 1608 ·
3393 1578 3506 1646 ἐγὼ
3531 1582 3589 1633 δὲ
3608 1581 3703 1633 καὶ
3726 1581 3897 1633 τοῦτο

2308 1674 2450 1741 λέγω
2507 1673 2708 1735 παντὸς
2759 1671 2959 1741 μᾶλλον
3020 1671 3276 1741 ἀληθείας
3340 1670 3603 1739 μετέχων,
3637 1671 3713 1733 ὡς
3778 1672 3897 1740 ἄρα
3977 1680 3987 1695 ⁴

2312 1759 2392 1826 οἷς
2453 1763 2594 1832 ὑπὲρ
2642 1762 2749 1815 τῶν
2795 1763 3136 1831 πραγμάτων
3187 1763 3302 1815 ζιστὶ
3329 1802 3342 1825 ,
3390 1762 3451 1814 τὸ
3502 1763 3709 1824 πάντας
3764 1762 3900 1822 τοὺς

2313 1857 2457 1926 ὑπὲρ
2501 1856 2707 1911 τούτων
2755 1855 2950 1923 λόγους
3002 1855 3154 1907 κάτω
3200 1854 3409 1917 πεσεῖν,
3472 1853 3681 1921 ἀνάγκη
3743 1854 3901 1905 πᾶσα

639 1962 823 2014 agere,
849 1946 1047 2016 quibus
1074 1949 1253 2004 omnis
1282 1963 1466 2003 sermo
1499 1950 1818 2004 succumbat
1850 1962 2075 2004 necesse
2101 1956 2203 2011 est,

2309 1947 2548 2011 τούτους,
2607 1945 2783 2013 λέγειν
2812 1946 2909 2008 ὡς
2955 1945 3191 2015 ἀληθῶς,
3242 1942 3384 2013 ὑπὲρ
3438 1944 3644 1995 τούτων
3678 1945 3868 2013 ἐπίχει

639 2037 785 2091 serio
814 2038 1193 2105 profiteantur,
1224 2039 1369 2094 scire
1398 2054 1457 2093 se
1490 2039 1619 2093 talia
1657 2055 1947 2107 aggressos
1984 2041 2205 2094 minime

640 2140 826 2195 parem
854 2125 1049 2182 allerre
1077 2128 1335 2183 dictionis
1365 2130 1767 2193 excellentiam,
1800 2146 1901 2184 nec
1932 2129 2203 2200 indignari

644 2228 922 2285 tamquam
956 2217 1170 2272 invidos
1198 2232 1389 2273 eorum
1434 2234 1557 2287 qua:
1604 2230 1732 2274 sunt
1774 2220 2051 2276 laudanda
2093 2236 2208 2275 ma-

641 2307 939 2376 gnitudini,
976 2323 1101 2365 cum
1132 2309 1268 2363 nihil
1311 2318 1507 2379 praeter
1536 2325 1689 2364 suam
1722 2310 2033 2378 Opinionem
2064 2311 2210 2366 acci-

641 2398 754 2461 dat,
789 2397 1059 2467 siquidem
1094 2414 1199 2453 non
1227 2413 1307 2465 se,
1338 2400 1433 2454 sed
1464 2400 1606 2468 ipsas
1638 2414 1725 2453 res
1757 2401 2033 2455 voluerint
2072 2416 2208 2469 prai-

642 2488 849 2545 dicare.
874 2488 985 2543 lmo
1007 2504 1137 2545 vero
1155 2491 1336 2558 potius
1360 2491 1618 2545 convenit
1638 2507 1700 2546 ea
1726 2493 2005 2545 tractanda
2031 2492 2209 2547 susci-

645 2592 794 2645 pere,
836 2592 1069 2648 quorum
1108 2578 1211 2633 hoc
1258 2578 1377 2648 ipso
1407 2579 1613 2633 clarius
1648 2579 1923 2633 eiucesret
1951 2581 2209 2650 dignitas,

643 2667 791 2737 quod
840 2667 908 2723 iis
964 2666 1193 2723 inferior
1244 2678 1428 2723 nostra
1476 2670 1547 2722 sit
1602 2673 1799 2725 oratio.
1856 2672 2011 2736 Quod
2058 2672 2105 2727 si
2147 2674 2211 2727 de

643 2755 900 2813 omnibus
929 2756 1242 2812 istiusmodi
1276 2759 1441 2811 rebus
1477 2758 1593 2811 haec
1629 2774 1859 2814 necesse
1888 2770 1973 2814 est
2007 2750 2209 2825 dicere;

643 2862 865 2903 manum
898 2849 1054 2916 mihi,
1091 2849 1236 2904 sicut
1273 2850 1328 2904 in
1361 2850 1485 2904 aliis
1524 2850 1778 2906 omnibus
1815 2889 1828 2915 ,
1874 2852 1962 2905 hic
1994 2867 2214 2921 quoque

643 2935 1223 3006 porrigaLTheodora,
1251 2948 1428 3004 neque
1459 2937 1736 3004 permittat
1764 2953 2048 2992 sermones
2076 2941 2216 2992 mul-

642 3035 759 3082 tum
792 3027 1088 3085 inferiores
1126 3030 1294 3084 videri
1326 3028 1429 3094 iis,
1478 3043 1617 3098 quos
1646 3031 1739 3084 alii
1770 3030 1836 3085 de
1880 3031 1995 3099 ipsa
2025 3041 2215 3100 protu-

639 3117 781 3183 lere;
822 3120 1074 3188 quamvis
1112 3120 1342 3175 omnino
1395 3129 1647 3190 oporteat
1691 3120 1816 3177 illos
1862 3121 2108 3190 superari
2150 3122 2218 3177 ab

641 3205 733 3272 iis,
772 3209 974 3280 quibus
1004 3210 1124 3281 ipsa
1152 3209 1431 3266 cumulata
1457 3220 1563 3276 est,
1595 3210 1806 3280 gratiis.

2307 2038 2566 2107 ροῦντας,
2635 2038 2728 2090 καί
2805 2036 3124 2101 συνήδεσθαι
3191 2034 3289 2104 τῆς
3356 2031 3515 2097 ἀξίας
3573 2034 3899 2101 ἀποτυγχά-

2304 2144 2512 2191 νοντας,
2578 2127 2655 2197 μὴ
2695 2127 2778 2180 δτι
2835 2142 2899 2193 γε
2947 2125 3322 2195 δυσχεραίνειν
3371 2121 3450 2193 τῷ
3496 2122 3725 2191 μεγέθει
3778 2125 3897 2175 τῶν

2306 2216 2683 2283 ὲπαινομένων
2724 2214 2915 2285 ὥσπερ
2950 2214 3282 2282 φθονοῦντας
3353 2214 3420 2266 τὰ
3453 2215 3561 2283 γάρ
3598 2215 3752 2283 παρά
3790 2219 3895 2283 τῆς

2306 2306 2531 2372 γνώμης
2555 2306 2881 2373 συμπίπτει,
2914 2306 3071 2373 εἴπερ
3092 2306 3190 2375 οὐχ
3208 2305 3346 2375 ὑπὲρ
3375 2304 3526 2374 σφῶν
3548 2305 3753 2373 αὐτῶν,
3773 2289 3896 2358 ἀλλ’

2310 2396 2450 2465 ὑπὲρ
2495 2396 2604 2447 τῶν
2641 2396 2987 2466 πραγμάτων
3030 2399 3058 2449 ὁ
3095 2396 3253 2463 λόγος
3284 2397 3487 2458 αὐτοῖς.
3524 2395 3588 2449 Ei
3638 2396 3748 2465 γὰρ
3782 2397 3896 2466 χρὴ

2308 2485 2539 2555 τάληθὲς
2582 2488 2779 2550 εἰπεῖν,
2813 2486 3043 2547 ἐκείνοις
3074 2487 3345 2554 ἐγχειρεῖν
3378 2485 3617 2555 μάλιστα
3646 2486 3755 2538 τῶν
3789 2486 3894 2539 ἀλ-

2309 2576 2415 2628 λων
2448 2576 2739 2644 προσήκει,
2774 2578 2918 2645 ᾰπερ
2951 2576 3016 2629 ἂν
3046 2576 3383 2647 ἡττωμένοις
3417 2579 3531 2640 τοῖς
3562 2577 3746 2645 λόγοις
3778 2577 3901 2640 EE:-

2309 2668 2474 2737 λέγξη
2507 2660 2777 2737 φανερῶς.
2826 2668 2978 2720 Ἐπεὶ
3008 2667 3064 2720 δὲ
3092 2666 3237 2720 οὕτω
3267 2665 3443 2721 ταῦτα
3472 2669 3567 2721 καὶ
3593 2669 3777 2735 λέγειν
3805 2670 3898 2722 διὰ

2314 2760 2531 2809 πάντων
2557 2760 2794 2825 ἀνάγκη,
2819 2758 3072 2825 Θεοδώρα
3107 2759 3225 2826 μὲν,
3256 2759 3506 2829 καθάπερ
3530 2760 3588 2811 ὲν
3622 2762 3758 2812 πᾶσι
3781 2763 3900 2822 τοῖς

2313 2848 2516 2913 ἄλλοις,
2556 2848 2727 2912 οὓτως
2764 2851 2896 2918 ἡμῖν
2929 2848 3207 2902 κάνταῦθα
3234 2852 3393 2919 χεῖρα
3424 2850 3629 2920 ὀρέεοι,
3663 2851 3760 2903 καὶ
3788 2852 3895 2904 οὐκ

2315 2941 2463 3003 ἐάσοι
2492 2941 2617 3001 τοὺς
2648 2939 2836 3006 λόγους
2868 2938 3066 3008 ἥττους
3103 2939 3283 3008 πολλῷ
3307 2942 3542 3011 φανῆναι
3571 2942 3681 2995 τῶν
3713 2941 3897 2999 ἄλλων

2318 3032 2445 3100 περὶ¹
2473 3032 2643 3100 αὐτῆς
2672 3032 3000 3103 εἰρημένων,
3028 3032 3131 3085 κᾶν
3146 3031 3196 3084 εί
3224 3031 3364 3084 τῶν¹
3396 3032 3568 3107 αὐτῆς
3585 3035 3903 3108 ἡττηθῆναι

2318 3121 2471 3175 πᾶσα
2499 3121 2732 3192 ἀνάγκη.

2074 3352 2308 3411 CAPUT
2391 3359 2434 3413 l.

1626 3470 1845 3536 Patria,
1872 3472 2097 3538 natales,
2146 3474 2451 3545 conjughlm
2496 3474 2554 3531 S.
2591 3476 2896 3533 “eodem.

710 3582 767 3637 3.
805 3579 967 3638 Juxta
1020 3596 1301 3652 normam,
1352 3587 1720 3644 laudationem
1769 3590 2209 3659 aggredientibus

2385 3594 2452 3660 γ’.
2507 3594 2669 3665 Ἡμῖν
2724 3596 2801 3660 δὲ,
2854 3596 3042 3667 (κατά)
3093 3600 3258 3669 νόμον
3305 3601 3439 3653 πᾶσι
3491 3600 3748 3669 κείμενον
3781 3603 3901 3665 τοῖς

643 3673 954 3738 tenendam,
986 3676 1244 3730 convenit
1280 3685 1408 3731 ante
1431 3679 1616 3734 omnia
1650 3679 1970 3735 meminisse
2001 3682 2212 3750 patriae,

643 3774 704 3819 ut
729 3762 859 3821 inde
898 3763 1157 3820 nimirum
1190 3768 1439 3833 exorsis,
1481 3777 1642 3837 aptus
1679 3768 1880 3826 deinde
1912 3773 1984 3826 sit
2014 3773 2081 3826 ad
2107 3788 2215 3827 ca:-

646 3866 761 3913 tera
791 3869 1138 3925 progressus.
1171 3856 1269 3911 Est
1299 3857 1462 3926 igitur
1496 3857 1612 3922 illa,
1640 3874 1831 3914 earum
1863 3876 1986 3930 ηοω
2004 3873 2127 3917 sunt
2157 3863 2212 3917 in

644 3942 856 4003 Gracia
914 3945 1224 4001 insularum
1278 3948 1357 4018 (Ι)
1405 3960 1611 4018 caput:
1672 3966 1794 4005 nam
1842 3953 2217 4022 magnitudine

645 4036 901 4104 quidem,
946 4035 1355 4106 pulchritudine
1398 4052 1463 4095 ac
1492 4040 1599 4095 situ
1638 4050 1868 4097 eteteras
1898 4042 1975 4120 (2)
2023 4058 2215 4099 omnes

644 4127 1025 4196 circumiectas
1056 4136 1370 4197 exsuperat,
1403 4140 1457 4184 et
1486 4146 1659 4199 usque
1689 4132 1827 4188 adeo
1864 4134 2213 4190 mediocrita-

644 4224 750 4272 tem
782 4218 1016 4284 excedit,
1046 4227 1108 4273 ut
1140 4218 1428 4274 videantur
1463 4222 1585 4275 aliae
1624 4231 1904 4291 (tanquam
1940 4241 2038 4279 nec
2078 4241 2211 4280 con-

647 4312 778 4367 ferri
808 4312 1026 4381 quidem
1070 4327 1194 4367 cum
1234 4312 1429 4383 Egina
1461 4317 1723 4387 valentes)
1761 4320 1939 4373 eidem
1969 4319 2212 4377 hilariter

645 4404 849 4471 primas
875 4403 1173 4459 concedere
1202 4422 1214 4459 :
1246 4407 1389 4460 aeris
1413 4421 1542 4461 vero
1582 4409 1819 4477 annique
1852 4413 2127 4477 temperie,
2160 4420 2213 4465 et

643 4511 765 4565 quae
794 4496 925 4551 hinc
960 4497 1212 4566 provenit
1249 4498 1655 4564 commoditate,
1692 4508 1839 4553 tanta
1874 4499 2077 4554 fruitur
2100 4541 2114 4565 ,
2154 4512 2211 4557 ut

644 4588 759 4640 sola
786 4588 997 4642 censeri
1033 4588 1207 4658 possit
1243 4598 1353 4642 tum
1386 4590 1565 4643 omnis
1597 4590 1743 4645 circa
1786 4590 1898 4643 haec
1933 4591 2211 4646 felicitatis

642 4669 1079 4747 promptuarium
1109 4692 1251 4741 esse,
1295 4689 1408 4731 tum
1442 4681 1791 4747 suppeditare
1826 4684 2041 4736 eteteris
2068 4674 2219 4737 unde“

641 4783 820 4837 ipsam
858 4769 1093 4822 habeant
1136 4783 1265 4823 cum
1301 4768 1471 4823 multa
1508 4769 1881 4835 abundantia;
1919 4787 2029 4840 quo
2065 4773 2123 4826 tlt
2152 4777 2210 4826 ut

642 4858 807 4916 urbes
829 4858 909 4928 (5)
949 4860 1001 4914 in
1044 4874 1107 4915 ea
1153 4861 1264 4916 sint
1298 4860 1567 4932 plurimae.
1600 4861 1661 4917 Si
1697 4876 1829 4917 vero
1861 4863 1947 4919 bis
1975 4864 2209 4933 amplius

712 5063 784 5130 (ε)
822 5060 969 5119 Idem
1000 5063 1210 5130 ἀνξίαν.

718 5065 784 5201 (4;)
822 5065 969 5147 Idem
1000 5065 1210 5145 ἀνξίαν.
1263 5134 1275 5149 .
2080 5140 2091 5152 .
2164 5141 2177 5153 .

718 5137 734 5211 ς
776 5136 796 5203 )
838 5132 1017 5188 Malim
1054 5148 1133 5189 sic
1158 5133 1351 5189 Latine
1381 5133 1482 5202 legi
1512 5152 1527 5189 :
1560 5133 1668 5191 Sed
1698 5149 1785 5191 res
1962 5153 1990 5192 a
2016 5154 2210 5211 seipSis

645 5202 1169 5345 ῂὲῖἓίίιρτγὲεηριξιπ
1225 5273 1599 5345 ρτρρτῑθίυίι
1656 5273 1806 5345 ¹⁰⁰¹Ἒ⁸
1860 5278 2012 5331 urbis
2044 5279 2211 5333 Au'e'

647 5343 875 5415 piensis,
918 5341 1013 5396 ubi
1071 5341 1344 5415 victus-de
1394 5343 1614 5415 publico
1646 5343 2020 5415 praebebatur;
2070 5351 2211 5401 unde

646 5410 737 5465 hic
786 5424 886 5478 pro
949 5412 1323 5479 promptuario
1373 5410 1589 5479 publico
1640 5414 1886 5478 usurpari
1949 5410 2203 5473 videtur:

645 5488 773 5532 sunt
834 5481 924 5543 qui
961 5479 1066 5534 dici
1102 5490 1292 5553 putent
1339 5482 1491 5549 quasi
1521 5482 1699 5550 πόρου
1730 5480 1977 5550 ταμεῖον,
2008 5502 2127 5553 ηοω
2165 5489 2208 5541 si

644 5562 750 5628 non
783 5556 891 5628 _est
919 5563 1045 5602 vera
1080 5548 1422 5619 etymologia,
1474 5548 1710 5622 congrua
1760 5548 1845 5605 εει
1894 5554 1973 5607 ad’
2010 5548 2206 5611 nomen

644 5617 1067 5762 iuzfioi‘cdium
1092 5687 1223 5762 fere
1262 5695 1411 5762 Esne}.
1456 5685 1652 5762 Esin‘a
1696 5691 1815 5761 eius
1854 5693 2026 5762 pelasi
2059 5696 2205 5762 quod

646 5753 881 5810 Atticam
908 5755 977 5810 ab
1007 5757 1213 5812 Achaia
1243 5756 1458 5824 dividit,
1489 5753 1792 5817 stadiorum
1825 5753 2050 5819 circii'er
2074 5753 2144 5821 δι)
2168 5765 2223 5819 in

2316 3686 2687 3756 ἐγκωμιάζειν
2724 3688 3086 3756 ἐπιχειροῦσι,
3130 3692 3387 3763 πατρίδος
3414 3693 3616 3763 πρῶτα
3645 3693 3898 3763 μνησθῆ-

2316 3793 2403 3828 ναι
2451 3776 2597 3840 είκὸς
2646 3778 2712 3831 ἂν
2788 3779 2899 3847 εἴη,
2946 3780 3216 3849 δήπουθεν
3268 3782 3482 3836 ἐκεῖθεν
3538 3781 3896 3852 ἀρξαμένοις,

2315 3867 2484 3921 ἔπειτ’
2512 3870 2824 3933 ἀκολούθως
2849 3871 2941 3923 ἐπὶ
2966 3872 3136 3927 τᾶλλα
3165 3874 3500 3944 προϐαίνειν.
3530 3875 3689 3930 Ἐστι
3714 3875 3899 3929 τοίνυν

2313 3957 2453 4028 αὕτη
2502 3959 2667 4028 νῆσος
2691 3960 2818 4029 Ιτῶν
2860 3960 2920 4013 ὲν
2966 3961 3181 4017 Ἐλλάδι
3223 3965 3549 4033 κεφάλαιον,
3593 3968 3670 4031 ὡς
3710 3969 3899 4023 ετνεκα

2319 4047 2417 4115 μὲν
2448 4048 2714 4116 μεγέθους
2751 4050 2845 4103 καὶ
2883 4050 3118 4115 κάλλους
3149 4055 3245 4106 καὶ
3278 4054 3484 4119 θέσεως
3519 4057 3691 4125 μείζω
3718 4057 3897 4112 καθά·

2316 4138 2423 4202 παξ
2452 4139 2559 4191 τῶν
2592 4141 2895 4210 προσοίκων
2924 4143 3293 4215 ἀναφανῆναι,
3327 4148 3421 4201 καὶ
3458 4147 3604 4201 οὕτω
3641 4150 3894 4220 μεγίστῳ

2315 4230 2714 4300 παραλλάττειν
2750 4232 2829 4303 τῷ
2868 4234 3040 4305 μέσῳ,
3076 4237 3152 4302 ὡς
3201 4239 3299 4292 καὶ
3348 4239 3528 4293 δοκεῖν
3570 4240 3755 4305 πάσας
3794 4245 3897 4304 τὰς

2313 4320 2533 4386 νήσους,
2558 4319 2744 4390 ὥσπερ
2783 4323 2884 4376 οὐκ
2935 4325 3212 4398 ἀνταίρειν
3253 4327 3485 4397 ἐχούσας
3522 4331 3741 4401 Αἰγίνῃ,
3774 4335 3896 4402 μεθ’

2315 4408 2507 4479 ἡδονῆς
2552 4414 2658 4463 τῶν
2718 4415 3026 4483 πρεσϐείων
3076 4422 3428 4489 παραχωρεῖν
3506 4418 3665 4489 ὡρῶν
3704 4424 3760 4476 δὲ
3800 4426 3897 4477 καὶ

2312 4502 2489 4570 ἀέρων
2525 4506 2619 4557 καὶ
2649 4506 2742 4558 τοῦ
2775 4509 2896 4559 κατ’
2928 4508 3215 4577 ἀμφότερα
3245 4512 3533 4587 γινομένου
3567 4512 3714 4565 οὓτω
3740 4532 3895 4568 τετυ-

2311 4595 2538 4663 χηκέναι
2564 4599 2851 4665 λαμπρῶς,
2882 4597 3023 4651 ὥστε
3054 4601 3224 4670 μόνην
3246 4602 3453 4671 ταύτην
3468 4604 3645 4657 δοκεῖν
3668 4607 3765 4659 καὶ
3791 4608 3891 4675 τῆς

2311 4703 2377 4737 πε
2387 4688 2437 4755 pi
2461 4687 2638 4740 πάντα
2661 4689 2831 4742 ταῦτα
2857 4692 3151 4761 συμπάσης
3174 4693 3519 4763 εὐδαιμονίας
3541 4695 3788 4765 ὡσπερεὶ
3814 4700 3887 4769 (g)

2314 4780 2639 4843 πρυτανεῖον
2684 4774 2823 4832 εἶναι
2862 4782 2984 4841 ταῖς
3032 4781 3256 4851 ἀλλαις,
3299 4785 3396 4836 καὶ
3439 4789 3699 4855 χορηγεῖν
3744 4790 3892 4858 ἔχειν

2310 4867 2562 4922 ἐντεῦθεν
2590 4870 2729 4940 μετὰ
2753 4872 2948 4925 πολλοῦ
2969 4872 3065 4926 τοῦ
3089 4873 3392 4946 περιόντος,
3420 4877 3489 4929 δι’
3513 4871 3589 4932 ὧν
3616 4881 3673 4933 ai
3710 4882 3892 4947 πόλεις

2238 5074 2289 5134 Ι]
2316 5075 2571 5149 circuitu,
2606 5075 2672 5149 de
2704 5080 2873 5132 maris
2914 5080 3143 5149 imperio
3174 5083 3305 5136 olim
3327 5082 3675 5140 contendere
3711 5101 3883 5141 ausa:

2316 5144 2371 5197 in
2408 5146 2560 5201 sinus
2612 5144 2860 5201 Saronici
2898 5144 3062 5203 veluti
3099 5152 3391 5206 umbelim.

2390 5214 2465 5283 (2)
2508 5214 2708 5270 Versus
2738 5216 3024 5284 Isthmum,
3053 5220 3307 5281 Salamis,
3337 5221 3723 5277 Pharmacusaz
3742 5224 3882 5286 duae.

2316 5285 2567 5357 A_talanta
2620 5294 2677 5340 et
2708 5288 2851 5357 alim
2907 5288 3145 5344 minores
3190 5293 3476 5357 quaedam:
3523 5290 3777 5357 Belliina,
3830 5285 3882 5349 in

2318 5352 2569 5431 [Egiuam
2614 5365 2667 5408 et
2706 5356 2857 5431 littus
2898 5356 3177 5431 Atticum;
3209 5352 3411 5413 ’νει-ξος
3459 5352 3881 5431 Arcliipelagum

2317 5437 2447 5506 vero
2480 5423 2637 5506 pigno
2666 5426 2821 5489 niari,
2848 5425 3042 5506 nulla;
3076 5429 3170 5482 sed
3201 5431 3345 5506 circa
3379 5423 3676 5506 utrumque
3707 5423 3879 5497 littus,

2316 5501 2369 5546 et
2398 5491 2468 5544 ab
2494 5492 2690 5561 Egina
2748 5496 3089 5559 remotiores,
3121 5498 3304 5552 vat-ite.

2391 5561 2464 5634 (ὅ)
2492 5561 2855 5618 Nominantttr
2882 5565 2933 5634 in
2958 5580 3020 5617 ea
3069 5569 3184 5634 ipsa
3217 5566 3436 5634 Egilia,
3463 5568 3655 5622 insulae
3684 5583 3879 5623 nomen

2316 5629 2548 5690 faciens.
2590 5633 2733 5700 quod
2784 5634 2838 5686 in
2883 5629 3112 5695 Engiaiit
3153 5629 3317 5691 vertit
3362 5629 3659 5696 hodiernus
3699 5653 3878 5694 usus:

2316 5701 2507 5769 Aphew
2531 5700 2739 5771 fanum,
2774 5700 2921 5759 lovis
2952 5701 3286 5761 Panhdlenii
3322 5711 3489 5761 mons.
