4140 6318
161 500 260 560 Ἰδῖ

1386 507 1558 566 νιΤΑ
1690 504 2147 564 Ἰ“ΗΕι)[)ΟΙὶ.Έ.

3321 492 3418 553 ἵζε

159 616 437 682 ἀμείνους.
475 616 535 666 Εἰ
564 616 621 667 δὲ
658 615 752 667 καὶ
796 614 979 684 μεῖζον
1013 617 1134 669 ὅτου
1185 635 1268 679 τις
1307 617 1372 670 ἂν
1411 618 1555 670 εἴποι
1594 618 1727 685 πρὸς

1851 614 2041 681 iliquid
2072 613 2195 667 addi
2236 613 2408 681 possit
2451 611 2514 662 ad
2560 609 2808 677 gloriam,
2846 607 2971 661 inde
3009 607 3173 660 etiam
3213 602 3421 655 accedit

157 707 343 772 δόξαν,
388 710 562 762 καὶτὸ
602 710 741 763 κατὰ
771 712 896 773 τοὺς
929 710 1149 774 πολίτας
1180 711 1239 764 εὖ
1271 713 1394 781 ἕχον
1437 713 1730 766 κάντεῦθεν

164 800 403 866 μάλιστα
439 799 640 860 πάσαις
672 801 730 852 τδ
758 803 917 872 νικᾷν
951 804 1330 871 περιγίνεται,
1370 806 1465 857 καὶ
1498 804 1639 857 οὕτω
1674 806 1733 856 τὸ

159 891 288 943 κατ’
331 891 502 959 αὐτὴν
536 891 811 945 δείκνυται
842 893 1077 963 προῦχον
1103 910 1117 925 ⁸
1171 895 1277 961 ὅτῳ
1310 900 1418 965 γὰρ
1454 897 1587 950 πᾶσι
1622 900 1731 959 τοῖς

160 984 345 1045 ἄλλοις
378 986 643 1053 περιττῶς
676 985 1130 1055 φιλοτιμουμένη,
1168 989 1260 1039 καὶ
1292 988 1431 1041 κατὰ
1458 988 1647 1041 πασῶν
1675 989 1735 1040 τὸ

162 1073 365 1140 κράτος
391 1074 608 1141 ἔχουσα,
640 1077 734 1127 καὶ
754 1076 855 1145 τὴν
881 1077 1115 1129 νικῶσαν
1149 1080 1204 1129 ὲν
1233 1078 1407 1131 ἅπασι
1432 1081 1731 1149 φερομένη,

166 1163 371 1229 μείζων
405 1164 484 1226 είς
512 1164 666 1231 δόξαν
701 1168 733 1235 ή
761 1164 1044 1236 θαυμαστὴ
1076 1169 1183 1220 τῶν
1217 1170 1509 1222 οἰκούντων
1550 1174 1736 1223 ἐπιτυ-

163 1256 253 1323 χία
277 1298 292 1316 ,
330 1256 424 1309 καὶ
454 1258 515 1310 τὸ
541 1258 629 1312 διὰ
664 1260 880 1313 πάντων
909 1260 1158 1323 ἐλθοῦσα,
1191 1260 1265 1325 ὡς
1300 1259 1526 1331 μηδενὸ’ς
1566 1264 1734 1316 ἐνδεῖν

162 1341 237 1398 ὧν
267 1364 331 1414 γε
362 1350 548 1401 πόλεσι
578 1349 815 1418 μάλιστα
838 1351 919 1403 δεῖ
947 1352 1039 1403 καὶ
1068 1353 1189 1413 τοὺς
1219 1353 1445 1417 πολίτας
1470 1355 1737 1424 καταλλήτ

160 1438 288 1501 λους
324 1440 659 1507 κεκτῆσθαι·
699 1440 842 1493 οὕτω
881 1444 988 1509 γὰρ
1022 1444 1349 1513 χρηστότητι
1390 1446 1607 1515 τρόπων
1644 1450 1737 1501 καὶ

162 1530 311 1596 ἡοῶν
337 1531 624 1601 εὐκοσμία,
656 1532 747 1585 καὶ
772 1535 936 1585 πᾶσιν
960 1529 1039 1595 οἷς
1074 1535 1343 1605 ἀνθρώπῳ
1374 1536 1505 1606 πρὸς
1534 1539 1733 1606 τρόπου

161 1624 372 1680 πάντας
393 1623 615 1679 νικῶσιν
636 1625 709 1686 ὠς
741 1626 1000 1688 ἐπιεικῶς
1029 1631 1091 1695 τῇ
1122 1629 1337 1696 πατρίδι
1362 1631 1736 1698 προσήκοντας

163 1714 258 1761 καί
283 1712 396 1771 τοῖς
428 1712 635 1764 ἐκεῖθεν
657 1714 900 1777 ἐπαίνοις
928 1716 1000 1777 ὡς
1033 1719 1251 1779 οίκείοις
1280 1721 1735 1787 σεμνυνομένους,

161 1798 339 1862 οὕτως
368 1803 504 1871 αὐτῇ
539 1806 820 1870 συναύξειν
852 1806 909 1858 εὖ
946 1809 1176 1875 μάλιστα
1210 1811 1307 1869 τὰς
1339 1811 1631 1881 εὐφημίας,
1664 1814 1738 1876 ὡς

163 1889 465 1959 ἑκατέρους
498 1892 748 1962 ἀλλήλοις
775 1900 1018 1965 κοσμεῖν,
1053 1900 1145 1950 καὶ
1168 1899 1237 1951 δι’
1268 1900 1518 1969 ἀλλήλων
1553 1905 1739 1957 ἐκατέ-

166 1996 296 2048 ρους
331 1983 693 2053 εὐδαιμονεῖν.

235 2241 301 2297 δ’,
335 2244 550 2297 Τούτων
579 2248 634 2298 δὲ
664 2249 724 2301 τὸ
752 2250 1010 2316 μέγιστον
1038 2254 1199 2321 μέρος
1229 2257 1276 2308 οἱ
1312 2255 1617 2324 θαυμαστοὶ
1644 2262 1742 2327 τῆς

168 2335 421 2404 μεγάλης
453 2340 731 2406 πρόγονοι,
765 2343 858 2393 καὶ
884 2345 932 2394 οί
962 2345 1124 2397 αῐτιοι
1155 2350 1440 2414 γεγονότες
1467 2348 1601 2418 αὺτῇ
1643 2353 1743 2420 τῆς

166 2429 245 2488 εἰς
275 2427 370 2479 τὸν
398 2427 507 2496 βίον
540 2431 767 2499 προόδου
795 2449 807 2462 ⁶
848 2435 1102 2488 τοσοῦτον
1134 2438 1242 2507 γὰρ
1271 2440 1366 2492 καὶ
1398 2440 1632 2511 πλούτῳ,
1651 2445 1745 2511 καὶ

166 2518 296 2589 δόξῃ
361 2523 452 2573 καὶ
511 2521 588 2590 τῷ
635 2522 729 2575 τοῦ
796 2525 986 2590 γένους
1058 2523 1113 2580 εὖ
1166 2530 1311 2599 ἔχειν
1366 2536 1459 2585 καὶ
1521 2510 1743 2601 τρόποις

166 2614 429 2679 χρηστοῖς
461 2614 552 2665 καὶ
584 2615 661 2682 τῷ
694 2616 812 2682 Θεῴ
848 2617 1019 2682 φιλεῖς
1050 2614 1206 2681 εἶναι,
1247 2626 1342 2675 καὶ
1373 2625 1538 2677 πᾶσιν
1567 2626 1640 2688 ὡς
1674 2630 1748 2679 εί-

165 2706 295 2755 πεῖν
326 2706 436 2765 τοῖς
467 2704 762 2772 βελτίστοις
797 2710 947 2776 παρὰ
977 2710 1085 2761 τῶν
1114 2711 1346 2766 πολιτῶν
1375 2717 1435 2765 τὸ
1467 2720 1747 2788 συγκεχωο

169 2795 347 2863 ρηκδς
395 2796 569 2864 ἔσχον,
605 2799 729 2851 ὅσον
777 2794 921 2853 οὗτοι
952 2805 1045 2855 καὶ
1085 2806 1295 2867 τούτοις
1334 2809 1427 2858 καὶ
1456 2810 1587 2861 πᾶσι
1634 2814 1746 2873 τοῖς

165 2888 358 2948 ἄλλοις
388 2888 496 2940 τῶν
525 2890 701 2943 ἄλλων
732 2892 1064 2961 ἐκράτησαν.
1101 2898 1193 2958 Τίς
1235 2899 1332 2951 οὐκ
1358 2898 1497 2952 οἶδεν
1546 2902 1739 2955 Ἀντώ-

166 2996 304 3043 νιθνο
355 2979 412 3042 ὃς
454 2983 532 3043 εἰς
578 2982 704 3043 τοὺς
748 2984 1000 3054 ἱερᾶσθαι
1041 2986 1303 3055 λαχόντας
1352 2991 1596 3057 τελέσας,
1655 2995 1749 3046 καὶ

168 3070 385 3132 πάντας
445 3073 501 3122 ἐν
560 3074 726 3125 πᾶσιν
783 3075 1191 3146 ὑπερνικήσας,
1245 3078 1446 3145 ἔδειξεν
1503 3086 1749 3153 ἐναργῶς

166 3164 357 3215 ὁποῖον
386 3159 526 3215 εἶναι
551 3164 657 3234 χρὴ
690 3167 791 3219 κάν
821 3170 928 3229 τοῖς
954 3166 1138 3238 ἔργοις
1173 3172 1262 3223 τὸν
1288 3174 1547 3244 τοιαύτην
1588 3180 1748 3248 ἐσχη-

168 3252 310 3308 κότα.
346 3257 647 3325 πρόσρησιν
671 3274 684 3287 ·
721 3258 778 3320 ὅς
818 3275 878 3322 γε
911 3260 1018 3311 τῶν
1054 3264 1434 3329 αἱρετιζόντων
1466 3268 1747 3339 ἐπικειμέ-

167 3362 283 3398 νων
318 3347 411 3397 mi
450 3347 548 3414 τῆς
577 3348 827 3400 ἐντεῦθεν
864 3350 1058 3420 ἀχλύος
1093 3353 1486 3426 ἐπισκοτούσης
1521 3360 1586 3428 τῇ
1633 3361 1753 3411 Ἐκ-

168 3437 397 3507 κλησίᾳ,
428 3440 585 3507 μόνος
606 3440 715 3491 τῶν
738 3441 976 3505 πάντων,
1004 3442 1191 3513 ὥσπερ
1215 3446 1371 3509 ἀετὸς
1402 3450 1460 3500 ἐν
1480 3451 1753 3518 νεφέλαις,

166 3528 269 3579 τοῦ
293 3527 563 3590 κλύδωνος
587 3529 900 3601 ὑπερσχὼν,
922 3532 1191 3603 ἀνώτερος
1222 3536 1376 3606 ὤφθη
1408 3539 1515 3591 τῶν
1545 3543 1754 3597 ἐκεῖθεν

166 3621 445 3688 ἓιαύλων;
482 3624 589 3675 Καὶ
622 3623 719 3693 μὲν
764 3627 858 3676 καὶ
897 3625 1223 3696 Χρυσάνθην
1262 3627 1344 3691 τίς
1381 3629 1481 3681 οὐκ
1520 3632 1583 3681 ἂν
1623 3633 1756 3698 ἁγά.

171 3728 334 3763 σαιτο
354 3751 368 3775 ,
398 3712 498 3764 οὐκ
532 3712 816 3777 εὐσεϐείας
847 3714 1035 3767 εἵνεκα
1067 3716 1227 3783 μόνον
1261 3721 1352 3769 καὶ
1382 3714 1446 3788 ἦς
1481 3716 1592 3788 εἶχε
1630 3723 1755 3789 περὶ

166 3802 385 3870 ταύτην
410 3805 671 3873 σπουδῆς,
702 3804 842 3858 ὥστε
867 3806 1025 3858 τοῦτο
1056 3808 1155 3874 μὲν
1184 3809 1320 3878 αὐτῇ
1354 3811 1528 3862 πάντα
1562 3812 1755 3865 παθεῖν

168 3893 359 3964 ἐσχειν
410 3895 641 3963 ἑτοίμως
685 3897 718 3965 ἢ
758 3898 961 3965 ταύτης
1018 3900 1109 3950 καὶ
1161 3901 1359 3969 μικρὸν
1414 3899 1752 3974 ἀποστῆναι,

169 3986 335 4039 τοῦτο
369 3987 424 4039 δὲ
464 3988 559 4040 καλ⁵
585 3991 697 4051 τοῖς
728 3987 929 4054 ἄλλοις,
965 3990 1154 4059 ὥσπερ
1184 4009 1268 4054 τις
1299 3994 1475 4057 κοινὸς
1518 3995 1757 4063 μελεδω-

168 4078 264 4140 νδς
296 4077 603 4141 εὐσεϐείας,
636 4080 1031 4144 καθίστασθαι,
1069 4082 1206 4135 ἀλλὰ
1238 4084 1330 4137 καὶ
1366 4086 1463 4155 τῆς
1498 4088 1603 4141 τῶν
1632 4093 1758 4162 τρό-

170 4185 300 4221 πων
337 4170 604 4238 μουσικῆς
644 4171 739 4223 καί
771 4173 890 4223 κατ’
920 4174 1123 4240 ἀρετὴν
1155 4175 1419 4242 ἐργασίας
1441 4192 1453 4207 ·
1487 4178 1545 4243 ἐξ
1578 4173 1652 4233 ὧν
1691 4200 1755 4250 γε

170 4260 480 4330 προσήκειν
504 4256 650 4329 εἶχεν
686 4262 977 4332 Ἀντωνίῳ,
1006 4266 1097 4316 καὶ
1129 4267 1226 4335 τῆς
1257 4267 1501 4336 μεγάλης
1528 4276 1757 4340 ταυτησὶ

170 4351 441 4418 συζυγίας
474 4352 772 4424 ἀξιόχρεως
797 4350 959 4409 εἶναι.

246 4534 312 4580 ε’.
353 4528 511 4581 Οὕτω
542 4528 599 4582 δὲ
633 4529 839 4600 ἔχουσι,
883 4532 978 4584 καὶ
1007 4531 1150 4585 οὕτω
1182 4536 1361 4590 πάντα
1399 4536 1466 4589 τὰ
1503 4537 1754 4607 βέλτιστα

173 4618 485 4685 συνελοῦσι,
526 4621 587 4673 τὸ
620 4622 841 4676 πάντων
876 4625 1132 4698 μέγιστον
1161 4627 1260 4680 καὶ
1290 4628 1453 4681 οίονεὶ
1487 4630 1754 4698 κολοφὼν,

171 4713 277 4767 καὶ
334 4713 569 4781 μάλιστα
601 4715 818 4769 πάντων
850 4710 923 4769 ὧν
957 4694 1375 4787 εἷχοίέκείνους
1424 4723 1686 4791 κοσμοῦν,
1722 4725 1754 4793 ἠ

176 4803 403 4873 μεγάλη
429 4806 526 4856 καὶ
560 4804 845 4875 θαυμαστὴ
880 4806 1151 4877 Θεοδώρα,
1195 4811 1497 4880 τεκμήριον
1527 4812 1759 4881 ἐναργὲς

173 4898 522 4964 ἀναφανεῖσα
568 4901 718 4965 σφίσι
766 4900 949 4953 ῡεόΟεν
981 4900 1071 4953 τοῦ
1118 4901 1252 4953 Θεοῦ
1287 4904 1424 4971 πρὸς
1470 4902 1665 4965 αὐτοὺς
1697 4898 1756 4957 εὖ

172 4989 532 5053 διακειμένου
574 4990 649 5059 (Ii)
682 4990 777 5042 καὶ
810 4990 956 5055 ἵλεω,
995 4991 1182 5061 ὥσπερ
1216 4992 1466 5045 ἐντεῦθεν
1501 4994 1759 5056 ἐπιεικῶς

174 5077 615 5146 ἐπιδειξαμένου,
638 5080 765 5131 ὅσου
793 5083 935 5142 τινὸς
963 5080 1084 5147 ἄγει
1113 5081 1397 5146 τάκείνων,
1424 5083 1516 5135 καὶ
1542 5082 1616 5144 ὼς
1642 5083 1755 5137 ἀντ’

176 5170 346 5223 ἄλλου
383 5170 524 5232 τινὸς
556 5170 588 5238 ἢ
622 5172 728 5239 πρὸ
760 5172 955 5234 παντὸς
984 5174 1141 5227 ἄλλου
1170 5175 1343 5243 γέρως
1374 5174 1574 5226 δέδωκέ
1612 5178 1766 5243 σφίσι⁹

173 5262 282 5333 τὴν
328 5262 517 5328 παῖδα,
564 5263 655 5314 ἐπὶ
684 5262 933 5315 τοσοῦτον
972 5265 1170 5333 ἥκουσι
1219 5264 1622 5332 καλοκαγαθίας
1663 5268 1763 5319 καὶ

175 5352 277 5406 τοῦ
303 5352 392 5404 διὰ
420 5356 635 5405 πάντων
658 5354 866 5408 ἐλάται.
894 5355 1053 5407 Οὖτιν)
1072 5355 1159 5408 διὰ
1188 5355 1463 5422 γυναικῶν
1491 5356 1762 5425 βελτίστη,

174 5444 273 5498 διὰ
305 5443 523 5495 πάντων
550 5445 858 5511 τυγχάνεις,
891 5445 985 5497 καὶ
1016 5446 1191 5500 πάντα
1218 5448 1567 5516 καταλλήλως
1599 5449 1762 5519 ἔσχης

177 5539 385 5605 σαυτῇ,
418 5538 518 5601 τήν
544 5552 601 5588 τε
638 5538 891 5604 πατρίδα,
918 5537 1042 5599 τούς
1071 5554 1128 5589 τε
1159 5541 1375 5601 τοκέας,
1395 5540 1477 5590 ῖνα
1512 5556 1593 5591 σοι
1624 5555 1761 5592 παν-

179 5629 421 5699 ταχόθεν
462 5628 547 5698 εἴη
574 5630 634 5681 τὸ
660 5628 915 5699 εῠδαιμον
948 5634 1043 5681 καὶ
1074 5630 1158 5681 διὰ
1190 5631 1408 5683 πάντων
1441 5630 1660 5699 νικῲης.
1699 5632 1760 5683 Ei

178 5724 244 5779 δὲ
284 5723 382 5776 καὶ
417 5722 623 5775 τούτων
658 5722 719 5774 οὐ
763 5723 924 5791 μόνον
960 5724 1255 5791 ἁξιὲχρεως
1286 5723 1558 5791 ἀνεφάνης
1598 5723 1757 5782 αὐτὴ,

264 5900 343 5972 (ιι)
376 5899 644 5971 Scriptum
676 5910 812 5968 erat,
852 5901 943 5954 τοῦ
996 5902 1129 5971 aps;
1184 5902 1383 5964 αὐτοὺς
1424 5899 1585 5955 αὑτοῦ
1642 5900 1763 5953 διακ

1837 707 1977 760 haud
2014 721 2227 773 parum,
2265 705 2407 774 quod
2446 702 2649 772 optima
2699 699 3001 753 incolarum
3040 692 3420 761 complexione

1834 798 2047 851 cunctis
2096 796 2176 849 vel
2216 796 2453 848 maxime
2504 793 2573 847 sit
2619 790 2901 861 superior,
2954 797 3008 841 et
3049 786 3168 855 ejus
3218 784 3317 837 hac
3364 783 3417 833 in

1836 898 1989 957 parte
2039 886 2397 957 praerogatita
2451 884 2628 953 palam
2675 885 3107 935 demonstretur.
3169 874 3223 927 ld
3270 871 3414 925 enim

1838 979 2126 1047 undepra:
2158 977 2282 1030 aliis
2316 974 2666 1042 singulariter
2702 971 2991 1041 gloriatur,
3028 976 3286 1033 tanquam
3317 964 3419 1015 im-

1835 1071 2043 1146 perium
2085 1070 2138 1123 in
2170 1084 2362 1123 t‘nnnes
2391 1068 2599 1120 habens
2652 1074 2704 1117 et
2758 1062 2963 1131 primas
2997 1061 3048 1111 in
3077 1055 3288 1110 eunetis
3343 1054 3420 1106 fc-

1836 1178 2002 1225 rens,
2061 1161 2321 1229 quodque
2377 1172 2564 1211 revera
2621 1165 2705 1209 est
2758 1153 2824 1206 ad
2881 1146 3416 1205 commendationem

1838 1252 2162 1312 maximum,
2194 1262 2277 1305 est
2306 1248 2636 1317 prosperitas
2662 1244 2965 1297 incolarum
2998 1235 3337 1291 admirabilis
3365 1243 3419 1287 et

1838 1345 2095 1399 omnibus
2124 1340 2371 1395 numeris
2409 1336 2815 1411 tamabsoluta,
2843 1344 2902 1385 ut
2933 1331 3067 1385 nihil
3112 1342 3299 1381 eorum
3331 1326 3419 1376 in-

1837 1437 2039 1504 digent,
2085 1448 2207 1502 qua:
2248 1420 2525 1500 praecipue
2559 1428 2785 1481 urbibus
2833 1434 2958 1477 sunt
2990 1419 3327 1479 necessaria,
3366 1424 3420 1467 et

1839 1528 1988 1580 cives
2038 1526 2177 1577 inter
2226 1538 2287 1577 se
2334 1519 2711 1591 quamoptime
2762 1517 2957 1571 habeat
3004 1510 3418 1566 conuenientes.

1840 1617 1973 1670 Nam
2024 1616 2267 1670 bonitate
2318 1614 2517 1666 indolis
2573 1622 2896 1675 morumque
2942 1613 3161 1662 ornatu,
3205 1610 3253 1655 et
3301 1599 3423 1667 qui-

1840 1710 2158 1776 buscunque
2200 1705 2407 1759 homini
2449 1718 2597 1771 opus
2635 1711 2719 1755 est
2772 1698 2838 1751 ad
2883 1698 3006 1750 vita:
3054 1695 3418 1750 honesta'em,

1842 1808 2102 1867 superant
2138 1798 2404 1866 reliquos,
2437 1794 2598 1849 veluti
2635 1792 2729 1862 qui
2764 1806 2875 1845 sua:
2904 1789 3097 1859 patriae
3135 1796 3259 1853 apte
3289 1797 3425 1837 con-

1844 1899 2063 1961 gruant,
2120 1899 2174 1943 et
2210 1890 2351 1944 sicut
2387 1887 2537 1940 illius
2580 1884 2839 1961 laudibus
2876 1892 3138 1946 tanquam
3189 1876 3427 1946 propriis

1842 1960 2195 2046 decorantor,
2230 1983 2310 2035 sic
2340 1978 2443 2048 ipsi
2479 1960 2980 2032 commendationis
3014 1972 3221 2025 addant
3258 1966 3427 2038 pluri-

1842 2090 2014 2139 mum,
2039 2083 2341 2143 mutuoque
2368 2086 2426 2125 se
2449 2077 2649 2124 ornent
2674 2075 2730 2121 et
2765 2076 3013 2120 mutuam
3044 2062 3310 2131 impleant
3348 2057 3425 2113 fe-

1845 2170 2125 2223 Iicitatem.

1914 2262 1970 2315 4.
2014 2259 2221 2314 llorum
2251 2268 2430 2312 autem
2461 2273 2588 2327 pars
2617 2273 2723 2311 non
2762 2256 2987 2309 minima
3016 2265 3228 2319 magna:
3265 2249 3432 2317 hujus

1847 2362 2049 2407 sancta:
2078 2352 2230 2406 fuere
2261 2349 2573 2404 admirandi
2606 2356 2881 2417 parentes,
2918 2359 3014 2415 per
3044 2358 3185 2413 quos
3219 2340 3431 2407 ingres-

1842 2459 1968 2499 sum
2014 2443 2131 2511 ipsa
2174 2441 2236 2499 in
2278 2441 2623 2495 haneVitam
2669 2438 2902 2493 habuit:
2937 2435 3075 2489 adeo
3107 2434 3251 2487 enim
3290 2432 3433 2484 inter

1847 2533 1992 2587 cives
2017 2546 2210 2586 omnes
2240 2530 2625 2584 excelluerunt
2661 2528 2858 2597 Opibus
2881 2567 2896 2590 ,
2929 2522 3102 2593 gleria
3128 2563 3143 2587 ,
3178 2522 3432 2577 claritate

1847 2623 2083 2694 generis,
2113 2626 2325 2676 morum
2358 2619 2693 2689 praealantia,
2720 2617 2813 2671 Dui
2835 2617 3155 2679 dilectione,
3182 2625 3233 2669 et
3264 2613 3431 2667 rebus

1825 2717 2267 2783 oquibusconque
2312 2714 2393 2783 (ut
2444 2713 2609 2766 verbo
2656 2725 2765 2765 uno
2815 2709 3118 2774 absolvam)
3170 2704 3427 2773 eptimis.

1850 2817 2111 2877 quantum
2146 2806 2219 2859 illi
2251 2814 2305 2859 et
2337 2806 2422 2857 bis
2453 2820 2574 2873 qum
2615 2802 2754 2867 dixi,
2787 2811 2839 2854 et
2872 2801 2997 2854 aliis
3029 2798 3188 2851 bonis
3216 2796 3433 2850 cunt-tis

1850 2898 2197 2953 antestahant
2225 2896 2458 2951 caeteris.
2504 2894 2640 2961 Quis
2680 2894 2980 2948 Antonium
3031 2891 3250 2960 ignorat
3292 2890 3433 2943 inter

1851 2990 2165 3044 sacerdotes
2216 2988 2554 3050 ordinatum,
2609 2995 2663 3039 et
2712 2993 2836 3037 ante
2886 2992 3118 3036 cunctos
3171 2981 3223 3034 in
3273 2982 3433 3034 rebus

1849 3081 2106 3136 omnibus
2166 3078 2343 3133 ordini
2401 3092 2503 3132 suo
2554 3076 2818 3146 congruis
2875 3073 3286 3127 excellentem?
3338 3072 3434 3139 qui

1854 3173 2033 3241 reipsa
2068 3172 2458 3224 demonstrans
2486 3169 2702 3237 qualem
2732 3167 2994 3235 operibus
3027 3179 3149 3219 esse
3186 3171 3437 3233 Oporteat

1774 3255 1819 3316 C
1852 3261 2118 3331 ejusmodi
2149 3260 2400 3315 sortitum
2441 3259 2819 3321 vocationem,
2854 3272 2981 3310 cum
3009 3266 3221 3310 satores
3260 3254 3437 3307 inero-

1854 3367 1983 3406 seon
2015 3350 2273 3405 Ecclesiae
2299 3349 2699 3406 incumberent.
2728 3362 2959 3414 eamque
2989 3346 3167 3399 oﬂ‘usa
3203 3345 3437 3413 caligine

1855 3444 2316 3505 obtenebrarent,
2356 3450 2614 3508 tanquam
2646 3440 2827 3508 aquila
2876 3439 3052 3494 nubes
3098 3439 3437 3507 procellosas

1858 3534 2277 3596 transcendens,
2304 3544 2494 3584 eorum
2532 3528 3040 3584 concertationibus
3081 3522 3436 3593 solusappa-

1857 3625 1968 3678 ruit
1991 3624 2173 3675 altior.
2203 3622 2607 3691 Cbrysantham
2641 3634 2808 3687 porro
2830 3618 2955 3688 quis
2980 3633 3086 3671 non
3111 3617 3438 3671 admiratur?

1858 3717 1973 3770 Non
2010 3723 2219 3769 tantum
2253 3724 2478 3783 propter
2512 3711 2829 3781 religionem
2862 3710 3057 3777 ipsius,
3081 3717 3135 3761 et
3162 3718 3269 3762 tam
3301 3707 3439 3761 insi—

1860 3822 1964 3877 gne
1996 3820 2122 3875 erga
2162 3803 2415 3860 eamdem
2459 3802 2702 3858 studium
2726 3841 2740 3866 ,
2770 3810 2830 3855 ut
2856 3800 2980 3874 ipsa
3014 3800 3233 3869 quidem
3264 3797 3438 3853 levius

1858 3901 2081 3954 duceret
2128 3897 2313 3953 omnia
2361 3896 2568 3966 perpeti
2610 3910 2774 3963 quam
2822 3894 2891 3948 ab
2937 3908 3001 3948 ea
3045 3879 3129 3947 vel
3165 3892 3437 3946 tantillum

1860 3989 2145 4055 recedere,
2194 3988 2318 4043 aliis
2366 4002 2496 4042 vero
2540 3997 2803 4057 tanquam
2845 3982 3157 4039 communis
3197 3985 3440 4039 euratrix

1860 4085 2079 4156 pictatis
2110 4083 2466 4153 prasideret;
2508 4082 2601 4135 sed
2633 4082 2796 4134 etiam
2830 4085 3053 4148 propter
3081 4077 3439 4145 compositio-

1861 4193 1981 4231 nem
2014 4174 2402 4230 suavissimam
2446 4187 2687 4236 morum,
2732 4180 2785 4223 et
2821 4171 3085 4223 virtutum
3120 4170 3441 4236 omnigena-

1862 4284 1981 4323 rum
2017 4267 2489 4328 exercitationem,
2524 4278 2756 4333 quarum
2789 4276 2955 4316 causa
2988 4260 3300 4315 merebatur
3333 4258 3439 4313 frui

1862 4359 2142 4418 Antonio.
2207 4367 2260 4410 ct
2315 4369 2526 4424 magnae.
2590 4354 2750 4421 hujus
2810 4352 3217 4418 conjunctionis
3276 4349 3438 4415 digna

1860 4450 2051 4506 videri.

1932 4542 1986 4595 5.
2029 4540 2105 4593 [ta
2150 4554 2208 4592 se
2261 4538 2587 4591 habentibus
2617 4536 2723 4591 illis
2768 4546 2819 4589 et
2855 4534 3059 4604 optima
3107 4548 3339 4603 quaeque
3386 4531 3441 4585 in

1864 4648 2032 4687 unum
2072 4629 2502 4691 conferentibus.
2533 4629 2779 4681 omnium
2808 4626 3134 4688 maximum,
3170 4640 3233 4678 ac
3274 4623 3443 4677 veluti

1864 4722 2106 4786 coronis,
2139 4728 2194 4773 et
2243 4734 2353 4788 pra:
2395 4717 2608 4772 caeteris
2653 4730 2842 4770 eorum
2895 4717 3236 4767 ornamentis
3281 4712 3446 4779 longe

1863 4810 2456 4884 praacellentissimum,
2482 4822 2676 4876 magna
2703 4819 2866 4874 atque
2888 4804 3228 4858 admirabilis
3259 4803 3444 4857 Theo-

1865 4906 1999 4962 dora
2040 4896 2270 4971 obtigit;
2303 4900 2520 4968 signum
2559 4898 2641 4951 eis
2697 4894 3048 4950 manifestum
3086 4894 3333 4959 praebens
3358 4891 3444 4945 di-

1867 4998 2006 5049 vinae
2042 5007 2171 5060 erga
2214 5006 2273 5044 se
2313 4987 2703 5048 miserationis,
2736 4985 2952 5037 abunde
2983 4981 3442 5044 demonstrantis,

1868 5083 2056 5153 quanti
2096 5084 2245 5150 ipsos
2273 5081 2497 5137 faceret,
2524 5085 2574 5157 e_t
2603 5076 2746 5144 quod
2773 5088 2869 5142 pro
2894 5074 2997 5126 alia
3022 5086 3351 5141 quacunque
3394 5084 3447 5126 et

1871 5186 1979 5242 prae
2008 5169 2157 5223 omni
2200 5168 2446 5219 mercede
2502 5163 2609 5217 illis
2672 5172 2947 5237 tantopere
2977 5161 3230 5215 virtutem
3259 5161 3448 5213 colen-

1870 5261 2017 5314 tibus
2050 5268 2102 5312 et
2134 5273 2229 5327 per
2259 5256 2444 5310 omnia
2477 5256 2743 5322 proﬁcere
2775 5252 3128 5319 cupientibus
3157 5250 3323 5304 ﬁliam
3357 5253 3449 5305 de-

1871 5353 2033 5407 derit.
2058 5350 2283 5417 Sicque,
2315 5363 2346 5401 o
2376 5346 2668 5399 mulierum
2703 5342 3180 5412 praestantissima.
3214 5343 3362 5395 omni
3385 5357 3447 5395 ex

1873 5452 2023 5511 parte
2053 5440 2243 5495 elTecta
2270 5453 2330 5491 es
2370 5438 2599 5506 optima,
2634 5445 2686 5489 et
2714 5444 2913 5490 cuncta
2940 5434 3035 5487 tibi
3066 5434 3449 5487 convenientia

1873 5533 2132 5593 habuisti,
2164 5532 2421 5601 patriam,
2454 5530 2707 5596 inquam,
2745 5537 2905 5595 atque
2934 5534 3191 5595 parentes
3213 5566 3227 5589 ,
3266 5536 3324 5577 ut
3351 5540 3452 5577 un-

1872 5629 2158 5695 dequaque
2200 5622 2356 5676 beata
2393 5621 2562 5686 fores,
2586 5628 2640 5673 et
2669 5621 2923 5673 omnibus
2951 5634 3044 5687 per
3076 5618 3258 5671 omnia
3297 5618 3453 5684 longe

1873 5717 2145 5787 superior.
2182 5712 2375 5768 Utrum
2412 5726 2542 5769 vero
2578 5727 2684 5766 non
2718 5712 2890 5766 solum
2938 5712 3101 5779 digna
3140 5710 3246 5763 illis
3283 5709 3452 5765 fueris

1806 5904 2014 5966 ιμὲνου.
