4140 6318
704 406 816 476 7:.9

1934 416 2236 478 NlCOLAl
2277 418 2661 481 CABASILJZ

3872 420 3996 482 7G5}

700 529 838 597 ipsa,
865 531 957 585 sed
986 529 1156 583 multo
1187 530 1349 584 etiam
1382 531 1757 586 admirabilior
1790 533 2055 600 majorem
2086 533 2275 587 melio-

2382 536 2515 589 άλλά
2559 522 2653 589 καὶ
2710 536 2891 608 πολλῷ
2942 540 3369 610 θαυμαστοτὲρα
3423 542 3516 593 καὶ
3570 540 3819 608 μείζων,
3879 540 3976 591 καὶ

701 622 926 688 relnque
950 630 1002 674 te
1035 620 1352 689 probaveris
1382 621 1447 676 iis
1477 637 1571 690 per
1599 638 1722 692 qua!
1750 625 2129 688 exornaharis,
2157 625 2282 695 quis

712 707 933 763 demtum
974 720 1150 779 potest
1189 712 1474 781 ignorare?

770 799 823 853 6.
865 797 1104 856 illustria
1144 800 1308 871 igitur
1340 815 1428 857 tua
1467 806 1787 865 certamina.
1816 816 1867 861 et
1891 822 2117 876 magnos
2138 811 2281 862 circa

700 890 1101 960 philosotihiam
1130 910 1356 964 agones,
1382 897 1583 963 quibus
1616 899 1816 951 multos
1859 900 1909 951 in
1934 902 2123 954 eadem
2157 916 2279 954 cum

703 984 860 1038 laude
896 996 1166 1050 versatos,
1214 984 1384 1040 victos
1413 1004 1439 1039 a
1482 998 1530 1041 te
1555 990 1822 1060 longeque
1872 991 2011 1045 infra
2062 993 2283 1048 relictos

701 1076 1009 1131 clarissime
1060 1078 1473 1141 demonstrasti,
1510 1081 1623 1150 jam
1678 1083 1861 1138 dicere
1910 1085 2281 1154 aggredimur.

703 1166 768 1221 Et
822 1183 883 1222 ea
941 1168 1159 1237 quidem
1193 1187 1315 1239 quae
1386 1174 1469 1225 his
1529 1175 1704 1227 instar
1764 1174 2101 1229 fundamenti
2152 1177 2282 1229 sub-

703 1270 897 1325 strata,
919 1278 982 1316 ac
1010 1263 1173 1317 veluti
1200 1266 1560 1319 maximarum
1595 1282 1775 1320 rerum
1805 1283 1962 1323 tuere
1991 1272 2279 1337 prooemia.

704 1353 982 1420 quomodo
1015 1369 1122 1407 non
1153 1355 1207 1407 in
1239 1356 2088 1429 admirationemstuporemque
2115 1362 2286 1415 dedu-

702 1456 830 1495 cant
864 1443 1126 1510 aliquem,
1164 1455 1215 1497 et
1248 1446 1556 1499 futurorum
1595 1446 1797 1501 faciant
1830 1450 2055 1504 minime
2086 1450 2281 1503 fal~um

704 1534 921 1587 vatem?
946 1534 1339 1590 instituebatur
1372 1538 1593 1605 quidem
1632 1539 1775 1591 inter
1799 1555 2018 1607 pueros.
2052 1544 2145 1595 sed
2181 1544 2282 1595 mi-

702 1625 849 1679 nime
878 1626 1139 1692 puerilem
1174 1627 1395 1693 gerebat
1431 1643 1653 1681 sensum
1680 1668 1695 1691 ,
1733 1644 1907 1697 neque
1937 1631 2002 1683 ad
2031 1648 2117 1686 res
2146 1632 2284 1686 ludi-

703 1715 825 1772 clas
853 1719 1301 1780 convertebatur,
1336 1719 1673 1790 voluptatem
1721 1722 1920 1775 exinde
1957 1723 2280 1791 captandam

705 1808 924 1862 virtutis
971 1810 1091 1863 loco
1144 1810 1465 1874 :estimans,
1517 1812 1610 1866 sed
1661 1812 1858 1866 divinis
1904 1814 2283 1867 oblectabatur

705 1898 1221 1964 exercitationibus,
1258 1902 1431 1955 sacris
1457 1903 1753 1955 erudienda
1782 1902 1998 1957 litteris.
2036 1901 2283 1961 Emula-

706 1990 865 2042 batur
888 1999 1093 2053 autem,
1125 2002 1177 2044 et
1206 1994 1387 2045 socias
1410 1994 1608 2047 habere
1628 1994 1930 2060 expetebat,
1960 2009 2068 2046 non
2094 2008 2284 2048 assue-

706 2086 795 2135 tas
834 2081 940 2136 illis
967 2084 1245 2137 contraria
1277 2099 1462 2137 amare
1490 2092 1544 2137 et
1575 2083 1731 2137 malis
1766 2083 1821 2136 in
1856 2091 2021 2139 rebus
2047 2085 2279 2146 versari.

702 2172 849 2240 quod
897 2172 1010 2225 vitii
1049 2180 1154 2235 est,
1188 2176 1280 2226 sed
1313 2174 1718 2242 adiungebatur
1748 2174 1995 2243 solisque
2028 2176 2282 2229 convive-

706 2264 798 2316 bat
826 2262 911 2324 iis,
945 2278 1084 2331 quas
1113 2278 1270 2317 amor
1300 2264 1659 2332 philosophia:
1708 2264 2025 2334 divinaeque,
2055 2280 2282 2320 conver-

703 2354 932 2409 sationis
966 2355 1213 2417 tenehat;
1250 2363 1437 2422 utp0te
1469 2369 1589 2422 quae
1627 2354 1944 2409 felicitatem
1980 2357 2281 2410 c'mstitue-

704 2452 788 2497 ret
815 2443 869 2497 in
906 2444 1013 2497 illis
1038 2444 1324 2497 dumtaxat
1350 2445 1537 2507 rebus,
1566 2460 1687 2513 qua:
1721 2446 1831 2498 Deo
1855 2446 2094 2513 placent,
2117 2454 2281 2513 atque

703 2535 769 2589 ad
806 2536 1065 2589 virtutem
1104 2535 1336 2597 ducunt,
1372 2547 1427 2589 et
1459 2534 1818 2589 ineﬂabilium
1853 2535 2121 2588 bonorum
2152 2550 2280 2602 par-

703 2623 1076 2691 ticipationem
1112 2624 1435 2677 conciliant.
1486 2622 1577 2677 Sic
1624 2623 1791 2693 igitur
1826 2629 2010 2675 animo
2052 2638 2277 2691 compa-

703 2720 841 2774 rata,
874 2711 1131 2779 conjugio
1160 2713 1380 2781 quidem
1416 2728 1510 2767 usa
1544 2720 1648 2777 est,
1682 2713 1774 2766 sed
1814 2726 1906 2765 usa
1938 2722 2021 2765 est
2043 2722 2275 2775 tantum,

702 2805 760 2850 et
793 2796 927 2853 nihil
959 2802 1227 2869 amplius,
1255 2814 1521 2869 quantum
1566 2800 1780 2855 scilicet
1821 2816 1958 2870 opus
2002 2815 2149 2867 erat,
2178 2801 2269 2856 ali.

701 2903 866 2956 quam
906 2889 972 2943 ad
1005 2892 1209 2959 optima
1247 2905 1477 2960 quaeque
1504 2894 1809 2945 tendentem
1865 2892 2035 2947 etiam
2068 2896 2233 2962 conju

700 2978 792 3047 gio
813 2978 1037 3033 subesse
1062 2998 1076 3031 :
1109 2989 1166 3035 ut
1196 2996 1316 3049 quae
1342 2991 1506 3035 totam
1534 2997 1593 3035 se
1627 2982 1867 3036 dedisset
1894 2984 2272 3059 plrilosop’iae,

702 3082 810 3122 non
844 3069 1144 3138 respiciens
1173 3070 1225 3123 in
1255 3071 1476 3126 delicias
1510 3081 1605 3125 aut
1631 3072 1962 3141 voluptates,
1994 3075 2273 3144 animique

2388 626 2698 694 κρείττονας
2718 630 2867 698 σφῶν
2897 632 3078 683 αὐτῶν
3109 631 3385 696 άνέδειξας
3404 627 3484 691 οἷς
3512 632 3861 699 ἐκόσμησας,
3891 632 3973 690 τίς

2386 720 2487 771 οὐκ
2512 714 2620 773 οἶδε
2651 720 2761 773 τῶν
2793 721 3048 787 πάντωνς

2459 816 2533 873 ς’.
2569 811 2708 873 Τοὺς
2743 812 2842 879 μὲν
2874 811 2967 865 οὖν
3000 814 3302 883 ὑπερφυεῖς
3341 815 3584 875 ἐκείνους
3619 812 3843 879 ἀγῶνας
3878 813 3979 864 καὶ

2386 903 2453 954 τὰ
2483 903 2693 970 μεγάλα
2722 904 2813 955 ἐπὶ
2844 905 3133 976 φιλοσοφίᾳ
3172 906 3496 974 σκάμματα,
3528 905 3598 957 ἐν’
3614 899 3694 966 οἷς
3727 904 3859 955 ποὶᾶ
3874 906 3974 963 οὓς

2387 997 2478 1047 ἐπὶ
2512 996 2798 1064 φιλοσοφίᾳ
2828 995 3275 1065 θαυμαζομένους
3303 996 3649 1064 ἡττωμένους
3676 995 3771 1046 καὶ
3807 993 3973 1045 κάτω

2387 1086 2698 1154 χωροῦντας
2737 1085 2938 1149 ἔδειξας
2978 1087 3316 1156 περιφανῶς,
3356 1086 3555 1139 αὐτίκα
3591 1084 3854 1154 ἐροῦμεν.
3899 1085 3975 1135 Ἀ

2386 1177 2440 1229 δὲ
2484 1177 2687 1228 τούτων
2723 1176 2913 1246 ὥσπερ
2948 1179 3053 1241 πρὸ
3089 1176 3299 1237 τελείας
3331 1176 3566 1229 ὑπέθουν
3600 1176 3695 1228 καὶ
3729 1175 3844 1227 τῶν
3876 1191 3978 1239 με·

2388 1270 2567 1335 γάλων
2598 1268 2878 1337 ¹προοίμια,
2899 1269 3013 1329 πῶς
3043 1268 3103 1321 οὐ
3139 1269 3269 1335 πρὸς
3303 1266 3568 1335 ἔκπληξιν
3597 1266 3810 1327 πάντας
3842 1264 3977 1316 ἐνά-

2387 1374 2472 1424 γει
2509 1360 2598 1411 καὶ
2645 1359 2830 1427 θαῦμα
2878 1361 2972 1411 καὶ
3017 1361 3127 1411 τῶν
3168 1362 3244 1421 είς
3295 1359 3466 1412 ἔπειτ’
3521 1358 3797 1426 ἐσομένων
3834 1357 3982 1423 μάν-

2386 1466 2498 1511 τεις
2527 1452 2716 1515 σαφεῖς
2738 1449 3114 1502 ἀναδείκνυσιν
3141 1468 3156 1513 ;
3181 1450 3268 1512 Είς
3296 1450 3492 1511 παίδας
3524 1450 3623 1516 μὲν
3652 1446 3745 1501 οὖν
3769 1448 3976 1509 ἐτέλει,

2387 1540 2501 1593 ἀλλ’
2530 1541 2591 1592 οὐ
2632 1540 2769 1593 κατὰ
2802 1541 2995 1602 παῖδας
3028 1535 3139 1609 εἶχε
3171 1540 3229 1593 τδ
3258 1540 3529 1610 φρόνημα,
3561 1541 3670 1592 οὐδ’
3706 1542 3788 1598 εἰς
3821 1557 3978 1591 παι-

2385 1633 2502 1693 διάς
2538 1632 2705 1702 ἐώρα,
2744 1633 2836 1685 καὶ
2872 1634 2969 1701 τὴν
3008 1634 3217 1685 ἐκεῖθεν
3252 1631 3442 1702 τέρψιν
3481 1632 3583 1700 τῆς
3619 1633 3827 1698 άρετῆς
3861 1631 3975 1682 ἐτι-

2389 1724 2561 1790 μιίτο⁶
2595 1723 2707 1774 ἀλλ’
2728 1723 2913 1791 ἔχαιρε
2946 1723 3040 1793 μὲν
3064 1724 3183 1785 ταῖς
3212 1722 3383 1785 θείαις
3405 1723 3711 1793 διατριϐαῖς
3743 1724 3811 1774 τὰ
3845 1720 3971 1772 θεῖα

2387 1814 2776 1883 παιδευομένη,
2805 1810 3070 1881 ἡμιλλᾶτο
3118 1812 3175 1865 δὲ
3231 1812 3325 1866 καὶ
3379 1812 3547 1880 συνῆν
3586 1812 3648 1863 οὐ
3693 1814 3816 1871 ταῖς
3857 1810 3975 1861 τῶν

2391 1906 2644 1958 ἐναντίων
2690 1904 2894 1974 ἐρῶσαι
2932 1906 3158 1967 είδυίαις
3196 1907 3288 1959 καὶ
3323 1906 3383 1957 τὸ
3423 1906 3609 1966 κακοῖς
3656 1906 3972 1965 συνοικεῖν,

2392 1992 2529 2059 πρὸς
2546 1991 2930 2061 ἐλαττώματος
2961 1991 3021 2043 δν
3044 2008 3059 2024 ·
3092 1992 3317 2045 ἐκείνων
3346 1990 3391 2043 δ’
3420 1991 3684 2059 ἐξήρτητο
3713 1989 3809 2040 καὶ
3838 1988 3977 2039 tati.

2390 2103 2508 2147 ταις
2544 2084 2731 2153 μόναις
2767 2082 2995 2151 συνέζη,
3031 2082 3097 2145 ἃς
3140 2084 3167 2136 6
3202 2082 3523 2151 φιλοσοφίας
3552 2081 3691 2149 ἔρως
3728 2079 3974 2145 κατέσχε

2390 2176 2596 2230 καὶτοῦ
2626 2178 2862 2228 συνεῖναι
2889 2176 3008 2245 Οεῷ
3030 2192 3042 2205 ·
3067 2175 3235 2245 μόνην
3264 2176 3371 2245 γάρ
3398 2172 3748 2240 εὐδαιμονίαν
3778 2173 3975 2241 ἡγεῖτο

2388 2268 2424 2320 ἃ
2462 2267 2835 2335 κεχαρισμένα
2870 2266 3127 2335 τυγχάνει
3161 2265 3301 2333 Θεῷ,
3335 2268 3428 2318 καὶ
3464 2264 3600 2333 πρὸς
3634 2261 3839 2332 ἀρετὴν
3868 2262 3973 2328 φέ-

2392 2376 2510 2427 ρει,
2552 2359 2643 2411 καὶ
2690 2357 2799 2410 τῶν
2834 2359 3088 2429 ἀρρήτων
3120 2357 3413 2418 κοινωνοὺς
3454 2352 3767 2423 ἐργάζεται.
3806 2351 3972 2406 Οὕτω

2388 2449 2567 2501 τοίνυν
2588 2450 2685 2519 τὴν
2706 2448 2885 2517 ψυχὴν
2912 2450 3356 2517 παρεσκευακυία
3381 2446 3629 2515 ὡμίλησε
3656 2445 3757 2513 μὲν
3773 2443 3971 2513 γάμῳ,

2386 2535 2631 2607 ὡμίλησε
2678 2538 2755 2603 δὲ,
2800 2538 2949 2590 οὐδὲν
2997 2538 3195 2606 μᾶλλον
3222 2553 3236 2567 ’
3271 2536 3407 2589 ἀλλὰ
3450 2534 3705 2588 τοσοῦτον
3742 2534 3973 2601 ἐδέησεν

2390 2628 2602 2693 ὑφεῖναι
2652 2644 2701 2678 τι
2744 2626 2894 2695 παρὰ
2934 2628 3024 2678 τὸν
3060 2626 3235 2693 γάμον
3286 2625 3379 2677 τοῦ
3427 2623 3658 2693 περὶτὰ
3710 2622 3973 2691 βέλτιστα

2386 2717 2564 2775 τόνου,
2600 2714 2736 2767 ὥστε
2772 2716 2866 2765 καὶ
2911 2712 3091 2781 πολλῷ
3129 2713 3331 2782 μείζων
3376 2708 3443 2783 ἦν
3493 2714 3572 2774 είς
3604 2711 3932 2779 φιλοσοφξαν
3955 2726 3971 2741 ’

2386 2806 2486 2859 οὐκ
2518 2807 2596 2866 ab:
2637 2805 2846 2872 τρυφὰς
2880 2802 3064 2874 ὁρῶσα
3102 2805 3193 2856 καὶ
3227 2804 3419 2873 ἡδονὰς
3456 2803 3552 2854 καὶ
3583 2803 3682 2869 τὴν
3710 2800 3973 2853 ἐντεῦθεν

2387 2896 2688 2967 ῥᾳστώνην,
2722 2894 2841 2945 οὐδὲ
2877 2894 3035 2962 δόξης
3067 2896 3356 2964 ἡττωμένη
3387 2896 3480 2946 καὶ
3509 2895 3766 2947 πῖοὑτου.
3798 2894 3973 2961 Μόνῳ

2386 2990 2494 3057 γὰρ
2528 2987 2643 3055 Θεῴ
2672 2989 2909 3048 καὶτοῖς
2942 2986 3148 3037 ἐκείνου
3186 2988 3462 3054 προσεῖχε,
3500 2986 3591 3036 κα)⁸
3630 2985 3731 3052 τὴν
3770 2983 3969 3034 ἐπιθυ-

2392 3078 2519 3145 μίαν
2568 3078 2702 3146 πρὸς
2737 3078 2944 3128 ἐκεῖνον
2989 3066 3158 3127 ἔτείνε
3192 3076 3370 3144 μόνον.
3404 3075 3500 3128 καὶ
3530 3075 3711 3128 πάντα
3734 3072 3803 3126 τὰ
3840 3072 3969 3126 καθ’

700 3159 1081 3213 remissionem
1120 3176 1213 3228 per
1243 3164 1689 3239 eascaptandam
1714 3203 1729 3226 ,
1760 3180 1939 3233 neque
1966 3167 2136 3236 gloria
2174 3178 2268 3222 aut

2382 3169 2549 3238 αὐτὴν
2581 3170 2792 3221 ἐκείνου
2818 3170 3045 3238 γνώμην
3068 3168 3253 3221 διώκει
3286 3168 3371 3235 (ὁ).

700 3250 905 3305 divitiis
936 3252 1271 3307 vinceretur.
1313 3254 1422 3309 Soli
1459 3258 1602 3308 enim
1631 3255 1741 3309 Deo
1770 3259 2047 3327 rebusque
2100 3260 2298 3317 divinis
2350 3262 2675 3327 inhaerebat,
2729 3270 2784 3315 et
2839 3262 2905 3315 ad
2942 3276 3067 3315 eum
3104 3260 3279 3315 solum
3314 3257 3484 3312 animi
3519 3256 3603 3313 sui
3633 3255 3972 3312 extendebat

699 3341 1057 3409 desiderium,
1094 3361 1308 3415 suaque
1345 3349 1530 3401 omnia
1559 3350 1625 3402 ad
1661 3350 1805 3403 illius
1836 3350 2110 3420 dirigebat
2142 3351 2455 3408 arbitrium.

773 3432 825 3486 7.
872 3428 1006 3486 Vera
1044 3448 1129 3487 me
1155 3435 1357 3499 dicere,
1396 3438 1478 3489 vel
1509 3439 1635 3491 hinc
1674 3439 1902 3505 patebit,
1936 3440 2079 3507 quod
2117 3453 2268 3508 post-

698 3537 865 3589 quam
889 3534 1109 3593 propter
1135 3542 1327 3594 graves
1359 3528 1723 3582 Barbarnrum
1758 3532 2017 3585 incursus
2040 3533 2270 3600 patriam

700 3617 995 3681 deserens,
1047 3616 1422 3671 Macedoniam
1476 3618 1723 3673 habitare
1754 3622 1952 3689 erepit,
1994 3633 2276 3691 materque

699 3702 897 3758 ell‘eCta'
931 3715 1045 3770 est,
1082 3708 1502 3775 primogenitam
1536 3708 1779 3775 prolem,
1823 3709 1979 3777 juxta
2018 3710 2165 3762 Pauli
2202 3712 2276 3763 le-

701 3809 815 3862 ges,
846 3794 1049 3850 dilecto
1076 3796 1178 3849 sibi
1215 3796 1325 3849 Deo
1356 3798 1575 3862 obtulit,
1600 3810 1900 3867 sanctoque
1930 3801 2140 3867 piarum
2168 3803 2279 3852 vir,

700 3885 887 3953 ginum
925 3886 1290 3941 contubernio
1325 3888 1488 3940 tiliam
1535 3889 1776 3942 tradidit.
1815 3888 2029 3943 Etenim
2067 3891 2110 3944 si
2145 3908 2273 3958 pos-

628 4040 637 4049 .
702 3974 1009 4030 sessionum
1052 3988 1260 4044 partem
1305 3980 1436 4031 dare
1469 3976 1690 4032 Numini
1760 3981 1937 4048 magni
1966 3991 2048 4035 est
2090 3983 2266 4034 meriti

700 4067 1206 4135 animaeque'Deum
1245 4069 1559 4138 diligentis;
1596 4072 1875 4138 quomodo
1914 4086 2018 4125 non
2055 4086 2270 4125 omnem

700 4156 877 4211 laudis
895 4158 1147 4211 humanae
1164 4173 1447 4212 excessum
1473 4162 1863 4214 transcendent
1890 4178 2096 4231 magnae
2116 4164 2273 4232 hujus

702 4258 905 4302 sancta:
928 4249 1201 4313 encomia,
1229 4265 1348 4318 qua:
1372 4265 1479 4303 non
1515 4265 1738 4305 suarum
1773 4250 2115 4307 fortunarum
2143 4270 2271 4323 ρον.

702 4341 904 4395 tionem
938 4340 1177 4409 aliquam
1215 4342 1295 4395 vel
1328 4342 1511 4396 simile
1545 4342 1852 4411 quidpiam,
1891 4342 1985 4395 sed
2021 4344 2271 4411 proprio-

698 4443 821 4483 rum
854 4431 1120 4484 viscerum
1147 4428 1453 4498 genituram
1479 4432 1820 4484 consecravit
1851 4430 1997 4483 Deo?
2028 4428 2118 4483 Sic
2143 4443 2272 4498 ergo

704 4521 819 4584 uni,
857 4528 915 4572 ut
944 4521 1078 4585 dixi,
1108 4518 1219 4573 Deo
1252 4521 1519 4588 rebusque
1548 4520 1749 4575 divinis
1780 4520 2097 4583 inhaerebat,
2123 4530 2177 4574 et
2206 4522 2270 4573 ad

700 4626 824 4663 eum
848 4612 1014 4665 animi
1038 4612 1122 4665 sul
1145 4611 1470 4666 extendebat
1490 4612 1842 4676 desiderium,
1864 4627 2070 4679 suaque
2090 4612 2270 4663 omnia

2451 3445 2516 3507 ξ’.
2555 3443 2664 3496 Καὶ
2690 3424 2765 3506 ὥς
2796 3441 2970 3511 άληθῆ
3010 3441 3174 3507 λέγω,
3212 3440 3370 3509 δῆλον
3405 3440 3651 3492 ἐκεῖθενο
3688 3439 3813 3490 ιπει
3853 3438 3968 3507 γὰρ

2377 3536 2474 3603 τῆς
2506 3534 2764 3604 πατρίδος
2804 3532 3184 3601 ἀπαναστᾶσα,
3218 3531 3326 3582 τῶν
3366 3530 3671 3599 Βαρϐάρων
3712 3528 3965 3597 σφοδρῶς

2379 3622 2808 3691 ἐπιτιθεμέιων,
2856 3622 2956 3691 τὴν
3010 3620 3349 3675 Μακεδονίαν
3402 3618 3557 3689 ᾤκει,
3614 3622 3709 3671 καὶ
3768 3619 3964 3687 μήτηρ

2378 3715 2627 3781 ἐγένετο,
2690 3713 2751 3765 τὸ
2809 3712 3003 3781 πρῶτα
3063 3711 3293 3779 τεχθὲν,
3360 3712 3501 3762 κατὰ
3556 3710 3686 3772 τοὺς
3740 3708 3962 3761 Παύλου

2378 3804 2633 3871 θεσμοὺς,
2671 3802 2807 3872 πρὸς
2839 3803 2929 3855 τὸν
2973 3800 3307 3867 ποθούμενον
3340 3802 3462 3867 άγει
3504 3799 3658 3873 Θεὸν⁹
3700 3800 3795 3851 καὶ
3832 3799 3962 3867 ἱερᾷ

2380 3893 2625 3962 συνοικίᾳ
2649 3892 2935 3963 παρθένων
2960 3892 3131 3959 ἁγίων
3155 3891 3399 3960 φέρουσα
3420 3890 3510 3943 τὸν
3530 3890 3699 3943 ,παῖδα
3713 3889 3958 3943 δίδωσιν.

2382 3984 2439 4034 Εἰ
2470 3982 2649 4033 τοίνυν
2682 3982 2743 4033 τὸ
2779 3985 3075 4050 κτημάτων
3105 3982 3403 4048 ἀπονεῖμαι
3443 3980 3641 4048 μοῖραν
3670 3978 3790 4048 8εῷ
3824 3979 3959 4031 πολε

2377 4072 2469 4123 λοῦ
2518 4088 2658 4134 τινος
2698 4070 2847 4136 ἄξιον
2890 4072 2986 4124 καὶ⁵
3030 4071 3384 4140 θεοφιλούσης
3434 4070 3519 4137 εῐη
3570 4069 3786 4138 ψυχῆς·
3837 4069 3961 4131 πῶς

2375 4163 2498 4233 οὐχὶ
2546 4166 2729 4217 πᾶσαν
2773 4163 3010 4216 ἐπαίνων
3048 4162 3357 4233 ὑπερϐολὴν
3396 4162 3715 4230 ὑπερϐαίνει
3754 4162 3823 4213 τά
3854 4160 3961 4229 τῆς

2378 4251 2641 4321 μεγάλης,
2664 4252 2723 4304 οὐ
2747 4252 3041 4320 κτημάτων
3062 4249 3259 4321 μοῖραν
3281 4248 3389 4303 οὐδ’
3408 4249 3537 4303 ἄλλο
3564 4266 3619 4300 τι
3638 4249 3751 4301 τῶν
3777 4250 3959 4302 τοιού-

2375 4362 2500 4404 των,
2552 4343 2686 4396 άλλὰ
2732 4343 2792 4394 τὸ
2841 4344 3096 4413 μέγιστον
3147 4343 3388 4405 πάντων,
3434 4344 3533 4402 τὰς
3574 4340 3683 4393 τῶν
3732 4342 3956 4393 οἰκείων

2378 4436 2698 4505 σπλάγχνων
2738 4436 2898 4501 γονὰς
2943 4433 3397 4503 προσαγαγούσης
3430 4431 3585 4501 Θεῷς
3622 4430 3842 4494 Οὕτως,
3879 4433 3957 4493 ὡς

2376 4528 2529 4597 ἔφην,
2566 4528 2709 4597 μόνῳ
2739 4526 2857 4596 Θεῷ
2899 4528 2991 4577 καὶ
3021 4528 3135 4589 τοῖς
3166 4525 3373 4578 ἐκείνου
3407 4526 3687 4593 προσεῖχε,
3720 4524 3819 4575 καὶ⁸
3855 4523 3957 4592 τὴν

2378 4618 2675 4687 ἐπιθυμίαν
2708 4617 2843 4687 πρὸς
2884 4619 3087 4669 ἐκεῖνον
3121 4616 3291 4668 ἔτεινε
3330 4615 3510 4685 μόνον,
3540 4614 3637 4668 καὶ
3670 4616 3849 4667 πάντα
3887 4616 3956 4666 τὰ

703 4701 770 4752 ad
810 4700 955 4754 illius
981 4701 1253 4770 dirigebat
1286 4702 1605 4767 arbitrium;
1648 4702 1727 4755 sic
1795 4700 2115 4754 honurabile
2142 4716 2269 4753 san-

2382 4708 2501 4761 καθ’
2540 4707 2708 4776 αὐτὴν
2738 4706 2881 4759 κατὰ
2910 4707 3009 4775 τὴν
3044 4706 3257 4758 ἐκείνου
3287 4704 3512 4775 γνώμην
3542 4705 3752 4759 διώκει.
3797 4703 3957 4756 Οὖτω

712 4799 980 4858 ctumque
1011 4791 1325 4859 conjugium
1358 4800 1412 4844 et
1436 4801 1611 4845 torum
1640 4790 2050 4845 immaculatum
2074 4806 2278 4845 secun-

701 4883 829 4933 dum
856 4879 1006 4934 Pauli
1063 4875 1247 4935 vacem
1289 4880 1558 4947 exhibuit,
1597 4897 1830 4951 eumque
1854 4891 2026 4937 totum
2056 4882 2163 4936 Deo
2187 4898 2274 4935 re-

704 4970 961 5023 servavit.

2376 4798 2554 4863 τίμιον
2580 4797 2671 4849 καὶ
2703 4795 2857 4861 ᾶγιον
2884 4798 2979 4847 καὶ
3003 4797 3269 4864 ἀμίαντον
3295 4796 3437 4848 κατὰ
3459 4796 3558 4863 τὴν
3589 4792 3807 4847 Παύλου
3838 4809 3955 4857 φωι

2328 4874 2331 4885 ’
2377 4887 2475 4955 νὴν
2521 4887 2611 4938 τὸν
2662 4885 2840 4953 γάμον
2889 4884 3182 4949 ἀνέδειξεν,
3226 4884 3345 4936 ὅλον
3388 4883 3644 4947 καθάπαξ
3690 4882 3956 4936 ἀναθεῖσα

2376 4975 2516 5045 Οεῷ.

2135 5134 2364 5191 CAPUT
2403 5136 2466 5189 ll.

1701 5252 1821 5308 Vita
1854 5257 2144 5309 monastt'ca
2164 5267 2211 5311 et
2247 5257 2468 5312 virtutes
2497 5259 2553 5314 S.
2600 5258 2908 5312 Tlteodorcr.

773 5368 825 5425 8.
865 5370 1158 5435 Postquam
1210 5378 1386 5423 autem
1436 5369 1516 5422 vir
1564 5368 1682 5434 ejus
1732 5384 1761 5422 e
1807 5370 1943 5423 vivis
1998 5371 2268 5437 excessit,

702 5464 889 5521 statim
928 5462 1016 5515 illa
1053 5476 1158 5515 non
1202 5461 1313 5528 jam
1366 5458 1528 5512 filiam
1564 5474 1750 5521 suam,
1800 5474 1907 5513 non
1948 5472 2267 5515 extraneum

705 5553 908 5623 aliquid
933 5593 947 5615 ,
979 5553 1072 5609 sed
1118 5550 1471 5619 semctipsam
1516 5550 1717 5603 obtulit
1751 5550 1883 5615 Deo,
1918 5551 2151 5605 hostiam
2191 5554 2271 5606 vi-

776 5694 836 5766 (i)
878 5693 1033 5766 Addit
1066 5707 1170 5745 ms.
1197 5692 1288 5744 καὶ
1321 5690 1455 5753 ὅλως
1482 5690 1695 5766 ἐκεῖθεν
1721 5691 1790 5743 τὰ
1826 5690 1923 5766 τῆς
1971 5691 2271 5766 σωτηρείας

703 5760 1232 5832 ἐξῆ’πιεπάσμασα,
1268 5775 1384 5832 qua:
1403 5762 1743 5832 nequivimus
1772 5760 1839 5813 ad
1875 5776 2064 5815 sanum
2101 5762 2268 5816 nilum

702 5830 923 5891 sensum
958 5830 1247 5900 adducere,
1276 5830 1505 5902 ideoque
1535 5830 1840 5886 omisimus.

2454 5379 2519 5441 η’·.
2562 5371 2682 5426 Εΐεν
2712 5372 2881 5425 ταῦτα
2918 5375 3016 5441 μὲν
3048 5372 3111 5440 δὴ
3142 5370 3364 5425 τοιαῦτα
3400 5367 3496 5439 (It).
3526 5366 3636 5419 Τοῦ
3667 5366 3727 5419 δὲ
3761 5365 3953 5435 ἀνδρὸς

2378 5464 2698 5523 ἀπελθόντος
2730 5464 2787 5528 ἐξ
2816 5463 3138 5529 ἀνθρώπων,
3170 5464 3332 5524 εὐθὺς
3360 5461 3543 5529 ἐκείνη
3566 5459 3752 5511 οὐκέτι
3782 5460 3952 5511 παῖδα

2381 5555 2487 5605 οὐδ’
2522 5555 2651 5608 ἄλλο
2680 5572 2733 5606 τι
2762 5555 2870 5607 τῶν
2902 5553 3124 5620 ἔξωθεν,
3162 5553 3277 5608 ἀλλ’
3310 5546 3511 5619 ἑαυτὴν
3542 5549 3740 5602 θυσίαν
3772 5549 3953 5612 ζῶσαν

2451 5694 2522 5759 (Ir)
2566 5693 2629 5747 Et
2679 5695 2793 5748 haec
2822 5693 3038 5762 quidem
3078 5693 3202 5746 talia
3233 5690 3477 5762 fuerint.
3512 5687 3611 5762 Est
3664 5688 3811 5749 enim
3841 5681 3952 5739 εἷεν

2382 5766 2641 5832 particula
2677 5758 2996 5833 perini'ssiva
3027 5772 3082 5819 et
3107 5763 3172 5817 ad
3197 5760 3299 5816 alia
3331 5758 3658 5816 festinantis.
