4140 6318
214 450 321 518 τῶι

1438 458 1613 517 νιΤΑ
1658 460 1719 519 S.
1747 459 2201 524 ΤΠΕΟΟΟΒΕ.

3352 459 3458 522 7³2

216 573 505 643 προσάγει,
547 568 729 636 άγίαν,
779 569 1157 637 εὐάρεστον,ή
1215 572 1308 622 καὶ
1342 570 1575 641 πρόσθεν
1627 570 1779 624 οὐδὲν

1896 583 2130 636 ventem,
2173 579 2420 626 sanctam
2448 611 2462 631 .
2507 570 2642 624 bene
2672 570 2975 639 placentem
3005 570 3345 640 (quanquam
3382 572 3457 625 nil

215 658 382 733 ἦττον
417 662 676 730 ἀνειμένη
707 660 845 730 Θεῷ,
891 662 983 714 καὶ
1017 661 1152 729 μετὰ
1195 662 1294 729 τῆς
1333 663 1519 725 παιδὸς
1551 662 1782 730 γίνεται,

217 755 317 807 καὶ
356 754 516 823 τρίχα
560 756 769 821 τέμνει,
808 755 901 806 καὶ
937 752 1007 805 τά
1040 753 1139 821 τῆς
1169 753 1316 809 θείας
1351 754 1668 822 φιλοσοφίας
1695 754 1786 807 διὰ

214 847 438 899 πάντων
478 845 741 908 τελεῖται,
794 844 1059 915 χαίρουσα
1120 846 1220 914 μὲν
1269 847 1363 900 καὶ
1412 846 1785 916 συγχαίρουσα

218 934 387 1003 ἑαυτῇ
421 936 521 1003 τῆς
552 935 681 1002 περὶ
704 934 881 986 πάντα
901 934 969 986 τά
997 934 1259 986 κάλλιστα
1290 933 1600 1002 εὐδρομίας,
1624 932 1700 1001 τῷ
1728 934 1789 986 δὲ

216 1024 340 1092 0εῷ
373 1024 535 1093 χάριν
571 1024 743 1075 είδυῖα
772 1024 871 1091 τῆς
910 1023 1235 1092 θαυμαστῆς
1284 1025 1517 1093 ταυτησὶ
1552 1023 1788 1093 κηδεμο-

215 1114 371 1176 νίας,
405 1113 471 1183 ἢν
501 1112 627 1181 περὶ
662 1114 830 1180 αὐτὴν
865 1113 1294 1184 μεγαλοπρεπῶς
1332 1113 1665 1180 ἐπεδείξατο,
1704 1108 1783 1168 ὧν

216 1204 279 1269 ἐξ
330 1204 501 1272 ἀρχῆς
554 1204 681 1272 ἦρα,
742 1205 834 1255 καὶ
886 1203 955 1256 δι’
1009 1204 1174 1272 εὐχῆς
1224 1206 1474 1266 ἐποιεῖτο,
1516 1206 1610 1257 καὶ
1660 1206 1787 1275 περὶ

217 1294 462 1356 πλείονος
490 1291 592 1365 ἦγε
614 1296 719 1349 τῶν
754 1297 1026 1359 ἁπάντων,
1057 1296 1584 1349 τούτων-ἀπολαύειν
1612 1312 1791 1367 παρα-

217 1388 513 1449 σκευάσας.
572 1386 633 1439 Ἣ
685 1388 783 1455 μὲν
838 1387 931 1439 οὖν
993 1388 1359 1453 ὑπογενναίως
1406 1388 1790 1456 άποδυσαμένη

220 1476 358 1545 πρὸς
385 1475 510 1539 τοὺς
544 1477 687 1529 κατὰ
718 1478 1034 1544 φιλοσοφὲαν
1070 1476 1305 1544 ἀγῶνας,
1338 1477 1627 1539 ualebunt;
1658 1479 1787 1529 ἑαυ-

218 1568 321 1635 τὴν
356 1568 915 1638 παρασκευασαμένη,
948 1567 1021 1629 ὡς
1063 1569 1159 1635 οὐχ
1192 1569 1317 1620 ὅσον
1344 1569 1479 1636 πρὸς
1519 1561 1659 1636 αἷμα
1699 1568 1791 1619 καὶ

223 1656 423 1723 σάρκα,
461 1656 599 1709 ἀλλὰ
629 1658 721 1709 καὶ
752 1656 887 1726 πρὸς
913 1656 1088 1726 άρχὰς
1128 1659 1219 1709 καὶ
1245 1658 1379 1726 πρὸς
1419 1656 1669 1722 ἐξουσίας
1700 1659 1794 1710 άν-

217 1746 642 1811 ταγωνίσασθαι.
688 1748 772 1813 ἐφ’
810 1746 951 1798 οὕτω
994 1762 1073 1797 τοι
1110 1746 1317 1815 προέϐη
1351 1746 1446 1815 τῆς
1478 1745 1665 1817 τύχης,
1698 1750 1792 1800 καὶ

150 1878 156 1883 .
218 1832 369 1888 οὕτω
399 1836 475 1904 τῷ
507 1836 613 1887 τῶν
651 1836 875 1901 ἀγώνων
909 1835 1179 1905 ὑπερφυεῖ
1215 1835 1419 1899 πάντας
1460 1836 1786 1906 ἐξέπληξεν,

219 1929 319 1981 καὶ
351 1928 483 1996 πρὸς
530 1926 780 1979 τοσοῦτον
813 1928 987 1997 ἧγαγε
1023 1926 1317 1995 θαύματος,
1351 1926 1491 1981 ὥστε
1526 1929 1671 1994 εδοξε
1705 1946 1791 1996 μι-

218 2015 359 2083 κροῦ
408 2019 499 2070 καὶ
538 2018 629 2069 τὸν
674 2017 958 2086 ἄνθρωπον
1008 2016 1377 2086 ὑπερϐαίνειν.
1428 2019 1649 2087 Πρῶτον
1697 2022 1796 2087 μὲν

216 2105 315 2163 οὖν
338 2108 834 2179 ταπεινοφροσύνην
859 2112 953 2164 καὶ
970 2112 1191 2181 ἀγάπην
1209 2110 1411 2179 (διώκει
1428 2108 1541 2181 [1]),
1563 2110 1662 2173 τὰς
1688 2112 1799 2161 τῶν

216 2199 443 2265 ἀγαθῶν
475 2202 690 2254 πάντων
722 2200 897 2263 αἰτίας
919 2216 932 2229 ·
963 2200 1029 2263 ἃς
1058 2201 1287 2272 ἐπείπερ
1319 2202 1378 2254 οὐ
1418 2201 1577 2271 μόνον
1606 2201 1797 2254 πασῶν

218 2292 626 2359 ὑπερκειμένας
671 2291 851 2361 ἑώρα,
884 2292 1019 2345 ἀλλὰ
1063 2294 1159 2345 καὶ
1195 2292 1466 2361 κρηπῖδας
1502 2293 1799 2361 συμπάσης

215 2382 457 2451 ταυτησὶ
484 2382 585 2451 τῆς
616 2381 766 2444 θείας
798 2382 1136 2451 φιλοσοφίας,
1170 2382 1329 2437 τοῦτο
1367 2385 1463 2452 μὲν
1493 2383 1601 2436 τῶν
1636 2383 1796 2434 θείων

218 2472 615 2541 ὶπιταγμάτων
646 2473 1102 2542 νομοθετούντων,
1135 2474 1293 2527 τοῦτο
1322 2474 1377 2525 δὲ
1408 2475 1502 2527 καὶ
1530 2474 1667 2544 πρὸς
1701 2472 1797 2525 αύ-

217 2560 325 2629 τῆς
352 2562 489 2629 αὐτῇ
519 2560 674 2612 τοῦτο
707 2561 1014 2621 πεισθεῖσα,
1047 2561 1123 2623 ὡς
1157 2562 1247 2631 ἄρ’
1279 2563 1379 2615 οὐκ
1410 2562 1556 2616 ἔστιν
1594 2562 1800 2615 οἰκοδο-

222 2653 353 2720 μεῖν
381 2652 456 2721 μὴ
485 2650 593 2703 τῶν
616 2653 899 2722 κρηπίδων
930 2653 1331 2723 ὑποκειμένων.

296 2743 365 2797 θ’.
408 2742 560 2794 Ἐπεὶ
602 2744 780 2796 τοίνυν
810 2744 1015 2807 ταύτας
1059 2744 1203 2797 οὓτω
1239 2744 1503 2813 μεγίστας
1540 2744 1631 2796 καὶ
1664 2743 1797 2795 πολ-

218 2834 319 2888 λοῦ
348 2850 490 2895 τινος
517 2833 671 2897 ἀξίας
703 2834 870 2906 ἐώρα,
900 2836 1069 2898 οὕτως
1100 2836 1393 2906 ὑπερφυῶς
1419 2836 1655 2888 ὑπέθετο
1686 2834 1795 2886 τῶν

216 2925 452 2995 ἀγώνων
482 2926 577 2979 καὶ
616 2925 757 2979 οὕτω
788 2928 1151 2996 κατώρθωκεν
1172 2968 1184 2991 ,
1222 2929 1295 2989 ὡς
1331 2927 1496 2994 μηδὲν
1531 2926 1797 2979 ἐλλείπειν

217 3024 334 3075 τῶν
380 3022 699 3092 γινομένων.
746 3021 855 3072 Καὶ
901 3020 1117 3085 πρῶτον
1164 3019 1264 3087 μιν
1296 3017 1390 3070 οὖν
1426 3020 1485 3070 τὸ
1540 3017 1796 3087 τοιαύτην

218 3112 393 3168 οὖσαν
426 3114 520 3165 καὶ
551 3111 695 3164 οὕτω
728 3113 864 3164 πᾶσι
896 3112 1010 3172 τοῖς
1042 3110 1347 3171 καλλίστοις
1388 3108 1795 3179 σεμνυνομένην

1891 658 2072 713 minus
2104 667 2260 711 antea
2288 658 2600 724 obtulerat),
2634 658 2862 727 filiaeque
2896 673 2954 711 se
2988 658 3250 726 jungens,
3283 670 3338 714 et
3368 675 3464 713 co-

1889 765 2031 803 mam
2066 750 2349 818 deponens
2375 789 2389 811 ,
2435 758 2602 802 totam
2636 763 2758 803 sese
2787 748 2985 803 divinae
3030 748 3250 803 tradidit
3286 751 3465 818 philo-

1888 839 2116 907 sophiae,
2150 838 2396 907 gaudens
2428 838 2647 908 quidem
2686 839 2901 908 sibique
2945 839 3227 907 gratulans
3258 840 3323 893 de
3351 851 3461 894 tam

1889 930 2030 985 felici
2060 931 2126 983 ad
2154 946 2385 1000 quaeque
2413 930 2779 999 pulcherrima
2813 944 2977 982 cursu
3002 969 3018 993 ,
3055 928 3165 983 Deo
3193 945 3320 985 vero
3342 946 3467 1000 gra-

1891 1022 1995 1083 tias
2022 1038 2221 1089 agens,
2261 1039 2360 1091 pro
2394 1032 2503 1077 tam
2548 1022 2860 1076 admirabili
2904 1024 3268 1093 providentia,
3302 1040 3465 1093 quam

1890 1128 2014 1181 erga
2047 1112 2218 1182 ipsam
2263 1114 2547 1182 magnifice
2591 1115 3041 1180 demonstraret,
3090 1116 3156 1170 iis
3188 1114 3296 1167 frui
3334 1129 3470 1169 con-

1892 1206 2122 1270 cedens,
2159 1220 2278 1271 quae
2303 1221 2331 1260 a
2368 1206 2639 1275 principio
2670 1218 2991 1271 amaverat,
3025 1216 3079 1259 et
3111 1207 3164 1259 in
3202 1206 3340 1258 votis
3374 1206 3470 1258 ha-

1893 1297 2118 1359 buerat,
2162 1307 2325 1364 atque
2364 1299 2529 1350 rebus
2570 1296 2828 1350 omnibus
2868 1297 2993 1351 aliis
3028 1297 3201 1365 pluris
3241 1295 3469 1349 fecerat.

1894 1384 1984 1440 Sic
2016 1387 2179 1455 igitur
2207 1387 2393 1440 animo
2424 1395 2761 1455 comparata.
2795 1394 2958 1455 atque
2990 1400 3191 1454 agones
3229 1385 3471 1452 philosoo

1892 1478 2085 1546 phicos
2121 1479 2391 1544 ingressa,
2423 1492 2530 1530 non
2570 1486 2826 1547 tanquam
2866 1476 3132 1531 adversus
3162 1490 3381 1528 carnem
3417 1484 3474 1527 et

1893 1570 2257 1637 sanguinem,
2306 1569 2402 1623 sed
2450 1568 2715 1622 adversus
2765 1568 3041 1637 principes
3080 1575 3135 1621 et
3174 1576 3474 1637 potestates

1894 1660 2242 1713 tenebrarum
2278 1660 2470 1713 harum
2510 1668 2824 1723 certatura,
2870 1674 2995 1712 eum
3032 1657 3221 1712 habuit
3254 1670 3474 1710 succes-

1895 1764 2040 1815 sum,
2068 1760 2124 1804 et
2153 1750 2233 1804 sic
2274 1750 2488 1803 labores
2520 1748 2833 1817 superavit,
2873 1758 2931 1801 ut
2968 1762 3161 1802 omnes
3197 1746 3252 1799 in
3282 1755 3474 1814 stupo-

1894 1856 2006 1894 rem
2055 1851 2291 1895 verteret
2342 1840 2913 1908 admirationemque,
2964 1840 3115 1893 velut
3165 1853 3289 1907 qua:
3337 1851 3475 1905 pene

1897 1933 2133 1987 hominis
2156 1933 2526 1987 conditionem
2556 1944 2701 1987 esset
2734 1946 3113 2000 supergressa.
3141 1930 3207 1982 Et
3232 1930 3470 1998 primum

1896 2024 2117 2093 quidem
2147 2024 2507 2079 humilitatem
2538 2036 2698 2092 atque
2729 2024 3102 2085 dilectionem,
3139 2022 3281 2076 velut
3302 2022 3475 2081 bono-

1898 2130 2018 2168 rum
2067 2116 2313 2170 omnium
2360 2117 2765 2171 coriciliatrices
2816 2123 3027 2169 sectata
3055 2120 3179 2178 est;
3226 2128 3366 2183 quas
3396 2110 3476 2164 vi—

1898 2206 2063 2261 debat
2088 2224 2193 2261 non
2228 2208 2404 2261 solum
2436 2208 2647 2261 cuiictis
2675 2222 2797 2261 esse
2828 2206 3264 2275 praestantiores,
3296 2204 3391 2257 sed
3423 2210 3477 2256 et

1900 2299 2255 2353 fundamenta
2292 2301 2461 2357 totius
2499 2298 2659 2367 hujus
2695 2298 2893 2352 divinae
2926 2296 3326 2365 philosophiae:
3359 2288 3476 2347 tum

1898 2388 2027 2456 quia
2058 2387 2139 2442 sic
2172 2386 2263 2441 Dei
2299 2388 2554 2441 mandata
2596 2386 3007 2456 praecipiebant,
3038 2395 3151 2439 tum
3181 2398 3310 2452 qura
3350 2397 3477 2452 per-

1900 2496 2063 2537 suasa
2089 2488 2207 2536 erat
2227 2481 2331 2537 sibi
2360 2483 2656 2537 convenire
2676 2481 2898 2536 nonnisi
2923 2479 3296 2535 fundamentis
3315 2478 3477 2549 jactis

1898 2573 2194 2629 aedificare.

1970 2745 2022 2799 9.
2061 2742 2170 2799 Has
2201 2759 2330 2814 ergo
2366 2743 2632 2799 maximas
2662 2742 2937 2812 longeque
2976 2741 3333 2812 dignissimas
3362 2740 3477 2794 vir-

1900 2842 2047 2891 tutes
2073 2851 2195 2890 esse
2224 2834 2603 2897 considerans,
2634 2833 2771 2887 adeo
2805 2847 3067 2902 generose
3082 2832 3297 2887 subivit
3325 2831 3478 2885 labo-

1900 2942 1987 2980 res
2021 2926 2461 2989 exercitationis,
2500 2926 2746 2993 adeoque
2786 2935 2932 2978 recte
2966 2925 3112 2994 egit,
3146 2934 3205 2977 ut
3236 2924 3290 2976 in
3329 2921 3477 2976 trulla

1899 3034 2122 3072 suarum
2156 3019 2436 3072 actionum
2469 3018 2749 3071 deficeret.
2790 3015 2924 3071 Nam
2969 3032 3092 3070 cum
3134 3016 3259 3075 talis
3296 3024 3478 3070 tanta-

1896 3125 2003 3179 que
2030 3120 2194 3172 esset,
2223 3117 2275 3164 et
2308 3109 2521 3163 cunctis
2547 3108 2883 3163 ornamentis
2940 3123 3117 3177 usque
3150 3110 3287 3161 adeo
3316 3108 3479 3163 deco-

220 3205 323 3258 καὶ
353 3203 561 3255 συνέσει
593 3203 686 3255 καὶ
713 3202 961 3272 ἀγχινοίᾳ
996 3201 1146 3271 παρὰ
1176 3200 1361 3253 πασῶν
1390 3201 1697 3269 φερομένην
1733 3201 1793 3253 τὸ

1901 3209 2039 3264 rata,
2074 3200 2409 3269 praecelleret
2431 3216 2623 3255 omnes
2655 3200 2858 3268 ingenii
2891 3199 3282 3270 perspicuitate
3310 3208 3478 3270 atque

218 3294 449 3366 κράτος,
484 3294 652 3346 ἔπειθ’
691 3291 779 3361 ὑφ’
810 3290 972 3363 ἑτέρᾳ
993 3291 1205 3344 τάττειν
1229 3290 1467 3357 ἑλέσθαι,
1497 3292 1591 3343 καὶ
1620 3291 1797 3363 ταύτῃ

222 3388 367 3456 μόνῃ
415 3386 481 3446 τὰ
533 3385 646 3453 τῆςι
684 3384 954 3452 σωτηρίας
1007 3382 1304 3435 πιστεύειν.
1351 3381 1518 3455 Δῆλον
1570 3381 1600 3433 δ
1656 3382 1799 3449 λέγω

216 3480 373 3532 ποιεῖ
400 3496 413 3509 ·
439 3476 631 3529 ἔπειτα
671 3476 729 3526 τὸ
758 3477 868 3535 τοῖς
898 3472 1160 3540 νεύμασιν
1187 3473 1399 3540 ἐκείνης
1429 3471 1797 3525 ἀκολουθοῦσα

221 3568 363 3639 μηδὲ
401 3568 509 3620 τῶν
571 3563 965 3618 εὐτελεστάτων
1000 3561 1178 3631 έργων
1204 3562 1527 3631 ἀπέχεσθαι,
1550 3564 1686 3615 ἀλλὰ
1713 3580 1800 3615 το-

219 3661 417 3713 σοῦτον
454 3661 547 3712 καὶ
590 3657 798 3716 τούτοις
841 3654 1148 3724 προσέχειν,
1195 3656 1316 3705 ὅσον
1349 3654 1523 3716 οὐδεὶς
1575 3656 1688 3717 τοῖς
1724 3656 1797 3717 ὡς

215 3743 642 3819 ἑτέρως’έχουσι
663 3767 677 3781 ο
710 3751 806 3804 καὶ⁵
836 3750 911 3820 μὴ
946 3751 1104 3819 μόνον
1132 3752 1210 3812 εἰς
1239 3750 1449 3821 ἀγοράν
1483 3750 1796 3819 ἐμϐάλλειν,

218 3847 323 3900 καὶ
349 3845 723 3908 διατίθεσθαι,
751 3846 846 3897 καὶ
872 3842 1126 3896 ὠνεῖσθαι
1158 3835 1233 3896 ὧν
1264 3842 1371 3895 ἔδει
1411 3845 1476 3911 τῇ
1514 3842 1756 3910 συνοικία
1779 3880 1794 3905 ,

217 3937 365 3990 ἀλλὰ
394 3937 488 3988 καὶ
521 3936 683 4004 ἄχθος
716 3937 903 4003 φέρειν
932 3932 1264 4003 δεῆσαν,καὶ
1295 3931 1407 3999 πῦρ
1436 3930 1794 3994 ἀναπάλλειν,

216 4029 325 4081 καὶ
344 4027 548 4097 χύτραν
576 4027 750 4094 ἕψειν,
777 4026 871 4078 καὶ
891 4026 1028 4084 ὅλως
1054 4026 1121 4077 τὰ
1144 4024 1318 4078 πάντα
1348 4024 1605 4091 πράττειν
1629 4022 1664 4075 ἃ
1685 4024 1797 4083 τοῖς

215 4117 627 4179 εὐτελεστάτοις
671 4119 901 4185 ἐφεῖται.
951 4113 1161 4168 Ἐπειτ’
1184 4113 1277 4166 ἐπὶ
1317 4114 1447 4166 πᾶσι
1486 4112 1696 4173 τούτοις
1722 4114 1796 4181 μὴ

221 4211 393 4278 μόνον
424 4209 486 4260 τδ
521 4208 688 4277 μηδὲν
723 4208 924 4275 ἑαυτὴν
950 4206 1223 4274 ἡγεῖσθαι,
1250 4206 1384 4259 ἀλλὰ
1416 4204 1507 4256 κα)⁵
1540 4203 1797 4273 σκώληκα

218 4301 322 4353 καὶ
350 4297 548 4360 δνειδος
572 4296 982 4368 ἀνθρώπωνκαὶ
1001 4297 1068 4348 τὰ
1092 4295 1316 4349 τοιαῦτα
1341 4296 1795 4365 προσαγορεύειν,

227 4388 939 4457 πῶςοὺταπεινοφροσύνης
970 4388 1212 4455 μείζονος
1245 4388 1277 4459 ἢ
1308 4387 1792 4455 παραϐάλλεσθαι;

216 4482 300 4534 Ἥ
324 4497 408 4546 γε,
436 4480 535 4547 τῆς
566 4480 765 4549 ἀρετῆς
792 4479 1234 4547 προκαλουμένης
1264 4478 1355 4529 ἐπὶ
1382 4478 1461 4545 τῷ
1488 4479 1578 4529 καὶ
1596 4478 1793 4547 ἑτέρων

1899 3296 2235 3363 capacitate;
2280 3293 2380 3347 sibi
2429 3293 2531 3362 ipsi
2580 3294 2853 3361 persuasit
2902 3292 3063 3347 alteri
3117 3306 3239 3347 sese
3285 3302 3478 3359 sponte

1898 3385 2190 3454 subjicere,
2222 3388 2381 3453 eique
2413 3376 2517 3437 soli
2546 3382 2771 3437 credere
2806 3382 3040 3437 salutem
3079 3397 3261 3437 suam.
3294 3382 3478 3448 Quare

1898 3486 1950 3528 et
1974 3476 2235 3529 minimos
2268 3474 2540 3542 magistrae
2568 3482 2740 3528 nutus
2765 3474 3114 3535 observabat,
3143 3482 3197 3527 et
3225 3489 3292 3527 ne
3325 3473 3480 3528 vilis-

1900 3567 2043 3619 sima
2067 3566 2285 3635 quidem
2315 3578 2477 3635 Opera
2504 3563 2981 3631 subterfugiebat;
3014 3561 3108 3617 sed
3143 3562 3229 3617 his
3259 3576 3479 3631 quoque

1898 3668 2110 3711 tantum
2142 3656 2500 3723 adiciebatur,
2535 3665 2801 3727 quantum
2839 3654 2983 3708 alius
3021 3668 3187 3706 nemo
3215 3652 3480 3723 digniori-

1899 3748 2004 3801 bus
2032 3766 2044 3800 :
2081 3762 2257 3817 neque
2288 3747 2463 3803 solum
2504 3762 2612 3802 non
2649 3744 3048 3815 dedignabatur
3079 3744 3146 3796 ad
3175 3740 3356 3795 forum
3386 3742 3479 3796 de-

1901 3836 2064 3899 ferre,
2107 3838 2189 3889 vel
2228 3852 2427 3890 venum
2464 3850 2775 3905 exponere,
2816 3843 2911 3887 aut
2948 3846 3130 3888 emere
3176 3846 3239 3885 ea
3279 3831 3479 3901 quibus

1896 3932 2042 3979 esset
2085 3938 2224 3993 opus
2271 3924 2651 3977 communitati
2686 3962 2701 3983 .
2754 3922 2847 3976 sed
2894 3936 3072 3990 neque
3119 3921 3267 3989 ligna
3310 3918 3476 3985 ferre,

1900 4012 2080 4068 focum
2121 4022 2365 4077 struere,
2409 4013 2559 4069 cibos
2591 4026 2851 4081 coquere,
2886 4021 2979 4065 aut
3012 4010 3219 4079 aliquid
3255 4010 3479 4063 omnino

1898 4119 2086 4158 eorum
2117 4103 2316 4165 facere.
2353 4121 2474 4174 qua:
2512 4106 2699 4171 infimo
2731 4103 2933 4173 cuique
2979 4112 3204 4171 possent
3243 4100 3473 4168 imponi.

1899 4196 1978 4251 Ad
2009 4199 2120 4251 haec
2146 4212 2267 4265 qua:
2292 4212 2399 4251 non
2423 4206 2632 4251 tantum
2656 4197 2890 4264 selpsam
2916 4193 3149 4248 faciebat
3173 4191 3353 4253 nihil'.,
3381 4191 3477 4245 sed

1898 4302 2135 4341 vermem
2167 4296 2329 4357 atque
2356 4287 2707 4356 opprobrium
2734 4286 3017 4340 hominum
3045 4284 3262 4352 aliaque
3287 4282 3480 4350 hujus-

1904 4378 2051 4431 modi
2080 4379 2387 4447 appellabat
2414 4392 2556 4443 sese,
2587 4376 2864 4447 quomodo
2895 4390 3001 4429 non
3028 4377 3333 4429 aestimetur
3358 4388 3477 4425 ma-

1898 4470 2032 4538 joris
2063 4468 2234 4523 fuisse
2264 4469 2611 4532 humilitatis,
2635 4484 2796 4537 quam
2824 4467 2911 4522 cui
2942 4468 3117 4536 possit
3138 4466 3475 4534 comparatio

216 4574 317 4624 ἐπὶ
348 4570 635 4641 φιλοσοφίᾳ
663 4572 1007 4639 προστατεῖν,
1033 4570 1130 4621 καὶ
1160 4569 1379 4621 πάντων
1406 4570 1484 4629 είς
1512 4567 1666 4620 τοῦτο
1696 4586 1793 4619 πα-

1900 4561 2060 4627 digna
2102 4559 2376 4613 inveniri?
2416 4559 2615 4612 Eadem
2670 4574 2799 4613 vero
2848 4574 2971 4612 cum
3025 4558 3241 4610 virtutis
3284 4558 3475 4610 merito

218 4659 627 4733 ρακαλούντων,
671 4660 777 4712 οὐδ’
809 4659 998 4730 ἄκροις
1042 4658 1144 4712 ὠσὶ
1188 4658 1248 4711 τὸ
1281 4659 1513 4729 πρᾶγμα
1543 4659 1794 4724 ἐδέξατο,

216 4752 368 4820 ὑπερ
398 4748 591 4819 ἑαυτὴν
619 4745 755 4809 εἶναι
783 4749 1049 4817 νομίσασα
1067 4764 1081 4780 ·
1112 4746 1364 4810 τοσοῦτος
1394 4744 1463 4818 ἦν
1488 4751 1673 4821 ὲκείνῃ
1702 4747 1797 4800 τ’κῦ

220 4840 456 4911 μετρίου
491 4840 669 4907 λόγος.

297 5101 353 5149 ε’.
397 5096 506 5163 Τῆς
536 5093 591 5147 δὲ
634 5093 761 5164 περὶ
809 5092 869 5146 τὸ
899 5092 1052 5145 Οεῖον
1096 5092 1317 5161 ἀγάπης
1371 5094 1463 5145 καὶ
1501 5090 1657 5145 τοῦτο
1704 5093 1801 5163 μὲν

1902 4659 2287 4718 provocaretur
2340 4649 2407 4701 ad
2463 4648 2692 4701 aliarum
2758 4649 2809 4699 in
2868 4647 3248 4717 philosophico
3298 4646 3475 4699 stadio

1900 4739 2278 4808 preefecturam
2312 4738 2742 4807 suscipiendam,
2769 4747 2823 4792 et
2854 4752 3045 4790 omnes
3073 4737 3221 4789 illam
3260 4736 3326 4787 ad
3369 4736 3473 4789 hoc

1897 4832 2225 4897 invitarent,
2284 4847 2352 4885 ne
2401 4832 2634 4887 summis
2673 4832 2895 4900 quidem
2946 4830 3175 4884 auribus
3224 4828 3345 4897 ejus
3396 4828 3473 4881 rei

1902 4921 2125 4976 admisit
2156 4925 2515 4987 mentionem,
2549 4936 2862 4991 supra-sese
2893 4920 2947 4977 id
2975 4937 3095 4976 esse
3126 4930 3280 4984 rata;
3322 4928 3473 4973 tanta

1904 5010 1953 5063 ei
1978 5020 2097 5065 erat
2122 5011 2517 5064 medioeritatis
2545 5026 2699 5065 cura.

1974 5102 2061 5156 10.
2100 5100 2310 5165 Quanta
2352 5116 2480 5169 erga
2517 5102 2682 5154 Deum
2724 5100 2961 5168 ferveret
3001 5100 3315 5160 dilectione,
3353 5098 3472 5150 evi-

217 5189 501 5253 ἀπόδειξις
549 5188 820 5257 ἐναργὴς,
858 5185 919 5239 τὸ
960 5187 1138 5239 πάντα
1175 5188 1348 5239 ταῦτα
1382 5188 1569 5257 φέρειν
1596 5188 1683 5241 διὰ
1710 5187 1798 5239 τὸν

1905 5194 2055 5246 denti
2088 5202 2312 5261 apparet
2343 5193 2814 5248 demonstratione
2836 5208 2931 5262 per
2961 5192 3085 5253 hoc,
3118 5190 3262 5258 quod
3288 5189 3470 5241 omnia

219 5283 357 5351 περὶ
384 5279 545 5332 αὑτὸν
576 5278 775 5346 ἔρωτα,
804 5277 898 5329 καὶ
930 5278 1005 5347 μὴ
1052 5278 1134 5329 ὅτι
1173 5293 1236 5344 γε
1281 5276 1655 5347 δυσχεραίνειν
1690 5282 1798 5342 τοῖς

1903 5287 2005 5340 ista
2040 5302 2136 5355 pro
2168 5286 2314 5340 illius
2346 5301 2533 5340 amore
2570 5285 2754 5350 ferret,
2784 5299 2961 5353 neque
2993 5284 3044 5335 in
3074 5281 3242 5349 ipsius
3307 5278 3474 5331 mole-

218 5369 574 5440 δυσχερέσιν,
607 5367 743 5420 ἀλλὰ
773 5370 871 5423 καὶ
908 5367 1282 5437 δυσχεραίνειν
1312 5369 1393 5421 ὅτι
1426 5368 1499 5438 μὴ
1530 5370 1700 5421 πλείω
1732 5372 1797 5422 τὰ

1906 5380 2024 5434 stiis
2052 5380 2277 5434 sentiret
2304 5377 2631 5443 molestiam,
2654 5379 2759 5434 nisi
2783 5394 2852 5447 qu
2879 5392 2906 5431 a
2928 5391 3032 5430 non
3057 5376 3208 5444 plura
3225 5381 3278 5426 et
3298 5370 3471 5439 magis

218 5462 461 5532 δυσχερῆ
483 5475 499 5493 ⁶
532 5462 627 5513 καὶ
648 5460 755 5529 πρό
775 5476 838 5527 γε
852 5459 1061 5512 ,τούτων
1083 5461 1174 5511 καὶ
1202 5460 1341 5529 μετὰ
1369 5463 1573 5513 τούτων
1602 5463 1661 5514 τὸ
1683 5464 1798 5525 τοῖς

1908 5468 2139 5523 molesta
2188 5469 2531 5536 patiebatur:
2566 5467 2821 5537 quodque
2870 5474 3063 5536 praeter
3098 5465 3200 5519 ista
3246 5472 3300 5515 et
3347 5475 3470 5513 cum

221 5552 565 5621 ὑπερφυέσιν
590 5549 900 5603 ἐπιϐάλλειν
932 5550 1107 5617 ἀγῶσι
1135 5550 1228 5601 τοῦ
1259 5551 1394 5619 πρὸς
1424 5552 1585 5603 αὐτὸν
1612 5554 1796 5605 εῐνεκα

1905 5559 2048 5621 istis,
2096 5573 2217 5613 sese
2259 5568 2511 5613 attereret
2549 5559 2827 5612 laboribus
2877 5554 3206 5616 immodicis,
3252 5558 3474 5620 propter

219 5643 419 5707 πόθου,
444 5643 541 5695 καὶ
569 5639 663 5694 νῦν
694 5644 792 5709 μὲν
818 5644 1092 5709 νηστείαις
1123 5642 1216 5695 καὶ
1242 5643 1593 5713 ἀγρυπνίαις,
1628 5643 1719 5697 νῦν
1743 5645 1798 5698 δὲ

1905 5662 2023 5701 eam
2060 5662 2165 5718 qua
2195 5662 2322 5716 erga
2355 5648 2534 5717 ipsum
2568 5646 2841 5702 ferebatur
2872 5646 3215 5701 charitatem.
3258 5636 3469 5694 Etenim

303 5816 365 5887 (Ι)
410 5815 609 5872 Dee-sse
638 5816 741 5871 hoc
790 5823 969 5871 autem
1006 5815 1182 5873 simile
1233 5818 1476 5884 verbum,
1510 5834 1575 5873 ex
1624 5834 1789 5875 sensu
1830 5819 2015 5889 liquet.
