4140 6318
624 383 731 446 763

1847 385 2155 448 NICOLAI
2199 381 2516 443 CABASIL
2543 381 2585 436 Ε

3771 387 3903 451 761

625 513 770 553 nunc
807 498 1026 566 quidem
1064 499 1261 569 vigiliis
1295 510 1453 570 atque
1501 500 1756 570 ieiuniis.
1798 517 1941 555 nunc
1984 501 2194 553 incom-

2326 496 2640 563 ἐνσχερείαις
2679 497 2913 559 ἁπάσαις
2948 502 3087 569 ὑπὲρ
3132 501 3189 551 ea
3235 501 3432 569 μέτρον
3461 500 3519 551 τὸ
3552 500 3710 568 σῶμα
3736 500 3903 552 διδό-

628 592 804 644 ιιεοιίίε
847 592 1180 646 omnimodis
1231 609 1430 659 corpus
1480 609 1638 646 suum
1693 593 1835 646 ultra
1883 609 2192 646 mensuram

626 683 934 742 addicebat.
966 683 1258 748 omniaque
1284 685 1371 737 illa
1400 695 1593 752 sponte
1621 685 1974 753 suscipiebat,
1997 684 2196 752 quibus

628 775 804 842 ipsum
857 774 1076 842 quidem
1129 776 1370 839 domari,
1422 778 1663 830 animum
1712 792 1840 830 vero
1883 776 2195 831 confirmari

627 866 913 931 contingit.
952 864 1138 935 Neque
1175 866 1350 922 levius
1386 868 1510 935 hoc,
1541 868 1583 921 si
1618 884 1722 921 non
1754 879 1805 922 et
1841 868 2019 935 majus
2054 868 2199 936 ejus-

627 955 749 1008 dem
806 954 1118 1010 dilectionis
1172 967 1552 1026 argumentum
1605 967 1724 1022 est,
1779 967 1830 1012 et
1882 958 2025 1026 quod
2071 972 2198 1026 erga

627 1059 820 1099 omnes
870 1046 1124 1101 homines
1173 1048 1253 1102 sic
1300 1038 1656 1113 allieeretur,'
1685 1057 1744 1103 ut
1785 1064 1905 1118 quae
1954 1048 2197 1116 ipsorum

628 1136 912 1190 commoda
960 1137 1264 1192 attint-baut
1307 1139 1590 1208 pra'ferret
1639 1141 1864 1193 omnino
1915 1141 2068 1194 suis:
2107 1138 2198 1206 qui

628 1227 772 1280 enim
810 1227 1028 1281 fratrem
1059 1229 1270 1298 diligit.
1308 1231 1483 1297 diligit
1515 1241 1568 1285 et
1603 1229 1770 1283 Deum
1795 1270 1810 1293 ,
1853 1247 2032 1299 neque
2065 1233 2201 1285 alte-

629 1332 748 1370 rum
791 1318 911 1372 sine
949 1319 1119 1374 altero
1153 1331 1335 1388 potest
1363 1323 1700 1387 consistere;
1750 1322 1842 1376 sed
1871 1337 2094 1376 necesse.
2119 1331 2203 1375 est

629 1424 753 1460 eum
780 1408 888 1465 Deo
911 1424 1330 1466 conversantem
1351 1417 1514 1468 etiam
1550 1414 1755 1469 versari
1783 1431 1902 1468 cum
1929 1416 2199 1484 proximo,

630 1509 682 1552 et
719 1515 842 1554 eum
875 1503 969 1570 qui
1013 1504 1264 1558 homines
1295 1505 1506 1574 diligit,
1550 1505 1718 1560 Deum
1761 1521 1979 1574 quoque
2023 1509 2199 1576 ipsqu

593 1592 875 1659 .diligere.
927 1595 1067 1649 Hinc
1114 1597 1164 1649 ei
1208 1595 1479 1650 familiare
1541 1610 1657 1654 erat
1713 1601 1970 1653 omnibus
2018 1599 2203 1653 omnia

634 1683 966 1750 ministrare,
1001 1702 1176 1754 neque
1223 1688 1326 1754 pati
1367 1701 1422 1741 ut
1493 1689 1600 1744 sibi
1624 1691 1960 1746 ministraret
1987 1691 2205 1760 aliquis;

637 1775 690 1826 in
727 1789 902 1850 coque
935 1776 1217 1831 Christum
1257 1779 1574 1834 imitabatur
1596 1821 1609 1844 ,
1648 1781 1791 1834 illius
1825 1781 2049 1852 vestigia
2074 1781 2205 1836 sub-

637 1879 894 1932 sequens.
1244 1905 1247 1910 ν
1584 1942 1586 1945 τ

711 1957 800 2010 il.
844 1957 934 2012 Sic
973 1959 1138 2026 igitur
1173 1963 1430 2016 virtutum
1470 1963 1950 2030 prazstantissimas
1992 1966 2046 2018 in
2091 1962 2214 2018 fun-

637 2044 896 2102 damento
919 2049 1124 2111 locans,
1163 2051 1226 2103 ad
1258 2051 1489 2105 aliarum
1527 2067 1747 2121 quoque
1785 2053 2058 2124 fastigium
2091 2069 2216 2123 per-

640 2135 809 2194 venit.
832 2147 893 2188 ut
922 2155 1096 2206 neque
1129 2140 1180 2192 in
1214 2140 1319 2194 illis
1355 2141 1612 2208 cuiquam
1640 2141 1841 2206 primas
1871 2142 2216 2196 concederet.

638 2223 784 2279 Nihil
825 2238 1004 2281 autem
1037 2229 1230 2284 melius
1264 2241 1343 2282 est
1379 2231 1804 2296 get'teralissimis
1839 2241 2077 2300 quatuor
2154 2234 2218 2286 Et

637 2315 706 2370 de
739 2319 1026 2386 prudentia
1055 2320 1276 2388 quidem
1308 2321 1427 2389 eius
1459 2321 1560 2374 hoc
1592 2337 1811 2388 possunt
1845 2323 2026 2376 dicere
2073 2324 2216 2389 quod

640 2407 685 2462 si
725 2408 974 2462 maximat
1008 2410 1288 2476 sapientiae
1319 2411 1586 2464 terminus
1617 2421 1702 2465 est
1732 2425 1914 2475 nosse,
1947 2423 2131 2467 utrum
2155 2429 2216 2466 ea

639 2513 760 2566 qua:
782 2507 904 2553 sunt
947 2516 1136 2554 revera
1179 2502 1286 2554 sint
1309 2541 1325 2566 ,
1358 2511 1411 2554 ct
1439 2503 1582 2556 circa
1624 2503 1736 2557 haec
1765 2503 2075 2572 imperitum
2110 2520 2217 2557 non

640 2605 762 2643 esse
795 2608 809 2644 :
839 2591 1114 2659 quomodo
1162 2608 1268 2645 non
1323 2605 1542 2646 omnem
1598 2593 1874 2662 sapientiae
1925 2597 2216 2648 terminum

642 2695 834 2748 magna
869 2683 983 2736 haec
1011 2693 1195 2736 sancta
1233 2697 1582 2752 supergressa
1627 2693 1728 2748 est,
1773 2695 1976 2738 tantam
2034 2701 2218 2739 rerum

645 2772 853 2827 habens
878 2775 1156 2839 notitiam,
1180 2786 1363 2829 utnon
1397 2776 1576 2828 solum
1604 2775 1927 2845 intelligeret
1947 2791 2013 2830 an
2039 2785 2224 2830 essent

643 2863 855 2932 singula
899 2875 953 2915 ut
983 2880 1107 2920 esse
1137 2867 1477 2930 videbantur,
1505 2868 1596 2921 sed
1623 2869 1785 2921 etiam
1815 2877 1998 2922 utrum
2032 2882 2062 2922 e
2088 2869 2222 2922 (luo-

646 2956 750 3008 hus
781 2965 960 3018 esset;
1001 2959 1474 3025 praestantiorihus
1501 2969 1682 3012 autem
1716 2974 1780 3016 ac
1805 2960 2128 3014 melioribus
2165 2977 2224 3014 se

647 3049 904 3103 traderet.
943 3063 1038 3115 pro
1067 3049 1134 3103 iis
1164 3050 1272 3117 pati
1300 3049 1565 3118 quidlibet
1600 3060 1652 3104 et
1684 3049 1866 3106 facere
1895 3063 2121 3120 parata;
2154 3054 2224 3106 ab

648 3139 772 3193 aliis
809 3155 939 3193 vero
981 3154 1154 3209 usque
1191 3140 1327 3195 adeo
1361 3141 1666 3205 abstinens,
1701 3151 1762 3197 ut
1793 3158 1903 3197 non
1942 3135 2223 3199 solum‘iis

648 3230 816 3284 nollet
855 3229 1260 3300 quo-noddlihet
1297 3235 1408 3298 uti,
1453 3234 1546 3288 sed
1591 3248 1691 3287 nec
1732 3234 1786 3288 in
1833 3235 2221 3304 cogitationem

649 3323 869 3390 quidem
894 3339 1082 3377 eorum
1118 3326 1320 3379 venire.
1348 3326 1504 3389 Quod
1540 3341 1703 3394 porro
1736 3328 1788 3379 in
1822 3327 2080 3381 omnibus
2107 3341 2228 3382 cra-

649 3413 806 3473 tiose.
827 3424 881 3467 ut
906 3416 1180 3481 convenit,
1205 3432 1322 3471 sese
1347 3418 1572 3472 haberet
1598 3434 1612 3481 ;
1641 3426 1694 3472 et
1715 3419 1978 3473 rationem
2007 3421 2222 3484 quidem

649 3521 885 3575 praeesse
917 3507 1218 3574 affectibus,
1245 3508 1342 3562 hos
1376 3525 1504 3563 vero
1531 3510 1704 3565 eidem
1734 3508 1961 3564 subesse
1993 3509 2221 3576 faceret;

651 3608 869 3648 carnem
903 3610 1125 3665 quoque
1150 3596 1516 3664 supprimere,
1548 3606 1602 3651 et
1633 3599 1686 3651 in
1720 3599 2044 3654 servitutem
2079 3599 2222 3652 redi-

655 3698 809 3754 gere.
835 3693 999 3751 atque
1033 3684 1291 3754 aﬂligere,
1328 3696 1563 3741 mentem
1601 3702 1629 3740 e
1663 3696 1848 3742 contra
1886 3689 2226 3744 subtiliorem

654 3775 880 3829 reddere
905 3785 1067 3844 atque
1094 3777 1356 3832 extollere
1380 3787 1678 3847 satageret;
1713 3779 1963 3834 universa
1992 3779 2229 3852 denique

656 3863 710 3916 in
761 3865 1000 3932 pondere
1047 3872 1105 3919 et
1151 3873 1352 3919 statera
1407 3875 1653 3935 poneret.
1707 3876 1870 3935 atque
1909 3869 1966 3921 in
2016 3869 2230 3923 cunctis

657 3964 933 4020 utcunque
977 3955 1298 4010 accidebant
1346 3970 1404 4009 se
1435 3967 1677 4011 servaret
1721 3958 2063 4022 indemnem,
2095 3959 2232 4028 quo-

657 4047 818 4101 modo
851 4063 956 4100 non
995 4057 1188 4116 arguat
1216 4048 1489 4113 justitiam
1531 4049 1582 4101 in
1616 4049 1702 4102 illa
1741 4050 2233 4106 absolutissimam?

730 4138 816 4191 12.
845 4137 920 4191 De
945 4137 1234 4206 prudentia
1255 4138 1420 4206 igitur
1443 4137 1855 4206 atquejustitia.
1886 4155 1992 4193 non
2017 4149 2232 4210 quanta!

659 4229 759 4298 ipsi
786 4227 1031 4290 aderant.
1061 4228 1150 4281 sed
1182 4227 1459 4297 quomodo
1492 4230 1670 4296 potui,
1691 4230 1965 4294 elocutus,
1995 4230 2060 4285 ad
2091 4232 2229 4286 alias

661 4318 1002 4386 progredior.
1051 4317 1108 4371 In
1150 4318 1238 4372 his
1280 4317 1476 4388 igitur,
1513 4321 1872 4387 temperantia
1911 4321 2136 4389 inquam
2183 4333 2236 4376 et

663 4407 1011 4468 fortitudine,
1047 4407 1191 4461 haud
1221 4423 1350 4462 sene
1389 4408 1616 4462 minima
1647 4408 1932 4464 Theudora
1965 4409 2104 4465 fuit:
2140 4412 2234 4466 sed

2304 604 2410 651 ναι,
2442 590 2532 638 καὶ
2566 588 2701 650 ὅλως
2725 592 2951 653 ἐκείνοις
2987 594 3149 644 πᾶσιν
3177 594 3465 662 ἐγχειρεῖν,
3499 591 3556 655 ἐξ
3587 587 3661 645 ὧν
3687 593 3748 644 τὸ
3788 589 3906 656 μὲν

2305 679 2652 744 ὑποπίπτειν,
2705 680 2802 748 τὴν
2845 682 2899 734 δὲ
2945 682 3122 750 ψυχὴν
3153 682 3337 745 αὔξειν
3380 684 3733 749 περιγίνεται.
3773 682 3908 750 Οὐχ

2306 765 2468 838 ἦττον
2505 769 2558 822 δὲ
2595 771 2752 822 τοῦτο
2792 773 2838 822 εἰ
2875 775 2948 840 μὴ
2983 776 3076 825 καὶ
3115 775 3327 842 μεῖζον,
3370 774 3428 826 τὸ
3461 776 3598 826 πᾶσι
3639 777 3750 832 τοῖς
3793 776 3908 826 ἁν-

2306 861 2544 929 θρώποις
2587 862 2730 915 οὑτω
2773 865 3072 933 κεχρῆσθαι
3117 867 3192 926 ὡς
3250 867 3342 918 καὶ
3397 866 3503 916 τῶν
3551 865 3672 918 καθ’
3716 864 3911 933 αὐτὴν

2306 954 2589 1015 τάκείνων,
2620 954 2748 1022 περὶ
2789 956 3030 1017 πλείονος
3080 958 3233 1021 ἄγειν
3279 958 3372 1008 καὶ
3416 956 3728 1025 προτιθέναι
3785 956 3914 1016 τοῖς

2306 1041 2483 1103 ὅλοιςο
2521 1043 2549 1094 ὁ
2587 1043 2694 1110 γὰρ
2727 1043 2816 1094 τὸν
2856 1043 3104 1111 ἀδελφὺν,
3149 1046 3334 1114 φησὶν,
3388 1045 3618 1109 ἀγαπῶν
3669 1044 3765 1094 καὶ
3801 1043 3912 1094 τὸν

2308 1128 2437 1180 Θεὸν
2483 1130 2670 1200 ἀγαπᾷ
2694 1148 2706 1160 ⁸
2745 1134 2838 1184 καὶ
2902 1133 3180 1201 οὐδέτερον
3218 1135 3387 1203 χωρὶς
3428 1135 3615 1198 ἑτέρου
3658 1133 3914 1201 συσταίη

2310 1220 2428 1270 ποτ’
2464 1218 2561 1282 ἂν,
2598 1220 2731 1273 ἀλλὰ
2763 1220 2854 1272 τὸν
2888 1221 2964 1289 τῷ
2999 1221 3117 1289 Θεῷ
3149 1223 3485 1291 κεχρημένον
3519 1221 3616 1275 καὶ
3654 1224 3770 1283 τοῖς
3803 1226 3916 1273 ἀν.

2310 1310 2546 1376 θρώποις
2604 1311 2944 1380 κεχρῆσθαι,
3002 1312 3092 1364 τὸν
3153 1313 3198 1364 δ’
3264 1312 3330 1364 αὑ
3388 1314 3513 1374 τοὺς
3570 1312 3918 1380 ἀνθρώπους

2316 1400 2596 1466 φιλῶ-ιτα,
2631 1403 2843 1470 ἀνάγκη
2884 1403 3034 1454 πᾶσα
3068 1405 3158 1455 καὶ
3199 1404 3288 1455 τὸν
3327 1403 3458 1455 Θεὸν
3492 1404 3730 1472 ἀγαπᾷν.
3774 1404 3917 1455 Ἐν-

2309 1490 2494 1542 τεῦθεν
2528 1493 2661 1560 αὑτῇ
2694 1492 2754 1544 τὸ
2778 1493 2977 1553 πάσαις
3009 1495 3183 1545 πάντα
3217 1493 3501 1556 διακονεῖν,
3543 1495 3627 1545 ἵνα
3657 1495 3730 1562 μὴ
3765 1493 3912 1543 δια-

2313 1583 2518 1632 κονοῖτο
2569 1582 2804 1649 Χριστὸν
2848 1583 3160 1652 μιμουμένη
3203 1583 3299 1642 καὶ
3346 1583 3467 1637 κατ’
3503 1581 3647 1652 ἴχνος
3681 1581 3915 1634 ἐκείνου

2317 1672 2598 1741 βαίνουσα.

2392 1963 2480 2010 ια’.
2532 1957 2687 2010 Οὑτω
2739 1958 2919 2012 τοίνυν
2961 1961 3060 2022 τὰς
3107 1960 3370 2028 μεγίστας
3416 1961 3728 2029 ὑποθεμὲνη
3782 1962 3916 2014 τῶν

2318 2047 2563 2115 ἀρετῶν,
2603 2048 2745 2102 οὑτω
2776 2052 2870 2102 καὶ
2908 2050 3015 2103 τῶν
3043 2051 3216 2104 ἄλλων
3253 2052 3330 2114 είς
3361 2053 3528 2121 ἄκρον
3569 2052 3788 2118 ἤλασεν,
3825 2051 3915 2116 ὡς

2326 2137 2449 2205 μηδ’
2484 2139 2540 2188 ὲν
2565 2139 2792 2201 ταύταις
2830 2140 3016 2208 μηδενὶ
3045 2143 3154 2194 τῶν
3186 2143 3439 2194 ἁπάντων
3469 2143 3774 2209 ὑπερϐολὴν
3813 2143 3914 2194 λε·-

2320 2228 2560 2282 λοιπέναι
2629 2229 2784 2292 ὅλους
2804 2233 2911 2300 γὰρ
2939 2235 3218 2300 τεσσάρων
3251 2235 3400 2286 οὐδὲν
3449 2235 3623 2286 ὄνειον
3661 2235 3754 2302 (ιη)
3791 2236 3916 2287 τᾶν

2321 2321 2702 2383 γενικωτάτων
2761 2323 3074 2392 φρονήσεως
3109 2325 3208 2391 μὲν
3247 2326 3374 2393 πέρι
3405 2327 3582 2378 ἐκεῖνο
3612 2324 3789 2389 λέγω,
3828 2324 3914 2384 ὡς

2319 2409 2436 2471 εῖγε
2463 2409 2714 2476 γνώσεως
2737 2413 2860 2481 ὅρος
2894 2417 3010 2468 ἐστὶ
3035 2415 3132 2482 τῆς
3168 2417 3452 2484 μεγίστης,
3474 2417 3534 2468 τὺ
3625 2418 3752 2468 ὄντα
3782 2417 3917 2470 ἐστὶ

2322 2500 2389 2550 τὰ
2423 2500 2548 2552 ὄντα
2588 2501 2806 2566 εἰδέναι,
2841 2506 2933 2556 καὶ
2966 2505 3042 2573 μὴ
3082 2505 3339 2558 ἀσύνετον
3369 2503 3507 2558 εῖναι
3543 2509 3670 2574 περὶ
3704 2507 3872 2558 ταυτί

2325 2587 2441 2650 πῶς
2471 2591 2531 2642 οὑ
2569 2591 2744 2644 πάντα
2771 2593 3081 2662 φρονήσεως
3107 2595 3231 2662 ὅρον
3253 2595 3568 2665 ὑπερῦαίνει
3590 2598 3654 2648 τὰ
3681 2597 3773 2662 τῆς
3798 2613 3914 2664 με·-

2327 2678 2496 2745 γάλης
2537 2679 2682 2731 οὕτω
2713 2682 2812 2750 τὴν
2854 2684 3254 2752 ἀκριϐεστάτην
3285 2686 3596 2755 ἐπιστήμην
3623 2687 3915 2750 ἑκατέρων

2323 2769 2559 2836 σχοὺσης
2581 2771 2689 2822 τῶν
2713 2773 2902 2832 ὄντων,
2933 2775 3009 2836 ὡς
3042 2775 3115 2841 μὴ
3145 2771 3355 2849 μόνονῇ
3384 2777 3512 2828 ὄντα
3542 2781 3655 2830 ἐστὶ
3676 2779 3742 2830 τὰ
3768 2779 3914 2828 ὄντα

2325 2862 2546 2919 εἰδέναι.
2577 2861 2712 2914 ἀλλὰ
2743 2865 2836 2914 καὶ
2853 2863 2980 2914 οἴων
3011 2864 3289 2934 ἑκατέρων
3317 2867 3670 2933 ἀντιληπτέον
3696 2870 3760 2920 ἂν
3785 2871 3912 2936 εἴη,

2324 2950 2398 3011 ὡς
2431 2952 2539 3012 τοῖς
2579 2949 2678 3016 μὲν
2719 2951 3054 3019 ἑστῶσιρκαὶ
3091 2956 3303 3022 μείζοσι
3340 2956 3559 3019 θέσθαι,
3599 2959 3689 3009 καὶ
3739 2961 3917 3011 πάνθ’

2327 3045 2466 3111 ὑπὲρ
2494 3044 2698 3095 τούτων
2733 3046 2825 3096 καὶ
2856 3048 3029 3098 ποιεῖν
3059 3047 3153 3099 καὶ
3185 3048 3413 3116 πάσχειν
3447 3049 3753 3117 αἱρεῖσθαι·
3790 3051 3916 3104 τῶν

2326 3133 2370 3186 δ’
2415 3134 2749 3201 ἀποσχέσθαι
2795 3135 3046 3188 τοσοῦτον
3087 3138 3181 3188 καὶ
3225 3141 3435 3206 χαίρειν
3469 3139 3662 3200 ἐάσαι,
3691 3138 3766 3202 ὡς
3823 3141 3916 3210 μὴ

2330 3229 2489 3294 μόνον
2541 3225 2662 3296 μηδ’
2713 3227 2960 3284 ὁπωσοῦν
2999 3229 3204 3285 ἐθέλειν
3247 3229 3572 3298 κεχρῆσθαι,
3613 3231 3744 3286 ἀλλά
3773 3233 3916 3301 μηδ’

2325 3317 2534 3370 ἔννοιαν
2560 3319 2766 3372 τούτων
2794 3320 3086 3388 ἐσχηκέναι
3119 3321 3269 3374 ποτέ.
3303 3320 3375 3373 Τὸ
3403 3322 3460 3374 δὲ
3483 3324 3658 3376 πάντα
3685 3323 3752 3374 τὰ
3776 3325 3916 3375 καθ’

2327 3409 2496 3478 αὐτὴν
2521 3409 2889 3478 δημαγωγεῖν,
2913 3411 3006 3462 καὶ
3034 3411 3274 3473 διοικεῖν,
3305 3413 3396 3463 καὶ¹
3426 3413 3636 3482 διαιτᾷν
3733 3430 3923 3478 προσ-

2327 3499 2427 3566 ῆκε
2462 3552 2465 3554 _
2503 3503 2600 3553 καί
2631 3500 2890 3570 λογισμὸν
2936 3503 3032 3568 μὲν
3071 3504 3184 3563 τοῖς
3219 3501 3448 3554 πάθεσιν
3479 3505 3790 3570 ἐφιστάναι,
3837 3510 3919 3559 τὰ

2327 3587 2374 3642 δ’
2401 3589 2726 3642 ὑποπίπτειν
2771 3589 3208 3658 παρασκευάζειν
3291 3591 3384 3642 καὶ
3429 3590 3530 3660 τὴν
3574 3591 3674 3660 μὲν
3725 3592 3922 3662 σάρκα

2329 3681 2690 3752 κατατρύχειν
2735 3683 2830 3736 καὶ
2871 3683 3237 3750 δουλαγωγεῖν
3283 3685 3378 3737 καὶ
3416 3688 3662 3752 πιέζειν,
3708 3689 3805 3758 τὴν
3854 3691 3921 3744 δὲ

2329 3774 2506 3844 ψυχὴν
2530 3775 2816 3844 καθαίρειν
2842 3791 2898 3827 τε
2928 3775 3021 3827 καὶ
3041 3774 3326 3828 λεπτὺεσειν
3346 3791 3359 3805 ⁶
3390 3779 3483 3830 καὶ
3504 3779 3636 3840 ὅλως
3656 3779 3714 3831 τὸ
3747 3780 3918 3836 πᾶντ⁹

2305 3865 2390 3926 ,ὲν
2430 3864 2582 3932 ζυγῷ
2624 3865 2716 3916 καὶ
2754 3864 2980 3934 σταθμῷ
3029 3863 3271 3919 τιθέναιο
3304 3867 3397 3917 καὶ
3456 3869 3583 3937 περὶ
3633 3868 3809 3920 πάντα
3840 3874 3918 3924 τὰ

2331 3953 2594 4020 γινόμενα
2625 3949 2853 4016 σώζειν,
2901 3951 3019 4015 πῶς
3046 3953 3146 4006 οὐκ
3181 3953 3261 4006 ἔνι
3306 3955 3540 4026 μεγίστῃ
3588 3956 3916 4032 δικαιοσύνῃ

2334 4041 2638 4110 κεχρῆσθαι
2663 4059 2678 4107 ;

2407 4131 2493 4201 ιβ’.
2519 4133 2836 4200 Φρονήσεως
2861 4135 2958 4203 μὲν
2989 4132 3080 4187 οὖν
3098 4135 3282 4187 εἵνεκα
3306 4135 3400 4189 καὶ
3420 4135 3787 4207 δικαιοσύνης,
3811 4145 3916 4210 οὑχ

2334 4220 2432 4272 ὅσα
2459 4223 2524 4288 τῇ
2561 4223 2772 4292 μεγάλῃ
2828 4224 3039 4291 προσῆν
3063 4267 3074 4284 ,
3109 4224 3224 4276 ἀλλ’
3266 4225 3362 4277 ὅσα
3396 4225 3542 4292 ἐξῆν,
3591 4226 3785 4292 εἰπὼν,
3819 4230 3916 4284 ἐπὶ

2334 4313 2431 4372 τὰς
2464 4311 2628 4373 ἄλλας
2663 4315 2754 4365 καὶ
2801 4312 2864 4382 δὴ
2896 4313 3203 4382 βαδιοῦμαι.
3247 4316 3356 4369 Καὶ
3393 4318 3500 4384 μὴν
3531 4320 3762 4370 τουτωνὶ
3810 4321 3916 4388 μὲν

2337 4401 2574 4455 τοσαῦτα
2597 4405 2790 4473 περιῆν
2813 4406 3061 4474 Θεοδώρα
3083 4408 3435 4476 σωφροσύνης
3457 4425 3516 4459 τε
3542 4409 3633 4462 καὶ
3661 4411 3915 4480 ἀνδρείας

666 4513 840 4565 usque
884 4499 1020 4550 adeo
1069 4500 1230 4551 etiam
1289 4498 1394 4552 hoc
1439 4499 1657 4552 nomine
1685 4500 1893 4552 laudari
1946 4501 2143 4553 meruit
2187 4517 2214 4554 e

2344 4494 2432 4544 καί
2468 4491 2564 4559 τῆς
2594 4495 2650 4543 ὲν
2690 4492 2859 4546 ἅπασι
2889 4495 3181 4564 καρτερίας
3221 4495 3429 4550 ἐλάττω
3454 4511 3468 4526 ·
3495 4497 3633 4551 ἀλλά
3663 4501 3916 4556 τοσοῦτον

664 4592 955 4652 coronari,
994 4599 1051 4642 ut
1101 4605 1261 4643 nemo
1299 4589 1350 4644 id
1389 4591 1565 4643 valeat
1603 4589 1931 4644 sufﬁcienter
1965 4592 2241 4662 explicare

666 4681 916 4735 dicendo.
963 4681 1086 4734 [hec
1133 4682 1276 4734 enim
1323 4697 1450 4734 vere
1494 4681 1830 4736 admirabilis
1878 4699 1971 4749 per
2021 4699 2236 4737 omnem

668 4770 828 4823 vitam
848 4775 982 4824 adeo
1003 4771 1194 4824 fortem
1214 4785 1271 4825 se
1295 4771 1546 4840 pnebuit,
1573 4770 1925 4840 animumque
1947 4773 2028 4827 sic
2054 4774 2243 4829 habuit

665 4862 1020 4916 exercitatum
1049 4901 1061 4924 ,
1104 4871 1162 4914 ιιι
1193 4877 1299 4914 ιιοη
1333 4861 1507 4913 solum
1546 4862 1803 4925 superior
1850 4875 1994 4916 esset
2029 4865 2243 4917 cunctis

669 4969 788 5019 (μιν
820 4951 1132 5004 hominibus
1164 4952 1339 5004 solent
1380 4950 1499 5002 lteta
1549 4948 1793 5001 tristiave
1832 4953 2109 5016 accidere;
2142 4953 2235 5005 sed

671 5042 802 5108 ipsis
834 5051 1038 5095 natura:
1061 5041 1270 5109 legibus
1293 5040 1564 5095 videretur
1596 5058 1768 5110 usque
1790 5057 1988 5109 tuaque
2041 5041 2236 5105 major,

675 5131 888 5184 labores
935 5130 1153 5199 quidem
1198 5132 1446 5198 corporis
1490 5132 1788 5187 secundum
1837 5133 2234 5200 philosophiam

673 5232 932 5289 quantum
980 5221 1120 5275 alius
1163 5222 1435 5290 quispiam
1485 5233 1627 5275 ret-te
1658 5225 1947 5284 ordinans,
1995 5222 2240 5276 animum

675 5328 804 5365 vero
851 5313 1046 5382 ubique
1087 5321 1328 5366 erectum
1381 5329 1446 5367 ac
1499 5330 1821 5381 generosum
1879 5327 2238 5367 conservans.

677 5404 927 5461 Testatur
963 5405 1067 5458 hoc
1098 5404 1273 5472 primo
1310 5407 1585 5474 egregium
1636 5405 1949 5472 silentium,
1990 5413 2043 5458 et
2078 5419 2240 5474 quam

680 5502 731 5552 in
765 5498 880 5566 ipso
908 5496 1139 5550 tenendo
1163 5499 1482 5551 monstravit
1513 5497 1907 5559 constantiam;
1940 5504 2069 5550 totis
2091 5495 2234 5549 enim

681 5585 988 5656 quindecim
1043 5587 1206 5641 annis
1251 5587 1418 5641 tiliam
1478 5604 1631 5642 suam
1688 5588 1927 5641 allocuta
1979 5600 2088 5638 non
2143 5594 2245 5649 est,

2343 4582 2633 4635 κάντεῦθεν
2657 4587 2938 4651 στεφανεῖν
2958 4587 3093 4656 αὑτῇ
3115 4585 3380 4657 προσῆκε,
3403 4591 3491 4640 καὶ
3515 4589 3658 4643 οὑτω
3685 4595 3915 4663 μετέσχε

2343 4678 2436 4728 καὶ
2480 4678 2586 4728 τῶν
2637 4677 2883 4730 ἐντεῦθεν
2943 4679 3206 4743 παιάνων,
3254 4679 3329 4742 ὡς
3375 4681 3497 4750 μηδ’
3545 4683 3916 4754 ἀποχρώντως

2345 4765 2486 4834 ἔχειν
2515 4766 2822 4828 διεξελθεῖν.
2850 4767 3099 4835 Θεοδώρα
3125 4769 3232 4837 γὰρ
3259 4771 3292 4839 ἡ
3313 4769 3621 4839 θαυμαστὴ,
3649 4776 3916 4846 καρτερία

2343 4859 2426 4910 διὰ
2455 4860 2568 4928 βίον
2593 4859 2785 4921 παντὸς
2809 4861 3144 4929 κεχρημένη,
3175 4863 3268 4913 καὶ
3287 4861 3430 4915 οὑτω
3449 4863 3547 4934 τὴν
3573 4863 3754 4933 ψυχὴν
3777 4881 3915 4936 παρ-

2341 4951 2691 5007 εσκευακυῖα,
2723 4948 2797 5010 ὡς
2819 4948 2892 5018 μὴ
2926 4947 3083 5017 μόνον
3107 4950 3384 5015 ἀνωτέραν
3413 4953 3704 5019 τυγχάνειν
3725 4953 3831 5005 τῶν
3857 4971 3912 5007 τε

2342 5040 2483 5092 κατά
2519 5039 2604 5090 τὸν
2639 5039 2750 5107 βίον
2791 5041 3051 5109 ἀνιαρῶν,
3091 5041 3201 5093 τῶν
3233 5039 3281 5092 θ’
3321 5042 3397 5103 ὡς
3427 5042 3626 5109 ἑτέρως
3659 5045 3915 5112 ἑχόντων,

2343 5131 2478 5183 ἀλλὰ
2501 5133 2592 5182 καὶ
2611 5132 2717 5181 τῶν
2734 5131 2977 5199 φυσικῶς
3001 5132 3215 5199 θεσμῶν
3236 5135 3579 5186 παντάπασιν
3598 5133 3912 5204 ὑπερσχεῖν,

2344 5225 2440 5277 καὶ
2466 5226 2590 5286 τοὺς
2618 5224 2714 5289 μὲν
2737 5222 2829 5274 τοῦ
2857 5222 3105 5290 σώματος
3129 5223 3321 5286 πόνους
3343 5226 3430 5277 καὶ
3459 5225 3641 5276 πᾶσαν
3665 5226 3764 5293 τὴν
3787 5229 3914 5297 περὶ

2345 5312 2516 5365 ταῦτα
2540 5311 2853 5378 φιλοσοφίαν
2874 5312 2946 5374 ὡς
2964 5311 3062 5364 οὑκ
3090 5307 3187 5364 οἷδ’
3203 5313 3256 5366 εί
3275 5329 3358 5369 τις
3382 5313 3795 5380 κατωρθωκυῖα,
3817 5315 3915 5382 τὴν

2349 5405 2403 5456 δὲ
2436 5403 2612 5474 ψυχὴν
2641 5403 2834 5471 ἀκλινῆ
2865 5403 2957 5455 καὶ
2991 5405 3247 5470 γενναίαν
3287 5403 3542 5466 καθάπαξ
3576 5405 3634 5454 ἐν
3665 5406 3800 5457 πᾶσι
3829 5421 3916 5456 τε-

2342 5497 2631 5562 τηρηκυῖα.
2675 5495 2783 5547 Καὶ
2815 5498 3084 5562 μαρτυρεῖ
3134 5495 3306 5546 ταῦτα
3341 5494 3550 5563 πρῶτον
3583 5495 3687 5564 μὲν
3716 5496 3776 5549 τὸ
3819 5494 3914 5564 τῆς

2358 5586 2566 5653 σιωπῆς
2604 5584 2818 5654 ἐκείνης
2847 5584 3124 5652 ὑπερφυὲς
3154 5586 3248 5636 καὶ
3288 5585 3354 5655 ἢν
3384 5585 3506 5655 ἔσχε
3541 5587 3668 5656 περὶ
3695 5588 3915 5657 ταυτηνὶ

756 5771 848 5838 (οη)
906 5772 997 5825 lta.
1029 5787 1122 5840 per
1171 5771 1537 5840 conjecturam
1600 5771 1959 5838 corrigimus,
2021 5785 2116 5837 pro
2180 5770 2237 5820 οῖ)
2278 5769 2409 5830 duint,
2447 5771 2584 5839 quod
2623 5768 2754 5821 nihil
2797 5767 2964 5820 visum
3004 5765 3330 5836 signiﬁcare.
