4140 6318
152 471 263 538 Ἶῆῦ

1433 474 1604 535 Vl'I‘A
1645 475 1703 533 S.
1736 477 1781 532 Τ
1791 475 1835 533 11
1851 473 2177 534 ΕῡῡΟίίίΕ

3311 470 3417 534 766

145 592 447 661 καρτερίαν
506 590 599 645 ἐπὶ
616 590 724 659 γάρ
745 589 903 654 πέντε
930 590 1023 640 καὶ
1042 587 1171 640 δέκα
1196 588 1461 646 ἐνιαυτοῖς
1480 588 1573 640 καὶ
1600 587 1733 655 πρὸς

1854 591 2096 657 quamvis
2133 590 2187 643 in
2224 588 2414 641 eodem
2447 601 2568 639 cum
2602 585 2717 651 ipsa
2748 584 2969 638 virtutis
2992 584 3170 638 stadio
3200 598 3422 647 exerce-

142 685 243 737 τὸν
274 685 439 738 παῖδα
474 684 534 737 τὸ
564 685 722 752 σιγᾷν
748 682 1033 751 ἐκέχρητο,
1058 682 1154 733 καὶ
1183 678 1355 732 ταῦτα
1384 682 1505 742 ταῖς
1535 681 1728 741 αὑταῖς

145 776 338 844 εκείνη
381 777 639 845 χρωμένη
681 771 984 840 διατριϐαῖς
1048 772 1239 823 ἔπειτα
1276 774 1371 823 καὶ
1400 773 1426 823 ὁ
1466 770 1728 839 μέγιστος

145 870 358 929 ἐκεῖνος
388 868 484 920 καὶ
504 868 687 918 πᾶσαν
720 863 1065 926 ἀντεξέτασιν
1088 862 1435 931 ὑπερϐαίνων
1465 861 1601 931 πρὸς
1636 862 1727 914 τὸν

148 958 403 1027 χειμῶνα
454 955 564 1009 τῶν
620 953 897 1022 στοιχείων
949 952 1119 1018 ἀγών.
1176 951 1333 1005 Οὕτω
1377 950 1467 1003 διὰ
1512 951 1730 1005 πάντων

150 1049 394 1113 ὑπέταξε
427 1048 525 1118 τὴν
552 1047 732 1116 σάρκα
769 1044 847 1114 τῷ
880 1045 1168 1115 πνεύματι,
1203 1045 1296 1097 καὶ
1338 1044 1411 1115 μὴ
1448 1044 1607 1114 μόνον
1631 1042 1731 1112 ἀρ-

150 1160 250 1210 γον
280 1141 537 1204 καθάπαξ
584 1138 886 1206 ἀπέφηνεν,
918 1134 1056 1189 ἀλλά
1091 1135 1182 1188 καὶ
1215 1135 1356 1188 κατά
1388 1135 1644 1212 τὸιφρὰνη
1657 1150 1733 1201 μα

148 1232 248 1286 τοῦ
274 1234 582 1301 πνεύματος
614 1225 719 1299 ἦγε
741 1227 834 1281 τοῦ
867 1228 1011 1281 κατά
1056 1228 1219 1294 φύσιν
1252 1229 1592 1295 ὲκστήσασα.
1626 1225 1734 1277 Καὶ

150 1326 268 1385 τοῖς
305 1323 401 1390 μὲν
433 1321 610 1381 ἄλλοις
644 1321 930 1387 ἀγαπητὸν
954 1318 1015 1371 τὸ
1048 1320 1129 1387 μὴ’
1155 1320 1275 1378 ταῖς
1306 1318 1507 1384 σαρκὸς
1545 1315 1735 1387 ἐπιθυο

154 1415 312 1483 μίαις
334 1412 431 1483 τὴν
457 1412 635 1481 ψυχὴν
657 1410 963 1475 ὑπάγεσθαι
980 1423 994 1438 ⁶
1020 1407 1271 1477 Θεοδώρᾳ
1299 1408 1354 1461 δὲ
1384 1408 1588 1469 οὐκέτι,
1621 1407 1735 1460 ἀλλ’

151 1509 205 1584 εί
241 1507 317 1575 μὴ
342 1508 435 1558 καὶ
462 1505 560 1574 τὴν
589 1504 767 1574 σάρκα
794 1503 1117 1572 μεταὸάλλοι
1148 1501 1247 1571 τὴν
1281 1498 1465 1569 φύσιν,
1502 1501 1592 1553 καὶ
1617 1502 1738 1561 ταῖς

151 1596 479 1666 ἐπιθυμίαις
517 1596 611 1648 τοῦ
658 1594 968 1663 κρείττονος
1014 1592 1243 1645 ἕπεσθαι
1286 1592 1734 1660 παρασκευάσοι.

149 1689 259 1741 οὑκ
294 1686 519 1741 ἀνεκτὸν
552 1685 674 1739 οὑδὲ
702 1684 838 1756 πρὸς
868 1686 1037 1753 αὑτῆς
1073 1685 1281 1752 ἡγεῖτο.

229 1786 323 1846 ιγ’.
367 1778 648 1833 Ἐντεῦθεν
680 1778 774 1831 καὶ
812 1777 1165 1846 σωφροσύνης
1196 1775 1340 1829 οὑτω
1374 1776 1511 1845 μετά
1544 1773 1739 1829 πολλοῦ

152 1870 446 1940 περιόντος
502 1871 581 1932 είς
633 1871 803 1938 ἀκρον
853 1869 1022 1939 ἤλασε
1106 1868 1168 1919 τὸ
1198 1868 1306 1945 γάρ
1344 1867 1434 1921 τὸν
1482 1868 1580 1935 μὲν
1619 1866 1741 1921 νοῦν

147 1962 266 2020 τῶν
312 1961 499 2016 παθῶν
531 1954 914 2032 αὐτοκράτορα
962 1959 1329 2028 καταστῆσαι,
1352 1959 1641 2028 αἰσθήσεις
1686 1958 1742 2010 δὲ

152 2057 250 2110 καὶ
274 2054 377 2126 τὴν
409 2053 658 2108 ἐντεῦθεν
684 2054 930 2122 ἀνάγκην
961 2051 1104 2105 οὑτω
1140 2051 1401 2119 ῥυθμίσαι
1425 2052 1519 2104 καὶ
1560 2066 1746 2104 κατα-

151 2145 387 2211 στεῖλαι,
422 2144 496 2209 ὥς
529 2145 670 2215 μήτε
733 2146 845 2206 τοῖς
880 2142 1182 2213 ὀφθαλμοῖς
1212 2142 1289 2205 είς
1320 2141 1356 2195 ἀ
1390 2143 1463 2211 μὴ
1498 2140 1744 2213 προσῆκε

150 2236 481 2307 κεχρῆσθαι,
521 2236 659 2305 μήτε
691 2234 864 2304 ἀκοὴν
885 2235 1117 2300 ἑτέροις,
1149 2235 1332 2301 μόνοις
1361 2234 1417 2286 δδ
1456 2235 1566 2293 τοῖς
1598 2233 1749 2284 λυσι-

154 2326 516 2389 τελεστάτοις
546 2326 812 2395 ἀνοίγειν,
838 2324 934 2378 καὶ
961 2326 1095 2387 ὅλως
1126 2325 1309 2387 πάσας
1335 2326 1432 2387 τὰς
1465 2322 1749 2390 αἰσθήσεις

154 2417 308 2471 κατά
332 2418 391 2470 τὸ
415 2412 605 2481 δοκοῦν
634 2417 787 2483 ἄγειν
814 2415 892 2487 τῷ
922 2414 1017 2485 νῷ,
1046 2415 1074 2467 ὃ
1098 2416 1199 2483 τῆς
1234 2413 1501 2484 μεγίστης
1533 2428 1750 2479 σωφροα

160 2507 338 2576 σύνης
364 2508 488 2575 ὅρον
520 2507 761 2569 ἀπαντες
785 2506 967 2575 ἴσμεν,
991 2506 1098 2559 τίνι
1118 2506 1223 2558 τῶν
1246 2504 1420 2557 ἄλλων
1443 2503 1538 2556 καὶ
1565 2502 1747 2556 πάντα

152 2600 258 2652 καὶ
294 2596 416 2665 μεθ’
440 2596 749 2667 ὑπερϐολῆς
778 2594 924 2649 οὑτω
946 2594 1305 2665 κατώρθωται
1329 2612 1342 2658 ;
1376 2593 1537 2647 Οὕτω
1568 2594 1750 2645 τοίνυν

151 2689 363 2751 τελέως
388 2689 674 2759 ἀποστάσῃ
702 2686 1141 2754 τῶν-σαρκικῶν,
1174 2686 1269 2740 καὶ
1297 2684 1387 2738 τὸν
1414 2685 1541 2754 περὶ
1572 2682 1750 2736 ταῦτα

156 2778 352 2834 πᾶσαν
407 2777 788 2847 προσπάθειαν
834 2778 928 2845 ἀφ’
969 2777 1169 2846 ἑαυτῆς
1213 2775 1473 2838 καθάπαξ
1514 2791 1750 2843 ποιησα-

160 2870 329 2939 μένη,
367 2869 461 2920 καὶ
492 2868 640 2921 τοῦτ’
670 2869 895 2929 εἰκότως
928 2869 986 2931 ἐξ
1017 2868 1266 2935 ἀνάγκης
1294 2867 1529 2936 ἀπήντα,
1570 2865 1750 2933 μόνων

158 2957 263 3027 μὲν
294 2956 553 3023 γενέσθαι
582 2958 696 3009 τῶν
734 2948 861 3025 περὶ
895 2958 955 3009 τὸ
997 2957 1153 3010 Θεῖον
1186 2955 1428 3026 ἐρώτων,
1452 2956 1548 3008 καὶ
1584 2955 1753 3023 μόνης

157 3047 508 3117 ἐξηρτῆσθαι
540 3051 641 3117 τῆς
681 3046 891 3101 ἐκεῖθεν
926 3046 1167 3109 ἀκτῖνος,
1197 3044 1415 3114 ἐρῶσαν
1448 3044 1505 3096 δὲ
1531 3044 1616 3096 ἀεὶ
1640 3047 1753 3106 τοῖς

160 3138 458 3206 λογισμοῖς
500 3138 916 3206 συντυγχάνειν,
969 3136 1063 3188 καὶ
1110 3135 1362 3206 καθαρὰν
1402 3135 1480 3204 τῷ
1531 3134 1754 3204 καθαρῷ

1834 690 2009 734 retur.
2044 680 2187 734 Idem
2219 686 2450 733 testatur
2485 677 2722 730 maxima
2747 684 2803 729 et
2832 676 2982 730 omni
3006 676 3423 743 comparatione

1836 772 2009 840 major
2041 774 2191 825 lucta
2236 772 2498 824 adversus
2544 768 2929 837 intemperiem
2976 767 3420 822 elementorum:

1836 879 2058 918 carnem
2087 877 2322 930 namque
2347 861 2563 930 spiritui
2595 860 2930 916 omnimodis
2956 860 3215 925 subjecit,
3238 874 3421 929 neque

1836 962 2144 1023 promptam
2193 954 2462 1007 duntaxat
2520 951 2711 1005 habuit
2767 959 2820 1005 et
2871 952 3298 1020 obsequentem,
3332 949 3422 1004 sed

1835 1047 1998 1099 etiam
2026 1044 2243 1113 spiritui
2274 1044 2733 1107 consentientem,
2760 1051 3019 1110 taanam
3052 1052 3264 1096 natura:
3290 1054 3427 1095 con-

1837 1137 2097 1191 ditionem
2151 1150 2398 1204 egressa.
2450 1135 2583 1189 Nam
2631 1134 2752 1188 aliis
2807 1133 3028 1203 quidem
3078 1133 3316 1201 optabile
3345 1142 3429 1187 est

1838 1227 2308 1295 concupiscentiis
2344 1226 2531 1280 carnis
2566 1241 2674 1279 non
2705 1224 2904 1293 subjici
2936 1224 3222 1293 spiritum;
3252 1223 3433 1278 Theo-

1839 1321 1986 1373 dorae
2031 1327 2214 1372 autem
2260 1332 2616 1386 nequaquam
2665 1316 2917 1369 sullicere
2964 1315 3142 1369 visum
3176 1325 3282 1371 est.
3322 1314 3429 1368 nisi

1843 1411 2016 1477 ipsuts
2045 1409 2233 1463 carnis
2268 1411 2585 1463 immutaret
2620 1420 2897 1468 naturam,
2932 1417 2985 1460 et
3020 1408 3195 1476 ipsam
3230 1405 3433 1461 faceret

1843 1503 1987 1555 ultro
2024 1500 2093 1554 ad
2128 1501 2357 1555 meliora
2391 1499 2547 1555 ferri.
2590 1500 2595 1503 ’

1920 1768 2007 1822 15.
2048 1765 2163 1821 Hoc
2189 1782 2318 1835 ergo
2349 1767 2511 1821 modo
2540 1767 2604 1822 ad
2639 1769 3010 1837 temperantia:
3040 1768 3254 1822 culmen
3310 1783 3436 1838 pen

1848 1859 2037 1913 venit:
2084 1859 2172 1913 cui
2220 1860 2365 1913 enim
2408 1859 2642 1912 aliarum
2688 1860 2917 1928 contigit
2962 1858 3065 1913 sibi
3111 1870 3435 1926 comparare

1851 1958 1959 2003 tam
1997 1950 2311 2021 absolutum
2343 1948 2695 2003 aﬂectionum
2721 1950 3051 2017 imperium;
3082 1963 3283 2003 sensus
3308 1962 3437 2002 vero

1848 2054 2151 2109 eorumque
2183 2041 2494 2095 violentiam
2520 2042 2599 2095 sic
2629 2054 2912 2101 coercere.
2951 2049 3007 2093 ut
3042 2053 3221 2108 neque
3254 2038 3434 2092 oculis

1850 2146 2029 2199 neque
2064 2132 2295 2184 auribus
2333 2130 2707 2205 permittatur,
2749 2131 2871 2185 aliis
2907 2131 3090 2191 rebus,
3121 2143 3283 2197 quam
3318 2129 3439 2198 qui-

1850 2224 1953 2277 bus
1982 2224 2264 2285 convenit,
2288 2224 2583 2286 iuteresse;
2618 2222 2710 2276 sed
2738 2222 2871 2275 solis
2899 2220 3124 2275 utilibus
3148 2219 3437 2289 congruis-

1851 2328 1957 2382 que
2003 2322 2225 2382 patere,
2283 2329 2461 2384 neque
2504 2314 2661 2366 aliter
2690 2314 2917 2366 omnino
2952 2326 3114 2381 quam
3161 2311 3437 2381 quomodo

1851 2420 2017 2459 mens.
2038 2406 2390 2459 constituerit
2422 2407 2529 2475 agi,
2564 2406 2708 2474 quod
2736 2420 2857 2458 esse
2891 2417 3208 2472 supremum
3235 2412 3440 2471 tempe-

1852 2497 2045 2551 rantiae
2093 2497 2302 2569 apicem
2337 2511 2529 2550 omnes
2577 2496 2872 2549 novimus?
2919 2494 3036 2564 Ipsa
3073 2504 3257 2547 autem
3298 2494 3439 2546 adeo

1852 2587 2101 2659 perfecte
2144 2596 2421 2642 carnalem
2460 2601 2679 2649 omnem
2709 2586 3057 2641 affectionem
3095 2585 3269 2649 exuit,
3302 2585 3441 2637 adeo

1854 2682 2016 2752 longe
2037 2696 2066 2735 a
2100 2696 2157 2735 se
2182 2682 2485 2735 naturalem
2514 2678 2579 2732 ad
2602 2695 2696 2733 eas
2719 2679 3135 2748 propensionem
3182 2682 3435 2737 removit.

1856 2782 1914 2827 ut
1946 2781 2144 2841 sponte
2175 2772 2431 2841 ultroque
2457 2772 2503 2824 ei
2537 2780 2871 2831 occurreret.
2908 2770 3038 2823 solis
3067 2769 3287 2838 quidem
3312 2783 3443 2837 erga

1855 2877 1944 2916 res
1985 2862 2198 2916 divinas
2237 2862 2521 2915 amoribus
2564 2861 2855 2928 occupari,
2889 2870 2941 2913 et
2972 2873 3159 2912 earum
3202 2873 3442 2913 corusco

1853 2952 2051 3007 lumini
2092 2954 2300 3008 haerere
2334 2951 2544 3017 afﬁxam
2568 2992 2583 3016 ,
2628 2961 2900 3005 amantem
2938 2966 3064 3003 vero
3097 2964 3221 3004 eum
3259 2959 3445 3003 amato

1858 3045 1969 3100 Deo
2001 3059 2219 3114 semper
2257 3044 2579 3097 conversari
2621 3052 2804 3097 mente
2827 3084 2841 3105 ,
2873 3056 3042 3110 seque
3082 3056 3272 3109 puram
3303 3056 3445 3111 puro

1858 3140 2139 3209 applicare
2160 3176 2175 3200 ,
2218 3148 2272 3192 et
2304 3138 2460 3193 bonis
2496 3137 2618 3205 ejus
2649 3135 2797 3202 frui;
2834 3134 3101 3190 fruentem
3132 3151 3297 3204 porro
3327 3149 3449 3187 rur-

157 3228 544 3297 συγγίνεσθαι,
585 3230 683 3281 καὶ⁵
725 3228 834 3281 τῶν
875 3228 1086 3281 ἐκεῖθεν
1142 3226 1367 3296 ἀγαθῶν
1420 3225 1742 3291 ἀπολαύειν,

1859 3245 1985 3285 sum
2027 3229 2349 3298 duplicare,
2385 3230 2534 3283 velut
2569 3243 2664 3297 per
2693 3226 2991 3293 circulum,
3033 3227 3118 3283 sui
3151 3242 3279 3297 erga
3318 3240 3446 3281 eum

155 3321 546 3375 ἁπολαύουσαν
590 3323 646 3375 δὲ
688 3320 1063 3384 διπλασιάζειν
1102 3314 1261 3383 αὖθις
1299 3319 1359 3373 τὸ
1408 3319 1538 3387 περὶ
1583 3318 1747 3371 αὑτὸν

156 3412 411 3483 φίλτρον,
440 3410 628 3483 ὥσπερ
661 3414 719 3466 ἐν
735 3411 941 3484 κύκλῳ.

1859 3322 2067 3377 amoris
2089 3320 2369 3374 ardorem.

1605 3544 1839 3601 CAPUT
1886 3544 1980 3600 111.

825 3661 1071 3716 Laudant
1100 3662 1158 3718 S.
1196 3660 1487 3715 Theodorw
1516 3662 1761 3729 synopu‘s
1796 3670 1844 3715 et
1878 3676 2001 3713 cum
2041 3658 2165 3713 aliis
2188 3658 2392 3713 sanctis
2422 3658 2771 3727 comparatio.

234 3778 320 3832 ιδ’.
362 3773 541 3837 Οὕτω,
574 3766 619 3827 ὧ
657 3773 779 3827 θεία
818 3774 1063 3841 κεφαὶήί
1099 3774 1190 3825 δια
1226 3772 1444 3825 πάντων
1481 3773 1591 3825 τῶν
1626 3772 1750 3840 βε).-

156 3870 404 3932 τίστων,
452 3868 547 3921 καὶ
601 3865 755 3935 παρὰ
801 3864 921 3933 Θεῷ
973 3866 1069 3917 καὶ
1121 3864 1431 3934 ἀνθρώποις
1489 3865 1747 3933 μεγάλων

150 3959 489 4030 ,ἁξιωμένων
521 3957 898 4027 πραγμάτων,
938 3958 1077 4025 μετά
1138 3956 1336 4009 πολλοῦ
1369 3957 1460 4009 τοῦ
1501 3956 1750 4027 μείζονος

154 4050 329 4124 ἧκες,
358 4053 453 4104 καὶ
484 4050 625 4103 κατὰ
647 4047 839 4101 πασῶν
861 4051 918 4101 εν
938 4048 1149 4109 τούτοις
1172 4048 1237 4101 τὸ
1261 4048 1465 4118 κράτος
1489 4048 1718 4117 εἴληφας
1738 4066 1751 4078 ·

160 4144 297 4199 οὔτε
324 4142 435 4213 γάρ
467 4142 632 4206 ἔστιν,
657 4141 763 4201 οὑκ
792 4124 941 4193 ἔστιν
974 4139 1179 4210 ἀρετῆς
1208 4134 1347 4201 εἶδος
1379 4140 1555 4204 οὐδὲν,
1589 4132 1647 4191 οὗ
1682 4141 1756 4209 μὴ

166 4238 426 4320 μετεῖχες
470 4218 858 4301 διαφερόντως,
899 4234 995 4284 καὶ
1029 4233 1239 4295 πάντας
1291 4233 1419 4295 τοὺς
1450 4232 1757 4300 ἀκολουθήο

1935 3771 2026 3825 14.
2068 3770 2173 3826 Per
2200 3774 2388 3827 omnia
2420 3774 2623 3843 itaque,
2658 3787 2692 3827 ο
2722 3773 2950 3827 charum
2978 3774 3085 3829 Deo
3123 3784 3307 3846 caput,
3340 3790 3456 3831 cm-

1860 3862 2050 3917 litibus
2125 3865 2551 3935 hominibusque
2604 3866 2970 3933 testimabilia,
3004 3877 3059 3922 et
3100 3869 3152 3921 in
3193 3870 3453 3932 omnibus

1866 3956 2030 4022 longe
2061 3959 2266 4025 primas
2299 3959 2625 4013 obtinuisti:
2666 3975 2843 4028 neque
2882 3961 3027 4014 enim
3061 3959 3165 4015 fuit
3196 3961 3304 4014 ulla
3340 3963 3452 4017 vir-

1867 4052 2003 4105 tutis
2039 4051 2270 4119 species,
2306 4066 2469 4121 quam
2503 4068 2609 4106 non
2644 4053 2991 4121 acquisieris,
3024 4052 3191 4123 idque
3230 4056 3454 4110 diverso

1857 4143 1926 4195 ab
1955 4143 2078 4197 aliis
2111 4143 2308 4207 modo,
2354 4149 2407 4197 et
2442 4143 2583 4198 ultra
2618 4160 2781 4214 quam
2816 4144 3017 4213 aliquis
3061 4158 3186 4216 post
3217 4162 3456 4216 seques-

1856 4230 2017 4285 tium.
2060 4232 2187 4287 So'la
2228 4233 2430 4302 quippe
2476 4234 2766 4303 complexa
2800 4252 2894 4301 es,
2938 4251 3060 4304 qua:
3098 4237 3313 4305 singula
3347 4251 3449 4302 po-

164 4344 397 4391 σαντας,
453 4325 548 4378 καὶ
602 4324 742 4393 μόνη
799 4324 1129 4395 συνείληφας
1169 4323 1205 4377 ἃ
1252 4327 1365 4388 τοῖς
1413 4323 1596 4386 ἄλλοις
1654 4323 1746 4395 [δίᾳ

1858 4322 2091 4377 tuissent
2120 4322 2243 4375 aliis
2269 4337 2367 4391 pro
2409 4332 2608 4376 ornatu
2639 4323 2918 4386 sufﬁcere;
2956 4340 3019 4378 ex
3064 4325 3283 4395 illisque
3317 4335 3454 4397 pro”

163 4421 377 4486 κόσμος
417 4417 756 4471 καθέστηκεν
848 4416 904 4480 ἐξ
956 4410 1029 4469 ὧν
1072 4434 1137 4483 γε
1184 4416 1404 4469 πάντων
1457 4416 1758 4484 μοναδικήν

163 4529 296 4565 τινα
340 4511 437 4565 καὶ
499 4509 659 4578 ξένην
704 4508 891 4561 οὐσίαν
950 4507 1153 4568 καλοῦ,
1214 4506 1513 4574 συμπάσης
1551 4507 1757 4574 ἀρετῆς

1859 4415 2037 4482 priam
2084 4406 2380 4483 quamdam
2419 4414 2910 4484 admirabilemque
2958 4415 3359 4481 subSLantiam,
3398 4425 3454 4471 et

1865 4507 2172 4574 omnigrnw
2228 4504 2444 4560 virtutis
2502 4506 2877 4560 habitaculum
2934 4506 3201 4573 eﬂecisti;
3254 4508 3450 4572 vitam,

163 4604 383 4667 ἑστίαν,
431 4602 523 4653 τὸν
576 4600 780 4667 σαυτῆς
836 4599 1166 4660 ἀποδείξασα
1217 4596 1329 4666 βίον
1385 4599 1520 4650 πᾶσι
1570 4598 1746 4666 παρά-

1862 4598 2117 4665 inquam,
2161 4606 2343 4661 tuam,
2388 4599 2606 4651 cunctis
2647 4598 2700 4649 in
2737 4600 3049 4667 exemplum
3083 4602 3446 4669 propositam.

165 4692 375 4759 δειγμα
421 4688 762 4758 προύθηκας,
804 4688 867 4739 ὲκ
896 4686 1139 4755 κεφαλῆς
1182 4687 1263 4749 είς
1308 4687 1475 4747 πόδας
1516 4687 1575 4738 τὸ
1625 4688 1753 4755 περὶ

166 4783 355 4835 πάντα
386 4779 670 4847 γινόμενον
718 4776 979 4842 σώζοντα.
1008 4760 1099 4828 ΓΟὑ
1140 4779 1247 4847 γὰρ
1279 4777 1373 4829 νῦν
1409 4778 1531 4845 μὲν,
1582 4778 1677 4831 νῦν
1709 4776 1754 4829 δ’

164 4871 232 4925 οὔ
302 4871 425 4923 οὑδὲ
478 4869 571 4924 νῦν
603 4869 703 4937 μὲν
730 4870 951 4937 μᾶλλον,
981 4868 1074 4920 νῦν
1101 4870 1146 4920 δ’
1169 4864 1330 4937 ἦττον
1362 4868 1634 4939 (καθάπερ
1665 4868 1757 4923 άλ-

166 4963 289 5023 λοις
314 4960 456 5013 τισὶν
480 4958 779 5027 ἐξεγένετο)
836 4959 994 5023 λόγον
1047 4959 1202 5029 ἔσχες
1252 4961 1349 5028 τῆς
1409 4960 1609 5029 ἀρετῆς
1661 4957 1755 5013 καὶ

164 5053 269 5108 τοῦ
323 5051 444 5107 κατ’
493 5053 662 5119 αὑτὴν
710 5051 1011 5104 πολιτεύειν
1092 5052 1211 5105 οὑδὲ
1255 5052 1362 5103 τῶν
1401 5053 1501 5121 μὲν
1553 5051 1756 5121 ταύτης

167 5142 355 5206 εἰδῶν,
389 5140 497 5193 τῶν
529 5140 573 5193 δ’
612 5139 673 5192 οὗ
744 5140 863 5192 οὑδὲ
894 5140 1003 5192 τῶν
1035 5141 1131 5208 μὲν
1179 5140 1377 5207 μᾶλλον
1397 5182 1411 5204 ,
1444 5143 1550 5195 τῶν
1582 5142 1624 5195 δ’
1653 5137 1753 5214 ἦτ-

168 5253 268 5288 τον
345 5232 460 5286 ἀλλ’
485 5232 542 5297 ἐξ
574 5232 681 5301 ἄρα
714 5231 954 5301 πρώτης,
985 5235 1060 5294 ὼς
1094 5234 1286 5297 εἰπεῖν,
1321 5234 1417 5302 τῆς
1441 5235 1624 5302 τριχὸς
1664 5234 1757 5287 καὶ

172 5327 482 5396 προοιμίων
512 5325 709 5387 αὑτῶν,
746 5325 908 5394 μέχρι
955 5328 1046 5376 καὶ
1088 5325 1256 5392 μυχοῦ
1297 5326 1481 5393 γήρως
1520 5328 1612 5377 καὶ
1649 5326 1755 5377 τῶν

177 5417 457 5486 ὲπιλόγων
488 5418 578 5470 τοῦ
613 5416 751 5484 βίου,
785 5417 1000 5470 πάντων
1031 5414 1284 5479 καθάπαξ
1310 5418 1401 5467 καὶ
1438 5417 1556 5483 μεθ’
1591 5417 1758 5485 ὑπερ-

170 5508 344 5578 σολῆς
380 5506 489 5561 τῶν
523 5506 811 5576 βελτίστων
841 5505 1071 5574 ἀκριϐὴς
1115 5504 1321 5572 ἐφάνης
1352 5506 1591 5575 ἐργάτης
1612 5545 1626 5566 ,
1660 5506 1755 5558 καὶ

177 5600 324 5671 μᾶνη
344 5597 499 5668 παρά
524 5598 710 5652 πασῶν
740 5598 797 5649 ἐν
828 5597 990 5649 πᾶσιν
1020 5596 1175 5665 ἔσχες
1203 5595 1263 5647 τὸ
1290 5596 1715 5665 συγκεχωρηκὸς
1736 5637 1752 5663 ,

171 5689 326 5744 οὕτω
356 5687 442 5740 διά
476 5687 693 5741 πάντων
720 5684 997 5750 ἀνεφάνης
1020 5684 1247 5735 νικῶσα.

254 5775 338 5833 ιε’.
365 5778 441 5831 Οὐ
474 5778 582 5847 γὰρ
602 5776 763 5836 εὐθὺς
792 5777 889 5841 μὲν
912 5776 975 5827 ὲκ
1006 5776 1191 5837 παιδὶς
1213 5774 1462 5836 τοσοῦτος
1485 5770 1551 5845 ἦν
1572 5776 1754 5848 ἐκείνῃ

172 5873 338 5942 λόγος
371 5869 471 5940 τῆς
504 5870 560 5924 ὲν
588 5868 734 5941 ψυχῇ
772 5870 887 5921 κατ’
923 5867 1124 5937 ἀρετὴν
1161 5866 1441 5937 ἐργασίας,
1474 5869 1641 5922 ἐπειδ*
1681 5870 1750 5923 ὠ-

1866 4698 2177 4758 cunctaque
2208 4691 2452 4742 membra
2482 4704 2512 4743 a
2542 4690 2716 4758 capite
2740 4705 2913 4754 usque
2936 4693 3001 4744 ad
3034 4694 3194 4759 pedes
3225 4707 3451 4744 servan-

1865 4787 1995 4833 tem.
2028 4779 2135 4832 Nec
2160 4780 2305 4832 enim
2341 4780 2504 4832 modo
2530 4779 2751 4847 quidem
2780 4780 2881 4843 sic,
2915 4774 3077 4833 modo
3104 4790 3285 4834 autem
3315 4796 3447 4839 non:

1866 4869 1948 4923 vel
1984 4869 2148 4923 modo
2179 4869 2395 4932 minus,
2433 4873 2590 4923 modo
2626 4869 2798 4940 magis
2836 4870 2914 4939 (ut
2962 4872 3288 4938 quibusdam
3328 4872 3452 4926 aliis

1864 4962 2005 5015 solet
2047 4960 2407 5029 contingere)
2451 4961 2637 5013 virtuti
2686 4960 3086 5029 consequendse
3135 4962 3450 5031 impendisti

1864 5061 1952 5115 te;
1986 5065 2163 5119 neque
2200 5051 2322 5105 unis
2364 5051 2584 5120 quidem
2632 5050 2779 5105 illius
2827 5052 3116 5119 speciebus
3155 5052 3447 5118 inita-sisti,

1866 5144 2004 5198 alias
2051 5154 2234 5196 autem
2272 5142 2597 5211 neglexisti;
2645 5151 2740 5196 aut
2787 5142 2912 5197 unis
2943 5144 3253 5197 contentius
3277 5183 3293 5207 ,
3324 5144 3449 5197 aliis

1864 5234 2149 5290 remissius
2175 5244 2223 5288 te
2245 5234 2553 5304 applicuisti
2577 5251 2593 5299 ;
2622 5237 2717 5287 sed
2746 5248 2773 5286 a
2800 5234 3028 5300 teneris,
3054 5235 3211 5289 utsic
3232 5236 3447 5304 loquar,

1866 5328 2181 5398 unguiculis
2215 5327 2465 5397 ipsisque
2496 5325 2620 5379 vitae
2652 5325 2988 5393 primordiis,
3024 5342 3199 5397 usque
3232 5327 3300 5381 ad
3331 5328 3451 5397 epi-

1866 5424 2052 5490 logum
2081 5420 2197 5490 ejus
2218 5430 2270 5474 et
2301 5428 2600 5474 extremam
2628 5429 2989 5486 senectutem,
3013 5424 3258 5479 omnium
3280 5423 3453 5478 simul

1866 5514 2169 5573 bonorum.
2219 5512 2384 5580 idque
2448 5511 2716 5565 excellent
2742 5514 2914 5567 ssimo
2971 5515 3209 5581 quodam
3259 5514 3446 5578 modo,

1863 5601 2141 5671 operatrix
2182 5600 2371 5664 fuisti,
2406 5607 2459 5654 et
2494 5601 2610 5654 sola
2648 5602 2703 5655 in
2736 5602 2993 5657 omnibus
3025 5612 3189 5671 atque
3220 5604 3289 5659 ab
3322 5618 3447 5659 om-

1866 5694 2030 5748 nibus
2059 5693 2266 5758 primas
2294 5693 2490 5748 tulisti.

1923 5780 2011 5837 l5.
2054 5780 2171 5835 Non
2202 5781 2345 5836 enim
2387 5782 2478 5837 ltic
2515 5781 2612 5836 tibi
2645 5783 2711 5837 ab
2753 5782 2981 5837 infantia
3031 5782 3249 5851 quidem
3284 5797 3443 5837 exerv

1865 5873 2050 5929 cendae
2074 5872 2181 5930 fuit
2220 5873 2436 5929 virtutis
2467 5873 2627 5938 ratio,
2682 5885 2967 5945 postquam
3005 5884 3187 5930 autem
3224 5874 3447 5943 alligata
