4140 6318
769 425 873 486 767

1991 436 2298 498 NICOLAI
2327 436 2414 496 CA
2430 437 2594 497 BASI
2609 439 2716 497 [Β

3877 445 3914 507 7
3917 447 3992 507 68

765 534 1110 589 matrimonio
1147 552 1206 590 es
1240 538 1463 607 ejusque
1505 541 1864 599 incommodis
1892 545 2309 606 circutncincta.

2418 547 2648 612 μίλησας
2691 549 2852 617 γάμῳ
2887 551 2978 602 καὶ
3026 553 3136 614 τοῖς
3174 553 3381 604 ἐκεῖθεν
3409 555 3714 621 δυσχερέσι,
3754 556 3852 605 καὶ
3889 573 3986 621 μισ

765 621 832 672 ad
889 625 1162 678 modicum
1204 629 1394 682 saltem
1441 631 1633 686 laxasti
1679 637 1843 689 studii
1888 641 2312 696 contentionem;

763 725 938 778 neque
970 730 1186 770 rursum
1215 719 1294 772 sic
1325 723 1673 777 matrimonio
1698 741 1791 778 usa
1819 741 1896 790 es,
1927 738 1984 781 ut
2019 731 2312 783 universim

764 803 969 864 omnia,
1005 804 1222 868 liberos,
1256 811 1652 874 posses~iones,
1688 814 1925 877 divitias,
1961 816 2235 885 ipsamque
2267 831 2316 872 te

762 889 1024 944 obtuleris
1069 892 1211 960 Deo,
1248 897 1298 948 in
1345 899 1610 966 religiosa:
1652 912 1829 956 autem
1878 905 2000 958 vita:
2040 906 2318 963 laboribus

763 977 1076 1046 langueris;
1109 987 1201 1038 sed
1233 997 1287 1040 ut
1315 991 1496 1042 omnia
1529 1007 1756 1059 quorum
1799 997 2162 1058 particulatim
2200 1014 2316 1052 mc-

762 1069 920 1132 mini,
963 1075 1149 1139 paucis
1183 1078 1532 1147 complectar,
1565 1097 1685 1135 cum
1724 1085 1926 1151 Optima
1960 1102 2079 1141 esse
2117 1089 2229 1155 ipsa
2264 1100 2319 1144 et

773 1157 1040 1215 videreris
1078 1167 1364 1227 omnibus,
1409 1179 1607 1222 tantam
1637 1184 1812 1225 tamen
1845 1174 2201 1231 humilitatem
2239 1189 2317 1233 te-

763 1248 957 1313 nuisti,
989 1264 1247 1320 quantam
1286 1274 1444 1312 nemo
1475 1275 1661 1316 eorum
1697 1266 1785 1332 qui
1822 1267 2022 1321 nullius
2051 1269 2175 1323 boni
2211 1271 2314 1324 sibi

763 1341 968 1394 conscii
1011 1353 1176 1398 sunt:
1231 1347 1310 1400 sic
1352 1350 1518 1404 Deum
1570 1354 1840 1417 dilexisti.
1878 1368 1936 1410 ut
1984 1358 2034 1411 in
2083 1361 2148 1414 iis
2195 1377 2316 1430 qua

759 1427 957 1495 placita
1012 1435 1114 1502 ipsi
1169 1453 1290 1492 esse
1346 1441 1554 1506 scires,
1613 1446 1848 1499 animam
1899 1465 2114 1519 quoque
2166 1427 2313 1507 tuam

757 1518 1099 1588 eﬂ’underes;
1137 1535 1242 1580 tam
1284 1532 1517 1594 prudens
1551 1532 1734 1595 fuisti,
1780 1545 1837 1588 ut
1881 1554 1987 1590 non
2021 1518 2198 1593 solum
2229 1544 2312 1595 di-

762 1607 946 1662 missis
981 1612 1104 1666 aliis
1136 1615 1248 1667 sola
1283 1617 1432 1670 utilia
1468 1630 1754 1684 sectarere,
1791 1626 1882 1678 sed
1918 1627 2080 1680 etiam
2115 1644 2315 1698 cogno-

757 1709 936 1752 sceres
966 1705 1236 1768 quomodo
1267 1721 1327 1760 ea
1351 1709 1566 1777 aggredi
1595 1721 1647 1765 et
1667 1717 1921 1784 prosequi
1947 1730 2238 1786 oporteret.

835 1785 924 1842 16.
963 1788 1060 1843 Cui
1095 1808 1223 1845 vero
1249 1810 1311 1848 ex
1345 1797 1467 1852 aliis
1502 1802 1752 1855 omnibus
1799 1785 2024 1875 contigit
2050 1817 2157 1862 tam
2183 1827 2311 1865 exa-

2418 636 2548 700 κρὸν
2582 638 2794 704 ὑφῆκας
2838 641 2928 691 τοῦ
2967 641 3093 707 περὶ
3136 643 3235 708 τὴν
3283 644 3516 711 σπουδὴν
3544 643 3699 698 τόνου
3766 645 3882 696 οὐδ’
3915 645 3984 696 αὖ

2416 727 2506 777 τὸν
2542 728 2641 794 μὲν
2666 729 2840 795 γάμον
2877 730 3018 782 οὑτω
3040 732 3262 795 διέθετο,
3295 734 3371 795 ὠς
3402 737 3582 786 πάντα·
3603 735 3867 800 καθάπαξ
3890 743 3986 788 καὶ

2418 819 2610 878 παῖδας
2643 820 2732 869 καὶ
2768 821 3015 887 κτήματα
3059 823 3152 874 καὶ
3188 825 3442 890 χρήματα
3482 823 3572 875 καὶ
3609 825 3813 893 ἑαυτὴν
3850 827 3986 875 άνα-

2417 904 2575 969 Θῆναι
2604 907 2743 976 Θεῷ,
2778 910 2834 959 ἐν
2861 909 2916 960 δι
2945 913 3053 969 τοῖς
3085 911 3291 974 ἀγῶσιν
3318 912 3377 962 οὑ
3416 911 3733 964 συνέϐαινεν
3771 915 3943 981 ἑαυτῇ

2417 995 2529 1046 ἀλλ’
2566 997 2651 1048 ῐνα
2681 999 2818 1048 κατά
2852 998 3014 1068 μέρος
3044 993 3118 1051 ὧν
3153 1001 3426 1068 ἐμνήσθην
3463 1002 3659 1069 ἀρτίως
3693 1005 3756 1054 ὲν
3789 1003 3990 1071 βραχεῖ

2416 1087 2686 1150 διεξέλθω,
2715 1089 2796 1150 τίς
2829 1092 2930 1157 μὲν
2951 1091 3092 1143 οὑτω
3115 1092 3192 1143 τὰ
3213 1091 3460 1158 βέλτιστα
3481 1093 3612 1144 πᾶσι
3629 1094 3730 1149 καὶ
3745 1093 3988 1146 δοκοῦσα.

2417 1181 2508 1229 καὶ
2537 1177 2667 1230 οῦσα
2700 1181 2888 1234 ἔπειτα
2916 1181 3165 1234 τοσοῦτον
3187 1184 3280 1235 τοῦ
3315 1187 3758 1255 ταπεινοφρονεῐν
3791 1187 3990 1253 ἐποιή-

2420 1286 2551 1321 σατο
2582 1269 2758 1336 λόγον,
2789 1272 2862 1334 ὡς
2886 1274 3058 1334 οὐδεὶς
3089 1275 3197 1326 τῶν
3220 1275 3374 1327 οὐδὲν
3398 1276 3506 1326 τῶν
3531 1275 3822 1343 βελτίστων
3854 1278 3986 1329 ἔαυο

2416 1363 2523 1421 τοῖς
2560 1363 2905 1428 συνειδότων;
2937 1364 3029 1424 τίς
3054 1365 3098 1416 δ’
3129 1364 3267 1418 οὑτω
3290 1365 3420 1417 Θεδν
3451 1367 3747 1433 ὴγαπήκει,
3778 1367 3857 1427 ὡς
3892 1368 3990 1419 καὶ

2416 1450 2512 1511 τὴν
2531 1450 2706 1518 ψυχὴν
2734 1453 2901 1520 αὑτὴν
2926 1454 3106 1520 ἐκχεῖν
3130 1455 3265 1524 ὑπὲρ
3289 1457 3396 1508 τῶν
3422 1456 3614 1523 ἐκείνῳ
3633 1456 3947 1508 δοκούντων
3971 1475 3987 1520 ς

2416 1540 2509 1601 Τίς
2542 1540 2585 1591 δ’
2609 1542 2752 1594 οὑτω
2785 1543 2997 1610 φρενῶν
3021 1540 3078 1596 εὖ
3117 1541 3284 1614 ἧκεν,
3323 1546 3396 1606 ὡς
3431 1547 3504 1615 μὴ
3539 1547 3696 1614 μόνον
3727 1546 3762 1599 ἀ
3805 1564 3986 1615 «pars-

2416 1631 2547 1696 ἦκ·ν
2571 1633 2784 1685 ἑλέσθαι
2814 1637 2922 1695 τοῖς
2951 1637 3130 1698 ἀλλοις
3156 1638 3365 1706 χαίρειν
3399 1637 3682 1698 εἰποῦσαν,
3716 1639 3858 1688 ἀλλὰ
3888 1640 3982 1691 καὶ

2417 1724 2566 1792 παρά
2592 1725 2798 1786 πάντας
2828 1727 3021 1780 είδέναι
3052 1729 3197 1790 ὅπως
3223 1730 3304 1780 δεῖ
3329 1728 3485 1780 ταυτὶ
3515 1730 3754 1796 μετιέναι
3781 1746 3796 1791 ς

2488 1821 2585 1877 ις’.
2627 1813 2700 1866 Τὸ
2731 1813 2775 1867 δ’
2814 1820 2890 1877 είς
2926 1816 3100 1868 πάντα
3149 1817 3246 1884 μὲν
3291 1815 3602 1884 δικαιοσύνῃ
3650 1817 3984 1884 κεχρῆσθαι,

761 1888 904 1931 etam
937 1879 989 1933 in
1016 1890 1122 1937 tota
1153 1885 1260 1939 vita
1289 1887 1802 1958 servarejustitiam.
1830 1906 1889 1949 ut
1912 1913 2121 1967 semper
2146 1902 2309 1957 iubae-

2415 1913 2506 1961 καὶ
2534 1910 2746 1976 διαιτᾷν
2773 1909 2883 1969 τοῖς
2916 1907 3039 1959 καθ’
3067 1879 3236 1973 αὑτὴν
3263 1908 3550 1973 πράγμασι
3580 1904 3648 1956 τά
3668 1906 3881 1960 εἰκότα.
3912 1906 3988 1966 ὡς

759 1978 905 2023 reret
927 1971 1267 2037 melioribus.
1293 1979 1844 2049 animiquejudicium
1866 2003 2080 2056 semper
2109 2005 2310 2048 rectum

757 2067 1000 2120 teneret.
1042 2070 1096 2115 et
1129 2064 1258 2119 illud
1307 2068 1442 2122 adeo
1485 2072 1761 2127 immotum
1792 2092 2226 2151 generosumque
2257 2089 2310 2139 in

755 2164 885 2231 casu
908 2167 1238 2224 quocunque
1267 2161 1587 2224 custodiret,
1635 2174 1692 2217 ut
1722 2171 2031 2224 ostenderet
2054 2186 2309 2238 mentem,

758 2229 866 2292 non
901 2249 1106 2296 tantum
1143 2247 1406 2302 molestiis
1446 2251 1838 2318 incidentibus,
1887 2259 1981 2312 sed
2016 2264 2177 2316 etiam
2212 2283 2311 2321 na-

756 2339 891 2384 tura:
924 2331 1132 2402 legibus
1161 2339 1531 2405 superiorem,
1569 2358 1711 2398 nunc
1738 2347 1955 2413 quidem
1991 2352 2309 2409 diuturnum

753 2433 818 2471 ac
851 2435 986 2490 pene
1022 2424 1370 2482 immodicum
1398 2445 1524 2499 erga
1559 2433 1718 2487 tiliam
1756 2440 1990 2493 tenendo
2013 2442 2309 2510 silentium,

755 2522 904 2563 nunc
949 2526 1076 2565 vero
1132 2516 1360 2572 nimium
1417 2522 1636 2590 frigoris
1695 2526 1931 2595 algorem
1989 2533 2314 2590 tolerando?

754 2594 1016 2660 Quaenam
1062 2603 1144 2656 sic
1172 2619 1367 2661 sensus
1396 2624 1524 2664 suos
1560 2594 1933 2680 coordiuavit,
1973 2629 2030 2673 ut
2059 2636 2153 2674 eos
2195 2625 2310 2692 spi-

751 2685 883 2740 ritui
917 2686 1120 2744 faceret
1156 2694 1495 2762 subservire;
1529 2701 1779 2768 spiritum
1827 2719 2003 2760 autem
2047 2709 2194 2763 humi
2226 2685 2313 2765 re—

753 2791 882 2845 pere
922 2777 1267 2849 dedignatum
1315 2802 1476 2856 supra
1521 2799 1716 2846 terram
1752 2795 2014 2862 eﬂerens,
2061 2801 2160 2855 soli
2198 2801 2308 2857 Deo

755 2865 835 2920 sic
878 2877 936 2922 ut
973 2870 1060 2924 illa
1107 2873 1236 2927 fecit
1281 2877 1556 2936 adhzrrere
1593 2884 1821 2953 ejusque
1856 2887 2308 2948 illustrationibus

752 2957 959 3050 perfrui
984 2961 1008 3013 ?
1034 2962 1295 3026 Quanam
1319 2981 1518 3038 optma
1545 2989 1776 3044 qumque
1808 2978 1948 3033 intra
1982 2984 2217 3050 seipsam
2252 2987 2306 3040 in

753 3048 925 3115 gradu
963 3059 1072 3104 tam
1114 3056 1356 3122 perfecto
1381 3064 1664 3129 complexa
1706 3069 1827 3120 est?
1861 3069 1989 3123 Sola
2035 3048 2212 3136 enim.
2251 3087 2307 3131 ut

2411 2001 2495 2053 ἀεὶ
2522 2002 2632 2062 τοῖς
2665 1999 2933 2068 κρείττοσι
2963 1997 3228 2058 τίθεσθαι,
3255 1999 3376 2049 τότε
3403 1996 3498 2048 καὶ
3521 1996 3696 2064 ψυχῆς
3724 1999 3780 2047 ὲν
3804 1996 3988 2048 ἀπασι

2411 2091 2664 2157 φρόνημα
2692 2090 2902 2153 σώζειν,
2934 2089 3026 2139 καὶ
3047 2087 3219 2147 οὑτως
3245 2086 3456 2146 άκλινὲς
3484 2087 3578 2138 καὶ
3603 2091 3823 2150 γυναῖον
3853 2085 3989 2152 περὶ

2412 2181 2588 2232 πάντα
2625 2179 2932 2237 δεικνύναι,
2982 2177 3057 2238 ὡς
3095 2176 3168 2246 μὴ
3208 2176 3370 2245 μόνον
3415 2177 3524 2228 τῶν
3556 2177 3989 2244 συμπιπτόντων

2411 2268 2653 2336 ἀνιαρῶν
2695 2268 2972 2335 ἀνωτέραν
3012 2264 3151 2317 εἶναι
3190 2269 3303 2328 τοῖς
3350 2266 3514 2326 ὅλοις,
3552 2265 3684 2318 ἀλλὰ
3735 2267 3832 2318 κιιῒ⁵
3872 2267 3986 2317 τῶν

2411 2358 2653 2425 φυσικῶν
2675 2358 2890 2422 Θεσμῶν
2915 2357 3257 2409 παντάπασιν
3289 2357 3600 2423 ὑπερσχεῖν,
3628 2356 3721 2408 καὶ
3747 2355 3845 2407 νῦν
3885 2358 3986 2423 μὲν

2410 2451 2596 2514 ἀτόπῳ
2647 2451 2742 2501 καὶ
2803 2448 3075 2514 ὑπερφυεῖ
3128 2449 3308 2513 σιωπῇ
3369 2444 3506 2512 πρὸς
3559 2445 3655 2512 τὴν
3704 2447 3986 2513 θυγατέρι

2410 2538 2731 2606 κεχρῆσθαι,
2763 2536 2858 2589 νῦν
2888 2539 2942 2588 δὲ
2971 2536 3235 2603 τοσαύτην
3260 2535 3736 2603 ὑπομεμενηκέναι
3771 2536 3986 2602 ψύχους

2411 2628 2716 2697 ὑπερϐολὴν
2737 2666 2752 2689 ,
2786 2628 2889 2678 τίνι
2921 2627 3028 2678 τῶν
3064 2626 3236 2678 ἀλλων
3263 2624 3434 2678 ταῦτα
3467 2625 3718 2694 προσῆνς
3753 2625 3853 2683 Τίς
3889 2625 3990 2690 μὲν

2409 2713 2500 2768 οῦν
2520 2714 2663 2766 οὑτω
2693 2715 2788 2777 τάς
2809 2713 3092 2783 αἰσθήσεις
3115 2712 3438 2782 ῥυθμήσασα
3465 2709 3543 2778 τῷ
3563 2708 3636 2777 νῷ
3664 2707 3990 2776 συμϐαίνειν

2410 2804 2838 2873 παρεσκευάκει,
2874 2803 2968 2856 καὶ
2996 2803 3184 2871 πόρρω
3223 2802 3443 2852 πίπτειν
3469 2799 3682 2857 τούτοις
3715 2799 3987 2866 βουλομέ·

2410 2913 2500 2946 νου
2523 2913 2538 2960 ;
2561 2895 2651 2955 Τίς
2674 2895 2716 2944 δ’
2733 2894 2902 2954 οὑτως
2919 2892 3080 2944 αὑτὸν
3101 2889 3288 2943 τοῦτον
3307 2890 3574 2957 ἀνώτερον
3599 2889 3729 2958 ὕλης
3747 2889 3992 2952 τιθεῖσα,

2409 2985 2528 3048 Θεῷ
2556 2983 2700 3052 μόνῳ
2721 2983 3008 3052 προσέχειν
3041 2981 3304 3051 παρέσχε,
3331 2982 3424 3032 καὶ
3453 2979 3642 3032 τούτου
3668 2979 3745 3049 (n)
3769 2980 3993 3047 κάκρις

2411 3077 2824 3138 ἀντιποιεῖσθαι,
2843 3079 2938 3126 καὶ
2963 3074 3082 3133 ταῖς
3103 3072 3312 3124 ἐκεῖθεν
3332 3073 3543 3124 ἀκτῖσιν
3566 3071 3836 3139 ἐντρυφᾷν
3869 3070 3946 3138 (ο)
3973 3087 3990 3132 ;

753 3137 833 3189 sic
860 3137 1072 3208 loquar,
1106 3147 1406 3210 praevaluit,
1438 3163 1660 3208 cunctas
1694 3166 2024 3227 cunctosque
2046 3179 2073 3215 a
2109 3167 2306 3218 saeculo

2414 3165 2510 3228 Τίς
2548 3167 2723 3217 πάντα
2765 3137 2832 3216 τά
2876 3164 3134 3218 κάλλιστα
3181 3162 3314 3231 ὁμοῦ
3360 3161 3455 3215 καὶ
3504 3161 3622 3229 μεθ’
3669 3137 3994 3231 ὑπερϐολῆς

753 3227 968 3283 virtutis
1014 3245 1177 3286 causa
1233 3236 1538 3295 dominatos
1583 3247 1775 3311 partim
1839 3249 2066 3318 imitari,
2110 3255 2304 3322 partim

751 3329 1013 3385 superare
1039 3328 1318 3380 certando.

829 3596 913 3651 l7.
956 3597 1168 3654 Annam
1192 3602 1408 3670 quidem
1441 3605 1586 3661 illam
1618 3624 1864 3680 magnam
1893 3618 2141 3674 audimus
2165 3624 2306 3676 mul-

750 3687 822 3741 tis
856 3687 1163 3744 decoratam
1217 3693 1384 3749 fuisse
1434 3703 1785 3768 ornamentis,
1838 3709 2133 3764 maximum
2179 3729 2308 3767 vero

748 3780 868 3847 cjus
909 3796 970 3836 ac
1025 3784 1171 3838 velut
1214 3787 1480 3852 c0l0phon
1513 3800 1834 3847 cmterorum
1891 3796 2018 3861 fuit,
2045 3801 2308 3858 obtulisse

748 3869 1079 3939 Samuelem,
1096 3877 1406 3946 temploque
1423 3880 1820 3936 deserviturum
1841 3886 2138 3945 dedicasse.
2160 3892 2308 3949 Hanc

752 3975 884 4015 vero
930 3961 1211 4020 Theodora
1251 3970 1435 4023 multis
1477 3985 1777 4040 praegressa
1829 3985 1915 4029 est
1958 3984 2304 4051 parasangis:

751 4056 880 4123 quia
922 4073 1032 4112 non
1061 4067 1272 4114 tantum
1300 4063 1504 4130 prolem
1528 4081 1706 4126 suam.
1741 4069 1830 4120 sed
1861 4072 2138 4136 pecunias.
2180 4090 2306 4141 pos-

751 4150 1046 4215 sessiones,
1094 4167 1157 4205 ac
1202 4167 1259 4205 se
1308 4153 1541 4221 denique
1586 4157 1758 4225 ipsam
1793 4159 1904 4213 Deo
1950 4167 2306 4221 consecravit.

753 4236 874 4303 Quo
903 4250 1082 4294 autem
1111 4242 1231 4295 loco
1255 4257 1464 4312 magna:
1489 4245 1651 4313 hujus
1680 4259 1882 4302 sancta!
1911 4265 2111 4318 agones
2137 4255 2306 4308 collo-

751 4330 904 4384 cabis
922 4340 975 4385 et
997 4335 1290 4386 certamina
1319 4338 1530 4403 egregia
1555 4340 1922 4408 maximaque,
1940 4358 2059 4409 quze
2083 4346 2305 4401 minime

754 4435 923 4488 pauca
958 4421 1284 4484 exantlabat,
1314 4431 1366 4478 et
1400 4424 1450 4476 in
1493 4423 1559 4478 iis
1588 4427 1750 4481 etiam
1797 4429 2166 4485 Abrahamum
2217 4450 2306 4486 su-

755 4511 1016 4579 perabat?
1045 4512 1254 4580 Quippe
1279 4529 1397 4579 quze
1427 4530 1532 4569 non
1561 4528 1742 4572 coacta
1775 4517 1865 4572 Dei
1895 4520 2140 4590 imperio,
2165 4525 2308 4579 sicut

754 4601 863 4660 ille,
895 4601 1058 4654 tiliam
1091 4615 1245 4655 suam
1275 4601 1502 4666 obtulit,
1527 4605 1620 4658 sed
1650 4617 1840 4674 sponte
1870 4622 1965 4661 sua
1995 4623 2058 4662 ac
2089 4616 2308 4680 prOprio

752 4697 903 4743 motu
934 4706 947 4752 ;
983 4703 1158 4757 neque
1207 4691 1444 4744 divinam
1493 4693 1661 4762 legem
1716 4697 1956 4765 suscepit
2011 4699 2064 4753 in
2112 4701 2308 4758 tabulis

751 4779 976 4848 lapideis
1024 4796 1144 4833 mox
1184 4782 1505 4845 contractis,
1556 4785 1649 4838 sed
1699 4787 1751 4840 in
1788 4785 1966 4842 anima
2005 4792 2304 4855 puriﬁcata,

754 4870 1009 4926 omnibus
1026 4870 1202 4924 omnis
1224 4872 1350 4924 boni
1377 4875 1652 4944 exemplar
1670 4881 1970 4945 proposuit,
1993 4896 2096 4933 non
2129 4883 2304 4935 solum

756 4958 848 5013 Dei
881 4961 1106 5029 gloriam
1153 4963 1486 5018 annuntians
1508 5005 1522 5028 ,
1561 4967 1653 5018 sed
1692 4969 1976 5024 universos
2009 4971 2074 5023 ad
2108 4971 2306 5025 coelum

756 5049 1080 5104 traducens:
1114 5051 1168 5104 in
1195 5067 1304 5119 quo
1337 5051 1570 5122 Moysem
1599 5072 1812 5124 quoque
1844 5060 1932 5111 illa
1959 5060 2106 5124 vicit,
2135 5062 2307 5128 siqui-

757 5138 877 5190 dem
911 5153 1016 5192 non
1064 5139 1246 5193 divisit
1289 5157 1461 5202 mare,
1490 5154 1585 5197 aut
1620 5147 1882 5200 elementa
1930 5151 2154 5203 mutavit
2181 5151 2310 5221 (hoc

756 5227 898 5279 enim
941 5228 1008 5281 ad
1039 5233 1370 5298 pr0positum
1406 5245 1648 5289 nostrum
1685 5253 1786 5291 non
1820 5240 1994 5306 facit),
2023 5242 2116 5294 sed
2161 5243 2308 5310 quod

760 5315 851 5368 illo
873 5318 1040 5371 multo
1071 5320 1246 5385 majus
1266 5331 1365 5387 est,
1434 5327 1657 5380 dversus
1682 5328 1928 5383 horridas
1956 5346 2141 5384 eorum
2165 5342 2302 5385 tem-

761 5415 996 5474 pestates
1023 5409 1329 5480 exindeque
1354 5414 1675 5472 exsistentes
1701 5433 1971 5475 aerumnas
2005 5421 2298 5490 plurimum

839 5628 922 5749 (ηὲ
982 5630 1219 5701 Eumque
1280 5639 1666 5704 perfecttssime
1727 5642 2051 5699 desiderare.
2124 5647 2304 5700 Torsit

839 5712 862 5749 Β
927 5713 1002 5749 3³0
1030 5716 1153 5749 ῩΟῙ-
1205 5707 1414 5749 nixam:
1481 5725 1736 5749 ntlcnnnm
1795 5712 1917 5749 nlihi
1986 5713 2114 5749 Ιοιιισι
2151 5735 2160 5743 -
2216 5717 2304 5749 τιμε

763 5712 862 5750 nos
892 5707 1002 5777 nafc
1025 5716 1176 5777 δῖοι,Δ
1205 5707 1414 5774 κάκρας
1481 5725 1737 5777 nusquam
1795 5712 1917 5765 alibi
1986 5713 2162 5769 lecta:
2216 5717 2312 5770 de-

768 5780 912 5819 mum
946 5766 1178 5832 iudicavi
1203 5766 1475 5830 contracts
1507 5766 1628 5846 poni
1655 5781 1802 5847 quasi
1836 5781 1974 5833 κατὰ
2014 5766 2208 5851 ἄκρας.

2414 3255 2577 3322 ἑαυτῇ
2611 3252 2948 3304 συλλαϐοῦσα
2983 3251 3141 3319 laxe;
3180 3252 3314 3317 μόνη
3346 3249 3452 3316 γὰρ
3491 3249 3564 3308 ὠς
3588 3249 3767 3300 εἰπεῖν
3793 3247 3996 3314 διαγέ-

2412 3360 2565 3410 γονεν
2592 3344 2799 3402 πάντας
2830 3345 2921 3394 καὶ
2951 3342 3126 3401 πάσας
3163 3341 3285 3400 τοὺς
3316 3341 3380 3390 ὲκ
3425 3336 3521 3389 τοῦ
3552 3339 3750 3399 παντὸς
3782 3337 3995 3400 αἰῶνος

2410 3435 2496 3485 ἔπ’
2525 3435 2693 3502 ἀρετῇ
2729 3431 3160 3499 θαυμασθέντας,
3193 3431 3318 3491 τοὺς
3342 3428 3438 3496 μὲν
3466 3427 3825 3496 μιμήσασθαι,
3852 3431 3996 3493 τοὺς

2409 3524 2456 3577 δ’
2489 3523 2891 3590 ὑπερϐαλέσθαι
2916 3520 3314 3589 φιλονεικοῦσα.

2485 3613 2571 3674 ιζ’.
2603 3614 2770 3679 Δῆλον
2797 3613 2874 3664 δέ.
2910 3615 3108 3664 ’Ᾱνναν
3135 3611 3230 3680 μὲν
3252 3607 3344 3662 οὑν
3370 3611 3585 3677 ἐκείνην
3616 3608 3702 3677 τὴν
3734 3609 3995 3677 μεγάλην

2411 3703 2676 3769 ἀκούομεν
2707 3702 2917 3763 πολλοῖς
2945 3704 3055 3762 τοῖς
3077 3699 3382 3760 καλλίστοις
3409 3717 3464 3751 σε
3475 3700 3836 3769 μνυνομένην,
3872 3701 3903 3751 ὃ
3930 3701 3994 3752 δὲ

2415 3796 2666 3860 μέγιστον
2699 3792 2916 3842 πάντων
2953 3791 3045 3841 καὶ
3083 3789 3246 3841 οἱονεὶ
3273 3788 3518 3854 κολοφὼν
3551 3790 3610 3842 τὸ
3645 3805 3988 3857 προσενηνοι

2411 3883 2560 3952 χέναι
2608 3881 2700 3934 τὸν
2743 3882 3018 3950 Σαμουὴλ,
3063 3880 3157 3932 καὶ
3190 3880 3266 3949 τῷ
3313 3881 3417 3947 νεῷ
3461 3880 3867 3948 προσαναϐῆναι
3906 3879 3992 3948 τῷ

2411 3972 2540 4039 θείῳ
2605 3973 2638 4040 ὴ
2670 3971 2726 4022 δὲ
2761 3969 3012 4022 τοσοῦτον
3043 3968 3245 4038 ταύτην
3274 3969 3413 4020 κατὰ
3445 3967 3645 4035 πολλὴν
3676 3967 3777 4034 τὴν
3812 3983 3987 4035 περι-

2413 4062 2596 4113 ουσίαν
2640 4063 2786 4131 νικᾷ,
2824 4061 2946 4114 ὅσον
2967 4061 3027 4112 οὑ
3050 4060 3208 4129 μόνον
3230 4059 3413 4122 παῖδα,
3437 4058 3571 4111 ἀλλὰ
3593 4061 3681 4111 καί
3701 4059 3966 4126 κτήματα

2410 4155 2503 4204 καὶ
2532 4153 2808 4220 χρήματα,
2839 4149 3010 4203 ἔπειτ’
3057 4153 3148 4203 ἐπὶ
3187 4152 3320 4203 πᾶσι
3368 4149 3580 4213 τούτοις
3611 4151 3671 4201 τὸ
3718 4152 3990 4218 μέγιστον

2409 4245 2501 4297 καὶ
2553 4243 2748 4311 ἑαυτὴν
2795 4243 3058 4312 προσάγει
3090 4241 3226 4310 Θεῷ.
3278 4240 3386 4293 Ποῦ
3416 4241 3472 4292 δὲ
3501 4240 3686 4308 θήσεις
3713 4242 3836 4302 τοὺς
3879 4242 3989 4311 τῆς

2414 4331 2650 4400 μεγάλης
2678 4330 2889 4398 ἀγῶνας
2924 4340 3017 4381 και
3046 4329 3115 4379 τά
3147 4329 3355 4395 μεγάλα
3387 4331 3479 4381 καὶ
3517 4329 3770 4397 ὑπερφυῆ
3803 4334 3989 4399 σκάμ-

2415 4437 2579 4488 ματα,
2609 4413 2680 4472 ὧν
2707 4420 2846 4487 (οὐκ)
2891 4419 3085 4485 ὀλίγων
3117 4419 3298 4484 ἐκείνη
3336 4418 3527 4485 μετῆν,
3560 4423 3670 4481 τοῖς
3704 4419 3888 4481 αὐτοῖς
3927 4421 3985 4472 δὲ

2409 4510 2614 4572 τούτοις
2657 4511 2749 4561 καὶ
2797 4510 2887 4561 τὸν
2929 4509 3177 4576 Ἀϐραάμ
3215 4510 3421 4561 ἐκεῖνον
3455 4507 3874 4576 ὑπερεϐάλλετο,
3933 4513 3984 4560 εί

2413 4605 2488 4672 μὴ
2515 4608 2654 4670 μέγα
2679 4602 2870 4665 εἰπεῖν,
2900 4604 2992 4654 καὶ
3020 4601 3124 4669 πρό
3149 4619 3210 4668 γε
3234 4601 3438 4654 τούτων
3461 4601 3550 4653 καὶ
3577 4601 3714 4668 μετὰ
3739 4600 3979 4663 τούτων,

2407 4689 2488 4753 οἷς
2517 4693 2576 4743 οὑ
2600 4692 2734 4760 πρὸς
2765 4692 3015 4760 ἀνάγκην
3047 4692 3433 4760 προσενηνὸχει
3464 4691 3554 4741 τὸν
3583 4691 3769 4751 παῖδα,
3798 4690 3978 4742 καθά-

2406 4800 2510 4850 περ
2542 4783 2768 4848 ὲκεῖνος,
2798 4782 2890 4833 τοῦ
2920 4780 3056 4833 Θεοῦ
3082 4782 3389 4843 κελεύοντος
3465 4779 3582 4833 ἀλλ’
3615 4780 3720 4833 ἀπὸ
3749 4782 3978 4848 γνώμης

2406 4874 2706 4927 ἐθελούσιον
2737 4874 2820 4926 καὶ
2855 4873 2987 4941 πρὸς
3015 4873 3180 4940 αὑτῆς
3213 4873 3348 4941 αὑτῇ
3380 4870 3686 4939 κινηθεῖσα.
3716 4872 3829 4923 Καὶ
3863 4873 3978 4938 μὴν

2405 4965 2466 5016 οὑ
2505 4965 2668 5028 πλαξὶ
2709 4963 2932 5025 λιθίναις
2971 4963 3168 5016 αὐτίκα
3203 4963 3652 5032 συντριϐομέναις
3676 5001 3692 5024 ,
3728 4961 3862 5013 άλλά
3910 4965 3975 5031 τῇ

2405 5058 2548 5126 ψυχῇ
2582 5059 2913 5129 καθαρθείσῃ
2937 5059 3025 5109 τὸν
3044 5059 3206 5125 νόμον
3233 5056 3366 5109 Θεοῦ
3395 5057 3680 5124 δεξαμένη,
3709 5058 3803 5108 καὶ
3835 5059 3974 5108 πᾶσι

2406 5149 2754 5219 παράδειγμα
2799 5149 2964 5202 καλοῦ
3003 5149 3199 5210 παντὸς
3239 5149 3332 5200 καὶ
3358 5148 3524 5199 τύπον
3556 5148 3822 5213 προθεῖσα
3845 5188 3858 5211 ,
3895 5147 3974 5210 ὡς

2410 5244 2483 5312 μὴ
2511 5244 2678 5312 μόνην
2706 5243 2802 5310 τὴν
2825 5243 2981 5308 δόξαν
3005 5241 3166 5294 αὑτοῦ
3199 5241 3518 5309 διηγεῖσθαι,
3549 5240 3685 5293 ἀλλά
3711 5241 3807 5292 καὶ
3837 5239 3972 5290 πάν-

2405 5351 2502 5394 τας
2526 5334 2659 5401 πρδς
2688 5335 2916 5402 οὐρανὸν
2946 5333 3284 5400 μεθιστάναι,
3314 5333 3410 5384 καὶ
3431 5332 3634 5384 Μωσέα
3655 5329 3969 5398 νενίκηκεν.

2408 5425 2467 5476 Ei
2493 5424 2536 5475 δ’
2568 5419 2626 5475 οῦ
2661 5425 2932 5476 θάλασσαν
2957 5423 3154 5494 διέσχε,
3188 5423 3281 5476 καὶ
3310 5425 3546 5491 στοιχεῖα
3573 5422 3969 5489 κεκαινοτόμη-

2480 5650 2554 5719 (o)
2615 5653 2942 5713 Addebatur,
2975 5653 3096 5705 ὅσαι
3135 5644 3273 5720 ῶραι
3338 5651 3430 5702 καὶ
3499 5648 3792 5701 συνελόντα
3857 5648 3968 5714 φά-

2419 5738 2504 5773 ναι
2539 5739 2554 5776 :
2591 5722 2745 5791 cujus
2782 5723 2994 5792 phrasis
3027 5724 3130 5775 vim
3168 5721 3398 5776 necdum
3434 5733 3706 5786 assequor.
