4140 6318
132 379 244 443 769

1381 375 1559 438 VlTA
1599 376 1663 436 3.
1704 371 2166 438 THEODORIE.

3285 370 3394 435 770

136 509 259 555 κεν,
287 491 436 544 οὐδὲν
463 491 600 562 πρὸς
628 492 718 544 τδν
747 493 906 560 λόγον
965 491 995 544 δ
1024 489 1132 560 γὰρ
1161 490 1351 545 τούτου
1387 489 1572 560 πολλῷ
1602 491 1721 559 μεῖ-

1831 489 2148 554 decertavit,
2171 495 2232 542 ut
2256 486 2577 544 admirabile
2605 486 2776 556 ipsius
2794 484 3075 542 silentium
3103 485 3395 558 ipsumque

137 582 235 644 ζον
253 623 268 640 .
301 584 436 647 πρὸς
469 582 661 654 ἄγριον
689 585 903 635 τούτων
945 582 1187 652 χειμῶνα
1215 581 1310 636 καὶ
1335 582 1435 650 τὴν
1461 580 1714 633 ιντεῡθεν

1822 581 2082 634 comitata
2118 580 2361 650 prodigia
2397 589 2628 634 taceam.

137 674 392 743 ἀνάγκην
433 674 573 745 μετὰ
617 673 813 727 πολλοῦ
855 674 947 727 τοῦ
985 675 1273 745 περιόντος
1304 673 1715 744 ὰπεμαχέσατο.
1758 673 1868 725 Καὶ
1913 678 2101 729 σιωπῶ
2140 674 2238 745 τὴν
2278 675 2529 743 ὑπερφυῆ
2569 673 2814 746 σιωπὴν,
2866 673 2963 727 καὶ
3038 670 3157 743 μετ’
3226 675 3397 743 αὐτὴν

141 767 432 836 τεράστια.

221 869 313 930 ιη’.
356 860 476 914 ’1ὼὸ
503 862 600 932 τὴν
635 862 856 933 περὶτὰ
885 862 1033 917 δεινὰ
1067 863 1362 933 καρτερίαν
1396 857 1724 932 θαυμάσασα

145 951 402 1004 τοσοῦτον
438 952 856 1022 ύπερεὸάλλετο,
889 954 1010 1005 ὅσον
1035 955 1064 1004 ὁ
1093 953 1191 1021 μὲν
1217 953 1311 1005 ἐπὶ
1347 953 1578 1021 σμικρὸν
1599 952 1726 1021 χρό-

147 1058 260 1108 νον,
298 1046 331 1112 ή
372 1041 429 1096 δὲ
459 1042 545 1095 διὰ
581 1042 699 1112 βίου
740 1044 940 1106 παντὸς
978 1045 1183 1112 ταύτην
1229 1044 1493 1114 κατώρθω
1525 1062 1596 1108 ·ε,
1633 1045 1728 1096 καὶ

144 1132 374 1201 προσέτι
449 1134 544 1185 καὶ
586 1125 662 1196 ὦν
693 1134 897 1197 ἐκεῖνος
928 1134 1024 1202 οὐχ
1071 1132 1212 1186 ἑκὼν
1245 1133 1558 1202 ἐγυμνώθη,
1598 1132 1725 1185 τού-

143 1237 257 1274 των
289 1221 498 1292 ἀπέστη
531 1225 642 1286 τοῖς
672 1224 865 1293 πένησι
897 1223 1170 1295 Θεοδώρα,
1201 1224 1428 1294 μηδενὸς
1456 1224 1607 1286 δντος
1634 1224 1726 1276 τοῦ

144 1309 490 1379 βιαζομένου.
528 1311 709 1365 Ἠλίου
739 1315 839 1384 τὴν
863 1313 1098 1382 ἐρημίαν
1125 1314 1216 1366 καὶ
1244 1313 1342 1382 τὴν
1371 1313 1617 1377 mesen
1639 1329 1728 1380 φι-

143 1398 406 1466 λοσοφίαν
449 1401 658 1469 μεταξὺ
691 1402 901 1455 πολλῶν
932 1401 1307 1470 κατωρθώκει,
1339 1402 1415 1464 ὼς
1454 1405 1549 1454 καὶ
1581 1403 1722 1454 κατά

139 1489 237 1545 τὸν
267 1491 434 1543 Δαὸὶδ
475 1492 655 1561 λέγειν
692 1492 871 1562 ἔχειν,
922 1511 942 1546 ι
991 1492 1318 1563 Καταμόνας
1356 1495 1472 1563 είμὶ
1525 1493 1658 1559 ἐγώ.
1697 1510 1715 1543 ι

156 1578 298 1632 Ἀλλ’
325 1581 384 1633 ού
426 1582 698 1654 κεκήρυξε
734 1585 832 1654 μέν
875 1584 1070 1652 Ἀμνὸν
1111 1583 1204 1636 τοῦ
1237 1583 1373 1636 Θεοῦ
1398 1622 1412 1645 ,
1451 1585 1593 1636 κατὰ
1632 1582 1722 1636 τὸν

157 1668 411 1738 Ἰωάννην
476 1671 576 1740 τὴν
599 1673 655 1724 δὲ
676 1673 888 1725 ἐκείνου
916 1673 1242 1742 φιλοσοφίαν
1266 1674 1340 1742 (p)
1371 1673 1423 1724 εῐ
1445 1690 1529 1734 τις
1557 1689 1726 1742 μιμη-

144 1760 358 1829 σαμένη
391 1761 609 1827 ἐδέξατο
631 1762 842 1828 τοῦτον,
871 1764 966 1817 καὶ
992 1763 1128 1827 νεὼς
1155 1765 1370 1832 ἐγένετο
1394 1763 1555 1828 θεῖος,
1583 1764 1612 1815 δ
1631 1766 1724 1816 τοῦ

145 1850 383 1919 κηρύξαι
413 1854 560 1906 ουοδν
611 1853 832 1907 ἔλαττον
860 1853 934 1916 ὥς
964 1856 1016 1922 γ’
1043 1856 1154 1921 ἑγὼ
1214 1854 1438 1924 νομίζω.
1464 1855 1527 1915 ΕΙ
1555 1855 1611 1906 δὲ
1649 1856 1725 1924 μὴ

144 1947 244 1996 καὶ
295 1946 432 1998 κατὰ
467 1947 596 2008 τοὺς
646 1947 977 2009 ἀποστόλους
1029 1949 1207 2001 πᾶσαν
1253 1948 1352 2015 τὴν
1399 1947 1724 2016 οίκουμένην

143 2035 308 2106 διῄει,
356 2039 422 2091 τά
469 2039 714 2110 σωτήρια
744 2041 910 2092 πᾶσιν
949 2038 1263 2092 ὑποτιθεῖσα
1351 2039 1466 2094 ἀλλ’
1505 2034 1587 2101 οἷς
1627 2039 1721 2090 καὶ

143 2130 328 2199 λόγοις
373 2135 472 2201 μὲν
508 2135 654 2188 ἐστι,
687 2137 796 2199 ὅτε,
834 2134 1012 2205 πολλῷ
1040 2135 1095 2187 δὲ
1129 2134 1291 2187 πλέον
1319 2136 1377 2188 ἐν
1407 2133 1586 2204 ἔργοις
1627 2135 1719 2188 καὶ

143 2222 213 2289 τῇ
261 2221 471 2274 ἐκεῖθεν
500 2225 680 2280 πειθοῖ
711 2221 779 2298 (ᾖ
813 2225 906 2294 τῆς
945 2227 1008 2278 ὲκ
1040 2225 1150 2278 τῶν
1184 2225 1357 2294 λόγων
1390 2226 1568 2295 πολλῷ
1605 2228 1719 2288 τοῖς

144 2310 293 2373 ὅλοις
329 2313 565 2380 ἀμείνων
597 2315 733 2385 πρὸς
767 2317 825 2368 τὸ
851 2318 1130 2386 συμφέρον
1164 2321 1372 2381 πάντας
1399 2319 1604 2388 ὸδὴγει)
1641 2320 1719 2381 είς

133 2404 334 2456 πᾶσαν
363 2405 461 2476 τὴν
487 2411 590 2475 γῆν
622 2411 740 2460 κατ’
768 2410 963 2473 αὐτοὺς
994 2415 1085 2463 τὸν
1128 2411 1362 2480 φθόγγον
1403 2413 1719 2480 ἐξήνεγκεν.

146 2491 311 2546 Οῦτω
343 2498 571 2564 μεγίστη
598 2499 787 2552 πασῶν
820 2500 962 2569 (q)...
1003 2503 1129 2569 τοὺς
1171 2502 1505 2572 προύχοντος
1535 2505 1625 2555 καὶ
1655 2502 1722 2556 τὰ

148 2584 366 2652 μεγάλα
396 2589 545 2655 παρὰ
576 2588 698 2659 Θεῷ
726 2591 1074 2660 δυναμένους,
1106 2593 1230 2656 τοὺς
1268 2594 1364 2663 μὲν
1402 2596 1611 2662 κάκρας
1637 2611 1724 2663 μι-

152 2674 468 2745 μησαμένη,
507 2681 633 2742 τοὺς
671 2679 729 2731 δὲ
773 2675 852 2743 οἷς
894 2683 1031 2751 έφην
1081 2685 1514 2754 παρενεγκοῦσα.
1562 2687 1632 2737 Σύ
1679 2683 1730 2738 δ’

149 2767 346 2821 ἔπειτα
371 2771 464 2823 καὶ
493 2773 626 2841 πρὸς
657 2775 747 2824 τὸν
774 2777 1048 2846 Δεσπότην
1069 2779 1312 2847 ἐποιήσω
1340 2778 1439 2847 τὴν
1467 2777 1724 2844 ἅμιλλαν,

153 2862 601 2928 συσταυρωθεῖσα
627 2865 718 2915 καὶ
750 2870 1100 2933 συνταφεῐσα,
1124 2867 1210 2918 ἶνα
1242 2869 1334 2920 καὶ
1361 2871 1722 2938 συναναστῇς,

152 2952 251 3003 καὶ
279 2951 663 3022 συνδοξασθῇς,
702 2956 797 3008 καὶ
832 2956 1292 3028 συμὸασιλεύσῃς.

229 3139 316 3192 ιθσ.
363 3139 424 3191 'H
459 3141 556 3210 μὲν
593 3140 687 3195 οὖν
717 3141 861 3195 οὕτω
891 3143 1143 3215 μεγίστη.
1177 3142 1312 3198 Θεοῦ
1343 3144 1481 3228 πρὸς
1513 3142 1728 3214 ἀνθρώ.

151 3248 278 3294 ποις
331 3233 634 3303 φιλυςιμίᾳ,
673 3237 924 3301 φανεῖσα,
974 3237 1066 3287 καὶ
1095 3235 1186 3288 τὸν
1226 3235 1326 3305 τῆς
1357 3236 1558 3306 ἀρετῆς
1604 3238 1728 3304 ὅρον

1897 857 1987 912 18.
2027 857 2150 911 Jobi
2187 856 2240 910 in
2273 856 2515 911 adversis
2548 855 2742 908 mirata
2774 852 3172 919 constantiam,
3205 849 3396 906 eadem

1823 951 2040 1004 videtur
2067 962 2421 1018 supergressa
2446 965 2458 1000 :
2487 947 2612 1014 quia
2639 961 2742 1000 non
2763 947 2830 1000 ad
2861 947 3154 1009 modicum,
3179 944 3271 1000 sed
3297 958 3399 1013 per

1825 1056 2046 1095 omnem
2079 1040 2247 1094 vitam
2278 1039 2330 1092 in
2356 1054 2419 1092 ea
2445 1038 2845 1108 perseveravit;
2874 1023 3148 1109 et'quibus
3176 1036 3264 1090 ille
3285 1049 3396 1088 non

1826 1149 1925 1188 sua
1963 1142 2155 1201 sponte
2183 1140 2381 1184 exutus
2410 1139 2526 1190 est,
2562 1131 2674 1182 hac
2705 1128 2988 1182 Theodora
3022 1127 3232 1180 dimisit
3264 1139 3398 1193 pau-

1827 1224 2052 1294 peribus
2076 1262 2090 1286 ,
2130 1222 2349 1275 nemine
2376 1235 2494 1272 eam
2526 1220 2592 1273 ad
2621 1218 2673 1272 id
2703 1225 2955 1287 cogente.
2982 1207 3115 1271 Elia!
3142 1215 3397 1272 solitudi-

1828 1331 1950 1369 nem
1986 1316 2146 1383 eique
2183 1313 2459 1381 propriam
2500 1309 2937 1378 philosophiam,
2969 1309 3132 1360 etiam
3174 1306 3229 1360 in
3260 1319 3398 1360 con-

1825 1409 1996 1460 sortio
2036 1405 2274 1474 plurium
2298 1443 2313 1467 ,
2365 1403 2444 1458 sic
2488 1403 2677 1466 coluit,
2712 1409 2771 1453 ut
2804 1408 2985 1468 posset
3026 1413 3160 1459 cum
3196 1396 3400 1452 Davide

1823 1497 2044 1559 dicere,
2083 1493 2346 1548 Solitaria
2384 1507 2499 1544 sum
2534 1507 2628 1560 ego
2672 1491 2712 1544 ⁸.
2761 1489 3023 1554 Quamvis
3068 1495 3250 1543 autem
3284 1502 3398 1542 non

1823 1588 2220 1657 praedicaverit,
2254 1587 2396 1639 velut
2443 1585 2715 1646 Joannes,
2774 1582 2868 1637 Dei
2922 1583 3174 1650 Agnum;
3227 1581 3399 1648 ipsius

1829 1690 2008 1733 tamen
2055 1679 2502 1732 exercitationem
2552 1677 2598 1729 si
2643 1675 2768 1743 quis
2812 1674 2954 1727 alius
3003 1674 3234 1737 imitata,
3271 1687 3398 1725 eum

1825 1772 2081 1839 suscepit,
2104 1771 2343 1838 ejusque
2363 1768 2609 1822 divinum
2635 1766 2779 1819 facta
2801 1775 2885 1820 est
2912 1765 3204 1832 templum;
3226 1764 3396 1833 quod,

1827 1872 1884 1912 ut
1935 1875 2035 1930 ego
2074 1859 2309 1928 quidem
2353 1857 2649 1919 existimo,
2704 1854 2880 1909 nihilo
2929 1863 3016 1908 est
3063 1853 3398 1923 μηδίσειΜί

1829 1967 2056 2006 munere
2087 1951 2335 2005 inferius.
2358 1950 2471 2003 Non
2498 1949 2589 2002 illa
2619 1949 2838 2018 quidem
2869 1947 3057 2001 orbem
3081 1947 3398 2000 universum

1827 2043 1997 2097 obivit
2026 2057 2151 2096 cum
2189 2041 2482 2110 apostolis,
2517 2040 2732 2095 cunctis
2765 2039 3032 2094 salutaria
3062 2051 3395 2107 suggerens:

1827 2133 1923 2189 sed
1959 2134 2139 2187 verbis
2169 2132 2391 2203 quidem
2435 2133 2752 2202 aliquando,
2785 2131 2959 2185 multo
3000 2138 3182 2199 autem
3227 2127 3400 2198 magis

1827 2225 2109 2294 operibus,
2141 2235 2192 2276 et
2226 2223 2482 2277 suasione
2510 2237 2573 2276 ex
2606 2222 2690 2277 his
2716 2237 2879 2291 quam
2911 2221 3018 2277 illis
3038 2221 3196 2290 longe
3222 2219 3401 2275 efﬁca-

1829 2321 1990 2381 ciort,
2017 2333 2208 2372 omnes
2229 2317 2501 2370 deducens
2523 2316 2578 2368 in
2602 2316 2743 2368 viam
2770 2314 2985 2376 salutis,
3016 2314 3070 2367 in
3092 2314 3400 2367 universam

1831 2415 2073 2470 terram,
2127 2407 2592 2477 quemadmodum
2644 2416 2699 2461 et
2743 2405 2881 2475 ipsi,
2929 2405 3112 2459 emisit
3179 2418 3400 2468 sonum,

1831 2501 2016 2571 itaque
2047 2504 2292 2556 omnium
2327 2503 2585 2563 maxima,
2629 2500 3121 2555 excellentissimos
3154 2512 3404 2567 quosque

1831 2605 1885 2647 et
1921 2608 2115 2662 magna
2150 2594 2292 2661 apud
2327 2592 2495 2646 Deum
2532 2591 2703 2660 gratia
2742 2590 3008 2653 valentes,
3044 2591 3242 2656 partim
3278 2588 3404 2658 qui-

1834 2685 1954 2739 dem
1993 2685 2385 2753 perfectissime
2414 2685 2623 2737 imitata
2655 2691 2757 2742 est,
2789 2682 2984 2751 partim
3021 2680 3088 2735 iis
3126 2695 3262 2749 quas
3295 2680 3405 2735 dixi

1834 2779 2130 2837 virtutibus
2155 2787 2565 2846 praetergressa.
2599 2775 2869 2839 Quoniam
2905 2788 3034 2827 vero
3059 2773 3236 2842 ipsum
3270 2785 3407 2842 quo-

1832 2886 1938 2938 que
1971 2869 2258 2923 Dominum
2315 2868 2694 2928 aemulabatur,
2730 2866 2876 2919 cruci
2920 2865 3134 2919 conﬁxa
3169 2881 3295 2918 cum
3339 2880 3406 2920 eo

1834 2971 1889 3017 et
1923 2961 2238 3029 cons’epulta
2268 2967 2370 3025 est,
2406 2970 2462 3011 ut
2490 2973 2610 3012 cum
2648 2973 2712 3010 eo
2745 2967 3057 3026 resurgeret
3086 2958 3137 3010 in
3175 2957 3407 3026 gloriam

1832 3060 1889 3107 et
1923 3050 2327 3120 conglorilicata
2355 3064 2481 3102 cum
2511 3049 2701 3104 eodem
2735 3057 3006 3116 regnaret.

1910 3140 2005 3196 l9.
2043 3140 2174 3205 Quae
2226 3139 2388 3208 igitur
2434 3139 2536 3191 hoc
2570 3138 2730 3192 modo
2777 3152 3002 3205 prorsus
3035 3137 3235 3191 eximia
3267 3136 3411 3192 inter

1838 3247 2067 3296 omnes,
2115 3245 2210 3298 per
2243 3230 2491 3282 divinam
2544 3242 2670 3295 erga
2720 3227 2970 3281 homines
3011 3227 3407 3295 dignationem,

152 3325 344 3391 σαφῶς
393 3324 796 3393 ἑπιδειξαμένη,
849 3329 940 3379 καὶ
979 3320 1089 3379 οἷον
1136 3323 1277 3381 εἶναι
1321 3328 1427 3396 χρὴ
1465 3330 1567 3382 κάν
1616 3329 1726 3390 τοῖς

1834 3321 2077 3386 effulsit,
2121 3332 2175 3376 et
2221 3320 2439 3374 virtutis
2483 3320 2698 3373 culmen
2736 3327 2845 3371 tam
2884 3319 3173 3373 manifeste
3210 3319 3408 3384 tenuit,

150 3417 337 3484 ἔργοις
354 3416 444 3466 τὸν
474 3415 639 3487 (νοῦν)
668 3417 789 3469 κατ’
819 3417 1003 3470 είκόνα
1029 3419 1292 3486 γεγονότα
1317 3419 1467 3471 Θείαν
1489 3421 1562 3489 (r)
1608 3421 1728 3471 ἐπεί

150 3522 219 3574 γε
271 3507 373 3558 οὐκ
417 3505 524 3559 ἀπὸ
550 3507 652 3576 γῆς
706 3506 804 3577 τὴν
849 3509 1060 3575 γένεσιν
1095 3510 1275 3578 ἔσχεν,
1331 3510 1441 3562 οὐδ’
1480 3511 1730 3566 ἐντεῦθεν

150 3593 308 3652 εἷλκε
336 3599 402 3651 τὸ
435 3601 612 3666 γένος,
645 3599 760 3653 ἀλλ’
787 3603 851 3653 ὲκ
884 3601 1039 3672 (Θεοῦ
1057 3617 1074 3633 ο
1115 3601 1314 3670 τοῦ,β’)
1343 3602 1452 3672 ἄρα
1479 3602 1612 3653 Θεοῦ
1640 3602 1730 3654 καὶ

150 3690 266 3743 τῶν
318 3690 593 3759 Ὀλύμπου
641 3693 981 3763 πραγμάτων
1020 3693 1302 3757 εποθεῖτο,
1335 3693 1431 3745 καὶ
1473 3693 1727 3763 καθαρῶς

150 3777 462 3843 ἀπαλλάξαι
510 3781 620 3833 τῶν
641 3783 838 3846 -κάτω,
880 3778 955 3835 ὢν
988 3783 1083 3834 καὶ
1117 3781 1353 3851 πρόσθεν
1384 3780 1538 3833 οὐδὲν
1570 3777 1731 3851 ἦττον

153 3886 369 3944 μιτηρε
391 3863 712 3934 ,λαϐέσθαι
744 3873 798 3926 δὲ
834 3872 942 3925 τῶν
975 3873 1088 3927 ἄνω
1121 3875 1214 3926 καὶ
1241 3873 1380 3942 αὐτῇ
1421 3873 1729 3942 προσηκόν-

148 3979 284 4017 των.
328 3965 438 4018 Καὶ
469 3965 647 4017 τοίνυν
682 3969 738 4018 ὲν
773 3965 1059 4035 βαθυτάτῳ
1101 3967 1195 4020 καὶ⁵
1229 3965 1374 4036 μάλα
1407 3966 1554 4018 πίονι
1588 3967 1732 4035 γήρᾳ

153 4055 421 4108 καταλύει
448 4057 538 4108 τὸν
570 4057 706 4126 βίον,
735 4060 828 4110 καὶ
855 4058 947 4111 νῦν
977 4061 1126 4110 ἐστιν
1153 4059 1348 4119 ὲνιτοίς
1376 4058 1626 4126 οὐρανοῖς
1656 4056 1730 4125 τῷ

154 4145 535 4217 καθαρωτάτῳ
564 4149 662 4200 ’καὶ
693 4149 1143 4218 άκραιφνεστάτῳ
1180 4150 1273 4202 καὶ
1298 4149 1567 4218 τρισηλίῳ
1603 4166 1733 4201 συν-

153 4238 296 4292 οῦσα
328 4243 502 4308 φωτὶ,
537 4242 632 4291 καῖ⁵
659 4242 778 4302 ταῖς
814 4240 1023 4292 ἐκεῖθεν
1062 4243 1276 4294 ἀκτῖσιν
1315 4240 1408 4310 ὅλη
1461 4241 1728 4310 γενομένη

154 4331 478 4403 φωτοειδὴς,
509 4331 1078 4402 ἐναργεῖςβποδείξεις
1110 4333 1358 4400 ἐκφαίνει
1380 4335 1610 4402 ταυτησὶ
1634 4333 1732 4401 τῆς

155 4424 590 4494 μακαριότητος,
618 4425 679 4476 τὸ
711 4424 872 4493 σῶμα
900 4424 960 4476 τὸ
989 4423 1130 4477 θεῖον
1156 4423 1348 4494 μύρων
1373 4423 1732 4476 ἀναδεικνῦσα

155 4515 368 4584 πηγήν-

228 4605 301 4659 κ’.
351 4603 514 4666 Ἀλλ’,
544 4596 589 4656 ὦ
619 4602 707 4656 διὰ
740 4603 956 4656 πάντων
988 4602 1237 4674 βελτίστη
1284 4604 1492 4668 πασῶν,
1527 4603 1623 4658 καὶ
1658 4602 1733 4672 μὴ

157 4696 329 4764 μόνον
377 4694 554 4757 πάσας
596 4694 1043 4763 ὑπερϐαλλομένη
1086 4697 1196 4755 τοῖς
1241 4695 1418 4757 ὅλοις,
1474 4694 1609 4746 ἀλλὰ
1644 4694 1738 4746 καὶ

154 4786 526 4857 διαφερόντως
561 4788 910 4856 κοσμήσασαί
951 4784 1121 4840 ωτῶν
1154 4785 1468 4854 ἀσκητικῶν
1497 4785 1736 4856 ἱδρώτων

155 4877 288 4945 ὄρος
336 4876 429 4928 καὶ
477 4876 641 4937 τύπος
683 4877 848 4928 πᾶσιν
887 4877 1248 4944 ἀναφανεῖσα,
1291 4875 1384 4928 καὶ
1430 4874 1520 4926 διὰ
1563 4873 1737 4927 ταῦτα

157 4967 464 5037 ἀξιόχρεως
500 4967 599 5037 τῆς
625 4969 851 5041 Τριάδος
881 4970 1057 5034 ἑστία,
1091 4971 1183 5022 καὶ
1218 4969 1327 5022 τῶν
1358 4969 1563 5038 ταύτης
1597 4969 1732 5035 πρὸς

272 5150 295 5181 ¹
337 5146 484 5204 Psal.
516 5164 670 5217 cvm,
698 5150 751 5204 8.

237 5362 335 5434 (ρ)Δ
365 5360 463 5434 llic
505 5375 722 5434 quoque
757 5374 865 5414 non
892 5359 1008 5413 sine
1043 5360 1260 5422 mendo,
1297 5358 1743 5426 interponebatur

162 5427 388 5502 aliquid
408 5430 481 5492 ὡς
504 5427 545 5502 κ
575 5427 629 5484 οἷ
654 5431 715 5502 δ’,

233 5498 316 5571 (q)
356 5500 590 5554 Omnino
624 5501 873 5553 videntur
919 5498 1005 5551 hic
1055 5498 1235 5567 aliqua
1287 5499 1624 5554 desiderari:
1674 5499 1745 5571 sit

162 5569 314 5627 enim
349 5572 415 5623 ad
450 5571 620 5636 ipsam
675 5581 919 5623 sanctam
963 5571 1311 5636 apostrophe,
1360 5584 1522 5636 quam
1577 5569 1737 5622 omisi

163 5641 364 5696 Latine
414 5640 740 5706 exprimere,
802 5639 926 5705 quia
981 5654 1086 5690 non
1144 5640 1278 5692 satis
1310 5638 1537 5690 delinire
1587 5649 1740 5704 pote-

165 5727 288 5764 ram
345 5710 474 5779 quid
535 5710 877 5776 potissimum
947 5709 1245 5775 supplendo
1317 5707 1499 5760 sensui
1575 5708 1740 5761 adde-

169 5796 307 5836 rem.

1832 3415 2184 3483 ostenditque
2217 3413 2369 3482 ipsis,
2400 3413 2543 3465 sicut
2567 3411 2878 3480 oportebat,
2903 3411 3184 3480 operibus,
3209 3412 3411 3467 habere

1832 3509 2083 3575 spiritum
2135 3506 2201 3559 ad
2238 3503 2477 3558 divinam
2518 3510 2760 3556 creatum
2794 3503 3082 3572 imaginem
3111 3505 3235 3570 (nec
3262 3503 3409 3557 enim

1832 3613 1900 3653 ex
1929 3606 2075 3650 terra
2107 3594 2480 3664 generationis
2505 3607 2618 3647 sua!
2650 3591 2978 3662 principium
3007 3593 3186 3659 habet,
3209 3596 3312 3649 sed
3342 3610 3409 3648 ex

1835 3687 1994 3755 Deo),
2021 3687 2265 3741 ccelestia
2284 3684 2556 3739 adamavit
2575 3699 2758 3753 opera,
2779 3697 2949 3754 seque
2977 3685 3186 3741 studuit
3216 3700 3409 3755 puram

1835 3793 2058 3836 servare
2085 3781 2151 3831 ab
2188 3777 2390 3831 intimis
2424 3777 2597 3841 hisce,
2624 3778 2824 3846 quibus
2858 3791 2957 3831 nec
2997 3785 3155 3831 antea
3187 3776 3409 3846 quidem

1832 3887 1891 3926 se
1923 3872 2264 3940 permiserat,
2294 3878 2346 3922 et
2375 3870 2784 3937 apprehendere
2837 3883 3076 3938 superna
3135 3878 3298 3937 atque
3339 3868 3408 3923 ad

1833 3965 2063 4021 salutem
2110 3964 2373 4032 proficua.
2427 3962 2613 4030 Itaque
2668 3977 2718 4014 In
2757 3961 3025 4029 profunda
3068 3972 3229 4032 atque
3257 3962 3409 4017 uberi

1835 4056 2116 4112 senectute
2143 4070 2173 4108 e
2205 4055 2342 4116 vivis
2383 4054 2539 4116 abiit,
2574 4066 2626 4107 et
2658 4069 2803 4108 nunc
2837 4055 2890 4108 in
2933 4055 3087 4109 caelis
3127 4057 3410 4109 coexsistit

1833 4147 2134 4218 purissimo
2159 4161 2221 4199 ac
2248 4145 2646 4215 perfectissimo
2672 4148 2914 4200 trisolari
2935 4148 3163 4212 lumini;
3189 4161 3413 4200 manan-

1834 4241 2088 4309 tibusque
2119 4255 2182 4293 ex
2215 4254 2277 4292 eo
2318 4239 2486 4290 radiis
2515 4248 2624 4292 tota
2656 4237 2846 4293 effecta
2877 4237 3205 4303 luciformis,
3234 4238 3413 4295 claras

1833 4333 2338 4386 demonstrationes
2375 4331 2574 4398 praebet
2613 4330 2759 4383 illius
2792 4345 2905 4384 suae
2941 4329 3250 4394 beatitatis,
3285 4345 3412 4385 cor-

1834 4440 1937 4494 pus
1961 4440 2120 4479 suum
2157 4440 2374 4478 sacrum
2403 4423 2643 4478 efﬁciens
2675 4423 2879 4477 fontem
2906 4432 3336 4492 unguentorum.

1910 4607 2000 4662 ΞΟ.
2047 4608 2273 4669 Verum,
2306 4621 2338 4660 ο
2377 4606 2665 4661 tnulierum
2699 4605 3182 4674 praestantissima,
3217 4616 3272 4663 et
3302 4623 3408 4665 non

1834 4701 2012 4757 solum
2049 4715 2239 4754 omnes
2267 4714 2618 4768 supergressa
2645 4699 2820 4768 quoad
2854 4700 3061 4765 omnia,
3091 4698 3184 4752 sed
3217 4713 3408 4757 omnes

1835 4797 2001 4848 etiam
2045 4792 2413 4846 diversimode
2443 4792 2750 4844 exornans!
2786 4789 2830 4843 Ο
2859 4791 3112 4845 laborum
3148 4791 3417 4846 ascetico-

1833 4899 1956 4938 rum
1993 4882 2296 4951 exemplar,
2332 4892 2385 4936 et
2417 4895 2607 4935 norma
2637 4881 2852 4935 cunctis
2881 4882 3180 4950 proposita,
3213 4897 3417 4953 perque

1841 4976 1992 5046 ipsos
2047 4973 2235 5028 effecta
2291 4973 2512 5042 dignum
2568 4971 2851 5031 Trinitatis
2898 4971 3312 5038 habitaculum,
3361 4983 3418 5028 et

1923 5362 1991 5429 (r)
2035 5360 2243 5416 Mallem
2297 5375 2438 5414 nunc
2467 5360 2659 5414 Latine
2689 5362 2768 5412 sic
2819 5358 2947 5426 legi,
2981 5375 2998 5409 ι
3031 5370 3415 5429 summamque

1842 5427 2232 5498 perfectionem
2297 5430 2615 5497 praeferens,
2678 5430 2952 5498 ostendit,
3015 5427 3228 5495 qualem
3272 5427 3418 5498 esse

1842 5496 2091 5568 oporteat
2137 5496 2310 5564 eum,
2341 5500 2430 5567 qui
2482 5502 2778 5554 secundum
2825 5497 3062 5552 divinam
3119 5496 3414 5568 imaginem

1840 5567 2016 5624 factus
2069 5579 2183 5631 est;
2236 5570 2493 5636 quoniam
2528 5585 2556 5621 a
2596 5581 2741 5622 terra
2773 5568 3036 5636 originem
3086 5582 3190 5619 non
3225 5567 3411 5636 habet,

1842 5655 2014 5708 neque
2045 5640 2165 5692 inde
2189 5632 2359 5706 genus
2393 5641 2552 5692 traxit
2581 5642 2674 5692 sed
2712 5654 2777 5692 ex
2811 5632 2945 5704 Deo;
2974 5636 3205 5707 ideoque
3238 5632 3407 5695 Deum

1837 5720 1888 5763 et
1932 5725 2018 5763 res
2048 5709 2299 5762 cmlestes
2340 5709 2700 5762 desiderabat.
2741 5729 2759 5761 ι
