4140 6318
698 318 808 382 775
1878 315 2329 377 GREGORIUS

2363 316 2729 377 I’ALAMAS.
3836 310 3965 372 ⁸176.

701 431 1065 500 metropolita:
1102 428 1535 483 Euchaitarum‘:
1569 428 1719 483 Isaac
1759 428 2121 500 Madytarum,
2156 428 2473 485 Theodnlus
2508 427 2658 482 Rosii
2700 426 3005 499 (Ῥωσίου),
3036 425 3229 482 Esaias
3259 423 3521 497 Selyluiz
3551 434 3607 479 et
3639 424 3949 492 Gregorius

704 517 1134 587 Pompeiopolia.
1176 516 1410 585 Incipit:
1462 516 1672 578 Ὀντως
1723 516 1899 579 οὐδεὶς
1954 516 2132 578 οὕτως
2161 518 2339 585 ἁρχιτι

2313 516 2524 567 τέκτων.
2576 514 2707 568 Item
2758 524 2937 567 tomus
2968 523 3021 567 et
3073 512 3510 567 anathematiami
3541 510 3594 564 in
3638 510 3948 577 Palamam,

702 606 830 659 editi
884 619 1070 658 mense
1117 603 1266 658 Julio
1312 604 1557 673 ejusdem
1614 604 1766 666 anni,
1803 619 1945 673 quos
1989 606 2213 658 exhibet
2245 603 2434 658 Graece
2486 610 2539 655 et
2596 600 2789 655 Latine
2839 601 3110 661 Allatius,
3162 598 3332 654 Graec.
3384 598 3666 651 orthodox.
3707 607 3849 651 tom.
3908 594 3949 659 I,

708 708 764 761 p.
796 691 1039 745 788-805
1063 706 1078 755 ;
1112 698 1166 743 et
1200 689 1272 743 De
1293 706 1571 753 consensu,
1597 704 1651 759 p.
1679 689 1802 743 803.
1832 689 2022 756 Incipit
2048 709 2061 743 :
2083 690 2343 743 Ἀκούσατ

2315 706 2400 751 rce,
2430 688 2591 757 φυλαὶ
2618 687 2716 755 τῆς
2743 689 2864 754 γῆς.
2892 684 3133 755 Denique
3156 695 3335 737 tomus
3363 695 3553 737 contra
3581 682 3950 749 Nicephorum

707 778 1007 845 Gregoram
1044 789 1097 831 et
1131 779 1269 831 alios
1298 778 1566 830 Barlaami
1600 787 1653 829 et
1682 777 1948 846 Acindyni
1982 784 2438 845 propugnatores,
2490 774 2675 829 editus
2716 789 2901 827 mense
2954 775 3199 841 Augusto
3231 786 3365 825 ann.
3402 770 3558 831 l35l.
3592 771 3686 838 qui
3720 772 3952 830 quidem

710 874 894 918 tomus
928 865 1029 920 sub
1060 865 1217 917 titulo
1246 865 1693 933 pseudo-synodi
1726 862 2062 917 l'alamiticte
2094 862 2279 917 Graece
2317 873 2370 914 et
2398 860 2587 913 Latine
2613 868 2791 914 exstat
2819 858 2871 911 in
2905 858 3165 912 Auctario
3215 857 3520 909 novissimo
3554 856 3691 909 Bibl.
3725 855 3955 910 Greco-

713 949 1091 1003 rum'Patrum
1119 951 1540 1010 Combelisiano,
1573 958 1727 1015 parte
1775 951 1967 1013 altera,
2018 966 2072 1018 p.
2111 948 2345 1003 155-176
2396 945 2589 1016 [Mansi
2634 956 2767 998 tom.
2798 943 2991 1006 XXVI,
3041 959 3094 1013 p.
3162 944 3285 1005 127,
3332 941 3470 1013 ειι.],
3525 943 3729 1005 additis
3778 942 3952 994 etiam

710 1038 897 1091 notis:
940 1050 993 1090 et
1027 1038 1085 1091 in
1120 1037 1225 1087 vol.
1271 1037 1466 1089 ultimo
1504 1037 1865 1089 conciliorum
1893 1038 2025 1090 edit.
2076 1035 2370 1094 Harduini,
2407 1049 2457 1101 p.
2491 1032 2617 1095 285,
2651 1032 2744 1100 qui
2792 1041 2971 1094 notat,
3019 1033 3186 1097 hujus
3215 1030 3350 1084 tomi
3387 1029 3706 1082 meminisse
3742 1027 3951 1080 Canta-

712 1120 1002 1185 cuzenum,
1039 1124 1129 1187 IV,
1160 1126 1230 1178 25
1260 1123 1397 1178 Hist.
1432 1123 1624 1190 Incipit
1654 1140 1669 1177 :
1705 1122 1845 1177 Οὖτι
1875 1126 1975 1191 τὴν
2006 1126 2147 1176 κατὰ
2186 1124 2284 1189 τῆς
2334 1123 2347 1142 ‘

2334 1121 2658 1187 Ἐκκλησίας
2710 1117 2817 1170 τοῦ.
2846 1118 3025 1171 κοινοῦ
3081 1118 3367 1185 πολεμίου.
3415 1114 3782 1169 Subscribunt
3826 1124 3958 1182 post

712 1210 1097 1275 imperatorem
1153 1208 1419 1265 Joannem
1480 1210 1925 1265 Cantaeuzenum
1983 1223 2034 1263 et
2092 1209 2456 1278 patriarcham
2536 1204 2698 1261 CPol.
2792 1204 3122 1268 Callistum,
3184 1202 3545 1270 metropolita:
3603 1202 3661 1264 5.
3718 1208 3774 1255 et
3832 1202 3957 1271 epi-

712 1297 862 1366 scopi
926 1296 980 1348 5.

786 1404 1252 1474 Archiepiscopus
1282 1403 1798 1469 Thessalonicensis
1843 1405 2130 1459 ordinatus
2180 1411 2265 1457 est
2292 1400 2510 1455 Palama
2550 1398 2710 1466 jussu
2762 1397 3133 1453 Cantacuzeni
3189 1398 3321 1466 imp.
3357 1396 3502 1465 apud
3554 1409 3720 1466 quem
3758 1394 3960 1464 singu-

714 1488 902 1542 lariter
924 1490 1201 1559 gratiosus
1226 1490 1350 1557 fuit,
1381 1494 1450 1544 ab
1481 1489 1692 1544 Isidoro
1724 1491 1830 1545 (ΣΡ.
1860 1493 2005 1543 circa
2042 1505 2171 1542 anu.
2208 1487 2368 1551 1519,
2416 1488 2510 1541 sed
2544 1501 2571 1537 a
2608 1485 2884 1553 praefectis
2912 1486 3065 1539 urbis
3101 1485 3246 1539 haud
3280 1485 3555 1538 admissus
3588 1484 3657 1551 υ)
3692 1484 3747 1535 in
3780 1478 3958 1535 Lem-

712 1590 842 1628 num
877 1575 1113 1629 insulam
1152 1577 1399 1640 secessit,
1452 1586 1617 1646 atque
1664 1578 1790 1630 inde
1839 1591 2098 1630 reversus
2144 1573 2369 1637 CPolin,
2417 1572 2627 1641 synodo
2659 1588 2788 1625 ann.
2826 1573 2987 1631 1551.
3039 1572 3106 1624 de
3157 1586 3264 1639 qua
3309 1571 3423 1638 jam
3474 1570 3612 1632 dixi,
3667 1566 3952 1622 interfuit.

717 1658 969 1714 Defuncti
1010 1661 1201 1715 laudes
1241 1663 1571 1731 panegyrica
1605 1665 1856 1719 oratione
1898 1662 2195 1717 celebravit
2231 1659 2551 1720 Philotheus
2599 1658 2910 1725 patriarcha
2958 1656 3122 1711 CPoI.
3165 1657 3362 1725 Incipit
3392 1674 3407 1709 :
3437 1655 3740 1725 Γρηγόριος
3783 1653 3893 1722 μὲν
3928 1654 3957 1705 ὁ

716 1748 890 1814 μέγας
922 1749 1285 1817 πανηγύρεως
1314 1750 1589 1812 ὑπόθεσις.
1625 1749 1761 1804 Bibl.
1794 1750 2116 1803 Coislinian.
2151 1766 2205 1818 p.
2246 1746 2344 1800 167

2317 1748 2380 1808 7ι,
2409 1745 2631 1798 Cantica
2658 1744 2900 1812 ejusdem
2937 1742 3208 1798 Philothei
3237 1745 3346 1797 duo
3372 1743 3607 1811 στιχηρὰ
3636 1742 3690 1795 in
3724 1741 3952 1795 laudem

715 1833 945 1887 Palamae
977 1837 1375 1903 thaumaturgi,
1408 1850 1514 1889 una
1548 1852 1669 1890 cum
1704 1836 2002 1905 ἀκολουθίᾳ
2032 1836 2150 1889 sive
2180 1833 2359 1888 cilicio
2388 1833 2440 1884 in
2480 1832 2732 1886 eumdem
2786 1847 2888 1887 ms.
2940 1832 2995 1884 in
3028 1832 3165 1885 bibl.
3201 1829 3473 1884 Casarea.
3505 1830 3798 1882 Canticum
3832 1827 3959 1897 prio

713 1934 860 1972 mum
890 1920 1114 1989 incipit:
1138 1922 1440 1987 Εὐφραίνου
1473 1924 1532 1973 ἑν
1561 1921 1771 1989 Κυρίῳ,
1802 1923 1953 1981 πόλις
1975 1921 2343 1991 Θεσσαλονίκη

2318 1940 2365 1991 ιι.
2391 1921 2666 1975 Alterum:
2691 1919 2939 1989 Χαίροις,
2962 1918 3060 1987 τῆς
3088 1918 3370 1980 εὐσεϐείας
3389 1917 3637 1987 φωστήρ.
3658 1914 3953 1970 Οῦὶοὶυωε

718 2006 896 2075 Πάτερ
951 2006 1063 2076 [apt
1092 2007 1387 2078 Γρηγόριε,
1426 2008 1489 2061 σὺ
1521 2012 1612 2060 τὸν
1659 2006 1794 2059 Θεὸν
1830 2010 1894 2060 ὲκ
1940 2009 2133 2070 παιδὸς
2171 2010 2463 2078 ἀγαπήσας
2513 2006 2777 2076 ἑξέφυγες
2824 2006 3018 2076 ὑλικὴν
3048 2004 3446 2075 προσπάθειαν.
3503 1991 3639 2058 Vide
3681 2001 3958 2059 Lambec.

718 2091 781 2159 V,
816 2107 869 2159 p.
902 2092 1004 2147 195
1034 2109 1149 2163 seq.
1183 2093 1260 2164 [p.
1285 2093 1387 2148 106
1423 2108 1542 2163 sqq.
1575 2092 1677 2147 HO
1710 2104 1762 2147 et
1794 2092 1916 2157 600,
1949 2094 2036 2148 ed.
2075 2090 2241 2165 Rull.]
3898 2084 3899 2087 η

789 2182 1132 2251 Nicephorus
1167 2182 1437 2251 Gregoras
1490 2183 1582 2236 lib.
1629 2198 1785 2246 xxm,
1813 2198 1865 2251 p.
1897 2182 2028 2249 699,
2066 2193 2298 2238 testatur
2356 2186 2643 2241 Palamam
2673 2186 2813 2241 ultra
2862 2184 3143 2252 sexaginta
3195 2184 3387 2251 λόγους
3432 2180 3837 2250 composuisse,
3888 2180 3960 2233 ad

713 2284 875 2340 quem
910 2272 1090 2323 locum
1134 2266 1295 2323 Joan.
1330 2269 1590 2323 Boivinus
1632 2271 1685 2322 in
1727 2271 1897 2334 notis,
1934 2284 1988 2339 p.
2025 2270 2152 2331 805,
2189 2271 2462 2335 observat,
2504 2276 2557 2327 in
2607 2288 2714 2328 uno
2756 2272 2946 2328 codice
2980 2272 3151 2341 (regio
3189 2270 3351 2340 2101)
3392 2270 3647 2324 homilias
3687 2268 3961 2336 variaque

712 2359 977 2427 opuscula
1009 2358 1247 2413 Palama:
1277 2358 1549 2412 contineri
1580 2357 1701 2423 plus
1727 2374 1892 2426 quam
1931 2359 2294 2427 septuaginta.
2325 2358 2415 2429 [γ.
2448 2361 2615 2439 paull'.
2653 2370 2794 2428 post,
2847 2358 2914 2412 ad
2958 2359 3010 2412 n'.
3043 2357 3162 2429 2L]
3195 2357 3311 2410 Alia
3354 2371 3463 2409 non
3495 2369 3675 2424 pauca
3725 2364 3960 2407 exstare

714 2446 872 2499 obvia
910 2445 965 2500 in
997 2444 1119 2498 aliis
1150 2445 1457 2499 codicibus.
1494 2443 1681 2514 Itaque
1714 2455 1889 2512 putat,
1919 2446 2215 2515 Gregoram
2250 2455 2457 2499 tantum
2496 2446 2641 2511 loqui
2668 2444 2735 2498 de
2772 2443 2861 2506 iis,
2897 2458 3019 2511 qua:
3050 2442 3118 2495 de
3151 2443 3315 2497 rebus
3344 2439 3713 2496 controversis
3742 2439 3959 2507 scripta

714 2548 743 2585 a
780 2530 996 2585 Palatna
1028 2540 1202 2593 erant,
1230 2546 1461 2600 quorum
1498 2533 1665 2584 multa
1703 2532 1945 2586 continet
1973 2534 2141 2587 codex
2170 2536 2348 2605 regius
2374 2531 2534 2586 2109.
2572 2532 2627 2583 lu
2670 2531 2735 2583 iis
2773 2538 2901 2583 sunt
2936 2544 2950 2581 :

784 2618 826 2671 I.
870 2617 1014 2671 Libri
1060 2630 1243 2670 contra
1276 2618 1607 2686 Acindynum
1640 2619 1813 2670 decem
1846 2620 2099 2681 continui,
2134 2621 2222 2688 qui
2259 2635 2451 2674 omnes
2492 2619 2731 2686 exceptis
2787 2617 2960 2671 tribus
3010 2616 3419 2688 ’Δντιρῤητικοὶ
3458 2617 3857 2671 inscribuntur.
3893 2614 3958 2670 ῐι

717 2706 905 2759 codice
951 2704 1303 2771 Seguieriano
1334 2700 1656 2773 [$.Coislin.
1715 2701 1945 2775 XCVIII]
1987 2714 2189 2771 septem
2240 2706 2649 2776 ἀντιρῤητικοϊς
2684 2704 3081 2772 praemittuntur
3111 2703 3243 2767 duo,
3289 2717 3433 2757 unus
3474 2701 3543 2757 ad
3586 2703 3969 2758 Athanasium

715 2793 894 2862 Cyzjci
932 2792 1432 2859 archiepiscopum,
1474 2790 1541 2843 de
1581 2778 1800 2859 scriptis
1830 2791 2117 2859 Acindyni,
2147 2807 2274 2844 num
2316 2806 2436 2845 cum
2471 2789 2758 2843 Barlaamo
2802 2790 3218 2844 concordarent.
3266 2788 3495 2857 Incipit:
3529 2788 3782 2860 Πυνθάνῃ
3814 2788 3957 2857 περὶ

719 2880 831 2932 τῶν
862 2878 957 2931 τοῦ
1008 2876 1321 2929 ’Δκινδύνου
1352 2878 1825 2945 συγγραμμάτων.
1856 2877 2008 2930 Alter
2039 2878 2105 2930 de
2142 2878 2354 2933 distinet

2317 2877 2587 2932 ctionihus
2629 2876 2681 2929 in
2726 2874 2834 2929 Deo
2868 2876 3171 2930 secundum
3205 2878 3522 2946 hypostases
3552 2884 3607 2929 et
3640 2873 3952 2928 secundum

713 2961 1084 3028 operationes.
1116 2958 1352 3026 Incipit:
1390 2960 1664 3019 Διονύσιος
1704 2962 1731 3011 ὁ
1783 2961 1957 3027 μέγας
1987 2960 2257 3027 αὐτήκοος
2307 2980 2348 3029 γε

2322 2962 2548 3031 γεγονὼς
2587 2963 2681 3029 τῆς
2713 2962 2823 3014 τῶν
2870 2961 3213 3015 Ἀποστόλων
3254 2961 3461 3031 φωνῆς.
3496 2959 3712 3017 Tertius
3751 2961 3957 3019 ultimo

718 3050 837 3102 loco
880 3048 1168 3117 subjicitur
1207 3049 1273 3102 de
1305 3048 1491 3101 multis
1525 3047 1895 3116 impietatibus
1926 3046 2187 3100 Barlaami
2234 3060 2286 3102 et
2330 3050 2353 3101 Α

2330 3047 2888 3118 Acindyui,'EXOsat;
2917 3047 3019 3115 τῆς
3060 3047 3170 3099 τῶν
3204 3046 3473 3117 Βαρλαὰμ
3502 3049 3598 3100 καὶ
3630 3045 3956 3101 ’Δκινδύνλι

712 3135 1140 3203 δυσσεϐημάτων
1189 3134 1479 3187 ἀλλοκότου
1523 3134 1786 3205 πληθύος.
1818 3132 2056 3203 Incipit:
2104 3134 2548 3205 Ἀποδαλλόμεθα
2579 3136 2677 3205 τὴν
2703 3134 3073 3203 ὰσεσεστᾴτην
3118 3134 3408 3187 ἀλλόκοτον
3456 3132 3688 3200 πληθύν.
3723 3131 3956 3199 Septem

715 3225 977 3278 librorum
1008 3223 1432 3295 ἀπιρῤητικῶν,
1458 3224 1551 3292 qui
1585 3225 1638 3277 in
1673 3226 1853 3292 capita
1886 3225 2084 3293 singuli
2117 3225 2278 3279 divisi
2314 3234 2461 3287 sunt,
2492 3232 2801 3277 accuratam
2849 3222 3222 3284 recensionem
3253 3231 3307 3275 et
3336 3223 3676 3293 singulorum
3702 3220 3960 3289 capitum

714 3319 1030 3379 argumenta
1062 3310 1280 3364 exhibet
1308 3308 1735 3363 Montlauconus
1764 3311 1815 3362 in
1855 3309 1996 3363 Bibl.
2022 3310 2371 3377 Coistiniana,
2402 3328 2455 3382 p.
2485 3312 2745 3367 l56-l67.
2783 3312 2982 3381 (nam)
3016 3310 3209 3367 Plures
3231 3310 3581 3366 Coisliniana:
3618 3312 3753 3367 bibl.
3793 3312 3964 3367 codi-

714 3413 827 3462 ces,
864 3398 958 3467 qui
989 3398 1271 3452 continent
1298 3396 1535 3450 Palamre
1570 3412 1693 3466 opp.
1733 3407 2088 3452 recensentur
2119 3410 2173 3452 et
2202 3401 2539 3469 singttIOruut
2565 3409 2889 3469 argumenta
2916 3399 3201 3468 diligenter
3230 3398 3545 3453 indicantur
3572 3414 3601 3452 a
3644 3398 3956 3455 Montlaue.

716 3484 749 3536 l.
786 3498 862 3549 e.,
890 3498 919 3536 a
960 3484 1119 3537 nobis
1165 3497 1297 3537 vero
1326 3483 1385 3536 h.
1417 3483 1453 3536 ι.
1483 3498 1590 3537 non
1623 3494 1798 3554 potest
1838 3486 2177 3555 singulorum
2209 3490 2411 3542 mentio
2454 3491 2617 3557 repeti
2656 3505 2670 3554 ;
2708 3504 2763 3541 n.
2816 3502 2872 3557 p.
2908 3489 3007 3543 I50
3031 3516 3101 3527 -—
3141 3486 3266 3550 I57,
3307 3488 3429 3541 cod.
3460 3487 3527 3541 97
3568 3488 3619 3540 iu
3658 3502 3767 3558 quo
3796 3502 3962 3558 repe-

716 3574 930 3628 riuntur
967 3574 1199 3629 Palamze
1230 3573 1466 3628 homiliae
1500 3583 1651 3628 sexta
1681 3588 1853 3643 usque
1879 3578 1944 3629 ad
1974 3574 2207 3629 ιχιωιω
2237 3576 2502 3645 (quinque
2534 3575 2681 3629 enim
2711 3576 2920 3643 priores
2971 3573 3228 3630 abscissae
3271 3573 3421 3643 sunt)
3477 3575 3725 3643 sequitur
3760 3590 3815 3629 ιι.
3855 3576 3958 3640 62,

717 3662 930 3716 libellus
955 3661 1180 3715 moralis
1208 3662 1479 3730 ἀκέφαλος
1506 3663 1595 3717 cui
1644 3662 1861 3730 praefixa
1906 3673 1990 3717 est
2028 3663 2251 3731 epistola
2297 3666 2364 3717 ad
2411 3666 2673 3733 virginem
2714 3665 3037 3734 quamdam;
3086 3674 3143 3719 et
3179 3681 3234 3719 n.
3266 3665 3357 3729 66,
3395 3666 3643 3734 epistola,
3688 3682 3852 3736 quam
3885 3683 3962 3724 ex

716 3754 866 3819 Asia,
895 3751 1157 3821 captivus.
1181 3766 1306 3805 cum
1336 3759 1503 3817 esset,
1535 3752 1601 3805 ad
1643 3750 1943 3806 Ecclesiam
1990 3760 2143 3807 suam
2180 3751 2430 3820 scripsit;
2484 3760 2597 3804 tum
2643 3766 2698 3821 p.
2739 3750 3003 3815 l55-l77,
3042 3752 3095 3805 in
3147 3754 3268 3807 cod.
3319 3752 3387 3806 98
3424 3753 3479 3805 in
3527 3768 3636 3821 quo
3678 3753 3963 3809 habentur

716 3840 951 3895 Palamae
986 3853 1113 3907 opp.
1162 3838 1451 3906 permulta,
1480 3847 1662 3893 tomus
1698 3839 1906 3907 primus
1934 3838 2049 3907 (qui
2088 3847 2172 3893 est
2200 3839 2323 3893 cod.
2359 3837 2747 3907 Seguierianus
2777 3877 2792 3901 ,
2837 3852 2867 3892 a
2921 3837 3173 3891 Fabricio
3240 3838 3513 3907 laudatus)
3551 3838 3744 3891 ultimo
3782 3839 3960 3908 capiti

716 3928 940 3981 adnexa:
970 3933 1095 3979 sunt
1125 3925 1250 3977 duas
1282 3922 1528 3992 Gregorii
1562 3923 1838 3991 epistolae;
1874 3926 2043 3978 attcra
2074 3925 2141 3978 ad
2172 3924 2492 3978 Damianum
2519 3924 2937 3994 philosophum;
2969 3925 3141 3979 altera
3163 3925 3230 3980 ad
3254 3925 3601 3996 Dionysium,
3631 3942 3757 3995 quae
3786 3930 3962 3994 paulo

719 4022 862 4083 post,
898 4012 926 4083 §
955 4012 1010 4076 6,
1046 4013 1209 4067 etiam
1244 4013 1540 4067 adduntur.
1579 4012 1839 4081 Sequitur
1877 4011 2154 4077 Expositio
2194 4014 2459 4081 stupenda:
2490 4014 2843 4069 multitudinis
2877 4014 3208 4081 impietatum
3241 4013 3523 4069 Barlaami
3563 4026 3613 4069 et
3648 4017 3958 4085 Aciudyui;

719 4104 829 4158 inc.
878 4101 1345 4172 Ἀποὸαλλόμεθα,
1375 4102 1476 4169 τὴν
1506 4100 1878 4169 ἀσεϐεστάτην
1902 4102 2186 4153 ἀλλόκοτον
2216 4099 2354 4169 π).ηο

2322 4099 2443 4167 βύν.
2476 4127 2545 4137 -
2580 4098 2819 4169 Denique
2852 4098 3093 4167 Gregorii
3136 4098 3260 4153 Vita
3288 4116 3381 4169 per
3408 4100 3742 4155 Plulotheum
3773 4106 3957 4170 patri-

717 4190 935 4244 archam
958 4204 977 4242 :
1012 4189 1133 4243 init.
1158 4188 1458 4258 Γρηγόριος
1494 4188 1595 4256 μὲν
1625 4189 1652 4240 ὁ
1689 4187 1863 4257 μέγας
1892 4197 1997 4242 etc.
2028 4212 2087 4227 —
2117 4188 2352 4258 Postea;

2336 4204 2391 4258 p.
2432 4189 2687 4252 167-171,
2718 4190 2769 4243 in
2796 4191 2919 4244 cod.
2948 4190 3017 4244 99
3056 4199 3142 4243 est
3177 4199 3359 4245 tomus
3401 4192 3537 4246 alter
3577 4207 3708 4262 opp.
3744 4192 3958 4261 Grego.

721 4281 782 4334 III
818 4279 887 4334 XI
924 4280 1155 4334 Palamaa
1186 4290 1378 4334 cutura
1422 4278 1790 4349 Acindynum,
1826 4294 2061 4349 quorum
2102 4278 2341 4333 Iudicem
2393 4275 2610 4344 plenum
2644 4277 2793 4332 dedit
2833 4278 3131 4335 Montl‘auc.
3167 4279 3225 4333 In
3255 4279 3363 4335 illis
3404 4295 3531 4350 opp.
3573 4290 3697 4336 sunt
3727 4297 3960 4352 quoque

724 4368 973 4433 epistolae
1014 4366 1269 4432 Palamaz,
1304 4382 1332 4418 a
1369 4363 1675 4435 Fabricio§
1708 4362 1773 4418 VI
1820 4366 2074 4420 laudatae.
2103 4395 2172 4405 ——
2208 4366 2335 4419 Dein
2372 4382 2423 4435 p.
2461 4366 2712 4433 171-175,
2751 4368 2804 4422 in
2846 4367 2970 4423 cod.
3007 4370 3069 4434 (Ι,
3117 4379 3296 4424 esstat
3341 4379 3521 4426 tomus
3586 4373 3782 4427 tertius
3819 4387 3957 4445 Opp.

722 4452 979 4506 Palamae.
1011 4452 1217 4521 Agmen
1250 4451 1453 4505 claudit
1480 4451 1785 4521 Synodicus
1815 4460 1994 4506 tomus
2025 4464 2217 4513 contra
2263 4467 2379 4517 eos,
2428 4458 2521 4526 qui
2558 4456 2829 4513 Barlaami
2870 4467 2925 4514 et
2969 4460 3237 4531 Acindyni
3282 4476 3524 4533 errorem
3579 4464 3755 4517 secuti
3801 4478 3957 4534 sunt,

722 4546 923 4616 Ephesi
958 4560 1152 4615 nempe
1181 4553 1235 4598 et
1262 4543 1397 4599 Gani
1422 4544 1665 4611 episcop.
1691 4540 1987 4609 Gregoram
2018 4553 2074 4595 et
2109 4542 2356 4608 Dexium,
2379 4552 2433 4597 et
2454 4543 2619 4609 alios,
2643 4546 2711 4599 ab
2736 4546 2802 4599 iis
2833 4561 3018 4600 secum
3053 4548 3335 4602 adductos.
3366 4551 3499 4602 Acta
3524 4560 3606 4604 est
3636 4552 3753 4607 haec
3786 4569 3959 4623 syno-

721 4640 825 4693 dus
864 4650 992 4689 ann.
1020 4632 1122 4686 Ch.
1177 4634 1336 4697 l55l,
1382 4632 1541 4698 eique
1575 4631 1727 4684 mulli
1764 4626 2229 4698 subscripserunt.
2262 4658 2332 4672 —-
2370 4629 2513 4684 Idem
2547 4641 2730 4684 tomus
2765 4640 2847 4687 est
2880 4630 2940 4686 in
2981 4635 3104 4687 cod.
3142 4635 3265 4691 101.
3294 4634 3358 4689 ν.
3394 4635 3689 4691 Moutfauc.
3748 4654 3807 4707 p.
3849 4640 3958 4697 276

719 4742 835 4794 seq.
865 4721 1081 4776 Fabric.
1116 4720 1257 4773 inh-a
1292 4720 1345 4771 in
1382 4719 1493 4771 vol.
1529 4716 1671 4778 XIII.
1704 4733 1756 4786 p.
1790 4717 1915 4782 815,
1956 4719 2021 4770 de
2071 4716 2221 4771 hisce
2267 4717 2427 4771 codd.
2456 4716 2679 4772 Coislin.
2715 4720 2788 4773 ita
2822 4721 3043 4789 scripsit
3072 4740 3088 4777 :
3135 4740 3151 4772 ι
3184 4722 3518 4792 llypotheses
3545 4733 3601 4779 et
3629 4742 3957 4795 argumenta

719 4827 942 4879 OpeI‘IIIII
980 4809 1223 4861 omnium
1257 4805 1503 4875 Gregorii
1536 4803 1770 4857 Palatinae
1804 4803 1860 4857 in
1892 4804 2133 4873 quinque
2166 4804 2519 4873 amplissimis
2557 4804 2723 4859 Coisl.
2774 4806 3112 4861 bibliothecae
3146 4809 3271 4862 voll.
3319 4811 3393 4867 in,
3427 4810 3523 4864 fol.
3563 4814 3954 4881 continentur,

722 4916 775 4950 n.
800 4898 888 4958 97,
917 4895 1009 4957 98,
1031 4894 1120 4958 99,
1148 4892 1249 4945 100
1271 4902 1325 4947 et
1353 4892 1474 4944 IOI.
1505 4889 1597 4944 Illa
1629 4906 1793 4959 porro
1816 4900 2136 4958 argumenta
2167 4891 2220 4943 in
2248 4899 2481 4959 quatuor
2505 4892 2901 4958 posterioribus
2928 4894 3089 4947 codd.
3125 4905 3295 4950 totam
3323 4897 3557 4954 Palamae
3585 4901 3729 4955 circa
3764 4905 3957 4960 lumen

720 4982 1086 5041 Thaboricum
1123 4990 1176 5033 et
1207 4979 1391 5032 lumen
1422 4976 1516 5031 Dei
1546 4977 1849 5029 doctrinam
1877 4975 2336 5044 complectuntur,
2374 4993 2474 5031 nec
2517 4991 2624 5030 non
2657 4978 3077 5048 disceptationes
3106 4981 3348 5049 ejusdem
3379 4996 3569 5041 contra
3602 4989 3955 5062 Acindynum

720 5079 774 5123 et
804 5067 1145 5121 Barlaamum
1173 5064 1519 5118 adversarios
1551 5076 1700 5115 suos.
1734 5059 1926 5147 Totam
1958 5063 2140 5128 itaque
2168 5064 2316 5118 illam
2360 5065 2414 5120 in
2447 5064 2655 5121 Graecia
2693 5068 2958 5122 celeberr.
2987 5075 3342 5141 quaestionem
3394 5077 3448 5129 in
3479 5076 3566 5131 his
3607 5059 3954 5147 argumentis

722 5155 1104 5227 perspicimus.
1136 5150 1405 5220 Incipiunt
1435 5157 1752 5216 argumenta
1781 5162 1833 5217 p.
1864 5146 1989 5214 155,
2011 5149 2342 5206 clauduntur
2371 5167 2500 5206 vero
2527 5168 2581 5221 p.
2612 5152 2733 5207 177.
2766 5151 2823 5207 In
2861 5155 3052 5209 ultimo
3085 5168 3268 5212 autem
3304 5163 3426 5215 cod.
3456 5146 3728 5219 habentur
3754 5164 3951 5225 Philo-

725 5243 835 5297 thei
869 5241 1189 5309 patriarcha:
1218 5238 1278 5292 Ο.
1308 5236 1370 5290 Ρ.
1404 5238 1547 5289 circa
1573 5238 1819 5288 eamdem
1847 5236 2200 5304 quaestionem
2248 5248 2437 5293 contra
2473 5238 2768 5309 Gregoram
2808 5238 3153 5298 Barlaamum
3198 5257 3252 5300 et
3287 5246 3627 5317 Acindynum
3656 5269 3669 5305 :
3703 5268 3807 5311 nec
3839 5273 3951 5314 non

723 5326 985 5398 Synodici
1024 5325 1155 5377 tmni
1200 5334 1310 5378 tres
1338 5333 1525 5377 contra
1554 5321 1796 5375 eosdem.
1831 5320 1991 5375 Initio
2039 5323 2160 5376 cod.
2198 5324 2291 5378 101
2336 5327 2445 5381 duo
2494 5327 2620 5381 folia
2667 5328 2733 5381 ad
2767 5332 3223 5400 compingendum
3266 5334 3511 5391 adhibita
3555 5348 3707 5403 sunt,
3738 5343 3956 5402 decimo

721 5415 923 5470 saeculo
982 5423 1225 5475 exarata,
1250 5412 1339 5463 ubi
1367 5402 1727 5479 fragmentum
1771 5406 1992 5473 Vitonis,
2022 5408 2277 5477 Βίτωνος,
2314 5430 2356 5468 e:

2323 5430 2379 5468 ex
2408 5415 2569 5478 libro,
2591 5416 2681 5469 cui
2717 5415 2931 5483 titulus,
2997 5418 3327 5489 Κατασκευὴ
3359 5423 3672 5493 πολεμικῶν
3700 5414 3958 5499 ὀργάνων

722 5504 816 5557 καὶ
841 5499 1280 5553 καταπελτικῶν.
1316 5494 1371 5551 In
1410 5499 1501 5551 illo
1544 5498 1847 5565 lragmento
1878 5507 2293 5565 reprzeseutatur
2321 5504 2489 5573 ligura
2528 5505 2698 5573 gruis,
2737 5505 3086 5561 instrumenti
3118 5508 3293 5574 bellici
3346 5509 3685 5581 aliquantum
3732 5494 3957 5577 diversa

694 5763 701 5770 _
799 5684 863 5753 (ἰ)
896 5682 1230 5753 Νἰεεριιοῐυε
1263 5683 1553 5756 Grcguras,
1590 5684 1787 5753 ΚΗΛ),
1833 5690 1971 5744 Hm,
