4140 6318
183 434 292 497 διδ

183 544 377 615 ριακῆς
420 541 510 595 τοῦ
543 543 720 596 Λτιυκί
768 539 1097 608 Εῦαγγέλιον
1157 541 1332 606 λέγον¹
1377 559 1394 590 ι
1421 539 1736 607 Ἀνθρωπος

177 653 265 699 τις
293 631 358 705 ἦν
406 634 661 694 πλούσιος
722 634 817 684 καὶ
865 630 1237 684 ἐνεδιδύσκετο
1296 630 1582 700 πορφύραν
1651 628 1745 681 καὶ

181 729 404 797 βύσσον·
446 747 462 777 ι
507 720 615 795 ὲνῇ
653 725 748 778 καὶ
779 725 906 790 περὶ
936 723 1206 775 πλουσίων
1229 739 1286 776 τε
1326 726 1419 773 καὶ
1470 723 1742 788 πενήτων,

174 819 263 882 τίς
293 822 320 871 6
344 817 666 885 σωζόμενος.
686 813 918 868 Humilia
935 815 986 865 in
1015 813 1352 882 Evangelium
1370 811 1529 864 Luca:
1551 812 1749 883 quintae

182 910 490 969 Dominicw,
516 909 602 959 ubi
633 907 830 958 dicitur
875 921 888 956 :
924 902 1128 957 (Ηοηιο
1173 904 1390 972 quidam
1442 910 1557 956 erat
1608 901 1745 954 dives

187 1010 227 1054 ιι
255 1000 569 1053 induebatur
595 1011 829 1064 purpura
846 1004 894 1047 et
921 994 1072 1062 bysso
1101 1009 1118 1046 :
1149 1012 1165 1044 ι
1200 996 1251 1045 in
1282 1010 1386 1062 qna
1420 993 1482 1045 de
1501 992 1747 1044 divitibus

176 1099 227 1145 et
259 1089 596 1158 pauperibus,
624 1087 739 1155 quis
772 1084 946 1137 salvus
981 1084 1098 1151 ﬁat.
1123 1083 1244 1136 luit.
1281 1101 1292 1136 :
1327 1084 1448 1135 Τών
1474 1081 1613 1134 κατὰ
1643 1081 1749 1132 σῶ-

183 1198 263 1250 μα
293 1178 515 1248 χρειῶν.

254 1267 443 1322 XLVI.
478 1264 585 1318 T06
617 1264 781 1316 αὐτοῦ
811 1263 1018 1331 ὁμιλία,
1044 1264 1122 1323 εἰς
1156 1261 1244 1314 τὸν
1273 1262 1330 1312 ὲν
1362 1261 1542 1326 ἁγίοις
1569 1277 1743 1328 μεγα-

176 1361 499 1430 λομάρτυρα
523 1360 616 1410 καὶ
647 1355 1066 1425 θαυματουργὸν
1102 1355 1195 1404 καὶ
1259 1352 1607 1421 μυροϐλύτην
1647 1353 1769 1418 Δη-⁵

182 1461 436 1521 μήτριον.
480 1449 722 1503 llomilia
786 1448 840 1499 in
867 1445 923 1499 S.
973 1439 1222 1514 magnum
1259 1455 1541 1512 martyrem
1585 1443 1751 1494 mira-

177 1546 421 1598 culorum
499 1549 846 1609 patratorem,
927 1546 976 1590 et
1034 1546 1299 1605 unguenta
1395 1534 1750 1604 eﬂ‘undentem

180 1635 509 1689 Demetrium
559 1631 681 1684 Init.
714 1648 728 1685 :
773 1628 1005 1700 Ἐμοὶδὲ
1045 1627 1167 1680 λίαν
1196 1626 1534 1696 ἐτιμήθησαν
1565 1627 1614 1678 οἱ
1669 1625 1750 1692 φίο

176 1730 262 1781 λοι
289 1745 402 1788 σου,
429 1729 454 1777 ὁ
490 1725 645 1786 Θεὸς.

247 1817 462 1870 XLVII.
502 1814 608 1867 T06
651 1814 816 1866 αὐτοῦ
844 1811 1031 1882 ὁμιλία
1072 1812 1150 1873 είς
1177 1812 1237 1862 τὸ
1292 1809 1390 1877 τῆς
1440 1809 1610 1876 ἕκτης
1655 1808 1749 1860 τοῦ

177 1912 369 1965 Λουκᾶ
401 1907 685 1976 Κυριακῆς
718 1905 1054 1971 Εὑαγγέλιον
1088 1903 1147 1955 τὸ
1172 1902 1332 1968 λέγον
1357 1917 1371 1932 ο
1405 1920 1423 1951 ‹
1448 1900 1750 1962 Ἐξελθὸντι

176 2002 258 2070 τῷ
302 1998 478 2068 Ἰησοῦ
513 1999 592 2060 είς
615 1998 714 2066 τὴν
764 1996 868 2063 γῆν
890 1995 1199 2064 ὑπήντησεν
1220 1991 1366 2059 αὐτῷ
1388 1992 1532 2059 ἀνὴρ
1563 1992 1625 2041 ὲκ
1652 1989 1752 2055 τῆς

173 2093 411 2155 πόλεως,
451 2090 510 2151 ὃς
568 2083 682 2156 εἶχε
739 2085 994 2154 δαιμόνια
1067 2085 1128 2135 ὲκ
1189 2083 1396 2152 χρὸνων
1457 2083 1687 2134 ίκανῶν.·
1727 2099 1744 2131 s

180 2181 423 2237 llomilia
479 2180 534 2231 in
604 2176 929 2244 evangelium
996 2173 1153 2226 Lucw
1223 2181 1384 2224 sexta:
1437 2171 1748 2233 Dominica',

175 2277 332 2344 cujus
351 2272 501 2326 verba
519 2279 645 2326 sunt
682 2285 698 2322 :
732 2288 748 2318 ι
779 2265 1080 2334 Egredienti
1109 2263 1237 2318 Iesu
1268 2266 1320 2316 in
1353 2273 1546 2316 terram
1569 2279 1753 2315 occur-

175 2369 248 2420 rit
271 2369 345 2419 rit
402 2365 465 2416 de
504 2363 732 2421 civitate,
766 2360 856 2426 qui
889 2356 1111 2409 habebat
1164 2355 1426 2408 datmonia
1455 2372 1484 2405 a
1508 2355 1755 2421 tempori-

178 2461 276 2510 bus
311 2455 512 2507 multis.
545 2471 563 2504 ι
597 2452 728 2506 ’1ιιίι.
763 2451 820 2501 ’0
839 2449 920 2499 ὢν
950 2448 1012 2500 ἐκ
1040 2445 1131 2500 τοῦ
1157 2445 1292 2498 Θεοῦ
1317 2447 1384 2498 τὰ
1415 2445 1630 2515 ῥήματα
1660 2444 1752 2497 τοῦ

177 2548 318 2603 Θεοῦ
351 2546 558 2598 ἀκούει.

257 2631 490 2686 XLVIII.
521 2628 627 2683 T06
655 2629 821 2683 αὐτοῦ
876 2629 1082 2698 ὁμιλία,
1119 2629 1202 2682 ὅτι
1236 2629 1268 2694 ἡ
1319 2628 1455 2696 πρὶς
1486 2627 1575 2678 τὸν
1621 2627 1754 2678 Θεὸν

183 2722 421 2792 συνεχὴς
470 2721 558 2773 διὰ
620 2717 934 2789 προσευχῆς
989 2719 1082 2771 καλ⁸
1140 2716 1459 2786 ψαλμῳδίας
1521 2715 1756 2778 ἔντευξις

180 2815 318 2882 ἔδρα
343 2815 460 2865 ἐστὶ
486 2813 577 2865 καὶ
605 2810 877 2878 ἀσφάλεια
903 2810 1107 2869 παντὸς
1134 2807 1326 2872 καλοῦ,
1365 2809 1460 2860 καὶ
1517 2809 1753 2877 ἀποτροο

181 2909 264 2973 πη
293 2906 385 2957 καὶ
415 2902 682 2973 λύτρωσις
719 2901 899 2970 πάσης
961 2899 1161 2973 κακίας
1193 2916 1252 2951 τε
1276 2901 1368 2952 καὶ
1416 2899 1752 2968 δυσχερείας.

186 2995 451 3056 Homilia.
511 2992 650 3064 quod
699 2993 941 3060 frequens
995 3006 1109 3043 cum
1156 2989 1264 3042 Deo
1304 2989 1617 3059 colloquium
1665 3005 1756 3057 per

173 3087 477 3140 orationem
508 3093 556 3138 et
589 3082 968 3151 psalmodiam,
997 3081 1065 3133 sit
1090 3080 1483 3146 ﬁrmamentum
1528 3091 1576 3134 et
1611 3092 1754 3134 tuta-

183 3194 302 3232 men
341 3178 509 3230 omnis
542 3177 684 3239 boni,
721 3184 769 3228 et
820 3174 1028 3227 aversio
1061 3182 1217 3242 atque
1244 3175 1483 3227 liberatio
1517 3173 1579 3226 ab
1613 3175 1754 3226 omni

155 3270 327 3323 ωιαίο
359 3278 408 3321 et
430 3268 743 3337 infortunio.
779 3265 906 3320 Init.
943 3283 959 3322 :
1009 3265 1132 3318 Ἐπὶ
1162 3263 1290 3318 νοῦν
1312 3265 1496 3319 ,λαϐὼν
1521 3268 1548 3318 ὁ
1591 3266 1755 3319 Δαίῒιδ

183 3363 284 3416 καὶ
300 3360 785 3429 ἀναλογισάμενος.

265 3454 448 3509 XLIX.
473 3453 580 3507 T06
610 3451 979 3522 αὑτοῦὸμιλία
1009 3453 1087 3516 είς
1135 3453 1233 3523 τὴν
1269 3452 1406 3522 πρὶς
1465 3453 1535 3504 τά
1585 3452 1756 3518 Ἀγια

181 3550 296 3604 τῶν
317 3548 487 3614 ἁγίων
527 3546 754 3608 εῐσοδον,
795 3546 888 3596 καὶ
922 3545 1012 3597 τὸν
1039 3545 1095 3596 ὲν
1137 3545 1322 3606 αὐτοῖς
1375 3543 1585 3613 θεοειδῆ
1641 3543 1757 3613 βίον

181 3639 286 3709 τῆς
319 3637 737 3704 πανυπεράγνου
781 3634 1082 3702 Δεσποίνης
1125 3633 1282 3701 ἡμῶν
1335 3632 1604 3686 Θεοτὸκου
1665 3633 1758 3685 καὶ

186 3731 280 3782 ἀεὶ
306 3727 580 3796 Παρθένου
596 3724 832 3794 Μαρίας.
860 3723 1091 3776 liomilia
1120 3725 1174 3776 in
1197 3723 1490 3792 ingressum
1516 3726 1569 3776 in
1593 3723 1760 3778 Sanc-

186 3830 245 3874 ta
272 3830 603 3883 sanctorum,
627 3827 674 3870 et
698 3817 828 3869 inibi
851 3818 958 3868 vita
980 3818 1156 3868 divina
1185 3818 1496 3871 castissimae
1523 3817 1759 3869 Domina

182 3909 625 3978 nostrmDeipara:
652 3925 714 3960 ac
745 3923 946 3976 semper
974 3906 1194 3977 Virginis
1226 3910 1432 3963 Mariae.
1467 3907 1589 3963 Init.
1623 3922 1638 3962 :
1676 3909 1759 3961 Ἐ-

184 4003 252 4055 πὶ
274 4001 384 4051 τῶν
418 3997 705 4067 μειζόνων.

261 4087 325 4141 L.
352 4087 460 4139 Τοῦ
486 4086 651 4139 αὐτοῦ
683 4085 870 4156 ὁμιλία
888 4085 1436 4154 ἑκφωνηθείσααατὰ
1459 4087 1558 4158 τὴν
1585 4087 1759 4155 αὐτὴν

182 4181 268 4242 si;
291 4181 361 4228 τὰ
414 4176 584 4244 Ἀγια
613 4177 723 4229 τῶν
759 4176 932 4243 ἁγίων
963 4175 1165 4228 εἴσοδον
1203 4177 1394 4246 ἑορτὴν
1440 4178 1759 4247 πανυπερά-

183 4285 316 4337 γνου
346 4267 642 4336 Δεσποίνης
667 4266 823 4336 ἡμῶν
844 4265 1130 4320 Θεοτὸκου,
1164 4266 1406 4319 llomilia
1459 4268 1641 4322 habita
1702 4271 1758 4323 in

180 4364 368 4420 eadem
404 4361 733 4416 solemnitate
777 4348 1036 4430 ingresst
1082 4364 1136 4414 in
1195 4359 1394 4415 Sancta
1455 4375 1758 4417 sanctorum

184 4453 510 4507 castissima
551 4451 791 4507 Dominae
823 4463 1021 4506 nostri:
1046 4451 1308 4520 Deiparae.
1362 4452 1487 4507 Init.
1526 4470 1539 4508 :
1601 4454 1665 4508 Et
1696 4457 1759 4507 ὲκ

181 4546 282 4598 τοῦ
316 4544 531 4614 καρποῦ
563 4546 624 4597 τὸ
647 4543 861 4614 δένδρον
886 4545 1238 4611 γινώσκεται.

260 4635 348 4688 LI.
373 4633 480 4686 Τοῦ
509 4633 674 4686 αὐτοῦ
699 4629 906 4702 ὁμιλία,
941 4635 1023 4686 ὅτι
1057 4637 1194 4704 μετὰ
1243 4634 1343 4705 τὴν
1395 4635 1488 4688 τοῦ
1548 4637 1756 4707 Κυρίου

185 4725 499 4795 παρουσίαν
520 4726 613 4777 κα)⁸
652 4726 761 4787 τοῖς
792 4760 810 4779 .
895 4763 912 4779 .
989 4763 1006 4779 .
1086 4764 1101 4779 .
1147 4726 1350 4796 μείζων
1400 4730 1628 4798 ἀμοιϐὴ,
1663 4732 1757 4780 καὶ

180 4821 297 4881 τοῖς
316 4815 607 4870 ἀπειθοῦσι
634 4815 834 4868 πλείων
857 4818 891 4885 η
919 4816 1162 4881 κόλασις,
1191 4823 1285 4870 καὶ
1310 4819 1440 4887 περὶ
1476 4808 1755 4890 διαφόρων

189 4908 381 4961 παθῶν
409 4907 506 4960 καὶ
531 4907 764 4976 ἀρετῶν.
815 4907 1163 4978 Ἐξεφωνὴθη
1195 4909 1335 4963 κατὰ
1357 4908 1592 4982 δεκάτην
1651 4911 1753 4963 τοῦ

181 5001 370 5054 Λουκᾶ
400 4998 706 5068 Κυριακὴν,
732 4998 855 5068 ῆτις
903 4999 1019 5050 ἐστὶ
1045 4999 1146 5067 τῆς
1202 5000 1313 5052 τῶν
1369 5001 1752 5071 προπατόρων.

189 5091 458 5151 Mamilia,
486 5089 623 5158 quod
645 5097 758 5156 post
792 5087 1000 5141 Domini
1048 5094 1326 5142 adventant
1355 5101 1401 5142 et
1430 5092 1754 5144 credentibus

182 5183 358 5252 major
389 5181 687 5240 retributio,
718 5189 765 5232 et
791 5196 894 5232 non
947 5178 1347 5248 obsequentibus
1396 5183 1574 5250 majus
1629 5200 1756 5252 sup-

181 5273 400 5342 plicium
426 5281 671 5338 paretur;
705 5287 766 5322 ac
812 5273 876 5323 de
921 5271 1141 5324 diversis
1169 5274 1308 5327 vitiis
1349 5276 1752 5343 virtutibusque.

187 5363 387 5416 Habita
408 5371 481 5416 est
512 5363 713 5414 decima
731 5359 887 5413 Lacte
905 5359 1200 5427 Dominica,
1226 5380 1341 5430 qua:
1364 5376 1439 5416 est
1464 5367 1753 5433 primorum

181 5456 433 5511 Patrum.
468 5453 586 5505 luit.
614 5473 626 5508 :
674 5453 969 5522 Ἑκήρυττε
1003 5455 1102 5522 μὲν
1128 5457 1220 5509 καὶ
1249 5457 1274 5507 ὁ
1302 5457 1532 5516 παλαιὸς
1567 5457 1750 5521 νόμος.

251 5545 363 5599 LII.
398 5544 503 5596 T06
537 5543 698 5595 αὑτοῦ
731 5545 940 5611 ὁμιλία,
971 5546 1351 5612 ἐκφωντδθείσα
1383 5550 1446 5615 τῇ
1499 5549 1750 5618 Κυριακῇ

177 5637 286 5689 τῶν
315 5635 698 5704 προπατόρων,
730 5638 786 5688 ὲν
817 5630 964 5706 ᾖκαὶ
986 5638 1119 5704 πρὸς
1150 5637 1273 5699 τοὺς
1321 5639 1492 5705 ῥᾳθύρ
1507 5657 1579 5699 ως
1609 5639 1754 5707 ἕχον-

176 5746 275 5791 τας
309 5728 390 5790 εἰς
424 5725 522 5795 τὴν
546 5727 812 5795 ἀκρόασιν
846 5729 943 5798 τῆς
982 5727 1332 5789 διδασκαλίας
1398 5729 1486 5779 διὰ
1511 5730 1608 5797 τὴν
1659 5729 1751 5780 τοῦ

176 5816 372 5890 καιροῦ
391 5817 708 5887 δυσχέρειαν
725 5817 817 5870 καὶ
841 5815 945 5870 τῶν
973 5817 1295 5889 σωματικῶν
1312 5819 1506 5887 χρειῶν
1524 5820 1747 5871 ἔνδειαν.

995 430 1312 492 OPERUM
1354 428 1838 490 ARGUMENTA
1881 427 1979 485 EX
2021 426 2235 486 CODD.
2263 423 2592 484 COISLIN.

3310 430 3415 492 806

1868 533 2102 586 Humilia
2135 535 2310 585 habita
2347 534 2619 585 lo'ominica
2644 532 2930 598 primorum
2964 529 3204 598 Patrum,
3232 536 3282 587 in
3311 554 3413 606 qna

1857 626 2101 677 adversus
2122 641 2208 676 eos
2231 625 2407 691 agitur
2428 625 2515 692 qui
2542 623 2766 690 segniter
2794 639 2845 674 se
2869 623 3054 674 habent
3080 628 3130 674 in
3155 630 3418 680 audienda

1856 716 2118 779 doctrina,
2153 724 2262 766 tum
2295 717 2355 765 ob
2389 715 2745 781 diﬂicultatcm
2765 716 3012 781 temporis
3037 719 3423 770 scucalamitu—

1857 819 1977 869 tem,
2043 807 2231 858 tumob
2300 807 2572 872 penuriam
2622 805 2972 867 corporalium
3025 811 3418 865 necessitatum.

1859 897 1980 951 luit.
2006 896 2140 950 :T06
2163 895 2480 964 μονογενοῦς
2521 898 2561 946 Υ
2574 896 2651 947 ίοῦ
2710 896 2800 947 τοῦ
2821 896 2976 949 θεοῦ.
3002 896 3123 952 Haec
3142 915 3332 965 magna
3356 917 3422 955 ex

1855 1000 2009 1058 parte
2030 988 2351 1058 mutilafest.

1931 1080 2065 1134 LIII.
2099 1081 2204 1132 Τοῦ
2226 1080 2394 1135 ,αὑτοῦ
2431 1081 2615 1149 ὁμιλία
2640 1081 2767 1150 περὶ
2797 1081 2905 1132 τῶν
2944 1083 3114 1148 ἁγίων
3169 1086 3262 1136 καλ⁹
3300 1102 3424 1154 φρι-

1859 1173 2001 1224 κτῶν
2021 1171 2114 1223 τοῦ
2144 1173 2378 1240 Χριστοῦ
2405 1173 2741 1241 μυστηρίων,
2779 1173 3156 1242 ὲκφωνηθεῖσα
3183 1178 3278 1241 πρὸ
3302 1194 3425 1231 τετ-

1857 1265 2038 1332 τάρων
2073 1263 2296 1332 ὴμεριῖιν
2329 1263 2426 1330 τῆς
2471 1263 2562 1313 τοῦ
2585 1261 2836 1330 ,Χριστοῦ
2865 1265 3202 1332 γεννήσεως.
3236 1265 3425 1320 Homi-

1858 1358 1932 1408 lia
1957 1357 2018 1408 de
2049 1357 2248 1408 sanctis
2273 1354 2610 1408 ethorrendis
2651 1354 2851 1408 Christi
2892 1357 3175 1422 mysteriis.
3240 1358 3425 1413 habita

1853 1452 2086 1517 quatuor
2118 1450 2297 1501 diebus
2323 1459 2444 1500 ante
2476 1448 2674 1500 Christi
2703 1455 2900 1524 ortum.
2949 1448 3070 1502 luit.
3105 1467 3117 1501 :
3167 1449 3226 1501 Ὀ
3267 1450 3426 1518 λόγος

1857 1545 1884 1593 6
1915 1541 2182 1593 συντελῶν
2219 1542 2355 1608 πρὸς
2379 1539 2676 1609 σωτηρίαν.
2715 1538 2802 1592 Bis
2851 1538 3124 1608 descripta
3188 1545 3430 1597 occurrit.

1859 1650 2010 1687 num.
2050 1634 2116 1686 53
2145 1643 2196 1686 et
2227 1632 2314 1685 σι.
2900 1674 2904 1678 .

1929 1722 2059 1776 LIV.
2108 1723 2212 1775 T06
2263 1723 2428 1774 αὐτοῦ
2467 1720 2654 1791 ὁμιλία
2712 1723 2778 1792 τῇ
2847 1721 3101 1791 κυριακῇ
3160 1724 3266 1791 πρὸ
3328 1724 3429 1791 τῆς

1859 1815 2097 1885 Χριστοῦ
2133 1813 2586 1883 γεννήσεωςντῶν
2616 1813 2789 1878 ἁγίων
2854 1813 3112 1882 Πατέρων
3162 1815 3287 1881 περὶ
3330 1815 3430 1882 τῆς

1860 1907 2000 1958 κατὰ
2032 1906 2210 1974 σάρκα
2237 1904 2592 1970 γενεαλογίας
2618 1903 2724 1955 τοῦ.
2745 1903 2946 1972 Κυρίου
2975 1905 3067 1954 καὶ
3106 1904 3239 1956 Θεοῦ
3273 1905 3431 1974 ἡμῶν

1872 1997 2045 2068 Ἰησοῦ
2083 1995 2344 2064 Χριστοῦ,
2382 1997 2474 2047 καὶ
2507 1999 2610 2062 τῆς
2640 1995 2805 2047 αὑτὸν
2853 1996 2908 2045 ὲν
2937 1995 3207 2064 παρθενίᾳ
3238 1997 3430 2048 τεκού-

1862 2105 1960 2154 σης
1995 2088 2082 2139 ἀεὶ
2115 2072 2702 2155 παρθένου’Θεοτόκου.
2755 2085 2990 2138 liomilia
3033 2088 3086 2138 in
3155 2087 3430 2140 Dominica

1876 2190 1996 2232 ante
2029 2178 2229 2233 Christi
2275 2178 2602 2229 nativitatem
2629 2194 2693 2230 ex
2720 2175 2818 2231 SS.
2873 2179 3128 2230 Patribus
3155 2177 3216 2230 de
3243 2194 3433 2245 genea-

1857 2271 1998 2339 logia
2034 2270 2316 2323 secundum
2345 2283 2555 2320 carnem
2585 2267 2820 2330 Domini,
2876 2278 2924 2321 et
2973 2268 3065 2320 Dei
3087 2269 3254 2319 nostri
3301 2271 3431 2321 Jesn

1861 2361 2079 2421 Christi.
2115 2377 2308 2414 necnon
2339 2358 2450 2427 ejus
2480 2359 2568 2426 qui
2603 2361 2773 2426 ipsum
2811 2361 2864 2411 in
2897 2358 3200 2427 virginitate
3233 2362 3431 2428 genuit,

1860 2469 2058 2521 semper
2096 2451 2328 2519 Virginis
2380 2448 2592 2504 Marias.
2651 2449 2773 2502 Init.
2811 2463 2828 2504 :
2871 2449 3324 2516 ’Δγενεαλὸγητον
3351 2444 3432 2501 εί-

1862 2564 1948 2599 ναι
1973 2547 2063 2597 τὸν
2100 2544 2323 2613 Κύριον.

1933 2633 2042 2688 LV.
2073 2632 2180 2687 Τοῦ
2210 2634 2373 2686 αὑτοῦ
2400 2632 2589 2703 ὁμιλία
2623 2632 2703 2694 είς
2733 2631 2831 2701 τὴν
2859 2630 3002 2685 κατὰ
3041 2632 3229 2702 σάρκα
3281 2631 3435 2686 θείαν

1862 2726 1955 2778 καὶ
1981 2725 2244 2792 σωτήριον
2267 2723 2517 2792 γέννησιν
2540 2720 2631 2773 τοῦ
2659 2720 2866 2791 Κυρίου
2890 2721 2983 2772 καὶ
3005 2718 3254 2790 Σωτῆρος
3279 2720 3436 2790 ἡμῶν

1875 2814 2048 2886 Ἰησοῦ
2080 2814 2340 2885 Χριστοῦ.
2383 2813 2621 2866 llomitia
2653 2814 2710 2865 in
2750 2813 2986 2866 divinam
3037 2823 3087 2867 et
3143 2813 3433 2866 salutarem

1860 2907 2146 2960 secundum
2185 2921 2394 2965 carnem
2435 2903 2764 2956 nativitatem
2795 2903 3000 2957 Domini
3039 2915 3088 2956 et
3138 2902 3434 2958 Salvatoris

1863 2999 2030 3048 nostri
2068 2995 2193 3048 Jesu
2225 2994 2446 3048 Christi.
2477 2993 2600 3047 Init.
2631 3009 2645 3045 :
2676 2993 2786 3062 Τῆς
2822 2992 3165 3063 παρθενικῆς
3218 2992 3435 3064 λοχείας

1863 3090 1895 3157 ἡ
1931 3086 2023 3138 νῦν
2053 3088 2264 3154 τελετή.

1936 3178 2068 3234 LVI.
2114 3181 2220 3232 Τοῦ
2249 3177 2415 3230 αὑτοῦ
2439 3176 2626 3246 ὁμιλία
2680 3174 2812 3245 περὶ
2844 3173 2952 3226 τῶν
3006 3174 3149 3226 κατὰ
3172 3175 3232 3226 τὸ
3291 3175 3435 3228 θεῖον

1865 3270 2150 3340 βάπτισμα
2176 3269 2535 3337 τελουμένων,
2570 3268 2666 3320 καὶ
2695 3267 2822 3335 περὶ
2848 3264 3156 3333 μετανοίας,
3187 3265 3278 3317 καὶ
3304 3268 3436 3333 περὶ

1847 3367 1971 3419 -τῶν
1993 3368 2120 3433 περὶ
2150 3365 2320 3434 αὐτῆς
2350 3363 2652 3434 εἰρημένων
2681 3363 2832 3430 παρὰ
2865 3360 2958 3413 τοῦ
2990 3361 3284 3428 βαπτιστοῦ
3325 3361 3436 3414 Ἰω-

1864 3459 2045 3511 άννου,
2077 3454 2428 3523 Ἑξεφωνήθη
2456 3456 2520 3522 τῇ
2549 3452 2843 3522 παραμονῇ
2873 3450 2979 3501 τῶν
3001 3451 3215 3517 φωτῶν.
3249 3449 3436 3503 Homi-

1865 3549 1937 3602 tia
1975 3548 2036 3600 de
2060 3547 2124 3599 iis
2163 3547 2252 3615 qui
2282 3546 2563 3599 secundum
2615 3543 2850 3596 divinum
2903 3541 3167 3609 baptisma
3229 3542 3435 3596 initiati

1864 3647 2008 3698 sunt,
2057 3653 2116 3689 ac
2146 3637 2208 3688 de
2246 3635 2571 3702 paenitentia,
2626 3635 2789 3701 deque
2851 3632 2920 3684 iis
2974 3649 3089 3701 qua:
3125 3649 3156 3686 a
3212 3633 3431 3688 Joanne

1867 3729 2111 3797 Baptista
2143 3729 2281 3780 circa
2314 3727 2462 3777 illam
2495 3726 2639 3777 dicta
2693 3733 2836 3778 sunt.
2880 3721 3081 3776 Habita
3116 3735 3193 3776 est
3263 3726 3317 3777 in
3338 3739 3435 3777 ex-

1867 3822 2162 3889 pectatione
2195 3817 2477 3870 luminum.
2524 3815 2689 3868 Initl:
2744 3815 2806 3867 Ἦ
2855 3815 3112 3884 μετάνοια
3145 3815 3237 3868 καὶ
3289 3816 3434 3888 ἀρχή

1868 3913 1984 3962 ἐστι
2013 3910 2105 3960 καὶ
2131 3911 2369 3976 μεσότης
2387 3908 2482 3958 καὶ
2525 3907 2698 3967 τέρος.

1940 3997 2094 4053 LVII.
2129 3997 2234 4050 Τοῦ
2266 3997 2429 4051 αὑτοῦ
2461 3995 2648 4065 ὁμιλία
2684 3995 2912 4065 ρηθεῐσα
2960 3999 3027 4064 τῇ
3060 3995 3192 4068 ἁγίᾳ
3222 3999 3315 4051 καὶ
3345 4014 3437 4054 σε-

1869 4091 2076 4160 ϐασμίᾳ
2111 4091 2270 4159 ἑορτῇ
2301 4087 2409 4140 τῶν
2445 4086 2663 4153 Φὼτων,
2691 4089 2748 4139 ὲν
2855 4088 2998 4138 κατὰ
3032 4089 3092 4138 τὸ
3149 4090 3438 4157 ἐγχωροῦν

1868 4184 2130 4251 ἑκιρανσις
2166 4179 2260 4232 τοῦ
2306 4178 2610 4249 μυστηρίου
2636 4177 2732 4230 τοῦ
2758 4175 2998 4248 Χριστοῦ
3034 4176 3434 4246 βαπτίσματος.

1871 4273 2107 4327 Mamilia
2130 4272 2310 4324 habita
2329 4271 2382 4323 in
2404 4277 2588 4323 sancto
2604 4280 2651 4323 et
2675 4268 2962 4322 venerando
2981 4268 3115 4336 festo
3135 4267 3436 4335 Luminum,

1867 4366 1955 4417 ubi
1971 4379 2063 4433 pro
2081 4362 2335 4431 facultate
2349 4362 2604 4431 expositio
2618 4362 2852 4430 mysterii
2869 4360 3200 4428 baptismatis
3217 4360 3434 4414 Christi.

1868 4456 1990 4508 Init.
2028 4471 2041 4508 :
2083 4452 2224 4514 Χθὲς
2252 4452 2732 4522 συνεκκλησιάζων
2761 4451 2854 4503 καὶ
2879 4451 3254 4518 συνεορτάξων
3285 4452 3434 4519 ὑμῖν.

1937 4543 2119 4600 LVIII.
2145 4542 2256 4596 Τοῦ
2281 4542 2446 4596 αὑτοῦ
2477 4541 2667 4610 ὁμιλία
2697 4543 2765 4610 τῇ
2803 4537 2868 4608 ιβ’
2905 4540 3158 4609 κυριακῇ
3177 4539 3270 4592 τοῦ
3297 4542 3439 4592 Λου-

1865 4639 1961 4700 κᾶ,
1991 4635 2246 4688 ὑπόθεσιν
2275 4632 2475 4704 ἔχουσα
2509 4633 2617 4683 τῶν
2648 4631 2782 4682 δέκα
2842 4629 3064 4698 λεπρῶν
3127 4630 3438 4700 παράδοξον

1868 4728 2034 4780 ῐασινο
2071 4729 2130 4778 ὲν
2176 4721 2209 4793 ᾖ
2242 4727 2371 4793 περὶ
2398 4726 2496 4792 τῆς
2526 4727 2663 4793 πρὸς
2687 4721 2818 4774 Θεὸν
2871 4721 2964 4773 καὶ
3026 4721 3163 4791 πρὶς
3212 4722 3440 4786 ἑαυτούς

1862 4836 1922 4871 τε
1985 4819 2079 4872 καὶ
2131 4818 2395 4887 ἀλλήλους
2439 4819 2684 4885 εἰρήνης.
2749 4813 2984 4866 Ilomilia
3031 4814 3086 4866 in
3127 4815 3438 4878 duodecima

1865 4911 2145 4964 Dominica
2174 4909 2348 4974 Lucae,
2377 4908 2525 4977 cujus
2556 4910 2924 4977 argumentum
2951 4913 3027 4959 est
3059 4905 3236 4958 decem
3261 4906 3436 4974 lepro-

1863 5018 2042 5056 sorum
2068 4999 2327 5054 mirabilis
2369 5000 2615 5062 curatio;
2645 4997 2734 5050 ubi
2772 5000 2834 5050 de
2865 5012 2991 5064 pace
3017 5011 3135 5048 cum
3169 4995 3278 5049 Deo
3304 5003 3438 5049 inter

1865 5110 1958 5146 nos
1992 5101 2172 5145 mutuo
2209 5090 2470 5142 habenda.
2506 5089 2631 5143 Init.
2668 5104 2683 5144 :
2734 5087 2817 5140 Τὰ
2840 5086 2934 5139 τοῦ
2983 5085 3218 5139 παλαιοῦ
3271 5088 3435 5154 νόμου

1863 5184 2038 5237 πάντα
2070 5199 2132 5234 συ
2141 5181 2394 5251 μϐολικά.

1933 5273 2071 5328 LIX.
2107 5273 2213 5326 T06
2258 5274 2421 5326 αὐτου
2451 5271 2637 5341 ὁμιλία
2671 5273 2739 5340 τῇ
2776 5275 2836 5322 ιε’
2889 5271 3141 5340 Κυριακῇ
3170 5269 3262 5321 τοῦ
3302 5269 3436 5320 Λου-

1861 5369 1953 5429 κᾶ,
1985 5365 2243 5417 ὑπόθεσιν
2272 5364 2470 5434 ἔχουσα
2505 5366 2630 5432 (τὴν
2653 5363 2746 5414 τοῦ
2769 5361 3136 5431 άρχιτελώνου
3166 5359 3433 5428 Ζακχσίου

1861 5455 2144 5525 διόρθωσιν
2193 5454 2288 5506 καὶ
2320 5453 2618 5522 σωτηρίαν,
2651 5471 2668 5502 ι
2708 5454 2766 5503 ὲν
2860 5453 2952 5503 καὶ
2981 5450 3120 5502 κατά
3163 5449 3430 5516 φιλαργυ-

1863 5547 2005 5616 ρίας.
2041 5544 2276 5597 Mamilia
2321 5545 2372 5596 in
2438 5544 2642 5596 decima
2700 5543 2884 5612 quinta
2937 5540 3211 5592 Dominica
3254 5539 3431 5602 Lucx,

1861 5646 2224 5702 argumentum
2284 5635 2521 5688 habens:
2572 5653 2590 5686 ι
2648 5632 2890 5686 lace/mei
2956 5631 3204 5698 principis
3255 5630 3435 5682 telanii

1859 5728 2159 5792 inminentia
2207 5738 2253 5778 et
2291 5726 2455 5778 salus.
2505 5743 2519 5775 ι
2571 5724 2632 5777 In
2669 5743 2769 5792 qna
2815 5726 2973 5776 e:iam
3033 5734 3215 5773 euntra
3259 5723 3433 5774 avari-

1865 5821 2010 5869 tiam.
2048 5819 2169 5871 Inu.
2210 5834 2221 5868 :
2263 5819 2459 5887 Ιιρὼην
2497 5817 2593 5886 μὲν
2612 5815 2701 5868 τοῦ
2738 5813 3123 5882 εὐαγγελιστοῦ
3149 5814 3355 5867 Λιυκᾶ.
