4140 6318
208 417 325 481 813

208 530 310 584 καὶ
363 528 433 591 ὡς
486 529 510 580 6
575 528 818 593 ςυνίτγιιιν
985 527 1172 577 τούτο)
1231 525 1648 576 συνθετςνεῖκειι

212 619 366 679 Θεὸν,
408 620 663 686 rigui-3026;
716 619 830 670 ἐστι
877 617 950 687 τῷ
997 616 1264 686 Εὖνομίῳ.
1331 617 1410 670 l9.
1470 613 1790 667 Testinzonfn

1736 522 1745 532 ι

1703 537 1788 571 τη.)

213 725 540 775 sanctorum,
571 713 708 782 quod
734 714 911 766 diuina
958 712 1217 778 Operatio,
1242 709 1391 778 cujus
1419 720 1465 760 et
1500 709 1667 760 deitas
1701 724 1792 773 ap-

211 806 427 871 pellatio
454 816 550 867 est,
577 814 622 856 et
653 822 682 855 a
720 805 896 856 divina
926 804 1150 857 essentia
1187 801 1402 868 differat
1425 809 1472 852 et
1497 799 1793 869 hypostasis

211 914 319 949 non
343 898 408 948 sit
436 905 484 947 et
516 897 749 948 increata
784 898 850 948 sit
875 913 887 959 ;
913 907 958 948 et
992 895 1130 963 quod
1161 896 1250 963 qui
1285 893 1405 945 inde
1431 892 1628 959 colligit
1650 908 1793 942 com-

212 988 442 1051 positum
465 1001 574 1036 esse
604 985 786 1042 Deum,
809 1000 924 1034 cum
946 982 1207 1035 Eunomia
1235 982 1481 1033 doctrina
1500 980 1792 1033 conveniat.

290 1082 361 1130 κ’.
398 1077 517 1127 Ὀτι
549 1079 640 1130 καὶ
669 1078 782 1138 τοῖς
819 1075 1082 1144 Ἕλλησιν
1108 1075 1358 1143 όμέδοξός
1384 1076 1531 1125 ἐστιν
1554 1074 1580 1123 6
1621 1070 1797 1123 Ἀκίν-

208 1170 390 1234 δυνος,
435 1171 526 1222 καὶ
583 1168 731 1236 αὐτῷ
789 1166 869 1236 τῷ
924 1166 1270 1236 Ἐπικούριρ’
1331 1163 1424 1217 καὶ
1468 1163 1544 1226 ὡς
1575 1161 1633 1226 ἐξ
1663 1155 1735 1214 ὧν
1768 1161 1796 1213 6

213 1263 481 1329 Ηαλαμᾶς
534 1261 657 1330 ἔφη,
713 1255 793 1324 εἷς
851 1259 1210 1327 ἀναφαίνεται
1259 1256 1390 1317 Θεὸς
1442 1253 1646 1316 ἁπλοῦς
1703 1254 1796 1305 καὶ

210 1354 506 1417 ἁσύνθετος
549 1356 604 1404 ἐν
661 1355 761 1424 μιᾷ
811 1351 1046 1421 θεότητι.
1091 1352 1183 1404 20.
1225 1350 1378 1414 Quod
1426 1365 1542 1400 cum
1590 1346 1795 1401 Crwcis

174 1447 508 1500 -consentiat
570 1445 895 1515 Acindynus,
932 1445 1036 1495 imo
1104 1460 1218 1495 cum
1261 1442 1374 1510 ipso
1435 1440 1693 1512 Epicuro;
1747 1448 1795 1492 et

209 1542 352 1610 quod
381 1554 445 1592 ea:
479 1539 542 1592 iis
561 1554 680 1608 qua:
708 1535 958 1589 Palamas
991 1536 1148 1598 dixit,
1171 1551 1300 1588 unus
1333 1533 1629 1586 declaretur
1657 1531 1795 1584 Deus

209 1631 593 1698 incompositus
629 1629 684 1680 in
716 1645 820 1680 una
849 1629 1065 1679 deitate.

287 1718 392 1772 κα’.
434 1719 555 1770 Ἔτι
583 1718 947 1788 παράστασις,
979 1719 1062 1769 ὅτι
1093 1719 1127 1786 ἡ
1177 1717 1432 1775 ἄκτιστος
1469 1715 1698 1783 δύναμις
1728 1705 1796 1782 ἦς

212 1812 311 1866 καὶ
341 1812 373 1880 ἡ
403 1811 590 1879 θεότης
620 1809 961 1881 προσηγορία
982 1808 1311 1877 καθέστηκε,
1334 1805 1455 1858 οὔτε
1474 1805 1630 1858 οὐσία
1648 1805 1797 1856 ἐστὶν

212 1902 331 1954 οὗθ’
355 1903 678 1963 ὑπόστασις,
701 1902 794 1953 καὶ
837 1903 972 1971 πρὸς
1003 1903 1065 1954 τὸ
1099 1900 1228 1970 μίαν
1261 1894 1401 1951 εἶναι
1439 1899 1669 1968 θεότητα
1698 1898 1798 1950 οὐκ

210 1993 518 2062 ἐμποδίζει.
565 1993 658 2047 21.
705 1991 1104 2046 Demonstratio
1159 1992 1309 2057 alia,
1362 1994 1501 2062 quod
1558 1993 1798 2043 increata

209 2087 405 2148 virtus,
435 2086 586 2153 cujus
618 2086 787 2139 deitas
823 2097 898 2140 est
926 2085 1236 2154 appellatio,
1274 2101 1438 2153 neque
1483 2084 1704 2137 essentia
1732 2083 1801 2134 sit

212 2195 381 2237 neque
432 2179 760 2248 hypostasis,
794 2189 843 2231 et
908 2177 1039 2231 nihil
1075 2179 1331 2247 impediat
1383 2180 1660 2230 auominus
1694 2191 1801 2228 una

208 2271 285 2325 sit
322 2272 514 2324 deitas.

294 2364 441 2433 Πρὸς
489 2365 556 2418 τὸ.
606 2362 684 2433 τῷ
727 2363 1025 2432 Ἀκινδύνῳ
1055 2365 1197 2416 κατά
1234 2362 1333 2431 τῆς
1357 2360 1452 2414 τοῦ
1483 2360 1618 2414 Θεοῦ
1649 2362 1799 2424 θείας

211 2453 438 2523 χάριτος
477 2455 578 2507 καὶ·
614 2451 724 2505 τῶν
771 2453 862 2504 ὑπ’
918 2451 1090 2520 αὐτῆς
1137 2448 1600 2520 κεχαριτωμένων
1641 2450 1799 2512 θείως

215 2545 710 2614 συγγεγραμμένα,
728 2543 884 2610 λόγος
909 2542 1298 2614 ἀντιρρητικδς
1317 2543 1518 2613 τρίτος.
1540 2542 1800 2595 Adversus

211 2652 278 2689 ea
346 2651 460 2704 qua:
510 2633 816 2704 Acindynus
877 2643 1062 2686 contra
1117 2631 1353 2684 divinum
1414 2631 1508 2684 Dei
1570 2633 1800 2702 gratiam

209 2727 430 2794 ejusque
464 2741 682 2779 munera
709 2725 871 2788 dixit,
900 2724 1030 2777 liber
1067 2725 1437 2777 antirrheticus
1471 2724 1680 2777 tertius.

292 2817 374 2870 Τὰ
395 2818 705 2886 κατάμερος
737 2816 830 2868 τοῦ
861 2817 1045 2882 τρίτου
1088 2815 1250 2883 λόγου
1297 2816 1595 2886 κεφαλαια.
1639 2814 1808 2870 Tertii

211 2911 342 2967 libri
380 2912 556 2979 capita
590 2910 920 2962 minutatim.

293 3000 367 3055 α’.
398 3001 521 3054 Ὀτι
583 3001 682 3052 οὐκ
731 2998 1033 3060 ἀπεικότως
1065 2995 1310 3067 παρῆλθε
1349 2995 1438 3048 τὸν
1482 2996 1748 3067 Βαρλιάμ
1777 2997 1804 3047 6

228 3093 542 3156 Ἀκίνδυνος
576 3092 654 3162 τῷ
703 3089 1054 3159 ἀνακολούθῳ
1085 3089 1193 3141 τῶν
1229 3089 1424 3157 λόγων,
1459 3089 1550 3142 καὶ
1588 3091 1650 3158 τῇ
1687 3103 1804 3140 ποι-

217 3187 350 3256 κίλῃ
371 3187 490 3238 κατ’
526 3185 721 3246 αὐτοὺς
770 3184 956 3253 ἀπάτῃ
1013 3186 1106 3236 καὶ
1158 3183 1522 3250 συκοφαντία.
1563 3181 1615 3232 1.
1650 3179 1802 3244 Quod

215 3277 526 3346 Acindynus
559 3292 661 3329 non
694 3275 875 3328 leviter
907 3283 1182 3342 prartereat
1235 3272 1607 3333 Burlaamum,
1654 3273 1707 3324 in
1743 3287 1802 3324 eo

217 3369 363 3438 quod
403 3385 505 3422 non
533 3380 909 3436 consequenter
945 3368 1215 3436 loquatur,
1235 3378 1281 3419 et
1316 3367 1368 3419 in
1403 3369 1546 3418 vario
1569 3365 1804 3433 fallacia:

214 3469 268 3513 et
305 3460 668 3529 sycophantia:
703 3475 910 3529 genere.

299 3553 370 3622 β’.
408 3553 525 3603 Ὀτι
565 3552 659 3603 καὶ
691 3553 717 3602 6
751 3549 1018 3620 Βαρλαὰμ
1067 3551 1130 3602 ἐκ
1168 3546 1262 3602 τοῦ
1298 3549 1408 3610 τοῖς
1435 3547 1541 3601 τῶν
1573 3547 1805 3601 ἀποστό-

221 3647 336 3699 λων
358 3642 657 3711 ὀφθαλμοῖς
691 3642 949 3712 ὀφθῆναι,
978 3641 1198 3694 κτιστὸν
1233 3640 1505 3711 ἐπιχείρει
1529 3638 1802 3694 δεικνύναι

134 3737 138 3739 ’
221 3738 286 3790 τὸ
340 3735 614 3789 θειότατον
665 3734 780 3803 φῶς
849 3736 944 3787 καὶ
993 3735 1146 3796 ὅπως
1179 3733 1503 3804 ἐξηλέγχθη.
1534 3733 1588 3786 2.
1652 3733 1803 3797 Quod

220 3828 385 3882 etiam
417 3827 690 3889 Barlaam,
718 3841 783 3880 ex
811 3843 869 3881 eo
889 3827 1026 3895 quod
1057 3827 1315 3893 apostolis
1341 3828 1508 3879 visum
1537 3828 1628 3890 sit,
1654 3842 1806 3878 crea-

224 3930 338 3974 tum
389 3921 749 3974 demonstrare
792 3931 1012 3977 conetur
1061 3920 1453 3973 diriuissimum
1501 3925 1712 3984 lumen,
1755 3929 1804 3972 et

219 4012 484 4082 quomodo
521 4011 825 4080 confutatus
853 4011 1033 4079 fuerit.
1158 4006 1160 4008 ⁷

293 4111 367 4173 γ’.
407 4105 724 4175 Μαρτυρίαι
782 4104 888 4156 τῶν
937 4104 1110 4171 ἀγίων
1154 4103 1456 4168 δεικνῦσαι,
1486 4105 1560 4166 ὡς
1605 4107 1654 4156 οἱ
1705 4107 1801 4174 τῆι,

231 4195 388 4258 θείας
423 4198 646 4265 χάριτος
674 4197 730 4248 έν
756 4195 972 4264 μεθέξει
1003 4197 1287 4263 γεγονότες
1315 4176 1539 4268 ἄναρχοι
1573 4199 1661 4250 καὶ
1686 4199 1807 4250 ἀτε-

221 4288 481 4358 λεύτητοι
517 4288 638 4342 κατ’
667 4287 837 4357 αὐτὴν
871 4284 1010 4341 εἶναι
1057 4288 1329 4356 λέγονται.
1384 4290 1436 4342 5.
1478 4289 1804 4344 Testimonia

221 4391 530 4435 sanctorum
555 4380 739 4450 quibus
757 4380 1155 4432 demonstratur
1181 4397 1288 4444 eos,
1310 4381 1397 4450 qui
1413 4380 1604 4436 divina:
1620 4385 1806 4451 gratia,

222 4475 513 4544 participes
566 4474 735 4542 fuere,
790 4472 1079 4526 secundum
1126 4474 1294 4541 ipsam
1325 4475 1437 4528 sine
1465 4477 1728 4543 principio
1755 4485 1804 4528 et

221 4567 342 4620 sine
381 4567 482 4630 fine
507 4564 635 4618 dici.

307 4659 374 4712 δ’.
414 4655 632 4726 Ῥήσεις
668 4656 762 4709 τοῦ
799 4655 1108 4709 Ἀκινδύνου
1130 4655 1502 4725 ἀντικείμεναι
1536 4659 1656 4720 ταῖς
1695 4657 1804 4710 τῶν

224 4750 403 4815 ἁγίων
461 4749 655 4818 ρήσεσι
708 4748 936 4809 ταύταις
1029 4749 1124 4800 καὶ
1185 4748 1435 4802 διαϐολαὶ
1493 4749 1629 4818 πρὸς
1677 4751 1804 4814 τοὺς

225 4839 446 4906 ἁγίους,
482 4839 558 4902 ὡς
612 4841 692 4902 εἰς
721 4840 814 4892 τὸν
856 4839 1124 4907 Παλαμᾶν
1200 4834 1260 4894 οὗ
1307 4840 1471 4894 πάλιν
1529 4841 1802 4900 ἀντίθεσις

223 4933 342 4984 τῶν
391 4932 567 4998 ἁγίων
627 4931 1227 5002 ύπεραπολογουμένη,
1294 4931 1386 4984 καὶ
1455 4933 1516 4983 τὸ
1583 4933 1806 4996 εὐσεϐὲς

230 5024 572 5092 παριστᾶσα.
607 5023 662 5077 6.
713 5022 869 5076 Dicta
913 5024 1175 5092 Acindyni
1207 5024 1450 5091 opposita
1479 5023 1636 5076 dictis
1685 5041 1812 5077 san-

227 5125 478 5177 ctorum;
522 5123 572 5167 et
625 5113 906 5167 calumnia:
964 5115 1201 5182 ejusdem
1265 5117 1515 5168 adversus
1574 5127 1808 5177 sanctos,

227 5209 360 5260 dum
394 5205 676 5258 Pulamam
713 5205 816 5258 vult
849 5206 1128 5273 impetere;
1160 5221 1472 5274 rursumque
1509 5205 1809 5271 antithesis,

227 5313 340 5363 qua
366 5311 430 5349 ea:
453 5297 654 5350 sanctis
689 5295 934 5350 Patribus
965 5296 1220 5350 Palamas
1249 5296 1572 5366 defenditur,
1593 5297 1810 5366 ejusque

227 5393 495 5446 sententia
519 5392 608 5458 pia
640 5408 750 5444 esse
783 5393 1174 5460 comprobatur.

308 5489 369 5535 ε’.
406 5481 530 5535 ’Ότι
582 5484 680 5553 τὴν
735 5487 1137 5554 προγεγονυῖαν
1173 5485 1331 5548 ἀξίαν
1379 5486 1455 5554 τῷ
1497 5489 1628 5555 παρ’
1655 5487 1811 5555 ἡμῶν

230 5572 558 5642 Δεσποτικῷ
619 5573 1051 5644 προσλὴμματι,
1115 5577 1212 5628 καὶ
1287 5577 1415 5646 παρ’
1493 5578 1659 5630 αὑτοῦ
1716 5577 1813 5630 τοῦ

234 5660 445 5727 Κυρίου
473 5661 792 5730 εἰρημένην,
837 5665 928 5714 καὶ
961 5662 1114 5733 παρὰ
1145 5664 1355 5716 Παύλου
1387 5671 1814 5736 κεκηρυγμένην

234 5754 332 5807 καὶ
351 5751 460 5804 τῶν
497 5756 612 5820 μετ’
647 5755 808 5806 αὑτὸν
831 5753 1310 5824 θεοειδῶνξάθετῶν
1355 5759 1412 5820 ἐξ
1451 5751 1546 5822 ὧν,
1577 5761 1762 5831 φησὶν,
1789 5762 1818 5814 6

245 5844 558 5906 ’Λκῐνδυνος
640 5844 798 5909 ἄθεος
865 5845 1220 5917 ἀναφαίνεται
1299 5850 1478 5904 πάλιν.
1549 5852 1599 5905 5.
1661 5853 1814 5918 Quod

1041 413 1358 474 UPP‘.LU;‘~!
1397 411 1873 493 .Xilblul‘iiENl'A
1921 410 2024 468 EX
2061 409 2278 469 CUDD.
2331 406 2652 468 COISLIN.

3372 401 3478 464 8ἰὲ

1899 519 2208 587 dignitatern
2285 520 2546 571 Dominici
2613 518 2892 584 assumpti,
2932 533 2962 568 tt
3021 517 3167 568 nobis
3237 517 3478 583 fac1i.ulr

1896 612 2007 679 ipso
2047 611 2267 665 Domino
2310 614 2528 678 prolati,
2579 632 2606 663 ιι
2646 610 2812 663 I’uulo
2851 612 3164 680 pt'a'dicali,
3202 629 3395 664 necnon
3451 629 3480 663 ιε

1895 704 2089 757 divinis
2150 705 2277 756 uiris
2336 705 2424 770 qui
2479 715 2596 770 post
2638 705 2808 772 ipsum
2867 704 3036 772 fuere,
3083 707 3382 772 despiciens
3432 717 3480 755 ιι

1894 796 2049 848 dictis
2104 797 2206 850 suis
2262 797 2577 864 vilipendens
2616 798 2952 867 Acindynus,
3019 797 3204 851 atheus
3270 814 3483 851 rursum

1896 886 2339 954 deprehendatur.

1968 973 2042 1040 ς’.
2082 977 2382 1044 Ἐκφανσις
2414 981 2470 1030 ὲν
2503 981 2746 1049 ἐπιτόμῳ
2782 981 2874 1032 τοῦ
2909 980 3210 1049 μυστηρίου
3255 980 3394 1033 κατὰ
3425 981 3484 1030 τθι

1898 1069 2200 1138 ἐγχωροῦν,
2227 1071 2343 1133 πῶς
2373 1065 2452 1134 εἷς
2495 1073 2594 1140 μὲν
2624 1074 2881 1142 Χριστὸς,
2919 1071 3104 1124 πολλοὶ
3125 1075 3181 1126 δὲ
3214 1091 3486 1142 χριστοει-

1897 1160 2035 1224 δεῖς⁹
2064 1162 2157 1216 καὶ
2187 1163 2305 1226 πῶς
2328 1157 2472 1218 οὗτοι
2505 1164 2598 1217 νῦν
2635 1166 2734 1234 μὲν
2767 1167 2929 1236 καινὴ
2960 1167 3135 1230 κτίσις
3166 1165 3483 1231 καλούντω,

1899 1251 1991 1304 νῦν
2037 1251 2094 1306 δὲ
2139 1255 2366 1324 ἄναρχοι
2396 1257 2490 1308 καὶ
2523 1256 2716 1309 ἀΐδιοι·
2751 1257 2844 1309 καὶ
2870 1257 2955 1310 ὃτι
2987 1256 3310 1324 γέν-θώμεθα
3340 1259 3483 1309 κατά

1896 1342 1997 1411 τὴν
2031 1345 2188 1415 χάριν
2219 1346 2446 1416 ταύτην,
2483 1347 2599 1399 ἀλλ’
2634 1347 2694 1401 ού
2733 1348 3053 1417 κτιζόμεθα.
3085 1349 3136 1403 6.
3177 1349 3481 1403 Declaratur

1898 1437 2269 1503 compendiosa
2323 1441 2562 1507 mysterii
2611 1457 2705 1509 pro
2737 1442 3012 1509 facultate,
3042 1445 3303 1505 quomodo
3344 1459 3491 1494 unus.

1898 1528 1967 1580 sit
1999 1527 2264 1596 Christus,
2297 1533 2448 1584 multi
2472 1545 2646 1586 autem
2678 1532 3112 1602 Christiformes;
3145 1546 3192 1587 et
3223 1539 3484 1604 quomoda

1900 1618 1992 1672 isti
2043 1622 2195 1675 modo
2231 1639 2362 1677 nova
2407 1635 2658 1677 creatura
2705 1635 2977 1692 vocentur,
3009 1629 3164 1680 modo
3193 1629 3303 1680 sine
3333 1630 3488 1695 prin-

1899 1711 2036 1778 cipio
2085 1723 2137 1767 et
2186 1718 2403 1780 aterni,‘
2464 1727 2512 1769 et
2561 1718 2701 1785 quod
2742 1721 3028 1771 secundum
3079 1721 3218 1773 hanc
3256 1721 3489 1789 gratiam

1900 1822 2231 1875 generentur,
2255 1826 2360 1862 non
2395 1826 2514 1864 1⁸8Υο
2542 1827 2800 1864 creemur.

1975 1893 2041 1957 ζ’.
2076 1895 2201 1954 ⁴ξΟτι
2226 1897 2300 1958 ὡς
2318 1897 2607 1968 ἄνθρωπος
2635 1901 2662 1950 6
2695 1899 2934 1968 Χριστὸς
2962 1902 3248 1970 εἰληφέναι
3271 1902 3488 1970 λέγεται

1901 1986 1998 2056 τὴν
2016 1985 2274 2041 ἄκτιστον
2295 1989 2454 2058 χάριν
2477 1988 2574 2042 τ.υῦ
2587 1990 2924 2060 Πνεύματος,
2945 1993 3035 2046 καὶ
3060 1994 3140 2046 ὅτι
3165 1994 3372 2065 ταύτης
3393 1997 3490 2062 τῆς

1901 2079 2164 2132 ἁκτίστου
2190 2079 2562 2149 χάριτος,ικαὶ
2595 2083 2710 2144 τοῖς
2740 2084 2970 2146 οἰκείοις
2997 2086 3276 2154 μετέδωκε
3303 2105 3362 2139 τε
3394 2091 3493 2142 καὶ

1905 2173 2251 2242 μεταδίδωσι.
2329 2173 2376 2230 7.
2444 2173 2599 2239 Quod
2659 2173 2904 2228 Christus
2964 2185 3023 2229 ut
3072 2177 3224 2230 homo
3278 2180 3494 2232 dicatur

1903 2264 2195 2318 inereatam
2232 2264 2734 2335 Spiritus'grat'i-am
2767 2270 3057 2336 accepisse,
3084 2281 3130 2321 et
3151 2271 3290 2340 quod
3321 2274 3493 2325 incre-

1903 2363 2052 2409 atam
2094 2357 2245 2410 illam
2307 2359 2533 2428 gratiam
2569 2360 2682 2414 suis
2729 2363 3199 2417 comnmnieaverit
3253 2375 3303 2419 et
3348 2383 3496 2419 com-

1904 2449 2152 2501 municet.

1975 2545 2046 2610 η’.
2079 2539 2202 2592 Ὅτι
2231 2539 2330 2612 τὴν
2363 2541 2511 2610 παρὰ
2562 2543 2698 2598 Θεοῦ
2735 2545 3024 2615 διδομένην
3062 2548 3155 2600 καὶ
3190 2553 3343 2622 παρά
3376 2555 3488 2607 τῶν

1903 2634 2076 2702 ἁγίων
2098 2634 2523 2707 λαμϐανομένην
2572 2637 2825 2693 θεοποιὺν
2853 2643 3013 2711 χάριν
3033 2644 3125 2697 τοῦ
3154 2645 3497 2715 [Ινεύματος.

1904 2726 1999 2779 νῦν
2033 2728 2133 2796 μὲν
2182 2728 2387 2798 κτίσμα
2425 2732 2593 2799 φησὶν
2627 2732 2655 2783 6
2699 2732 3044 2794 Ἀκίνδυνος.
3081 2737 3179 2789 νῦν
3235 2738 3280 2789 δ’
3329 2741 3497 2792 αὐτὸν

1903 2813 2045 2872 εἶναι
2077 2816 2165 2868 τὸν
2200 2817 2352 2881 Θεὸν,
2383 2820 2556 2888 αὐτὴν
2591 2822 2759 2874 αὐτοῦ
2803 2825 2904 2891 τὴν
2952 2827 3142 2880 οὐσίαν
3164 2833 3179 2856 ‘
3222 2830 3278 2881 ἐν
3315 2825 3358 2896 ᾧ
3403 2835 3499 2884 καὶ

1892 2907 2122 2971 ιπολλοῖς
2155 2908 2378 2970 ἀτόποις
2427 2911 2784 2982 περιπίπτων
2841 2915 3218 2986 ὲλέγχεται....
3251 2922 3304 2976 8.
3342 2925 3498 2988 Quod

1907 2996 2141 3062 Spiritus
2194 3003 2427 3070 gratiam
2485 3003 2637 3056 illam
2690 3005 2897 3060 divinos
2958 3009 3256 3076 facientem,
3300 3032 3332 3066 a
3392 3015 3498 3069 Deo

1906 3087 2110 3152 datam,
2149 3099 2195 3141 et
2236 3107 2265 3141 a
2295 3093 2493 3144 sanctis
2529 3103 2822 3160 acceptam,
2857 3099 3014 3152 modo
3049 3112 3351 3155 creaturam
3384 3122 3499 3159 esse

1907 3180 2050 3234 dicat
2081 3183 2408 3253 Acintlgnus,
2443 3190 2598 3239 modo
2628 3191 2800 3254 ipsum
2849 3207 2961 3244 esse
2998 3191 3190 3258 Deum,
3225 3199 3498 3267 ipsamque

1912 3273 2006 3326 Dei
2055 3277 2360 3338 essentiam,
2395 3279 2534 3332 unde
2572 3280 2625 3332 in
2659 3282 2854 3335 multas
2907 3285 3266 3341 absurditales
3309 3293 3498 3346 cadere

1910 3367 2269 3434 arguitur.....

1983 3457 2049 3510 θ’.
2105 3461 2366 3530 Ποσαχῶς
2418 3462 2512 3514 ἐπὶ
2546 3463 2640 3515 τοῦ
2671 3466 2810 3518 Θεοῦ
2855 3468 3093 3538 τοῦνομα
3123 3478 3222 3542 τῆς
3250 3477 3493 3546 χάριτος,

1910 3553 2002 3604 καὶ
2030 3551 2105 3615 ὼς
2145 3555 2178 3622 ὴ
2227 3553 2347 3607 θεία
2393 3556 2716 3629 λαμπρότης
2745 3561 2803 3614 ἓν
2831 3563 2936 3615 τῶν
2964 3565 3056 3618 ὑπ’
3089 3567 3256 3638 αὐτῆς
3295 3588 3498 3641 σημαι-

1911 3647 2173 3714 νομένων,
2201 3649 2296 3701 καὶ
2329 3649 2405 3711 ὼς
2432 3649 2573 3720 αὕτη
2604 3653 2703 3722 τῆς
2741 3654 2891 3718 Θείας
2924 3657 3141 3726 φύσεως
3165 3662 3494 3735 διενήνοχεν.

1911 3737 1964 3792 9.
1999 3738 2386 3808 Quotupliciter
2415 3761 2601 3806 nomen
2633 3748 2822 3815 gratia:
2852 3751 2993 3816 apud
3031 3751 3192 3806 Deum
3227 3757 3498 3828 intelliga-

1911 3839 2015 3894 tur,
2047 3844 2092 3885 et
2133 3834 2273 3901 quod
2326 3835 2538 3888 divinus
2590 3838 2840 3904 splendor
2886 3843 2957 3893 sit
3002 3859 3162 3919 unum
3197 3863 3261 3899 ea:
3291 3850 3501 3919 siqui/i-

1909 3926 2042 3977 catis
2067 3941 2159 3992 per
2179 3941 2318 3984 eam.
2343 3927 2581 3998 quodque
2602 3930 2691 3984 ille
2714 3948 2744 3984 a
2770 3933 2947 3986 divina
2977 3948 3171 3989 natura
3197 3941 3429 4010 differat.

1983 4022 2033 4069 ι’.
2073 4016 2326 4079 Ἐκθεσις
2349 4019 2439 4070 καὶ
2474 4021 2750 4093 ἀνασκευὴ
2781 4025 2887 4076 τῶν
2905 4027 3214 4083 Ἀκινδύνου
3259 4033 3494 4102 ῥήσεων,

1909 4106 1976 4159 δι’
2004 4099 2077 4160 ὧν
2110 4109 2510 4174 κατασκευάζει
2530 4113 2630 4183 τὴν
2654 4114 2812 4184 χάριν
2834 4117 3004 4186 αὐτὴν
3031 4115 3172 4173 εἶναι
3191 4123 3287 4190 τὴν
3305 4126 3496 4181 οὐσίαν

1907 4199 2002 4252 τοῦ
2037 4199 2170 4252 Θεοῦ
2233 4204 2357 4255 καθ’
2387 4203 2454 4267 ἃς
2489 4208 2583 4259 καὶ
2623 4206 2717 4259 τοῦ
2769 4209 3038 4278 Εὑνομίου
3070 4213 3497 4290 δυσσεϐέστερος

1907 4291 2105 4354 τελῶν,
2145 4294 2301 4356 ἄθεός
2338 4313 2396 4349 τε
2445 4297 2564 4366 ἅμα
2610 4299 2703 4352 καὶ
2754 4302 3017 4366 πολύθεος
3061 4305 3411 4378 ἐξελέγχεται
3438 4316 3497 4364 τό

1908 4401 1971 4436 τε
2005 4384 2163 4436 Θεῖον
2190 4386 2474 4450 συντιθείς.
2511 4389 2599 4442 10.
2641 4389 2917 4458 Expositio
2961 4406 3008 4448 et
3046 4398 3300 4465 refutatio
3331 4402 3499 4454 dicto-

1910 4491 2026 4527 rum
2079 4476 2359 4547 Acindyni,
2393 4481 2583 4548 quibus
2634 4484 2827 4536 astruit
2882 4490 3112 4551 gratiam
3159 4490 3334 4558 ipsam
3386 4511 3498 4548 esse

1912 4567 2008 4619 Dei
2050 4571 2356 4632 essentiam,
2402 4571 2591 4638 quibus
2645 4573 2805 4627 etiam
2866 4574 3185 4632 Eunomium
3227 4583 3498 4648 impietate

1914 4674 2192 4724 superans,
2225 4659 2409 4712 atheus
2441 4662 2598 4715 simul
2629 4673 2677 4715 et
2707 4665 3000 4734 'polytheus
3046 4671 3154 4723 sive
3207 4676 3495 4729 multorum

1913 4753 2131 4804 deorum
2191 4753 2383 4817 cultor,
2437 4763 2596 4822 atque
2659 4755 2822 4810 Deum
2891 4763 3243 4827 compositum
3293 4767 3494 4834 faciens

1912 4841 2336 4907 deprehenditur.

1990 4940 2076 4985 ια’.
2113 4933 2338 5002 Ἕτεραι
2369 4936 2558 5004 ῥήσεις
2595 4937 2928 5003 ’Νκινδύνοψ
2957 4943 3014 4993 ἐν
3044 4939 3131 5006 αἷς
3163 4949 3254 4998 καὶ
3292 4965 3497 5019 μαρτυ-

1919 5023 2009 5094 ρία
2043 5026 2106 5075 ὲκ
2145 5024 2251 5076 τῶν
2284 5024 2379 5078 τοῦ
2425 5029 2664 5095 μεγάλου
2706 5031 2991 5085 Βασιλείου
3023 5042 3499 5110 παρακεκομμένη

1925 5116 2131 5184 μέντοι,
2188 5116 2323 5168 ἀλλά
2365 5121 2460 5169 καὶ
2511 5119 2688 5184 οὕτως
2741 5124 3096 5196 ἀντικειμένη
3143 5128 3231 5181 διά
3284 5131 3498 5185 πάντων

1915 5207 2297 5279 δείκνυταιτῇ
2340 5209 2530 5263 τούτου
2585 5200 3034 5288 πολυϐλασφήμῳ
3073 5222 3350 5275 κάνταῦθα
3395 5225 3502 5277 δει-

1919 5299 2164 5370 κνυμένῃ
2218 5300 2367 5370 δόξῃ.
2419 5301 2507 5356 il.
2545 5302 2668 5357 Alia
2704 5305 2968 5374 Acyndini
3002 5309 3176 5370 dicta,
3208 5311 3259 5363 in
3310 5314 3500 5380 quibus

1917 5403 1990 5445 est
2034 5393 2392 5446 testimonium
2422 5409 2486 5447 ex
2515 5411 2702 5466 magno
2752 5397 2957 5452 Basilio
2987 5401 3376 5469 detruncatum,
3412 5411 3500 5459 sed

1918 5485 2056 5553 quod
2127 5485 2469 5540 nihilominus
2534 5488 2648 5555 ejus
2703 5489 3023 5555 blasphemas
3083 5497 3352 5550 sententia:
3419 5499 3504 5551 hie

1921 5579 2177 5646 exposita
2213 5581 2424 5632 omnino
2449 5583 2743 5649 oppositum
2766 5585 3182 5641 demonstratur.

1995 5668 2084 5738 ιβ’.
2133 5671 2331 5740 Ἑτέρα
2389 5673 2550 5753 ρἧις
2616 5674 2924 5729 Ἀκινδύνου
2982 5679 3118 5745 μετά
3172 5679 3271 5747 τῆς
3335 5682 3506 5751 αὐτῆς

1927 5763 2256 5832 μαρτυρίας,
2290 5765 2420 5834 παρ’
2443 5759 2516 5818 ὧν
2546 5767 2901 5833 ἀναφαίνεται
2931 5769 3332 5837 διατεινόμενος
3366 5774 3504 5840 μηδὲ

1926 5853 2186 5908 δύνασθαι
2231 5857 2341 5920 τοῖς
2377 5856 2553 5926 ἁγίοις
2589 5860 2960 5928 όμοφρονῆσαί
3015 5879 3163 5916 ποτε.
3197 5863 3260 5917 1‘2
3342 5863 3502 5918 Alturl
