4140 6318
154 463 267 529 817

153 576 436 646 Acindyni,
463 589 566 644 quo
597 582 810 643 putasse
855 571 1229 638 comprobatur
1257 567 1465 622 sanctos
1503 583 1595 619 nec
1628 565 1730 616 sibi

153 667 309 734 ipsis,
342 681 433 718 nec
461 665 596 716 inter
625 679 678 715 se
710 669 889 714 mutuo
918 659 1258 729 congruentia
1284 668 1331 711 et
1363 655 1734 715 consequentia

155 758 374 809 sentire.

231 843 294 896 ε’.
361 841 481 904 Ὀτι
543 841 604 893 τὸ
659 839 802 892 κατὰ
851 839 912 892 τὸ
967 838 1250 908 Θαδώριον
1308 836 1436 895 τοὺς
1488 832 1736 904 μαθητὰς

158 933 574 1002 περιαστράψαν
621 933 759 1000 φῶς,
797 929 1105 1000 ἀχώριστόν
1160 931 1275 981 ἐστι
1331 932 1434 995 τῆς
1482 927 1737 995 θεότητος

160 1024 258 1077 ire
314 1024 556 1089 φυσικῶς
599 1024 733 1091 αὐτῇ
773 1022 999 1090 προσὸν,
1038 1022 1131 1073 καὶ
1183 1019 1282 1088 τῆς
1326 1018 1474 1079 θείας
1524 1015 1738 1084 φύσεως

159 1113 487 1182 λαμπρότης
514 1113 598 1165 δν.
623 1114 674 1167 5.
704 1111 857 1177 Quod
881 1113 1049 1164 lumen
1073 1113 1128 1164 in
1162 1109 1421 1162 Thaborio
1452 1105 1736 1175 discipulos

162 1203 466 1266 illustrans,
501 1203 855 1271 inseparabile
889 1205 1046 1271 fuerit
1080 1220 1111 1254 a
1150 1203 1362 1264 deitate,
1391 1188 1570 1264 u'tpote
1599 1195 1738 1265 quod

165 1294 270 1358 ipsi
327 1294 641 1346 naturaliter
687 1293 913 1359 adesset,
944 1303 993 1347 et
1031 1292 1222 1346 divina:
1261 1303 1469 1346 natura:
1492 1287 1740 1358 splendor

165 1393 327 1437 εσδεί.

245 1480 316 1536 ς’.
354 1474 475 1525 Ὅτι
501 1475 837 1542 ἀνέκφαντος
871 1473 994 1525 καθ’
1035 1472 1235 1542 ἑαυτὴν
1284 1471 1315 1541 ἠ
1383 1470 1516 1524 θεία·
1551 1469 1736 1538 φύσις,

168 1567 265 1617 καὶ
305 1565 740 1627 αὖτοῖς,ὲκείνοις
771 1562 853 1627 οἷς
899 1567 1227 1637 ἀπορῤήτως
1282 1562 1636 1632 ἐπιφαίνεται
1681 1561 1741 1612 τὸ

170 1655 318 1707 θεῖον
337 1655 494 1707 τοῦτο
531 1657 665 1723 φῶς.
701 1657 750 1709 6.
787 1656 939 1720 Quod
961 1657 1138 1710 divina
1163 1665 1353 1708 natura
1377 1671 1467 1722 per
1502 1670 1555 1707 se
1575 1669 1742 1721 appa-

171 1761 286 1798 rere
301 1755 514 1815 nequeat
541 1748 697 1799 etiam
738 1748 801 1800 iis
829 1748 975 1814 ipsis,
1007 1748 1196 1816 quibus
1255 1747 1489 1798 divinum
1521 1746 1616 1798 hoc
1666 1743 1744 1796 lu—

171 1852 292 1888 men
353 1853 544 1889 arcano
571 1838 724 1890 modo
783 1847 1020 1905 apparet.

248 1925 311 1989 ζ’.
345 1929 467 1981 Ὀτι
497 1931 596 1997 οὐχ
628 1932 676 1981 οἱ
700 1931 951 1997 λέγοντες
1005 1929 1361 1998 ὑπερκεῖσθαι
1417 1928 1598 1996 πάσης
1653 1929 1742 1979 ὲκ-

174 2019 429 2086 φάνσεως
460 2020 558 2088 τὴν
593 2019 743 2073 θείαν
775 2021 958 2088 φύσιν,
995 2020 1111 2073 ἀλλ’
1141 2023 1186 2073 οἱ
1210 2020 1283 2090 μὴ
1314 2020 1470 2072 τοῦτο
1488 2019 1738 2084 λέγοντες

171 2111 254 2167 ei;
279 2109 567 2162 πολυθεϊαν
593 2111 1011 2179 περιπίπτουσιν
1038 2110 1112 2172 ὠς
1133 2111 1364 2178 ἀληθῶς.
1387 2110 1435 2164 7.
1461 2109 1614 2175 Quod
1638 2124 1746 2161 non

175 2199 218 2252 ii
233 2200 322 2267 qui
343 2200 521 2251 dicunt
549 2201 779 2253 divinant
814 2213 1066 2255 naturam
1092 2205 1234 2256 omni
1288 2203 1620 2270 apparitione
1657 2217 1745 2255 su-

174 2289 515 2357 pereminere,
553 2292 642 2342 sed
671 2292 760 2358 qui
793 2292 888 2344 hoc
941 2303 1128 2360 negant
1177 2295 1232 2347 in
1282 2293 1600 2362 polytheiarn
1642 2295 1747 2345 sive

178 2379 632 2448 multiplicitatem
673 2384 884 2434 deorum
926 2385 1184 2437 incidant.

255 2477 326 2536 η’.
359 2472 479 2522 Ὀτι
512 2472 607 2541 οὐχ
638 2473 686 2523 οἱ
712 2473 989 2538 ἅκτιστον,
1022 2475 1136 2527 ἀλλ’
1169 2477 1217 2526 οἱ
1252 2475 1471 2528 κτιστὸν
1499 2473 1746 2541 λέγοντες

179 2559 245 2612 τδ
275 2559 418 2613 θεῖον
438 2563 573 2629 φῶς,
605 2564 664 2615 τὸ
688 2564 840 2618 Θεῖον
894 2566 1325 2634 φυσιολογοῦσιν.
1360 2568 1411 2620 8.
1453 2566 1604 2631 Quod
1644 2582 1744 2618 non

184 2653 227 2704 ii
253 2655 343 2720 qui
380 2654 696 2720 increatnm,
737 2657 829 2709 sed
880 2661 966 2722 qui
1016 2669 1247 2712 creatum
1284 2660 1461 2712 dicunt
1500 2660 1747 2712 .divinum

186 2741 387 2806 lumen,
416 2743 474 2795 ο.
494 2761 578 2796 um
606 2749 752 2798 rebus
789 2748 1120 2800 naturalibus
1143 2755 1505 2801 aunumerent.

258 2829 302 2884 θ’
357 2832 475 2885 Ὅτι
498 2833 557 2886 τὸ
591 2835 663 2903 μὴ
713 2837 1073 2902 γι-,ὡσκεσθαι
1103 2840 1191 2888 τὸν
1219 2837 1351 2889 Θεὸν
1405 2839 1468 2890 ὲκ
1517 2838 1748 2904 φυσικῆς

185 2920 486 2987 ἐμφάσεως
517 2924 618 2976 οὐκ
639 2926 851 2995 ἀναιρεῖ
885 2928 942 2980 τὸ
971 2926 1334 2994 γινώσκεσθαι
1367 2927 1528 2980 αὑτὸν
1553 2928 1616 2978 ἐκ
1640 2927 1748 2980 τῶν

185 3011 351 3065 θείων
378 3014 540 3067 αὐτοῦ
573 3017 815 3085 προόδων
844 3020 935 3070 καὶ
974 3020 1282 3088 ἐνεργειῶν·
1311 3020 1368 3070 ἐν
1419 3016 1462 3086 ᾧ
1521 3019 1748 3089 κτιστὴν

183 3102 288 3170 τὴν
314 3103 467 3156 θείαν
506 3109 762 3174 πρνίνοιαν
793 3111 885 3160 καὶ
920 3111 1275 3179 καταληπτὴν
1305 3110 1400 3180 τὴν
1461 3109 1613 3162 θείαν
1648 3109 1749 3176 φύ-

188 3209 279 3245 σιν
307 3197 335 3246 ὁ
381 3195 685 3259 ’Δκίνδυνος
715 3199 990 3269 ἐλέγχεται
1034 3201 1225 3257 ποιῶν.
1277 3203 1330 3255 9.
1384 3200 1536 3266 Quod
1583 3216 1646 3255 ex
1690 3218 1749 3255 eo

185 3283 329 3350 quod
364 3283 500 3339 Deus
558 3304 648 3353 per
722 3291 1018 3344 naturalem
1068 3294 1449 3359 apparitiouem
1507 3309 1609 3344 non
1663 3309 1751 3345 co-

185 3387 493 3440 gnoscatur,
522 3393 622 3430 non
687 3379 904 3432 tollatur
957 3384 1180 3451 cognitio
1237 3383 1350 3450 ejus
1405 3399 1498 3449 per
1541 3384 1748 3437 divinas

184 3463 488 3517 emissiones
519 3476 568 3518 et
604 3471 928 3535 operationes
955 3489 973 3536 ;
1008 3473 1097 3525 ubi
1138 3475 1462 3526 convincitur
1518 3473 1750 3542 Acindy-

189 3569 308 3617 nus,
342 3555 480 3620 quod
498 3558 726 3612 divinam
776 3563 1153 3627 providentiam
1181 3575 1437 3629 creatam,
1497 3564 1753 3617 divinam-

187 3655 288 3709 que
319 3652 561 3697 naturam
589 3651 1095 3714 comprehensibilem
1113 3654 1297 3721 faciat.

267 3732 316 3785 ι’.
349 3735 570 3805 Ἕτεραι
606 3742 792 3808 ῥήσεις
836 3743 1142 3796 Ἀκινδύνου
1179 3746 1271 3797 καὶ
1315 3745 1614 3814 μαρτυρίαι
1645 3748 1752 3800 τῶν

190 3821 364 3890 ἁγίων
392 3828 522 3894 παρ’
556 3829 719 3880 αὐτοῦ
754 3831 937 3894 κακῶς
971 3832 1460 3902 ἐκλαμϐανόμεναι,
1483 3838 1755 3906 παριστᾷν

191 3908 625 3980 ἐπιχειροῦντος,
661 3919 734 3986 μὴ
767 3916 905 3971 εἶναι
937 3921 1028 3973 τὸν
1086 3923 1216 3974 Θεὸν
1246 3922 1366 3975 κατ’
1401 3923 1588 3975 οὐσίαν
1654 3925 1752 3994 μέν

191 4003 598 4072 ἀκατάληπτον,
626 4010 732 4060 ἀπὸ
751 4011 806 4062 δὲ
827 4012 937 4062 τῶν
975 4015 1192 4065 οἰκείων
1222 4015 1513 4082 ἐνεργειῶν
1571 4017 1754 4082 ἐπιγι-

192 4093 554 4162 νωσκόμενον.
589 4098 672 4152 10.
699 4101 816 4152 Alia
871 4102 1130 4172 Acindyni
1159 4103 1299 4156 dicta
1351 4115 1402 4157 et
1452 4106 1755 4162 testimonia

191 4197 501 4238 sanctorum
545 4188 608 4240 ab
645 4190 756 4256 ipso
790 4191 926 4245 male
984 4206 1264 4260 usurpata,
1306 4196 1488 4263 quibus
1541 4198 1756 4251 damon.

190 4286 369 4330 strarc
399 4292 620 4332 conatur
649 4281 809 4334 Deum
857 4299 958 4337 non
1015 4301 1125 4338 esse
1187 4287 1754 4354 incomprehensibilem

191 4369 481 4422 secundum
509 4370 878 4434 substantiam.
904 4375 992 4428 sed
1017 4390 1080 4428 ex
1103 4378 1328 4444 propriis
1371 4381 1759 4446 Operationibus

195 4463 459 4528 cognosci.

273 4552 361 4606 ια’.
384 4554 502 4606 Ὅτι
524 4556 730 4625 καὶτῆς
747 4558 876 4626 παρ’
893 4559 1084 4612 ἐαυτοῦ
1108 4561 1551 4633 προϐεϐλημένης
1569 4565 1630 4618 ἐκ
1652 4566 1761 4618 τῶν

191 4641 291 4694 τοῦ
338 4644 481 4698 θείου
532 4647 786 4717 Μαξίμου
839 4651 1161 4719 μαρτυρίας,
1232 4652 1648 4707 πᾶντοὺναντίον
1682 4658 1761 4708 εἰ·

199 4737 452 4802 σηγείται
481 4739 508 4789 ὁ
550 4739 871 4806 ’Δκίνδυνος,
923 4743 1014 4794 καὶ
1051 4742 1346 4795 ὑπεναντία
1371 4746 1480 4806 τοῖς
1503 4745 1607 4813 πρὸ
1668 4747 1763 4798 αὐ-

196 4827 294 4880 τοῦ
327 4829 595 4896 θεολόγοις
614 4833 855 4886 δείκνυσι
887 4834 1116 4903 λέγοντα
1151 4834 1241 4886 τὸν
1275 4834 1449 4901 ἅγιον,
1483 4838 1578 4888 καὶ
1635 4838 1759 4899 τοὺς

196 4921 380 4985 θείους
401 4923 557 4992 ἡμῶν
579 4926 821 4988 ἅπαντας
847 4927 1096 4997 Πατέρας
1121 4931 1376 4997 παραινεί
1405 4928 1628 4995 φεύγειν
1668 4933 1762 4982 καὶ

193 5013 624 5080 ἀποτρέπεσθαι.
673 5017 760 5070 11.
793 5016 943 5082 Quod
1001 5017 1305 5087 Acindgnus
1356 5033 1420 5070 ex
1470 5021 1760 5074 testimonio

197 5100 544 5158 diviMaximi
565 5109 628 5159 ab
646 5124 700 5160 se
715 5108 943 5175 prolato,
978 5111 1188 5162 omnino
1214 5094 1484 5162 contraria
1509 5111 1720 5164 inducat
1743 5129 1760 5176 ;

205 5204 248 5245 ἰ
281 5207 520 5252 sanctum
554 5199 721 5250 virum
741 5199 1075 5252 adversantia
1132 5199 1376 5267 theologis
1408 5200 1497 5265 qui
1549 5213 1666 5253 ante
1711 5219 1764 5255 se

196 5299 433 5354 ,uerunt,
472 5291 643 5344 dicere
673 5295 935 5356 ostendat,
985 5307 1259 5358 omnesque
1313 5301 1524 5343 sanctos
1573 5291 1762 5346 Patres

198 5387 407 5431 nostros
436 5379 612 5448 fugere
637 5389 684 5432 et
715 5381 946 5434 aversari
978 5391 1202 5432 moneat.

274 5469 360 5522 ιδ’.
407 5471 781 5540 Παρέστασις,
807 5472 888 5523 ὅτι
929 5471 1109 5534 καλῶς
1143 5472 1170 5522 ὁ
1201 5472 1340 5528 θεῖος
1383 5471 1486 5540 ἔφη
1513 5473 1764 5543 Μάξιμος

200 5563 347 5632 ὑπὲρ
385 5562 640 5629 ἀπειρίαν
665 5559 802 5614 εἶναι
837 5562 926 5613 τὸν
956 5562 1110 5624 Θεὸν,
1170 5565 1216 5614 εἰ
1248 5565 1340 5614 καὶ
1407 5563 1661 5625 ἄκτιστος
1731 5568 1764 5636 η

197 5654 430 5720 ἀπειρία
461 5654 626 5704 ἐστίν’
665 5655 776 5706 ἀλλ’
809 5655 906 5722 οὐχ
945 5655 1018 5715 ὡς
1063 5655 1090 5706 ὁ
1129 5655 1433 5714 ’Λκίνδυνος
1491 5655 1767 5718 δυσσεϐῶς

199 5744 524 5812 διαστρέψαι
555 5745 851 5811 ἐξεδέξατο.
882 5747 966 5799 12.
1004 5745 1412 5810 Dmnrnstratio,
1446 5747 1582 5813 quod
1614 5749 1767 5813 probe

203 5840 399 5892 duxerit
422 5839 568 5894 divus
605 5840 868 5894 Maximus
892 5841 1046 5894 Deum
1079 5857 1186 5894 esse
1234 5857 1363 5908 uprn
1420 5838 1758 5906 infinitatem,

965 455 1288 516 OPERUM
1331 447 1815 511 ARGUMENTA
1846 441 2197 505 EXCODD.
2241 436 2574 497 COISLIN.

3291 429 3411 494 818

1839 562 2051 616 etiamsi
2111 561 2346 613 increata
2375 561 2440 612 sit
2506 555 2780 622 inﬁnitas;
2841 553 2931 604 sed
2957 566 3057 603 non
3098 564 3200 619 quo
3261 565 3414 603 sensu

1838 650 2145 718 Acindgnus
2179 650 2331 716 impie
2366 647 2672 713 detorquere
2711 652 2929 696 conatus
2959 650 3057 692 est.

1917 745 2006 807 ιγ’.
2046 739 2170 790 Ὅτι
2215 739 2276 790 ἐκ
2325 738 2434 789 τῶν
2469 735 2783 804 κτισμάτων
2817 733 2876 785 οὐ
2903 733 2998 799 τῆς
3025 731 3174 792 θείας
3204 732 3410 792 οὐσίας.

1841 830 1978 885 ἀλλὰ
2004 830 2113 882 τῶν
2139 829 2300 881 θείων
2349 827 2663 896 ἐνεργειῶν,
2721 826 2776 878 ἐν
2815 825 3063 893 περινοίᾳ
3128 823 3414 890 γινόμεθα.

1841 921 2011 975 Τοῦτο
2031 922 2076 974 δ’
2102 921 2309 974 ἀθετῶν
2342 922 2368 972 ὁ
2415 917 2720 978 ’Ᾱκίνδυνος
2773 916 3021 968 συναῖδια
3077 915 3153 984 τῷ
3186 912 3304 982 Θεῷ
3351 914 3416 964 τὰ

1842 1014 2120 1079 κτίσματα
2176 1012 2436 1078 δοξάζων,
2500 1009 2729 1078 Ἕλλησί
2789 1025 2848 1061 τε
2883 1009 2976 1060 καὶ
3035 1006 3112 1074 τῷ
3165 1005 3417 1073 Εὑνομίῳ

1843 1106 2152 1173 συμφωνῶν
2177 1104 2481 1173 ἐλέγχεται.
2534 1103 2626 1156 15.
2674 1101 2833 1166 Quod
2881 1115 2944 1154 ea:
2993 1099 3251 1151 creaturis
3317 1113 3434 1149 non'

1841 1195 2034 1248 diuina!
2085 1194 2348 1256 essentiw,
2408 1193 2498 1245 sed
2551 1192 2850 1245 divinarum
2911 1191 3268 1257 operationum
3328 1203 3418 1240 co-

1839 1286 2131 1355 τςιιίιίοηεηι
2154 1301 2513 1353 assequamur.
2569 1282 2678 1336 (Ioc
2725 1299 2842 1336 cum
2909 1291 3053 1350 neget
3094 1282 3418 1348 Acindynns,

1844 1386 2114 1430 creaturas
2159 1393 2268 1429 esse
2294 1377 2397 1429 Deo
2431 1385 2720 1433 coaeternus
2755 1374 3088 1430 existimans.
3126 1389 3242 1424 cum
3267 1369 3420 1425 στω.

1845 1471 1918 1523 cis
1946 1481 2128 1523 etcum
2157 1467 2415 1522 Eunomio
2467 1468 2761 1521 consentire
2819 1464 3249 1533 deprehenditur.

1918 1561 1998 1614 ιδ’·
2034 1561 2295 1628 Ἔλεγχος
2330 1560 2410 1612 ἔτι
2436 1561 2534 1627 τῆς
2561 1558 2727 1612 αὑτοῦ
2763 1557 2921 1626 δόξης
2971 1553 3420 1622 ἀπαγορεύοντος

1845 1653 2235 1718 πνευματικῶς
2257 1651 2486 1720 ὁρᾶσθαι
2519 1652 2578 1703 τὸ
2613 1650 2892 1703 θειότατον
2915 1649 3049 1716 φῶς,
3080 1651 3137 1699 ἐν
3176 1640 3220 1711 ᾧ
3245 1646 3420 1713 παράο

1847 1757 2055 1804 στασις,
2089 1743 2166 1800 ὡς
2197 1743 2256 1795 οὐ
2292 1742 2350 1794 τὸ
2384 1742 2496 1808 φῶς
2527 1743 2687 1809 μόνον
2737 1743 3014 1798 ᾶκτιστον,
3061 1737 3196 1790 ἀλλὰ
3267 1736 3360 1788 καὶ
3389 1737 3422 1803 ἡ

1846 1831 2073 1900 δύναμις
2106 1833 2228 1885 καθ’
2256 1834 2322 1904 ἢν
2341 1835 2559 1904 ὁρᾶται.
2591 1832 2676 1885 14.
2704 1831 2972 1900 Refutatio
2987 1847 3098 1898 ejus
3131 1829 3420 1890 sententitv,

1846 1940 1950 1992 qua
1990 1934 2141 1992 negot
2165 1927 2551 1980 divinissiunum
2591 1926 2766 1980 lumen
2812 1924 3165 1991 spiritualiter
3226 1922 3422 1981 videri;

1850 2016 1940 2066 ubi
1986 2017 2146 2068 etiam
2183 2016 2578 2070 demonstratur
2610 2034 2710 2069 non
2745 2015 2897 2067 modo
2933 2014 3103 2069 lumen
3127 2014 3422 2065 increatum

1849 2120 1978 2166 esse,
2003 2107 2092 2157 sed
2114 2109 2273 2159 etiam
2325 2106 2632 2173 facultatem
2665 2123 2758 2174 per
2792 2122 2948 2173 quam
2980 2106 3208 2156 videtur.

1925 2223 2004 2269 ιε’.
2043 2217 2300 2279 Ἐκθεσις
2326 2216 2423 2268 καὶ
2473 2215 2754 2286 ἀνασκευη
2825 2216 3038 2283 ρἠεως
3099 2213 3265 2282 ἄλλης
3331 2211 3427 2264 τοῦ

1850 2309 2037 2368 αὐτοῦ,
2071 2309 2362 2378 ἀδιάφορον
2401 2311 2556 2362 πάλιν
2611 2308 2955 2379 πειρωμένου
3019 2305 3299 2359 δεικνύναι
3359 2308 3425 2374 τῇ

1853 2399 1974 2468 θείᾳ
1998 2399 2152 2469 οὐσίᾳ
2175 2401 2274 2468 τὴν
2306 2400 2615 2468 ἐνέργειαν,
2649 2399 2746 2450 καὶ
2780 2397 3004 2466 κτιστὴν
3065 2397 3162 2465 τὴν
3224 2398 3415 2464 ἐπιφα-

1853 2491 2033 2542 νεῖσαν
2060 2492 2117 2541 ἐν
2147 2489 2348 2558 Θαὸὼρ
2379 2493 2490 2553 τοῖς
2527 2489 2853 2550 ἀποστόλοις
2879 2488 2971 2540 τοῦ
3001 2487 3138 2539 Θεοῦ
3171 2487 3427 2555 λαμπρό-

1854 2583 2129 2649 τητα.15.
2196 2581 2470 2649 Expositio
2521 2593 2571 2635 et
2628 2583 2886 2646 refutatio
2912 2581 3130 2634 alterius
3192 2579 3428 2648 ejusdem

1852 2674 2001 2736 dicti,
2027 2691 2124 2743 quo
2148 2676 2369 2743 probare
2425 2674 2616 2727 nititur
2696 2674 2934 2726 divinam
2986 2673 3265 2726 essentiam
3326 2689 3430 2725 non

1852 2764 2156 2817 distinctam
2211 2781 2375 2819 essea
2427 2765 2604 2818 divina
2645 2765 2964 2832 operatione,
3001 2773 3048 2817 et
3096 2763 3429 2832 splendorem

1859 2852 1949 2906 Dei
1976 2855 2063 2918 qui
2096 2858 2148 2908 in
2179 2855 2412 2910 Thabore
2434 2857 2689 2926 apostolis
2713 2857 2958 2926 apparuit
2979 2856 3141 2924 fuisse
3167 2867 3423 2910 creatum.

1926 2965 2020 3033 ις’.
2063 2969 2185 3021 Ὀτι
2217 2970 2264 3021 εἰ
2291 2970 2386 3022 καὶ
2420 2970 2756 3038 σωματικοῖς
2799 2968 3102 3038 ὀφθαλμοῖς
3159 2969 3220 3021 τὸ
3285 2970 3431 3022 θεῖον

1852 3056 2009 3126 mox]
2043 3059 2176 3125 φῶς,
2213 3059 2348 3112 ἀλλὰ
2391 3059 2886 3127 μετασκευασθεϊσι
2922 3062 2988 3128 τῇ
3048 3059 3277 3127 δυνάμει
3335 3058 3432 3111 τοῦ

1855 3147 2190 3218 Πνεύματος.
2215 3149 2301 3203 16.
2327 3149 2479 3214 Quod
2497 3151 2708 3204 etiamsi
2724 3152 2988 3218 corporeis
3011 3151 3174 3203 oculis
3193 3153 3430 3205 divinum

1852 3238 2026 3291 lumen
2082 3241 2250 3292 risum
2284 3241 2373 3303 sit,
2429 3242 2518 3294 sed
2561 3242 2957 3310 transformatis
2981 3242 3428 3308 virtuteSpiritus.

1929 3330 2014 3394 ιζ’.
2050 3333 2246 3401 Ἑτέρα
2280 3332 2438 3401 ῥῆσις
2476 3333 2982 3402 Ἀκινδύνου,·παρ’
3011 3331 3079 3405 ἦς
3137 3335 3298 3394 ἄθεος
3344 3352 3432 3388 τε·

1855 3424 1992 3486 λέως
2022 3425 2304 3494 ἐλέγχεται
2331 3425 2390 3478 τὸ
2413 3421 2553 3478 εἶναι
2585 3424 2677 3478 τὸν
2743 3426 2980 3495 Χριστὸν
3029 3427 3164 3479 Θεὸν
3219 3427 3431 3479 ἀνελεῖν

1857 3516 2171 3584 ἐπιχειρῶν,
2212 3518 2306 3569 καὶ
2339 3516 2612 3570 δεικνύναι
2642 3519 2769 3579 τοὺς
2801 3517 2991 3584 ἁγίους
3022 3519 3229 3580 πάντας
3279 3519 3430 3586 αὐτῷ

1856 3624 1916 3660 τε
1946 3606 2028 3676 τῷ
2055 3608 2246 3677 Κυρίῳ
2276 3610 2367 3660 καὶ
2389 3609 2638 3678 αλλήλοις
2683 3610 2978 3672 ἐναντίους.
3052 3611 3137 3663 17.
3190 3612 3433 3665 Alterum

1858 3699 2116 3768 Acindyni
2165 3700 2386 3765 dictum,
2437 3718 2540 3770 quo
2605 3703 2932 3755 convincitur
2979 3703 3205 3769 perfecte
3250 3703 3434 3755 athcus

1859 3805 1988 3853 esse,
2012 3801 2189 3858 utpote
2211 3795 2300 3860 qui
2353 3802 2570 3845 conetur
2603 3793 2869 3846 Christum
2933 3792 3096 3844 Deum
3162 3809 3260 3845 non
3322 3811 3434 3847 esse

1859 3884 2101 3949 probare,
2162 3893 2210 3937 et
2264 3884 2535 3937 ostendere
2563 3894 2774 3938 sanctos
2791 3899 2964 3937 omnes
2997 3893 3044 3937 et
3073 3886 3174 3950 ipsi
3210 3885 3432 3942 Domino

1861 3981 1910 4025 et
1940 3973 2280 4034 sibiiwicem
2315 3988 2618 4038 repugnare.

1937 4082 2026 4150 ιη’.
2070 4084 2419 4151 Παράστασις
2450 4084 2536 4136 διὰ
2572 4085 2854 4150 πλειόνων,
2893 4088 2974 4140 ὅτι
3025 4087 3318 4157 σύμφωνος
3356 4092 3434 4159 τῷ

1864 4172 2181 4242 Βιρλαὰμὸ
2217 4174 2544 4237 ’Λκίνδυνος·
2613 4181 2706 4228 καὶ
2778 4179 2985 4246 μεταξὺ
3043 4180 3130 4231 δια
3188 4181 3434 4249 βραχέων

1865 4267 2143 4335 ἀνασκευὴ
2162 4267 2268 4318 τῶν
2293 4268 2621 4336 ἀμφοτέρων
2643 4270 2950 4338 δογμάτων.
2974 4272 3060 4326 18.
3093 4275 3434 4324 Demonstra-

1866 4359 1938 4411 tio
1964 4358 2201 4424 pluribus
2231 4360 2397 4427 facta.
2447 4361 2584 4428 quod
2637 4362 2941 4431 Acindyuus
2989 4381 3104 4414 cum
3141 4364 3429 4416 lim-lamna

1866 4449 2177 4512 uonsentiat,
2206 4459 2255 4502 et
2280 4452 2459 4518 paucis
2514 4454 2647 4504 inter
2678 4455 2786 4506 lucc
2839 4455 3090 4520 refutatio
3127 4459 3430 4523 doyrum'um

1867 4539 2155 4609 utriusque.

1940 4649 2027 4704 ιϐ’.
2065 4650 2187 4702 ’θτι
2217 4650 2276 4702 τὸ
2300 4651 2375 4720 μὴ
2407 4654 2594 4718 κτιστῇ
2634 4651 2859 4720 δυνάμει
2891 4656 3230 4723 καθορᾶσθαι
3265 4675 3440 4726 πεφν-

1869 4742 1984 4805 κὺς,
2009 4742 2129 4794 οὐδὲ
2164 4743 2401 4795 κτιστόνο
2431 4745 2523 4794 καὶ
2554 4743 2627 4802 ὡς
2652 4745 2715 4795 ἐκ
2744 4743 2850 4796 τῶν
2891 4747 3018 4815 περὶ
3054 4751 3213 4800 αὐτὸν
3269 4752 3438 4817 ὁρῶσι

1868 4835 1959 4888 τὸν
1978 4836 2109 4888 Θεὸν
2132 4835 2225 4888 καὶ
2242 4836 2292 4886 0i.
2330 4838 2396 4904 τῇ
2447 4829 2674 4905 δυνάμει
2702 4837 2795 4890 τοῦ
2818 4838 3130 4906 Πνεύματος
3178 4843 3437 4908 ὁρῶντε;.

1875 4927 1958 4980 l9.
1997 4927 2149 4991 Quod
2186 4927 2316 4978 illud
2348 4928 2545 4996 quoda
2593 4938 2769 4981 creata
2813 4930 3067 4998 facultate
3114 4934 3278 4986 videri
3337 4953 3439 4989 non

1869 5027 2056 5088 potest,
2090 5028 2324 5071 malum
2356 5035 2454 5071 non
2485 5021 2661 5084 siti-"et
2689 5023 2824 5089 quod
2867 5023 2908 5074 ii
2928 5025 3022 5088 qui
3044 5026 3232 5078 virtute
3267 5027 3441 5095 Spiri.

1871 5122 1954 5164 tus
1983 5110 2146 5162 Deum
2182 5109 2376 5172 vident,
2416 5127 2480 5164 ex
2511 5113 2575 5166 iis
2606 5130 2720 5181 qua:
2753 5119 2894 5168 circa
2919 5115 3068 5168 illum
3087 5128 3208 5170 sunt
3262 5122 3435 5185 ipsum

1871 5207 2094 5256 videant.

1939 5296 1986 5343 κ’
2031 5291 2150 5343 Ὅτι
2169 5291 2318 5343 οὐδὲν
2345 5293 2453 5344 τῶν
2485 5294 2759 5363 αἰσθητῶν
2783 5295 2842 5346 τὺ
2869 5299 3218 5367 περιλάμψαν
3249 5301 3308 5351 ἐν
3332 5299 3438 5352 Θι-

1870 5381 1985 5451 6ὼρ
2019 5383 2141 5444 τοὺς
2159 5382 2494 5447 ἀποστόλους
2528 5386 2663 5453 φῶς.
2689 5385 2777 5439 20.
2807 5385 2959 5451 Quod
2981 5387 3153 5442 lumen
3177 5392 3441 5455 apostolos

1871 5473 2146 5526 illustrans
2165 5475 2220 5526 in
2245 5473 2454 5528 Thabor
2483 5492 2660 5530 nonem
2677 5494 2848 5529 rerum
2872 5479 3198 5532 sensibilium
3228 5498 3442 5534 numero

1873 5566 2054 5634 fuerit.

1942 5653 2049 5710 κα’.
2083 5657 2287 5726 ’Ύμνος
2316 5660 2393 5722 εἰς
2428 5657 2558 5711 αὐτὸ
2579 5657 2638 5711 τὸ
2669 5657 2804 5726 φῶς,
2835 5660 2927 5712 καὶ
2957 5659 3027 5719 ὡς
3071 5660 3264 5728 ἁνυψοῖ
3287 5660 3445 5714 τοῦτο

1873 5749 1966 5799 καὶ
1998 5749 2062 5800 τὰ
2085 5749 2354 5812 ταπεινῶς
2409 5750 2718 5824 γεγράφθαι
2767 5751 2892 5818 περὶ
2930 5748 3095 5801 αὑτοῦ
3145 5748 3432 5803 δοκοῦντα.

1877 5842 1937 5893 Ἢ
2012 5840 2247 5912 Hymnus
2275 5843 2323 5894 in
2357 5843 2489 5895 tllud
2526 5845 2688 5911 ipsum
2737 5843 2929 5906 lutum,
2989 5853 3035 5897 ct
3093 5844 3229 5910 quod
3274 5844 3441 5911 ipsum
