  <div class='ocr_page' id='page_1' title='image "/cluster/home/n/w/nwhite01/storage/ocr_20150623/150/pst.000005714704/455.png"; bbox 0 0 4140 6318; ppageno 0'>
   <div class='ocr_carea' id='block_1_1' title="bbox 629 333 733 399">
    <p class='ocr_par' dir='ltr' id='par_1_1' title="bbox 629 333 733 399">
     <span class='ocr_line' id='line_1_1' title="bbox 629 333 733 399; baseline 0 0"><span class='ocrx_word' id='word_1_1' title='bbox 629 333 733 399; x_wconf 71' lang='lat'><strong><em>897</em></strong></span> 
     </span>
    </p>
   </div>
   <div class='ocr_carea' id='block_1_2' title="bbox 702 440 2187 516">
    <p class='ocr_par' dir='ltr' id='par_1_2' title="bbox 702 440 2187 516">
     <span class='ocr_line' id='line_1_2' title="bbox 702 440 2187 516; baseline -0.007 -15"><span class='ocrx_word' id='word_1_2' title='bbox 702 469 754 501; x_wconf 87' lang='grc' dir='ltr'>ια</span> <span class='ocrx_word' id='word_1_3' title='bbox 776 490 786 500; x_wconf 96' lang='grc'><strong><em>.</em></strong></span> <span class='ocrx_word' id='word_1_4' title='bbox 811 447 943 516; x_wconf 84' lang='grc' dir='ltr'>Περὶ</span> <span class='ocrx_word' id='word_1_5' title='bbox 969 447 1066 514; x_wconf 80' lang='grc' dir='ltr'>τῆς</span> <span class='ocrx_word' id='word_1_6' title='bbox 1100 445 1237 499; x_wconf 88' lang='grc' dir='ltr'>κατά</span> <span class='ocrx_word' id='word_1_7' title='bbox 1270 446 1391 497; x_wconf 86' lang='grc' dir='ltr'>νοῦν</span> <span class='ocrx_word' id='word_1_8' title='bbox 1422 442 1637 513; x_wconf 71' lang='grc' dir='ltr'>σχολῆς,</span> <span class='ocrx_word' id='word_1_9' title='bbox 1672 441 1890 493; x_wconf 76' lang='grc' dir='ltr'>καὶτῶν</span> <span class='ocrx_word' id='word_1_10' title='bbox 1926 441 2032 492; x_wconf 77' lang='grc' dir='ltr'><strong><em>ἀπὸ</em></strong></span> <span class='ocrx_word' id='word_1_11' title='bbox 2058 440 2187 491; x_wconf 73' lang='grc' dir='ltr'>ταύ-</span> 
     </span>
    </p>
   </div>
   <div class='ocr_carea' id='block_1_3' title="bbox 626 529 2187 606">
    <p class='ocr_par' dir='ltr' id='par_1_3' title="bbox 626 529 2187 606">
     <span class='ocr_line' id='line_1_3' title="bbox 626 529 2187 606; baseline -0.006 -15"><span class='ocrx_word' id='word_1_12' title='bbox 626 557 727 606; x_wconf 87' lang='grc' dir='ltr'><strong><em>της</em></strong></span> <span class='ocrx_word' id='word_1_13' title='bbox 760 538 1117 606; x_wconf 78' lang='grc' dir='ltr'><strong><em>τικτομένων·</em></strong></span> <span class='ocrx_word' id='word_1_14' title='bbox 1145 538 1201 588; x_wconf 80' lang='grc' dir='ltr'>ὲν</span> <span class='ocrx_word' id='word_1_15' title='bbox 1233 529 1276 603; x_wconf 79' lang='grc' dir='ltr'>ᾧ</span> <span class='ocrx_word' id='word_1_16' title='bbox 1307 534 1399 588; x_wconf 74' lang='grc' dir='ltr'>καὶ</span> <span class='ocrx_word' id='word_1_17' title='bbox 1433 535 1560 603; x_wconf 79' lang='grc' dir='ltr'>περὶ</span> <span class='ocrx_word' id='word_1_18' title='bbox 1602 533 1745 585; x_wconf 83' lang='grc' dir='ltr'>θείου</span> <span class='ocrx_word' id='word_1_19' title='bbox 1798 534 1960 585; x_wconf 84' lang='grc' dir='ltr'>πάλιν</span> <span class='ocrx_word' id='word_1_20' title='bbox 2017 548 2187 599; x_wconf 80' lang='grc' dir='ltr'>φωτι-</span> 
     </span>
    </p>
   </div>
   <div class='ocr_carea' id='block_1_4' title="bbox 626 622 2188 701">
    <p class='ocr_par' dir='ltr' id='par_1_4' title="bbox 626 622 2188 701">
     <span class='ocr_line' id='line_1_4' title="bbox 626 622 2188 701; baseline -0.007 -20"><span class='ocrx_word' id='word_1_21' title='bbox 626 631 789 701; x_wconf 62' lang='grc' dir='ltr'>σμνιῦ,</span> <span class='ocrx_word' id='word_1_22' title='bbox 818 630 909 682; x_wconf 74' lang='grc' dir='ltr'><strong><em>καὶ</em></strong></span> <span class='ocrx_word' id='word_1_23' title='bbox 936 627 1056 680; x_wconf 86' lang='grc' dir='ltr'>ὅθεν</span> <span class='ocrx_word' id='word_1_24' title='bbox 1082 628 1147 681; x_wconf 81' lang='grc' dir='ltr'><strong><em>ἀν</em></strong></span> <span class='ocrx_word' id='word_1_25' title='bbox 1176 644 1256 688; x_wconf 88' lang='grc' dir='ltr'><strong><em>τις</em></strong></span> <span class='ocrx_word' id='word_1_26' title='bbox 1290 627 1725 694; x_wconf 78' lang='grc' dir='ltr'>τεκμηριὼσάιτο</span> <span class='ocrx_word' id='word_1_27' title='bbox 1756 624 1881 685; x_wconf 64' lang='grc' dir='ltr'>τοὺς</span> <span class='ocrx_word' id='word_1_28' title='bbox 1912 622 2188 688; x_wconf 80' lang='grc' dir='ltr'>κεκτημέ-</span> 
     </span>
    </p>
   </div>
   <div class='ocr_carea' id='block_1_5' title="bbox 624 712 2156 784">
    <p class='ocr_par' dir='ltr' id='par_1_5' title="bbox 624 712 2156 784">
     <span class='ocr_line' id='line_1_5' title="bbox 624 712 2156 784; baseline -0.007 -11"><span class='ocrx_word' id='word_1_29' title='bbox 624 740 767 784; x_wconf 90' lang='grc' dir='ltr'>νους.</span> <span class='ocrx_word' id='word_1_30' title='bbox 800 721 885 773; x_wconf 80' lang='grc' dir='ltr'><strong><em>Η.</em></strong></span> <span class='ocrx_word' id='word_1_31' title='bbox 918 719 990 773; x_wconf 90' lang='lat' dir='ltr'><strong><em>De</em></strong></span> <span class='ocrx_word' id='word_1_32' title='bbox 1024 720 1130 771; x_wconf 88' lang='lat' dir='ltr'><strong><em>otio</em></strong></span> <span class='ocrx_word' id='word_1_33' title='bbox 1166 719 1406 783; x_wconf 84' lang='lat' dir='ltr'><strong><em>mentali,</em></strong></span> <span class='ocrx_word' id='word_1_34' title='bbox 1445 727 1495 770; x_wconf 92' lang='lat' dir='ltr'><strong><em>et</em></strong></span> <span class='ocrx_word' id='word_1_35' title='bbox 1536 718 1597 769; x_wconf 90' lang='lat' dir='ltr'><strong><em>de</em></strong></span> <span class='ocrx_word' id='word_1_36' title='bbox 1632 717 1694 769; x_wconf 88' lang='lat' dir='ltr'><strong><em>iis</em></strong></span> <span class='ocrx_word' id='word_1_37' title='bbox 1725 731 1841 783; x_wconf 75' lang='lat' dir='ltr'><strong><em>qute</em></strong></span> <span class='ocrx_word' id='word_1_38' title='bbox 1872 715 1993 767; x_wconf 85' lang='lat' dir='ltr'><strong><em>inde</em></strong></span> <span class='ocrx_word' id='word_1_39' title='bbox 2020 712 2156 781; x_wconf 80' lang='lat' dir='ltr'><strong><em>proﬁ</em></strong></span> 
     </span>
    </p>
   </div>
   <div class='ocr_carea' id='block_1_6' title="bbox 626 806 2188 871">
    <p class='ocr_par' dir='ltr' id='par_1_6' title="bbox 626 806 2188 871">
     <span class='ocr_line' id='line_1_6' title="bbox 626 806 2188 871; baseline -0.004 -6"><span class='ocrx_word' id='word_1_40' title='bbox 626 814 938 866; x_wconf 89' lang='lat' dir='ltr'><strong><em>ciscuntur:</em></strong></span> <span class='ocrx_word' id='word_1_41' title='bbox 976 811 1063 863; x_wconf 91' lang='lat' dir='ltr'><strong><em>ubi</em></strong></span> <span class='ocrx_word' id='word_1_42' title='bbox 1126 813 1315 863; x_wconf 94' lang='lat' dir='ltr'><strong><em>iterum</em></strong></span> <span class='ocrx_word' id='word_1_43' title='bbox 1344 808 1406 862; x_wconf 86' lang='lat' dir='ltr'><strong><em>de</em></strong></span> <span class='ocrx_word' id='word_1_44' title='bbox 1441 808 1625 862; x_wconf 84' lang='lat' dir='ltr'><strong><em>divina</em></strong></span> <span class='ocrx_word' id='word_1_45' title='bbox 1680 806 2086 871; x_wconf 68' lang='lat' dir='ltr'><strong><em>illuminatione,</em></strong></span> <span class='ocrx_word' id='word_1_46' title='bbox 2140 815 2188 859; x_wconf 86' lang='lat' dir='ltr'><strong><em>ct</em></strong></span> 
     </span>
    </p>
   </div>
   <div class='ocr_carea' id='block_1_7' title="bbox 624 898 1858 970">
    <p class='ocr_par' dir='ltr' id='par_1_7' title="bbox 624 898 1858 970">
     <span class='ocr_line' id='line_1_7' title="bbox 624 898 1858 970; baseline -0.005 -15"><span class='ocrx_word' id='word_1_47' title='bbox 624 902 762 955; x_wconf 80' lang='lat' dir='ltr'><strong><em>unde</em></strong></span> <span class='ocrx_word' id='word_1_48' title='bbox 816 902 1059 970; x_wconf 75' lang='lat' dir='ltr'><strong><em>cognosci</em></strong></span> <span class='ocrx_word' id='word_1_49' title='bbox 1084 902 1288 969; x_wconf 84' lang='lat' dir='ltr'><strong><em>possint</em></strong></span> <span class='ocrx_word' id='word_1_50' title='bbox 1309 901 1397 970; x_wconf 92' lang='lat' dir='ltr'><strong><em>qui</em></strong></span> <span class='ocrx_word' id='word_1_51' title='bbox 1430 900 1583 970; x_wconf 86' lang='lat' dir='ltr'><strong><em>illam</em></strong></span> <span class='ocrx_word' id='word_1_52' title='bbox 1604 898 1858 951; x_wconf 74' lang='lat' dir='ltr'><strong><em>obtinent.</em></strong></span> 
     </span>
    </p>
   </div>
   <div class='ocr_carea' id='block_1_8' title="bbox 698 986 2195 1060">
    <p class='ocr_par' dir='ltr' id='par_1_8' title="bbox 698 986 2195 1060">
     <span class='ocr_line' id='line_1_8' title="bbox 698 986 2195 1060; baseline -0.004 -17"><span class='ocrx_word' id='word_1_53' title='bbox 698 992 784 1049; x_wconf 67' lang='grc' dir='ltr'><strong><em>ιϐῗ.</em></strong></span> <span class='ocrx_word' id='word_1_54' title='bbox 818 992 941 1046; x_wconf 80' lang='grc' dir='ltr'><strong><em>Ὀτι</em></strong></span> <span class='ocrx_word' id='word_1_55' title='bbox 965 993 1057 1045; x_wconf 75' lang='grc' dir='ltr'><strong><em>καὶ</em></strong></span> <span class='ocrx_word' id='word_1_56' title='bbox 1090 991 1324 1060; x_wconf 75' lang='grc' dir='ltr'>πονηρὸν</span> <span class='ocrx_word' id='word_1_57' title='bbox 1380 986 1523 1042; x_wconf 73' lang='grc' dir='ltr'>εἶναι</span> <span class='ocrx_word' id='word_1_58' title='bbox 1574 991 1828 1057; x_wconf 78' lang='grc' dir='ltr'>πειρᾶται</span> <span class='ocrx_word' id='word_1_59' title='bbox 1861 986 2135 1040; x_wconf 74' lang='grc' dir='ltr'><strong><em>δεικνύναι</em></strong></span> <span class='ocrx_word' id='word_1_60' title='bbox 2167 986 2195 1037; x_wconf 81' lang='grc' dir='ltr'>ὁ</span> 
     </span>
    </p>
   </div>
   <div class='ocr_carea' id='block_1_9' title="bbox 635 1079 2191 1152">
    <p class='ocr_par' dir='ltr' id='par_1_9' title="bbox 635 1079 2191 1152">
     <span class='ocr_line' id='line_1_9' title="bbox 635 1079 2191 1152; baseline -0.005 -14"><span class='ocrx_word' id='word_1_61' title='bbox 635 1084 939 1146; x_wconf 82' lang='grc' dir='ltr'>Ἀκίνδυνος</span> <span class='ocrx_word' id='word_1_62' title='bbox 962 1085 1023 1136; x_wconf 82' lang='grc' dir='ltr'><strong><em>τὸ</em></strong></span> <span class='ocrx_word' id='word_1_63' title='bbox 1053 1085 1167 1150; x_wconf 80' lang='grc' dir='ltr'>φῶς</span> <span class='ocrx_word' id='word_1_64' title='bbox 1197 1084 1297 1152; x_wconf 81' lang='grc' dir='ltr'>τῆς</span> <span class='ocrx_word' id='word_1_65' title='bbox 1329 1082 1421 1135; x_wconf 81' lang='grc' dir='ltr'><strong><em>τοῦ</em></strong></span> <span class='ocrx_word' id='word_1_66' title='bbox 1454 1082 1660 1152; x_wconf 80' lang='grc' dir='ltr'><strong><em>Κυρίου</em></strong></span> <span class='ocrx_word' id='word_1_67' title='bbox 1692 1079 2191 1149; x_wconf 77' lang='grc' dir='ltr'><strong><em>μεταμορφώσεως,</em></strong></span> 
     </span>
    </p>
   </div>
   <div class='ocr_carea' id='block_1_10' title="bbox 623 1170 2194 1244">
    <p class='ocr_par' dir='ltr' id='par_1_10' title="bbox 623 1170 2194 1244">
     <span class='ocr_line' id='line_1_10' title="bbox 623 1170 2194 1244; baseline -0.005 -16"><span class='ocrx_word' id='word_1_68' title='bbox 623 1176 719 1228; x_wconf 75' lang='grc' dir='ltr'><strong><em>καὶ</em></strong></span> <span class='ocrx_word' id='word_1_69' title='bbox 769 1178 895 1237; x_wconf 74' lang='grc' dir='ltr'>τοὺς</span> <span class='ocrx_word' id='word_1_70' title='bbox 947 1173 1022 1244; x_wconf 81' lang='grc' dir='ltr'>μὴ</span> <span class='ocrx_word' id='word_1_71' title='bbox 1067 1174 1227 1227; x_wconf 91' lang='grc' dir='ltr'>τοῦτο</span> <span class='ocrx_word' id='word_1_72' title='bbox 1286 1173 1524 1226; x_wconf 76' lang='grc' dir='ltr'>τοιοῦτον</span> <span class='ocrx_word' id='word_1_73' title='bbox 1579 1172 1859 1241; x_wconf 79' lang='grc' dir='ltr'>οἰομένους</span> <span class='ocrx_word' id='word_1_74' title='bbox 1932 1170 2194 1238; x_wconf 73' lang='grc' dir='ltr'>ἀπείρους</span> 
     </span>
    </p>
   </div>
   <div class='ocr_carea' id='block_1_11' title="bbox 624 1262 2194 1335">
    <p class='ocr_par' dir='ltr' id='par_1_11' title="bbox 624 1262 2194 1335">
     <span class='ocr_line' id='line_1_11' title="bbox 624 1262 2194 1335; baseline -0.003 -16"><span class='ocrx_word' id='word_1_75' title='bbox 624 1263 762 1320; x_wconf 70' lang='grc' dir='ltr'>εἷναί</span> <span class='ocrx_word' id='word_1_76' title='bbox 789 1282 921 1335; x_wconf 85' lang='grc' dir='ltr'>φησι</span> <span class='ocrx_word' id='word_1_77' title='bbox 950 1266 1049 1328; x_wconf 80' lang='grc' dir='ltr'><strong><em>τῆς</em></strong></span> <span class='ocrx_word' id='word_1_78' title='bbox 1083 1264 1356 1327; x_wconf 79' lang='grc' dir='ltr'>ἀπλανοῦς</span> <span class='ocrx_word' id='word_1_79' title='bbox 1415 1263 1797 1333; x_wconf 86' lang='grc' dir='ltr'>φωτοφανείας</span> <span class='ocrx_word' id='word_1_80' title='bbox 1865 1262 1958 1314; x_wconf 66' lang='grc' dir='ltr'>καὶ</span> <span class='ocrx_word' id='word_1_81' title='bbox 2010 1280 2194 1332; x_wconf 78' lang='grc' dir='ltr'>παρα-</span> 
     </span>
    </p>
   </div>
   <div class='ocr_carea' id='block_1_12' title="bbox 626 1352 2196 1426">
    <p class='ocr_par' dir='ltr' id='par_1_12' title="bbox 626 1352 2196 1426">
     <span class='ocr_line' id='line_1_12' title="bbox 626 1352 2196 1426; baseline -0.003 -16"><span class='ocrx_word' id='word_1_82' title='bbox 626 1359 893 1426; x_wconf 78' lang='grc' dir='ltr'>κλήσεως·</span> <span class='ocrx_word' id='word_1_83' title='bbox 927 1359 953 1409; x_wconf 87' lang='grc' dir='ltr'>ὁ</span> <span class='ocrx_word' id='word_1_84' title='bbox 985 1356 1030 1409; x_wconf 86' lang='grc' dir='ltr'>δ’</span> <span class='ocrx_word' id='word_1_85' title='bbox 1053 1356 1321 1425; x_wconf 80' lang='grc' dir='ltr'>ἡμέτερος</span> <span class='ocrx_word' id='word_1_86' title='bbox 1338 1357 1495 1423; x_wconf 83' lang='grc' dir='ltr'>λόγος</span> <span class='ocrx_word' id='word_1_87' title='bbox 1528 1355 1667 1408; x_wconf 81' lang='grc' dir='ltr'>θεῖόν</span> <span class='ocrx_word' id='word_1_88' title='bbox 1682 1373 1739 1407; x_wconf 89' lang='grc' dir='ltr'><strong><em>τε</em></strong></span> <span class='ocrx_word' id='word_1_89' title='bbox 1769 1354 1843 1417; x_wconf 86' lang='grc' dir='ltr'>ὠς</span> <span class='ocrx_word' id='word_1_90' title='bbox 1866 1352 2078 1424; x_wconf 84' lang='grc' dir='ltr'>ἀληθῶς</span> <span class='ocrx_word' id='word_1_91' title='bbox 2105 1356 2196 1405; x_wconf 77' lang='grc' dir='ltr'>καὶ</span> 
     </span>
    </p>
   </div>
   <div class='ocr_carea' id='block_1_13' title="bbox 627 1443 2197 1518">
    <p class='ocr_par' dir='ltr' id='par_1_13' title="bbox 627 1443 2197 1518">
     <span class='ocr_line' id='line_1_13' title="bbox 627 1443 2197 1518; baseline -0.004 -17"><span class='ocrx_word' id='word_1_92' title='bbox 627 1449 768 1518; x_wconf 81' lang='grc' dir='ltr'>ὑπὲρ</span> <span class='ocrx_word' id='word_1_93' title='bbox 793 1447 891 1518; x_wconf 81' lang='grc' dir='ltr'><strong><em>τὴν</em></strong></span> <span class='ocrx_word' id='word_1_94' title='bbox 923 1447 1173 1515; x_wconf 77' lang='grc' dir='ltr'>άπλανὴν</span> <span class='ocrx_word' id='word_1_95' title='bbox 1226 1449 1343 1517; x_wconf 86' lang='lat' dir='ltr'><strong><em>(sic)</em></strong></span> <span class='ocrx_word' id='word_1_96' title='bbox 1408 1446 1599 1514; x_wconf 68' lang='grc' dir='ltr'>κλῆσιν</span> <span class='ocrx_word' id='word_1_97' title='bbox 1639 1443 1780 1498; x_wconf 80' lang='grc' dir='ltr'>εἶναι</span> <span class='ocrx_word' id='word_1_98' title='bbox 1846 1445 2085 1499; x_wconf 85' lang='grc' dir='ltr'>δείκνυσι</span> <span class='ocrx_word' id='word_1_99' title='bbox 2136 1445 2197 1496; x_wconf 83' lang='grc' dir='ltr'><strong><em>τὸ</em></strong></span> 
     </span>
    </p>
   </div>
   <div class='ocr_carea' id='block_1_14' title="bbox 625 1538 2189 1610">
    <p class='ocr_par' dir='ltr' id='par_1_14' title="bbox 625 1538 2189 1610">
     <span class='ocr_line' id='line_1_14' title="bbox 625 1538 2189 1610; baseline -0.002 -18"><span class='ocrx_word' id='word_1_100' title='bbox 625 1541 770 1593; x_wconf 83' lang='grc' dir='ltr'>θεῖον</span> <span class='ocrx_word' id='word_1_101' title='bbox 809 1542 943 1610; x_wconf 87' lang='grc' dir='ltr'>φῶς.</span> <span class='ocrx_word' id='word_1_102' title='bbox 995 1540 1079 1593; x_wconf 69' lang='grc' dir='ltr'>ιτ.</span> <span class='ocrx_word' id='word_1_103' title='bbox 1141 1539 1291 1604; x_wconf 84' lang='lat' dir='ltr'><strong><em>Quod</em></strong></span> <span class='ocrx_word' id='word_1_104' title='bbox 1320 1541 1626 1609; x_wconf 79' lang='lat' dir='ltr'><strong><em>Acindynus</em></strong></span> <span class='ocrx_word' id='word_1_105' title='bbox 1690 1538 1862 1591; x_wconf 83' lang='lat' dir='ltr'><strong><em>lumen</em></strong></span> <span class='ocrx_word' id='word_1_106' title='bbox 1894 1538 2189 1607; x_wconf 83' lang='lat' dir='ltr'><strong><em>transﬁgu-</em></strong></span> 
     </span>
    </p>
   </div>
   <div class='ocr_carea' id='block_1_15' title="bbox 628 1628 2193 1692">
    <p class='ocr_par' dir='ltr' id='par_1_15' title="bbox 628 1628 2193 1692">
     <span class='ocr_line' id='line_1_15' title="bbox 628 1628 2193 1692; baseline -0.003 -9"><span class='ocrx_word' id='word_1_107' title='bbox 628 1633 852 1685; x_wconf 87' lang='lat' dir='ltr'><strong><em>rationis</em></strong></span> <span class='ocrx_word' id='word_1_108' title='bbox 883 1628 1093 1685; x_wconf 79' lang='lat' dir='ltr'><strong><em>Domini</em></strong></span> <span class='ocrx_word' id='word_1_109' title='bbox 1146 1630 1345 1684; x_wconf 86' lang='lat' dir='ltr'><strong><em>malum</em></strong></span> <span class='ocrx_word' id='word_1_110' title='bbox 1381 1647 1489 1683; x_wconf 84' lang='lat' dir='ltr'><strong><em>esse</em></strong></span> <span class='ocrx_word' id='word_1_111' title='bbox 1541 1630 1905 1683; x_wconf 81' lang='lat' dir='ltr'><strong><em>demonstrare</em></strong></span> <span class='ocrx_word' id='word_1_112' title='bbox 1954 1639 2193 1692; x_wconf 87' lang='lat' dir='ltr'><strong><em>conetur,</em></strong></span> 
     </span>
    </p>
   </div>
   <div class='ocr_carea' id='block_1_16' title="bbox 625 1721 2199 1789">
    <p class='ocr_par' dir='ltr' id='par_1_16' title="bbox 625 1721 2199 1789">
     <span class='ocr_line' id='line_1_16' title="bbox 625 1721 2199 1789; baseline -0.001 -16"><span class='ocrx_word' id='word_1_113' title='bbox 625 1730 673 1773; x_wconf 86' lang='lat' dir='ltr'><strong><em>et</em></strong></span> <span class='ocrx_word' id='word_1_114' title='bbox 704 1737 789 1773; x_wconf 86' lang='lat' dir='ltr'><strong><em>eos</em></strong></span> <span class='ocrx_word' id='word_1_115' title='bbox 816 1723 903 1789; x_wconf 87' lang='lat' dir='ltr'><strong><em>qui</em></strong></span> <span class='ocrx_word' id='word_1_116' title='bbox 934 1721 1065 1772; x_wconf 85' lang='lat' dir='ltr'><strong><em>illud</em></strong></span> <span class='ocrx_word' id='word_1_117' title='bbox 1098 1737 1200 1773; x_wconf 90' lang='lat' dir='ltr'><strong><em>non</em></strong></span> <span class='ocrx_word' id='word_1_118' title='bbox 1230 1721 1335 1773; x_wconf 90' lang='lat' dir='ltr'><strong><em>tale</em></strong></span> <span class='ocrx_word' id='word_1_119' title='bbox 1367 1736 1477 1773; x_wconf 87' lang='lat' dir='ltr'><strong><em>esse</em></strong></span> <span class='ocrx_word' id='word_1_120' title='bbox 1507 1728 1720 1789; x_wconf 86' lang='lat' dir='ltr'><strong><em>putant,</em></strong></span> <span class='ocrx_word' id='word_1_121' title='bbox 1784 1721 2054 1788; x_wconf 86' lang='lat' dir='ltr'><strong><em>imperitos</em></strong></span> <span class='ocrx_word' id='word_1_122' title='bbox 2088 1735 2199 1772; x_wconf 88' lang='lat' dir='ltr'><strong><em>esse</em></strong></span> 
     </span>
    </p>
   </div>
   <div class='ocr_carea' id='block_1_17' title="bbox 625 1811 2197 1867">
    <p class='ocr_par' dir='ltr' id='par_1_17' title="bbox 625 1811 2197 1867">
     <span class='ocr_line' id='line_1_17' title="bbox 625 1811 2197 1867; baseline -0.001 -3"><span class='ocrx_word' id='word_1_123' title='bbox 625 1814 767 1864; x_wconf 88' lang='lat' dir='ltr'><strong><em>dicat</em></strong></span> <span class='ocrx_word' id='word_1_124' title='bbox 822 1822 1000 1867; x_wconf 77' lang='lat' dir='ltr'><strong><em>errare</em></strong></span> <span class='ocrx_word' id='word_1_125' title='bbox 1074 1827 1252 1865; x_wconf 71' lang='lat' dir='ltr'><strong><em>vacua:</em></strong></span> <span class='ocrx_word' id='word_1_126' title='bbox 1313 1811 1710 1864; x_wconf 84' lang='lat' dir='ltr'><strong><em>illustrationis.</em></strong></span> <span class='ocrx_word' id='word_1_127' title='bbox 1761 1811 1826 1864; x_wconf 79' lang='lat' dir='ltr'><strong><em>At</em></strong></span> <span class='ocrx_word' id='word_1_128' title='bbox 1879 1821 1986 1863; x_wconf 91' lang='lat' dir='ltr'><strong><em>vtce</em></strong></span> <span class='ocrx_word' id='word_1_129' title='bbox 2049 1827 2197 1864; x_wconf 80' lang='lat' dir='ltr'><strong><em>versa</em></strong></span> 
     </span>
    </p>
   </div>
   <div class='ocr_carea' id='block_1_18' title="bbox 626 1905 2199 1974">
    <p class='ocr_par' dir='ltr' id='par_1_18' title="bbox 626 1905 2199 1974">
     <span class='ocr_line' id='line_1_18' title="bbox 626 1905 2199 1974; baseline 0.001 -17"><span class='ocrx_word' id='word_1_130' title='bbox 626 1920 796 1957; x_wconf 89' lang='lat' dir='ltr'><strong><em>sermo</em></strong></span> <span class='ocrx_word' id='word_1_131' title='bbox 824 1918 999 1958; x_wconf 90' lang='lat' dir='ltr'><strong><em>noster</em></strong></span> <span class='ocrx_word' id='word_1_132' title='bbox 1028 1921 1144 1959; x_wconf 85' lang='lat' dir='ltr'><strong><em>vere</em></strong></span> <span class='ocrx_word' id='word_1_133' title='bbox 1174 1905 1412 1958; x_wconf 88' lang='lat' dir='ltr'><strong><em>divinum</em></strong></span> <span class='ocrx_word' id='word_1_134' title='bbox 1465 1914 1514 1958; x_wconf 79' lang='lat' dir='ltr'><strong><em>et</em></strong></span> <span class='ocrx_word' id='word_1_135' title='bbox 1554 1906 1831 1974; x_wconf 79' lang='lat' dir='ltr'><strong><em>plusquam</em></strong></span> <span class='ocrx_word' id='word_1_136' title='bbox 1886 1923 2069 1960; x_wconf 55' lang='lat' dir='ltr'><strong><em>errore</em></strong></span> <span class='ocrx_word' id='word_1_137' title='bbox 2110 1922 2199 1958; x_wconf 81' lang='grc' dir='ltr'>ιά-</span> 
     </span>
    </p>
   </div>
   <div class='ocr_carea' id='block_1_19' title="bbox 627 1997 1847 2056">
    <p class='ocr_par' dir='ltr' id='par_1_19' title="bbox 627 1997 1847 2056">
     <span class='ocr_line' id='line_1_19' title="bbox 627 1997 1847 2056; baseline 0.003 -9"><span class='ocrx_word' id='word_1_138' title='bbox 627 2012 781 2050; x_wconf 82' lang='lat' dir='ltr'><strong><em>cuum</em></strong></span> <span class='ocrx_word' id='word_1_139' title='bbox 803 1997 1067 2056; x_wconf 83' lang='lat' dir='ltr'><strong><em>eiusmodi</em></strong></span> <span class='ocrx_word' id='word_1_140' title='bbox 1094 1998 1330 2049; x_wconf 82' lang='lat' dir='ltr'><strong><em>divinum</em></strong></span> <span class='ocrx_word' id='word_1_141' title='bbox 1358 2013 1469 2049; x_wconf 87' lang='lat' dir='ltr'><strong><em>esse</em></strong></span> <span class='ocrx_word' id='word_1_142' title='bbox 1498 2000 1847 2051; x_wconf 70' lang='lat' dir='ltr'><strong><em>demonstrat.</em></strong></span> 
     </span>
    </p>
   </div>
   <div class='ocr_carea' id='block_1_20' title="bbox 702 2087 2201 2157">
    <p class='ocr_par' dir='ltr' id='par_1_20' title="bbox 702 2087 2201 2157">
     <span class='ocr_line' id='line_1_20' title="bbox 702 2087 2201 2157; baseline 0.003 -19"><span class='ocrx_word' id='word_1_143' title='bbox 702 2092 792 2154; x_wconf 81' lang='grc' dir='ltr'><strong><em>ιγ’.</em></strong></span> <span class='ocrx_word' id='word_1_144' title='bbox 822 2087 947 2139; x_wconf 88' lang='grc' dir='ltr'><strong><em>Ὅτι</em></strong></span> <span class='ocrx_word' id='word_1_145' title='bbox 978 2088 1227 2157; x_wconf 80' lang='grc' dir='ltr'><strong><em>ἀφρόνως</em></strong></span> <span class='ocrx_word' id='word_1_146' title='bbox 1269 2089 1296 2139; x_wconf 80' lang='grc' dir='ltr'>ὁ</span> <span class='ocrx_word' id='word_1_147' title='bbox 1338 2088 1641 2149; x_wconf 85' lang='grc' dir='ltr'>Ἀκίνδυνος</span> <span class='ocrx_word' id='word_1_148' title='bbox 1687 2090 1862 2141; x_wconf 75' lang='grc' dir='ltr'>καὶτὸ</span> <span class='ocrx_word' id='word_1_149' title='bbox 1912 2090 2201 2142; x_wconf 82' lang='grc' dir='ltr'>ἱδιαίτατον</span> 
     </span>
    </p>
   </div>
   <div class='ocr_carea' id='block_1_21' title="bbox 624 2177 2199 2249">
    <p class='ocr_par' dir='ltr' id='par_1_21' title="bbox 624 2177 2199 2249">
     <span class='ocr_line' id='line_1_21' title="bbox 624 2177 2199 2249; baseline 0.003 -20"><span class='ocrx_word' id='word_1_150' title='bbox 624 2177 818 2232; x_wconf 78' lang='grc' dir='ltr'>ἑαυτοῦ</span> <span class='ocrx_word' id='word_1_151' title='bbox 852 2178 966 2245; x_wconf 82' lang='grc' dir='ltr'>φῶς</span> <span class='ocrx_word' id='word_1_152' title='bbox 996 2179 1127 2249; x_wconf 72' lang='grc' dir='ltr'>όρᾷν</span> <span class='ocrx_word' id='word_1_153' title='bbox 1157 2195 1289 2247; x_wconf 83' lang='grc' dir='ltr'>φησι</span> <span class='ocrx_word' id='word_1_154' title='bbox 1336 2178 1429 2231; x_wconf 81' lang='grc' dir='ltr'><strong><em>τὸν</em></strong></span> <span class='ocrx_word' id='word_1_155' title='bbox 1484 2180 1551 2232; x_wconf 80' lang='grc' dir='ltr'><strong><em>δι’</em></strong></span> <span class='ocrx_word' id='word_1_156' title='bbox 1589 2179 1791 2249; x_wconf 78' lang='grc' dir='ltr'>ἀρετῆς</span> <span class='ocrx_word' id='word_1_157' title='bbox 1845 2179 2199 2249; x_wconf 77' lang='grc' dir='ltr'>κεκαθαρμέ-</span> 
     </span>
    </p>
   </div>
   <div class='ocr_carea' id='block_1_22' title="bbox 628 2264 2197 2337">
    <p class='ocr_par' dir='ltr' id='par_1_22' title="bbox 628 2264 2197 2337">
     <span class='ocr_line' id='line_1_22' title="bbox 628 2264 2197 2337; baseline 0.001 -20"><span class='ocrx_word' id='word_1_158' title='bbox 628 2283 719 2318; x_wconf 91' lang='grc' dir='ltr'><strong><em>νον</em></strong></span> <span class='ocrx_word' id='word_1_159' title='bbox 749 2264 873 2319; x_wconf 83' lang='grc' dir='ltr'>νοῦν</span> <span class='ocrx_word' id='word_1_160' title='bbox 928 2267 1098 2335; x_wconf 70' lang='grc' dir='ltr'>χωρὶς</span> <span class='ocrx_word' id='word_1_161' title='bbox 1147 2266 1292 2319; x_wconf 85' lang='grc' dir='ltr'>θείου</span> <span class='ocrx_word' id='word_1_162' title='bbox 1350 2267 1655 2337; x_wconf 84' lang='grc' dir='ltr'>φωτισμοῦ,</span> <span class='ocrx_word' id='word_1_163' title='bbox 1705 2268 1798 2318; x_wconf 73' lang='grc' dir='ltr'><strong><em>καὶ</em></strong></span> <span class='ocrx_word' id='word_1_164' title='bbox 1837 2268 2197 2331; x_wconf 70' lang='grc' dir='ltr'>κχκοΰούλως</span> 
     </span>
    </p>
   </div>
   <div class='ocr_carea' id='block_1_23' title="bbox 630 2357 2194 2428">
    <p class='ocr_par' dir='ltr' id='par_1_23' title="bbox 630 2357 2194 2428">
     <span class='ocr_line' id='line_1_23' title="bbox 630 2357 2194 2428; baseline 0.002 -19"><span class='ocrx_word' id='word_1_165' title='bbox 630 2357 830 2426; x_wconf 82' lang='grc' dir='ltr'>μᾶλλον</span> <span class='ocrx_word' id='word_1_166' title='bbox 860 2357 957 2425; x_wconf 81' lang='grc' dir='ltr'><strong><em>τὴν</em></strong></span> <span class='ocrx_word' id='word_1_167' title='bbox 995 2358 1163 2425; x_wconf 79' lang='grc' dir='ltr'>ἀλλην</span> <span class='ocrx_word' id='word_1_168' title='bbox 1200 2359 1298 2426; x_wconf 87' lang='grc' dir='ltr'><strong><em>τῆς</em></strong></span> <span class='ocrx_word' id='word_1_169' title='bbox 1350 2359 1529 2428; x_wconf 80' lang='grc' dir='ltr'>ψυχῆς</span> <span class='ocrx_word' id='word_1_170' title='bbox 1586 2359 1935 2428; x_wconf 81' lang='grc' dir='ltr'>παράκλησιν</span> <span class='ocrx_word' id='word_1_171' title='bbox 1987 2362 2194 2428; x_wconf 76' lang='grc' dir='ltr'><strong><em>ἐκφεύ-</em></strong></span> 
     </span>
    </p>
   </div>
   <div class='ocr_carea' id='block_1_24' title="bbox 627 2446 2202 2519">
    <p class='ocr_par' dir='ltr' id='par_1_24' title="bbox 627 2446 2202 2519">
     <span class='ocr_line' id='line_1_24' title="bbox 627 2446 2202 2519; baseline 0.003 -20"><span class='ocrx_word' id='word_1_172' title='bbox 627 2465 747 2515; x_wconf 82' lang='grc' dir='ltr'>γειν</span> <span class='ocrx_word' id='word_1_173' title='bbox 770 2446 927 2499; x_wconf 90' lang='grc' dir='ltr'>τοῦτο</span> <span class='ocrx_word' id='word_1_174' title='bbox 949 2451 1221 2517; x_wconf 85' lang='grc' dir='ltr'>παραινεῖ.</span> <span class='ocrx_word' id='word_1_175' title='bbox 1254 2450 1339 2503; x_wconf 77' lang='grc'><strong><em>15.</em></strong></span> <span class='ocrx_word' id='word_1_176' title='bbox 1368 2448 1524 2515; x_wconf 84' lang='lat' dir='ltr'><strong><em>Quod</em></strong></span> <span class='ocrx_word' id='word_1_177' title='bbox 1553 2449 1712 2503; x_wconf 88' lang='lat' dir='ltr'><strong><em>stulte</em></strong></span> <span class='ocrx_word' id='word_1_178' title='bbox 1746 2451 2051 2519; x_wconf 81' lang='lat' dir='ltr'><strong><em>Acindynus</em></strong></span> <span class='ocrx_word' id='word_1_179' title='bbox 2084 2468 2202 2505; x_wconf 86' lang='lat' dir='ltr'><strong><em>eum</em></strong></span> 
     </span>
    </p>
   </div>
   <div class='ocr_carea' id='block_1_25' title="bbox 625 2541 2194 2610">
    <p class='ocr_par' dir='ltr' id='par_1_25' title="bbox 625 2541 2194 2610">
     <span class='ocr_line' id='line_1_25' title="bbox 625 2541 2194 2610; baseline 0.002 -18"><span class='ocrx_word' id='word_1_180' title='bbox 625 2541 716 2609; x_wconf 87' lang='lat' dir='ltr'><strong><em>qui</em></strong></span> <span class='ocrx_word' id='word_1_181' title='bbox 755 2556 846 2607; x_wconf 88' lang='lat' dir='ltr'><strong><em>per</em></strong></span> <span class='ocrx_word' id='word_1_182' title='bbox 876 2542 1121 2593; x_wconf 75' lang='lat' dir='ltr'><strong><em>virtutem</em></strong></span> <span class='ocrx_word' id='word_1_183' title='bbox 1152 2551 1433 2609; x_wconf 85' lang='lat' dir='ltr'><strong><em>purgatam</em></strong></span> <span class='ocrx_word' id='word_1_184' title='bbox 1453 2541 1609 2594; x_wconf 87' lang='lat' dir='ltr'><strong><em>habet</em></strong></span> <span class='ocrx_word' id='word_1_185' title='bbox 1640 2551 1885 2601; x_wconf 88' lang='lat' dir='ltr'><strong><em>mentem.</em></strong></span> <span class='ocrx_word' id='word_1_186' title='bbox 1917 2546 2194 2610; x_wconf 84' lang='lat' dir='ltr'><strong><em>proprium</em></strong></span> 
     </span>
    </p>
   </div>
   <div class='ocr_carea' id='block_1_26' title="bbox 625 2634 2199 2701">
    <p class='ocr_par' dir='ltr' id='par_1_26' title="bbox 625 2634 2199 2701">
     <span class='ocr_line' id='line_1_26' title="bbox 625 2634 2199 2701; baseline 0.003 -15"><span class='ocrx_word' id='word_1_187' title='bbox 625 2634 726 2687; x_wconf 89' lang='lat' dir='ltr'><strong><em>sibi</em></strong></span> <span class='ocrx_word' id='word_1_188' title='bbox 783 2635 959 2687; x_wconf 89' lang='lat' dir='ltr'><strong><em>lumen</em></strong></span> <span class='ocrx_word' id='word_1_189' title='bbox 1009 2634 1181 2688; x_wconf 73' lang='lat' dir='ltr'><strong><em>videre</em></strong></span> <span class='ocrx_word' id='word_1_190' title='bbox 1236 2636 1312 2688; x_wconf 91' lang='lat' dir='ltr'><strong><em>ait</em></strong></span> <span class='ocrx_word' id='word_1_191' title='bbox 1379 2637 1492 2687; x_wconf 89' lang='lat' dir='ltr'><strong><em>sine</em></strong></span> <span class='ocrx_word' id='word_1_192' title='bbox 1532 2636 1707 2688; x_wconf 87' lang='lat' dir='ltr'><strong><em>divina</em></strong></span> <span class='ocrx_word' id='word_1_193' title='bbox 1765 2635 2199 2701; x_wconf 87' lang='lat' dir='ltr'><strong><em>illuminatione;</em></strong></span> 
     </span>
    </p>
   </div>
   <div class='ocr_carea' id='block_1_27' title="bbox 633 2726 2203 2794">
    <p class='ocr_par' dir='ltr' id='par_1_27' title="bbox 633 2726 2203 2794">
     <span class='ocr_line' id='line_1_27' title="bbox 633 2726 2203 2794; baseline 0.004 -19"><span class='ocrx_word' id='word_1_194' title='bbox 633 2726 760 2792; x_wconf 87' lang='lat' dir='ltr'><strong><em>quin</em></strong></span> <span class='ocrx_word' id='word_1_195' title='bbox 817 2727 979 2787; x_wconf 85' lang='lat' dir='ltr'><strong><em>etiam</em></strong></span> <span class='ocrx_word' id='word_1_196' title='bbox 1026 2741 1190 2794; x_wconf 86' lang='lat' dir='ltr'><strong><em>pravo</em></strong></span> <span class='ocrx_word' id='word_1_197' title='bbox 1252 2726 1473 2780; x_wconf 80' lang='lat' dir='ltr'><strong><em>consilio</em></strong></span> <span class='ocrx_word' id='word_1_198' title='bbox 1512 2742 1718 2779; x_wconf 88' lang='lat' dir='ltr'><strong><em>omnem</em></strong></span> <span class='ocrx_word' id='word_1_199' title='bbox 1789 2727 1953 2778; x_wconf 87' lang='lat' dir='ltr'><strong><em>aliam</em></strong></span> <span class='ocrx_word' id='word_1_200' title='bbox 2011 2730 2203 2782; x_wconf 78' lang='lat' dir='ltr'><strong><em>aninte</em></strong></span> 
     </span>
    </p>
   </div>
   <div class='ocr_carea' id='block_1_28' title="bbox 625 2817 1528 2889">
    <p class='ocr_par' dir='ltr' id='par_1_28' title="bbox 625 2817 1528 2889">
     <span class='ocr_line' id='line_1_28' title="bbox 625 2817 1528 2889; baseline 0.003 -19"><span class='ocrx_word' id='word_1_201' title='bbox 625 2817 1032 2872; x_wconf 75' lang='lat' dir='ltr'><strong><em>consolationem</em></strong></span> <span class='ocrx_word' id='word_1_202' title='bbox 1056 2819 1234 2889; x_wconf 76' lang='lat' dir='ltr'><strong><em>fugere</em></strong></span> <span class='ocrx_word' id='word_1_203' title='bbox 1262 2820 1528 2873; x_wconf 81' lang='lat' dir='ltr'><strong><em>hortatur.</em></strong></span> 
     </span>
    </p>
   </div>
   <div class='ocr_carea' id='block_1_29' title="bbox 703 2902 2202 2978">
    <p class='ocr_par' dir='ltr' id='par_1_29' title="bbox 703 2902 2202 2978">
     <span class='ocr_line' id='line_1_29' title="bbox 703 2902 2202 2978; baseline 0.001 -19"><span class='ocrx_word' id='word_1_204' title='bbox 703 2907 787 2961; x_wconf 82' lang='grc' dir='ltr'><strong><em>ιδ’.</em></strong></span> <span class='ocrx_word' id='word_1_205' title='bbox 823 2908 1031 2974; x_wconf 79' lang='grc' dir='ltr'>Ὀτιὲξ</span> <span class='ocrx_word' id='word_1_206' title='bbox 1060 2902 1134 2961; x_wconf 81' lang='grc' dir='ltr'>ὧν</span> <span class='ocrx_word' id='word_1_207' title='bbox 1182 2907 1276 2961; x_wconf 90' lang='grc' dir='ltr'><strong><em>νῦν</em></strong></span> <span class='ocrx_word' id='word_1_208' title='bbox 1326 2909 1482 2970; x_wconf 78' lang='grc' dir='ltr'>αὖθις</span> <span class='ocrx_word' id='word_1_209' title='bbox 1512 2912 1539 2964; x_wconf 84' lang='grc' dir='ltr'>ὁ</span> <span class='ocrx_word' id='word_1_210' title='bbox 1586 2910 1748 2973; x_wconf 78' lang='grc' dir='ltr'>αὑτός</span> <span class='ocrx_word' id='word_1_211' title='bbox 1802 2927 1955 2978; x_wconf 84' lang='grc' dir='ltr'>φησι,</span> <span class='ocrx_word' id='word_1_212' title='bbox 1995 2912 2202 2971; x_wconf 82' lang='grc' dir='ltr'>πάντας</span> 
     </span>
    </p>
   </div>
   <div class='ocr_carea' id='block_1_30' title="bbox 624 2998 2204 3069">
    <p class='ocr_par' dir='ltr' id='par_1_30' title="bbox 624 2998 2204 3069">
     <span class='ocr_line' id='line_1_30' title="bbox 624 2998 2204 3069; baseline 0.001 -20"><span class='ocrx_word' id='word_1_213' title='bbox 624 2999 751 3060; x_wconf 81' lang='grc' dir='ltr'>τοὺς</span> <span class='ocrx_word' id='word_1_214' title='bbox 779 2998 874 3051; x_wconf 89' lang='grc' dir='ltr'>ἀπ’</span> <span class='ocrx_word' id='word_1_215' title='bbox 896 2999 1093 3063; x_wconf 69' lang='grc' dir='ltr'>αἰῶνος</span> <span class='ocrx_word' id='word_1_216' title='bbox 1135 3005 1229 3054; x_wconf 74' lang='grc' dir='ltr'><strong><em>καὶ</em></strong></span> <span class='ocrx_word' id='word_1_217' title='bbox 1264 3003 1548 3069; x_wconf 72' lang='grc' dir='ltr'><strong><em>προφήτας</em></strong></span> <span class='ocrx_word' id='word_1_218' title='bbox 1591 3003 1693 3055; x_wconf 75' lang='grc' dir='ltr'><strong><em>καὶ</em></strong></span> <span class='ocrx_word' id='word_1_219' title='bbox 1742 3001 2075 3061; x_wconf 80' lang='grc' dir='ltr'>ἀποστόλους</span> <span class='ocrx_word' id='word_1_220' title='bbox 2108 3002 2204 3053; x_wconf 71' lang='grc' dir='ltr'>καὶ</span> 
     </span>
    </p>
   </div>
   <div class='ocr_carea' id='block_1_31' title="bbox 626 3088 2203 3161">
    <p class='ocr_par' dir='ltr' id='par_1_31' title="bbox 626 3088 2203 3161">
     <span class='ocr_line' id='line_1_31' title="bbox 626 3088 2203 3161; baseline 0.001 -19"><span class='ocrx_word' id='word_1_221' title='bbox 626 3091 901 3159; x_wconf 74' lang='grc' dir='ltr'>Πατέρας,</span> <span class='ocrx_word' id='word_1_222' title='bbox 934 3092 1026 3146; x_wconf 76' lang='grc' dir='ltr'>καὶ</span> <span class='ocrx_word' id='word_1_223' title='bbox 1063 3093 1344 3161; x_wconf 84' lang='grc' dir='ltr'>μάρτυρας</span> <span class='ocrx_word' id='word_1_224' title='bbox 1395 3093 1845 3160; x_wconf 82' lang='grc' dir='ltr'>πεπλανημένους</span> <span class='ocrx_word' id='word_1_225' title='bbox 1911 3088 2050 3146; x_wconf 68' lang='grc' dir='ltr'>εἶναι</span> <span class='ocrx_word' id='word_1_226' title='bbox 2108 3092 2203 3145; x_wconf 76' lang='grc' dir='ltr'><strong><em>καὶ</em></strong></span> 
     </span>
    </p>
   </div>
   <div class='ocr_carea' id='block_1_32' title="bbox 628 3181 2207 3251">
    <p class='ocr_par' dir='ltr' id='par_1_32' title="bbox 628 3181 2207 3251">
     <span class='ocr_line' id='line_1_32' title="bbox 628 3181 2207 3251; baseline 0.003 -20"><span class='ocrx_word' id='word_1_227' title='bbox 628 3181 940 3249; x_wconf 74' lang='grc' dir='ltr'><strong><em>μεμηνότας</em></strong></span> <span class='ocrx_word' id='word_1_228' title='bbox 993 3182 1023 3235; x_wconf 82' lang='grc' dir='ltr'><strong>ὁ</strong></span> <span class='ocrx_word' id='word_1_229' title='bbox 1050 3182 1215 3245; x_wconf 83' lang='grc' dir='ltr'>τάλας</span> <span class='ocrx_word' id='word_1_230' title='bbox 1239 3183 1527 3251; x_wconf 67' lang='grc' dir='ltr'>ἀποφαίνει</span> <span class='ocrx_word' id='word_1_231' title='bbox 1592 3184 1676 3235; x_wconf 70' lang='grc'><strong><em>14.</em></strong></span> <span class='ocrx_word' id='word_1_232' title='bbox 1714 3182 1864 3247; x_wconf 78' lang='lat' dir='ltr'><strong><em>Quod</em></strong></span> <span class='ocrx_word' id='word_1_233' title='bbox 1891 3198 1953 3235; x_wconf 72' lang='lat' dir='ltr'><strong><em>ex</em></strong></span> <span class='ocrx_word' id='word_1_234' title='bbox 1988 3183 2052 3235; x_wconf 90' lang='lat' dir='ltr'><strong><em>iis</em></strong></span> <span class='ocrx_word' id='word_1_235' title='bbox 2090 3198 2207 3251; x_wconf 74' lang='lat' dir='ltr'><strong><em>qua:</em></strong></span> 
     </span>
    </p>
   </div>
   <div class='ocr_carea' id='block_1_33' title="bbox 629 3273 2205 3342">
    <p class='ocr_par' dir='ltr' id='par_1_33' title="bbox 629 3273 2205 3342">
     <span class='ocr_line' id='line_1_33' title="bbox 629 3273 2205 3342; baseline 0 -18"><span class='ocrx_word' id='word_1_236' title='bbox 629 3288 841 3325; x_wconf 86' lang='lat' dir='ltr'><strong><em>rursum</em></strong></span> <span class='ocrx_word' id='word_1_237' title='bbox 866 3274 1016 3338; x_wconf 84' lang='lat' dir='ltr'><strong><em>dicit,</em></strong></span> <span class='ocrx_word' id='word_1_238' title='bbox 1047 3289 1221 3328; x_wconf 87' lang='lat' dir='ltr'><strong><em>omnes</em></strong></span> <span class='ocrx_word' id='word_1_239' title='bbox 1268 3291 1300 3327; x_wconf 93' lang='lat' dir='ltr'><strong><em>a</em></strong></span> <span class='ocrx_word' id='word_1_240' title='bbox 1343 3274 1535 3328; x_wconf 80' lang='lat' dir='ltr'><strong><em>steculo</em></strong></span> <span class='ocrx_word' id='word_1_241' title='bbox 1574 3275 1874 3342; x_wconf 82' lang='lat' dir='ltr'><strong><em>prophetas,</em></strong></span> <span class='ocrx_word' id='word_1_242' title='bbox 1920 3273 2205 3340; x_wconf 89' lang='lat' dir='ltr'><strong><em>apostolos.</em></strong></span> 
     </span>
    </p>
   </div>
   <div class='ocr_carea' id='block_1_34' title="bbox 632 3363 2204 3437">
    <p class='ocr_par' dir='ltr' id='par_1_34' title="bbox 632 3363 2204 3437">
     <span class='ocr_line' id='line_1_34' title="bbox 632 3363 2204 3437; baseline 0 -22"><span class='ocrx_word' id='word_1_243' title='bbox 632 3363 821 3417; x_wconf 79' lang='lat' dir='ltr'><strong><em>Patres</em></strong></span> <span class='ocrx_word' id='word_1_244' title='bbox 847 3373 895 3418; x_wconf 91' lang='lat' dir='ltr'><strong><em>et</em></strong></span> <span class='ocrx_word' id='word_1_245' title='bbox 919 3374 1174 3437; x_wconf 81' lang='lat' dir='ltr'><strong><em>martyres</em></strong></span> <span class='ocrx_word' id='word_1_246' title='bbox 1203 3366 1255 3418; x_wconf 89' lang='lat' dir='ltr'><strong><em>in</em></strong></span> <span class='ocrx_word' id='word_1_247' title='bbox 1291 3381 1463 3418; x_wconf 88' lang='lat' dir='ltr'><strong><em>errore</em></strong></span> <span class='ocrx_word' id='word_1_248' title='bbox 1502 3376 1549 3419; x_wconf 93' lang='lat' dir='ltr'><strong><em>et</em></strong></span> <span class='ocrx_word' id='word_1_249' title='bbox 1585 3366 1811 3434; x_wconf 77' lang='lat' dir='ltr'><strong><em>furiosos</em></strong></span> <span class='ocrx_word' id='word_1_250' title='bbox 1861 3366 2023 3434; x_wconf 84' lang='lat' dir='ltr'><strong><em>fuisse</em></strong></span> <span class='ocrx_word' id='word_1_251' title='bbox 2046 3365 2204 3417; x_wconf 91' lang='lat' dir='ltr'><strong><em>miser</em></strong></span> 
     </span>
    </p>
   </div>
   <div class='ocr_carea' id='block_1_35' title="bbox 629 3455 1009 3509">
    <p class='ocr_par' dir='ltr' id='par_1_35' title="bbox 629 3455 1009 3509">
     <span class='ocr_line' id='line_1_35' title="bbox 629 3455 1009 3509; baseline 0.003 -2"><span class='ocrx_word' id='word_1_252' title='bbox 629 3456 721 3508; x_wconf 84' lang='lat' dir='ltr'><strong><em>ille</em></strong></span> <span class='ocrx_word' id='word_1_253' title='bbox 750 3455 1009 3509; x_wconf 79' lang='lat' dir='ltr'><strong><em>declarat.</em></strong></span> 
     </span>
    </p>
   </div>
   <div class='ocr_carea' id='block_1_36' title="bbox 708 3546 2206 3618">
    <p class='ocr_par' dir='ltr' id='par_1_36' title="bbox 708 3546 2206 3618">
     <span class='ocr_line' id='line_1_36' title="bbox 708 3546 2206 3618; baseline 0.002 -22"><span class='ocrx_word' id='word_1_254' title='bbox 708 3552 788 3599; x_wconf 81' lang='grc' dir='ltr'><strong><em>ιε’.</em></strong></span> <span class='ocrx_word' id='word_1_255' title='bbox 825 3547 944 3600; x_wconf 88' lang='grc' dir='ltr'>Ὀτι</span> <span class='ocrx_word' id='word_1_256' title='bbox 977 3547 1151 3600; x_wconf 77' lang='grc' dir='ltr'>καὶτὸ</span> <span class='ocrx_word' id='word_1_257' title='bbox 1179 3549 1275 3617; x_wconf 85' lang='grc' dir='ltr'>τῆς</span> <span class='ocrx_word' id='word_1_258' title='bbox 1317 3547 1409 3600; x_wconf 87' lang='grc' dir='ltr'><strong><em>τοῦ</em></strong></span> <span class='ocrx_word' id='word_1_259' title='bbox 1475 3547 1679 3618; x_wconf 80' lang='grc' dir='ltr'>Κυρίου</span> <span class='ocrx_word' id='word_1_260' title='bbox 1737 3546 2206 3617; x_wconf 84' lang='grc' dir='ltr'>ενανθρωπήσεως</span> 
     </span>
    </p>
   </div>
   <div class='ocr_carea' id='block_1_37' title="bbox 635 3638 2207 3709">
    <p class='ocr_par' dir='ltr' id='par_1_37' title="bbox 635 3638 2207 3709">
     <span class='ocr_line' id='line_1_37' title="bbox 635 3638 2207 3709; baseline 0.001 -19"><span class='ocrx_word' id='word_1_261' title='bbox 635 3639 934 3709; x_wconf 81' lang='grc' dir='ltr'>μυστήριον</span> <span class='ocrx_word' id='word_1_262' title='bbox 960 3638 1258 3705; x_wconf 80' lang='grc' dir='ltr'>διαόάλλει,</span> <span class='ocrx_word' id='word_1_263' title='bbox 1289 3640 1349 3693; x_wconf 83' lang='grc' dir='ltr'>τὸ</span> <span class='ocrx_word' id='word_1_264' title='bbox 1367 3640 1523 3708; x_wconf 82' lang='grc' dir='ltr'>σῶμα</span> <span class='ocrx_word' id='word_1_265' title='bbox 1559 3639 1652 3693; x_wconf 87' lang='grc' dir='ltr'><strong><em>τοῦ</em></strong></span> <span class='ocrx_word' id='word_1_266' title='bbox 1678 3638 1913 3709; x_wconf 81' lang='grc' dir='ltr'><strong><em>Χριστοῦ</em></strong></span> <span class='ocrx_word' id='word_1_267' title='bbox 1939 3639 2207 3709; x_wconf 79' lang='grc' dir='ltr'>σύμῦολον</span> 
     </span>
    </p>
   </div>
   <div class='ocr_carea' id='block_1_38' title="bbox 631 3724 2196 3800">
    <p class='ocr_par' dir='ltr' id='par_1_38' title="bbox 631 3724 2196 3800">
     <span class='ocr_line' id='line_1_38' title="bbox 631 3724 2196 3800; baseline 0.001 -21"><span class='ocrx_word' id='word_1_268' title='bbox 631 3724 771 3781; x_wconf 73' lang='grc' dir='ltr'>εἶναι</span> <span class='ocrx_word' id='word_1_269' title='bbox 821 3728 993 3796; x_wconf 76' lang='grc' dir='ltr'>λέγων</span> <span class='ocrx_word' id='word_1_270' title='bbox 1022 3731 1219 3798; x_wconf 84' lang='grc' dir='ltr'>φωτὸς,</span> <span class='ocrx_word' id='word_1_271' title='bbox 1245 3728 1321 3793; x_wconf 83' lang='grc' dir='ltr'>ὡς</span> <span class='ocrx_word' id='word_1_272' title='bbox 1349 3730 1448 3798; x_wconf 79' lang='grc' dir='ltr'><strong><em>τὴν</em></strong></span> <span class='ocrx_word' id='word_1_273' title='bbox 1468 3730 1787 3799; x_wconf 78' lang='grc' dir='ltr'>ἐωραμένην</span> <span class='ocrx_word' id='word_1_274' title='bbox 1818 3728 1896 3798; x_wconf 84' lang='grc' dir='ltr'>τῷ</span> <span class='ocrx_word' id='word_1_275' title='bbox 1916 3730 2196 3800; x_wconf 76' lang='grc' dir='ltr'>Βαπτιστῇ</span> 
     </span>
    </p>
   </div>
   <div class='ocr_carea' id='block_1_39' title="bbox 629 3814 2185 3890">
    <p class='ocr_par' dir='ltr' id='par_1_39' title="bbox 629 3814 2185 3890">
     <span class='ocr_line' id='line_1_39' title="bbox 629 3814 2185 3890; baseline 0.001 -19"><span class='ocrx_word' id='word_1_276' title='bbox 629 3821 960 3890; x_wconf 77' lang='grc' dir='ltr'>περιστεράν</span> <span class='ocrx_word' id='word_1_277' title='bbox 998 3821 1267 3883; x_wconf 74' lang='grc' dir='ltr'>σύμϐολον</span> <span class='ocrx_word' id='word_1_278' title='bbox 1296 3821 1388 3873; x_wconf 90' lang='grc' dir='ltr'><strong><em>τοῦ</em></strong></span> <span class='ocrx_word' id='word_1_279' title='bbox 1423 3820 1739 3887; x_wconf 83' lang='grc' dir='ltr'>Πνεύματος</span> <span class='ocrx_word' id='word_1_280' title='bbox 1761 3837 1776 3853; x_wconf 76' lang='grc' dir='ltr'><strong><em>ο</em></strong></span> <span class='ocrx_word' id='word_1_281' title='bbox 1818 3822 1875 3874; x_wconf 75' lang='grc' dir='ltr'>ἐν</span> <span class='ocrx_word' id='word_1_282' title='bbox 1908 3814 1952 3887; x_wconf 80' lang='grc' dir='ltr'>ᾧ</span> <span class='ocrx_word' id='word_1_283' title='bbox 1981 3823 2075 3873; x_wconf 77' lang='grc' dir='ltr'><strong><em>καὶ</em></strong></span> <span class='ocrx_word' id='word_1_284' title='bbox 2103 3821 2185 3873; x_wconf 85' lang='grc' dir='ltr'>ὅτι</span> 
     </span>
    </p>
   </div>
   <div class='ocr_carea' id='block_1_40' title="bbox 1842 324 2583 387">
    <p class='ocr_par' dir='ltr' id='par_1_40' title="bbox 1842 324 2583 387">
     <span class='ocr_line' id='line_1_40' title="bbox 1842 324 2583 387; baseline -0.007 0"><span class='ocrx_word' id='word_1_285' title='bbox 1842 324 2221 387; x_wconf 80' lang='lat' dir='ltr'><strong><em>GREGORII</em></strong></span> <span class='ocrx_word' id='word_1_286' title='bbox 2263 324 2583 383; x_wconf 78' lang='lat' dir='ltr'><strong><em>PAL.\M.E</em></strong></span> 
     </span>
    </p>
   </div>
   <div class='ocr_carea' id='block_1_41' title="bbox 3760 325 3872 387">
    <p class='ocr_par' dir='ltr' id='par_1_41' title="bbox 3760 325 3872 387">
     <span class='ocr_line' id='line_1_41' title="bbox 3760 325 3872 387; baseline -0.054 0"><span class='ocrx_word' id='word_1_287' title='bbox 3760 325 3872 387; x_wconf 66' lang='grc' dir='ltr'><strong><em>8Ξῆ</em></strong></span> 
     </span>
    </p>
   </div>
   <div class='ocr_carea' id='block_1_42' title="bbox 2295 436 3872 509">
    <p class='ocr_par' dir='ltr' id='par_1_42' title="bbox 2295 436 3872 509">
     <span class='ocr_line' id='line_1_42' title="bbox 2295 436 3872 509; baseline 0.001 -18"><span class='ocrx_word' id='word_1_288' title='bbox 2295 440 2553 501; x_wconf 80' lang='grc' dir='ltr'>πίστεως,</span> <span class='ocrx_word' id='word_1_289' title='bbox 2588 438 2701 491; x_wconf 78' lang='grc' dir='ltr'>ἀλλ’</span> <span class='ocrx_word' id='word_1_290' title='bbox 2758 438 2858 491; x_wconf 79' lang='grc' dir='ltr'>οὐκ</span> <span class='ocrx_word' id='word_1_291' title='bbox 2914 436 3242 504; x_wconf 80' lang='grc' dir='ltr'>ἀποδείξεώς</span> <span class='ocrx_word' id='word_1_292' title='bbox 3307 439 3412 492; x_wconf 75' lang='grc' dir='ltr'>είσι</span> <span class='ocrx_word' id='word_1_293' title='bbox 3474 439 3719 509; x_wconf 76' lang='grc' dir='ltr'>ῥήματα.</span> <span class='ocrx_word' id='word_1_294' title='bbox 3764 438 3872 493; x_wconf 70' lang='grc' dir='ltr'><strong><em>ὅσα</em></strong></span> 
     </span>
    </p>
   </div>
   <div class='ocr_carea' id='block_1_43' title="bbox 2294 530 3875 600">
    <p class='ocr_par' dir='ltr' id='par_1_43' title="bbox 2294 530 3875 600">
     <span class='ocr_line' id='line_1_43' title="bbox 2294 530 3875 600; baseline 0.002 -19"><span class='ocrx_word' id='word_1_295' title='bbox 2294 531 2420 599; x_wconf 79' lang='grc' dir='ltr'>παρ’</span> <span class='ocrx_word' id='word_1_296' title='bbox 2442 532 2597 599; x_wconf 76' lang='grc' dir='ltr'>ἡμῶν</span> <span class='ocrx_word' id='word_1_297' title='bbox 2621 532 2742 600; x_wconf 85' lang='grc' dir='ltr'>περί</span> <span class='ocrx_word' id='word_1_298' title='bbox 2764 548 2819 583; x_wconf 81' lang='grc' dir='ltr'><strong><em>τε</em></strong></span> <span class='ocrx_word' id='word_1_299' title='bbox 2845 531 2950 583; x_wconf 87' lang='grc' dir='ltr'><strong><em>τῶν</em></strong></span> <span class='ocrx_word' id='word_1_300' title='bbox 2968 530 3316 599; x_wconf 68' lang='grc' dir='ltr'>προφητικῶν</span> <span class='ocrx_word' id='word_1_301' title='bbox 3339 531 3625 599; x_wconf 79' lang='grc' dir='ltr'>θεαμάτων</span> <span class='ocrx_word' id='word_1_302' title='bbox 3649 533 3746 586; x_wconf 77' lang='grc' dir='ltr'><strong><em>καὶ</em></strong></span> <span class='ocrx_word' id='word_1_303' title='bbox 3774 530 3875 585; x_wconf 80' lang='grc' dir='ltr'><strong><em>τοῦ</em></strong></span> 
     </span>
    </p>
   </div>
   <div class='ocr_carea' id='block_1_44' title="bbox 2294 623 3875 692">
    <p class='ocr_par' dir='ltr' id='par_1_44' title="bbox 2294 623 3875 692">
     <span class='ocr_line' id='line_1_44' title="bbox 2294 623 3875 692; baseline 0.003 -17"><span class='ocrx_word' id='word_1_304' title='bbox 2294 624 2437 675; x_wconf 80' lang='grc' dir='ltr'>θείου</span> <span class='ocrx_word' id='word_1_305' title='bbox 2466 624 2682 689; x_wconf 78' lang='grc' dir='ltr'>λέγεται</span> <span class='ocrx_word' id='word_1_306' title='bbox 2731 624 2930 691; x_wconf 83' lang='grc' dir='ltr'>φωτός.</span> <span class='ocrx_word' id='word_1_307' title='bbox 2998 624 3088 677; x_wconf 81' lang='lat' dir='ltr'><strong><em>I5.</em></strong></span> <span class='ocrx_word' id='word_1_308' title='bbox 3118 623 3272 689; x_wconf 81' lang='lat' dir='ltr'><strong><em>Quod</em></strong></span> <span class='ocrx_word' id='word_1_309' title='bbox 3289 626 3451 677; x_wconf 85' lang='lat' dir='ltr'><strong><em>etiam</em></strong></span> <span class='ocrx_word' id='word_1_310' title='bbox 3480 626 3648 692; x_wconf 87' lang='lat' dir='ltr'><strong><em>ipsum</em></strong></span> <span class='ocrx_word' id='word_1_311' title='bbox 3674 627 3875 679; x_wconf 65' lang='lat' dir='ltr'><strong><em>divina</em></strong></span> 
     </span>
    </p>
   </div>
   <div class='ocr_carea' id='block_1_45' title="bbox 2292 714 3870 786">
    <p class='ocr_par' dir='ltr' id='par_1_45' title="bbox 2292 714 3870 786">
     <span class='ocr_line' id='line_1_45' title="bbox 2292 714 3870 786; baseline 0 -17"><span class='ocrx_word' id='word_1_312' title='bbox 2292 714 2682 769; x_wconf 86' lang='lat' dir='ltr'><strong><em>Incarnationis</em></strong></span> <span class='ocrx_word' id='word_1_313' title='bbox 2715 716 3021 786; x_wconf 75' lang='lat' dir='ltr'><strong><em>mysterium</em></strong></span> <span class='ocrx_word' id='word_1_314' title='bbox 3044 714 3416 779; x_wconf 85' lang='lat' dir='ltr'><strong><em>calumnietur,</em></strong></span> <span class='ocrx_word' id='word_1_315' title='bbox 3452 716 3650 780; x_wconf 89' lang='lat' dir='ltr'><strong><em>Corpus</em></strong></span> <span class='ocrx_word' id='word_1_316' title='bbox 3706 718 3870 772; x_wconf 85' lang='lat' dir='ltr'><strong><em>Chri-</em></strong></span> 
     </span>
    </p>
   </div>
   <div class='ocr_carea' id='block_1_46' title="bbox 2295 807 3878 877">
    <p class='ocr_par' dir='ltr' id='par_1_46' title="bbox 2295 807 3878 877">
     <span class='ocr_line' id='line_1_46' title="bbox 2295 807 3878 877; baseline 0.002 -17"><span class='ocrx_word' id='word_1_317' title='bbox 2295 807 2364 860; x_wconf 84' lang='lat' dir='ltr'><strong><em>sti</em></strong></span> <span class='ocrx_word' id='word_1_318' title='bbox 2392 807 2684 876; x_wconf 83' lang='lat' dir='ltr'><strong><em>symbolum</em></strong></span> <span class='ocrx_word' id='word_1_319' title='bbox 2737 808 2950 861; x_wconf 86' lang='lat' dir='ltr'><strong><em>luminis</em></strong></span> <span class='ocrx_word' id='word_1_320' title='bbox 3012 824 3124 862; x_wconf 87' lang='lat' dir='ltr'><strong><em>esse</em></strong></span> <span class='ocrx_word' id='word_1_321' title='bbox 3171 808 3370 868; x_wconf 86' lang='lat' dir='ltr'><strong><em>dicens.</em></strong></span> <span class='ocrx_word' id='word_1_322' title='bbox 3427 810 3878 877; x_wconf 85' lang='lat' dir='ltr'><strong><em>quemadmodum</em></strong></span> 
     </span>
    </p>
   </div>
   <div class='ocr_carea' id='block_1_47' title="bbox 2296 897 3876 967">
    <p class='ocr_par' dir='ltr' id='par_1_47' title="bbox 2296 897 3876 967">
     <span class='ocr_line' id='line_1_47' title="bbox 2296 897 3876 967; baseline 0.003 -17"><span class='ocrx_word' id='word_1_323' title='bbox 2296 908 2344 950; x_wconf 90' lang='lat' dir='ltr'><strong><em>et</em></strong></span> <span class='ocrx_word' id='word_1_324' title='bbox 2377 898 2676 951; x_wconf 82' lang='lat' dir='ltr'><strong><em>columbam</em></strong></span> <span class='ocrx_word' id='word_1_325' title='bbox 2736 897 2994 963; x_wconf 75' lang='lat' dir='ltr'><strong><em>Baptista:</em></strong></span> <span class='ocrx_word' id='word_1_326' title='bbox 3044 900 3210 952; x_wconf 84' lang='lat' dir='ltr'><strong><em>visam</em></strong></span> <span class='ocrx_word' id='word_1_327' title='bbox 3256 899 3550 967; x_wconf 81' lang='lat' dir='ltr'><strong><em>symbolum</em></strong></span> <span class='ocrx_word' id='word_1_328' title='bbox 3608 898 3876 965; x_wconf 83' lang='lat' dir='ltr'><strong><em>Spiritus.</em></strong></span> 
     </span>
    </p>
   </div>
   <div class='ocr_carea' id='block_1_48' title="bbox 2300 989 3880 1059">
    <p class='ocr_par' dir='ltr' id='par_1_48' title="bbox 2300 989 3880 1059">
     <span class='ocr_line' id='line_1_48' title="bbox 2300 989 3880 1059; baseline -0.002 -15"><span class='ocrx_word' id='word_1_329' title='bbox 2300 989 2431 1044; x_wconf 88' lang='lat' dir='ltr'><strong><em>Item</em></strong></span> <span class='ocrx_word' id='word_1_330' title='bbox 2462 990 2696 1053; x_wconf 83' lang='lat' dir='ltr'><strong><em>docetur,</em></strong></span> <span class='ocrx_word' id='word_1_331' title='bbox 2741 1005 3079 1059; x_wconf 65' lang='lat' dir='ltr'><strong><em>qumcumque</em></strong></span> <span class='ocrx_word' id='word_1_332' title='bbox 3126 990 3278 1042; x_wconf 89' lang='lat' dir='ltr'><strong><em>verba</em></strong></span> <span class='ocrx_word' id='word_1_333' title='bbox 3329 1006 3361 1042; x_wconf 94' lang='lat' dir='ltr'><strong><em>a</em></strong></span> <span class='ocrx_word' id='word_1_334' title='bbox 3410 992 3558 1043; x_wconf 86' lang='lat' dir='ltr'><strong><em>nobis</em></strong></span> <span class='ocrx_word' id='word_1_335' title='bbox 3620 993 3880 1045; x_wconf 82' lang='lat' dir='ltr'><strong><em>dicuntur</em></strong></span> 
     </span>
    </p>
   </div>
   <div class='ocr_carea' id='block_1_49' title="bbox 2297 1080 3875 1151">
    <p class='ocr_par' dir='ltr' id='par_1_49' title="bbox 2297 1080 3875 1151">
     <span class='ocr_line' id='line_1_49' title="bbox 2297 1080 3875 1151; baseline 0.001 -17"><span class='ocrx_word' id='word_1_336' title='bbox 2297 1083 2436 1134; x_wconf 87' lang='lat' dir='ltr'><strong><em>circa</em></strong></span> <span class='ocrx_word' id='word_1_337' title='bbox 2462 1081 2788 1149; x_wconf 78' lang='lat' dir='ltr'><strong><em>propheticus</em></strong></span> <span class='ocrx_word' id='word_1_338' title='bbox 2834 1082 3055 1134; x_wconf 88' lang='lat' dir='ltr'><strong><em>visiones</em></strong></span> <span class='ocrx_word' id='word_1_339' title='bbox 3089 1089 3136 1133; x_wconf 86' lang='lat' dir='ltr'><strong><em>et</em></strong></span> <span class='ocrx_word' id='word_1_340' title='bbox 3196 1080 3430 1133; x_wconf 66' lang='lat' dir='ltr'><strong><em>divinum</em></strong></span> <span class='ocrx_word' id='word_1_341' title='bbox 3483 1082 3680 1146; x_wconf 76' lang='lat' dir='ltr'><strong><em>lumen,</em></strong></span> <span class='ocrx_word' id='word_1_342' title='bbox 3735 1084 3875 1151; x_wconf 81' lang='lat' dir='ltr'><strong><em>fidei</em></strong></span> 
     </span>
    </p>
   </div>
   <div class='ocr_carea' id='block_1_50' title="bbox 2297 1173 3142 1226">
    <p class='ocr_par' dir='ltr' id='par_1_50' title="bbox 2297 1173 3142 1226">
     <span class='ocr_line' id='line_1_50' title="bbox 2297 1173 3142 1226; baseline 0.001 -1"><span class='ocrx_word' id='word_1_343' title='bbox 2297 1188 2408 1225; x_wconf 84' lang='lat' dir='ltr'><strong><em>esse</em></strong></span> <span class='ocrx_word' id='word_1_344' title='bbox 2424 1182 2473 1224; x_wconf 88' lang='lat' dir='ltr'><strong><em>et</em></strong></span> <span class='ocrx_word' id='word_1_345' title='bbox 2506 1180 2608 1225; x_wconf 77' lang='lat' dir='ltr'><strong><em>non</em></strong></span> <span class='ocrx_word' id='word_1_346' title='bbox 2642 1173 3142 1226; x_wconf 83' lang='lat' dir='ltr'><strong><em>demonstrationis.</em></strong></span> 
     </span>
    </p>
   </div>
   <div class='ocr_carea' id='block_1_51' title="bbox 2373 1263 3884 1337">
    <p class='ocr_par' dir='ltr' id='par_1_51' title="bbox 2373 1263 3884 1337">
     <span class='ocr_line' id='line_1_51' title="bbox 2373 1263 3884 1337; baseline 0 -20"><span class='ocrx_word' id='word_1_347' title='bbox 2373 1263 2471 1327; x_wconf 82' lang='grc' dir='ltr'>ις’.</span> <span class='ocrx_word' id='word_1_348' title='bbox 2507 1265 2633 1317; x_wconf 83' lang='grc' dir='ltr'><strong><em>’Ότι</em></strong></span> <span class='ocrx_word' id='word_1_349' title='bbox 2689 1264 2950 1333; x_wconf 74' lang='grc' dir='ltr'><strong><em>μανιώδει</em></strong></span> <span class='ocrx_word' id='word_1_350' title='bbox 2988 1265 3161 1337; x_wconf 80' lang='grc' dir='ltr'>πλάνῃ</span> <span class='ocrx_word' id='word_1_351' title='bbox 3191 1268 3419 1336; x_wconf 77' lang='grc' dir='ltr'>κάτοχός</span> <span class='ocrx_word' id='word_1_352' title='bbox 3450 1268 3597 1319; x_wconf 65' lang='grc' dir='ltr'>ἔστιν</span> <span class='ocrx_word' id='word_1_353' title='bbox 3646 1266 3884 1329; x_wconf 72' lang='grc' dir='ltr'>εἰκότως</span> 
     </span>
    </p>
   </div>
   <div class='ocr_carea' id='block_1_52' title="bbox 2299 1357 3883 1428">
    <p class='ocr_par' dir='ltr' id='par_1_52' title="bbox 2299 1357 3883 1428">
     <span class='ocr_line' id='line_1_52' title="bbox 2299 1357 3883 1428; baseline 0.001 -18"><span class='ocrx_word' id='word_1_354' title='bbox 2299 1357 2481 1419; x_wconf 71' lang='grc' dir='ltr'>αὐτὸς,</span> <span class='ocrx_word' id='word_1_355' title='bbox 2510 1357 2577 1426; x_wconf 71' lang='grc' dir='ltr'>ἢν</span> <span class='ocrx_word' id='word_1_356' title='bbox 2608 1358 2864 1426; x_wconf 77' lang='grc' dir='ltr'>ἀνωτέρω</span> <span class='ocrx_word' id='word_1_357' title='bbox 2892 1357 2998 1409; x_wconf 83' lang='grc' dir='ltr'><strong><em>τῶν</em></strong></span> <span class='ocrx_word' id='word_1_358' title='bbox 3028 1359 3303 1428; x_wconf 70' lang='grc' dir='ltr'>θεοφόρων</span> <span class='ocrx_word' id='word_1_359' title='bbox 3354 1358 3752 1428; x_wconf 72' lang='grc' dir='ltr'>κατεψεύσατο.</span> <span class='ocrx_word' id='word_1_360' title='bbox 3789 1359 3883 1412; x_wconf 77' lang='grc'><strong><em>16.</em></strong></span> 
     </span>
    </p>
   </div>
   <div class='ocr_carea' id='block_1_53' title="bbox 2300 1449 3884 1518">
    <p class='ocr_par' dir='ltr' id='par_1_53' title="bbox 2300 1449 3884 1518">
     <span class='ocr_line' id='line_1_53' title="bbox 2300 1449 3884 1518; baseline 0 -17"><span class='ocrx_word' id='word_1_361' title='bbox 2300 1449 2453 1512; x_wconf 80' lang='lat' dir='ltr'><strong><em>Quod</em></strong></span> <span class='ocrx_word' id='word_1_362' title='bbox 2485 1449 2673 1516; x_wconf 80' lang='lat' dir='ltr'><strong><em>furiosi</em></strong></span> <span class='ocrx_word' id='word_1_363' title='bbox 2702 1450 2895 1502; x_wconf 74' lang='lat' dir='ltr'><strong><em>erroris</em></strong></span> <span class='ocrx_word' id='word_1_364' title='bbox 2929 1465 3042 1502; x_wconf 83' lang='lat' dir='ltr'><strong><em>vere</em></strong></span> <span class='ocrx_word' id='word_1_365' title='bbox 3067 1466 3182 1502; x_wconf 66' lang='lat' dir='ltr'><strong><em>reus</em></strong></span> <span class='ocrx_word' id='word_1_366' title='bbox 3226 1450 3315 1503; x_wconf 88' lang='lat' dir='ltr'><strong><em>ille</em></strong></span> <span class='ocrx_word' id='word_1_367' title='bbox 3344 1452 3433 1513; x_wconf 87' lang='lat' dir='ltr'><strong><em>sit,</em></strong></span> <span class='ocrx_word' id='word_1_368' title='bbox 3475 1467 3622 1517; x_wconf 87' lang='lat' dir='ltr'><strong><em>quem</em></strong></span> <span class='ocrx_word' id='word_1_369' title='bbox 3658 1450 3884 1518; x_wconf 74' lang='lat' dir='ltr'><strong><em>deiferis</em></strong></span> 
     </span>
    </p>
   </div>
   <div class='ocr_carea' id='block_1_54' title="bbox 2302 1539 3374 1610">
    <p class='ocr_par' dir='ltr' id='par_1_54' title="bbox 2302 1539 3374 1610">
     <span class='ocr_line' id='line_1_54' title="bbox 2302 1539 3374 1610; baseline 0.004 -19"><span class='ocrx_word' id='word_1_370' title='bbox 2302 1539 2551 1593; x_wconf 82' lang='lat' dir='ltr'><strong><em>Patribus</em></strong></span> <span class='ocrx_word' id='word_1_371' title='bbox 2575 1556 2734 1608; x_wconf 80' lang='lat' dir='ltr'><strong><em>supra</em></strong></span> <span class='ocrx_word' id='word_1_372' title='bbox 2763 1542 3080 1593; x_wconf 75' lang='lat' dir='ltr'><strong><em>mendaciter</em></strong></span> <span class='ocrx_word' id='word_1_373' title='bbox 3108 1544 3374 1610; x_wconf 81' lang='lat' dir='ltr'><strong><em>ascripsit.</em></strong></span> 
     </span>
    </p>
   </div>
   <div class='ocr_carea' id='block_1_55' title="bbox 2374 1617 3885 1700">
    <p class='ocr_par' dir='ltr' id='par_1_55' title="bbox 2374 1617 3885 1700">
     <span class='ocr_line' id='line_1_55' title="bbox 2374 1617 3885 1700; baseline 0.002 -19"><span class='ocrx_word' id='word_1_374' title='bbox 2374 1628 2510 1682; x_wconf 83' lang='lat' dir='ltr'><strong><em>Huic</em></strong></span> <span class='ocrx_word' id='word_1_375' title='bbox 2546 1629 2733 1683; x_wconf 85' lang='lat' dir='ltr'><strong><em>ultimo</em></strong></span> <span class='ocrx_word' id='word_1_376' title='bbox 2785 1631 2945 1696; x_wconf 70' lang='lat' dir='ltr'><strong><em>capiti</em></strong></span> <span class='ocrx_word' id='word_1_377' title='bbox 2980 1630 3202 1684; x_wconf 56' lang='lat' dir='ltr'><strong><em>adnexa</em></strong></span> <span class='ocrx_word' id='word_1_378' title='bbox 3257 1643 3381 1685; x_wconf 76' lang='lat' dir='ltr'><strong><em>Sunt</em></strong></span> <span class='ocrx_word' id='word_1_379' title='bbox 3434 1632 3552 1685; x_wconf 64' lang='lat' dir='ltr'><strong><em>dum</em></strong></span> <span class='ocrx_word' id='word_1_380' title='bbox 3620 1617 3885 1700; x_wconf 67' lang='lat' dir='ltr'><strong><em>Gregorii</em></strong></span> 
     </span>
    </p>
   </div>
   <div class='ocr_carea' id='block_1_56' title="bbox 2302 1721 3889 1793">
    <p class='ocr_par' dir='ltr' id='par_1_56' title="bbox 2302 1721 3889 1793">
     <span class='ocr_line' id='line_1_56' title="bbox 2302 1721 3889 1793; baseline 0.003 -22"><span class='ocrx_word' id='word_1_381' title='bbox 2302 1721 2564 1790; x_wconf 66' lang='lat' dir='ltr'><strong><em>epistolre.</em></strong></span> <span class='ocrx_word' id='word_1_382' title='bbox 2632 1721 2813 1774; x_wconf 75' lang='lat' dir='ltr'><strong><em>Prima</em></strong></span> <span class='ocrx_word' id='word_1_383' title='bbox 2886 1730 2971 1775; x_wconf 83' lang='lat' dir='ltr'><strong><em>est</em></strong></span> <span class='ocrx_word' id='word_1_384' title='bbox 3001 1722 3079 1790; x_wconf 84' lang='grc' dir='ltr'><strong><em>τῷ</em></strong></span> <span class='ocrx_word' id='word_1_385' title='bbox 3146 1724 3463 1793; x_wconf 82' lang='grc' dir='ltr'>τιμιωτάτῳ</span> <span class='ocrx_word' id='word_1_386' title='bbox 3495 1725 3551 1777; x_wconf 85' lang='grc' dir='ltr'>ὲν</span> <span class='ocrx_word' id='word_1_387' title='bbox 3624 1728 3889 1792; x_wconf 62' lang='grc' dir='ltr'>μοναχῶς</span> 
     </span>
    </p>
   </div>
   <div class='ocr_carea' id='block_1_57' title="bbox 2303 1811 3886 1889">
    <p class='ocr_par' dir='ltr' id='par_1_57' title="bbox 2303 1811 3886 1889">
     <span class='ocr_line' id='line_1_57' title="bbox 2303 1811 3886 1889; baseline 0.003 -24"><span class='ocrx_word' id='word_1_388' title='bbox 2303 1814 2559 1881; x_wconf 75' lang='grc' dir='ltr'>Δαμιανῷ</span> <span class='ocrx_word' id='word_1_389' title='bbox 2589 1811 2664 1881; x_wconf 78' lang='grc' dir='ltr'>τῷ</span> <span class='ocrx_word' id='word_1_390' title='bbox 2691 1812 2980 1881; x_wconf 56' lang='grc' dir='ltr'>τιλοσόφῳ.</span> <span class='ocrx_word' id='word_1_391' title='bbox 3014 1813 3186 1882; x_wconf 84' lang='lat' dir='ltr'><strong><em>Hujus</em></strong></span> <span class='ocrx_word' id='word_1_392' title='bbox 3215 1816 3428 1869; x_wconf 84' lang='lat' dir='ltr'><strong><em>initium</em></strong></span> <span class='ocrx_word' id='word_1_393' title='bbox 3468 1831 3551 1870; x_wconf 83' lang='lat' dir='ltr'><strong><em>est</em></strong></span> <span class='ocrx_word' id='word_1_394' title='bbox 3577 1834 3592 1870; x_wconf 89' lang='lat'><strong><em>:</em></strong></span> <span class='ocrx_word' id='word_1_395' title='bbox 3647 1818 3886 1889; x_wconf 76' lang='grc' dir='ltr'>Ἠνέχθη</span> 
     </span>
    </p>
   </div>
   <div class='ocr_carea' id='block_1_58' title="bbox 2303 1904 3889 1979">
    <p class='ocr_par' dir='ltr' id='par_1_58' title="bbox 2303 1904 3889 1979">
     <span class='ocr_line' id='line_1_58' title="bbox 2303 1904 3889 1979; baseline 0.005 -24"><span class='ocrx_word' id='word_1_396' title='bbox 2303 1904 2630 1972; x_wconf 76' lang='grc' dir='ltr'>πολλαχόθεν</span> <span class='ocrx_word' id='word_1_397' title='bbox 2661 1905 2728 1957; x_wconf 86' lang='grc' dir='ltr'><strong><em>τά</em></strong></span> <span class='ocrx_word' id='word_1_398' title='bbox 2759 1906 2849 1956; x_wconf 74' lang='grc' dir='ltr'><strong><em>τοῦ</em></strong></span> <span class='ocrx_word' id='word_1_399' title='bbox 2878 1906 3187 1959; x_wconf 80' lang='grc' dir='ltr'>Ἀκινδύνου</span> <span class='ocrx_word' id='word_1_400' title='bbox 3217 1909 3351 1977; x_wconf 62' lang='grc' dir='ltr'>προς</span> <span class='ocrx_word' id='word_1_401' title='bbox 3383 1911 3531 1977; x_wconf 78' lang='grc' dir='ltr'>ἡμᾶς</span> <span class='ocrx_word' id='word_1_402' title='bbox 3594 1911 3889 1979; x_wconf 68' lang='grc' dir='ltr'>συγγράμ-</span> 
     </span>
    </p>
   </div>
   <div class='ocr_carea' id='block_1_59' title="bbox 2308 1994 3887 2068">
    <p class='ocr_par' dir='ltr' id='par_1_59' title="bbox 2308 1994 3887 2068">
     <span class='ocr_line' id='line_1_59' title="bbox 2308 1994 3887 2068; baseline 0.005 -22"><span class='ocrx_word' id='word_1_403' title='bbox 2308 2014 2450 2065; x_wconf 82' lang='grc' dir='ltr'>ματα</span> <span class='ocrx_word' id='word_1_404' title='bbox 2481 2005 2585 2049; x_wconf 69' lang='lat' dir='ltr'><strong><em>etc.</em></strong></span> <span class='ocrx_word' id='word_1_405' title='bbox 2614 1994 2705 2048; x_wconf 80' lang='lat' dir='ltr'><strong><em>fol.</em></strong></span> <span class='ocrx_word' id='word_1_406' title='bbox 2738 1995 2859 2049; x_wconf 77' lang='lat'><strong><em>196.</em></strong></span> <span class='ocrx_word' id='word_1_407' title='bbox 2896 2011 3075 2051; x_wconf 71' lang='lat' dir='ltr'><strong><em>verso.</em></strong></span> <span class='ocrx_word' id='word_1_408' title='bbox 3099 1998 3281 2052; x_wconf 82' lang='lat' dir='ltr'><strong><em>Altera</em></strong></span> <span class='ocrx_word' id='word_1_409' title='bbox 3308 2000 3446 2068; x_wconf 75' lang='grc' dir='ltr'>πρὸς</span> <span class='ocrx_word' id='word_1_410' title='bbox 3502 2000 3591 2052; x_wconf 71' lang='grc' dir='ltr'>τὶν</span> <span class='ocrx_word' id='word_1_411' title='bbox 3654 2002 3887 2054; x_wconf 77' lang='grc' dir='ltr'><strong><em>εὖσεὸέ-</em></strong></span> 
     </span>
    </p>
   </div>
   <div class='ocr_carea' id='block_1_60' title="bbox 2305 2088 3887 2160">
    <p class='ocr_par' dir='ltr' id='par_1_60' title="bbox 2305 2088 3887 2160">
     <span class='ocr_line' id='line_1_60' title="bbox 2305 2088 3887 2160; baseline 0.005 -23"><span class='ocrx_word' id='word_1_412' title='bbox 2305 2103 2493 2137; x_wconf 77' lang='grc' dir='ltr'>στατον</span> <span class='ocrx_word' id='word_1_413' title='bbox 2528 2089 2582 2137; x_wconf 76' lang='grc' dir='ltr'>ὲν</span> <span class='ocrx_word' id='word_1_414' title='bbox 2614 2090 2864 2156; x_wconf 78' lang='grc' dir='ltr'>μοναχοίς</span> <span class='ocrx_word' id='word_1_415' title='bbox 2896 2088 3062 2156; x_wconf 70' lang='grc' dir='ltr'>κυρὸν</span> <span class='ocrx_word' id='word_1_416' title='bbox 3098 2088 3410 2152; x_wconf 76' lang='grc' dir='ltr'>Διονύσιον,</span> <span class='ocrx_word' id='word_1_417' title='bbox 3448 2091 3661 2145; x_wconf 87' lang='lat' dir='ltr'><strong><em>Initium</em></strong></span> <span class='ocrx_word' id='word_1_418' title='bbox 3700 2112 3716 2146; x_wconf 83' lang='lat'>;</span> <span class='ocrx_word' id='word_1_419' title='bbox 3754 2094 3887 2160; x_wconf 77' lang='grc' dir='ltr'>Τρι-</span> 
     </span>
    </p>
   </div>
   <div class='ocr_carea' id='block_1_61' title="bbox 2303 2177 3887 2251">
    <p class='ocr_par' dir='ltr' id='par_1_61' title="bbox 2303 2177 3887 2251">
     <span class='ocr_line' id='line_1_61' title="bbox 2303 2177 3887 2251; baseline 0.006 -22"><span class='ocrx_word' id='word_1_420' title='bbox 2303 2178 2378 2229; x_wconf 89' lang='grc' dir='ltr'><strong><em>ῶν</em></strong></span> <span class='ocrx_word' id='word_1_421' title='bbox 2411 2178 2577 2229; x_wconf 79' lang='grc' dir='ltr'>ὄντων</span> <span class='ocrx_word' id='word_1_422' title='bbox 2641 2177 2746 2231; x_wconf 89' lang='grc' dir='ltr'><strong><em>τῶν</em></strong></span> <span class='ocrx_word' id='word_1_423' title='bbox 2787 2178 2885 2248; x_wconf 84' lang='grc' dir='ltr'>τῆς</span> <span class='ocrx_word' id='word_1_424' title='bbox 2944 2179 3135 2243; x_wconf 83' lang='grc' dir='ltr'>άθεῖας</span> <span class='ocrx_word' id='word_1_425' title='bbox 3183 2182 3259 2245; x_wconf 84' lang='grc' dir='ltr'><strong><em>ὡς</em></strong></span> <span class='ocrx_word' id='word_1_426' title='bbox 3302 2184 3479 2235; x_wconf 78' lang='grc' dir='ltr'>εἰπεῖν</span> <span class='ocrx_word' id='word_1_427' title='bbox 3547 2184 3718 2251; x_wconf 73' lang='grc' dir='ltr'>γενῶν</span> <span class='ocrx_word' id='word_1_428' title='bbox 3773 2196 3887 2239; x_wconf 74' lang='lat' dir='ltr'><strong><em>etc.</em></strong></span> 
     </span>
    </p>
   </div>
   <div class='ocr_carea' id='block_1_62' title="bbox 2307 2268 2550 2324">
    <p class='ocr_par' dir='ltr' id='par_1_62' title="bbox 2307 2268 2550 2324">
     <span class='ocr_line' id='line_1_62' title="bbox 2307 2268 2550 2324; baseline 0.004 -1"><span class='ocrx_word' id='word_1_429' title='bbox 2307 2268 2398 2324; x_wconf 68' lang='lat' dir='ltr'><strong><em>fol.</em></strong></span> <span class='ocrx_word' id='word_1_430' title='bbox 2422 2270 2550 2324; x_wconf 66' lang='grc'><strong><em>204.</em></strong></span> 
     </span>
    </p>
   </div>
   <div class='ocr_carea' id='block_1_63' title="bbox 2379 2361 3892 2437">
    <p class='ocr_par' dir='ltr' id='par_1_63' title="bbox 2379 2361 3892 2437">
     <span class='ocr_line' id='line_1_63' title="bbox 2379 2361 3892 2437; baseline 0.004 -21"><span class='ocrx_word' id='word_1_431' title='bbox 2379 2361 2636 2432; x_wconf 82' lang='lat' dir='ltr'><strong><em>Sequitur</em></strong></span> <span class='ocrx_word' id='word_1_432' title='bbox 2706 2363 2905 2417; x_wconf 85' lang='lat' dir='ltr'><strong><em>deinde</em></strong></span> <span class='ocrx_word' id='word_1_433' title='bbox 2954 2362 3167 2426; x_wconf 80' lang='grc' dir='ltr'>ἔκθεσις</span> <span class='ocrx_word' id='word_1_434' title='bbox 3189 2364 3283 2418; x_wconf 88' lang='grc' dir='ltr'><strong><em>τοῦ</em></strong></span> <span class='ocrx_word' id='word_1_435' title='bbox 3339 2367 3447 2419; x_wconf 87' lang='grc' dir='ltr'><strong><em>τῶν</em></strong></span> <span class='ocrx_word' id='word_1_436' title='bbox 3495 2368 3760 2437; x_wconf 82' lang='grc' dir='ltr'>Βαρλαάμ</span> <span class='ocrx_word' id='word_1_437' title='bbox 3787 2371 3892 2422; x_wconf 69' lang='grc' dir='ltr'>καὶ</span> 
     </span>
    </p>
   </div>
   <div class='ocr_carea' id='block_1_64' title="bbox 2317 2454 3888 2525">
    <p class='ocr_par' dir='ltr' id='par_1_64' title="bbox 2317 2454 3888 2525">
     <span class='ocr_line' id='line_1_64' title="bbox 2317 2454 3888 2525; baseline 0.003 -17"><span class='ocrx_word' id='word_1_438' title='bbox 2317 2454 2627 2509; x_wconf 70' lang='grc' dir='ltr'>Ἀκινδύνου</span> <span class='ocrx_word' id='word_1_439' title='bbox 2639 2455 3062 2523; x_wconf 75' lang='grc' dir='ltr'>δυσσεϐημάτων</span> <span class='ocrx_word' id='word_1_440' title='bbox 3079 2457 3365 2510; x_wconf 81' lang='grc' dir='ltr'>ἀλλοκότου</span> <span class='ocrx_word' id='word_1_441' title='bbox 3385 2458 3646 2525; x_wconf 80' lang='grc' dir='ltr'>πληθύος.</span> <span class='ocrx_word' id='word_1_442' title='bbox 3677 2459 3733 2514; x_wconf 80' lang='grc' dir='ltr'><strong><em>ω</em></strong></span> <span class='ocrx_word' id='word_1_443' title='bbox 3757 2471 3844 2515; x_wconf 81' lang='lat' dir='ltr'><strong><em>est</em></strong></span> <span class='ocrx_word' id='word_1_444' title='bbox 3872 2478 3888 2513; x_wconf 90' lang='lat'>:</span> 
     </span>
    </p>
   </div>
   <div class='ocr_carea' id='block_1_65' title="bbox 2307 2546 3883 2618">
    <p class='ocr_par' dir='ltr' id='par_1_65' title="bbox 2307 2546 3883 2618">
     <span class='ocr_line' id='line_1_65' title="bbox 2307 2546 3883 2618; baseline 0.003 -18"><span class='ocrx_word' id='word_1_445' title='bbox 2307 2547 2581 2611; x_wconf 77' lang='lat' dir='ltr'><strong><em>Expositio</em></strong></span> <span class='ocrx_word' id='word_1_446' title='bbox 2630 2550 2902 2608; x_wconf 77' lang='lat' dir='ltr'><strong><em>stupcnda:</em></strong></span> <span class='ocrx_word' id='word_1_447' title='bbox 2970 2546 3325 2600; x_wconf 86' lang='lat' dir='ltr'><strong><em>multitudinis</em></strong></span> <span class='ocrx_word' id='word_1_448' title='bbox 3366 2549 3698 2618; x_wconf 84' lang='lat' dir='ltr'><strong><em>impietatum</em></strong></span> <span class='ocrx_word' id='word_1_449' title='bbox 3747 2551 3883 2604; x_wconf 88' lang='lat' dir='ltr'><strong><em>Bar-</em></strong></span> 
     </span>
    </p>
   </div>
   <div class='ocr_carea' id='block_1_66' title="bbox 2307 2636 3892 2704">
    <p class='ocr_par' dir='ltr' id='par_1_66' title="bbox 2307 2636 3892 2704">
     <span class='ocr_line' id='line_1_66' title="bbox 2307 2636 3892 2704; baseline 0.004 -13"><span class='ocrx_word' id='word_1_450' title='bbox 2307 2636 2471 2691; x_wconf 74' lang='lat' dir='ltr'><strong><em>laami</em></strong></span> <span class='ocrx_word' id='word_1_451' title='bbox 2498 2647 2545 2689; x_wconf 88' lang='lat' dir='ltr'><strong><em>et</em></strong></span> <span class='ocrx_word' id='word_1_452' title='bbox 2577 2636 2859 2704; x_wconf 70' lang='lat' dir='ltr'><strong><em>Acindyni.</em></strong></span> <span class='ocrx_word' id='word_1_453' title='bbox 2914 2636 2986 2691; x_wconf 90' lang='lat' dir='ltr'><strong><em>lbi</em></strong></span> <span class='ocrx_word' id='word_1_454' title='bbox 3020 2637 3274 2693; x_wconf 77' lang='lat' dir='ltr'><strong><em>videlicet</em></strong></span> <span class='ocrx_word' id='word_1_455' title='bbox 3327 2654 3551 2696; x_wconf 84' lang='lat' dir='ltr'><strong><em>errores</em></strong></span> <span class='ocrx_word' id='word_1_456' title='bbox 3596 2641 3892 2697; x_wconf 64' lang='lat' dir='ltr'><strong><em>Barbatio</em></strong></span> 
     </span>
    </p>
   </div>
   <div class='ocr_carea' id='block_1_67' title="bbox 2315 2727 3891 2801">
    <p class='ocr_par' dir='ltr' id='par_1_67' title="bbox 2315 2727 3891 2801">
     <span class='ocr_line' id='line_1_67' title="bbox 2315 2727 3891 2801; baseline 0.005 -20"><span class='ocrx_word' id='word_1_457' title='bbox 2315 2740 2366 2783; x_wconf 89' lang='lat' dir='ltr'><strong><em>et</em></strong></span> <span class='ocrx_word' id='word_1_458' title='bbox 2427 2727 2716 2797; x_wconf 80' lang='lat' dir='ltr'><strong><em>Acindyno</em></strong></span> <span class='ocrx_word' id='word_1_459' title='bbox 2779 2727 3042 2795; x_wconf 83' lang='lat' dir='ltr'><strong><em>adscripti</em></strong></span> <span class='ocrx_word' id='word_1_460' title='bbox 3101 2729 3371 2799; x_wconf 78' lang='lat' dir='ltr'><strong><em>capitibus</em></strong></span> <span class='ocrx_word' id='word_1_461' title='bbox 3419 2730 3478 2784; x_wconf 70' lang='grc'><strong><em>41</em></strong></span> <span class='ocrx_word' id='word_1_462' title='bbox 3540 2746 3891 2801; x_wconf 77' lang='lat' dir='ltr'><strong><em>exponuntur</em></strong></span> 
     </span>
    </p>
   </div>
   <div class='ocr_carea' id='block_1_68' title="bbox 2305 2816 3886 2889">
    <p class='ocr_par' dir='ltr' id='par_1_68' title="bbox 2305 2816 3886 2889">
     <span class='ocr_line' id='line_1_68' title="bbox 2305 2816 3886 2889; baseline 0.003 -15"><span class='ocrx_word' id='word_1_463' title='bbox 2305 2818 2687 2889; x_wconf 79' lang='lat' dir='ltr'><strong><em>sigillatimque</em></strong></span> <span class='ocrx_word' id='word_1_464' title='bbox 2738 2816 3080 2886; x_wconf 87' lang='lat' dir='ltr'><strong><em>rejiciuntur.</em></strong></span> <span class='ocrx_word' id='word_1_465' title='bbox 3113 2817 3334 2873; x_wconf 89' lang='lat' dir='ltr'><strong><em>Initium</em></strong></span> <span class='ocrx_word' id='word_1_466' title='bbox 3369 2830 3451 2875; x_wconf 83' lang='lat' dir='ltr'><strong><em>est</em></strong></span> <span class='ocrx_word' id='word_1_467' title='bbox 3485 2840 3498 2873; x_wconf 85' lang='lat'><strong>:</strong></span> <span class='ocrx_word' id='word_1_468' title='bbox 3560 2823 3886 2878; x_wconf 70' lang='grc' dir='ltr'>Ἀποΰαλλό-</span> 
     </span>
    </p>
   </div>
   <div class='ocr_carea' id='block_1_69' title="bbox 2311 2905 3890 2981">
    <p class='ocr_par' dir='ltr' id='par_1_69' title="bbox 2311 2905 3890 2981">
     <span class='ocr_line' id='line_1_69' title="bbox 2311 2905 3890 2981; baseline 0.001 -17"><span class='ocrx_word' id='word_1_469' title='bbox 2311 2910 2450 2981; x_wconf 82' lang='grc' dir='ltr'>μεθα</span> <span class='ocrx_word' id='word_1_470' title='bbox 2477 2909 2575 2977; x_wconf 79' lang='grc' dir='ltr'><strong><em>τὴν</em></strong></span> <span class='ocrx_word' id='word_1_471' title='bbox 2605 2905 2981 2976; x_wconf 77' lang='grc' dir='ltr'>ἁσεϐεστάτην</span> <span class='ocrx_word' id='word_1_472' title='bbox 3011 2908 3300 2963; x_wconf 78' lang='grc' dir='ltr'>ἀλλόκοτον</span> <span class='ocrx_word' id='word_1_473' title='bbox 3360 2910 3572 2980; x_wconf 73' lang='grc' dir='ltr'>πληθὺν</span> <span class='ocrx_word' id='word_1_474' title='bbox 3631 2913 3739 2965; x_wconf 88' lang='grc' dir='ltr'><strong><em>τῶν</em></strong></span> <span class='ocrx_word' id='word_1_475' title='bbox 3787 2915 3890 2968; x_wconf 75' lang='grc' dir='ltr'><strong><em>τοῦ</em></strong></span> 
     </span>
    </p>
   </div>
   <div class='ocr_carea' id='block_1_70' title="bbox 2298 2998 3891 3075">
    <p class='ocr_par' dir='ltr' id='par_1_70' title="bbox 2298 2998 3891 3075">
     <span class='ocr_line' id='line_1_70' title="bbox 2298 2998 3891 3075; baseline 0.001 -18"><span class='ocrx_word' id='word_1_476' title='bbox 2298 3001 2569 3068; x_wconf 72' lang='grc' dir='ltr'>Βαρλαάμ</span> <span class='ocrx_word' id='word_1_477' title='bbox 2644 2998 2738 3051; x_wconf 77' lang='grc' dir='ltr'>καὶ</span> <span class='ocrx_word' id='word_1_478' title='bbox 2822 2999 3134 3053; x_wconf 77' lang='grc' dir='ltr'>Ἀκινδύνου</span> <span class='ocrx_word' id='word_1_479' title='bbox 3212 3000 3527 3066; x_wconf 79' lang='grc' dir='ltr'>κακοδόξων</span> <span class='ocrx_word' id='word_1_480' title='bbox 3593 3003 3891 3075; x_wconf 81' lang='grc' dir='ltr'>δογμάτων</span> 
     </span>
    </p>
   </div>
   <div class='ocr_carea' id='block_1_71' title="bbox 2308 3093 2693 3151">
    <p class='ocr_par' dir='ltr' id='par_1_71' title="bbox 2308 3093 2693 3151">
     <span class='ocr_line' id='line_1_71' title="bbox 2308 3093 2693 3151; baseline -0.021 0"><span class='ocrx_word' id='word_1_481' title='bbox 2308 3106 2414 3151; x_wconf 81' lang='lat' dir='ltr'><strong><em>etc.</em></strong></span> <span class='ocrx_word' id='word_1_482' title='bbox 2450 3095 2544 3149; x_wconf 80' lang='lat' dir='ltr'><strong><em>fol.</em></strong></span> <span class='ocrx_word' id='word_1_483' title='bbox 2570 3094 2633 3146; x_wconf 70' lang='grc'><strong>21</strong></span> <span class='ocrx_word' id='word_1_484' title='bbox 2651 3093 2693 3144; x_wconf 86' lang='lat' dir='ltr'><strong><em>l.</em></strong></span> 
     </span>
    </p>
   </div>
   <div class='ocr_carea' id='block_1_72' title="bbox 2379 3166 3888 3259">
    <p class='ocr_par' dir='ltr' id='par_1_72' title="bbox 2379 3166 3888 3259">
     <span class='ocr_line' id='line_1_72' title="bbox 2379 3166 3888 3259; baseline -0.001 -16"><span class='ocrx_word' id='word_1_485' title='bbox 2379 3166 2639 3243; x_wconf 55' lang='lat' dir='ltr'><strong><em>(iudicem</em></strong></span> <span class='ocrx_word' id='word_1_486' title='bbox 2669 3188 2905 3255; x_wconf 81' lang='lat' dir='ltr'><strong><em>denique</em></strong></span> <span class='ocrx_word' id='word_1_487' title='bbox 2936 3185 3142 3241; x_wconf 86' lang='lat' dir='ltr'><strong><em>claudit</em></strong></span> <span class='ocrx_word' id='word_1_488' title='bbox 3187 3186 3432 3255; x_wconf 85' lang='lat' dir='ltr'><strong><em>ejusdem</em></strong></span> <span class='ocrx_word' id='word_1_489' title='bbox 3468 3187 3716 3259; x_wconf 78' lang='lat' dir='ltr'><strong><em>Gregorii</em></strong></span> <span class='ocrx_word' id='word_1_490' title='bbox 3770 3189 3888 3242; x_wconf 77' lang='lat' dir='ltr'><strong><em>vita</em></strong></span> 
     </span>
    </p>
   </div>
   <div class='ocr_carea' id='block_1_73' title="bbox 2310 3278 3887 3351">
    <p class='ocr_par' dir='ltr' id='par_1_73' title="bbox 2310 3278 3887 3351">
     <span class='ocr_line' id='line_1_73' title="bbox 2310 3278 3887 3351; baseline 0 -17"><span class='ocrx_word' id='word_1_491' title='bbox 2310 3297 2406 3351; x_wconf 77' lang='lat' dir='ltr'><strong><em>per</em></strong></span> <span class='ocrx_word' id='word_1_492' title='bbox 2431 3280 2773 3334; x_wconf 80' lang='lat' dir='ltr'><strong><em>Philotheum</em></strong></span> <span class='ocrx_word' id='word_1_493' title='bbox 2808 3278 3202 3348; x_wconf 78' lang='lat' dir='ltr'><strong><em>patriarizltam.</em></strong></span> <span class='ocrx_word' id='word_1_494' title='bbox 3240 3278 3491 3332; x_wconf 79' lang='grc' dir='ltr'>Φιλοθέου</span> <span class='ocrx_word' id='word_1_495' title='bbox 3524 3282 3614 3337; x_wconf 82' lang='grc' dir='ltr'><strong><em>τοῦ</em></strong></span> <span class='ocrx_word' id='word_1_496' title='bbox 3644 3280 3887 3348; x_wconf 81' lang='grc' dir='ltr'>ἁγιωτά-</span> 
     </span>
    </p>
   </div>
   <div class='ocr_carea' id='block_1_74' title="bbox 2303 3371 3891 3442">
    <p class='ocr_par' dir='ltr' id='par_1_74' title="bbox 2303 3371 3891 3442">
     <span class='ocr_line' id='line_1_74' title="bbox 2303 3371 3891 3442; baseline -0.002 -14"><span class='ocrx_word' id='word_1_497' title='bbox 2303 3392 2395 3428; x_wconf 87' lang='grc' dir='ltr'><strong><em>του</em></strong></span> <span class='ocrx_word' id='word_1_498' title='bbox 2432 3374 2526 3427; x_wconf 80' lang='grc' dir='ltr'>καὶ</span> <span class='ocrx_word' id='word_1_499' title='bbox 2560 3371 2937 3442; x_wconf 82' lang='grc' dir='ltr'>οἰκουμενικοῦ</span> <span class='ocrx_word' id='word_1_500' title='bbox 2963 3371 3302 3440; x_wconf 81' lang='grc' dir='ltr'>πατριάρχου</span> <span class='ocrx_word' id='word_1_501' title='bbox 3331 3372 3488 3440; x_wconf 80' lang='grc' dir='ltr'>λόγος</span> <span class='ocrx_word' id='word_1_502' title='bbox 3512 3374 3891 3441; x_wconf 76' lang='grc' dir='ltr'>ἐγκωμιαστι-</span> 
     </span>
    </p>
   </div>
   <div class='ocr_carea' id='block_1_75' title="bbox 2304 3462 3892 3534">
    <p class='ocr_par' dir='ltr' id='par_1_75' title="bbox 2304 3462 3892 3534">
     <span class='ocr_line' id='line_1_75' title="bbox 2304 3462 3892 3534; baseline -0.003 -14"><span class='ocrx_word' id='word_1_503' title='bbox 2304 3470 2396 3529; x_wconf 66' lang='lat' dir='ltr'><strong><em>ub;</em></strong></span> <span class='ocrx_word' id='word_1_504' title='bbox 2425 3468 2505 3528; x_wconf 74' lang='lat' dir='ltr'><strong><em>sic</em></strong></span> <span class='ocrx_word' id='word_1_505' title='bbox 2537 3467 2628 3518; x_wconf 70' lang='grc' dir='ltr'>τὸν</span> <span class='ocrx_word' id='word_1_506' title='bbox 2661 3465 2775 3533; x_wconf 86' lang='grc' dir='ltr'>βίον</span> <span class='ocrx_word' id='word_1_507' title='bbox 2796 3463 2888 3517; x_wconf 88' lang='grc' dir='ltr'><strong><em>τοῦ</em></strong></span> <span class='ocrx_word' id='word_1_508' title='bbox 2919 3464 2976 3515; x_wconf 81' lang='grc' dir='ltr'>ὲν</span> <span class='ocrx_word' id='word_1_509' title='bbox 3013 3462 3190 3529; x_wconf 88' lang='grc' dir='ltr'>ἀγίοις</span> <span class='ocrx_word' id='word_1_510' title='bbox 3223 3463 3432 3532; x_wconf 73' lang='grc' dir='ltr'>Πατρδς</span> <span class='ocrx_word' id='word_1_511' title='bbox 3466 3463 3623 3533; x_wconf 79' lang='grc' dir='ltr'>ἡμῶν</span> <span class='ocrx_word' id='word_1_512' title='bbox 3666 3463 3892 3534; x_wconf 86' lang='grc' dir='ltr'>Γρηγο-</span> 
     </span>
    </p>
   </div>
   <div class='ocr_carea' id='block_1_76' title="bbox 2313 3550 3855 3622">
    <p class='ocr_par' dir='ltr' id='par_1_76' title="bbox 2313 3550 3855 3622">
     <span class='ocr_line' id='line_1_76' title="bbox 2313 3550 3855 3622; baseline -0.001 -17"><span class='ocrx_word' id='word_1_513' title='bbox 2313 3555 2425 3621; x_wconf 87' lang='grc' dir='ltr'>ρίου</span> <span class='ocrx_word' id='word_1_514' title='bbox 2460 3551 2902 3622; x_wconf 81' lang='grc' dir='ltr'>ἀρχιεπισκόπου</span> <span class='ocrx_word' id='word_1_515' title='bbox 2943 3550 3366 3620; x_wconf 61' lang='grc' dir='ltr'>Θεσσαλονίκης.</span> <span class='ocrx_word' id='word_1_516' title='bbox 3428 3552 3648 3605; x_wconf 81' lang='lat' dir='ltr'><strong><em>Initium</em></strong></span> <span class='ocrx_word' id='word_1_517' title='bbox 3686 3571 3700 3606; x_wconf 91' lang='lat'><strong>:</strong></span> <span class='ocrx_word' id='word_1_518' title='bbox 3735 3553 3855 3622; x_wconf 80' lang='grc' dir='ltr'><strong><em>Γρη</em></strong></span> 
     </span>
    </p>
   </div>
   <div class='ocr_carea' id='block_1_77' title="bbox 2306 3641 3887 3715">
    <p class='ocr_par' dir='ltr' id='par_1_77' title="bbox 2306 3641 3887 3715">
     <span class='ocr_line' id='line_1_77' title="bbox 2306 3641 3887 3715; baseline 0.002 -20"><span class='ocrx_word' id='word_1_519' title='bbox 2306 3646 2487 3715; x_wconf 81' lang='grc' dir='ltr'>γόριος</span> <span class='ocrx_word' id='word_1_520' title='bbox 2522 3643 2622 3714; x_wconf 80' lang='grc' dir='ltr'><strong><em>μὲν</em></strong></span> <span class='ocrx_word' id='word_1_521' title='bbox 2661 3643 2689 3696; x_wconf 84' lang='grc' dir='ltr'><strong>ὁ</strong></span> <span class='ocrx_word' id='word_1_522' title='bbox 2715 3647 2890 3713; x_wconf 72' lang='grc' dir='ltr'>μέγας</span> <span class='ocrx_word' id='word_1_523' title='bbox 2925 3641 3288 3713; x_wconf 78' lang='grc' dir='ltr'>πανηγύρεως</span> <span class='ocrx_word' id='word_1_524' title='bbox 3328 3642 3584 3706; x_wconf 77' lang='grc' dir='ltr'>ὑπόθεσις</span> <span class='ocrx_word' id='word_1_525' title='bbox 3628 3652 3734 3699; x_wconf 83' lang='lat' dir='ltr'><strong><em>etc.</em></strong></span> <span class='ocrx_word' id='word_1_526' title='bbox 3784 3643 3887 3698; x_wconf 78' lang='lat' dir='ltr'><strong><em>fol.</em></strong></span> 
     </span>
    </p>
   </div>
   <div class='ocr_carea' id='block_1_78' title="bbox 2306 3739 2433 3791">
    <p class='ocr_par' dir='ltr' id='par_1_78' title="bbox 2306 3739 2433 3791">
     <span class='ocr_line' id='line_1_78' title="bbox 2306 3739 2433 3791; baseline -0.008 0"><span class='ocrx_word' id='word_1_527' title='bbox 2306 3739 2433 3791; x_wconf 67' lang='grc'><strong><em>215.</em></strong></span> 
     </span>
    </p>
   </div>
   <div class='ocr_carea' id='block_1_79' title="bbox 705 3957 3888 4030">
    <p class='ocr_par' dir='ltr' id='par_1_79' title="bbox 705 3957 3888 4030">
     <span class='ocr_line' id='line_1_79' title="bbox 705 3957 3888 4030; baseline -0.002 -16"><span class='ocrx_word' id='word_1_528' title='bbox 705 3959 890 4014; x_wconf 77' lang='lat' dir='ltr'><strong><em>Codex</em></strong></span> <span class='ocrx_word' id='word_1_529' title='bbox 922 3958 1110 4024; x_wconf 78' lang='lat' dir='ltr'><strong><em>XCIX,</em></strong></span> <span class='ocrx_word' id='word_1_530' title='bbox 1142 3959 1268 4012; x_wconf 80' lang='lat' dir='ltr'><strong><em>olim</em></strong></span> <span class='ocrx_word' id='word_1_531' title='bbox 1301 3958 1507 4023; x_wconf 78' lang='lat' dir='ltr'><strong><em>CCXV,</em></strong></span> <span class='ocrx_word' id='word_1_532' title='bbox 1534 3960 1909 4030; x_wconf 75' lang='lat' dir='ltr'><strong><em>bombycinus,</em></strong></span> <span class='ocrx_word' id='word_1_533' title='bbox 1945 3960 2037 4013; x_wconf 76' lang='lat' dir='ltr'><strong><em>XV</em></strong></span> <span class='ocrx_word' id='word_1_534' title='bbox 2068 3963 2273 4028; x_wconf 69' lang='lat' dir='ltr'><strong><em>smcnli,</em></strong></span> <span class='ocrx_word' id='word_1_535' title='bbox 2310 3962 2559 4016; x_wconf 78' lang='lat' dir='ltr'><strong><em>foliorun</em></strong></span> <span class='ocrx_word' id='word_1_536' title='bbox 2592 3958 2716 4013; x_wconf 68' lang='lat'><strong><em>182.</em></strong></span> <span class='ocrx_word' id='word_1_537' title='bbox 2754 3957 2909 4012; x_wconf 83' lang='lat' dir='ltr'><strong><em>Initio</em></strong></span> <span class='ocrx_word' id='word_1_538' title='bbox 2941 3957 3083 4011; x_wconf 84' lang='lat' dir='ltr'><strong><em>hanc</em></strong></span> <span class='ocrx_word' id='word_1_539' title='bbox 3140 3966 3326 4013; x_wconf 84' lang='lat' dir='ltr'><strong><em>notam</em></strong></span> <span class='ocrx_word' id='word_1_540' title='bbox 3360 3958 3577 4027; x_wconf 59' lang='lat' dir='ltr'><strong><em>prafert</em></strong></span> <span class='ocrx_word' id='word_1_541' title='bbox 3613 3976 3625 4011; x_wconf 92' lang='lat'><strong>:</strong></span> <span class='ocrx_word' id='word_1_542' title='bbox 3660 3957 3888 4010; x_wconf 74' lang='grc' dir='ltr'>Βιϐλίαν</span> 
     </span>
    </p>
   </div>
   <div class='ocr_carea' id='block_1_80' title="bbox 632 4050 3892 4123">
    <p class='ocr_par' dir='ltr' id='par_1_80' title="bbox 632 4050 3892 4123">
     <span class='ocr_line' id='line_1_80' title="bbox 632 4050 3892 4123; baseline 0 -18"><span class='ocrx_word' id='word_1_543' title='bbox 632 4053 741 4105; x_wconf 83' lang='grc' dir='ltr'><strong><em>τῶν</em></strong></span> <span class='ocrx_word' id='word_1_544' title='bbox 773 4051 1192 4121; x_wconf 83' lang='grc' dir='ltr'>κατηχουμένων</span> <span class='ocrx_word' id='word_1_545' title='bbox 1241 4052 1337 4121; x_wconf 86' lang='grc' dir='ltr'>τῆς</span> <span class='ocrx_word' id='word_1_546' title='bbox 1365 4052 1516 4115; x_wconf 80' lang='grc' dir='ltr'>θείας</span> <span class='ocrx_word' id='word_1_547' title='bbox 1546 4055 1637 4106; x_wconf 68' lang='grc' dir='ltr'><strong><em>καὶ</em></strong></span> <span class='ocrx_word' id='word_1_548' title='bbox 1701 4055 1853 4123; x_wconf 86' lang='grc' dir='ltr'>ίερᾶς</span> <span class='ocrx_word' id='word_1_549' title='bbox 1879 4056 2087 4123; x_wconf 86' lang='grc' dir='ltr'>λαύρας</span> <span class='ocrx_word' id='word_1_550' title='bbox 2137 4054 2229 4107; x_wconf 86' lang='grc' dir='ltr'><strong><em>τοῦ</em></strong></span> <span class='ocrx_word' id='word_1_551' title='bbox 2286 4056 2441 4122; x_wconf 80' lang='grc' dir='ltr'>ἁγίου</span> <span class='ocrx_word' id='word_1_552' title='bbox 2484 4053 2640 4122; x_wconf 66' lang='grc' dir='ltr'>ὅρους</span> <span class='ocrx_word' id='word_1_553' title='bbox 2685 4052 2778 4104; x_wconf 73' lang='grc' dir='ltr'>καὶ</span> <span class='ocrx_word' id='word_1_554' title='bbox 2809 4050 3127 4105; x_wconf 83' lang='grc' dir='ltr'>Ἀῡανασίυυ</span> <span class='ocrx_word' id='word_1_555' title='bbox 3179 4052 3393 4122; x_wconf 71' lang='grc' dir='ltr'>Πατρὸς</span> <span class='ocrx_word' id='word_1_556' title='bbox 3442 4050 3617 4120; x_wconf 79' lang='grc' dir='ltr'>ἡμῶν.</span> <span class='ocrx_word' id='word_1_557' title='bbox 3686 4052 3747 4105; x_wconf 81' lang='lat' dir='ltr'><strong><em>Id</em></strong></span> <span class='ocrx_word' id='word_1_558' title='bbox 3779 4063 3892 4115; x_wconf 83' lang='lat' dir='ltr'><strong><em>est,</em></strong></span> 
     </span>
    </p>
   </div>
   <div class='ocr_carea' id='block_1_81' title="bbox 635 4144 3893 4213">
    <p class='ocr_par' dir='ltr' id='par_1_81' title="bbox 635 4144 3893 4213">
     <span class='ocr_line' id='line_1_81' title="bbox 635 4144 3893 4213; baseline 0.001 -14"><span class='ocrx_word' id='word_1_559' title='bbox 635 4145 788 4199; x_wconf 86' lang='lat' dir='ltr'><strong><em>Liber</em></strong></span> <span class='ocrx_word' id='word_1_560' title='bbox 810 4144 1294 4198; x_wconf 86' lang='lat' dir='ltr'><strong><em>catechumenorum</em></strong></span> <span class='ocrx_word' id='word_1_561' title='bbox 1330 4146 1520 4200; x_wconf 77' lang='lat' dir='ltr'><strong><em>divina:</em></strong></span> <span class='ocrx_word' id='word_1_562' title='bbox 1557 4164 1620 4200; x_wconf 92' lang='lat' dir='ltr'><strong><em>ac</em></strong></span> <span class='ocrx_word' id='word_1_563' title='bbox 1642 4164 1812 4202; x_wconf 73' lang='lat' dir='ltr'><strong><em>sacra:</em></strong></span> <span class='ocrx_word' id='word_1_564' title='bbox 1874 4149 2038 4202; x_wconf 74' lang='lat' dir='ltr'><strong><em>lauru:</em></strong></span> <span class='ocrx_word' id='word_1_565' title='bbox 2069 4150 2236 4201; x_wconf 81' lang='lat' dir='ltr'><strong><em>sancti</em></strong></span> <span class='ocrx_word' id='word_1_566' title='bbox 2262 4149 2454 4201; x_wconf 89' lang='lat' dir='ltr'><strong><em>montis</em></strong></span> <span class='ocrx_word' id='word_1_567' title='bbox 2492 4146 2678 4213; x_wconf 81' lang='lat' dir='ltr'><strong><em>(Atho)</em></strong></span> <span class='ocrx_word' id='word_1_568' title='bbox 2721 4154 2769 4198; x_wconf 92' lang='lat' dir='ltr'><strong><em>et</em></strong></span> <span class='ocrx_word' id='word_1_569' title='bbox 2806 4145 2988 4199; x_wconf 83' lang='lat' dir='ltr'><strong><em>Patris</em></strong></span> <span class='ocrx_word' id='word_1_570' title='bbox 3040 4148 3207 4200; x_wconf 81' lang='lat' dir='ltr'><strong><em>nostri</em></strong></span> <span class='ocrx_word' id='word_1_571' title='bbox 3229 4145 3535 4198; x_wconf 75' lang='lat' dir='ltr'><strong><em>Athanasii.</em></strong></span> <span class='ocrx_word' id='word_1_572' title='bbox 3561 4144 3627 4196; x_wconf 86' lang='grc' dir='ltr'>Ει</span> <span class='ocrx_word' id='word_1_573' title='bbox 3660 4146 3711 4199; x_wconf 90' lang='lat' dir='ltr'><strong><em>in</em></strong></span> <span class='ocrx_word' id='word_1_574' title='bbox 3742 4148 3893 4203; x_wconf 82' lang='lat' dir='ltr'><strong><em>line:</em></strong></span> 
     </span>
    </p>
   </div>
   <div class='ocr_carea' id='block_1_82' title="bbox 634 4231 3893 4310">
    <p class='ocr_par' dir='ltr' id='par_1_82' title="bbox 634 4231 3893 4310">
     <span class='ocr_line' id='line_1_82' title="bbox 634 4231 3893 4310; baseline 0 -20"><span class='ocrx_word' id='word_1_575' title='bbox 634 4231 768 4291; x_wconf 69' lang='grc' dir='ltr'><strong><em>ἸὯδε</em></strong></span> <span class='ocrx_word' id='word_1_576' title='bbox 793 4240 983 4308; x_wconf 72' lang='grc' dir='ltr'>εἴληφε</span> <span class='ocrx_word' id='word_1_577' title='bbox 1030 4242 1207 4310; x_wconf 85' lang='grc' dir='ltr'>τέρμα</span> <span class='ocrx_word' id='word_1_578' title='bbox 1246 4241 1305 4293; x_wconf 77' lang='grc' dir='ltr'>τὸ</span> <span class='ocrx_word' id='word_1_579' title='bbox 1335 4241 1504 4310; x_wconf 73' lang='grc' dir='ltr'>παρὸν</span> <span class='ocrx_word' id='word_1_580' title='bbox 1537 4240 1739 4310; x_wconf 80' lang='grc' dir='ltr'>βιὸλίον</span> <span class='ocrx_word' id='word_1_581' title='bbox 1763 4240 1851 4293; x_wconf 89' lang='grc' dir='ltr'><strong><em>διά</em></strong></span> <span class='ocrx_word' id='word_1_582' title='bbox 1871 4241 2052 4310; x_wconf 87' lang='grc' dir='ltr'>χειρὸς</span> <span class='ocrx_word' id='word_1_583' title='bbox 2080 4238 2327 4292; x_wconf 82' lang='grc' dir='ltr'>Φιλοθέου</span> <span class='ocrx_word' id='word_1_584' title='bbox 2366 4237 2598 4309; x_wconf 84' lang='grc' dir='ltr'>μοναχοῦ</span> <span class='ocrx_word' id='word_1_585' title='bbox 2633 4235 2727 4288; x_wconf 81' lang='grc' dir='ltr'><strong><em>τοῦ</em></strong></span> <span class='ocrx_word' id='word_1_586' title='bbox 2761 4238 2822 4288; x_wconf 84' lang='grc' dir='ltr'><strong><em>ἐκ</em></strong></span> <span class='ocrx_word' id='word_1_587' title='bbox 2848 4236 3253 4291; x_wconf 78' lang='grc' dir='ltr'>Κωνσταντίνου</span> <span class='ocrx_word' id='word_1_588' title='bbox 3278 4239 3505 4299; x_wconf 78' lang='grc' dir='ltr'>πόλεως.</span> <span class='ocrx_word' id='word_1_589' title='bbox 3535 4237 3589 4292; x_wconf 72' lang='lat' dir='ltr'><strong><em>id</em></strong></span> <span class='ocrx_word' id='word_1_590' title='bbox 3612 4248 3696 4292; x_wconf 83' lang='lat' dir='ltr'><strong><em>est</em></strong></span> <span class='ocrx_word' id='word_1_591' title='bbox 3735 4256 3749 4293; x_wconf 94' lang='lat'>:</span> <span class='ocrx_word' id='word_1_592' title='bbox 3790 4237 3893 4291; x_wconf 81' lang='lat' dir='ltr'><strong><em>llic</em></strong></span> 
     </span>
    </p>
   </div>
   <div class='ocr_carea' id='block_1_83' title="bbox 636 4332 3894 4404">
    <p class='ocr_par' dir='ltr' id='par_1_83' title="bbox 636 4332 3894 4404">
     <span class='ocr_line' id='line_1_83' title="bbox 636 4332 3894 4404; baseline 0.001 -19"><span class='ocrx_word' id='word_1_593' title='bbox 636 4336 794 4403; x_wconf 83' lang='lat' dir='ltr'><strong><em>ﬁnem</em></strong></span> <span class='ocrx_word' id='word_1_594' title='bbox 844 4339 1039 4404; x_wconf 87' lang='lat' dir='ltr'><strong><em>accepit</em></strong></span> <span class='ocrx_word' id='word_1_595' title='bbox 1070 4340 1166 4389; x_wconf 89' lang='lat' dir='ltr'><strong><em>iste</em></strong></span> <span class='ocrx_word' id='word_1_596' title='bbox 1204 4336 1332 4388; x_wconf 89' lang='lat' dir='ltr'><strong><em>liber</em></strong></span> <span class='ocrx_word' id='word_1_597' title='bbox 1359 4353 1450 4404; x_wconf 84' lang='lat' dir='ltr'><strong><em>per</em></strong></span> <span class='ocrx_word' id='word_1_598' title='bbox 1476 4353 1686 4389; x_wconf 88' lang='lat' dir='ltr'><strong><em>manum</em></strong></span> <span class='ocrx_word' id='word_1_599' title='bbox 1722 4335 1985 4389; x_wconf 86' lang='lat' dir='ltr'><strong><em>Philothei</em></strong></span> <span class='ocrx_word' id='word_1_600' title='bbox 2018 4335 2259 4387; x_wconf 83' lang='lat' dir='ltr'><strong><em>monachi</em></strong></span> <span class='ocrx_word' id='word_1_601' title='bbox 2298 4351 2362 4387; x_wconf 73' lang='lat' dir='ltr'><strong><em>ea;</em></strong></span> <span class='ocrx_word' id='word_1_602' title='bbox 2428 4336 2554 4385; x_wconf 89' lang='lat' dir='ltr'><strong><em>urbe</em></strong></span> <span class='ocrx_word' id='word_1_603' title='bbox 2603 4332 3085 4400; x_wconf 84' lang='lat' dir='ltr'><strong><em>Constantinopoli.</em></strong></span> <span class='ocrx_word' id='word_1_604' title='bbox 3157 4333 3249 4387; x_wconf 85' lang='lat' dir='ltr'><strong><em>Est</em></strong></span> <span class='ocrx_word' id='word_1_605' title='bbox 3283 4342 3466 4387; x_wconf 80' lang='lat' dir='ltr'><strong><em>autem</em></strong></span> <span class='ocrx_word' id='word_1_606' title='bbox 3523 4342 3705 4388; x_wconf 84' lang='lat' dir='ltr'><strong><em>tomus</em></strong></span> <span class='ocrx_word' id='word_1_607' title='bbox 3748 4333 3894 4389; x_wconf 84' lang='lat' dir='ltr'><strong><em>alius</em></strong></span> 
     </span>
    </p>
   </div>
   <div class='ocr_carea' id='block_1_84' title="bbox 637 4427 2200 4501">
    <p class='ocr_par' dir='ltr' id='par_1_84' title="bbox 637 4430 2198 4501">
     <span class='ocr_line' id='line_1_84' title="bbox 637 4430 2198 4501; baseline 0 -20"><span class='ocrx_word' id='word_1_608' title='bbox 637 4447 859 4498; x_wconf 79' lang='lat' dir='ltr'><strong><em>operum</em></strong></span> <span class='ocrx_word' id='word_1_609' title='bbox 889 4430 1131 4501; x_wconf 76' lang='lat' dir='ltr'><strong><em>Gregorii</em></strong></span> <span class='ocrx_word' id='word_1_610' title='bbox 1169 4431 1403 4485; x_wconf 72' lang='lat' dir='ltr'><strong><em>Pulamm</em></strong></span> <span class='ocrx_word' id='word_1_611' title='bbox 1441 4442 1628 4486; x_wconf 75' lang='lat' dir='ltr'><strong><em>contra</em></strong></span> <span class='ocrx_word' id='word_1_612' title='bbox 1663 4432 2029 4501; x_wconf 74' lang='lat' dir='ltr'><strong><em>Acin-.lyutrn,</em></strong></span> <span class='ocrx_word' id='word_1_613' title='bbox 2060 4446 2198 4500; x_wconf 78' lang='lat' dir='ltr'><strong><em>quor</em></strong></span> 
     </span>
    </p>
   </div>
   <div class='ocr_carea' id='block_1_85' title="bbox 2307 4427 3884 4501">
    <p class='ocr_par' dir='ltr' id='par_1_85' title="bbox 2332 4427 3884 4500">
     <span class='ocr_line' id='line_1_85' title="bbox 2332 4427 3884 4500; baseline 0.001 -18"><span class='ocrx_word' id='word_1_614' title='bbox 2332 4429 2497 4482; x_wconf 73' lang='lat' dir='ltr'><strong><em>Index</em></strong></span> <span class='ocrx_word' id='word_1_615' title='bbox 2539 4430 2769 4481; x_wconf 75' lang='lat' dir='ltr'><strong><em>habetur</em></strong></span> <span class='ocrx_word' id='word_1_616' title='bbox 2798 4427 2953 4481; x_wconf 85' lang='lat' dir='ltr'><strong><em>initio</em></strong></span> <span class='ocrx_word' id='word_1_617' title='bbox 2994 4444 3010 4480; x_wconf 87' lang='lat'><strong>:</strong></span> <span class='ocrx_word' id='word_1_618' title='bbox 3042 4428 3211 4494; x_wconf 78' lang='grc' dir='ltr'>Πίναξ</span> <span class='ocrx_word' id='word_1_619' title='bbox 3245 4428 3338 4481; x_wconf 80' lang='grc' dir='ltr'><strong><em>τοῦ</em></strong></span> <span class='ocrx_word' id='word_1_620' title='bbox 3361 4429 3614 4498; x_wconf 79' lang='grc' dir='ltr'>δευτέρου</span> <span class='ocrx_word' id='word_1_621' title='bbox 3667 4430 3884 4500; x_wconf 75' lang='grc' dir='ltr'>βιϐλίου</span> 
     </span>
    </p>
   </div>
   <div class='ocr_carea' id='block_1_86' title="bbox 637 4520 2151 4589">
    <p class='ocr_par' dir='ltr' id='par_1_86' title="bbox 637 4520 2151 4589">
     <span class='ocr_line' id='line_1_86' title="bbox 637 4520 2151 4589; baseline 0 -15"><span class='ocrx_word' id='word_1_622' title='bbox 637 4531 749 4583; x_wconf 64' lang='lat' dir='ltr'><strong><em>etc.</em></strong></span> <span class='ocrx_word' id='word_1_623' title='bbox 778 4520 831 4573; x_wconf 84' lang='lat' dir='ltr'><strong><em>lu</em></strong></span> <span class='ocrx_word' id='word_1_624' title='bbox 863 4536 969 4589; x_wconf 87' lang='lat' dir='ltr'><strong><em>quo</em></strong></span> <span class='ocrx_word' id='word_1_625' title='bbox 998 4521 1280 4588; x_wconf 83' lang='lat' dir='ltr'><strong><em>sequentia</em></strong></span> <span class='ocrx_word' id='word_1_626' title='bbox 1316 4520 1560 4582; x_wconf 66' lang='lat' dir='ltr'><strong><em>Gregorii</em></strong></span> <span class='ocrx_word' id='word_1_627' title='bbox 1606 4538 1767 4581; x_wconf 81' lang='lat' dir='ltr'><strong><em>opera</em></strong></span> <span class='ocrx_word' id='word_1_628' title='bbox 1800 4524 2151 4577; x_wconf 80' lang='lat' dir='ltr'><strong><em>exhibentur.</em></strong></span> 
     </span>
    </p>
   </div>
   <div class='ocr_carea' id='block_1_87' title="bbox 710 4663 2206 4735">
    <p class='ocr_par' dir='ltr' id='par_1_87' title="bbox 710 4663 2206 4735">
     <span class='ocr_line' id='line_1_87' title="bbox 710 4663 2206 4735; baseline 0.001 -19"><span class='ocrx_word' id='word_1_629' title='bbox 710 4664 778 4718; x_wconf 87' lang='grc' dir='ltr'><strong><em>α’.</em></strong></span> <span class='ocrx_word' id='word_1_630' title='bbox 811 4665 1103 4729; x_wconf 84' lang='grc' dir='ltr'>Ἀπολογία</span> <span class='ocrx_word' id='word_1_631' title='bbox 1144 4663 1558 4733; x_wconf 76' lang='grc' dir='ltr'>διεξοδικωτέρα</span> <span class='ocrx_word' id='word_1_632' title='bbox 1599 4666 1732 4735; x_wconf 75' lang='grc' dir='ltr'>πρὸς</span> <span class='ocrx_word' id='word_1_633' title='bbox 1767 4669 1891 4729; x_wconf 77' lang='grc' dir='ltr'>τοὺς</span> <span class='ocrx_word' id='word_1_634' title='bbox 1922 4667 2206 4735; x_wconf 76' lang='grc' dir='ltr'>οἰομένους</span> 
     </span>
    </p>
   </div>
   <div class='ocr_carea' id='block_1_88' title="bbox 640 4755 2211 4827">
    <p class='ocr_par' dir='ltr' id='par_1_88' title="bbox 640 4755 2211 4827">
     <span class='ocr_line' id='line_1_88' title="bbox 640 4755 2211 4827; baseline 0.001 -18"><span class='ocrx_word' id='word_1_635' title='bbox 640 4757 733 4809; x_wconf 77' lang='grc' dir='ltr'><strong><em>δύο</em></strong></span> <span class='ocrx_word' id='word_1_636' title='bbox 767 4756 1073 4809; x_wconf 85' lang='grc' dir='ltr'>δείκνυσθαι</span> <span class='ocrx_word' id='word_1_637' title='bbox 1135 4756 1309 4819; x_wconf 77' lang='grc' dir='ltr'>θεοὺς,</span> <span class='ocrx_word' id='word_1_638' title='bbox 1348 4756 1408 4806; x_wconf 82' lang='grc' dir='ltr'>ὲκ</span> <span class='ocrx_word' id='word_1_639' title='bbox 1440 4755 1532 4808; x_wconf 90' lang='grc' dir='ltr'><strong><em>τοῦ</em></strong></span> <span class='ocrx_word' id='word_1_640' title='bbox 1569 4761 1670 4825; x_wconf 70' lang='grc' dir='ltr'><strong><em>τὴν</em></strong></span> <span class='ocrx_word' id='word_1_641' title='bbox 1706 4757 1952 4810; x_wconf 77' lang='grc' dir='ltr'>θεοποιὸν</span> <span class='ocrx_word' id='word_1_642' title='bbox 2003 4759 2211 4827; x_wconf 80' lang='grc' dir='ltr'>δωρεὰν</span> 
     </span>
    </p>
   </div>
   <div class='ocr_carea' id='block_1_89' title="bbox 639 4845 2205 4920">
    <p class='ocr_par' dir='ltr' id='par_1_89' title="bbox 639 4845 2205 4920">
     <span class='ocr_line' id='line_1_89' title="bbox 639 4845 2205 4920; baseline 0 -19"><span class='ocrx_word' id='word_1_643' title='bbox 639 4849 731 4901; x_wconf 82' lang='grc' dir='ltr'><strong><em>τοῦ</em></strong></span> <span class='ocrx_word' id='word_1_644' title='bbox 768 4847 1077 4915; x_wconf 73' lang='grc' dir='ltr'>Πνεύματος</span> <span class='ocrx_word' id='word_1_645' title='bbox 1130 4845 1197 4920; x_wconf 76' lang='grc' dir='ltr'>ἧς</span> <span class='ocrx_word' id='word_1_646' title='bbox 1224 4849 1549 4917; x_wconf 76' lang='grc' dir='ltr'>ὑπέρκειται</span> <span class='ocrx_word' id='word_1_647' title='bbox 1607 4850 1726 4902; x_wconf 78' lang='grc' dir='ltr'>κατ’</span> <span class='ocrx_word' id='word_1_648' title='bbox 1757 4849 1944 4901; x_wconf 79' lang='grc' dir='ltr'>οὐσίαν</span> <span class='ocrx_word' id='word_1_649' title='bbox 1997 4851 2023 4901; x_wconf 77' lang='grc' dir='ltr'>ὁ</span> <span class='ocrx_word' id='word_1_650' title='bbox 2051 4850 2205 4912; x_wconf 74' lang='grc' dir='ltr'>Θεὸς,</span> 
     </span>
    </p>
   </div>
   <div class='ocr_carea' id='block_1_90' title="bbox 641 4940 2208 5010">
    <p class='ocr_par' dir='ltr' id='par_1_90' title="bbox 641 4940 2208 5010">
     <span class='ocr_line' id='line_1_90' title="bbox 641 4940 2208 5010; baseline 0.001 -18"><span class='ocrx_word' id='word_1_651' title='bbox 641 4942 737 4992; x_wconf 77' lang='grc' dir='ltr'><strong><em>οὐκ</em></strong></span> <span class='ocrx_word' id='word_1_652' title='bbox 766 4942 1027 5008; x_wconf 78' lang='grc' dir='ltr'>ἀγένητον</span> <span class='ocrx_word' id='word_1_653' title='bbox 1069 4940 1228 5007; x_wconf 76' lang='grc' dir='ltr'>μόνον</span> <span class='ocrx_word' id='word_1_654' title='bbox 1257 4942 1472 5003; x_wconf 80' lang='grc' dir='ltr'>θέωσιν,</span> <span class='ocrx_word' id='word_1_655' title='bbox 1505 4940 1637 4995; x_wconf 84' lang='grc' dir='ltr'><strong><em>ἀλλά</em></strong></span> <span class='ocrx_word' id='word_1_656' title='bbox 1684 4941 1778 4994; x_wconf 67' lang='grc' dir='ltr'>καὶ</span> <span class='ocrx_word' id='word_1_657' title='bbox 1828 4941 2058 5010; x_wconf 85' lang='grc' dir='ltr'>θεότητα</span> <span class='ocrx_word' id='word_1_658' title='bbox 2102 4942 2208 4994; x_wconf 83' lang='grc' dir='ltr'><strong><em>ὑπὸ</em></strong></span> 
     </span>
    </p>
   </div>
   <div class='ocr_carea' id='block_1_91' title="bbox 642 5031 2206 5102">
    <p class='ocr_par' dir='ltr' id='par_1_91' title="bbox 642 5031 2206 5102">
     <span class='ocr_line' id='line_1_91' title="bbox 642 5031 2206 5102; baseline -0.001 -19"><span class='ocrx_word' id='word_1_659' title='bbox 642 5031 748 5083; x_wconf 79' lang='grc' dir='ltr'><strong><em>τῶν</em></strong></span> <span class='ocrx_word' id='word_1_660' title='bbox 768 5031 936 5095; x_wconf 84' lang='grc' dir='ltr'>ἁγίων</span> <span class='ocrx_word' id='word_1_661' title='bbox 987 5031 1343 5100; x_wconf 74' lang='grc' dir='ltr'>ὀνομάζεσθαι</span> <span class='ocrx_word' id='word_1_662' title='bbox 1424 5032 1618 5102; x_wconf 75' lang='grc' dir='ltr'>ἢπερὶ</span> <span class='ocrx_word' id='word_1_663' title='bbox 1679 5031 1842 5084; x_wconf 86' lang='grc' dir='ltr'>θείων</span> <span class='ocrx_word' id='word_1_664' title='bbox 1888 5031 2206 5101; x_wconf 77' lang='grc' dir='ltr'>ἐνεργειῶν,</span> 
     </span>
    </p>
   </div>
   <div class='ocr_carea' id='block_1_92' title="bbox 646 5121 2211 5193">
    <p class='ocr_par' dir='ltr' id='par_1_92' title="bbox 646 5121 2211 5193">
     <span class='ocr_line' id='line_1_92' title="bbox 646 5121 2211 5193; baseline 0 -18"><span class='ocrx_word' id='word_1_665' title='bbox 646 5126 735 5175; x_wconf 72' lang='grc' dir='ltr'>καὶ</span> <span class='ocrx_word' id='word_1_666' title='bbox 761 5123 858 5189; x_wconf 81' lang='grc' dir='ltr'><strong><em>τῆς</em></strong></span> <span class='ocrx_word' id='word_1_667' title='bbox 884 5121 1189 5184; x_wconf 77' lang='grc' dir='ltr'>κατάὑτάς</span> <span class='ocrx_word' id='word_1_668' title='bbox 1221 5123 1507 5190; x_wconf 77' lang='grc' dir='ltr'>μεθέξεως.</span> <span class='ocrx_word' id='word_1_669' title='bbox 1538 5126 1588 5177; x_wconf 81' lang='grc'><strong><em>1.</em></strong></span> <span class='ocrx_word' id='word_1_670' title='bbox 1644 5124 1899 5193; x_wconf 78' lang='lat' dir='ltr'><strong><em>Apologia</em></strong></span> <span class='ocrx_word' id='word_1_671' title='bbox 1947 5123 2211 5190; x_wconf 74' lang='lat' dir='ltr'><strong><em>prolixior</em></strong></span> 
     </span>
    </p>
   </div>
   <div class='ocr_carea' id='block_1_93' title="bbox 644 5215 2210 5283">
    <p class='ocr_par' dir='ltr' id='par_1_93' title="bbox 644 5215 2210 5283">
     <span class='ocr_line' id='line_1_93' title="bbox 644 5215 2210 5283; baseline 0.001 -17"><span class='ocrx_word' id='word_1_672' title='bbox 644 5215 893 5267; x_wconf 70' lang='lat' dir='ltr'><strong><em>adversus</em></strong></span> <span class='ocrx_word' id='word_1_673' title='bbox 932 5230 1016 5267; x_wconf 90' lang='lat' dir='ltr'><strong><em>eos</em></strong></span> <span class='ocrx_word' id='word_1_674' title='bbox 1039 5215 1129 5283; x_wconf 86' lang='lat' dir='ltr'><strong><em>qui</em></strong></span> <span class='ocrx_word' id='word_1_675' title='bbox 1179 5225 1364 5282; x_wconf 87' lang='lat' dir='ltr'><strong><em>putant</em></strong></span> <span class='ocrx_word' id='word_1_676' title='bbox 1391 5216 1523 5269; x_wconf 81' lang='lat' dir='ltr'><strong><em>duos</em></strong></span> <span class='ocrx_word' id='word_1_677' title='bbox 1556 5218 1759 5269; x_wconf 82' lang='lat' dir='ltr'><strong><em>ostendi</em></strong></span> <span class='ocrx_word' id='word_1_678' title='bbox 1789 5216 1930 5277; x_wconf 87' lang='lat' dir='ltr'><strong><em>deos,</em></strong></span> <span class='ocrx_word' id='word_1_679' title='bbox 1975 5218 2020 5269; x_wconf 90' lang='lat' dir='ltr'><strong><em>si</em></strong></span> <span class='ocrx_word' id='word_1_680' title='bbox 2052 5215 2210 5283; x_wconf 75' lang='lat' dir='ltr'><strong><em>deiﬁ-</em></strong></span> 
     </span>
    </p>
   </div>
   <div class='ocr_carea' id='block_1_94' title="bbox 646 5305 2211 5375">
    <p class='ocr_par' dir='ltr' id='par_1_94' title="bbox 646 5305 2211 5375">
     <span class='ocr_line' id='line_1_94' title="bbox 646 5305 2211 5375; baseline -0.001 -15"><span class='ocrx_word' id='word_1_681' title='bbox 646 5324 763 5360; x_wconf 88' lang='lat' dir='ltr'><strong><em>cum</em></strong></span> <span class='ocrx_word' id='word_1_682' title='bbox 795 5306 989 5359; x_wconf 89' lang='lat' dir='ltr'><strong><em>donum</em></strong></span> <span class='ocrx_word' id='word_1_683' title='bbox 1019 5305 1268 5375; x_wconf 89' lang='lat' dir='ltr'><strong><em>Spiritus,</em></strong></span> <span class='ocrx_word' id='word_1_684' title='bbox 1299 5316 1381 5360; x_wconf 83' lang='lat' dir='ltr'><strong><em>cui</em></strong></span> <span class='ocrx_word' id='word_1_685' title='bbox 1414 5308 1697 5360; x_wconf 87' lang='lat' dir='ltr'><strong><em>secundum</em></strong></span> <span class='ocrx_word' id='word_1_686' title='bbox 1723 5308 2074 5362; x_wconf 79' lang='lat' dir='ltr'><strong><em>substantiam</em></strong></span> <span class='ocrx_word' id='word_1_687' title='bbox 2121 5325 2211 5359; x_wconf 77' lang='lat' dir='ltr'><strong><em>su—</em></strong></span> 
     </span>
    </p>
   </div>
   <div class='ocr_carea' id='block_1_95' title="bbox 632 5386 2213 5466">
    <p class='ocr_par' dir='ltr' id='par_1_95' title="bbox 632 5386 2213 5466">
     <span class='ocr_line' id='line_1_95' title="bbox 632 5386 2213 5466; baseline -0.001 -15"><span class='ocrx_word' id='word_1_688' title='bbox 632 5386 929 5461; x_wconf 69' lang='lat' dir='ltr'><strong><em>pereminet</em></strong></span> <span class='ocrx_word' id='word_1_689' title='bbox 965 5396 1126 5459; x_wconf 88' lang='lat' dir='ltr'><strong><em>Deus,</em></strong></span> <span class='ocrx_word' id='word_1_690' title='bbox 1160 5413 1260 5449; x_wconf 90' lang='lat' dir='ltr'><strong><em>non</em></strong></span> <span class='ocrx_word' id='word_1_691' title='bbox 1294 5397 1463 5450; x_wconf 90' lang='lat' dir='ltr'><strong><em>solum</em></strong></span> <span class='ocrx_word' id='word_1_692' title='bbox 1496 5415 1596 5451; x_wconf 90' lang='lat' dir='ltr'><strong><em>non</em></strong></span> <span class='ocrx_word' id='word_1_693' title='bbox 1629 5399 1771 5466; x_wconf 77' lang='lat' dir='ltr'><strong><em>facta</em></strong></span> <span class='ocrx_word' id='word_1_694' title='bbox 1803 5398 2093 5465; x_wconf 84' lang='lat' dir='ltr'><strong><em>dei/icatio,</em></strong></span> <span class='ocrx_word' id='word_1_695' title='bbox 2125 5397 2213 5451; x_wconf 81' lang='lat' dir='ltr'><strong><em>sed</em></strong></span> 
     </span>
    </p>
   </div>
   <div class='ocr_carea' id='block_1_96' title="bbox 646 5487 2215 5553">
    <p class='ocr_par' dir='ltr' id='par_1_96' title="bbox 646 5487 2215 5553">
     <span class='ocr_line' id='line_1_96' title="bbox 646 5487 2215 5553; baseline 0 -12"><span class='ocrx_word' id='word_1_696' title='bbox 646 5488 806 5541; x_wconf 79' lang='lat' dir='ltr'><strong><em>etiam</em></strong></span> <span class='ocrx_word' id='word_1_697' title='bbox 832 5487 998 5539; x_wconf 84' lang='lat' dir='ltr'><strong><em>deitas</em></strong></span> <span class='ocrx_word' id='word_1_698' title='bbox 1056 5504 1087 5540; x_wconf 91' lang='lat' dir='ltr'><strong><em>a</em></strong></span> <span class='ocrx_word' id='word_1_699' title='bbox 1133 5488 1333 5541; x_wconf 88' lang='lat' dir='ltr'><strong><em>sanctis</em></strong></span> <span class='ocrx_word' id='word_1_700' title='bbox 1367 5490 1698 5553; x_wconf 85' lang='lat' dir='ltr'><strong><em>nominetur;</em></strong></span> <span class='ocrx_word' id='word_1_701' title='bbox 1752 5498 1845 5541; x_wconf 93' lang='lat' dir='ltr'><strong><em>aut</em></strong></span> <span class='ocrx_word' id='word_1_702' title='bbox 1903 5490 1967 5542; x_wconf 88' lang='lat' dir='ltr'><strong><em>de</em></strong></span> <span class='ocrx_word' id='word_1_703' title='bbox 2026 5490 2215 5541; x_wconf 79' lang='lat' dir='ltr'><strong><em>divinis</em></strong></span> 
     </span>
    </p>
   </div>
   <div class='ocr_carea' id='block_1_97' title="bbox 649 5581 2212 5651">
    <p class='ocr_par' dir='ltr' id='par_1_97' title="bbox 649 5581 2212 5651">
     <span class='ocr_line' id='line_1_97' title="bbox 649 5581 2212 5651; baseline 0.003 -22"><span class='ocrx_word' id='word_1_704' title='bbox 649 5581 1062 5646; x_wconf 87' lang='lat' dir='ltr'><strong><em>operationibus,</em></strong></span> <span class='ocrx_word' id='word_1_705' title='bbox 1092 5590 1140 5634; x_wconf 91' lang='lat' dir='ltr'><strong><em>et</em></strong></span> <span class='ocrx_word' id='word_1_706' title='bbox 1173 5582 1236 5635; x_wconf 92' lang='lat' dir='ltr'><strong><em>de</em></strong></span> <span class='ocrx_word' id='word_1_707' title='bbox 1265 5583 1673 5651; x_wconf 86' lang='lat' dir='ltr'><strong><em>participatione</em></strong></span> <span class='ocrx_word' id='word_1_708' title='bbox 1704 5583 1991 5636; x_wconf 82' lang='lat' dir='ltr'><strong><em>secundum</em></strong></span> <span class='ocrx_word' id='word_1_709' title='bbox 2046 5582 2212 5650; x_wconf 79' lang='lat' dir='ltr'><strong><em>ipsas.</em></strong></span> 
     </span>
    </p>
   </div>
   <div class='ocr_carea' id='block_1_98' title="bbox 655 5671 2221 5745">
    <p class='ocr_par' dir='ltr' id='par_1_98' title="bbox 655 5671 2221 5745">
     <span class='ocr_line' id='line_1_98' title="bbox 655 5671 2221 5745; baseline 0.001 -24"><span class='ocrx_word' id='word_1_710' title='bbox 655 5671 869 5722; x_wconf 72' lang='grc' dir='ltr'><strong><em>ιιιὶιὶιιιι]</em></strong></span> <span class='ocrx_word' id='word_1_711' title='bbox 899 5686 913 5723; x_wconf 87' lang='lat'><strong>:</strong></span> <span class='ocrx_word' id='word_1_712' title='bbox 949 5672 1009 5724; x_wconf 83' lang='lat' dir='ltr'><strong><em>Ei</em></strong></span> <span class='ocrx_word' id='word_1_713' title='bbox 1038 5673 1136 5741; x_wconf 79' lang='grc' dir='ltr'>μέν</span> <span class='ocrx_word' id='word_1_714' title='bbox 1167 5675 1249 5735; x_wconf 85' lang='grc' dir='ltr'><strong><em>τίς</em></strong></span> <span class='ocrx_word' id='word_1_715' title='bbox 1303 5676 1449 5726; x_wconf 77' lang='grc' dir='ltr'>ἐστιν</span> <span class='ocrx_word' id='word_1_716' title='bbox 1480 5678 1503 5728; x_wconf 77' lang='grc' dir='ltr'>ὁ</span> <span class='ocrx_word' id='word_1_717' title='bbox 1539 5677 1673 5745; x_wconf 82' lang='grc' dir='ltr'>πρ⁵-ς</span> <span class='ocrx_word' id='word_1_718' title='bbox 1727 5674 1994 5738; x_wconf 72' lang='grc' dir='ltr'>τοσαύτην</span> <span class='ocrx_word' id='word_1_719' title='bbox 2026 5676 2221 5743; x_wconf 65' lang='grc' dir='ltr'>ἐκτραα</span> 
     </span>
    </p>
   </div>
   <div class='ocr_carea' id='block_1_99' title="bbox 657 5759 1370 5823">
    <p class='ocr_par' dir='ltr' id='par_1_99' title="bbox 657 5759 1370 5823">
     <span class='ocr_line' id='line_1_99' title="bbox 657 5759 1370 5823; baseline 0.013 -13"><span class='ocrx_word' id='word_1_720' title='bbox 657 5763 775 5823; x_wconf 80' lang='grc' dir='ltr'>πε”ις</span> <span class='ocrx_word' id='word_1_721' title='bbox 809 5759 1010 5818; x_wconf 71' lang='grc' dir='ltr'>τόλμαν</span> <span class='ocrx_word' id='word_1_722' title='bbox 1038 5776 1141 5817; x_wconf 77' lang='lat' dir='ltr'><strong><em>ctc.</em></strong></span> <span class='ocrx_word' id='word_1_723' title='bbox 1178 5763 1287 5819; x_wconf 67' lang='lat' dir='ltr'><strong><em>Fui.</em></strong></span> <span class='ocrx_word' id='word_1_724' title='bbox 1319 5765 1370 5819; x_wconf 61' lang='lat'><strong><em>“2.</em></strong></span> 
     </span>
    </p>
   </div>
   <div class='ocr_carea' id='block_1_100' title="bbox 2392 4659 3893 4737">
    <p class='ocr_par' dir='ltr' id='par_1_100' title="bbox 2392 4659 3893 4737">
     <span class='ocr_line' id='line_1_100' title="bbox 2392 4659 3893 4737; baseline -0.001 -21"><span class='ocrx_word' id='word_1_725' title='bbox 2392 4666 2453 4733; x_wconf 87' lang='grc' dir='ltr'><strong><em>β.</em></strong></span> <span class='ocrx_word' id='word_1_726' title='bbox 2488 4665 2617 4732; x_wconf 67' lang='grc' dir='ltr'>Περὶ</span> <span class='ocrx_word' id='word_1_727' title='bbox 2645 4664 2790 4725; x_wconf 85' lang='grc' dir='ltr'>θείας</span> <span class='ocrx_word' id='word_1_728' title='bbox 2819 4662 2913 4714; x_wconf 81' lang='grc' dir='ltr'><strong><em>καὶ</em></strong></span> <span class='ocrx_word' id='word_1_729' title='bbox 2947 4659 3197 4714; x_wconf 84' lang='grc' dir='ltr'>θεοποιοῦ</span> <span class='ocrx_word' id='word_1_730' title='bbox 3232 4661 3523 4730; x_wconf 79' lang='grc' dir='ltr'>μεθέξεως,</span> <span class='ocrx_word' id='word_1_731' title='bbox 3556 4664 3587 4732; x_wconf 79' lang='grc' dir='ltr'>ἢ</span> <span class='ocrx_word' id='word_1_732' title='bbox 3618 4666 3751 4732; x_wconf 85' lang='grc' dir='ltr'>περὶ</span> <span class='ocrx_word' id='word_1_733' title='bbox 3794 4667 3893 4737; x_wconf 73' lang='grc' dir='ltr'>τῆς</span> 
     </span>
    </p>
   </div>
   <div class='ocr_carea' id='block_1_101' title="bbox 2319 4753 3895 4825">
    <p class='ocr_par' dir='ltr' id='par_1_101' title="bbox 2319 4753 3895 4825">
     <span class='ocr_line' id='line_1_101' title="bbox 2319 4753 3895 4825; baseline 0 -14"><span class='ocrx_word' id='word_1_734' title='bbox 2319 4760 2463 4819; x_wconf 88' lang='grc' dir='ltr'>θείας</span> <span class='ocrx_word' id='word_1_735' title='bbox 2513 4758 2605 4809; x_wconf 78' lang='grc' dir='ltr'><strong><em>καὶ</em></strong></span> <span class='ocrx_word' id='word_1_736' title='bbox 2652 4754 2966 4825; x_wconf 77' lang='grc' dir='ltr'>ὑπερφυοῦς</span> <span class='ocrx_word' id='word_1_737' title='bbox 3016 4754 3339 4821; x_wconf 80' lang='grc' dir='ltr'>ἁπλότητος.</span> <span class='ocrx_word' id='word_1_738' title='bbox 3370 4753 3424 4807; x_wconf 67' lang='lat'><strong><em>2.</em></strong></span> <span class='ocrx_word' id='word_1_739' title='bbox 3490 4753 3562 4807; x_wconf 81' lang='lat' dir='ltr'><strong><em>De</em></strong></span> <span class='ocrx_word' id='word_1_740' title='bbox 3610 4757 3802 4810; x_wconf 72' lang='lat' dir='ltr'><strong><em>dicina</em></strong></span> <span class='ocrx_word' id='word_1_741' title='bbox 3840 4769 3895 4811; x_wconf 85' lang='lat' dir='ltr'><strong><em>et</em></strong></span> 
     </span>
    </p>
   </div>
   <div class='ocr_carea' id='block_1_102' title="bbox 2317 4847 3895 4919">
    <p class='ocr_par' dir='ltr' id='par_1_102' title="bbox 2317 4847 3895 4919">
     <span class='ocr_line' id='line_1_102' title="bbox 2317 4847 3895 4919; baseline -0.002 -16"><span class='ocrx_word' id='word_1_742' title='bbox 2317 4852 2502 4919; x_wconf 81' lang='lat' dir='ltr'><strong><em>deiﬁcn</em></strong></span> <span class='ocrx_word' id='word_1_743' title='bbox 2534 4848 2959 4916; x_wconf 85' lang='lat' dir='ltr'><strong><em>participatione,</em></strong></span> <span class='ocrx_word' id='word_1_744' title='bbox 2996 4862 3085 4899; x_wconf 87' lang='lat' dir='ltr'><strong><em>seu</em></strong></span> <span class='ocrx_word' id='word_1_745' title='bbox 3118 4847 3182 4898; x_wconf 83' lang='lat' dir='ltr'><strong><em>de</em></strong></span> <span class='ocrx_word' id='word_1_746' title='bbox 3202 4847 3379 4900; x_wconf 53' lang='lat' dir='ltr'><strong><em>dit&#39;ina</em></strong></span> <span class='ocrx_word' id='word_1_747' title='bbox 3410 4858 3453 4899; x_wconf 91' lang='lat' dir='ltr'><strong><em>et</em></strong></span> <span class='ocrx_word' id='word_1_748' title='bbox 3488 4850 3895 4914; x_wconf 71' lang='lat' dir='ltr'><strong><em>super-naturali</em></strong></span> 
     </span>
    </p>
   </div>
   <div class='ocr_carea' id='block_1_103' title="bbox 2318 4936 3897 5009">
    <p class='ocr_par' dir='ltr' id='par_1_103' title="bbox 2318 4936 3897 5009">
     <span class='ocr_line' id='line_1_103' title="bbox 2318 4936 3897 5009; baseline -0.006 -15"><span class='ocrx_word' id='word_1_749' title='bbox 2318 4941 2677 5009; x_wconf 83' lang='lat' dir='ltr'><strong><em>simplicitate.</em></strong></span> <span class='ocrx_word' id='word_1_750' title='bbox 2743 4936 2961 4990; x_wconf 81' lang='lat' dir='ltr'><strong><em>Initium</em></strong></span> <span class='ocrx_word' id='word_1_751' title='bbox 2993 4954 3007 4989; x_wconf 88' lang='lat'><strong>:</strong></span> <span class='ocrx_word' id='word_1_752' title='bbox 3040 4938 3173 5007; x_wconf 81' lang='grc' dir='ltr'>Φέρε</span> <span class='ocrx_word' id='word_1_753' title='bbox 3219 4938 3282 5005; x_wconf 82' lang='grc' dir='ltr'>δὴ</span> <span class='ocrx_word' id='word_1_754' title='bbox 3340 4937 3636 5007; x_wconf 88' lang='grc' dir='ltr'>προθῶμεν</span> <span class='ocrx_word' id='word_1_755' title='bbox 3675 4938 3773 4989; x_wconf 80' lang='grc' dir='ltr'><strong><em>νῦν</em></strong></span> <span class='ocrx_word' id='word_1_756' title='bbox 3831 4941 3897 4991; x_wconf 69' lang='grc' dir='ltr'>τδ</span> 
     </span>
    </p>
   </div>
   <div class='ocr_carea' id='block_1_104' title="bbox 2319 5028 3897 5101">
    <p class='ocr_par' dir='ltr' id='par_1_104' title="bbox 2319 5028 3897 5101">
     <span class='ocr_line' id='line_1_104' title="bbox 2319 5028 3897 5101; baseline -0.002 -13"><span class='ocrx_word' id='word_1_757' title='bbox 2319 5038 2421 5088; x_wconf 75' lang='grc' dir='ltr'><strong><em>ὑπο</em></strong></span> <span class='ocrx_word' id='word_1_758' title='bbox 2448 5031 2780 5101; x_wconf 81' lang='grc' dir='ltr'>ἀμφοτέρων</span> <span class='ocrx_word' id='word_1_759' title='bbox 2821 5028 3069 5098; x_wconf 78' lang='grc' dir='ltr'>φανερῶς</span> <span class='ocrx_word' id='word_1_760' title='bbox 3128 5028 3419 5097; x_wconf 78' lang='grc' dir='ltr'>λεγόμενον</span> <span class='ocrx_word' id='word_1_761' title='bbox 3469 5040 3576 5083; x_wconf 87' lang='lat' dir='ltr'><strong><em>etc.</em></strong></span> <span class='ocrx_word' id='word_1_762' title='bbox 3644 5030 3761 5083; x_wconf 82' lang='lat' dir='ltr'><strong><em>Fui.</em></strong></span> <span class='ocrx_word' id='word_1_763' title='bbox 3830 5033 3897 5085; x_wconf 70' lang='lat'><strong><em>19</em></strong></span> 
     </span>
    </p>
   </div>
   <div class='ocr_carea' id='block_1_105' title="bbox 2273 5138 2495 5200">
    <p class='ocr_par' dir='ltr' id='par_1_105' title="bbox 2273 5138 2495 5200">
     <span class='ocr_line' id='line_1_105' title="bbox 2273 5138 2495 5200; baseline 0.009 -26"><span class='ocrx_word' id='word_1_764' title='bbox 2273 5194 2279 5200; x_wconf 40' lang='lat'>.</span> <span class='ocrx_word' id='word_1_765' title='bbox 2321 5138 2495 5176; x_wconf 71' lang='lat' dir='ltr'><strong><em>VCI‘SO.</em></strong></span> 
     </span>
    </p>
   </div>
   <div class='ocr_carea' id='block_1_106' title="bbox 2497 5300 3897 5371">
    <p class='ocr_par' dir='ltr' id='par_1_106' title="bbox 2497 5300 3897 5371">
     <span class='ocr_line' id='line_1_106' title="bbox 2497 5300 3897 5371; baseline 0 -17"><span class='ocrx_word' id='word_1_766' title='bbox 2497 5301 2600 5354; x_wconf 87' lang='grc' dir='ltr'>Τοῦ</span> <span class='ocrx_word' id='word_1_767' title='bbox 2649 5301 2810 5354; x_wconf 79' lang='grc' dir='ltr'>αὐτοῦ</span> <span class='ocrx_word' id='word_1_768' title='bbox 2858 5300 3014 5367; x_wconf 77' lang='grc' dir='ltr'>λόγος</span> <span class='ocrx_word' id='word_1_769' title='bbox 3091 5301 3295 5371; x_wconf 84' lang='grc' dir='ltr'>τρίτος,</span> <span class='ocrx_word' id='word_1_770' title='bbox 3346 5302 3427 5353; x_wconf 82' lang='grc' dir='ltr'>ὅτι</span> <span class='ocrx_word' id='word_1_771' title='bbox 3480 5302 3746 5371; x_wconf 76' lang='grc' dir='ltr'>Βαρλαάμ</span> <span class='ocrx_word' id='word_1_772' title='bbox 3802 5304 3897 5354; x_wconf 68' lang='grc' dir='ltr'>καὶ</span> 
     </span>
    </p>
   </div>
   <div class='ocr_carea' id='block_1_107' title="bbox 2333 5392 3896 5463">
    <p class='ocr_par' dir='ltr' id='par_1_107' title="bbox 2333 5392 3896 5463">
     <span class='ocr_line' id='line_1_107' title="bbox 2333 5392 3896 5463; baseline 0.001 -18"><span class='ocrx_word' id='word_1_773' title='bbox 2333 5394 2640 5456; x_wconf 81' lang='grc' dir='ltr'>Ἀκὶνδυνός</span> <span class='ocrx_word' id='word_1_774' title='bbox 2681 5398 2817 5447; x_wconf 74' lang='grc' dir='ltr'>εἰσιν</span> <span class='ocrx_word' id='word_1_775' title='bbox 2861 5396 2909 5447; x_wconf 79' lang='lat' dir='ltr'><strong><em>oi</em></strong></span> <span class='ocrx_word' id='word_1_776' title='bbox 2940 5394 3350 5463; x_wconf 77' lang='grc' dir='ltr'>διχοτομοῦντες</span> <span class='ocrx_word' id='word_1_777' title='bbox 3375 5392 3561 5458; x_wconf 82' lang='grc' dir='ltr'>κακῶς</span> <span class='ocrx_word' id='word_1_778' title='bbox 3602 5394 3779 5455; x_wconf 75' lang='grc' dir='ltr'>ὅντως</span> <span class='ocrx_word' id='word_1_779' title='bbox 3799 5396 3896 5447; x_wconf 59' lang='grc' dir='ltr'><strong><em>καὶ</em></strong></span> 
     </span>
    </p>
   </div>
   <div class='ocr_carea' id='block_1_108' title="bbox 2320 5484 3895 5556">
    <p class='ocr_par' dir='ltr' id='par_1_108' title="bbox 2320 5484 3895 5556">
     <span class='ocr_line' id='line_1_108' title="bbox 2320 5484 3895 5556; baseline 0.001 -21"><span class='ocrx_word' id='word_1_780' title='bbox 2320 5485 2492 5545; x_wconf 77' lang='grc' dir='ltr'>ἀθέως</span> <span class='ocrx_word' id='word_1_781' title='bbox 2524 5486 2600 5546; x_wconf 81' lang='grc' dir='ltr'><strong><em>είς</em></strong></span> <span class='ocrx_word' id='word_1_782' title='bbox 2634 5485 2726 5537; x_wconf 82' lang='grc' dir='ltr'>δύο</span> <span class='ocrx_word' id='word_1_783' title='bbox 2749 5485 2968 5548; x_wconf 84' lang='grc' dir='ltr'>ἀνίσους</span> <span class='ocrx_word' id='word_1_784' title='bbox 2994 5484 3259 5556; x_wconf 87' lang='grc' dir='ltr'>θεότητας</span> <span class='ocrx_word' id='word_1_785' title='bbox 3285 5484 3385 5553; x_wconf 86' lang='grc' dir='ltr'>τὴν</span> <span class='ocrx_word' id='word_1_786' title='bbox 3429 5485 3577 5537; x_wconf 74' lang='grc' dir='ltr'>μίαν.</span> <span class='ocrx_word' id='word_1_787' title='bbox 3610 5484 3666 5537; x_wconf 80' lang='lat'><strong><em>5.</em></strong></span> <span class='ocrx_word' id='word_1_788' title='bbox 3724 5484 3895 5552; x_wconf 75' lang='lat' dir='ltr'><strong><em>Ejus-</em></strong></span> 
     </span>
    </p>
   </div>
   <div class='ocr_carea' id='block_1_109' title="bbox 2323 5577 3894 5646">
    <p class='ocr_par' dir='ltr' id='par_1_109' title="bbox 2323 5577 3894 5646">
     <span class='ocr_line' id='line_1_109' title="bbox 2323 5577 3894 5646; baseline -0.001 -18"><span class='ocrx_word' id='word_1_789' title='bbox 2323 5582 2437 5630; x_wconf 80' lang='lat' dir='ltr'><strong><em>dem</em></strong></span> <span class='ocrx_word' id='word_1_790' title='bbox 2472 5578 2602 5631; x_wconf 88' lang='lat' dir='ltr'><strong><em>liber</em></strong></span> <span class='ocrx_word' id='word_1_791' title='bbox 2638 5580 2845 5641; x_wconf 87' lang='lat' dir='ltr'><strong><em>tertius,</em></strong></span> <span class='ocrx_word' id='word_1_792' title='bbox 2900 5578 3040 5646; x_wconf 80' lang='lat' dir='ltr'><strong><em>quod</em></strong></span> <span class='ocrx_word' id='word_1_793' title='bbox 3070 5578 3327 5631; x_wconf 87' lang='lat' dir='ltr'><strong><em>Barlaam</em></strong></span> <span class='ocrx_word' id='word_1_794' title='bbox 3395 5588 3442 5631; x_wconf 91' lang='lat' dir='ltr'><strong><em>et</em></strong></span> <span class='ocrx_word' id='word_1_795' title='bbox 3502 5577 3812 5646; x_wconf 74' lang='lat' dir='ltr'><strong><em>Acinrtynus</em></strong></span> <span class='ocrx_word' id='word_1_796' title='bbox 3854 5578 3894 5629; x_wconf 88' lang='lat' dir='ltr'><strong><em>ii</em></strong></span> 
     </span>
    </p>
   </div>
   <div class='ocr_carea' id='block_1_110' title="bbox 2322 5667 3896 5737">
    <p class='ocr_par' dir='ltr' id='par_1_110' title="bbox 2322 5667 3896 5737">
     <span class='ocr_line' id='line_1_110' title="bbox 2322 5667 3896 5737; baseline -0.001 -16"><span class='ocrx_word' id='word_1_797' title='bbox 2322 5676 2453 5731; x_wconf 76' lang='lat' dir='ltr'><strong><em>sint,</em></strong></span> <span class='ocrx_word' id='word_1_798' title='bbox 2510 5672 2599 5736; x_wconf 89' lang='lat' dir='ltr'><strong><em>qui</em></strong></span> <span class='ocrx_word' id='word_1_799' title='bbox 2633 5687 2792 5722; x_wconf 84' lang='lat' dir='ltr'><strong><em>unam</em></strong></span> <span class='ocrx_word' id='word_1_800' title='bbox 2849 5671 3098 5723; x_wconf 86' lang='lat' dir='ltr'><strong><em>deitatem</em></strong></span> <span class='ocrx_word' id='word_1_801' title='bbox 3142 5671 3195 5722; x_wconf 87' lang='lat' dir='ltr'><strong><em>in</em></strong></span> <span class='ocrx_word' id='word_1_802' title='bbox 3240 5669 3373 5721; x_wconf 89' lang='lat' dir='ltr'><strong><em>duas</em></strong></span> <span class='ocrx_word' id='word_1_803' title='bbox 3426 5684 3543 5722; x_wconf 86' lang='lat' dir='ltr'><strong><em>vere</em></strong></span> <span class='ocrx_word' id='word_1_804' title='bbox 3602 5667 3896 5737; x_wconf 70' lang='lat' dir='ltr'><strong><em>ina’quales</em></strong></span> 
     </span>
    </p>
   </div>
   <div class='ocr_carea' id='block_1_111' title="bbox 2322 5761 3896 5832">
    <p class='ocr_par' dir='ltr' id='par_1_111' title="bbox 2322 5761 3896 5832">
     <span class='ocr_line' id='line_1_111' title="bbox 2322 5761 3896 5832; baseline -0.004 -14"><span class='ocrx_word' id='word_1_805' title='bbox 2322 5781 2588 5831; x_wconf 73' lang='lat' dir='ltr'><strong><em>peiveram</em></strong></span> <span class='ocrx_word' id='word_1_806' title='bbox 2623 5773 2669 5817; x_wconf 87' lang='lat' dir='ltr'><strong><em>et</em></strong></span> <span class='ocrx_word' id='word_1_807' title='bbox 2698 5765 2857 5832; x_wconf 80' lang='lat' dir='ltr'><strong><em>impie</em></strong></span> <span class='ocrx_word' id='word_1_808' title='bbox 2887 5763 3197 5817; x_wconf 80' lang='lat' dir='ltr'><strong><em>diviserunt.</em></strong></span> <span class='ocrx_word' id='word_1_809' title='bbox 3250 5762 3467 5816; x_wconf 86' lang='lat' dir='ltr'><strong><em>Initium</em></strong></span> <span class='ocrx_word' id='word_1_810' title='bbox 3505 5780 3516 5817; x_wconf 92' lang='lat'><strong>:</strong></span> <span class='ocrx_word' id='word_1_811' title='bbox 3548 5761 3681 5823; x_wconf 83' lang='grc' dir='ltr'>Ταῖς</span> <span class='ocrx_word' id='word_1_812' title='bbox 3727 5776 3896 5813; x_wconf 63' lang='grc' dir='ltr'>πνευ-</span> 
     </span>
    </p>
   </div>
  </div>
