4140 6318
118 434 226 500 829

121 544 507 614 ματοκινήτοις
558 541 665 594 τῶν
691 539 859 610 ἁγίων
888 538 1143 611 Πατὲρων
1179 538 1432 609 ἑπόμενοι
1485 538 1693 607 ψήφοις

118 648 231 690 etc.
260 633 375 689 Fol.
403 634 493 696 29,
518 646 699 685 verso.

192 726 257 776 δ’.
289 722 532 786 Διάλεξις
562 722 843 788 ὀρθοδόξου
880 722 1020 791 μετὰ
1085 719 1495 789 Βαρλααμίτου,
1521 719 1693 772 κατά·

123 831 293 881 μερος
342 814 789 878 ἁνασκευάξουσα
855 816 953 883 τὴν
1002 813 1409 883 Βαρλααμίτιδα
1462 812 1689 876 πλάνην.

118 904 180 959 4.
223 904 474 973 Dialogus
534 906 810 958 orthodoxi
868 921 983 957 cum
1017 904 1373 965 Barlaamita,
1427 919 1529 972 quo
1560 902 1700 956 Bar-

118 994 428 1048 laamiticus
460 1012 608 1048 error
648 997 947 1048 minutatim
977 995 1257 1063 refutatur.
1285 994 1497 1048 Initium
1523 1011 1537 1047 :
1580 993 1701 1060 Ὀρ-

120 1088 358 1154 θόδοξος.
392 1091 599 1144 Μαθεῖν
627 1091 927 1160 ἐϐουλόμην
961 1090 1087 1159 παρ’
1126 1090 1280 1159 ὑμῶν
1332 1089 1441 1142 τῶν
1476 1086 1688 1155 ζητούν-

122 1197 238 1232 των
261 1181 354 1233 καὶ
385 1182 817 1236 ἐπεκδικούντων
841 1182 908 1234 τὰ
942 1180 1176 1249 λείψανα
1213 1190 1316 1235 etc.
1351 1178 1468 1232 F01.
1496 1178 1586 1231 5⁸7.

199 1269 262 1322 ε’.
294 1269 400 1322 Τοῦ
423 1270 589 1323 αὐτοῦ
622 1271 906 1341 ὀρθοδόξου
947 1272 1255 1340 Θεοφάνους
1286 1268 1525 1342 διάλεξις
1556 1267 1697 1338 πρὸς

120 1359 216 1410 τὸν
249 1359 355 1411 ἀπὸ
379 1360 772 1432 Βκρλααμιτῶν
804 1362 1209 1431 ἐπιστρέψαντα
1243 1361 1530 1428 Θεότιμον.
1560 1361 1695 1413 Θεο-

123 1458 325 1519 φανης,
356 1451 388 1521 ἢ
421 1453 552 1522 περὶ
593 1453 844 1522 θεότητος
875 1456 969 1506 καὶ
999 1453 1090 1506 τοῦ
1120 1454 1241 1506 κατ’
1301 1451 1469 1523 αὐτὴν
1497 1452 1697 1519 ἀμεθέ-

122 1559 257 1595 κτου
288 1560 348 1596 τε
376 1544 466 1596 καὶ
500 1543 781 1612 μεθέκτου.
811 1546 862 1599 5.
892 1545 1138 1612 Ejusdem
1191 1545 1471 1597 orthodoxi
1532 1543 1698 1597 Theo-

122 1635 322 1701 phanis
350 1635 591 1703 dialogus
616 1651 732 1688 cum
757 1652 814 1690 eo
838 1637 927 1705 qui
952 1653 1015 1689 ea:
1039 1635 1390 1688 Barlaamitis
1420 1651 1696 1689 conversus

125 1725 310 1791 fuerat
347 1723 636 1779 Theotimo.
666 1724 1003 1794 Theophanes
1032 1727 1134 1779 sive
1173 1727 1236 1779 de
1279 1727 1498 1788 deitate.
1556 1734 1606 1779 et
1632 1725 1697 1779 de

122 1831 187 1868 eo
223 1816 364 1884 quod
397 1832 497 1868 non
547 1816 857 1884 participari
907 1817 984 1870 vel
1018 1817 1333 1885 participari
1364 1833 1428 1870 ea:
1458 1816 1555 1869 illa
1604 1831 1697 1883 po-

124 1915 251 1958 test.
285 1905 499 1959 Initium
534 1922 549 1958 :
596 1906 917 1975 Ἐπεσκέψω
952 1906 1089 1959 κατὰ
1116 1906 1341 1959 σεαυτὸν
1371 1907 1691 1977 γενόμενος,

123 1996 330 2062 ἁδελφὲ
353 1997 581 2066 Θεότιμε
605 2007 709 2052 etc.
736 1996 850 2052 Fol.
894 1997 960 2051 58
994 2012 1171 2054 verso.

205 2086 281 2151 ς’.
307 2086 605 2151 Ἀντίθεσις
634 2086 767 2157 πρὸς
790 2090 825 2140 ἃ
849 2088 1143 2157 συνέθηκεν
1161 2090 1188 2139 ὁ
1234 2090 1535 2153 Ἀκίνδυνος
1560 2090 1699 2144 κατὰ

125 2178 229 2231 τοῦ
261 2178 498 2245 Παλαμᾶ
522 2179 700 2248 δῆθεν,
734 2179 810 2240 ὡς
855 2179 1072 2247 ἀληθῶς
1117 2180 1172 2231 δὲ
1205 2179 1347 2233 κατὰ
1396 2180 1495 2250 τῆς
1541 2182 1699 2234 εὐσε-

128 2269 289 2330 ϐείας
321 2270 491 2337 αὐτῆς
524 2271 615 2321 καὶ
642 2269 749 2321 τῶν
772 2269 1012 2321 εὐσεϐῶν
1036 2270 1292 2323 ἁπάντων
1366 2271 1700 2339 ἐκληφθεῖσα

131 2360 291 2429 παρά
321 2359 595 2428 διαφόρων
632 2360 728 2412 τοῦ
778 2359 1011 2426 Παλαμᾶ
1058 2360 1232 2427 λόγων
1266 2361 1358 2413 καὶ
1389 2343 1701 2428 περιστᾶσα

135 2449 359 2515 σαφῶς,
386 2450 468 2501 ὅτι
517 2449 586 2501 τὰ
610 2449 762 2519 παρὰ
813 2450 909 2501 τοῦ
966 2450 1274 2503 Ἀκινδύνου
1309 2450 1444 2521 πρὸς
1474 2468 1703 2518 συνηγο-

134 2539 266 2607 ρίαν
297 2539 501 2592 οἰκείαν
528 2540 591 2591 ἐκ
623 2539 731 2591 τῶν
761 2540 1039 2608 πατρικῶν
1064 2539 1237 2603 λόγων
1265 2539 1361 2592 καὶ
1393 2541 1525 2608 παρ’
1581 2541 1703 2592 ἐαυ-

131 2628 234 2683 τοῦ
283 2628 697 2697 προϐαλλόμενα
758 2628 819 2680 οὐ
871 2628 1292 2699 συνηγοροῦσιν,
1345 2627 1483 2680 ἀλλὰ
1532 2645 1703 2697 κατη-

134 2721 398 2791 γοροῦσιν
427 2719 611 2773 αὐτοῦ.
639 2717 693 2772 6.
731 2718 1014 2772 Antithesis
1044 2729 1225 2771 contra
1253 2734 1313 2770 ea
1345 2734 1459 2787 qua:
1481 2717 1707 2786 Acindy-

138 2831 244 2867 nus
277 2812 568 2879 composuit
596 2810 846 2864 adversus
888 2809 1185 2874 Palamam,
1206 2809 1295 2863 sed
1326 2824 1503 2862 revera
1522 2818 1707 2862 contra

138 2906 392 2972 pietatem
421 2904 584 2971 ipsum
639 2918 686 2955 et
717 2912 902 2955 contra
959 2902 1070 2969 pios
1126 2916 1328 2965 omnes,
1357 2908 1600 2965 excerpta
1643 2913 1709 2950 ex

142 2998 366 3048 diversis
428 2994 660 3047 Palamte
725 2992 896 3055 libris,
951 3004 999 3045 et
1040 2991 1178 3045 clare
1225 2990 1590 3043 demonstrans
1641 3004 1703 3041 ea

143 3102 268 3155 qua:
306 3085 367 3138 ab
399 3085 671 3153 Aciudyno
702 3085 770 3136 ad
806 3082 891 3136 sui
938 3082 1292 3151 defensionem
1334 3076 1542 3148 prolata
1589 3087 1711 3131 sunt

148 3190 271 3229 tum
314 3191 379 3228 ex
405 3174 509 3229 SS.
549 3174 659 3227 PP.
692 3184 802 3228 tum
830 3188 894 3227 ex
920 3175 1086 3238 seipso
1134 3188 1235 3224 non
1269 3170 1421 3224 illum
1466 3186 1709 3238 purgare,

146 3266 245 3319 sed
288 3267 344 3318 in
382 3266 575 3317 crimen
642 3279 847 3317 vocare.
921 3261 1055 3316 Huic
1116 3261 1251 3315 libro
1297 3260 1707 3328 prmmitluntur

150 3355 493 3424 singulorum
550 3357 786 3423 capitum
847 3361 1182 3423 argumenta,
1214 3366 1330 3420 qua:
1364 3351 1451 3404 hic
1511 3350 1716 3406 exscri-

150 3449 334 3501 benda
365 3444 639 3499 duximus.

229 3538 312 3591 Τὰ
335 3538 648 3607 κατάμερος
673 3536 767 3588 τοῦ
797 3535 959 3603 λόγου
1003 3534 1293 3603 κεφάλαια.
1352 3531 1500 3586 Libri
1543 3532 1717 3603 capita

152 3642 253 3695 per
276 3637 473 3695 partes.

230 3724 302 3771 α’.
334 3718 454 3768 Ὀτι
481 3715 539 3781 ἐξ
581 3716 913 3785 ἀμηχανίας,
936 3719 1077 3768 κατὰ
1124 3715 1219 3780 τῆς
1251 3713 1567 3783 ἐπιγραφῆς
1621 3712 1719 3783 μό-

152 3826 257 3877 νης
291 3808 319 3858 ὁ
354 3807 656 3869 Ἀκὶνδυνος
686 3808 1027 3877 ἐπεχείρησεο
1062 3810 1155 3861 καὶ
1177 3808 1251 3869 ὠς
1284 3807 1341 3871 ἐξ
1367 3801 1441 3858 ὧν
1506 3805 1718 3857 ἐνταῦθ’

153 3894 317 3962 οὗτος
377 3899 601 3966 γράφει,
632 3899 873 3967 διθεῒτης
928 3898 1002 3951 ὢν
1044 3902 1137 3951 καὶ
1178 3897 1452 3966 ’Ᾱρειανδς
1495 3895 1724 3963 ὑποφαί·

156 4007 337 4043 νεται.
379 3990 428 4044 Ι.
461 3987 615 4052 Quod
644 4003 760 4040 cum
789 3988 934 4041 aliud
965 4006 1066 4043 non
1098 3997 1290 4057 posset,
1329 3987 1721 4054 inscriptionem

156 4092 212 4137 et
249 4080 460 4133 titulum
486 4078 656 4131 solum
683 4079 986 4148 Acindgnns
1023 4094 1296 4148 aggressus
1344 4078 1448 4138 sit;
1490 4085 1539 4129 et
1577 4076 1720 4144 quod

158 4187 228 4224 ea:
260 4172 325 4222 iis
349 4185 463 4238 qua:
493 4172 587 4221 hoc
609 4166 720 4222 loco
750 4169 952 4230 scribit,
989 4168 1207 4222 ditheita
1236 4177 1283 4220 et
1320 4166 1555 4219 Arianus
1585 4181 1726 4218 com-

156 4262 411 4331 probetur
441 4278 572 4316 esse.
1472 4270 1475 4271 ⁷

236 4351 306 4419 β’.
339 4351 432 4402 Ἐκ
460 4351 568 4401 τῶν
597 4351 700 4403 ὑπὸ
730 4348 824 4403 τοῦ
853 4349 1086 4420 Παλαμᾶ
1108 4347 1559 4421 προϐεϐλημένων
1592 4363 1727 4415 μαρ-

156 4443 368 4512 τυριῶν
396 4441 459 4503 ἀς
487 4442 699 4503 πλάσας
752 4443 1048 4511 παρέλιπεν
1079 4442 1106 4491 ὁ
1156 4440 1479 4499 Ἀκίνδυνος,
1514 4438 1722 4505 ὀλίγαι,

160 4530 299 4601 παρ’
348 4524 424 4584 ὧν
514 4530 712 4597 εὐσεϐῆ
796 4530 865 4582 τὰ
943 4529 1037 4581 τοῦ
1139 4529 1373 4597 Παλαμᾶ
1453 4529 1726 4581 δείκνυται

161 4627 259 4677 καὶ
292 4623 359 4675 τὰ
414 4622 505 4674 τοῦ
551 4618 854 4671 Ἀκινδύνου
915 4617 1219 4682 κακοδόξως
1273 4618 1483 4686 ἔχοντα.
1535 4618 1588 4670 2.
1644 4616 1728 4670 Ex

163 4712 483 4766 testimoniis
527 4724 644 4779 qua:
717 4706 970 4760 Palamas
1032 4709 1323 4776 protulerat
1352 4718 1401 4761 et
1467 4724 1583 4776 qua:
1636 4722 1729 4774 per

162 4801 641 4856 dissimulationem
692 4798 1099 4866 prtelermiserat
1164 4798 1489 4867 Acindynus,
1558 4813 1729 4865 pauca

164 4893 485 4961 afferuntur,
521 4890 705 4956 quibus
752 4890 841 4956 pia
891 4885 1172 4939 Palamam
1234 4890 1445 4948 sentire,
1484 4890 1721 4958 Acindy-

166 5001 299 5039 num
330 4998 447 5034 vero
473 4997 688 5049 pravam
718 4979 855 5032 tueri
902 4979 1195 5031 doctrinam
1227 4978 1641 5032 demonstratur.

241 5084 313 5143 γ’.
350 5077 561 5144 Ῥἡσεις
587 5074 681 5126 τοῦ
723 5074 1032 5126 Ἀκινδύνου
1081 5074 1358 5126 δεικνῦσαι
1430 5074 1527 5143 τὴν
1566 5073 1731 5128 αὑτοῦ

167 5168 353 5233 δόξαν,
394 5167 487 5218 καὶ
519 5165 820 5227 ἀντιθέσεις
844 5164 981 5233 πρὸς
1009 5164 1209 5226 ταύτας
1237 5165 1566 5232 Εὐνομιανὸν
1610 5165 1735 5217 τοῦ-

167 5276 264 5312 τον
297 5256 698 5326 ἐξελέγχουσαιο
744 5254 839 5309 καὶ
892 5256 974 5308 ὃτί
1014 5258 1343 5325 προσωπείῳ
1382 5257 1733 5325 χρησάμενος

168 5347 254 5416 τῷ
289 5346 541 5417 Παλαμᾷ,
565 5345 706 5399 κατά
746 5344 841 5397 τοῦ
883 5345 1018 5397 Θεοῦ
1062 5346 1154 5398 καὶ
1193 5346 1299 5397 τῶν
1338 5346 1507 5410 ἁγίων
1556 5345 1731 5413 κεχώ-

175 5456 370 5512 ρηκεν.
421 5440 478 5495 5.
526 5439 680 5492 Dicta
738 5438 1023 5508 Acindyni,
1065 5440 1253 5506 quibus
1306 5440 1419 5508 ejus
1492 5442 1736 5493 doctrina

173 5530 489 5593 ostenditur,
513 5537 561 5581 et
596 5530 663 5580 ad
699 5545 759 5582 ea
786 5529 1164 5596 responsiones,
1217 5529 1400 5597 quibus
1447 5527 1738 5581 Eunomia-

176 5641 280 5678 nus
311 5639 423 5681 esse
464 5624 726 5692 arguitur.
766 5622 835 5675 Et
887 5624 1025 5687 quod
1082 5638 1355 5687 personam
1413 5623 1737 5691 praetendens

176 5712 440 5771 Palamaz,
481 5720 663 5763 contra
697 5710 858 5763 Deum
883 5719 929 5765 et
947 5721 1156 5764 sanctos
1186 5710 1451 5775 procedat.

254 5801 322 5854 δ’.
362 5800 486 5852 Ὀτι
513 5797 766 5863 ὀκλάσας
807 5800 995 5869 ὲτέρσν
1027 5799 1336 5869 ἐπιγραφὴν
1374 5800 1465 5853 ἐπὶ
1509 5800 1601 5854 τῆξ
1630 5801 1730 5856 αὑ-

966 431 1278 492 OPERUM
1313 429 1789 491 ARGUMENTA
1829 430 2173 517 EXCODD.
2217 431 2536 493 COISLIN.

2312 357 2401 409 θ

3248 428 3359 493 830

1809 542 1902 594 τοῦ
1935 542 2121 609 λόγου,
2152 541 2274 595 κατ’
2300 543 2468 609 αὐτῆς
2501 540 2662 594 πάλιν
2723 540 2885 604 αὐτὸς
2924 540 3111 610 χωρεῖ,
3158 540 3251 593 καὶ
3292 541 3360 595 δι’

1804 633 1979 702 αὐτῆς
2010 633 2152 687 κατά
2182 633 2291 687 τῶν
2315 634 2512 686 ἐνθέων
2544 633 2825 697 θεολόγων.
2868 635 2919 686 4.
2964 631 3118 697 Quod
3141 632 3357 684 alteram

1798 724 2188 792 inscriptionem
2213 740 2301 778 seu
2334 724 2544 777 titulum
2572 725 2623 777 in
2648 724 2886 777 eumdem
2911 724 3107 776 librum
3141 724 3362 791 ﬁngens,

1802 826 1985 870 contra
2011 816 2163 869 illam
2186 817 2456 885 procedat,
2498 825 2544 869 et
2600 830 2689 883 per
2729 815 2882 867 illam
2935 822 3122 867 contra
3157 792 3363 866 divinos

1804 910 2094 974 theologos.

1872 1006 1934 1053 ε’.
1967 1001 2090 1053 Ὀτι
2128 1001 2197 1052 τὰ
2232 1001 2581 1068 γενναιότερα
2611 998 2837 1050 πλεῖστα
2881 995 3228 1065 παραλιπὼν.
3266 998 3364 1065 ῥη·’
3424 986 3426 989 ν

1806 1090 2002 1157 ματίου
2032 1087 2175 1150 τινὸς
2211 1090 2410 1141 ἔπειτα
2440 1089 2534 1141 τοῦ
2567 1087 2806 1155 Παλαμᾶ
2835 1086 3191 1154 μνημονεύει*
3230 1086 3365 1139 ἀλλά

1803 1180 1899 1233 καὶ
1952 1179 2019 1232 δι’
2054 1179 2220 1231 αὑτοῦ
2274 1179 2453 1241 καλῶς
2523 1178 2812 1247 νοουμένου
2870 1178 2976 1230 πᾶν
3057 1176 3364 1229 Ἀκινδύνου

1801 1271 2145 1341 καθαιρεῐται
2206 1271 2267 1322 ca
2320 1270 2610 1338 φρύαγμα,
2658 1269 2944 1337 καθαιρεῖν
2990 1267 3366 1336 ἐγχειροῦντος

1804 1363 1971 1416 αὐτοῦ
2010 1362 2395 1433 φρενοϐλαϐὦς
2444 1362 2505 1415 τὸ
2556 1362 2990 1432 τρισυπόστατον
3047 1360 3147 1426 τῆς
3179 1360 3365 1427 θεότηο

1804 1470 1914 1515 τος.
1942 1455 1994 1507 5.
2044 1453 2195 1518 Quod
2228 1455 2407 1507 multis
2458 1455 2913 1516 prwstantioribus
2971 1453 3361 1519 pra'termissis,

1804 1546 2045 1600 voculam
2094 1544 2379 1614 quamdam
2428 1543 2668 1598 Palama:
2716 1552 2983 1603 memoret,
3053 1560 3156 1613 qua
3203 1544 3364 1595 etiam

1801 1634 1957 1701 probe
1983 1635 2246 1689 intellecta
2278 1637 2435 1689 totius
2504 1634 2764 1702 Acindyni
2802 1634 3045 1702 fremitus
3103 1635 3166 1685 de
3196 1632 3364 1685 medio

1806 1724 2030 1789 tollitur,
2050 1740 2151 1795 quo
2184 1727 2376 1779 trinam
2425 1726 2638 1779 deitatis
2676 1725 2976 1795 hypostasin
3027 1736 3249 1777 evertere
3278 1726 3362 1776 in-

1802 1832 1930 1869 sane
1969 1828 2215 1870 conatur.

1872 1907 1947 1971 ς’.
2012 1908 2353 1980 Ἀντίρρησις
2426 1907 2732 1960 Ἀκινδύνου
2793 1906 2929 1975 πρὸς
2986 1906 3047 1958 τδ
3099 1904 3369 1975 ῥημάτιον

1799 1999 1993 2063 ἐκεῖνο,
2029 1993 2096 2069 ἧς
2127 1999 2486 2069 ἐλεγχομένης
2513 1999 2609 2054 νῦν
2652 2000 2750 2065 μὲν
2787 2000 3024 2064 "Aps-tog,
3067 1995 3161 2048 νῦν
3194 1997 3251 2048 δὲ
3273 1997 3370 2048 Σα-

1801 2087 2007 2149 ϐἐλλιος
2025 2080 2179 2149 οὗτος
2210 2088 2588 2155 ἀναφαίνεται,
2629 2088 2860 2148 πολλοὺς
2904 2086 2951 2139 δ’
2972 2086 3162 2139 ἄλλοτε
3189 2086 3366 2152 λέγων

1801 2180 1950 2243 υίοὺς
1982 2178 2116 2231 Θεοῦ
2148 2179 2239 2233 καὶ
2264 2178 2542 2247 πνεύματα
2561 2178 2625 2230 τὰ
2653 2178 2840 2233 πολλά.
2871 2177 2924 2230 6.
2947 2175 3184 2243 Objectio
3211 2175 3373 2230 Acin-

1801 2271 1928 2339 dyni
1954 2278 2138 2323 contra
2165 2270 2401 2323 voculam
2421 2269 2593 2329 illam,
2625 2286 2728 2337 qua
2765 2268 2995 2335 refutatu
3027 2266 3179 2319 modo
3212 2266 3373 2319 Arius

1801 2362 1928 2428 ipse,
1954 2360 2107 2413 modo
2132 2358 2395 2415 Sabellius
2439 2375 2549 2412 esse
2605 2360 3022 2419 demonstratur,
3074 2373 3191 2409 cum
3216 2357 3375 2408 etiam

1802 2451 2013 2504 aliunde
2035 2450 2223 2503 multos
2245 2449 2381 2515 filios
2399 2448 2488 2502 Dei
2516 2461 2563 2501 et
2594 2450 2783 2501 multos
2815 2448 3033 2516 spiritus
3063 2463 3177 2499 esse
3207 2447 3371 2499 dicat.

1872 2542 1938 2605 ζ’.
1961 2541 2443 2610 Μαρτυρίαιιπαρὰ
2467 2540 2560 2592 τοῦ
2596 2539 2903 2593 Ἀκινδύνου
2930 2538 3376 2608 προϐεϐλημέναι

1802 2633 1911 2686 τῶν
1928 2633 2099 2700 ἁγίων
2120 2635 2257 2685 κατᾶ
2282 2633 2374 2685 τοῦ
2402 2633 2638 2698 Παλαμᾶ
2665 2631 2847 2701 δῆθεν,
2897 2632 3103 2693 αἵτινες
3127 2630 3378 2694 ἐξεταζό-

1810 2741 1969 2795 μεναι
1993 2726 2088 2776 καὶ
2122 2723 2410 2789 νοούμεναι
2435 2722 2615 2784 καλῶς
2646 2723 2903 2791 πρὸς-μὲν
2924 2722 2991 2773 τὰ
3017 2722 3110 2774 τοῦ
3143 2720 3379 2789 Παλαμᾶ

1806 2814 2058 2881 οὐδαμῶς
2084 2814 2426 2869 ἀντικεῖσθαι
2465 2813 2792 2877 δείκνυνται,
2824 2813 2919 2864 τδν
2971 2812 3026 2865 δὲ
3073 2812 3378 2864 Ἀκίνδυνον

1808 2907 2089 2975 ἐλέγχουσι
2155 2905 2381 2969 πολλαῖς
2436 2905 2532 2958 καὶ
2575 2905 2778 2966 δειναῖς
2847 2906 3095 2975 αἱρέσεσι
3160 2903 3381 2974 περιπί-

1810 3020 2032 3058 πτοντα.
2066 3002 2119 3056 7.
2143 3001 2461 3055 Testimonia
2482 3008 2784 3054 sanctorum
2808 2998 2871 3052 ab
2899 2999 3169 3067 Acindgno
3195 3007 3381 3050 contra

1811 3089 2093 3145 Polamam
2123 3089 2352 3159 prolata,
2376 3104 2489 3156 qua
2525 3088 2571 3141 si
2594 3088 2967 3141 examinentur
3008 3099 3054 3140 et
3099 3088 3258 3154 probe
3289 3088 3376 3139 in-

1814 3181 2144 3249 telligantur,
2200 3181 2471 3235 sententia:
2521 3181 2729 3249 quidem
2778 3179 3015 3232 Palama:
3069 3178 3378 3231 nullatenus

1814 3287 2109 3342 repugnare
2163 3273 2474 3340 probantur,
2508 3270 2836 3339 Acindgnum
2888 3287 3007 3324 vero
3043 3278 3275 3339 arguunt
3327 3269 3383 3321 in

1815 3363 2013 3415 multas
2047 3376 2331 3431 gravesque
2359 3363 2579 3415 hareses
2609 3361 2879 3414 incidisse.

1885 3471 1957 3541 η’.
2004 3471 2301 3532 Ἀντίθεσις
2326 3470 2455 3538 παρ’
2492 3468 2826 3535 ’Δκινδύνου,
2852 3469 2949 3530 τὰς
2981 3469 3383 3531 ὲνυποστὰτους

1820 3564 1989 3632 μόνας
2028 3557 2438 3625 εἷναιλέγοντος
2457 3560 2747 3622 ἀκτίστους
2788 3558 3098 3629 ἐνεργείας,
3127 3552 3193 3628 ἦς
3235 3557 3387 3625 ὲλεγ·

1819 3655 2054 3724 χομὲνης
2087 3653 2180 3705 καὶ
2236 3652 2449 3719 Ἀρείου
2488 3650 2685 3720 χείρων
2732 3651 3006 3723 δείκνυται
3072 3651 3262 3715 τελῶν,
3311 3652 3387 3714 ὡς

1818 3744 1917 3813 τὴν
1955 3746 2084 3807 μίαν
2141 3741 2249 3794 τῶν
2304 3740 2474 3809 τριῶν
2536 3740 2846 3811 προσώπων
2891 3741 3121 3811 θεότητεε
3165 3741 3389 3810 κτιστὴν

1822 3833 2008 3886 ποιῶν.
2045 3832 2100 3887 8.
2144 3830 2378 3901 Objectio
2427 3833 2704 3901 Acindyni,
2735 3850 2837 3902 qua
2865 3833 2995 3887 dicit
3030 3834 3390 3902 hypostaticus

1823 3922 1993 3975 solum
2022 3922 2346 3988 operationes
2378 3924 2641 3975 increatas
2676 3939 2826 3987 esse;
2859 3923 2955 3976 illa
2996 3939 3114 3977 vero
3135 3924 3389 3993 refutatu,

1824 4012 1956 4064 Ario
1991 4012 2140 4080 pejor
2165 4012 2480 4077 ostenditur,
2539 4021 2717 4082 utpote
2773 4013 2863 4081 qui
2908 4030 3067 4066 unam
3106 4030 3169 4067 ea:
3223 4015 3393 4069 tribus

1824 4104 2062 4173 personis
2092 4105 2339 4156 deitatem
2380 4110 2609 4155 creatam
2640 4103 2824 4170 faciat.

1896 4216 1960 4269 θ’.
1995 4215 2346 4285 Παράστασις
2374 4214 2433 4278 ἐξ
2466 4213 2643 4266 αὐτῶν
2682 4213 2889 4267 τούτων
2924 4214 3031 4268 τῶν
3065 4216 3158 4267 ὑπ’
3203 4217 3390 4281 Ἀκιν-

1828 4306 1984 4359 δύνου
2017 4305 2477 4376 προϐεϐλημένων
2514 4308 2849 4373 μαρτυριῶν,
2910 4308 2993 4359 ὅτι
3023 4308 3270 4374 διαφέρει
3296 4308 3397 4374 τῆς

1830 4397 1979 4457 θείας
2014 4398 2256 4466 οὐσίαςὴ
2285 4398 2404 4449 οεία
2434 4399 2680 4468 ἐνέργεια
2746 4401 2801 4449 ὲν
2904 4398 3067 4450 πάλιν
3112 4399 3397 4459 Σαϐἑλλιος

1833 4489 1993 4551 ἄλλος
2033 4489 2110 4540 ὣν
2169 4488 2572 4542 ἀποδείκνυται.
2603 4490 2655 4543 9.
2711 4488 3105 4543 Demonstratio
3154 4506 3218 4542 ex
3270 4491 3396 4556 ipsis

1834 4579 2147 4631 testimoniis
2176 4580 2238 4629 ab
2281 4579 2550 4649 Acindgno
2602 4578 2847 4647 prolatis,
2893 4580 3030 4647 quod
3074 4581 3251 4632 divina
3281 4597 3401 4647 ope-

1832 4670 1967 4729 ratio
1991 4669 2203 4737 differut
2248 4686 2279 4722 a
2310 4671 2487 4723 divina
2547 4671 2811 4735 essentia;
2856 4671 2942 4723 ubi
2997 4689 3203 4724 rursum
3260 4673 3397 4724 alius

1832 4761 2092 4818 Sa’ellius
2130 4778 2243 4815 esse
2264 4752 2545 4826 probatur.
3046 4771 3048 4774 ’

1906 4892 1922 4925 ι
2031 4872 2221 4940 Ἑτέρα
2287 4874 2558 4941 μαρτυρία
2609 4873 2685 4940 τῷ
2736 4873 2883 4937 αὐτῷ
2982 4872 3401 4940 προῗεϐλημένη

1835 4964 1990 5032 παρὰ
2022 4963 2128 5015 τῶν
2156 4962 2250 5013 τοῦ
2283 4963 2443 5029 ἁγίου
2468 4962 2719 5030 Μαξίμου
2754 4962 3094 5029 κεφαλαῖων,
3220 4962 3405 5023 ἐξετα-

1836 5053 2071 5121 ζομένης
2126 5051 2412 5112 Σαϐἑλλιος
2451 5053 2613 5103 πάλιν
2669 5044 2821 5112 οὗτος
2867 5051 3247 5117 ἀναφαίνεται.
3313 5052 3397 5103 10.

1836 5141 1996 5193 Aliud
2030 5141 2387 5193 testimonium
2435 5142 2496 5192 ab
2538 5140 2717 5202 eodem
2770 5141 2992 5192 allatum
3050 5157 3112 5193 ea:
3141 5141 3402 5206 capitibus

1840 5231 1899 5285 S.
1938 5230 2180 5294 Maximi,
2213 5244 2313 5298 quo
2348 5230 2649 5282 examinato
2699 5228 2958 5283 Subellius
3016 5245 3223 5283 rursum
3273 5247 3383 5282 esse

1838 5322 2187 5377 convincitur.

1915 5441 2000 5487 ια’.
2038 5432 2387 5501 Παράστασις
2423 5436 2519 5485 καὶ
2553 5434 2661 5485 ἀπὸ
2688 5432 2781 5485 τοῦ
2833 5435 3126 5502 κεφαλαίου
3187 5436 3402 5495 τούτου,

1840 5525 1921 5577 ὅτι
1960 5524 2208 5593 διαφέρει
2262 5523 2363 5591 τῆς
2401 5524 2549 5584 θείας
2590 5524 2778 5586 οὐσίας
2811 5525 2842 5593 ἡ
2874 5526 3145 5593 ἐνέργεια.
3181 5526 3312 5594 παρ’
3339 5522 3406 5596 ἦς

1840 5617 1921 5677 εἰς
1946 5615 2382 5682 καταγελάστους
2415 5615 2693 5667 ἐκπίπτων
2720 5616 2873 5680 δόξας
2894 5616 3174 5685 ἐλέγχεται
3196 5617 3222 5666 ὁ
3248 5615 3407 5667 τοῦτο
3490 5604 3503 5612 ’

1845 5708 2030 5770 κακῶς
2065 5706 2521 5777 προϐαλλόμενος.
2569 5706 2657 5759 ll.
2685 5704 3077 5759 Demonstratio
3118 5722 3182 5760 ea:
3225 5706 3404 5758 cadent

1848 5800 2035 5868 capite,
2066 5799 2203 5866 quod
2253 5799 2428 5853 divina
2456 5798 2686 5863 operatio
2717 5799 2929 5861 (li/ferat
2959 5816 2989 5851 a
3014 5798 3193 5851 divina
3226 5812 3407 5851 essen-
