4140 6318
739 351 846 414 835

741 463 1050 517 strationetn
1090 462 1295 521 haberi,
1336 462 1607 529 refutatio,
1639 460 1775 529 quod
1807 460 1874 514 sit
1927 461 2304 513 demonstratio

742 572 898 623 super
930 555 1246 624 quibusdam
1275 573 1287 607 :
1315 565 1361 606 ct
1393 555 1530 622 quod
1561 554 1653 605 illa
1684 568 1797 605 rere
1848 555 1917 605 sit
1971 554 2309 605 demonstra-

743 648 838 708 tio,
897 645 1235 699 Aristotelica
1304 661 1420 697 tero
1478 644 1861 696 demonstratio
1906 644 1971 696 sit
2023 645 2223 696 incerta
2260 654 2309 695 et

743 738 1079 790 instabilis...
1116 737 1333 789 Initium
1375 753 1387 787 :
1425 737 1505 788 Τὰ
1538 735 1635 803 μὲν
1665 735 1763 801 τῆς
1820 734 2089 804 δυαρχίας
2122 736 2184 786 ὲκ
2220 735 2314 803 μέ-

748 845 840 882 σου
873 830 1097 896 γέγονεν
1148 844 1163 858 ·
1199 828 1436 898 ἐξεκόπη
1470 829 1579 898 γάρ
1616 827 1723 879 τῶν
1764 826 1939 893 λόγων
1977 826 2071 880 τοῦ
2102 828 2315 891 φιλοσο-

746 936 872 988 φου,
904 931 1006 973 etc.
1044 920 1156 973 Pol.
1186 920 1275 975 90.

823 1035 929 1087 Τοῦ
968 1034 1132 1087 αὑτοῦ
1171 1035 1517 1104 λόγος“ὑπὲρ
1543 1035 1651 1087 τῶν
1694 1034 1856 1105 ίερῶς
1907 1036 2314 1106 ἡσυχαζόντων,

747 1126 859 1178 τῶν
890 1127 1176 1195 προτέρων
1218 1126 1245 1177 ὁ
1285 1125 1525 1194 πρῶτος,
1558 1126 1699 1179 κατὰ
1744 1127 1795 1177 τί
1846 1126 1941 1179 καὶ
1976 1128 2134 1195 μέχρι
2173 1127 2317 1190 τίνος

749 1218 1033 1287 λυσιτελὴς
1068 1222 1099 1287 ἡ
1128 1219 1257 1287 περὶ
1297 1220 1487 1285 λόγους
1519 1218 1675 1287 τριόἡ
1745 1219 2066 1287 Ἀπόκρισις
2100 1220 2315 1289 πρώτη.

756 1310 1010 1376 Ejusdem
1062 1310 1192 1361 liber
1226 1311 1463 1376 priorum
1488 1310 1686 1377 printus
1740 1324 1833 1377 pro
1868 1310 1931 1360 iis
1962 1311 2050 1377 qui
2081 1311 2133 1361 in
2164 1326 2320 1362 sacra

752 1403 930 1468 quiete
966 1402 1180 1469 degunt,
1221 1402 1273 1451 in
1306 1416 1406 1467 quo
1433 1412 1479 1451 et
1512 1416 1672 1468 usque
1704 1399 1773 1450 ad
1800 1416 1957 1467 quam
1992 1408 2184 1451 metam
2210 1413 2321 1452 stu-

751 1492 896 1543 dium
949 1492 1247 1542 litterarum
1304 1492 1371 1542 sit
1429 1490 1578 1543 utile.
1630 1488 1914 1557 Responsio
1957 1491 2154 1557 prima.
2214 1490 2323 1544 Ini-

754 1586 923 1637 tium:
968 1582 1213 1650 Ἀδελφὲ,
1258 1582 1422 1633 καλὸν
1450 1581 1636 1650 χάριτι
1668 1579 2021 1649 βεϐαιοῦσθαι
2061 1580 2159 1651 τὴν
2193 1598 2325 1651 καρ-

752 1673 891 1735 δίαν,
918 1682 1023 1725 etc.
1052 1669 1165 1725 Ful.
1199 1671 1322 1733 105,
1350 1686 1528 1724 verso.

822 1783 931 1836 Τοῦ
991 1782 1158 1836 dinei“)
1204 1783 1359 1853 λόγος
1415 1785 1552 1854 ὑπὲρ
1584 1784 1691 1836 τῶν
1726 1784 1884 1855 ίερῶς
1918 1785 2324 1854 ἡσυχαζόντων,

752 1873 862 1926 τῶν
894 1876 1174 1944 προτέρων
1205 1876 1231 1925 ό
1260 1873 1511 1940 δεύτερος
1537 1891 1549 1904 ο
1576 1874 1655 1926 ὃτι
1688 1875 1801 1936 τοῖς
1831 1874 2238 1945 προῃρημένοις
2264 1876 2324 1927 ιν

753 1968 956 2036 ἡσυχία
994 1966 1285 2036 προσέχειν
1314 1967 1547 2028 ἑαυτοῖς,
1596 1966 1696 2019 οὐκ
1732 1965 2019 2028 ἀσυντελὲς
2052 1965 2201 2019 ἔνδον
2228 1964 2324 2018 τοῦ

758 2056 1011 2126 σώματος
1048 2057 1344 2127 πειρᾶσθαι
1373 2057 1625 2124 κατέχειν
1646 2057 1737 2109 τὸν
1763 2057 1959 2109 οἰκεῖον
2006 2057 2150 2111 νοῦν.
2168 2056 2329 2109 Ἀπό-

759 2166 943 2217 κρισις
992 2150 1239 2219 δευτέρα.
1292 2147 1541 2215 Ejusdem
1590 2148 1721 2200 liber
1770 2149 2026 2215 priorum
2062 2149 2326 2201 secundus

760 2255 855 2306 pro
892 2240 957 2290 iis
997 2239 1088 2306 qtti
1126 2240 1178 2291 in
1214 2254 1367 2291 sacra
1410 2239 1579 2306 quiete
1622 2237 1852 2306 degunt,
1912 2238 2054 2306 quod
2114 2238 2181 2290 iis
2237 2237 2328 2306 qui

758 2336 1023 2399 elegerunt
1057 2332 1111 2382 in
1143 2331 1313 2399 quiete
1341 2328 1438 2381 sibi
1469 2330 1594 2395 ipsis
1627 2328 1915 2393 attendere,
1943 2345 2046 2381 non
2104 2329 2173 2381 sit
2225 2330 2319 2382 imo

761 2422 1009 2489 possibile
1033 2422 1173 2473 intra
1202 2436 1391 2487 corpus
1428 2419 1698 2486 propriam
1757 2428 1979 2472 mentem
2039 2420 2328 2486 continere,

761 2512 1041 2571 Responsio
1068 2511 1318 2563 secunda.
1354 2508 1567 2562 Initium
1599 2525 1613 2561 :
1660 2508 1901 2576 Ἀδελφέ,
1937 2508 2037 2561 οὐκ
2070 2511 2329 2572 ἁκούσεις

757 2603 851 2657 τοῦ
869 2604 1192 2656 ’Λποστόλου
1252 2601 1525 2670 λέγοντος,
1568 2601 1649 2653 ὅτι
1679 2601 1750 2652 τα
1790 2600 2042 2671 σώματα,
2089 2600 2329 2657 ειε.ῐ⁴ὀι.

761 2694 885 2746 115.

832 2808 937 2859 Τοῦ
963 2806 1125 2861 αὑτοῦ
1153 2806 1303 2873 λόγος
1327 2804 1421 2857 ὁτι-ἶ
1435 2823 1464 2874 ρ
1486 2804 1593 2857 τῶν
1616 2802 1774 2874 ίερῶς
1798 2802 2329 2874 ἡσυχαζόντων,τῶν

760 2902 1041 2968 προτέρων
1070 2902 1096 2951 ὁ
1125 2900 1305 2968 τρίτος
1337 2902 1466 2966 περι
1492 2898 1668 2965 φωτὸς
1702 2900 1795 2949 καὶ
1830 2898 2112 2967 φωτισμοῦ
2142 2896 2315 2960 θείου,

763 2994 858 3044 καὶ
903 2992 1056 3062 ἱερᾶς
1084 2991 1431 3060 εὐδαιμονίας
1466 2990 1559 3042 καὶ
1589 2990 1686 3060 τῆς
1715 2992 1772 3043 ὲν
1799 2991 2019 3060 Χριστῷ
2064 2991 2333 3059 τελειότη-

760 3099 872 3146 τος.
918 3083 1233 3152 Ἀπόκρισις
1284 3084 1469 3152 τρίτη.
1506 3082 1756 3151 Ejusdem
1791 3082 1921 3136 liber
1946 3083 2184 3150 priorum
2228 3093 2334 3137 ter-

763 3176 867 3228 tius
906 3175 967 3227 de
993 3175 1057 3227 iis
1087 3174 1173 3242 qui
1210 3175 1263 3225 in
1292 3190 1444 3226 sacra
1485 3175 1657 3242 quiete
1682 3173 1896 3242 degunt,
1945 3174 2009 3226 de
2043 3172 2237 3227 lumine
2284 3184 2333 3227 et

760 3267 1161 3320 illuminatioue
1214 3266 1416 3329 divina,
1463 3266 1524 3317 de
1566 3281 1720 3317 sacra
1754 3266 2009 3331 felicitate
2037 3272 2085 3317 et
2117 3266 2180 3319 de
2212 3283 2334 3333 per-

763 3359 989 3427 fectione
1044 3362 1098 3410 in
1147 3355 1377 3411 Christo.
1420 3357 1684 3409 Initium:
1725 3356 1839 3409 Οὐκ
1874 3357 1981 3423 ἄρα
2023 3356 2187 3425 μόνον
2217 3359 2335 3419 ταῖς

762 3450 987 3517 ἀρεταῖς
1022 3449 1077 3500 αἱ
1111 3446 1297 3499 κακίαι
1334 3447 1805 3515 παραπεπήγασιν
1870 3454 1976 3501 etc.
2013 3446 2129 3499 FoI.
2162 3446 2279 3499 I20.

834 3539 941 3592 Τοῦ
974 3537 1139 3591 αὑτοῦ
1168 3538 1324 3605 λόγος
1376 3537 1515 3607 ὑπὲρ
1562 3536 1671 3589 τῶν
1713 3536 1871 3606 ίερῶς
1928 3534 2333 3605 ἡσυχαζόντων,

764 3632 876 3684 τῶν
898 3631 1182 3699 ῦστὲρωνό
1203 3629 1437 3697 πρῶτος,
1479 3630 1597 3697 ἦτοι
1643 3629 1894 3697 διήγησις
1937 3629 2028 3680 καὶ
2053 3631 2334 3698 ἀνατροπὴ

765 3728 873 3780 τῶν
931 3726 1035 3777 ὑπὸ
1073 3724 1165 3777 τοῦ
1206 3724 1502 3793 φιλοσόφου
1557 3722 1823 3790 Βαρλαάμ
1902 3725 2333 3790 συγγραφέντων

768 3818 908 3871 κατά
928 3817 1037 3869 τῶν
1064 3816 1225 3885 ίερῶς
1250 3814 1652 3884 ἡσυχαζόντων.
1689 3812 1782 3875 Τίς
1808 3812 1839 3881 ή
1866 3812 2036 3875 ὅντως
2070 3814 2338 3881 σωτήριος

776 3909 971 3975 γνῶσις
1010 3908 1102 3960 καὶ
1136 3910 1247 3969 τοῖς
1281 3907 1448 3966 ὅντως
1495 3904 1749 3973 μοναχοῖς
1786 3902 2272 3979 περισπούδαστος,
2305 3902 2338 3971 ἢ

774 4001 910 4053 κατὰ
944 4001 1052 4053 τῶν
1086 4000 1348 4067 λεγόντων
1377 3998 1481 4067 τὴν
1508 3998 1569 4048 ὲκ
1599 3994 1699 4063 τῆς
1735 3993 1839 4058 ἔξω
1892 3993 2141 4054 παιδείας
2195 3992 2337 4057 γνῶ-

772 4108 856 4143 σιν
887 4092 1053 4152 ὄντως
1088 4093 1373 4157 σωτὴριον.
1403 4087 1651 4155 Ejusdem
1682 4086 1812 4139 liber
1841 4086 2191 4153 posteriorum
2214 4087 2339 4154 pri-

772 4199 886 4234 ntus
910 4183 1095 4249 pratis
1138 4182 1227 4249 qui
1266 4182 1318 4231 iu
1377 4195 1530 4231 sacra
1558 4179 1726 4245 quiete
1765 4178 1988 4246 degunt,
2047 4180 2154 4230 sive
2184 4194 2343 4231 enar-

773 4276 910 4327 ratio
946 4286 992 4327 et
1028 4276 1221 4326 eversio
1267 4288 1448 4325 eorum
1482 4286 1596 4339 qum
1645 4286 1675 4321 a
1723 4270 2025 4338 philosopho
2079 4268 2340 4323 Barlaam

777 4367 968 4434 scripta
1001 4374 1119 4418 sunt
1151 4374 1337 4417 contra
1355 4381 1438 4417 eos
1485 4365 1575 4433 qui
1610 4364 1663 4415 in
1686 4379 1839 4416 sacra
1890 4363 2060 4429 quiete
2118 4362 2335 4429 degunt.

776 4458 1031 4522 Quwnam
1063 4457 1129 4508 sit
1162 4472 1273 4508 vere
1303 4456 1557 4509 salutaris
1590 4455 1812 4508 scientia
1842 4472 1872 4506 α
1895 4455 2029 4508 veris
2066 4453 2339 4506 monachis

775 4547 947 4609 culta;
980 4563 1068 4599 stu
1119 4559 1305 4598 contra
1342 4563 1426 4599 eos
1470 4548 1559 4614 qui
1617 4546 1793 4598 dicunt
1848 4545 2122 4598 scientiam
2163 4553 2339 4598 exter-

781 4653 861 4691 ua:
894 4638 1039 4688 illius
1063 4635 1357 4703 disciplina:
1407 4652 1517 4689 esse
1567 4652 1681 4689 vere
1720 4634 2011 4688 salutarem
2062 4633 2282 4689 Initium
2321 4653 2335 4689 :

781 4728 945 4780 Οὐδὲν
975 4726 1203 4793 ψεύδους
1254 4726 1573 4794 δεινότερον,
1630 4726 1782 4778 οὐδὲν
1819 4725 2182 4794 συκοφαντίας
2239 4727 2341 4795 ἄχ-

783 4816 905 4879 θους
936 4816 1254 4887 βαρύτερον,
1285 4825 1393 4870 etc.
1430 4815 1547 4871 Fol.
1586 4816 1711 4882 I40,
1748 4830 1922 4871 verso.

854 4928 960 4979 Τοῦ
994 4927 1156 4980 αὑτοῦ
1192 4928 1347 4996 λόγος
1380 4930 1518 4999 ὑπὲρ
1550 4930 1657 4981 τῶν
1709 4930 1869 4999 ίερῶς
1920 4930 2335 5000 ἡσυχαζόντων,

782 5022 890 5073 τῶν
922 5022 1161 5090 ὑστέρων
1206 5026 1230 5073 ὁ
1260 5023 1509 5093 δεύτερος
1558 5024 1683 5091 περὶ
1711 5024 2033 5092 προσευχῆς.
2088 5022 2339 5092 Ejusdem

788 5114 919 5165 liber
945 5114 1295 5179 posteriorum
1320 5115 1578 5165 secundus
1613 5115 1789 5179 proiis
1825 5115 1914 5183 qui
1949 5130 2159 5166 sacram
2195 5117 2342 5183 quie-

790 5214 888 5256 tem
923 5217 1107 5271 agunt,
1146 5207 1207 5256 de
1237 5204 1507 5257 Oratione.
1552 5205 1767 5257 Initium
1795 5221 1810 5257 :
1838 5206 1957 5257 Τῶν
2010 5205 2108 5273 μὲν
2138 5204 2230 5257 οῦν
2254 5207 2344 5258 οῦ-

787 5295 876 5347 δὲν
934 5297 1076 5364 μέγα
1130 5296 1429 5362 τιθεμένων
1476 5296 1573 5363 τὴν
1635 5296 1739 5349 ἀπὸ
1796 5299 1892 5365 τῆς
1939 5295 2043 5359 ἔξω
2097 5296 2345 5361 παιδείας

789 5386 994 5454 δνησιν,
1024 5397 1129 5439 ctc.
1162 5384 1279 5439 Fol.
1312 5386 1431 5449 I56,
1469 5401 1640 5441 verso.

862 5499 972 5552 Τοῦ
1009 5499 1175 5551 αὐτοῦ
1210 5498 1365 5567 λόγος
1404 5500 1545 5570 ὑπὲρ
1589 5500 1697 5552 τῶν
1729 5501 1888 5570 ἱερῶς
1940 5503 2342 5571 ἡσυχαζόντων,

784 5591 893 5644 τῶν
940 5591 1183 5658 ὑστέρων
1213 5594 1241 5641 ὁ
1264 5590 1443 5659 τρίτος
1473 5596 1602 5662 περὶ
1657 5596 1830 5662 φωτὸς
1884 5596 2053 5665 ἱεροῦ.
2091 5596 2341 5664 Ejusdem

789 5682 915 5736 iiber
943 5683 1293 5749 posteriorum
1326 5686 1539 5747 tertius,
1566 5701 1659 5752 pro
1691 5688 1753 5739 iis
1801 5688 1890 5755 qui
1918 5689 1971 5741 in
1995 5703 2148 5741 sacra
2173 5690 2343 5758 quiete

787 5772 1001 5843 degunt,
1055 5772 1118 5825 de
1164 5789 1315 5827 sacro
1349 5775 1565 5831 lumine.
1609 5777 1825 5833 Initium
1859 5796 1873 5835 :
1922 5780 1981 5832 Ὀ
2015 5779 2079 5849 δὴ
2104 5781 2201 5851 τῆς
2232 5798 2347 5834 νοε-

1959 349 2345 410 GREGOIIII
2392 348 2716 408 I‘AI..\M.E

2418 460 2517 528 ρᾶς
2548 460 2858 529 προσευχῆς
2909 460 3049 511 κατὰ
3102 460 3318 513 muas.
3368 460 3479 529 33.2.

2412 552 2638 619 χόντων,
2676 561 2781 606 etc.
2820 551 2934 609 FoI.
2971 552 3087 615 I68,
3127 568 3302 606 verso.

2487 639 2595 691 Τοῦ
2627 640 2792 692 αὑτοῦ
2851 639 3073 709 ἔλεγχος
3126 640 3233 694 τῶν
3305 644 3741 711 συμϐαινόντων,
3776 649 3847 698 ἐκ
3891 647 3995 697 τῶν

2417 730 2685 802 δευτέρων
2734 731 2828 784 τοῦ
2881 733 3176 801 φιλοσόφου
3209 734 3478 804 Βαρλαάμ
3504 738 3996 807 συγγραμμάτων,

2418 823 2614 891 ἢπερὶ
2677 823 2950 886 θεώσεως.
3012 822 3263 891 Ejusdem
3330 826 3584 892 refutatio
3636 827 3997 880 absurdorum

2417 933 2533 983 qute
2592 926 2885 985 sequuntur
2934 934 2998 969 ex
3044 919 3284 970 secundis
3343 919 3625 972 Barlaami
3694 922 3999 988 philosoptj

2420 1009 2675 1075 scriptis;
2723 1011 2827 1063 sive
2881 1011 2947 1062 de
2992 1010 3354 1077 dei/icutione.
3421 1011 3640 1064 Initium
3681 1028 3697 1063 :
3745 1013 3896 1063 Ἀλλ’
3954 1016 4003 1064 εἰ

2425 1099 2522 1168 μὲν
2555 1104 2695 1152 κατὰ
2728 1101 3127 1153 Μασσαλιανῶν
3157 1102 3411 1171 καθάπερ
3457 1104 3552 1155 καὶ
3583 1105 4002 1171 ἐπιγέγραπται

2421 1193 2469 1243 οί
2502 1192 2562 1244 τὸ
2592 1192 2799 1261 βιϐλίον
2830 1196 3145 1263 πεποίηται’,
3180 1193 3415 1249 etc.Fo|.
3457 1196 3579 1261 I97,
3612 1213 3793 1250 verso.

2493 1284 2598 1335 Τοῦ
2634 1284 2798 1336 αὐτοῦ
2831 1286 3127 1353 κατάλογος
3158 1288 3267 1337 τῶν
3294 1286 3652 1340 ἐκϐαινόντων
3676 1290 3910 1341 ἀτόπων
3940 1293 4003 1342 ἐκ

2422 1374 2531 1427 τῶν
2588 1375 2683 1427 τοῦ
2745 1377 3038 1445 φιλοσόφου
3102 1377 3365 1447 Βαρλαάμ
3430 1375 3778 1447 προτάσεων,
3842 1381 4001 1445 λόγος

2421 1467 2673 1536 δεύτερος
2698 1469 2840 1521 κατὰ
2874 1470 3162 1538 δευτέρων.
3204 1469 3457 1539 Ejusdem
3485 1472 3765 1541 catalogus
3802 1475 4004 1525 absur-

2424 1561 2614 1611 dorum
2643 1576 2758 1628 qua:
2788 1572 3075 1629 sequuntur
3104 1579 3167 1616 ex
3203 1562 3482 1615 Barlaami
3521 1565 3831 1633 philosophi
3891 1581 4005 1631 pro‘

2426 1651 2648 1717 tasibus,
2682 1653 2814 1706 liber
2841 1657 3100 1707 secundus
3121 1666 3305 1708 contra
3328 1660 3559 1709 secunda
3580 1660 3804 1721 scripta.
3839 1656 3961 1710 Init.
3989 1676 4001 1710 :

2430 1743 2629 1812 Ἥρετό
2693 1762 2775 1806 τις
2823 1761 2931 1796 των
2976 1747 3347 1816 εἰσαγομένων
3414 1750 3462 1800 εἰ
3512 1748 3743 1802 δυνατὸν
3789 1751 4009 1820 ἀνθρώ-

2425 1852 2533 1906 πῳ,
2564 1848 2670 1891 etc.
2707 1836 2822 1892 Fol.
2863 1839 2989 1901 2H,
3029 1854 3204 1895 verso.

2496 1949 2601 2001 Τοῦ
2630 1950 2795 2003 αὑτοῦ
2826 1952 3124 2020 κατάλογος
3157 1953 3265 2006 τῶν
3288 1953 3655 2010 ἐκϐαινόντων
3685 1958 3916 2011 ἀτόπων
3947 1962 4008 2018 ὲκ

2424 2040 2533 2093 τῶν
2557 2040 2652 2093 τοῦ
2681 2044 2973 2111 φιλοσόφου
3001 2045 3268 2114 Βαρλαάμ
3316 2051 3837 2117 συμπερασμάτων,
3868 2053 4005 2104 κατά

2427 2132 2537 2184 τῶν
2568 2134 2843 2205 δευτέρων
2872 2139 2898 2189 ὁ
2926 2139 3128 2205 τρίτος.
3164 2137 3410 2206 Ejusdem
3441 2142 3718 2209 catalogus
3747 2142 4011 2195 absurdo-

2428 2238 2545 2275 rum
2566 2240 2681 2290 (μα’
2711 2236 2998 2293 sequuntur
3019 2241 3083 2280 επ
3098 2228 3381 2297 philisophi
3396 2228 3671 2282 Barlaami
3700 2232 4011 2285 conclusio-

2429 2314 2602 2373 nibus.
2631 2316 2763 2367 liber
2785 2317 2971 2370 tertius
3002 2328 3189 2372 contra
3224 2322 3455 2373 secunda
3480 2324 3701 2389 scripta.
3745 2321 4005 2377 Initium:

2434 2408 2498 2459 ’Δ
2533 2408 2630 2475 μὲν
2661 2403 2753 2461 οὖν
2783 2410 3114 2479 προσκρούει
3141 2414 3206 2481 τῇ
3238 2413 3466 2484 ἀληθείᾳ
3509 2414 3605 2467 καὶ
3634 2414 3715 2483 τῷ
3748 2416 3850 2484 τῆς
3883 2417 4014 2487 ἀλη-

2430 2500 2582 2562 θείας
2613 2500 2753 2569 Θεῷ,
2787 2511 2891 2555 etc.
2928 2500 3043 2557 Fol.
3088 2502 3215 2559 220.

2513 2612 2800 2682 Ἐπίτομος
2835 2617 2973 2667 κατά
2998 2613 3057 2666 τὸ
3087 2615 3312 2669 δυνατὸν
3347 2616 3600 2687 διήγησις
3646 2622 3749 2688 τῆς
3785 2621 3885 2672 ἐπὶ
3920 2623 4014 2673 τοῦ

2437 2703 2702 2757 παλατίου
2752 2704 2982 2757 ἐνώπιον
3034 2706 3128 2759 τοῦ
3179 2708 3449 2777 βασιλέως
3494 2716 3801 2785 γενομένης
3827 2718 4019 2771 διαλέ-

2433 2794 2567 2859 ξεως
2597 2795 2690 2848 τοῦ
2726 2796 3126 2868 Θεσσαλονίκης
3156 2800 3324 2871 κυροῦ
3362 2803 3669 2874 Γρηγορίου
3722 2810 3821 2861 καὶ
3870 2810 4021 2881 Γρηο

2433 2890 2573 2958 γορᾶ
2600 2889 2693 2940 τοῦ
2727 2890 3043 2959 φιλοσόφου,
3078 2897 3459 2964 συγγραφεῖσα
3488 2901 3644 2967 παρά
3691 2918 3849 2965 τινος
3907 2907 4019 2957 τῶν

2433 2980 2533 3049 τῆς
2565 2981 2872 3051 συγκλήτου
2907 2981 3147 3049 λογάδων
3178 2986 3444 3053 παρόντος
3474 2991 3569 3043 καὶ
3613 2992 3901 3060 αὐτηκόου
3933 3014 4025 3061 γε-

2433 3072 2676 3140 γονότο;.
2710 3072 3095 3141 Compendiosa
3123 3086 3217 3143 pro
3242 3077 3499 3144 facultate
3524 3083 3765 3135 narratio
3793 3085 4018 3155 dialogi,

2428 3171 2517 3237 qui
2556 3168 2609 3219 in
2638 3167 2839 3235 palatio
2883 3184 3063 3221 coram
3109 3171 3427 3237 imperatore
3486 3174 3699 3228 habit-ts
3746 3186 3825 3230 est
3879 3180 4022 3232 inter

2439 3258 2502 3311 υ.
2538 3258 2846 3328 Gregorium
2872 3260 3321 3329 archiepiscopum
3358 3262 3749 3320 Thessalonica:
3802 3278 3857 3321 et
3892 3269 4025 3323 Cre-

2434 3366 2614 3419 goram
2647 3352 3029 3420 philosOpltum,
3060 3355 3290 3421 scriptus
3325 3372 3357 3407 a
3388 3357 3617 3423 quodam
3643 3374 3707 3411 ex
3746 3359 4023 3414 illustrio-

2435 3444 2577 3495 ribus
2617 3444 2967 3510 senatoribus,
3015 3445 3105 3513 qui
3154 3446 3265 3498 lucc
3302 3463 3533 3512 prtesens
3587 3450 3863 3504 audierat.
3917 3454 4026 3507 lui-

2438 3536 2569 3586 tium
2609 3551 2621 3586 :
2663 3535 2937 3606 Ὀρισθεὶς
2978 3536 3129 3603 παρὰ
3156 3537 3249 3589 τοῦ
3296 3539 3454 3605 ἁγίου
3523 3540 3681 3610 ἡμῶν
3749 3545 4023 3599 αῦθέντου

2438 3628 2529 3679 καὶ
2561 3626 2848 3695 βασιλέως,
2883 3636 2988 3683 ctc.
3032 3629 3146 3684 Fol.
3177 3628 3299 3684 226.

2509 3740 2614 3791 Τοῦ
2669 3742 3088 3811 μακαριωτάτου
3120 3743 3557 3812 ἀρχιεπισκόπου
3608 3747 4027 3824 Θεσσαλονίκης

2440 3835 2745 3903 Γρηγορίου
2794 3834 2869 3897 ὡς
2931 3834 3039 3887 ἀπό
3068 3852 3213 3898 τινος
3243 3838 3434 3906 ἑτέρου
3494 3842 3862 3910 συγγραφεὶς,
3898 3848 4027 3915 περὶ

2437 3926 2535 3992 τῆς
2567 3926 2659 3977 τοῦ
2693 3926 2949 3996 Γρηγορᾶ
2976 3926 3381 3997 ψευδογραφίας
3410 3929 3545 3999 ὁμοῦ
3570 3935 3662 3984 καὶ
3690 3933 4027 3998 δυσσεδείας

2438 4018 2597 4085 λόγος
2645 4018 2883 4088 πρῶτος.
2961 4018 3264 4072 Beatissimi
3322 4020 3567 4091 Gregorii
3637 4026 4027 4095 archiepiscopi

2446 4108 2933 4165 Thessalonicensis
2968 4112 3031 4164 de
3067 4109 3318 4181 Gregorte
3348 4114 3401 4165 in
3431 4116 3705 4168 scribendo
3734 4119 4027 4171 mendaciis

2440 4209 2489 4254 et
2517 4202 2785 4268 impietate
2811 4202 2941 4256 liber
2960 4204 3184 4271 primus,
3215 4203 3279 4255 ab
3305 4205 3412 4257 alio
3440 4206 3665 4272 quodam
3697 4207 4023 4274 descriptus.

2445 4293 2661 4347 Initium
2695 4312 2708 4347 :
2746 4295 3090 4364 Μεταλαχεῖν
3140 4295 3339 4357 ἀθλίως
3391 4296 3481 4347 τὸν
3522 4296 3839 4367 Γρηγορᾱν,
3878 4300 4025 4366 Βαρ-

2442 4388 2591 4457 λαὰμ
2621 4390 2710 4439 καὶ
2729 4386 3038 4453 Ἀκινδύνου
3069 4386 3176 4438 τῶν
3205 4387 3535 4452 κακοδόξων,
3569 4396 3674 4443 etc.
3707 4388 3829 4443 FuI.
3857 4391 3989 4446 252.

2513 4501 2619 4555 Τοῦ
2651 4500 2817 4554 αὑτοῦ
2850 4501 2977 4569 περὶ
3012 4503 3106 4571 τῆς
3148 4500 3243 4554 τοῦ
3294 4503 3551 4573 Γρηγορᾶ
3606 4505 4024 4577 ψευδογραφίτς

2443 4596 2578 4663 ὁμοῦ
2630 4594 2724 4646 καὶ
2765 4593 3087 4657 δυσσεϐείας
3120 4594 3279 4661 λόγος
3319 4594 3591 4666 δεύτερος.
3650 4597 3914 4665 Ejusdem
3967 4620 4026 4655 te

2446 4684 2692 4755 Gregorte
2726 4686 2777 4737 in
2806 4685 3079 4739 scribendo
3135 4686 3427 4739 mendaciis
3472 4696 3520 4740 et
3559 4688 3845 4757 impietate
3896 4694 4026 4745 libzr

2444 4786 2729 4832 secundus.
2768 4778 2982 4831 Initium
3019 4796 3032 4830 :
3074 4778 3162 4841 Ἐξ
3208 4779 3419 4848 ὀνύχων
3472 4780 3603 4846 φασὶ
3660 4780 3753 4833 τὸν
3808 4782 4024 4849 λέοντα,

2446 4870 2539 4919 καὶ
2568 4870 2630 4920 ὲκ
2658 4869 2751 4921 τοῦ
2786 4868 3093 4939 κρασπέδου
3114 4870 3175 4921 τὸ
3210 4868 3459 4939 ὕφασμα,
3496 4880 3602 4925 etc.
3640 4870 3758 4925 Fol.
3785 4873 3919 4927 Ωιι.

2520 4960 2777 5029 Ἔλεγχος
2829 4962 2926 5028 τῆς
2952 4964 3032 5023 εἰς
3062 4963 3125 5014 τὸ
3165 4961 3443 5015 θειότατον
3487 4963 3603 5033 φῶς
3644 4964 3746 5031 τῆς
3784 4967 3886 5018 τοῦ
3922 4969 4030 5018 Κυ-

2449 5049 2566 5119 ρίου
2624 5050 3129 5121 μεταμορφώσεως,
3188 5053 3539 5121 παντοδαπῆς
3596 5054 3691 5107 τοῦ
3759 5056 3799 5107 Γ
3803 5061 4027 5128 ρηγορᾶ

2450 5141 2799 5210 βλασφημίας
2846 5143 2943 5193 καὶ
2996 5142 3338 5212 παράστασις
3394 5144 3453 5210 ἐξ
3516 5145 3879 5210 ἀντιθέσεως,
3947 5152 4029 5203 ὅτι

2447 5232 2700 5285 ἄκτιστον
2729 5231 2888 5284 τοῦτο
2914 5250 3062 5285 εστιν
3091 5233 3164 5297 ὡς
3195 5233 3411 5303 ἀληθῶς
3439 5235 3533 5288 καὶ
3559 5235 3752 5289 ἀΐδιον.
3772 5238 4025 5309 Ἐγράξη

2448 5326 2541 5377 καὶ
2578 5325 2860 5393 ἀπεστάλη
2892 5324 2971 5393 τῷ
3001 5325 3290 5393 ἁγιωτάτῳ
3343 5327 3439 5378 καὶ
3496 5330 3872 5397 οἰκουμενικῷ
3927 5350 4030 5383 πα-

2450 5414 2703 5483 τριάρχῃ.
2737 5414 3005 5483 Refutatio
3041 5420 3356 5470 omnimodae
3396 5418 3739 5485 blasphemia!
3771 5421 4023 5489 Gregorii:

2459 5508 2602 5557 circa
2642 5506 3030 5560 divtnissimum
3060 5509 3742 5578 lumentransﬁgurationis
3772 5511 4028 5573 Domini;

2450 5614 2509 5650 ac
2534 5598 2912 5653 demonstratio
2962 5616 3026 5653 ea;
3068 5602 3335 5665 antithesi,
3367 5602 3505 5672 quod
3554 5602 3688 5655 illud
3721 5605 4028 5659 increatam

2452 5702 2565 5743 vere
2622 5691 2690 5743 sit
2736 5701 2783 5743 et
2815 5702 3089 5749 wternum.
3129 5692 3339 5761 Scripta
3375 5704 3423 5748 et
3451 5696 3614 5749 missa
3667 5707 3744 5749 est
3800 5700 3873 5751 ad
3902 5716 4025 5753 san-

2455 5781 2744 5835 ctissimum
2802 5793 2849 5837 et
2903 5786 3273 5839 mcumenicum
3337 5788 3719 5855 patriarcham.
3760 5786 4021 5846 Initium:

3884 358 3993 411 δ.ἰὶ
4090 358 4099 389 7

3514 464 3687 532 715:3;
3724 481 3995 533 πρνιααιες
4100 484 4101 499 ι
