4140 6318
120 444 238 509 811

124 554 448 627 c‘cppoozimv
507 549 693 615 αὑτοῦ,
738 567 755 600 t
800 552 965 617 φησὶν
1015 548 1041 598 ό
1099 545 1260 613 σοφὸς
1300 543 1551 613 Σολομῶν
1592 551 1700 595 etc.

122 646 248 700 Fol.
288 645 412 699 171.
449 657 629 695 verso.

201 737 313 789 Τοῦ
362 734 527 787 αὑτοῦ
584 731 1001 799 παναγιωτάτου
1042 728 1386 798 πατριάρχου
1422 727 1561 795 πρὸς
1617 725 1707 777 τὸν

120 826 295 879 αὑτὸν
342 824 631 893 φιλόσοφον
688 821 978 890 Γρηγορᾶν
1002 820 1159 887 λόγος
1198 816 1584 889 ἁντιρῤητικδς
1639 814 1707 880 ιβ’

123 916 275 985 ὑπὲρ
301 915 410 966 τῶν
436 912 515 981 τῷ
540 911 679 979 ἁγίῳ
705 910 826 980 ὄρει
860 908 937 979 τῷ
965 909 1117 978 ’Λθῳ
1147 904 1433 977 μοναστῶν
1458 904 1581 975 (sic)
1615 906 1707 957 xu“.

121 1007 241 1058 τῶν
288 1005 454 1074 ίερῶς
503 1001 891 1074 ἡσυχαζόντων
939 1001 1058 1053 ἐκεῖ
1102 999 1195 1053 καὶ
1244 998 1311 1069 δὴ
1345 997 1581 1051 καὶτῶν
1618 998 1706 1049 έν-

122 1097 310 1150 ιταῦθα
383 1096 525 1165 ὑπέρ
558 1112 619 1147 τε
647 1095 755 1147 τῶν
780 1094 918 1147 κατὰ
950 1092 1060 1144 τῶν
1088 1089 1379 1143 θειοτάτων
1436 1084 1709 1157 βασιλέων

126 1191 321 1251 κακῶς
369 1188 675 1257 εἰρημένων
709 1186 860 1256 αὑτῷ
892 1183 1179 1252 ἀπολογία,
1226 1180 1364 1236 ἀλλὰ
1387 1181 1449 1249 δὴ
1486 1178 1711 1231 καὶτῶν

129 1280 279 1334 κατὰ
337 1279 429 1333 τοῦ
488 1280 633 1331 θείου
690 1275 999 1350 Γρηγορίου
1052 1275 1149 1328 καὶ
1194 1273 1303 1327 τῶν
1346 1267 1710 1343 ίερῶν,αὑτοῦ

126 1372 435 1437 θαυμάτων
524 1369 661 1436 πρός
701 1384 765 1434 γε
819 1367 926 1435 μὴν
981 1366 1058 1436 τῷ
1093 1364 1188 1418 τοῦ
1240 1364 1405 1432 λόγου
1438 1361 1583 1414 τέλει
1618 1361 1713 1413 καὶ

124 1459 609 1527 ἀνακεφαλαίωσις
656 1458 763 1510 τῶν
799 1455 1238 1526 προειρημένων.
1293 1452 1548 1521 Ejusdem
1585 1465 1711 1501 san-

120 1550 357 1602 ctissimi
397 1549 716 1617 patriarchae
760 1546 1011 1599 adversus
1053 1546 1291 1599 eumdem
1342 1543 1713 1611 philosophum

128 1641 424 1709 Gregoram
475 1641 606 1692 iiber
656 1639 1033 1691 antirrh‘eticus
1088 1636 1171 1700 12,
1212 1651 1306 1704 pro
1348 1634 1618 1688 monachis
1658 1634 1713 1684 in

125 1742 319 1786 sancto
354 1738 525 1781 monte
584 1728 719 1781 Atho
769 1728 1096 1797 degentibus,
1129 1735 1189 1779 et'
1210 1725 1273 1777 iis
1313 1724 1400 1794 qui
1433 1722 1626 1777 ibidem
1655 1732 1709 1774 ut

122 1834 175 1873 et
210 1823 295 1871 hic
327 1821 380 1871 in
416 1836 569 1872 sacra
598 1812 768 1887 quiete
830 1819 1004 1871 vivunt
1037 1818 1098 1887 (i.
1133 1812 1495 1885 [Iesychastis)
1529 1815 1709 1880 defen-

123 1913 212 1962 sio
251 1910 704 1963 divinissimorum
733 1910 1111 1975 imperatorum
1147 1916 1334 1959 contra
1366 1904 1601 1973 ejusdem
1627 1904 1711 1955 di-

126 2014 263 2064 cta;
301 2001 647 2069 similiterque
701 2000 764 2053 D.
817 1998 1059 2068 Gregorii
1098 2009 1149 2052 et
1185 1998 1567 2051 miraculorum
1594 1996 1710 2063 ejus

123 2094 404 2162 apologia.
429 2090 753 2163 Insuper-que
779 2093 832 2146 in
861 2093 965 2160 ﬁne
985 2091 1107 2144 libri
1134 2088 1504 2158 recapitulatio
1530 2104 1711 2149 eorum

118 2202 250 2255 qua:
277 2201 439 2252 supra
471 2185 613 2236 dicta
653 2193 797 2236 sunt.
832 2181 1003 2235 lnit.:
1046 2180 1316 2235 Ἐνταῦθα
1358 2196 1424 2249 με
1456 2178 1713 2249 βουλόμε-

123 2293 221 2329 νον
264 2276 459 2343 στῆσαι
484 2275 575 2326 τὸν
601 2272 759 2341 λόγον
783 2272 810 2325 ὃ
834 2271 897 2341 δὴ
924 2274 1025 2326 κάν
1051 2274 1161 2335 τοῖς
1193 2271 1432 2339 φθάσασι
1462 2268 1711 2341 προῦφην

120 2382 240 2423 etc.
275 2367 391 2421 Fol.
428 2369 551 2421 197.

205 2458 314 2509 Τοῦ
340 2457 507 2509 αὑτοῦ
538 2457 848 2523 ἁγιωτάτου
886 2456 982 2510 καὶ
1020 2451 1405 2521 οίκουμενικοῦ
1442 2454 1714 2521 πατριάρ-

123 2565 230 2616 χου
272 2546 443 2616 κυροῦ
484 2546 737 2600 Φιλοθέου
769 2546 846 2616 τῷ
876 2546 1253 2615 εὐγενεστάτω
1294 2543 1517 2614 μεγάλῳ
1554 2544 1712 2611 δομε-

126 2636 305 2705 στίχῳ
334 2635 411 2703 τῷ
443 2636 791 2706 Παλαιολόγῳ
821 2638 950 2705 περὶ
998 2633 1093 2688 τοῦ
1128 2638 1185 2687 ὲν
1219 2635 1330 2697 τοῖς
1384 2632 1521 2704 πρὸς
1542 2631 1716 2685 ,Εὐνό-

124 2743 260 2795 μιον
314 2728 725 2796 ἀντιῤῥητικοῖς
773 2727 867 2780 τοῦ
912 2727 1152 2794 μεγάλου
1206 2725 1495 2777 Βασιλείου
1544 2722 1713 2793 ῥητοῦ

124 2816 228 2869 τοῦ
270 2816 552 2883 λέγοντοςκ·
593 2836 611 2868 ‹
666 2816 724 2870 Ὀ
770 2818 879 2887 γὰρ
911 2815 1148 2879 τετοκὼς
1188 2815 1397 2885 βώλους
1442 2814 1665 2886 δρόσου,
1689 2831 1708 2864 ι

127 2908 281 2959 κατὰ
305 2907 397 2960 τὸν
432 2906 552 2960 ’1ὼό
579 2908 757 2974 λόγον,
788 2909 885 2978 οὑχ
919 2910 1120 2977 ὁμοίως
1151 2908 1247 2972 τάς
1291 2925 1351 2961 τε
1386 2905 1594 2977 βώλους
1620 2910 1714 2960 καὶ

125 3000 222 3051 τὸν
259 2999 391 3051 Υἱὺν
420 3000 766 3071 ὑπεστήσατο
839 3004 935 3054 καὶ
966 3001 1095 3070 περ)⁷
1135 3000 1391 3070 θεότητος
1430 2998 1588 3068 λόγος
1623 3005 1690 3067 ιγ’

131 3091 388 3159 Ejusdem
425 3092 752 3145 sanctissimi
771 3102 818 3146 et
842 3093 1143 3147 mcumenici
1166 3092 1489 3160 patriarcha
1515 3092 1716 3145 domini

130 3182 399 3235 l'ltilothei
428 3182 757 3236 nobilissimo
782 3200 967 3254 magno
989 3184 1274 3239 domestico
1294 3184 1623 3253 Palwologo,
1652 3185 1715 3238 de

128 3275 277 3327 dicto
312 3274 369 3328 S.
403 3274 596 3328 Basilii
631 3276 685 3329 in
717 3277 1092 3331 Antirrheticis
1141 3287 1331 3331 contra
1368 3275 1711 3341 Eunomium,

126 3366 224 3432 qui
277 3365 355 3417 ait
424 3366 481 3417 in
533 3367 668 3419 hunc
718 3366 843 3421 ,Ιοόὶ
898 3376 1097 3432 locum,
1134 3386 1152 3419 ι
1198 3368 1304 3434 Qui
1341 3370 1479 3421 enim
1516 3370 1713 3435 peperit

127 3456 313 3525 glebas
350 3458 509 3521 roris,
542 3475 560 3507 ι
598 3474 698 3511 non
731 3460 977 3513 similiter
1000 3462 1179 3530 glebas
1207 3472 1257 3514 et
1294 3459 1494 3514 Filium
1517 3462 1717 3515 consti-

130 3552 320 3611 :uisse,
345 3561 396 3603 et
425 3550 489 3604 de
520 3551 716 3606 deitate
737 3553 867 3606 liber
894 3554 1127 3607 decimus
1159 3555 1363 3607 tertius.
1402 3551 1552 3610 lnit.:
1582 3556 1715 3623 Ἀγε

126 3642 201 3710 δὴ
234 3642 327 3693 καὶ
356 3642 541 3708 πάλιν,
575 3644 745 3712 φίλων
778 3646 987 3714 ἀνδρῶν
1025 3646 1387 3714 εὑγενέστατε
1424 3649 1516 3700 καὶ
1566 3649 1717 3716 φιλο-

132 3730 469 3799 μαθέστατε,
501 3733 637 3802 πρὸς
661 3736 758 3797 τὰς
778 3733 960 3798 λύσεις
986 3735 1157 3806 ῐωμεν
1192 3735 1301 3790 τῶν
1326 3735 1434 3789 σῶν
1467 3735 1717 3807 ζητημάα

130 3840 249 3875 των
278 3835 387 3877 etc.
417 3824 531 3878 Fui.
556 3825 684 3879 212.

209 3913 317 3966 Τοῦ
354 3915 519 3968 αὑτοῦ
554 3918 687 3984 πρὸς
722 3916 813 3969 τὸν
855 3917 1019 3972 αὑτὸν
1056 3919 1184 3989 περὶ
1228 3918 1331 3989 τῆς
1357 3921 1415 3972 ὲν
1447 3919 1717 3993 Θαϐωρίῳ

130 4006 290 4069 θείας
331 4006 425 4058 τοῦ
459 4008 701 4074 Χριστοῦ
739 4008 1242 4080 μεταμορφώσεως,
1271 4012 1353 4064 ὅτι
1387 4010 1512 4064 οὔτε
1559 4013 1717 4067 οὐσία

126 4096 274 4148 Θεοῦ
303 4096 363 4147 τὸ
392 4097 515 4149 κατ’
550 4096 723 4166 αὑτὴν
764 4097 879 4165 φῶς
910 4097 1036 4151 οῦτε
1062 4098 1271 4177 κτίσμα
1336 4101 1429 4153 καὶ
1463 4101 1543 4154 ὅτι
1577 4096 1717 4156 εἶδον

130 4187 271 4240 αὑτὸ
298 4188 346 4239 ot
382 4188 695 4253 ἀπόστολοι,
742 4190 838 4241 καὶ
870 4189 988 4251 πῶς
1033 4185 1177 4243 εἶδον
1256 4192 1351 4243 καὶ
1383 4192 1465 4245 ὅτι
1499 4191 1561 4245 οὑ
1592 4210 1719 4247 σιω-

130 4279 349 4332 πᾶσθαι
379 4280 508 4343 τοὺς
559 4283 689 4350 περὶ
739 4280 949 4335 τούτων
985 4282 1178 4350 λόγους
1222 4285 1365 4339 κατά
1403 4302 1557 4348 τινας
1587 4287 1714 4357 χρὴ,

128 4353 278 4427 ἁλλᾶ
304 4373 398 4425 καὶ
444 4372 839 4442 κηρύττεσθαι,
894 4375 985 4425 καὶ
1022 4374 1159 4443 πρὸς
1196 4374 1295 4446 τὴν
1333 4353 1714 4447 μετοχὴνγμά-

128 4466 298 4518 λιστα
353 4464 609 4516 σπεύδειν
664 4466 874 4526 πάντας
911 4463 1005 4515 τοῦ
1064 4465 1211 4518 θείου
1250 4469 1430 4535 φωτὸς
1471 4469 1711 4526 ἐκείνου.

131 4556 396 4623 Ejusdem
445 4558 515 4609 ad
549 4556 788 4609 eumdem
820 4556 883 4610 de
918 4558 1094 4611 divina
1124 4558 1614 4630 Trans/ﬁguratione
1661 4566 1715 4618 in

134 4648 431 4711 Thaborio,
470 4650 607 4717 quod
642 4649 829 4701 lumen
872 4649 926 4701 iu
962 4665 1023 4702 ea
1074 4650 1365 4704 exhibitum
1399 4669 1562 4724 neque
1592 4658 1720 4710 sub—

127 4740 340 4795 stantia
377 4739 473 4792 Dei
501 4743 566 4792 sit
612 4756 774 4808 neque
802 4751 1053 4794 creatura
1088 4784 1101 4807 ,
1128 4754 1177 4796 et
1209 4746 1348 4813 quod
1390 4747 1615 4813 apostoli
1643 4748 1722 4815 ip-

132 4842 255 4880 sum
291 4826 512 4877 viderint
559 4843 621 4878 ac
653 4829 915 4895 quomodo
955 4828 1180 4883 viderint
1198 4847 1218 4895 ;
1250 4833 1387 4900 quod
1410 4834 1521 4895 hare
1550 4846 1721 4890 tacere

132 4933 242 4969 non
284 4927 545 4982 oporteat.
585 4928 640 4969 ut
681 4918 901 4987 quidam
954 4920 1156 4980 volunt.
1187 4922 1279 4975 sed
1313 4925 1492 4990 potius
1519 4928 1719 4996 pra’di-

128 5021 276 5060 care.
309 5003 375 5056 Et
409 5008 545 5073 quod
577 5010 643 5058 ad
690 5007 836 5060 illius
858 5008 1060 5063 divina:
1095 5011 1229 5064 lucis
1259 5016 1717 5083 participationem

131 5112 318 5151 omnes
375 5098 629 5165 festinare
676 5100 925 5153 debeant.
952 5101 1125 5156 Init.:
1172 5103 1323 5155 Ἐπεὶ
1358 5106 1412 5159 δὲ
1453 5108 1552 5171 τὰς
1594 5114 1721 5180 περὶ

128 5192 233 5250 τὰς
264 5189 438 5255 λέξεις
492 5190 615 5243 καθ’
642 5192 802 5260 ήμῶν
841 5194 1215 5261 συκοφαντίας
1249 5213 1307 5248 τε
1346 5201 1440 5251 καλ⁵
1477 5218 1721 5256 καινοτο-

131 5280 267 5351 μίας
300 5291 403 5334 etc.
441 5279 561 5335 Fol.
589 5274 717 5337 ΞΞΙ.

208 5370 317 5421 Τοῦ
355 5372 521 5431 αὑτοῦ
557 5372 691 5440 πρὸς
736 5373 828 5426 τὸν
861 5374 1025 5428 αὑτὶν
1060 5378 1188 5445 περὶ
1220 5377 1327 5430 τῶν
1363 5381 1541 5434 αὐτῶν
1563 5382 1720 5451 λόγος

135 5463 223 5512 ιε’.
264 5455 512 5524 Ejusdem
540 5460 608 5510 ad
640 5462 883 5514 eumdem
914 5464 978 5515 tle
1006 5480 1057 5516 re
1077 5466 1257 5518 eadem
1290 5467 1422 5520 liber
1454 5472 1538 5525 15.
1571 5472 1718 5528 lnit.:

144 5548 313 5602 ’Λλλά
344 5551 533 5617 καιρὸς
565 5550 630 5602 ἂν
662 5550 750 5620 εἴη
781 5553 989 5617 λοιπὸν,
1028 5558 1121 5608 καὶ
1149 5559 1239 5610 τὸν
1279 5562 1440 5613 οίονεὶ
1475 5564 1626 5628 τέλος
1660 5584 1717 5619 τε

131 5640 234 5693 καὶ
262 5642 533 5708 σφραγῖδα
565 5655 667 5695 etc.
706 5641 819 5697 Fol.
851 5645 955 5697 2'27
985 5662 1162 5701 verso.

208 5733 389 5802 Μέχρι
440 5733 541 5801 μὲν
579 5732 784 5786 τούτων
819 5740 1235 5807 συμπληροῦται
1268 5743 1326 5795 τὸ
1360 5744 1586 5815 βιϐλίον,
1622 5767 1720 5803 κα-

134 5823 249 5889 θὼς
282 5828 340 5878 ὲν
372 5826 493 5887 ταῖς
538 5824 902 5897 προθεωρίαις
942 5829 1390 5891 διαλαμϐάνεται.
1446 5839 1717 5908 Προσετέ-

473 5918 745 5978 Ρλτιιοι..
788 5923 900 5979 Ou.
952 5921 1044 5980 CL
1060 5963 1073 5978 .

921 437 1237 518 OPERUM
1283 430 1763 493 ABGUMENTA
1807 415 2544 489 EX’CODDQCOISIJN.

3288 414 3395 476 852

1812 542 1986 609 θησαν
2018 539 2075 592 δὲ
2116 540 2174 590 ὲν
2211 538 2286 605 τῷ
2320 537 2549 605 παρόντι
2588 536 2680 587 καὶ
2712 534 2777 585 τὰ
2809 532 3027 601 ἐφεξῆς.
3060 531 3175 584 Huc
3200 532 3394 585 desinit

1813 634 1962 696 liber,
2017 640 2075 684 ut
2126 632 2181 684 in
2235 629 2555 698 pret/teuriis
2601 628 2892 680 indicatur.
2941 624 3005 679 In
3066 628 3161 677 hoc
3214 633 3394 677 autem

1809 722 2105 788 exemplari
2127 721 2313 773 addita
2344 729 2464 773 sunt
2489 734 2605 788 qua
2643 726 2976 788 sequuntur:
3019 715 3077 767 Ὀ
3112 716 3274 779 αὑτὸς
3316 713 3396 783 τῷ

1811 810 2117 881 Πετριὼτῃ,
2158 811 2239 863 ὅτι
2274 810 2464 877 ὣσπερ
2505 807 2586 871 εἷς
2631 810 2765 872 Θεὸς
2793 811 2825 879 ἡ
2854 808 2989 877 ἁγία
3020 808 3216 877 Τριὰς,
3250 806 3398 861 οὕτω

1812 904 1910 956 καὶ
1950 905 2047 972 μία
2081 906 2114 974 ὴ
2148 904 2374 970 θεότης·
2407 904 2500 956 καὶ
2536 903 2667 968 περὶ
2701 902 2851 965 θείας
2898 903 3206 971 ἐνεργείας.
3245 901 3397 955 Idem

1812 995 2080 1058 Petriotaa,
2108 997 2246 1065 quod
2276 997 2413 1049 sicut
2453 994 2511 1049 S.
2551 995 2786 1050 Trinitas
2822 1012 2955 1048 unus
2998 1003 3075 1048 est
3117 994 3276 1056 Deus,
3323 994 3398 1047 sic

1813 1102 1919 1138 una
1952 1089 2022 1141 sit
2052 1087 2224 1140 deitas
2248 1103 2267 1140 .'
2297 1096 2345 1141 et
2387 1087 2450 1141 de
2501 1088 2681 1140 divina
2710 1088 3037 1155 operatione.
3070 1088 3223 1141 lnit.:
3254 1085 3399 1147 Χθὲς

1815 1180 1911 1231 και
1964 1178 2233 1247 πρότριτά
2271 1178 2362 1247 μοί
2415 1195 2500 1243 τις
2537 1178 2645 1231 τῶν
2683 1178 2934 1246 συνήθων
2992 1179 3258 1245 ἀγγελίαν
3292 1174 3399 1250 ἧκε

1813 1270 2058 1340 κομίζων
2087 1279 2192 1324 etc.
2220 1269 2335 1323 Fui.
2362 1271 2488 1325 257.

1885 1362 1993 1415 Τοῦ
2024 1362 2190 1416 αὑτοῦ
2214 1365 2327 1425 τοῖς
2359 1362 2729 1427 ἐνδοξοτάτοις
2765 1366 2859 1417 καὶ
2905 1365 3403 1432 περιφανεστάτοις

1817 1454 2081 1523 μεγάλοις
2111 1454 2462 1523 δομεστίκοις
2504 1458 2635 1523 περὶ
2680 1458 2779 1525 τῆς
2821 1455 3058 1520 παλαιᾶς
3092 1459 3404 1527 περιτομῆς

1815 1548 2176 1613 ἐρωτήσασιν.
2212 1545 2463 1616 Ejusdem
2506 1548 2908 1617 gloriosissimis
2940 1559 2987 1601 et
3023 1549 3401 1603 illustrissimis

1817 1642 2021 1709 magnis
2064 1643 2366 1695 domesticis
2403 1645 2465 1695 de
2501 1645 2658 1695 veleri
2690 1644 3106 1699 circumcisione.
3133 1646 3350 1700 Initium
3386 1662 3400 1697 :

1830 1730 1970 1797 Ἐγὼ
2000 1732 2099 1799 μὲν
2121 1733 2266 1800 ὑμᾶς
2286 1730 2445 1801 ᾤμην
2476 1734 2539 1784 ὲκ
2563 1734 2663 1802 τῆς
2699 1736 2921 1803 μακρᾶς
2956 1735 3273 1805 ἀποδημίας
3292 1743 3400 1790 etc.

1816 1816 1933 1871 Ful.
1970 1818 2096 1874 245.
2128 1835 2307 1876 verso.

1889 1908 1969 1962 Τὰ
2005 1910 2278 1979 κεφάλαια
2343 1912 2449 1985 (ιδ’)
2494 1917 2597 1983 τῆς
2647 1916 2917 1983 αἱρέσεως
2966 1918 3278 1972 ’Δκινδῦνου
3311 1921 3405 1973 καὶ

1814 2001 2083 2071 Βαρλαὰμ
2132 2005 2229 2055 καὶ
2261 2004 2372 2055 τῶν
2428 2007 2749 2076 όμοφρόνων
2802 2008 3009 2071 αὐτοῖς,
3047 2011 3270 2065 τεθέντα
3304 2013 3406 2080 μὲν

1812 2092 1888 2153 ὡς
1938 2092 2093 2146 αὐτοὶ
2155 2097 2593 2165 συνεγράψαντο,
2633 2098 2835 2167 ἑφεξῆς
2886 2100 2942 2153 δὲ
2978 2102 3405 2172 ἀνατρεπῦμενα

1816 2186 1968 2252 παρὰ
2006 2184 2101 2237 τοῦ
2155 2187 2320 2239 αὑτοῦ
2376 2192 2743 2269 πατριάρχου.
2794 2196 2857 2246 Μ
2910 2194 3105 2261 Capita
3151 2197 3405 2251 Ittvreseos

1814 2276 2084 2344 Acindyni
2136 2285 2184 2329 et
2234 2276 2510 2332 Barlaami
2546 2300 2610 2334 ac
2660 2287 2965 2353 sequacium
3004 2303 3205 2351 eorum,
3233 2291 3409 2357 posita

1816 2368 2047 2437 quidem,
2082 2378 2138 2420 ut
2168 2370 2269 2436 ipsi
2293 2373 2639 2440 scripserunt,
2669 2378 2857 2430 deinde
2884 2395 3003 2432 vero
3025 2397 3203 2435 eversa
3222 2384 3287 2436 ab
3317 2402 3407 2438 eo-

1816 2459 1935 2511 dem
1965 2461 2300 2527 patriarcha.
2329 2462 2546 2518 initium
2580 2485 2591 2519 :
2628 2465 2940 2536 Propositio
2972 2470 3263 2542 Atyndini.
3299 2476 3406 2528 Λέ-

1817 2567 2009 2617 γουσιν
2041 2552 2449 2623 ἐναντιούμενοι
2482 2560 2547 2628 τῇ
2581 2559 2701 2629 θείᾳ
2751 2561 2941 2633 Γραφῇ
2980 2574 3086 2621 etc.
3126 2566 3243 2621 [τοι.
3279 2569 3405 2625 249.

1889 2644 2180 2708 Συνοδικὸς
2212 2647 2383 2715 τόμος
2410 2654 2807 2720 γεγραμμένος
2842 2657 2934 2708 ἐπὶ
2969 2660 3090 2721 ταῖς
3120 2660 3409 2730 ἐξελεγξά-

1820 2754 1942 2799 σαις
1965 2740 2059 2791 καὶ
2082 2738 2528 2810 ἀποϐαλομέναις
2558 2744 2658 2815 τὴν
2692 2746 2783 2799 τοῦ
2810 2749 3079 2820 Βαρλαάμ
3103 2754 3196 2805 καὶ
3222 2754 3276 2807 Ἀ
3290 2775 3409 2808 κιν-

1816 2825 1975 2881 δὺνου
2009 2828 2338 2883 δυσσέϐειαν
2393 2833 2663 2901 μεγάλαις
2714 2839 2979 2903 συνόδοις,
3025 2844 3081 2895 ἐν
3104 2841 3193 2907 αἶς
3241 2847 3340 2917 οὑχ
3376 2850 3408 2915 ή

1831 2918 2127 2990 Ἐκκλησία
2174 2923 2326 2976 πᾶσα
2365 2925 2547 2993 μόνον,
2587 2927 2724 2981 ἀλλὰ
2776 2931 2930 3001 καὶὴ
2972 2934 3279 3006 σύγκλητος
3316 2941 3410 2992 καὶ

1819 3011 1869 3063 oi
1904 3011 2183 3067 καθολικοὶ
2236 3018 2497 3085 παρῆσαν
2527 3019 2638 3073 τῶν
2686 3021 2976 3091 Ῥωμαίων
3012 3031 3219 3097 κριταὶ.
3276 3047 3411 3102 προι

1822 3102 2136 3171 καθημένου
2192 3105 2285 3157 καὶ
2317 3105 2412 3158 τοῦ
2466 3107 2769 3164 θειοτάτου·
2782 3112 3052 3181 βασιλέως
3086 3117 3191 3182 ἓως
3225 3112 3286 3171 οῦ
3316 3139 3412 3172 πε-

1822 3193 1969 3264 ριῆν.
2027 3194 2323 3265 Synodicus
2379 3208 2550 3253 tomus
2586 3203 2814 3269 scriptus
2848 3207 2901 3258 in
2935 3212 3144 3279 magnis
3194 3215 3407 3281 synodis

1818 3299 1934 3352 qua:
1976 3285 2255 3340 Barlaami
2304 3299 2351 3341 et
2400 3290 2665 3362 Acinrlyni
2706 3295 3027 3364 impietatem
3066 3302 3409 3371 confutarunt

1818 3384 1867 3429 et
1915 3380 2362 3448 proscripserunt,
2404 3383 2598 3451 quibus
2634 3402 2735 3439 non
2791 3397 2902 3441 tota
2934 3391 3107 3445 solum
3146 3392 3408 3462 Ecclesia,

1819 3472 1909 3523 sed
1966 3472 2128 3525 etiam
2165 3482 2380 3527 senatus
2412 3487 2459 3528 et
2499 3477 2753 3532 catholici
2808 3479 3173 3539 Romanorum
3197 3487 3412 3555 judice:

1821 3562 2068 3625 aderant,
2096 3565 2411 3629 praesidente
2436 3566 2768 3623 divinissimo
2800 3571 3137 3639 imperatore.
3171 3583 3408 3648 quandin

1819 3662 2081 3719 superstes
2112 3654 2237 3723 fuit.
2280 3656 2494 3711 initium
2524 3677 2537 3712 :
2588 3660 2901 3726 Ἐπαινετὸς
2934 3665 3153 3738 ἀληθῶς
3184 3672 3211 3723 ό
3239 3671 3411 3725 είπὼν

1818 3742 1917 3811 τὴν
1955 3743 2285 3799 ταπείνωσιν
2309 3745 2573 3816 ἀληθείας
2610 3744 2752 3804 εἶναι
2810 3753 3115 3823 ἐπίγνωσιν
3144 3770 3251 3815 etc.
3290 3760 3409 3817 Fol.

1819 3832 1947 3888 258.
1985 3835 2117 3888 Acta
2145 3843 2230 3890 est
2283 3836 2398 3891 haec
2433 3842 2675 3909 synodus
2730 3858 2919 3900 mense
2963 3847 3232 3917 Angusto,
3268 3853 3411 3907 indi-

1821 3925 2003 3979 ctione
2032 3926 2086 3989 9,
2123 3942 2269 3981 anno
2321 3931 2509 3983 mundi
2567 3932 2728 3999 68t9,
2767 3935 2816 3988 ἱιΙ
2867 3946 2951 3990 est
3009 3937 3213 3995 Christi
3250 3944 3409 3997 1541.

1824 4014 2132 4072 Subscribit
2179 4019 2422 4077 Joannes
2480 4032 2620 4093 patr.
2683 4026 2740 4080 (Σ.
2783 4029 2844 4081 Ρ.
2884 4045 3010 4085 cum
3047 4036 3412 4104 metropolitis

1822 4118 1968 4162 octo.
1998 4108 2119 4164 Iani
2163 4113 2415 4182 sequitur
2451 4116 2594 4168 Ἴσον
2647 4118 2742 4169 τοῦ
2776 4122 2928 4187 παρὰ
2964 4123 3071 4175 τῶν
3104 4124 3412 4195 ἀρχιερέων

1825 4200 1924 4268 (ς’)
1957 4203 2241 4270 γεγονότος
2276 4206 2605 4275 γράμματος
2661 4210 2802 4262 κατὰ
2836 4213 2937 4279 τὴν
2975 4216 3401 4270 πεντεκαίδεκά.

1822 4312 1922 4363 την
1947 4296 2180 4349 ῖνδικτον
2207 4298 2336 4369 περὶ
2364 4298 2458 4350 τοῦ
2497 4300 2779 4354 συνοδικοῦ
2806 4304 2998 4356 τούτου
3028 4307 3221 4374 τόμου.
3257 4308 3390 4364 Iliun

1828 4398 2024 4452 nempe
2058 4388 2385 4455 approbant,
2409 4388 2770 4461 Barlaamqne
2802 4394 2853 4446 in
2892 4395 2991 4450 hac
3019 4399 3231 4468 synodo
3259 4401 3383 4456 dam

1828 4482 2012 4537 natum
2051 4492 2111 4530 se
2142 4492 2361 4547 quoque
2390 4485 2659 4535 damnare.
2705 4483 3055 4552 proﬁtentur.

1900 4567 2183 4631 Συνοδικδς
2228 4568 2409 4638 τρίτος
2444 4572 2611 4641 τόμος
2669 4578 2810 4629 κατὰ
2859 4578 2958 4646 τῆς
2995 4579 3263 4651 Βαρλαὰμ
3319 4586 3414 4637 καὶ

1840 4658 2151 4714 Ἀκινδὺιου
2190 4662 2424 4733 πλάνης,
2459 4668 2571 4728 τοῖς
2602 4668 2891 4737 προτέροις
2927 4671 3211 4739 ὁμόλογος.
3257 4674 3414 4741 Ἐγέ-

1826 4771 1949 4806 νετο
1977 4754 2034 4806 δὲ
2069 4755 2157 4807 διὰ
2183 4757 2310 4818 τοὺς
2339 4755 2568 4828 ὕστερον
2599 4759 3083 4829 ἀκολουθήσαντας
3110 4767 3175 4833 τῇ
3204 4765 3414 4819 τούτων

1827 4847 2028 4917 πλάνῃ,
2058 4848 2149 4901 τόν
2183 4866 2240 4900 τε
2284 4854 2706 4920 χρηματίσαντα
2761 4855 2992 4922 Ἐφέσου
3027 4858 3123 4909 καὶ
3173 4861 3264 4911 τ’,ν
3308 4861 3412 4914 Fci-

1828 4956 1941 5000 vou,
1983 4940 2272 5010 Γρηγορᾶν
2306 4958 2366 4995 τε
2414 4944 2508 4997 καὶ
2526 4945 2729 5011 -Δέξιον
2787 4946 2882 4999 καὶ
2943 4948 3132 5013 αὑτοῖς
3169 4967 3414 5007 συνυπα-

1826 5032 2076 5101 χθέντας.
2107 5032 2252 5087 Idem
2287 5035 2583 5104 synodicus
2625 5037 2760 5092 liber
2783 5038 2897 5107 jam
2935 5052 3158 5096 notatus
3190 5043 3289 5098 fuit
3320 5060 3414 5100 eo.

1827 5124 1945 5177 dice
1972 5123 2035 5178 C.
2072 5125 2411 5182 variantibus
2445 5135 2684 5180 tantum-
2713 5130 3233 5199 subscriptionibus.
3260 5133 3416 5192 Insu-

1824 5227 1922 5282 per
1972 5222 2092 5281 post
2146 5213 2580 5283 subscriptiones
2614 5219 2687 5272 ita
2721 5217 2771 5271 in
2809 5220 2909 5274 hoc
2961 5221 3149 5277 codice
3194 5223 3411 5294 legitur,

1825 5301 1955 5374 Εἶχε
1994 5308 2086 5358 κοιλ⁸
2125 5308 2323 5377 ἑτέραν
2360 5309 2692 5381 ὑπογραφὴν
2726 5314 2864 5382 μετὰ
2904 5315 3000 5366 καὶ
3037 5318 3416 5387 προγράμμα-

1824 5411 1915 5454 τος
1940 5395 2095 5447 τοῦδε
2122 5396 2158 5450 i.
2193 5396 2367 5451 [labet
2403 5410 2449 5452 et
2492 5400 2657 5453 aliam
2704 5402 3143 5470 subscriptionem
3173 5422 3293 5460 cum
3317 5410 3413 5462 hoc

1822 5500 2092 5553 prooemio.

1897 5580 2159 5635 l‘romtnii
2215 5582 2476 5637 initium:
2549 5582 2609 5636 Ἡ
2668 5585 2918 5655 βασιλεία
2982 5605 3083 5656 μου
3143 5589 3413 5657 μέλλουσα

1827 5670 2169 5739 ὑπογράφειν
2206 5672 2264 5722 ὲν
2294 5672 2371 5741 τῷ
2408 5672 2638 5741 πῖρόνιτι
2672 5676 2848 5745 τόμῳ,
2875 5678 3235 5744 προγεγονότι
3262 5694 3412 5746 παρα

1828 5757 1922 5809 τοῦ
1950 5759 2220 5827 κραταιοῦ
2255 5762 2347 5811 καὶ
2383 5761 2541 5828 ἁγίου
2574 5780 2676 5831 μου
2718 5764 2982 5817 αὑθέντου
3019 5769 3111 5818 καί
3150 5766 3414 5835 βασιλέως

1824 5848 1917 5901 τοῦ
1952 5851 2160 5918 πατρὸς
2194 5851 2293 5922 τῆς
2329 5850 2609 5921 βασιλείας
2650 5872 2779 5925 μου,
2825 5857 2921 5909 καὶ
2967 5864 3062 5925 της
3117 5858 3267 5921 θείας
3311 5862 3411 5911 καὶ

2959 5946 3036 6003 2.7
