4140 6318
139 456 264 518 849

152 572 219 623 Ei
246 572 352 641 γὰρ
381 574 553 643 μονὰς
582 575 849 643 πέφυκεν,
884 578 999 631 ἀλλ’
1025 579 1165 651 ὑπὲρ
1196 581 1382 661 φύσιν.

138 662 260 715 Καὶ
294 664 399 733 γὰρ
426 669 585 735 τριάς
616 668 883 736 πέφυκεν,
916 671 1032 723 ἀλλ’
1065 672 1206 742 ὑπὲρ
1231 671 1418 739 φύσιν.

136 754 267 823 Ζωή
305 772 386 821 τε,
408 757 501 808 καὶ
536 756 681 822 νοῦς,
712 762 811 813 καὶ
832 762 1141 831 τρισόλϐιον
1175 763 1385 824 σθένος,

137 846 257 899 Καὶ
284 848 484 915 γνῶσις
517 850 677 921 αὐτὴ,
714 854 807 906 καὶ
835 838 1119 925 παναλκὴς
1150 856 1298 921 ἀξία.
1452 922 1453 925 η

134 938 285 1001 Φῶς,
315 941 533 1010 κάλλος,
564 944 699 997 αὑτὸ
732 946 994 1013 τάγαθὸν,
1019 948 1168 1015 δόξα,
1200 951 1423 1018 κράτος.

139 1032 254 1083 Καὶ
289 1034 397 1085 πᾶν
430 1034 457 1087 ὃ
478 1053 528 1087 τι
558 1038 857 1105 φράζουσιν
876 1041 1040 1094 αὑτὸν
1068 1045 1116 1096 oi
1147 1044 1313 1112 λόγοι.

137 1125 291 1195 Πλὴν
330 1128 445 1181 ἀλλ’
474 1130 893 1200 ἀνεξάλλακτον,
936 1136 1012 1200 ὡς
1033 1137 1092 1190 ἓν
1118 1141 1214 1191 καὶ
1247 1139 1430 1207 μόνον.

141 1217 514 1288 Παραλλαγῆς
554 1223 662 1293 γάρ
690 1225 929 1297 οὐδαμοῦ
954 1228 1125 1297 δήπου
1146 1230 1313 1293 τόπος

149 1306 245 1359 Ἐν
275 1308 353 1378 τῷ
382 1316 671 1381 τριφεγγεῖ
697 1316 794 1386 τῆς
818 1318 1076 1389 ἑναρχίας
1108 1325 1321 1387 κράτει.

136 1398 313 1467 Τριάς
361 1404 549 1471 μονὰς,
590 1407 765 1461 σῶσόν
806 1428 896 1479 με,
924 1412 1018 1464 σοῦ
1054 1415 1222 1483 μόνης
1252 1417 1444 1487 λάτριν

136 1484 433 1554 Ἷίςτάλλα
471 1498 647 1551 πάντα
675 1501 1014 1573 δημιουργία
1048 1507 1239 1577 μόνης,

136 1584 251 1637 Καὶ
284 1588 491 1656 κτίσμα
522 1593 631 1644 πᾶν
665 1592 725 1647 ὃν
753 1595 854 1663 τῆς
881 1597 1183 1669 ὑφειμένης
1214 1600 1398 1670 ἕδρας.

127 1676 253 1745 Οὐχ
286 1679 507 1747 ἥττονος
539 1682 646 1752 γὰρ
670 1684 987 1751 δυσσεϐείας
1014 1690 1132 1742 ἐστί
1163 1708 1266 1743 που

133 1768 247 1820 Τοῦ
272 1772 476 1839 κτίσμα
511 1776 742 1843 φάσκειν
768 1778 866 1844 τὴν
900 1780 1163 1836 ἀνωτάτω
1195 1785 1382 1854 φύσιν,

132 1861 215 1913 Τό
243 1879 297 1914 τι
332 1869 546 1931 φρονεῖν
570 1868 827 1921 άκτιστον
868 1872 1273 1944 ἠλαττωμένον,

131 1952 208 2005 ἸΙ
240 1957 292 2005 τί
322 1960 538 2025 φρονεῖν
566 1959 786 2012 ἔλαττον
817 1963 916 2017 οὐκ
947 1966 1291 2037 ἐκτισμένον.

127 2043 293 2113 Αὕτη
326 2048 426 2115 μὲν
454 2048 548 2101 οὑν
577 2051 858 2122 ἄρρηκτος
890 2056 923 2124 ὴ
956 2058 1177 2112 πάντων
1211 2060 1369 2129 βάσις

130 2137 279 2191 Καθ’
307 2138 375 2211 ἦν
407 2140 469 2194 τὸ
493 2142 647 2198 Θεῖον
678 2148 1017 2220 εὐσεϐοῦμεν
1043 2152 1357 2221 ἐμφρόνως,

128 2232 279 2294 Τοὑς
312 2237 617 2305 πατρικοὺς
654 2239 939 2307 στέγοντες
982 2244 1294 2313 εὐπήκτους
1326 2249 1510 2317 ὅρους.

132 2321 331 2390 Ἔχεις
353 2322 412 2375 τὸ
429 2326 608 2380 κοινὸν
636 2328 695 2393 ἐξ
733 2330 1046 2386 Ἀκινδὺνου
1076 2335 1254 2405 δόγμα

130 2409 249 2463 Καὶ
276 2414 463 2466 καινὸν
492 2416 666 2483 οὐδὲν,
699 2419 811 2472 οὐδ’
845 2421 986 2492 ὑπὲρ
1013 2426 1082 2478 τὰ
1110 2427 1457 2497 ἐσκαμμένα.

133 2500 286 2568 Ὅρα
316 2503 377 2555 τὺ
391 2508 578 2560 καινὸν
606 2509 699 2561 τοῦ
726 2512 1081 2582 Παλαμναίου
1120 2517 1318 2588 βόθρου
1430 2530 1435 2531 ⁷

131 2594 247 2645 Καὶ
279 2596 457 2650 κοινὸν
488 2600 661 2667 οὐδὲν,
692 2602 813 2657 οὑδὲ
843 2605 952 2659 τῶν
981 2610 1337 2680 ὲσκαμμένωι

144 2685 337 2756 Ἀπλῷ
359 2687 459 2753 μὲν
487 2693 682 2757 εἰπεῖν,
720 2697 817 2748 καὶ
848 2702 1179 2773 συνημμένῳ
1206 2705 1370 2777 λόγῳ,

130 2778 473 2834 τούναντίον
520 2786 628 2836 πᾶν
664 2789 775 2847 τοῖς
813 2787 1161 2858 λελεγμένοις
1186 2795 1356 2864 λέγει,

143 2872 615 2940 ’Ᾱντιστρατεύων
646 2873 720 2946 τῷ
750 2878 1055 2937 καθεστῶτι
1096 2888 1312 2954 κράτει,

130 2959 318 3013 Knoth
344 2980 400 3016 τε
425 2965 621 3032 πάντα,
658 2969 751 3021 καὶ
787 2973 991 3039 κυκῶν,
1024 2977 1074 3028 κ’
1100 2979 1489 3050 ἀναστρέφων,

159 3050 387 3119 Αφῆκεν
413 3054 567 3109 οὐδὲν
597 3058 861 3125 εὐσταθὲς
883 3064 994 3118 τῶν
1019 3065 1333 3139 δογμάτων.

129 3141 209 3192 Τὸ
237 3141 295 3194 δὲ
317 3145 575 3216 φρόνημα
603 3150 700 3203 τοῦ
729 3154 1107 3226 πολυστρόφου
1135 3162 1341 3237 πλάνου

140 3230 460 3302 Ἐλληνικδν
499 3239 757 3309 μάλιστα,
792 3246 885 3298 καὶ
906 3248 1100 3303 τούτου
1128 3253 1293 3324 πέρα.

126 3324 436 3394 Μερίξεται
470 3330 577 3403 γὰρ
601 3334 633 3404 ή
660 3335 830 3404 μονὰς
861 3344 1234 3415 μετρουμένη,

126 3417 272 3492 Οὐχὶ
311 3425 625 3494 προσώποις
648 3430 785 3486 ἀλλὰ
811 3434 1041 3506 βαθμοῖς
1064 3444 1429 3512 πραγμάτων.

126 3604 246 3674 ipse
276 3609 422 3663 enim
451 3625 670 3667 omnem
703 3623 955 3673 naturam
996 3624 1262 3681 condidit.
1296 3627 1451 3694 Quod
1486 3632 1530 3687 si
1561 3650 1589 3689 a
1628 3635 1718 3693 Dei

126 3698 400 3755 ministris
454 3712 649 3759 natura
707 3708 827 3776 ejus
883 3714 1230 3783 praedicetur,
1278 3722 1505 3778 minime
1535 3735 1591 3779 ut
1625 3743 1721 3782 na-

126 3798 281 3856 tura,
312 3790 407 3844 sed
438 3795 598 3849 veluti
633 3807 841 3853 natura:
886 3802 1171 3871 Conditor,
1207 3811 1425 3878 qualem
1464 3830 1589 3870 eum
1623 3834 1720 3872 no-

125 3881 313 3935 vimus
346 3892 400 3936 et
449 3886 672 3944 aliunde
734 3892 935 3947 merito
976 3909 1003 3947 a
1050 3882 1396 3967 sapientibus
1429 3904 1523 3959 Dei
1554 3908 1719 3964 mini-

128 3972 265 4027 stris
286 3986 655 4045 nuncupatur.
704 3980 873 4052 Magis
898 3994 1080 4040 autem
1103 3990 1348 4047 continet
1365 3976 1424 4047 in
1451 4011 1511 4051 sc
1536 4000 1715 4055 omnia

121 4062 494 4132 conjunctim,
529 4081 726 4126 cuncta
775 4074 979 4129 etenim
1033 4078 1276 4149 undique
1322 4083 1438 4153 ipse
1485 4088 1714 4161 colligit,

119 4155 264 4208 nihil
317 4170 447 4211 vero
477 4158 530 4212 in
568 4171 834 4230 quantum
863 4170 1133 4224 creaturis
1182 4176 1463 4235 convenit.
1524 4155 1719 4240 Unitas

118 4247 379 4317 quaedam
419 4259 579 4306 notas
610 4254 754 4310 inter
790 4273 1052 4327 personas
1074 4264 1316 4331 exsistit,
1336 4283 1504 4337 quam
1536 4274 1719 4331 nullus

118 4341 410 4410 superavit
465 4358 731 4415 unquam,
776 4360 967 4418 utpote
1005 4355 1251 4412 omnium
1291 4358 1559 4418 Conditor
1609 4384 1623 4420 :
1671 4370 1715 4424 si
1752 4368 1755 4371 λ

116 4432 270 4488 enim
295 4433 478 4492 unitas
500 4439 734 4507 exsistit,
761 4446 927 4513 supra
950 4457 1198 4502 naturam
1215 4452 1451 4517 exsistit.
1480 4455 1718 4516 Trinitas

1317 466 1763 537 ϐῐὶᾸζΕΟΒΠΜ
1805 468 2278 534 SENTENTI.’E.

3322 474 3445 537 850-

1767 582 1809 639 Α
1846 587 1952 639 Καὶ
1982 587 2244 656 τέμνεται
2267 586 2329 656 δὴ
2349 588 2588 658 τάμερὲς
2626 584 2988 653 πολυτρόπως

1835 679 1950 729 Οὐκ
1978 679 2056 739 είς
2090 679 2230 748 μέρη
2262 678 2423 747 μόνον
2470 678 2549 742 δὲ,
2577 676 2716 732 ἀλλὰ
2747 678 2841 730 καὶ
2870 678 3039 745 μέρη,

1862 769 1932 829 Ως
1956 768 2015 833 ἐξ
2053 770 2300 838 ἀπείρων
2335 770 2768 839 συντεθειμένων
2810 769 3006 832 ξένων.

1835 862 2179 929 Δημοκρίτου
2207 864 2265 914 τὸ
2292 863 2499 931 πλῆθος
2528 862 2761 916 ἐνταῦθα
2792 861 2996 931 βλέπω,

1834 956 1943 1007 Καὶ
1976 957 2155 1019 νεῖκος
2179 955 2464 1029 ἐξάγιστον
2507 956 2961 1025 Ἐμπεδοκλέους,

1835 1050 2122 1110 Πλάτωνος
2155 1050 2295 1118 εἴδη,
2336 1050 2432 1103 καὶ
2473 1049 2629 1113 θεοὺς
2674 1050 2776 1117 τῆς
2818 1049 3091 1109 Ἑλλάδος,

1836 1133 2058 1210 Ἀρειον
2084 1140 2275 1210 ἀϐρὸν,
2302 1143 2400 1210 τὴν
2431 1141 2723 1195 Σαὸελλίου
2756 1142 2988 1209 πλάνην.

1838 1234 2042 1299 Ἀμφω
2097 1234 2366 1303 Παλαμᾶν
2400 1234 2457 1286 ἓν
2482 1251 2535 1286 τι
2571 1233 2829 1286 σύνθετον
2862 1234 3030 1301 τέρας

1846 1325 1937 1391 Ἐξ
1970 1328 2292 1397 ἀντιφώνων
2322 1328 2413 1381 καὶ
2439 1327 2717 1382 κακίστων
2751 1326 3060 1395 δογμάτων,

1834 1421 1918 1492 Πῆ
1954 1423 2057 1491 μὲν
2087 1424 2222 1477 Θεοῦ
2258 1424 2528 1492 τέμνοντα
2564 1424 2664 1493 τὴν
2698 1425 2965 1491 ἀπειρίαν

1833 1515 1926 1577 Εἰς
1948 1515 2049 1567 οὑκ
2097 1516 2212 1578 ἴσας
2240 1515 2602 1582 πλάστιγγος,
2621 1516 2701 1576 είς
2734 1514 2910 1583 ἄκραν
2940 1514 3125 1585 μάχην

1833 1606 1917 1671 [Ιῆ
1957 1604 2099 1666 δἐἰς
2133 1604 2476 1667 ἀνουσίωσιν,
2504 1603 2613 1656 οὐδ’
2648 1602 2979 1663 ὑποστάσεις

1837 1696 2098 1760 Ἀγοντα,
2124 1696 2216 1748 καὶ
2256 1696 2492 1765 φέροντα
2528 1695 2627 1756 τὰς
2667 1694 3023 1759 ὑποστάσεις,

1831 1781 1927 1846 Ai;
1960 1788 2070 1840 πᾶν
2103 1786 2312 1856 ὑπέστη
2336 1787 2703 1856 δημιουργίας
2736 1788 2917 1853 γένος.

1836 1880 2072 1931 Ἔπειτα
2087 1879 2184 1947 τὴν
2220 1879 2460 1948 ἄναρχον
2490 1880 2705 1946 ἡγεῖται
2740 1878 2923 1946 χάριν,

1837 1969 1939 2020 Ἦν
1961 1964 2102 2020 εἶδεν
2132 1968 2331 2032 οὐδεὶς,
2363 1969 2473 2021 οὐδ’
2502 1969 2629 2022 ίδεῖν
2660 1967 2785 2035 ἔχει
2808 1968 2995 2037 φύσιν,

1831 2058 1950 2113 Κᾶν
1976 2043 2229 2128 ἀγγέλου⁶
2252 2060 2500 2131 χάρισμα
2532 2062 2816 2133 προσλάϐῃ
2846 2061 3030 2129 φύσιν,

1839 2153 2006 2221 Ὀρᾷν
2032 2153 2253 2222 ἀληθῶς
2280 2157 2573 2225 σαρκικοῖς
2606 2155 2800 2226 ἁγναῖς
2832 2154 3027 2223 κόραις

1831 2244 2235 2315 Μασσαλιανοῖς
2271 2246 2535 2316 ὲμμανῶς
2566 2242 2632 2299 αὑ
2676 2246 3015 2317 συντρέχων.

1831 2338 1892 2388 Ei
1921 2336 1965 2389 δ’
1994 2336 2243 2404 ἀγγέλων
2284 2337 2566 2406 πέφευγεν
2603 2338 2889 2408 αἰσθήσεις
2932 2336 3116 2406 φύσις,
3168 2334 3171 2337 ’

1829 2429 1955 2492 Πῶς
1986 2430 2047 2481 οὐ
2074 2429 2287 2501 πλάνης
2316 2430 2591 2484 δείκνυσιν
2612 2431 2851 2499 ἐσχάτης
2874 2430 3087 2497 γέμων,

1834 2522 2129 2575 Ἀκτιστον
2155 2521 2214 2585 ὃς
2246 2518 2385 2589 φῶς,
2413 2521 2603 2592 φησὶν,
2639 2522 2899 2593 αἰσθήσει
2936 2521 3182 2592 βλέπειν,

1830 2614 1902 2663 Τὸ
1930 2612 2288 2683 δημιουργὸν,
2324 2614 2425 2676 τὰς
2458 2614 2787 2683 ἀσωμάτους
2824 2614 3038 2683 φύσεις,

1836 2706 1903 2757 Ὃ
1944 2706 2019 2774 μὴ
2044 2704 2264 2775 βλέπειν
2287 2708 2531 2774 πέφυκεν
2571 2705 2879 2775 ἀνθρώπων
2909 2705 3091 2777 φύσις,

1830 2798 1892 2850 El
1931 2795 2007 2868 μὴ
2039 2796 2207 2867 θεατῇ
2232 2798 2300 2867 τῇ
2332 2796 2544 2867 βροτῶν
2575 2796 2732 2860 αὖθις
2765 2797 2925 2866 φύσει
2957 2814 2973 2864 ;

1830 2891 1941 2943 Καὶ
1968 2889 2290 2958 δογματίζει
2324 2890 2440 2950 τοῖς
2472 2888 2823 2959 πολυστίχοις
2854 2891 3034 2955 λόγοις

1829 2981 1938 3034 Καὶ
1977 2980 2263 3033 δυσσεϐεῖν
2299 2981 2543 3051 κέκραγε
2577 2982 2704 3044 τοὺς
2742 2982 3058 3051 σεϐασμίως

1841 3073 1929 3134 Ὠς
1961 3073 2164 3143 εὐσεϐῆ
2200 3072 2356 3125 ταῦτ’
2391 3075 2544 3127 ἐστὶν
2574 3074 2636 3127 οὑ
2664 3076 3033 3147 κεκραγότας.

1832 3167 1956 3230 Πῶς
1994 3160 2152 3230 οὗτος
2183 3162 2345 3231 εἶδεν,
2379 3169 2439 3220 οὑ
2462 3168 2600 3230 Θεοῦ
2645 3169 2810 3235 δόξαν
2839 3171 3007 3239 λέγω,

1748 3245 1792 3302 c
1838 3260 1981 3314 Ἀλλ’
2008 3261 2168 3324 αὐτὸς
2191 3259 2356 3314 αὑτοῦ
2382 3260 2480 3330 τὴν
2511 3259 2807 3332 ἀσώματον
2836 3262 3037 3333 φύσιν;

1824 3352 2012 3415 Οὐδεὶς
2046 3352 2175 3420 γὰρ,
2206 3351 2383 3413 οὐδεὶς
2411 3347 2553 3404 οἶδεν
2585 3353 2817 3421 ἀγγέλου
2848 3357 3039 3422 φύσιν,

1822 3444 1897 3499 Οὐ
1936 3442 2179 3515 ψυχικὴν
2203 3444 2403 3514 ἔσρεψε
2437 3446 2654 3516 γυμνὴν
2688 3446 2906 3510 οὐσίαν,

1821 3632 2046 3687 Patrum
2076 3630 2293 3699 regulas
2347 3630 2705 3685 inconcussas
2734 3639 2973 3688 tuemur.
3004 3633 3081 3687 Eu
3114 3650 3411 3695 conuuune

1821 3723 2070 3795 Gregorii
2137 3722 2405 3794 Acindyni
2477 3722 2719 3793 dogma,
2799 3725 2937 3780 nihil
3005 3727 3106 3795 ipsi
3165 3744 3416 3797 novum,

1822 3830 1922 3872 nec
1955 3815 2093 3871 lines
2126 3813 2362 3870 excedit.
2398 3813 2564 3869 Juxta
2596 3830 2751 3880 vero,
2791 3832 2992 3872 novum
3042 3820 3227 3889 aspice
3252 3820 3414 3877 Pala-

1816 3923 1927 3962 ma:
1982 3906 2242 3978 abyssum
2294 3925 2309 3961 :
2373 3905 2514 3961 nihil
2575 3906 2678 3976 ipsi
2746 3922 3061 3976 commune,
3121 3926 3221 3966 nec
3274 3912 3419 3970 intra

1822 3996 1962 4053 t‘lnes
2016 3995 2317 4060 clauditur,
2386 3995 2485 4050 sed
2529 4006 2589 4049 ut
2640 3997 2791 4050 clara
2823 4011 3085 4063 accurate
3116 4000 3319 4069 dicam,
3348 4020 3417 4058 ex

1819 4088 1983 4145 dictis
2034 4088 2369 4144 contrarium
2422 4088 2647 4142 omnino
2674 4088 2867 4156 docet;
2901 4099 3125 4146 statuta:
3156 4097 3415 4162 potestati

1820 4181 1999 4252 palam
2028 4195 2096 4236 ex
2127 4181 2363 4244 adverso
2402 4187 2531 4246 stat,
2555 4188 2753 4235 cuncta
2788 4191 3034 4246 mutans,
3053 4196 3260 4240 cuncta
3289 4202 3419 4269 mo-p

1822 4280 2188 4337 vens,cuncta
2222 4272 2573 4341 perturbans,
2596 4274 2801 4327 nullum
2840 4276 3060 4331 demum
3092 4277 3412 4349 dogmatum

1822 4362 2147 4422 inviolatum
2200 4365 2443 4435 reliquit.
2501 4363 2717 4419 Etenim
2790 4367 2907 4421 sive
2958 4368 3179 4424 mobilis
3232 4369 3414 4427 Protei

1824 4457 2049 4525 formas,
2081 4456 2197 4511 sive
2228 4470 2568 4525 paganorum
2602 4457 2785 4525 potius
2839 4472 3020 4515 mores
3066 4458 3182 4531 ipse
3212 4461 3413 4530 induit,

116 4527 349 4597 insuper
386 4527 503 4597 ipsa
563 4544 725 4601 supra
748 4544 1000 4591 naturain
1033 4539 1245 4596 exsistit
1275 4559 1290 4601 :
1315 4544 1425 4600 Vita
1474 4549 1715 4618 quidem,
1750 4582 1797 4641 υ
1829 4548 2083 4621 personis
2122 4548 2338 4618 quidem
2376 4549 2803 4603 mensurandam
2837 4550 3118 4617 unitatem,
3156 4570 3264 4609 non
3293 4564 3439 4625 per-1

121 4629 170 4641 ,ι
201 4618 506 4641 ε-..-ιι--.μ-
542 4631 585 4641 ᾼ.
641 4633 682 4641 .-
712 4640 717 4641 ,
750 4626 773 4641 ιι
805 4626 838 4641 ι·
960 4628 972 4639 ι
1016 4639 1024 4641 .
1260 4634 1294 4641 .-
1414 4638 1424 4641 -
1450 4638 1461 4641 -
2244 4636 2247 4639 .
2564 4640 2569 4641 ,

112 4629 175 4674 et
200 4618 509 4678 intellectus
534 4631 590 4678 et
638 4633 721 4679 ter
749 4626 897 4681 felix:
924 4628 1124 4697 virtus,
1182 4634 1382 4697 quibus
1412 4638 1555 4695 idem
1603 4642 1707 4698 hu-

115 4726 225 4768 nor
290 4729 356 4770 ac
416 4719 763 4785 prasstantior
831 4721 1092 4792 dignitas,
1162 4727 1441 4796 splendor.
1514 4734 1709 4800 decus.

112 4822 285 4864 omne
304 4808 529 4875 bonum,
544 4810 735 4880 gloria,
756 4821 1014 4881 potestas,
1042 4830 1149 4871 uno
1162 4820 1349 4887 verba,
1368 4837 1709 4896 quaecunque

114 4899 255 4968 ipsis
301 4899 480 4967 lingua
533 4902 797 4957 concinit.
875 4904 1110 4961 Aliunde
1157 4924 1310 4972 vero,
1363 4915 1527 4971 veluti
1574 4921 1703 4987 quid

113 5006 292 5045 unum
311 5001 367 5045 et
388 4992 591 5060 solum,
628 4995 971 5052 immutabile
993 5012 1296 5067 permanet.
1328 5004 1519 5063 Nullus
1553 5012 1697 5065 enim

113 5096 254 5138 sane
283 5083 600 5140 mutationis
633 5086 786 5149 locus
826 5088 879 5141 in
918 5089 1019 5143 hac
1049 5099 1131 5146 ter
1163 5095 1468 5163 splendenti
1500 5103 1698 5171 majesé

115 5177 249 5231 tatis
279 5176 499 5245 virtute,
519 5178 700 5240 tiatur.
728 5179 993 5248 Trinitas,
1036 5202 1158 5255 quae
1196 5204 1255 5244 es
1295 5192 1456 5246 etiam
1495 5197 1698 5263 unitas,

115 5268 273 5322 salva
300 5284 407 5335 me,
448 5269 526 5323 tui
559 5272 732 5325 solius
781 5275 1147 5344 adoratorem,
1176 5295 1204 5334 a
1230 5291 1280 5336 te
1304 5285 1418 5337 sola
1443 5286 1701 5344 universa

115 5359 264 5413 facta
292 5369 445 5425 sunt,
476 5367 531 5414 et
580 5363 762 5417 omnis
810 5375 1061 5421 creatura
1090 5384 1200 5439 prae
1233 5381 1284 5426 te
1307 5372 1534 5430 humilis
1558 5380 1706 5436 sedis

114 5453 314 5507 instar.
351 5450 465 5506 Non
496 5463 678 5507 autem
732 5455 918 5511 minus
947 5456 1171 5527 impium
1216 5463 1402 5533 aliquo
1436 5468 1600 5523 modo
1626 5472 1707 5525 vi-

112 5543 342 5598 deretur
382 5557 653 5614 supremae
700 5545 931 5603 Deitatis
981 5562 1235 5608 naturam
1266 5567 1505 5612 creatam
1540 5576 1704 5631 repu-

113 5635 242 5699 tari,
278 5634 393 5690 sive
425 5642 767 5692 attenuatum
795 5639 1065 5709 quoddam
1129 5642 1431 5701 iucreatunt
1494 5650 1704 5719 haberi,

108 5725 661 5782 siveimbeciliiorem
707 5731 945 5801 aliquam
996 5723 1379 5791 creaturarum
1414 5739 1704 5797 inﬁrmita-

112 5830 223 5873 tem
257 5818 364 5889 ipsi
410 5818 598 5874 tribui.
630 5820 750 5889 lpsa
775 5827 920 5879 enim
955 5825 1172 5881 [irinum
1204 5830 1449 5885 omnium
1498 5836 1701 5903 ptittei-

116 5911 265 5980 pium
303 5920 507 5979 manet,
547 5927 657 5983 quo
687 5914 861 5987 salvo,
897 5917 962 5974 de
986 5918 1187 5977 divinis
1221 5934 1370 5980 recte
1406 5927 1714 6005 sapientes,

1810 5199 2046 5252 mollem
2102 5199 2318 5262 Arium,
2372 5196 2707 5269 Sabelliique
2769 5215 2987 5256 errores

1823 4642 2002 4705 sonis,
2051 4640 2146 4696 sed
2204 4636 2385 4695 rerum
2422 4640 2705 4710 gradibus,
2759 4652 3021 4701 metatur.
3076 4644 3418 4707 ludivisibile

1823 4739 1990 4792 etiam
2036 4733 2225 4789 multis
2270 4749 2337 4788 ex
2366 4758 2367 4761 η
2397 4735 2645 4803 partibus
2682 4735 2903 4803 dividit,
2936 4754 3044 4793 non
3076 4746 3285 4794 tantum
3320 4758 3417 4812 per

1828 4843 2033 4900 partes,
2087 4829 2182 4884 sed
2241 4830 2406 4883 etiam
2460 4837 2643 4899 partes
2691 4829 2907 4896 dividit,
2950 4834 3113 4887 veluti
3151 4844 3414 4892 extranea

1826 4919 2081 4991 qumdam
2138 4919 2353 4974 inﬁnita
2416 4922 2563 4976 inter
2628 4936 2689 4977 se
2748 4923 3063 4988 commista,
3123 4926 3415 4983 Democriti

1827 5029 2086 5070 numeros
2110 5015 2198 5069 hic
2229 5013 2454 5083 aspicio,
2504 5013 2900 5085 infandumque
2923 5015 3274 5087 Empedoclis
3309 5038 3413 5091 pu-

1824 5108 2009 5176 gnam,
2065 5105 2306 5161 Platonis
2371 5105 2545 5170 ideas,
2613 5122 2825 5162 necnon
2875 5107 3191 5165 Graecorum
3256 5114 3412 5178 deos,

3045 5222 3057 5257 :
3112 5212 3414 5274 utrumque

1826 5286 2075 5359 Palamas
2110 5290 2161 5344 in
2193 5298 2503 5345 monstrum
2540 5291 2761 5359 aliquod
2809 5308 3171 5363 componens,
3216 5312 3281 5350 ex
3322 5314 3411 5353 re-

1823 5384 2193 5454 pugnantibus
2259 5383 2643 5452 perversisque
2682 5384 3053 5454 dogmatibus,
3103 5389 3262 5442 modo
3320 5390 3413 5443 Dei

1824 5474 2272 5537 immensitatem,
2332 5490 2425 5541 per
2449 5477 2744 5544 inaequales
2794 5478 3000 5553 lances,
3054 5492 3174 5535 sese
3197 5478 3413 5536 fortiter

1826 5568 2237 5639 impugnautes,
2273 5568 2541 5634 partitur;
2597 5568 2763 5623 modo
2849 5572 2902 5624 in
2981 5570 3408 5630 insubstantiale

1821 5661 2064 5726 aliquod,
2114 5675 2222 5713 non
2278 5666 2543 5729 personas
2596 5674 2893 5730 grnet'ans,
2954 5666 3049 5719 sed
3143 5681 3409 5735 personas

1824 5748 2033 5816 ferens,
2063 5750 2264 5820 quibus
2308 5758 2481 5815 totum
2511 5753 2815 5808 creationis
2846 5770 3019 5823 genus
3052 5758 3401 5825 producitur.

1822 5841 2107 5897 {Eternam
2155 5841 2354 5898 deinde
2396 5844 2629 5899 aestimat
2672 5848 2946 5916 gratiam,
3014 5864 3177 5919 quam
3252 5848 3411 5907 nemo

1822 5933 1979 5999 \idit,
2010 5947 2111 5990 nec
2143 5931 2325 5992 videte
2360 5935 2685 5993 naturaliter
2712 5946 2913 6007 potest,
2940 5940 3041 5995 etsi
3074 5940 3249 6011 angeli
3313 5956 3415 5997 na~
