4104 6322
116 532 308 600 ’Λδρᾶς
343 527 628 598 μετασχὼν
668 527 762 593 τῆς
794 523 1046 576 ἀνουσίου
1074 522 1302 588 πλάνης,

107 624 220 673 Καὶ
257 621 352 688 τῆς
375 618 641 684 ταπεινῆς
671 614 930 676 ἐσπακὼς
963 615 1103 678 ἄγαν
1151 613 1324 672 Ῥέας,

104 710 214 762 Καὶ
245 709 350 777 γὰρ
379 708 676 776 καταρρεῖν
709 709 804 766 τάς
837 704 1133 771 ὑφειμένοις
1161 703 1309 767 λέγει

117 801 214 853 Ἐκ
248 801 348 868 τῆς
383 799 609 869 ῥεούσης
634 796 884 865 οὐδαμῶς
914 795 1187 873 ἐξουσίας,

112 893 216 953 “Ac
263 889 526 959 οὐσιώδης
563 892 656 942 τοῦ
697 889 830 941 Θεοῦ
867 887 1064 958 μοίρας
1088 888 1260 955 λέγει,

119 978 382 1048 Ἐπείπερ
417 980 514 1031 οὐκ
547 979 739 1031 ἄποιον
770 977 954 1030 οὐσίαν
980 979 1126 1046 ἄγει,

107 1069 233 1122 (ὧδ’
259 1070 378 1122 αὖτ’
404 1070 600 1140 ἐνεργῆ
633 1069 732 1138 τὴν
757 1069 1072 1139 ὑπερτάτην
1106 1069 1288 1135 φύσιν.

115 1163 181 1213 '0
207 1161 251 1213 δ’
281 1161 440 1223 αὐτὸς
459 1163 619 1214 αὑτὸν
647 1163 893 1229 ἐκφανῶς
916 1161 1055 1214 οὕτω
1082 1163 1332 1230 γράφων,

114 1253 407 1304 Ἀκτιστον
436 1253 510 1314 ὡς
537 1253 582 1304 δ’
605 1253 841 1322 ἄναρχον
864 1252 1150 1319 ἀνθρώπου
1183 1252 1403 1319 σπίρον,

111 1341 215 1391 Κα“·
245 1341 464 1408 σπέρμα
501 1343 712 1402 νυκτὶς,
749 1343 840 1394 καὶ
876 1343 1083 1410 φθορᾶς
1114 1341 1273 1409 ἔργον
1303 1341 1484 1407 φύσει.

112 1432 228 1482 Καὶ
263 1432 466 1500 βρῶσιν
506 1435 732 1503 οἰκτρὰν
763 1433 870 1485 τῶν
909 1435 1139 1486 ὀδόντων
1170 1431 1266 1484 τοῦ
1295 1422 1488 1500 χρόνου

113 1525 178 1574 Ei
211 1525 319 1574 xix
351 1523 552 1592 μέρους
590 1523 788 1592 ἔσχηκε
821 1523 894 1594 μὴ
925 1523 1266 1592 τεθνηκέναι,

112 1614 234 1665 Κᾶν
270 1613 538 1684 ἐξαναστῇ
574 1617 669 1667 καί⁵
695 1615 753 1667 τὸ
785 1615 879 1668 νῦν
914 1615 1191 1686 διαρρέον,

109 1704 225 1770 Τῆς
255 1705 489 1774 ἐσχάτης
519 1705 817 1772 σάλπιγγος
842 1707 1254 1774 ἐκκαλουμένης

108 1792 316 1845 Τοῦτον
349 1793 432 1855 τίς
477 1793 648 1846 εἰπὼν
678 1794 877 1864 εὐσεϐῆ
909 1797 1114 1863 φρένας
1154 1797 1344 1867 φέρεις

108 1882 232 1934 υὺκ
265 1883 382 1934 ἐστι
419 1884 598 1948 τοῦτο,
631 1885 747 1947 πῶς
777 1887 886 1955 γάρ
918 1889 1014 1939 οὐκ
1047 1888 1163 1940 ἔστι
1197 1908 1210 1952 ;
1248 1890 1447 1956 πόθενς

107 1970 274 2023 Οῦτω
303 1973 573 2042 κατῆλθεν
607 1974 688 2035 είς
715 1974 776 2026 τὸ
819 1977 931 2028 πᾶν
961 1977 1136 2028 κακοῦ
1159 1978 1354 2045 βάθος.

113 2058 236 2112 Εἶθ’
265 2062 291 2111 ὁ
327 2062 601 2132 φρονήσας
645 2063 743 2132 οὐχ
771 2064 1062 2134 ἁμαρτεῖν,
1095 2067 1188 2118 καὶ
1219 2068 1457 2137 φράσας.

111 2153 256 2204 Θεὸν
286 2152 414 2223 παρ’
449 2153 598 2223 αὐτῷ
626 2155 1000 2226 προσκυνητδν
1029 2157 1129 2210 οὐκ
1157 2157 1294 2226 εχει,

125 2243 222 2304 Ὠς
259 2245 325 2298 ἂν
354 2245 414 2297 τὸ
440 2245 670 2315 βροντῆς
693 2247 928 2317 ἐκραγὲν
961 2249 1110 2318 ρἧα
1140 2251 1367 2318 φράσαι,

112 2336 314 2387 Καίτοι
344 2339 638 2408 καταρρεῖν
668 2355 802 2408 φησι
837 2341 1279 2410 τάς.ὑφειμὲνας

127 2422 371 2493 Ἀνδρῶν
397 2425 649 2496 θεαυγῶν
683 2428 733 2480 οί
770 2428 1028 2499 θεηγόροι
1066 2431 1238 2498 λόγοι,

121 2511 222 2576 Ὣς
261 2517 354 2566 καὶ
387 2515 656 2584 μεθεκτὰς
684 2519 745 2572 οὗ
771 2522 860 2572 τὸν
892 2522 1056 2575 αὐτόν
1085 2539 1147 2589 γε
1177 2523 1397 2593 τρόπον,

113 2605 332 2672 Ὀνπερ
356 2607 625 2676 μεθεκτήν
652 2627 784 2677 φασι
816 2611 912 2680 τὴν
950 2612 1173 2681 πρώτην
1207 2613 1394 2680 φύσιν,

115 2686 321 2766 Τὴνόὐ
368 2696 660 2769 μεθεκτὴν,
692 2702 820 2765 τοὺς
847 2703 1174 2772 ὑφειμένους
1209 2705 1468 2775 τρόπους.

129 2785 274 2837 Ἀλλ’
296 2787 388 2839 οῦν
417 2791 648 2858 γενητάς
678 2809 809 2859 φασι
836 2794 943 2847 τῶν
972 2795 1162 2866 δώρων
1193 2797 1388 2858 δόσεις.

127 2873 279 2928 Ἀλλ’
313 2879 436 2949 οὐχὶ
461 2879 744 2949 θειότητας
778 2886 1094 2948 ἀκτίστους.
1120 2889 1287 2940 Πόθεν
1311 2905 1325 2952 ;

119 2968 206 3020 Οὐ
233 2967 340 3038 γὰρ
368 2971 585 3041 κινητὸν
621 2975 697 3044 μὴ
737 2977 936 3044 γενητὴ
976 2975 1210 3045 θειότης.

120 3059 236 3112 Ποῦ
260 3061 368 3131 γὰρ
400 3065 596 3134 κινηθῇ
627 3082 642 3130 ;
679 3065 780 3120 ποῦ
811 3067 925 3138 γὰρ
960 3069 1196 3124 οὐκέστι
1235 3090 1247 3132 ;
1298 3073 1538 3142 Φράσον.

118 3148 254 3203 Οὐδ’
281 3152 362 3214 είς
397 3152 517 3222 ῖσην
543 3154 832 3225 ἄνθρωπος
866 3157 1023 3221 ἀξίαν
1057 3160 1253 3227 φθάνει

120 3241 219 3310 Τῷ
249 3242 591 3316 δημιουργῷ,
634 3249 731 3300 καὶ
761 3250 1032 3320 παναιτίῳ
1062 3253 1274 3320 κράτει,

119 3431 422 3484 essentiam
456 3432 603 3493 dicit,
639 3433 768 3486 illud
797 3435 887 3502 qui
913 3435 1014 3490 lem
1043 3437 1228 3503 vitam,
1261 3440 1410 3498 istud
1453 3459 1582 3499 vero
1627 3458 1711 3499 es-

123 3523 323 3577 sentia:
353 3525 627 3590 virtutem,
651 3533 704 3578 et
737 3527 955 3581 aliunde
985 3529 1272 3586 scientiam
1301 3536 1713 3607 sapientemque

127 3613 226 3666 Dei
275 3617 591 3682 potentiam,
616 3617 732 3671 sive
759 3617 863 3674 alia
889 3635 1118 3692 qumque
1153 3624 1245 3678 Dei
1276 3627 1540 3682 attributa
1575 3642 1705 3698 pro-

125 3703 337 3768 ferens,
375 3718 470 3772 per
509 3704 804 3774 inmquales
828 3709 1031 3777 gradus
1058 3711 1408 3769 Divinitatem
1437 3727 1710 3781 recenset,

125 3797 508 3863 promiscuum
559 3799 786 3854 deorum
837 3816 1034 3871 genus,
1071 3812 1128 3856 ut
1160 3820 1327 3874 supra
1365 3807 1501 3872 dixi,
1537 3809 1708 3878 parti-

127 3897 278 3954 tum,
307 3903 414 3942 non
450 3891 727 3958 partitum,
752 3907 915 3960 opus,
942 3896 1277 3963 operarium,
1309 3899 1544 3965 visibile,
1573 3900 1716 3954 invio

125 3977 313 4040 sibile,
354 3993 419 4032 ac
445 3979 643 4034 deinde
678 3994 1069 4040 concurrentes
1140 3986 1304 4042 etiam
1373 3989 1713 4055 fundatores,

127 4076 542 4123 attenuatorum
606 4086 832 4140 quoque
892 4089 1122 4130 numero
1179 4079 1361 4146 magni
1425 4078 1516 4134 Dei
1581 4077 1715 4150 prae-

128 4158 456 4211 stantiorem
521 4166 772 4214 naturam
824 4163 1047 4230 praebet,
1114 4174 1168 4220 et
1228 4166 1343 4221 haec
1411 4170 1713 4239 orbemque

131 4257 310 4299 totum
339 4249 555 4315 partim,
582 4250 963 4318 prmstantiora
1003 4254 1228 4324 insuper
1255 4256 1347 4311 Dei
1378 4272 1540 4325 opera
1568 4259 1716 4329 (heu,

128 4335 505 4390 lamentibilis
543 4335 757 4405 error!)
799 4337 852 4391 in
893 4347 972 4393 tot
1000 4347 1055 4393 et
1086 4349 1264 4397 tantos
1310 4343 1538 4414 abyssos
1589 4361 1713 4414 gur-

129 4425 386 4492 gilcsque
433 4424 725 4482 demersit!
777 4427 952 4483 virum
1004 4444 1064 4484 se
1111 4441 1303 4486 natura
1363 4434 1507 4488 haud
1543 4435 1719 4489 tmhc.

1263 412 1306 468 ι]
1324 408 1707 470 ΠᾸΞΕΟΠΒΜ
1750 404 2224 464 ΒΕΧΤέἶΝΤΗί.

1704 533 1746 577 Α
1783 513 1902 566 Κᾶν
1931 515 1960 577 ἡ
1986 485 2219 577 Παλαιμᾶ
2250 509 2660 576 δυςσεεεστάττ,
2695 506 2868 572 πλάνη

3261 386 3365 451 8ἷοί

1784 607 2032 657 Μανεῖσα
2065 603 2254 664 δεινῶς
2281 602 2400 654 οὐδὲ
2430 600 2576 653 τοῦθ’
2611 600 2911 664 ὑπεστάλη.

1787 699 2078 748 ’Λκτιστον
2114 695 2148 765 ἢ
2191 693 2306 762 φῶς
2342 708 2507 762 φησιν
2540 691 2601 744 οὐ
2629 690 2848 760 βλέπειν
2886 690 3066 757 μόνον,

1797 788 1935 840 Ἀλλ’
1968 786 2131 838 αὑτδν
2164 782 2304 837 εῖναι
2338 785 2432 836 καὶ
2470 783 2602 836 Θεδν
2635 783 2788 849 παρὰ
2813 781 3014 833 κτίσιν.

1787 880 1847 930 ΕΞ
1870 879 1913 930 δ’
1937 875 2003 931 αὖ
2037 880 2335 946 καταρρεῖν
2366 879 2520 943 φασὶ,
2547 876 2639 926 καὶ
2679 875 2894 942 χεῖσθαι
2919 872 3072 923 κάτω

1785 969 1918 1022 θεοῦ
1951 969 2106 1036 λόγον
2133 967 2525 1035 πάνταρχον,ἦ
2560 965 2778 1033 πνεῦμα
2812 965 3075 1031 κράτους,

1787 1062 1860 1112 Οὐ
1895 1059 2189 1128 προσφυῶς
2227 1059 2499 1124 λέγουσιν,
2526 1056 2647 1108 οὐδὲ
2683 1055 2913 1122 κυρίως.

1801 1153 1937 1205 Ἀλλ’
1961 1154 2035 1215 ὼς
2074 1152 2193 1216 ἔθος
2227 1153 2440 1220 ἔχοντιν
2481 1153 2612 1220 ἡμῖν
2644 1150 2940 1215 nave-59m;

1805 1250 1896 1300 Ἐκ
1954 1252 2062 1300 τῶν
2091 1248 2220 1316 παρ’
2251 1249 2382 1316 ἡμῖν
2416 1248 2506 1297 καὶ
2542 1243 2794 1312 γενητῶν
2837 1240 3183 1309 πραγμάτων

1792 1343 1911 1393 Τῶν
1948 1342 2007 1393 οὐ
2040 1341 2279 1410 γενητῶν
2310 1338 2621 1408 ἑξομιλοῦσι
2665 1339 2813 1407 πέρι.

1804 1416 2064 1496 Ἐπείπερ
2085 1429 2183 1481 οὐκ
2216 1424 2284 1498 ἦν
2319 1429 2571 1495 οὐδαμῶς
2597 1428 2771 1486 ἄλλως
2803 1429 2986 1494 λέγειν

1792 1520 1969 1588 Αὐτῆς
2001 1519 2220 1588 ἐκείνης
2244 1519 2339 1589 τῆς
2378 1517 2639 1588 θεαρχίας
2671 1519 2823 1587 πέρι.

1796 1610 1973 1672 ’Ὀλως
2003 1610 2110 1677 γάρ
2140 1627 2306 1679 φασιν
2348 1609 2520 1678 αὐτὴν
2549 1602 2897 1679 ἐξῃρημένη)

1797 1698 2002 1760 Ιῖίδους,
2037 1698 2207 1766 ἁφῆς.
2233 1697 2352 1760 νοῦ,
2392 1699 2882 1768 μυσταγωγοῦντος
2915 1698 3100 1762 λόγου,

1797 1788 1869 1840 Τὸ
1898 1787 2026 1854 γοῦν
2055 1789 2179 1841 καθ’
2209 1789 2378 1857 αὐτὴν
2401 1791 2448 1842 οί
2477 1791 2631 1857 σοφοὶ
2669 1789 3026 1857 μυστοπόλοι,

1726 1848 1766 1902 Β
1796 1878 1990 1930 Καίτοι
2019 1881 2273 1949 παρεῖναι
2303 1879 2582 1948 πανταχοῦ
2610 1880 2817 1947 ταύτην
2851 1880 3008 1945 λόγος

1797 1970 1910 2021 Οὐκ
1943 1969 2007 2021 ὲκ
2043 1970 2245 2039 μέρους
2271 1969 2565 2040 δήπουθεν,
2605 1971 2724 2024 ἀλλ’
2745 1972 2874 2039 ὃλην
2915 1973 3080 2035 ὅλοις.

1800 2058 1989 2123 υῦτως
2017 2043 2483 2131 ὑπερθαύμέιστον
2519 2064 2551 2131 ἠ
2586 2063 2710 2116 Θεία
2737 2063 2925 2132 φύσις.

1799 2151 1911 2203 Καὶ
1940 2150 2100 2204 πάνθ’
2145 2152 2288 2223 ὑπὲρ
2321 2153 2469 2216 νοῦν,
2509 2156 2605 2206 καὶ
2637 2157 2925 2221 λογισμὸν,
2966 2156 3061 2208 καὶ
3091 2155 3276 2222 λόγον,

1800 2242 2020 2316 Μᾷλλον
2055 2246 2233 2314 σιωπῇ
2259 2243 2353 2296 τοῦ
2389 2245 2553 2312 λόγου
2583 2247 2898 2317 τιμωμένη,

1802 2334 1863 2386 Εἰ
1889 2335 1935 2389 δ’
1965 2333 2035 2389 αῦ
2056 2331 2209 2388 δοκεῖ
2240 2339 2384 2389 νοεῖν
2410 2355 2516 2400 τις,
2545 2340 2607 2391 οὐ
2637 2342 2930 2408 νοουμένη.

1803 2426 2010 2491 Γνῶσις
2036 2427 2146 2498 γάρ
2179 2429 2350 2499 αὐτῆς
2399 2431 2549 2482 ἐστιν
2579 2432 2804 2495 ἀγνοίας
2833 2433 3022 2500 βάθος,

1810 2519 1912 2570 Ἦν
1945 2517 2208 2590 ἀκριϐοῦν
2247 2537 2331 2582 τις
2362 2518 2462 2590 τὴν
2493 2520 2754 2574 θεοπτίαν
2805 2522 2955 2592 θέλῃ.

1807 2609 1883 2661 Οὐ
1904 2607 2013 2677 γὰρ
2043 2608 2257 2661 δίδωσιν
2288 2609 2544 2678 οὐδαμῶς
2575 2610 2748 2674 οὕτως
2783 2610 2933 2679 ἴχνος

1819 2697 1907 2750 Ἐν
1928 2699 2004 2767 τῷ
2033 2699 2271 2752 νοεῖσθαι
2301 2701 2380 2769 τῷ
2410 2702 2551 2753 νοεῖν
2585 2704 2933 2771 πειρωμένῳ.

1817 2790 1877 2840 ὐ
1911 2787 2002 2840 νῦν
2051 2788 2106 2841 δὲ
2135 2790 2345 2855 καινὸς,
2375 2792 2469 2844 καὶ
2505 2791 2661 2853 κενὸς
2699 2790 2966 2860 θεηγόρος

1821 2881 1915 2932 Ἐκ
1947 2881 2055 2933 τῶν
2093 2868 2221 2935 καθ’
2241 2882 2412 2952 αὐτὴν
2452 2885 2617 2952 φησὶν
2647 2885 2819 2953 αὐτὴν
2852 2885 3053 2938 εἰδέναι

1810 2971 1932 3024 Τῶν
1960 2972 2261 3037 οὐσιωδῶν,
2287 2973 2362 3036 ὡς
2389 2974 2764 3045 ὕπερκὸμπως
2794 2976 2970 3043 λέγει.

1810 3063 1892 3116 Τά
1917 3064 2026 3131 γὰρ
2058 3065 2180 3117 κατ’
2205 3065 2404 3134 αὐτὴν,
2435 3067 2551 3133 εἴγε
2578 3068 2738 3120 ταυτί
2765 3086 2856 3135 μοι
2888 3068 3076 3139 λέγῃς,

1737 3187 1781 3243 C
1812 3155 1880 3207 Τί
1906 3154 2058 3209 ταῦτ’
2091 3157 2237 3223 ἐρεῖς
2261 3173 2343 3219 τε,
2381 3159 2478 3210 καὶ
2515 3159 2859 3224 προσείποις,
2896 3163 3153 3225 γεννάδα,

1813 3245 2030 3310 Ταύτας
2053 3246 2098 3300 δ’
2136 3246 2417 3316 ὑφεῖσθαι,
2448 3249 2540 3302 καὶ
2565 3251 2868 3320 καταρρεῖν
2901 3253 3129 3321 κυρίως,

1811 3437 1920 3483 tem
1958 3429 2185 3483 minime
2216 3429 2441 3485 tribuat.
2476 3431 2578 3485 llic
2612 3446 2763 3494 vero,
2798 3431 2913 3498 ipse
2948 3431 3188 3502 seipsum
3217 3446 3407 3502 aperit:

1813 3521 1973 3576 talem
2002 3521 2334 3588 praedicans,
2367 3521 2671 3576 increatum
2713 3522 2936 3591 quidem
2978 3538 3044 3577 ac
3077 3525 3244 3578 veluti
3278 3529 3392 3593 pri-

1813 3627 1960 3667 mam
1997 3611 2236 3668 hominis
2267 3619 2565 3666 sementem
2591 3628 2606 3678 ;
2637 3619 2694 3666 et
2717 3612 2895 3667 noctis
2927 3611 3074 3676 fons,
3129 3623 3183 3667 et
3211 3615 3402 3668 mortis

1815 3717 1952 3772 opus
2003 3711 2230 3769 naturae,
2275 3711 2331 3757 et
2355 3703 2510 3757 triste
2563 3703 2819 3771 pabulum
2894 3704 3156 3772 temporis
3215 3703 3402 3758 edat-is

1815 3794 2071 3849 dentibus
2101 3792 2338 3857 videtur,
2388 3793 2488 3848 etsi
2532 3793 2966 3848 immortalitatis
3003 3794 3209 3847 donum
3244 3796 3406 3848 sorti-

1819 3893 1905 3937 tus
1943 3885 2036 3949 sit,
2085 3885 2189 3940 etsi
2237 3883 2524 3952 superbire
2570 3884 2768 3939 audeat
2821 3899 2948 3936 mox
2995 3884 3400 3946 dissolvendns,

1819 3974 2008 4028 ultima
2038 3982 2266 4028 vocante
2293 3974 2446 4028 tuba.
2484 3973 2618 4038 Quis
2651 3975 2777 4028 talia
2811 3973 3000 4028 dicens
3030 3983 3180 4028 recte
3208 3989 3410 4044 sapere

1817 4064 2102 4120 videatur?
2153 4063 2344 4119 Nonne
2406 4065 2478 4118 ita
2512 4066 2626 4120 [nec
2657 4064 2680 4132 ’ί
2713 4064 2894 4131 Quare
2945 4081 3051 4126 non
3101 4065 3213 4118 ita?
3256 4065 3416 4130 Quo-

1819 4157 2023 4211 modo?
2053 4156 2124 4210 Ita
2153 4165 2477 4210 cunctorum
2507 4156 2774 4210 malorum
2804 4158 2856 4209 in
2887 4156 3220 4225 proftrndum
3247 4158 3408 4210 dere--

1821 4249 1934 4313 nit;
1969 4247 2100 4312 imo,
2129 4263 2186 4302 se
2217 4265 2325 4302 non
2362 4263 2590 4316 peccare
2625 4260 2826 4316 putans
2858 4263 2922 4302 ac
2967 4248 3179 4312 dicens,
3235 4250 3414 4304 Deum-

1820 4352 1850 4392 a
1885 4353 1944 4393 se
1975 4337 2197 4392 adorari
2247 4339 2475 4393 minime
2523 4339 2791 4408 indigere,
2843 4340 3082 4393 tonitrua
3117 4354 3249 4395 voce
3296 4343 3416 4393 cta-

1822 4428 2017 4484 mitare
2067 4444 2237 4484 ausus
2281 4440 2386 4484 est.
2433 4431 2690 4485 Attamen
2754 4429 2957 4485 divinis
3010 4431 3415 4500 inspiratornm.

129 4517 315 4569 cillem
363 4527 584 4586 putans,
618 4533 788 4588 seque
812 4519 926 4591 jam
965 4534 1130 4590 supra
1166 4523 1391 4578 modum
1418 4524 1712 4590 extollens,
1743 4513 1796 4576 Ι)
1824 4521 2104 4576 hominum
2129 4521 2477 4577 sermonibus
2497 4522 2730 4576 humiles
2754 4521 2948 4591 spiritu
2985 4523 3235 4577 madidos
3254 4524 3406 4586 dicit,

134 4608 350 4677 majora
414 4608 480 4663 de
510 4624 568 4664 sc
617 4609 883 4674 sentiens,
935 4625 1059 4681 quae
1105 4626 1172 4667 ex
1222 4613 1338 4682 ipso
1367 4625 1577 4684 patent,
1622 4632 1721 4672 nee

132 4703 283 4756 intra
316 4699 528 4770 regulas
559 4700 804 4758 inclusus
828 4717 1078 4770 manens,
1112 4705 1335 4774 quibus,
1384 4706 1478 4762 Dei
1507 4708 1722 4778 placitis

133 4808 335 4846 omnes
384 4791 716 4864 diriguntur.
751 4793 844 4849 Sic
886 4795 1088 4849 mentis
1135 4811 1289 4850 error
1337 4805 1494 4853 extra
1529 4801 1722 4854 modus

133 4883 408 4953 Cogitare,
473 4898 537 4937 ac
593 4882 767 4941 Nosce
824 4887 1058 4957 teipsum
1106 4902 1215 4942 non
1272 4889 1509 4958 amplius
1559 4893 1723 4946 corde

137 4975 474 5043 n-eogitare,
522 4976 690 5037 unde,
741 4992 838 5045 per
881 4977 1150 5031 inﬁnitam
1210 4979 1478 5032 malorum
1521 4981 1720 5036 seriem

136 5067 420 5134 delnpsus,
467 5080 526 5121 se
559 5082 657 5120 nec
692 5077 962 5131 creatum,
1014 5084 1113 5124 nec
1163 5070 1379 5125 initium
1431 5071 1740 5128 habentem

137 5157 316 5218 dicit,
365 5157 508 5226 quod
557 5172 690 5213 sane
745 5159 845 5213 soli
895 5161 1378 5230 superspirituales
1433 5165 1719 5221 auderent.

141 5249 270 5315 Ipse
308 5261 434 5301 tero
459 5249 679 5303 Palama
711 5250 793 5302 vir
821 5253 1071 5306 mortalis
1101 5254 1347 5323 quidem,
1379 5258 1592 5311 tametsi
1626 5273 1723 5312 no-

142 5341 231 5405 lit,
292 5340 441 5408 impii
516 5340 723 5394 erroris
773 5342 1046 5414 particeps
1115 5344 1360 5410 eﬂertus,
1404 5362 1512 5416 quo
1563 5348 1726 5403 mise-

142 5431 374 5484 randam
418 5431 557 5483 hanc
598 5440 800 5484 terram
843 5432 954 5486 late
995 5433 1216 5500 premit,
1259 5434 1305 5487 si
1367 5434 1585 5502 quidem
1640 5435 1724 5489 in-

141 5523 375 5577 feriores
406 5538 667 5591 personas
695 5539 761 5577 ex
793 5524 1159 5585 emanatione,
1219 5525 1442 5580 minime
1485 5541 1615 5581 vero
1658 5543 1723 5581 ex

141 5615 471 5679 substantia,
505 5617 796 5684 procedere
819 5615 974 5681 dicit,
1009 5631 1149 5683 quas
1198 5625 1378 5670 tamen
1406 5619 1724 5673 essentiales

145 5705 244 5759 Dei
300 5712 476 5772 partes
514 5707 824 5772 conﬁtetur,
872 5707 1084 5762 tametsi
1121 5709 1316 5759 harum
1363 5707 1722 5762 substantiam

149 5796 466 5851 scnsibilcm
508 5797 691 5856 ducat,
724 5798 965 5859 iusisque
996 5814 1263 5862 Stlplcnm
1299 5809 1504 5852 natura:
1555 5801 1724 5855 virtu»

1822 4623 1875 4669 et
1908 4614 2100 4667 horum
2131 4615 2294 4668 etiam
2325 4615 2618 4684 participes
2651 4613 2786 4677 ﬁeri,
2814 4613 3038 4669 minime
3061 4631 3188 4668 vero
3218 4616 3407 4669 eodem

1824 4704 1986 4757 modo
2017 4717 2129 4772 quo
2161 4703 2396 4772 primam
2432 4715 2689 4757 naturam
2721 4703 3043 4772 participem
3075 4703 3301 4768 dicunt;
3347 4719 3408 4757 ea

1823 4793 1968 4849 enim
2006 4794 2231 4862 minime
2259 4795 2534 4863 particeps
2564 4795 2746 4864 quoad
2794 4794 3032 4848 humiles
3068 4806 3279 4863 partes.
3308 4797 3404 4849 Sin

1825 4894 2006 4941 autem
2061 4883 2362 4952 gratiarum
2426 4885 2568 4938 dena
2612 4895 2865 4953 generata
2927 4885 3134 4948 dicunt,
3189 4884 3414 4938 minime

1826 4990 1951 5028 vero
1981 4974 2279 5030 increatam
2313 4977 2598 5030 Deitatem.
2647 4975 2865 5042 Quare?
2903 4976 3133 5031 lmmola
3173 4992 3414 5045 namque

1826 5079 2099 5139 permanet
2133 5085 2239 5123 non
2275 5079 2538 5140 generata
2577 5069 2780 5124 Deitas.
2826 5069 2947 5135 Quo
2980 5070 3127 5124 enim
3164 5085 3411 5124 movere-

1827 5161 1956 5216 tur?
1989 5161 2220 5216 Ubinam
2254 5162 2434 5215 absit?
2461 5162 2726 5232 Loquere.
2761 5162 2878 5216 Non
2913 5162 3105 5216 eadem
3140 5177 3275 5216 sane
3321 5163 3408 5214 di-

1826 5251 2033 5319 gnitale
2082 5257 2305 5318 przestat
2359 5249 2545 5313 homo,
2615 5265 2724 5319 qua
2778 5260 2993 5303 creator
3060 5264 3122 5303 ae
3163 5249 3410 5303 omnium

1828 5340 2113 5404 l'untlatris
2145 5341 2413 5409 potentia,
2465 5340 2566 5394 etsi
2597 5339 2830 5394 I’alama:
2856 5340 3284 5395 seelestissimus
3310 5355 3400 5394 er-

1828 5447 1940 5494 ror,
1991 5432 2161 5486 rabiei
2213 5431 2390 5500 impar
2446 5431 2575 5484 illud
2638 5446 2888 5486 asserere
2941 5448 3050 5484 non
3110 5431 3410 5485 erubuerit.

1829 5525 2131 5578 lnercatum
2155 5524 2300 5575 enim
2328 5524 2508 5575 lumen
2540 5538 2646 5575 non
2677 5529 2888 5575 ttnitutn
2915 5538 2973 5576 se
2996 5538 3222 5576 cernere
3256 5524 3412 5588 dicit,

1831 5617 1924 5672 sed
1975 5616 2138 5670 etiam
2195 5615 2370 5684 ipsum
2401 5628 2522 5668 esse
2563 5623 2616 5667 et
2671 5613 2837 5667 Deum
2870 5615 3024 5682 juxta
3067 5624 3369 5667 creaturam
3400 5633 3422 5678 ς

1831 5708 1874 5761 si
1913 5706 2130 5762 aliunde
2185 5704 2504 5772 procedere,
2536 5703 2792 5772 infraque
2816 5703 3056 5755 deﬂuere
3102 5703 3291 5757 dicunt
3322 5705 3413 5757 lh't

1834 5799 2076 5866 verbum,
2117 5811 2435 5867 :ttprctnum
2473 5795 2787 5861 Dominum,
2825 5795 2937 5850 sive
2989 5796 3213 5850 Virtutis
3246 5796 3403 5866 spitt-
