4104 6322
202 367 306 429 837

208 483 320 534 Καὶ
345 482 619 546 συντιθεὶς
647 483 887 554 πρόδηλα
913 483 1012 553 τὴν
1048 484 1428 557 ἁπλουστάτην

206 574 278 623 Ἦ
306 575 617 642 κτισμάτων
644 575 841 641 ἔξωθεν
888 576 1310 645 ἀνειλημμένος,

204 660 280 712 ’Ἡ
312 664 510 731 μᾶλλον
538 666 704 734 ἄμφω
728 665 1066 736 ρᾳδιουργῶν
1095 666 1350 732 εἰσάπαξ,

198 749 278 800 Τὸ
303 750 507 818 πλῆθος
538 753 826 821 εἰσήνεγκε
855 755 964 809 τῶν
997 755 1384 824 σεϐασμάτων,

212 839 545 905 Ὕψιστικῶς
579 843 845 913 Ἕλληνας
881 844 1118 912 ἐξαίρων
1144 846 1327 914 πάλιν,

202 933 354 984 ’³Ανω
381 933 448 984 τὰ
471 937 613 1000 τῇδε,
638 936 733 987 καὶ
763 935 824 986 τὸ
847 937 956 988 πᾶν
982 935 1114 1004 ὕψος
1138 938 1313 999 κάτω,

202 1022 471 1074 ’Λκτιστα
489 1023 680 1085 ταῦτα,
716 1027 810 1078 καὶ
837 1026 894 1078 τὸ
925 1026 1001 1096 μὴ
1032 1027 1234 1093 κτίσμα
1266 1028 1496 1098 κτίσμα,

197 1113 312 1164 Καὶ
359 1113 609 1167 δυσσεϐεῖ
641 1118 772 1180 πᾶς,
810 1118 998 1186 φησὶν,
1033 1118 1091 1179 ὃς
1124 1118 1278 1171 ταῦτ’
1311 1119 1372 1171 οὐ
1406 1118 1575 1172 σέϐει.

197 1208 277 1257 Οὐ
306 1205 585 1259 δυσσεϐεἶν
624 1209 771 1278 μόνῳ
799 1209 855 1262 δὲ
879 1209 953 1278 τῷ
977 1210 1120 1280 λόγῳ
1149 1211 1347 1280 λέγων,

209 1300 267 1351 Ἀ
282 1303 431 1368 ρκεῖν
466 1301 675 1370 νομίζει
703 1304 838 1374 πρδς
860 1306 919 1356 τὸ
947 1304 1045 1373 τῆς
1093 1305 1273 1373 μάχης
1297 1305 1497 1373 κράτος
1522 1321 1534 1335 ⁸

209 1393 356 1444 Ἀλλ’
385 1393 569 1464 ὧσπερ
597 1395 783 1457 ὅπλοις
819 1399 914 1448 καὶ
942 1396 1110 1462 ξιφῶν
1141 1398 1346 1465 ἀκμαις
1372 1405 1522 1457 Om;

197 1483 334 1534 Δέον
358 1482 623 1536 τελεῖσθαι
656 1486 755 1548 τὰς
790 1485 929 1552 ὑπὲρ
954 1487 1160 1540 τούτων
1188 1488 1420 1555 κρίσεις.

210 1574 388 1626 Ὀικνῶ
407 1574 451 1626 δ’
482 1575 734 1644 ἀριθμεῖν
764 1579 860 1639 τὰς
881 1578 1195 1647 άμυθήτους
1237 1576 1444 1646 ὕϐρεις.

197 1665 359 1718 Οὕτω
388 1669 748 1738 συνεκρότησε
777 1669 968 1731 δεινῦς
1001 1670 1100 1739 τὴν
1130 1669 1312 1739 μάχην

198 1758 345 1821 Ιῐρδς
375 1760 499 1819 τοὺς
530 1759 772 1822 ἀπειθεῖς
795 1761 907 1818 τοῖς
941 1759 1080 1821 θεοῖς
1103 1761 1202 1829 τῆς
1247 1757 1500 1819 Ἑλλάδος

198 1847 388 1911 Οὕτως
421 1850 650 1920 ἄναρχος
681 1853 798 1903 ἐστι
829 1857 922 1905 καὶ
958 1851 1175 1905 πάντων
1205 1852 1337 1918 ἄνω,

201 1941 314 1992 Καὶ
340 1940 438 2009 τὴν
467 1942 837 1995 ἁνεικόνιστον
872 1943 1030 2007 ἀξίαν
1054 1943 1240 2013 βλέπει

197 2029 405 2092 Abeat;
431 2030 643 2098 άληθῶς
677 2033 796 2094 ταῖς
819 2032 983 2099 ἁφαῖς
1019 2033 1125 2086 τῶν
1175 2033 1460 2102 ὀμμάτων.

199 2121 373 2174 Ὀθεν
405 2122 495 2173 τὸν
525 2122 681 2192 ὄχλον
713 2119 820 2176 εἶδε
840 2125 946 2177 τῶν
979 2126 1346 2195 σεϐασμάτων

211 2215 305 2268 Ἐν
339 2217 402 2283 τῇ
446 2217 678 2286 ταπεινῇ
707 2215 813 2268 τῶν
851 2217 1165 2286 ὑφειμένων
1203 2218 1383 2286 βάσει.

201 2298 309 2358 Ὦν
329 2306 408 2367 είς
432 2305 493 2357 τὸ
525 2306 753 2376 πλῆθος,
784 2305 860 2367 ὼς
886 2307 1056 2370 δοκεῖ,
1095 2308 1296 2378 βλέψας
1317 2311 1428 2372 ὅδε,

212 2397 369 2460 Ἐνδς
404 2398 783 2470 κατεφρόνησε
814 2398 907 2452 τοῦ
952 2400 1168 2454 πάντων
1203 2401 1464 2471 κράτους.

211 2485 362 2540 Ἀλλ’
396 2487 457 2539 οὐ
485 2487 594 2556 γὰρ
620 2489 783 2541 αὑτὸν
811 2488 1084 2557 ὠφελήσει
1111 2489 1168 2542 τὸ
1196 2489 1414 2558 στέφος.

200 2577 486 2646 Ὅτανπερ
508 2577 741 2647 οἰκτρῶς
768 2579 832 2631 ὲκ
863 2579 991 2648 μιᾶς
1017 2579 1284 2648 θεαρχίας

199 2666 365 2736 Τρισὶ
397 2669 684 2737 μοναπλῶς
717 2668 1158 2737 συγκαταθλᾶται
1191 2671 1383 2736 λίθοις,

198 2760 352 2830 Πρὸς
378 2759 578 2828 κέντρα
607 2760 662 2813 δὲ
695 2762 807 2831 γνῷ
838 2764 1271 2834 τραυματουργὰ
1293 2765 1577 2830 λακτίσας,

201 2851 318 2903 Καὶ
358 2849 575 2902 κτιστὸν
605 2851 707 2904 οὐκ
731 2853 991 2906 ἄκτιστον
1025 2856 1188 2908 αὐτὸν
1223 2857 1496 2928 μανθάνῃ,

202 3037 438 3091 virtutes
489 3050 744 3092 sermone
787 3036 1005 3095 dicens.
1097 3042 1506 3116 attenuatorum
1551 3038 1785 3092 deorum

1354 375 1792 438 GRECORUM
1821 381 1962 442 SEN
1967 383 2295 444 'I‘ENTL'R.
3349 382 3458 446 858

1813 501 1850 556 Α
1883 495 2160 567 Λαμπρὰν
2188 499 2312 550 καθ’
2344 489 2508 552 αὐτοῦ
2533 499 2714 570 ψῆφον
2742 498 2904 560 αὐτὸς
2925 499 3195 568 ἐκφέρων,

1888 587 1976 649 Εἰς
2008 587 2106 653 τὴν
2134 588 2388 642 ἁπάντων
2422 589 2798 660 ἐξηρνημένην
2829 590 3014 660 φύσιν,

1884 671 1988 738 Ἷ-Ις
2021 679 2200 731 πάντα
2230 679 2413 739 δοῦλα,
2455 682 2546 733 καὶ
2582 683 2651 734 τὰ
2688 684 2922 751 κρείττω
2960 683 3311 751 βλεμμάτων,

1886 767 1992 817 Καὶ
2018 769 2108 819 νοῦ
2149 768 2287 838 πρὸς
2322 771 2606 838 ἀκρίϐειαν
2641 771 3050 841 ἐπτερωμένου,

1897 854 2079 922 ’Λφεὶς
2108 858 2257 910 κάτω
2279 860 2565 913 πέπτωκεν
2597 863 2658 913 ἐκ
2689 863 3100 930 φαντασμάτων
3131 879 3146 928 ;

1887 945 1978 1009 Et;
2004 949 2095 1000 νοῦ
2127 950 2497 1020 ματαιότητας
2525 953 2604 1014 είς
2636 951 2824 1020 ἔργων.
2852 953 3041 1017 σέϐας,

1885 1037 1952 1090 "ll
1988 1038 2188 1106 μᾶλλον
2214 1042 2408 1104 εἰπεῖν,
2444 1045 2524 1104 είς
2553 1044 2822 1097 ἀνουσίων
2854 1045 3040 1109 σέϐας,

1885 1127 2177 1182 Τουτέστιν
2206 1131 2394 1195 ἁπλῶς
2438 1133 2684 1202 οὐδαμῶς
2710 1135 2846 1188 Θεοῦ
2883 1135 3068 1197 σέϐας.

1885 1219 2050 1272 Οὐδὲν
2081 1221 2210 1290 γὰρ,
2245 1224 2396 1275 οὐδὲν
2423 1225 2531 1276 τῶν
2562 1227 2825 1279 ἀκουσίων
2861 1228 3045 1290 σέϐας,

1888 1312 2173 1384 Ὄπουπερ
2204 1317 2325 1369 οὐδὲ
2361 1318 2467 1370 τῶν
2495 1318 2802 1387 ὕφειμένων
2837 1320 2997 1382 ὅλως,

1886 1405 1995 1472 Τῆς
2017 1407 2399 1476 παντανάσσης
2430 1410 2522 1462 καὶ
2554 1410 2784 1480 τριπλῆς
2815 1411 3071 1481 έναρχίας

1886 1495 2164 1564 Ὶῖελοῦμεν
2191 1497 2343 1550 οὐδὲν
2373 1498 2617 1551 δουλικόν
2633 1517 2740 1551 τινι
2769 1505 2970 1570 τρόπον

1887 1586 2032 1657 Πλὴν
2064 1588 2116 1655 γ’
2143 1579 2216 1651 ὡς
2253 1589 2508 1653 ἐλάττους
2529 1593 2627 1654 τάς
2661 1593 2968 1662 ὑπερτέρας
3002 1595 3218 1662 φύσεις.

1891 1677 1959 1728 Ἣ
1983 1677 2188 1743 τάξεις,
2227 1680 2292 1742 ἃς
2323 1681 2522 1734 ἔδωκεν
2549 1683 2809 1750 ἀνδράσιν
2839 1685 3022 1746 πόνος,

1887 1771 1996 1822 Καὶ
2030 1769 2137 1822 τῶν
2161 1772 2218 1833 ὲς
2246 1773 2392 1839 ἡμᾶς
2423 1773 2696 1826 συστικῶν
2732 1776 3092 1842 συνεργάτας,

1815 1839 1853 1896 Β
1885 1861 2143 1932 Τιμῶμεν
2181 1862 2255 1924 ὡς
2284 1863 2547 1932 ἔνθεσμον
2570 1867 2627 1917 ὲν
2663 1839 3053 1935 συμμετρίαις,

1895 1952 2037 2005 Ἀλλ’
2059 1954 2161 2006 οὐκ
2195 1955 2469 2026 ἀνάρχους
2495 1956 2570 2019 ὡς
2605 1956 2784 2020 θεοὺς,
2820 1959 2916 2011 καὶ
2937 1958 3226 2023 δεσπότας.

1886 2045 1949 2096 Ὢ
1971 2045 2087 2108 πῶς
2116 2047 2385 2117 τοσαύτην
2420 2046 2604 2102 εἰσιὼν
2633 2049 2840 2117 τόλμαν
2873 2049 3056 2117 μόνος,

1887 2137 2127 2191 "lixis-ra
2153 2140 2276 2191 νοῦν
2302 2140 2525 2210 εἴληφας
2540 2140 2588 2210 Δἃ
2621 2143 2884 2209 πράττειν
2907 2141 3082 2205 θέλεις
3106 2141 3118 2194 l

1887 2228 2039 2280 Κατὰ
2068 2228 2260 2298 θρόνου
2299 2232 2360 2284 σὺ
2515 2203 2812 2300 θίεοδμὴτου
2847 2233 3047 2301 στόμα,

1899 2320 2014 2388 Ἐφ’
2043 2312 2213 2389 οὗπερ
2238 2320 2400 2382 αὐτὸς
2431 2321 2808 2391 ἐγκαθήμενος
2838 2323 3055 2392 θρόνου,

1888 2414 2120 2481 Κρινεῖν
2149 2415 2363 2468 ἀπειλεῖ
2392 2415 2516 2476 τοὺς
2549 2412 3108 2484 βεϐλασφημηκότας,

1891 2503 2081 2556 Ηασῶν
2113 2505 2359 2556 ἀπαιτῶν
2391 2507 2490 2574 τὴν
2516 2507 2828 2578 ὑπερτάτην
2859 2509 3038 2577 δίκην,

1889 2594 1959 2646 Σὺ
1998 2595 2124 2656 τοὺς
2163 2595 2342 2662 ὄρους,
2375 2597 2652 2664 ἄνθρωπε,
2695 2601 2821 2661 τοὺς
2849 2600 3124 2664 αἰωνίους,

1889 2687 2074 2740 Κινείν
2113 2687 2386 2757 ἐπήρθης,
2427 2687 2521 2750 οὒς
2552 2688 2683 2752 Θεὸς
2721 2690 2896 2758 πήξας
2925 2691 3076 2759 ἓχει;

1891 2777 1961 2829 Σὺ
1993 2776 2086 2829 τοῦ
2121 2777 2381 2846 θεμέθλου
2407 2777 2503 2847 τὴν
2546 2778 2877 2850 βαθύρῤιζον
2911 2781 3145 2851 πέτραν,

1902 2869 1988 2932 Ὠς
2015 2870 2401 2939 ὲκμοχλεύσων
2442 2874 2722 2940 συγκινείς
2755 2873 2968 2934 πάντας
2999 2874 3221 2942 λίθουςς

1891 3043 2180 3083 numerare
2206 3028 2501 3084 horresco:
2533 3031 2668 3085 adeo
2705 3031 2922 3087 funeste
2949 3048 3142 3102 pugna:
3171 3036 3462 3106 strepitum

202 3131 324 3184 sive
351 3127 618 3181 deitatum
646 3141 931 3180 numerum
960 3133 1012 3179 in
1045 3125 1315 3180 inlinitum
1337 3129 1527 3181 statuit
1555 3144 1569 3181 :
1601 3129 1783 3181 minor
1818 3162 1863 3224 ο
1894 3133 2153 3174 resonare
2185 3134 2352 3174 ausus
2386 3132 2468 3174 est
2499 3121 2641 3189 apud
2673 3121 2823 3191 ipsos
2851 3123 3077 3179 Graeciaa
3112 3127 3354 3182 numinis
3383 3129 3468 3182 in-

201 3219 354 3274 enim
386 3233 493 3273 non
552 3217 896 3288 relinquitur
941 3219 1117 3273 errori
1155 3219 1328 3275 locus.
1361 3218 1426 3272 Et
1453 3221 1706 3290 gratiam,
1737 3229 1792 3274 et

202 3312 418 3378 lumen,
438 3319 491 3363 ει
544 3308 902 3363 christnatum
926 3309 1089 3373 dona,
1121 3308 1210 3362 Dei
1235 3309 1544 3374 scientiam,
1565 3311 1788 3377 formas,

200 3404 492 3466 virtutem,
546 3400 713 3454 veluti
746 3400 885 3465 dixi,
944 3400 1140 3455 iterum
1199 3403 1346 3455 inter
1379 3417 1436 3460 se
1476 3403 1790 3470 promiscua

200 3494 480 3567 praebens,
543 3493 792 3562 inquam,
830 3493 1029 3547 tninori
1078 3493 1355 3560 impietate
1392 3510 1496 3562 qua
1527 3495 1793 3564 supersti-

202 3581 336 3636 tiosi
370 3579 566 3643 Graeci,
592 3579 675 3636 vir
703 3580 805 3635 ille
844 3582 1114 3649 ingenuus
1165 3597 1286 3636 sese
1317 3583 1567 3638 laborare
1598 3583 1794 3654 praedi-

204 3681 323 3729 cat.
361 3670 539 3727 Unum
576 3678 758 3725 tamen
789 3680 845 3726 et
874 3671 1052 3726 solum
1105 3673 1371 3742 optimum
1431 3674 1680 3728 confiteri
1701 3689 1794 3729 ne-

204 3774 369 3819 cesse
394 3771 499 3829 est,
524 3762 721 3832 triplici
760 3763 883 3817 luce
918 3763 1229 3832 Splendens,
1259 3764 1510 3834 simplex.
1544 3765 1795 3820 indivisio

203 3852 341 3917 bile,
365 3868 469 3906 non
512 3852 758 3917 mistum,
811 3865 913 3906 nec
959 3851 1340 3921 ponderatum,
1400 3867 1502 3908 nec
1537 3853 1794 3923 gradibus

207 3949 612 4006 mensuratum,
647 3954 748 3994 nec
781 3940 948 4006 intra,
977 3956 1074 3995 nec
1124 3952 1277 3995 extra
1316 3943 1565 4010 partibus
1589 3942 1794 3997 conﬂa-

206 4044 353 4097 tum,
384 4034 548 4087 veluti
583 4033 830 4102 quadam
864 4032 1215 4102 inaequalium
1253 4035 1558 4089 sectionum
1591 4050 1796 4106 coagu-

203 4126 344 4180 latio
375 4125 609 4192 circum,
644 4139 746 4178 nec
788 4123 1068 4190 deitatum,
1099 4138 1200 4179 nec
1227 4125 1476 4190 deorum,
1505 4141 1607 4180 nec
1624 4142 1796 4181 temu-

207 4217 469 4280 latorutn,
516 4230 616 4269 nec
643 4215 1108 4278 substantialium,
1150 4229 1250 4270 nec
1291 4215 1795 4272 inssbstantialium

207 4306 452 4370 turbam,
490 4320 592 4360 nec
651 4305 885 4359 aliorum
925 4305 1196 4371 omnium,
1254 4316 1310 4361 ut
1345 4318 1545 4362 cuncta
1605 4310 1795 4378 paucis

204 4397 515 4461 absolvam,
555 4397 717 4450 veluti
751 4411 852 4451 nos
882 4397 1012 4451 olim
1061 4399 1368 4452 docuerunt
1403 4401 1649 4464 mSpirati
1695 4402 1797 4454 ho-

1895 3210 2183 3276 credulos;
2219 3211 2354 3265 adeo
2377 3223 2702 3267 cunctorum
2735 3214 2972 3284 desuper
3001 3230 3059 3270 se
3080 3228 3469 3288 praepotentem

1895 3302 2120 3371 praebet,
2191 3303 2620 3375 dignitatemque
2696 3307 2924 3361 omnino
2981 3307 3152 3378 ﬁgura
3206 3311 3470 3368 nudatam

1895 3394 2014 3464 ipso
2040 3395 2328 3450 oculorum
2376 3407 2548 3454 tractu
2580 3414 2705 3452 vere
2758 3402 3118 3469 contemplari
3166 3407 3472 3461 contendit.

1895 3485 2072 3552 Unde,
2098 3486 2356 3541 humilem
2382 3491 2522 3543 inter
2547 3489 2692 3544 hunc
2726 3498 3129 3548 attenuatorum
3158 3511 3474 3562 numerum,

1896 3580 2105 3635 inﬁnita
2141 3582 2574 3636 venerandorum
2613 3583 2958 3639 multitudine
2981 3586 3183 3656 agnita,
3223 3588 3364 3657 ipse,
3411 3599 3474 3644 ut

1897 3674 2030 3728 mihi
2055 3673 2287 3739 videtur,
2326 3677 2540 3729 turbam
2578 3677 3000 3745 contemplatus,
3046 3695 3212 3733 unum
3240 3687 3477 3748 tantum,

1897 3773 2223 3818 coeterorum
2246 3765 2486 3820 omnium
2526 3765 2801 3831 virtutem,
2837 3767 3059 3836 sprevit.
3080 3769 3147 3821 At
3170 3783 3371 3824 corona
3400 3771 3480 3824 illi

1897 3860 2030 3909 sane
2061 3854 2284 3909 minime
2332 3854 2596 3924 proderit,
2675 3872 2801 3910 cum
2850 3857 3225 3913 miserandum
3269 3860 3321 3914 in
3359 3875 3481 3914 mo-

1896 3945 2049 4011 dum,
2091 3961 2196 4000 una
2256 3961 2512 4016 suprema
2564 3956 2825 4014 potestas,
2874 3949 3070 4016 triplici
3102 3951 3281 4020 lapide
3312 3951 3480 4006 miseo

1898 4035 2144 4090 rabillter
2193 4035 2488 4104 frangitur,
2534 4050 2592 4090 se
2633 4039 2919 4092 adversus
2969 4037 3150 4092 calcar
3193 4038 3485 4092 caleitrare

1899 4137 2116 4193 noscat,
2148 4141 2212 4182 ac
2238 4126 2456 4182 tandem
2487 4141 2546 4183 se
2577 4139 2846 4194 creatum,
2876 4144 2982 4182 non
3016 4145 3147 4183 vero
3169 4130 3484 4186 increatum

1897 4219 2092 4281 discat,
2148 4217 2266 4286 ipse
2320 4218 2528 4273 clarum
2580 4219 2634 4272 in
2699 4233 2758 4273 se
2799 4218 3182 4273 testimonium
3239 4218 3481 4288 prtel'ert,

1896 4324 2026 4378 erga
2048 4309 2558 4377 praestantissimam
2589 4309 2838 4362 omnium
2870 4317 3148 4370 naturam,
3178 4309 3266 4362 cui
3295 4311 3487 4364 omnia.

1901 4400 2216 4461 sulrsuut,et
2239 4398 2517 4452 oculorum
2538 4399 2986 4468 perspicaciores,
3007 4408 3058 4450 et
3079 4400 3144 4453 ad
3159 4399 3491 4454 sublimiora

205 4491 410 4555 mines,
449 4504 702 4545 verorum
750 4488 1064 4558 dogmatum
1123 4491 1381 4546 ministri.
1419 4493 1537 4559 Ipse
1586 4507 1710 4544 vero
1745 4493 1796 4544 in
1832 4504 1875 4558 ι)
1907 4499 2090 4541 mente
2121 4489 2293 4557 magis
2341 4489 2492 4553 elati,
2525 4490 2644 4556 ipse
2691 4491 2836 4544 enim
2868 4502 3084 4543 terrena
3125 4505 3390 4558 respuens
3417 4505 3486 4544 ex

206 4581 509 4635 adversum
595 4594 848 4649 surgere,
907 4579 1484 4650 evidentissimamque
1558 4597 1795 4650 pugnum

205 4672 558 4727 committere
590 4670 825 4735 videtur,
864 4669 1252 4725 iudivisibilcm
1305 4681 1555 4724 naturam
1607 4672 1798 4740 partiri

207 4779 324 4818 non
348 4764 702 4828 erubescens,
739 4763 1208 4832 simplicissimum
1250 4766 1411 4816 etiam
1445 4763 1548 4816 sub
1575 4779 1800 4832 compo.

206 4857 323 4910 sito
356 4864 539 4924 aperte
565 4854 936 4923 praebens,qvel
969 4854 1099 4908 illud
1134 4865 1289 4907 extra
1321 4863 1603 4908 creaturas
1634 4856 1801 4907 collo-

208 4959 343 5001 care
372 4961 537 5000 ausus
560 4954 663 5009 est,
697 4946 812 5001 sive
861 4955 1066 5016 potius,
1099 4947 1374 5014 duplicem
1411 4947 1578 4999 semel
1604 4946 1798 5014 nequi-

217 5039 356 5094 tiam
386 5053 579 5107 agens,
634 5039 1075 5092 veneraudorum
1121 5053 1406 5091 numerum
1441 5037 1494 5090 iu
1526 5039 1798 5091 inlinitum

213 5130 394 5192 auxit,
422 5143 485 5182 ae
508 5129 592 5184 sic
617 5129 810 5182 iterum
844 5127 1050 5184 Graecis
1070 5129 1284 5198 longius
1309 5143 1653 5199 progressus,
1678 5145 1800 5198 quae

213 5217 361 5274 infra
396 5225 523 5272 sunt
585 5218 841 5283 desuper,
905 5232 1025 5286 quae
1056 5230 1183 5270 vero
1236 5216 1471 5284 desuper
1526 5214 1688 5281 intra,
1721 5217 1803 5268 in-

216 5317 404 5365 creata
433 5310 572 5374 lunc,
601 5326 710 5364 mn
737 5317 920 5366 creata
971 5325 1118 5372 vero,
1162 5317 1342 5363 e‘eata
1387 5307 1672 5377 prmdieat,
1698 5306 1803 5360 im.

219 5402 421 5475 pieque
451 5417 510 5457 Sc
539 5418 748 5472 gerere,
787 5401 942 5468 dicit,
988 5403 1080 5472 qui
1116 5401 1200 5456 illa
1239 5416 1346 5455 non
1377 5412 1687 5465 veneratur,
1707 5416 1804 5455 nec

215 5496 269 5550 si
300 5493 450 5547 illum
482 5506 616 5546 voce
645 5501 852 5548 tantum
883 5493 1045 5561 impie
1067 5507 1126 5547 se
1156 5507 1342 5562 gerere
1363 5490 1566 5546 dixeris
1592 5490 1659 5546 ad
1689 5504 1808 5545 cer-

217 5586 451 5641 taminis
477 5584 760 5640 victoriam
785 5585 917 5639 satis
956 5569 1076 5639 esse
1113 5583 1343 5654 putabit,
1371 5584 1464 5638 sed
1505 5581 1674 5637 veluti
1715 5597 1805 5636 ar-

222 5679 332 5738 mis
363 5678 485 5733 sive
512 5677 661 5729 omni
691 5676 996 5744 gladiorum
1029 5677 1281 5746 strepitu,
1321 5676 1387 5729 de
1417 5675 1501 5729 bis
1534 5673 1683 5727 litem
1712 5673 1805 5727 ab-

217 5771 363 5829 solvi
385 5779 687 5838 oporteret.
716 5768 832 5824 iam
853 5772 990 5824 'vcro
1024 5769 1260 5824 inlinitas
1277 5769 1395 5838 ejus
1419 5766 1680 5824 stultitias
1697 5781 1794 5822 an»

1905 4581 2208 4651 phantasiis
2236 4581 2288 4636 in
2311 4581 2509 4636 mentis
2527 4583 2816 4647 vanitates,
2851 4583 2907 4636 in
2939 4597 3161 4653 eperum
3181 4585 3247 4638 ad
3279 4585 3484 4638 oratio-

1903 4688 2049 4738 nem,
2108 4670 2334 4735 sivc,'ut
2365 4673 2680 4744 accuratius
2712 4673 2915 4738 dicam,
2965 4675 3020 4729 in
3086 4675 3495 4732 insubstantia-a

1901 4763 2033 4816 lium
2061 4763 2432 4819 adoralianem
2469 4765 2723 4833 delapsus
2753 4773 2856 4830 est,
2893 4767 3039 4836 quod
3073 4781 3206 4821 sane
3239 4783 3484 4836 unquam

1904 4857 1998 4910 Dei
2023 4857 2267 4910 adoratio
2298 4855 2414 4911 fuit.
2449 4855 2596 4911 Nihil
2622 4859 2788 4924 enim,
2812 4859 2944 4912 nihil
2971 4861 3482 4915 insubstantialium
3519 4932 3524 4936 .

1906 4949 2178 5013 adoratio,
2210 4937 2344 5002 ttibil
2384 4948 2610 5016 pariter,
2640 4951 2866 5004 omnino
2908 4951 3042 5004 nihil
3073 4960 3481 5007 attenuatorum

1905 5044 2025 5111 ejus
2069 5043 2285 5106 Cultus;
2327 5057 2598 5110 supremae
2652 5041 2798 5096 enim
2836 5057 2899 5097 ac
2926 5043 3152 5109 triplicis
3183 5044 3488 5110 maiestatis

1904 5135 2118 5189 debitos
2170 5133 2428 5200 honores,
2484 5134 2694 5194 nemini
2738 5133 3056 5189 tribuendos
3092 5133 3286 5188 merito
3321 5143 3486 5204 puta-

1909 5235 2050 5290 ntus,
2097 5227 2228 5291 nisi,
2278 5227 2441 5281 veluti
2492 5208 2802 5294 inferiores,
2857 5235 3181 5295 praestantes
3236 5235 3495 5289 naturas,

1907 5323 2021 5376 sive
2053 5322 2294 5386 ordines,
2335 5336 2475 5391 quos
2513 5318 2613 5372 viri
2648 5317 2840 5373 labore
2864 5328 3210 5382 meruerunt,
3245 5319 3362 5372 sive
3390 5315 3481 5375 de-

1910 5430 2054 5468 mum
2080 5414 2220 5482 apud
2243 5429 2343 5468 nos
2370 5413 2562 5469 salutis
2593 5413 2896 5483 operarios,
2919 5412 3114 5472 merito
3141 5410 3498 5477 veneremur,

1909 5506 2141 5560 servatis
2175 5514 2351 5560 tamen
2365 5503 2670 5569 servandis,
2695 5519 2791 5558 eos
2809 5504 2956 5557 enim
2984 5501 3488 5573 prrepotentesvel-

1910 5599 1986 5654 uti
2031 5599 2167 5652 Deos
2205 5606 2258 5652 et
2295 5598 2571 5664 Dominos,
2661 5611 2765 5650 non
2817 5596 3068 5652 colimus.
3117 5595 3254 5651 Cum
3304 5603 3496 5650 autem

1911 5693 2003 5746 tali
2032 5692 2285 5759 superbia
2310 5701 2366 5744 tu
2385 5690 2531 5744 solus
2544 5703 2831 5750 accensus,
2851 5703 2972 5758 qua:
2994 5678 3154 5758 agere
3182 5689 3339 5756 cupis
3371 5697 3490 5741 tam

1911 5792 2134 5855 repente
2164 5783 2441 5845 statueris,
2499 5793 2652 5844 tunc,
2681 5781 2834 5851 juxta
2883 5780 3156 5838 thronum-
3201 5783 3310 5838 Deo
3357 5794 3492 5835 ere-
