4104 6322
213 372 319 438 86l

215 487 291 538 Σὺ
315 484 357 538 δ’
378 484 560 548 ἐξελοῦ
595 504 660 556 με
696 487 794 556 τῆς
825 487 1180 556 Παλαμναίας
1209 485 1438 558 πλάνης,

217 579 482 630 Κάκεῖνον
513 577 677 631 αὑτοῦ
710 579 811 648 τῆς
847 581 966 648 μεθ’
997 579 1183 642 αὐτοῦ,
1212 578 1415 650 Χριστέ
1447 597 1572 648 μου,

215 666 390 734 Τριὰς
420 665 580 733 μονὰς
616 668 818 736 πράσου
850 684 916 736 με
958 666 1052 720 σοῦ
1085 670 1250 739 μόνης
1281 669 1506 738 λάτρην,

215 850 288 903 de
351 847 580 903 Palamin
635 863 819 902 errore
868 848 1006 901 educ
1078 863 1184 910 me,
1246 846 1520 900 Palamam
1583 845 1785 915 ipsum.

215 939 432 994 Christe
450 941 541 1006 mi,
559 955 588 994 a
612 940 851 1009 nequitia
883 954 1032 994 erue.
1067 938 1303 993 Trinitas
1326 940 1379 992 in
1405 936 1609 992 unitate
1628 938 1773 992 salva

1373 376 1814 437 GRAECORUM
1852 378 2329 439 SENTENTL’E.

1815 499 1868 558 Δ

3359 368 3477 441 alia

1894 485 1972 561 τῌ
2008 492 2159 544 πᾶσα
2191 491 2565 561 προσκύνησις
2596 493 2660 545 ὲκ
2689 489 2910 544 πάντων
2938 491 3074 562 μόνῃ

1895 583 2003 634 Καὶ
2030 580 2178 645 δόξα,
2208 583 2301 636 καὶ
2334 581 2620 652 λάτρευσις
2653 585 2732 646 εἰς
2792 583 2938 637 ἅπαν
2969 583 3170 650 πρέπει

1895 862 2002 910 me,
2037 845 2114 900 tui
2147 845 2320 901 solius
2343 846 2678 900 adoratorem
2708 861 2720 897 :
2753 853 2804 897 te
2832 843 3000 898 solam
3032 842 3208 897 omnis
3228 840 3470 896 adoratio

1885 937 2059 999 decet,
2093 946 2145 990 et
2179 936 2370 1006 gloria,
2396 944 2443 991 et
2479 934 2724 990 adoratio
2755 934 2814 987 in
2844 934 3063 988 saecula.

1094 1299 1298 1465 .EX
1377 1293 1890 1408 LEONIS
1995 1297 2566 1410 ALLATII

1465 1521 2105 1583 DISSERTATIONE
2137 1522 2191 1582 ll

929 1701 1046 1761 DE
1107 1695 1387 1760 LIBRIS
1451 1693 2156 1757 ECCLESIASTICIS
2238 1694 2752 1758 GR/ECORUM.

292 2015 448 2070 Plura
505 2012 558 2066 in
604 2011 711 2066 hoc
754 2007 1012 2080 synodico
1061 2006 1237 2062 notari
1271 2006 1576 2076 'poterant.
1643 2007 1779 2082 Quia

1895 2023 2016 2063 nere
2043 2016 2408 2078 compactam,
2443 2005 2628 2076 πηγὴν
2656 2006 2927 2075 βρύουσαν
2975 2004 3220 2074 ἰαμάτων
3254 2008 3469 2075 νάματα

213 2116 402 2172 tamen
436 2103 620 2158 omnia
660 2115 725 2156 eo
756 2097 1074 2168 respiciunt,
1109 2106 1170 2150 ut
1210 2095 1358 2151 illius
1387 2095 1642 2152 Ecclesiae
1672 2097 1790 2151 fau-

215 2209 374 2250 tores
423 2204 612 2249 contra
667 2190 966 2244 Romanam
1000 2188 1318 2252 Ecclesiam,
1376 2195 1633 2257 tanquam
1688 2189 1790 2242 viri

213 2286 403 2357 probi,
437 2295 492 2340 et
536 2283 821 2339 orthodoxi
872 2264 1125 2335 omnibus
1167 2279 1372 2334 Christi
1416 2279 1685 2341 ﬁdelibus,
1737 2288 1792 2335 et

216 2377 503 2439 laudandi,
537 2383 591 2429 et
621 2371 869 2427 imitandi
899 2380 1295 2440 proponantur,
1333 2383 1440 2422 non
1476 2378 1560 2422 est
1590 2373 1643 2421 in
1682 2369 1792 2424 illis

217 2465 575 2521 recensendis
603 2463 810 2517 diutius
839 2461 1240 2514 immorandum
1273 2476 1286 2511 :
1319 2472 1494 2526 eoque
1519 2460 1791 2528 principue

218 2556 369 2625 quod
416 2557 469 2610 in
501 2556 616 2608 haec
657 2568 848 2607 novem
877 2552 1052 2620 capita
1094 2551 1277 2605 omnia
1316 2550 1504 2606 referri
1537 2563 1788 2620 possunt.

216 2650 404 2716 Quare
435 2657 630 2702 cetera
659 2659 1101 2716 prosequamur.‘

303 2740 502 2794 Sextus
532 2738 716 2806 itaque
742 2751 898 2792 error
944 2743 1050 2800 est,
1079 2749 1237 2803 quem
1275 2733 1593 2789 Philotbeus
1623 2735 1794 2802 patri-

217 2829 391 2884 archa
419 2825 1081 2895 ConstantinOpolitanus,
1107 2833 1168 2878 ut
1195 2823 1452 2879 factionis
1482 2839 1594 2878 sua:
1622 2824 1794 2877 homi-

216 2932 351 2973 nem
393 2917 669 2972 laudando
708 2914 1060 2986 Opinionibus
1106 2929 1323 2982 quoque
1353 2913 1490 2974 suis,
1531 2927 1595 2966 ac
1628 2913 1796 2966 haere-

217 3011 378 3065 sibus
401 3011 780 3063 auctoritatem
805 3007 1047 3068 adderet,
1073 3006 1126 3058 in
1151 3003 1451 3058 Ecclesiam
1477 3003 1789 3058 Graecorum

220 3099 465 3155 intrusit.
497 3099 617 3168 Ipse
656 3097 800 3152 enim
838 3095 1085 3165 exemplo
1115 3109 1255 3147 novo
1301 3093 1576 3148 hominem
1611 3093 1780 3146 haere-

223 3205 360 3245 seon
434 3196 936 3260 prepugnatorem,
1011 3193 1406 3255 proptereaque
1478 3194 1791 3238 accusatum

222 3282 392 3338 etiam
443 3289 498 3335 et
542 3279 961 3334 condemnatum
1006 3291 1034 3330 a
1082 3276 1378 3346 plerisque,
1421 3276 1474 3328 in
1527 3275 1788 3345 Spiritum

1898 2102 2107 2163 πιστοῖς
2151 2098 2357 2154 fontem
2395 2097 2780 2153 scaturientem
2829 2095 3127 2150 sanitatum
3178 2096 3380 2150 ﬂuenta
3421 2100 3476 2150 li-

1895 2189 2141 2256 delibus,
2204 2187 2532 2257 Ἑκκλησίας
2576 2187 2919 2253 διδάσκαλον,
2969 2188 3226 2242 Ecclesia:
3267 2189 3476 2258 magis-

1895 2287 2064 2346 trum,
2099 2278 2278 2348 φωτδς
2301 2277 2449 2331 Θείου
2481 2277 2720 2347 κήρυκα,
2752 2277 2976 2332 luminis
3006 2277 3176 2331 divini
3211 2278 3475 2332 buccina—

1897 2386 2091 2435 torem,
2128 2371 2542 2441 οὐρανομύστην
2565 2368 2666 2438 τῆς
2695 2369 2957 2439 Τριάδος.
3001 2371 3279 2424 cmlestem
3317 2369 3478 2424 Tria-

1895 2464 1980 2518 dis
2009 2470 2262 2533 mystem,
2283 2463 2548 2532 φωστῆρα
2575 2460 2914 2533 ὀρθοδοξίας,
2950 2473 3113 2514 recta:
3139 2461 3262 2514 ﬁdei
3287 2462 3473 2530 splen-

1896 2555 2105 2619 dorem,
2154 2555 2482 2624 Ἐκκλησίας
2529 2554 2812 2622 στήριγμα
2853 2553 2950 2604 καὶ
2996 2552 3339 2616 διδάσκαλον,
3371 2553 3473 2607 Ec-

1896 2648 2076 2702 clesiae
2105 2647 2338 2700 fulcrum
2370 2652 2423 2700 et
2451 2644 2794 2712 magistrum,
2839 2645 3059 2712 κήρυκα
3095 2642 3193 2710 τῆς
3227 2644 3477 2712 χάριτος,

1895 2752 2204 2808 praeconem
2233 2736 2440 2804 gratiae,
2471 2735 2662 2788 στῦλον
2692 2735 2793 2803 τῆς
2818 2733 3087 2799 πίστεως,
3149 2733 3274 2788 tidei
3323 2734 3477 2788 colu—

1897 2843 2102 2892 mnam,
2141 2827 2401 2894 καύχημα
2448 2827 2540 2880 καὶ
2585 2825 2864 2894 στήριγμα
2902 2825 3158 2892 μέγιστον
3188 2824 3298 2876 τῶν
3320 2825 3453 2893 ὀρΟσ

1895 2919 2082 2983 δόξων,
2118 2917 2344 2986 gloriam
2395 2925 2449 2971 et
2483 2916 2779 2969 maximum
2813 2916 3246 2968 orthodoxorum
3285 2913 3473 2967 ﬁrma-

1900 3017 2164 3072 mentum,
2185 3006 2447 3074 Θεολόγον
2469 3005 2744 3076 δεύτερον,
2777 3004 3115 3072 Tlieologum
3147 3004 3474 3064 secundum.

1897 3097 2005 3149 τῶν
2056 3095 2394 3148 διδασκάλων
2450 3095 2746 3165 ἀκρότητα.
2799 3092 3184 3161 Magistrorum
3242 3093 3477 3162 apicem,

1899 3186 2166 3253 θεολόγων
2190 3185 2252 3238 τὸ
2281 3185 2476 3254 στόμα,
2508 3183 2916 3253 Theologorum
2943 3198 3029 3240 os.
3067 3181 3132 3235 Et
3159 3184 3289 3252 quid
3327 3201 3431 3237 non
3454 3184 3480 3237 3

1898 3277 2084 3332 omnia
2128 3276 2458 3331 laudationis
2505 3278 2707 3344 capita,
2741 3290 2864 3344 quae
2895 3274 3020 3330 aliis
3048 3273 3306 3329 Patribus
3337 3276 3479 3329 divi-

223 3382 501 3432 sanctum.
554 3384 616 3424 ac
671 3367 972 3424 Ecclesiam
1025 3367 1270 3421 Latinam
1327 3366 1606 3434 injurium.
1667 3381 1789 3421 cum
1822 3359 1866 3418 C
1900 3369 2004 3424 sim
2034 3369 2102 3422 ab
2128 3367 2251 3422 aliis
2280 3367 2618 3429 tribuuntur,
2653 3367 2706 3419 in
2757 3368 2904 3420 hunc
2939 3366 3116 3420 solum
3153 3365 3476 3422 Philotheus

223 3462 445 3532 scriptis
470 3459 631 3514 editis
664 3467 853 3514 contra
882 3457 1180 3514 catholicos
1205 3457 1375 3520 viros,
1402 3457 1548 3510 illius
1585 3472 1650 3509 ex
1687 3457 1790 3510 Pa-

225 3562 312 3607 tre
363 3550 479 3606 solo
535 3550 945 3619 processionem
993 3547 1314 3610 defenderit,
1366 3555 1424 3600 ut
1453 3561 1517 3600 ex
1553 3546 1673 3615 ejus
1722 3546 1791 3600 ad

223 3641 393 3698 Vecci
417 3640 808 3711 inscriptiones
841 3638 1332 3698 coniutalionibus.
1353 3638 1553 3706 quibus
1576 3637 1792 3690 abunde

219 3730 490 3788 satisfecit
533 3729 787 3785 Bessario
822 3728 1137 3792 cardinalis,
1164 3736 1220 3782 et
1254 3728 1376 3781 aliis
1418 3727 1629 3781 duabus
1659 3728 1792 3780 Ora-

219 3823 489 3885 tionibus,
539 3835 676 3890 quas
715 3822 831 3887 ipse
873 3819 1313 3878 Ἀποδεικτικοὺς
1358 3817 1541 3880 λόγους
1599 3828 1790 3870 contra

223 3913 449 3966 Latinos
481 3909 833 3975 nuncupavit,
865 3907 1090 3960 [.ondini
1116 3907 1300 3960 Graiae
1327 3906 1633 3973 publicatis.
1668 3920 1786 3957 ma-

222 4001 488 4057 nifestum
514 4010 618 4065 est,
647 4001 790 4053 inter
815 3998 967 4050 divos
996 3991 1197 4058 retulit,
1227 4004 1282 4048 et
1308 3994 1428 4062 ejus
1459 3993 1781 4047 memoriam

218 4095 399 4149 ollicio
426 4096 492 4148 dc
520 4108 663 4146 novo
700 4093 1034 4159 conscripto,
1068 4089 1216 4159 quod
1259 4090 1313 4143 in
1346 4087 1608 4143 Erclesiis
1635 4089 1786 4154 cani,

218 4183 686 4253 quemadmodum
720 4191 774 4236 et
809 4182 861 4235 in
908 4181 1139 4235 aliorum
1171 4189 1482 4233 sanctorum
1535 4179 1792 4232 solemni-

218 4271 427 4326 tatibus
453 4269 646 4332 voluit,
673 4269 986 4334 celebravit,
1013 4283 1135 4339 pag.
1160 4267 1230 4323 96
1250 4282 1304 4322 ι.
1331 4282 1380 4322 c.
1407 4283 1482 4320 ιιι.
1507 4275 1559 4321 et
1581 4282 1659 4322 ss.
1681 4265 1786 4320 Pa-

217 4364 380 4418 lamze
405 4376 536 4418 vero
589 4360 778 4415 laudes
824 4361 897 4414 ita
933 4372 1252 4429 prosecutus
1293 4365 1402 4419 est.
1435 4365 1494 4412 ut
1534 4357 1646 4426 jam
1679 4359 1789 4413 Na-

216 4454 550 4514 zianzenus,
609 4448 928 4519 Nyssenus,
998 4448 1263 4514 Basilius,
1322 4447 1791 4518 Chrysostomus,

220 4540 576 4606 Athanasius,
616 4550 916 4610 ceteraque
971 4541 1228 4596 Ecclesia:
1272 4540 1474 4595 Graeca:
1521 4542 1785 4606 culmina,

218 4632 422 4699 quibus
463 4647 586 4686 cum
632 4640 844 4686 tantum
892 4632 1068 4697 scelus
1103 4632 1415 4692 committit,
1462 4633 1595 4686 nihil
1649 4634 1781 4695 sint,

221 4723 360 4776 nihil
396 4723 450 4776 in
491 4721 742 4778 Ecclesiae
768 4722 1058 4777 utilitatem
1087 4723 1318 4794 egerint.
1355 4723 1485 4791 Pag.
1511 4726 1658 4777 enim
1687 4724 1779 4777 96.

215 4822 274 4867 et
300 4812 441 4867 infra
468 4821 626 4868 vocat
657 4828 780 4868 eum
811 4812 1250 4882 θαυματουργδν,
1284 4813 1669 4868 miraculorum
1706 4813 1786 4868 ef-

218 4903 501 4965 fectorem,
549 4903 828 4971 Θεολογίας
859 4903 1170 4968 σάλπιγγα,
1218 4902 1524 4972 ΤΙιεοΙοείιθ
1576 4903 1785 4968 tubam,

219 4993 525 5063 πυρίπνουν
575 4991 749 5059 στόμα
789 4992 889 5058 τῆς
936 4991 1158 5061 χάριτος
1212 4993 1389 5061 ignem
1441 4991 1660 5060 spirans
1725 5007 1786 5045 os

217 5085 430 5151 gratiae,
487 5081 798 5150 πνεύματος
844 5082 1069 5151 δοχεῖον,
1106 5083 1329 5147 spiritus
1355 5082 1788 5150 receptaculum,

219 5169 412 5223 στῦλον
435 5170 533 5238 τῆς
585 5169 913 5239 Ἐκκλησιας
953 5169 1308 5239 ἀχράδαντον,
1337 5170 1648 5223 columnam
1684 5170 1786 5225 Ec-

212 5260 395 5317 clesia
453 5261 869 5321 inconcussam.
929 5259 1215 5323 εὐσεϐείας
1273 5260 1623 5328 ὑπέρμαχον,
1690 5262 1785 5313 καὶ

211 5350 470 5414 ἀσεϐείας
492 5350 806 5415 ἀντίπαλον,
837 5351 1052 5419 pietatis
1082 5362 1565 5420 propugnatorem,
1592 5351 1787 5421 impie-

215 5441 346 5495 tatis
369 5447 822 5510 oppugnatorem,
860 5440 1095 5503 πίστεως
1143 5442 1479 5510 προστάτην,
1522 5442 1645 5495 fidei
1687 5441 1782 5498 de-

215 5532 510 5592 fensorem,
550 5532 726 5601 μέγαν
771 5531 1124 5601 καθηγεμόνα
1169 5533 1261 5585 καὶ
1295 5533 1636 5600 διδάσκαλον,
1671 5549 1784 5586 ma-

214 5638 384 5693 gnum
439 5623 632 5679 ducem
684 5634 741 5680 et
794 5626 1132 5695 magistrum,
1184 5627 1354 5695 λύραν
1406 5626 1776 5694 παναρμόνιον

219 5713 529 5784 πνεύματος
568 5715 793 5784 spiritus
827 5717 993 5787 lyram
1044 5718 1191 5770 omni
1246 5717 1655 5774 harmoniarum
1691 5735 1781 5789 ge-

1900 3459 2001 3514 iste
2032 3458 2330 3528 congessit.
2356 3458 2423 3513 Et
2457 3472 2526 3512 ne
2573 3458 2847 3513 videretur
2877 3457 3045 3511 etiam
3092 3457 3230 3511 divas
3264 3459 3479 3528 Virgini

1897 3547 2147 3611 inferior,
2179 3548 2444 3616 hymnum
2479 3547 2555 3601 illi
2603 3562 2819 3602 sacrum
2841 3587 2858 3610 ,
2902 3557 2956 3602 et
2990 3547 3204 3601 recitari
3252 3548 3476 3601 solitum

1896 3638 1953 3694 in
1995 3637 2174 3693 oliicio
2205 3637 2471 3693 Acathisti
2522 3638 2602 3692 sic
2631 3637 2793 3702 dicti,
2833 3637 2977 3704 quod
3008 3652 3282 3706 nunquam
3320 3639 3374 3690 in
3410 3652 3479 3692 eo

1896 3729 2172 3792 sedeatur,
2203 3729 2274 3782 ob
2300 3729 2655 3783 reverentiam
2687 3727 2953 3798 Deipam,
2980 3729 3136 3797 cujus
3161 3730 3351 3783 laudes
3381 3745 3484 3798 pro

1899 3816 2181 3872 beneﬁciis
2229 3819 2468 3887 acceptis
2508 3819 2810 3872 recitantur
2874 3833 2998 3887 pag.
3052 3818 3154 3872 158
3186 3819 3240 3882 Ii,
3273 3834 3321 3872 c.
3356 3834 3394 3881 ι,
3435 3820 3474 3874 f.

1897 3904 2024 3958 inde
2046 3889 2324 3971 avulsum,
2364 3917 2420 3961 et
2456 3907 2646 3976 paucis
2677 3907 3005 3968 immutatis,
3036 3923 3133 3976 per
3165 3907 3474 3975 parodiam,

1897 3994 1952 4049 in
1997 3997 2144 4050 hunc
2175 3995 2477 4058 Palamam,
2528 4013 2632 4052 non
2686 3999 2806 4053 sine
2851 3998 3092 4053 maxima
3147 3997 3471 4054 temeritatis

1897 4097 2036 4144 nota
2078 4091 2402 4145 transvexit.
2441 4091 2708 4147 Praeterea
2749 4092 2804 4145 in
2850 4092 2970 4162 ejus
2998 4090 3321 4161 Synaxario,
3372 4093 3466 4146 ubi

1897 4178 2133 4234 Palama:
2161 4181 2328 4234 vitam
2361 4182 2750 4249 compendiose
2779 4182 3120 4249 exsequitur,
3157 4181 3298 4234 inter
3333 4182 3467 4246 alia,

1897 4271 2027 4324 dum
2069 4271 2189 4338 ejus
2223 4273 2277 4326 in
2328 4272 2629 4327 liirresibus
2669 4274 3070 4343 oppugnandis,
3123 4288 3186 4326 ac
3224 4272 3329 4327 fide
3379 4288 3476 4328 ca-

1893 4361 2097 4414 tholica
2141 4365 2486 4432 propaganda
2537 4365 2778 4418 studium
2826 4370 3051 4429 narrat,
3104 4365 3245 4418 nihil
3292 4365 3469 4429 aliud,

1893 4453 1999 4506 nisi
2057 4454 2202 4508 illius
2243 4457 2295 4507 in
2342 4453 2641 4510 Romanam
2687 4453 2992 4510 Ecclesiam
3051 4456 3364 4524 machinas,
3412 4458 3472 4513 in

1895 4543 2120 4599 Latinos
2151 4545 2298 4607 odia,
2327 4560 2426 4614 pro
2456 4547 2768 4601 asserendis
2795 4545 3107 4601 Graecorum
3143 4549 3430 4603 erroribus
3453 4590 3471 4615 ,

1893 4649 1957 4689 ac
1988 4635 2096 4689 illis
2129 4635 2541 4696 conﬁrmandis,
2578 4636 2890 4690 evertendis
2921 4635 3243 4690 Latinorum
3272 4636 3476 4690 verita-

1894 4722 2060 4785 tibus,
2094 4733 2150 4776 et
2191 4723 2465 4791 praecipue
2496 4719 2565 4776 de
2611 4725 2964 4792 processione
3005 4723 3241 4792 Spiritus
3293 4726 3472 4780 sancti

1894 4827 1959 4864 ex
1988 4811 2147 4866 Patre
2189 4821 2246 4866 et
2275 4814 2412 4866 h‘ilin
2442 4828 2686 4881 operam,
2733 4816 2834 4868 etsi
2891 4816 3116 4870 subdole
3147 4817 3369 4868 nomina
3418 4827 3475 4870 et

1893 4902 2340 4956 circumstantias
2363 4911 2558 4967 taceat,
2583 4905 2837 4972 proponit
2869 4919 2990 4975 pag.
3021 4904 3089 4959 98
3109 4947 3122 4969 ,
3158 4921 3250 4974 per
3283 4915 3473 4962 tutam.

1896 4990 2129 5047 Palamas
2156 5003 2451 5062 prasterea.
2478 5007 2599 5063 quin
2632 4995 2750 5062 ipse
2782 4995 2836 5048 in
2886 4996 3108 5049 Latinos
3137 4996 3204 5050 de
3236 4996 3476 5064 Spiritus

1884 5084 2070 5138 'sancti
2116 5084 2505 5153 processionne
2529 5083 2746 5149 eﬂutiit,
2794 5086 2930 5139 alias
2960 5085 3320 5156 inTheOIOgia
3362 5096 3477 5138 tia--

1900 5188 2050 5227 reses
2099 5184 2157 5228 et
2200 5174 2455 5243 ineptias,
2504 5191 2708 5244 easque
2757 5178 3194 5246 quamplurimas
3239 5193 3306 5230 ex
3355 5183 3477 5241 ejus

1897 5262 2118 5330 scriptis
2153 5264 2411 5318 collectas
2441 5264 2548 5318 late
2578 5266 2932 5335 prosequitur
2965 5268 3145 5322 libello
3177 5265 3244 5320 de
3277 5266 3382 5320 hac
3414 5283 3471 5320 re

1895 5357 2040 5410 edito
2067 5356 2373 5412 Demctrids
2401 5357 2696 5429 Cydonius.
2743 5359 2924 5425 Quare
2958 5361 3043 5412 hic
3073 5359 3227 5428 plura
3263 5357 3475 5412 referre

1893 5449 2244 5517 supersedeo.
2281 5449 2530 5504 Andreas
2557 5452 2718 5506 etiam
2765 5452 3112 5507 (Iolossensis
3153 5451 3380 5519 Dialogo
3414 5466 3471 5504 in

1892 5538 2059 5593 Marci
2092 5539 2352 5610 Epltesini
2384 5543 2692 5610 epistolam.
2737 5554 2930 5597 contra
2967 5543 3104 5597 ritus
3135 5541 3461 5596 Latinorum

1887 5632 2179 5688 nonnullas
2211 5632 2442 5701 hujusce
2469 5634 2699 5690 Palamae
2734 5639 2785 5688 in
2815 5651 2985 5689 unum
3013 5634 3230 5704 collegit
3258 5648 3466 5703 pravas

1896 5731 1947 5779 ct
1974 5737 2003 5777 a
2029 5721 2130 5778 title
2153 5723 2421 5779 catholica
2443 5725 2646 5780 alienas
2665 5727 2990 5792 sententias,
3015 5740 3151 5795 quas
3178 5725 3266 5781 hic
3299 5732 3474 5778 trans-
