4104 6322
625 335 733 397 863

1798 333 1895 394 DE
1928 330 2329 393 GREGORIO
2370 332 2677 399 PALAMA

3783 328 3902 391 δτι

628 449 858 516 cribam,
890 448 1013 517 quia
1055 447 1190 503 liber
1224 462 1329 502 non
1372 436 1624 504 omnibus
1665 456 1830 517 patet.
1869 466 1886 498 ι
1920 446 2189 501 Praeterea

2317 444 2657 515 νῆ”ἰωάννης
2680 444 2817 513 ἐλέῳ
2835 442 2970 495 Θεοῦ
2991 442 3422 512 ἀρχιεπίσκοπος
3439 443 3900 496 Κωνσταντινου-

632 555 754 594 cum
791 541 978 595 Patres
1012 540 1087 594 tui
1125 550 1177 594 te
1210 538 1462 606 Ephesiis
1495 540 1545 592 in
1580 540 1867 605 prrcsulem
1920 537 2197 607 praeﬁcere

632 635 863 695 vellent,
915 650 1023 687 non
1061 633 1211 703 prius
1238 632 1507 702 pontiﬁcis
1549 631 1807 700 dignitate
1845 637 2194 693 ornaverunt,

632 740 796 787 quam
828 723 1179 792 jurejurando
1213 724 1488 793 pollicitus
1517 721 1706 782 fueris,
1742 732 1799 773 ut
1831 734 1952 789 quae
1986 718 2198 787 Grego-

637 816 749 868 tius
784 812 1000 867 Palama
1053 814 1105 868 in
1138 830 1235 868 sua
1279 814 1516 868 editione
1562 828 1721 881 quam
1758 811 1966 875 Tomou
2017 812 2198 867 nomi-

633 908 802 968 navit,
854 906 1045 960 edocet
1082 905 1381 959 indubitata
1418 906 1517 959 lide
1553 905 1881 972 susciperes,
1921 918 1982 957 ac
2009 902 2200 957 defen-

632 1012 806 1051 sares.
844 996 936 1050 llle
962 1006 1143 1051 autem
1185 998 1324 1053 inter
1370 1008 1594 1051 caeteras
1642 997 1985 1065 blasphemas
2040 994 2199 1049 diﬂ'e-

635 1088 856 1150 rcntias,
885 1102 1020 1156 quas
1060 1094 1312 1143 essentia:
1341 1089 1560 1154 divinaa,
1593 1099 1644 1142 et
1686 1091 1799 1145 suis
1835 1088 2074 1158 energiis
2117 1088 2196 1141 l'a-

635 1175 887 1238 hricavit,
915 1178 1012 1231 has
1044 1178 1205 1231 etiam
1234 1176 1463 1243 addidit,
1492 1188 1550 1233 ut
1578 1181 1760 1234 divina
1789 1182 2019 1234 essentia
2049 1194 2203 1233 crea-

637 1278 773 1323 turae
824 1271 1065 1323 minimae
1108 1274 1526 1340 appropinquat,
1582 1271 1727 1339 quod
1781 1272 1998 1339 energia
2052 1270 2199 1325 facit.

634 1360 767 1415 Nam
814 1363 861 1417 si
912 1364 1093 1417 divina
1140 1362 1421 1431 majestas,
1472 1373 1529 1417 ut
1558 1365 1651 1426 ait,
1700 1374 1965 1417 creatura:
1989 1362 2201 1431 junge-

636 1462 805 1515 retur,
838 1454 1009 1521 ipsam
1042 1453 1270 1507 omnino
1300 1454 1629 1507 absumeret.
1659 1455 1889 1519 Encrgia
1919 1468 2047 1506 vero
2074 1468 2203 1521 pro-

634 1543 779 1596 xime
805 1542 944 1597 facta
977 1542 1246 1611 quoddam
1275 1552 1763 1611 temperamentum
1794 1542 1946 1607 facit,
1982 1552 2201 1612 propte-

639 1648 729 1688 rea
754 1642 807 1687 et
833 1635 1005 1701 ipsam
1029 1634 1315 1695 inhabitat,
1342 1636 1633 1699 illuminat,
1657 1636 1845 1699 docet,
1876 1634 2199 1700 Sanctiﬁcat,

638 1734 801 1793 atque
832 1724 1069 1791 deiﬁcat,
1110 1741 1230 1792 qua:
1262 1740 1291 1777 a
1328 1726 1511 1779 divina
1547 1726 1806 1788 essentia,
1861 1734 1918 1778 ut
1952 1725 2066 1794 ipse
2098 1726 2201 1778 ﬁn-

638 1814 736 1881 git,
771 1814 1037 1880 proﬁcisci
1064 1814 1286 1868 minime
1313 1823 1562 1883 possunt.
1590 1814 1722 1867 Item
1746 1814 2020 1883 energiam
2044 1814 2200 1879 dicit,

634 1913 938 1957 extremum
974 1904 1207 1957 hominis
1236 1905 1417 1968 ﬁnem,
1446 1905 1814 1959 baarcditatem
1845 1905 2197 1967 Sanctorum,

636 2008 1021 2063 summamque
1068 1994 1412 2049 felicitatem.
1468 1994 1590 2048 Haec
1638 2008 1668 2049 a
1721 1992 1905 2048 divina
1961 1996 2199 2049 essentia

637 2084 1105 2149 prorsus'adimit.
1142 2083 1329 2137 Solum
1377 2085 1599 2141 Deitatis
1648 2101 1845 2140 nomen
1882 2087 2016 2140 dicit
2066 2086 2201 2155 ipsis

635 2192 757 2231 esse
792 2192 1102 2230 commune.
1147 2177 1198 2231 Si
1238 2178 1398 2248 igitur
1439 2179 1531 2232 illa
1560 2194 1771 2232 summa
1824 2177 2002 2232 Deitas
2044 2192 2110 2232 ex
2146 2191 2205 2232 se

635 2270 779 2321 inter
807 2281 915 2321 non
955 2270 1098 2323 entia
1132 2279 1491 2324 numeratur:
1516 2272 1562 2325 si
1598 2286 1813 2324 omnem
1838 2270 2122 2324 eutitatem
2150 2278 2209 2323 et

635 2356 1009 2411 excellentiam
1040 2357 1108 2412 ab
1143 2358 1267 2413 aliis
1297 2358 1529 2427 accipit;
1559 2359 1605 2413 si
1641 2369 1906 2413 creatura:
1947 2359 2204 2412 inacceso

637 2451 834 2513 sibilis,
888 2450 933 2506 si
983 2452 1351 2520 propinquare
1387 2452 1543 2508 nobis
1589 2452 1707 2506 sine
1751 2462 1936 2506 nostro
1978 2451 2202 2505 interitu

638 2549 905 2607 nequeat;
929 2538 974 2593 si
1003 2554 1109 2593 non
1132 2539 1310 2604 docet,
1337 2556 1436 2594 nec
1456 2540 1745 2605 illuminat,
1769 2552 1860 2595 aut
1878 2542 2205 2605 sanctiﬁcat,

638 2632 683 2683 si
719 2630 843 2686 linis
877 2645 983 2684 non
1017 2640 1123 2696 est,
1160 2645 1327 2701 quem
1359 2632 1617 2687 omnibus
1649 2631 1965 2686 hominibus
2010 2641 2204 2687 natura

638 2720 852 2786 indixit,
892 2730 1188 2776 vana'sunt
1227 2722 1390 2793 igitur
1425 2723 1717 2789 sacriﬁcia,
1771 2739 1890 2793 quae
1920 2724 1994 2777 illi
2028 2724 2210 2779 offeri-

636 2828 781 2877 mus,
819 2813 895 2867 nil
926 2823 1152 2881 prosunt
1192 2828 1404 2884 preces,
1455 2815 1530 2869 nil
1562 2815 1833 2885 lacrymzn,
1881 2815 2045 2869 nullm
2079 2816 2209 2869 reli-

638 2904 807 2973 giosre
864 2904 1225 2958 observantiae
1281 2905 1611 2960 Christianis
1670 2906 1886 2974 populis
1943 2905 2211 2975 proﬁcere

637 3000 891 3060 possunt.
942 2989 1097 3045 Unde
1144 3001 1197 3047 et
1232 2992 1393 3045 aliam
1428 2993 1583 3047 ﬁdem
1622 3007 1866 3062 quaerere
1911 2993 2206 3062 oportebit,

2302 538 2512 599 πόλεως
2531 538 2655 600 νέας
2690 535 2930 605 Ῥώμης,
2952 538 3047 590 καὶ
3083 535 3467 603 οἰκουμενικδς
3507 536 3898 604 πατριάρχης.

2306 650 2324 683 ι
2367 629 2642 683 Palamam
2699 637 2753 682 et
2785 628 2933 682 illius
2982 636 3301 691 sectatores,
3364 637 3419 680 et
3451 627 3636 681 omnia
3692 642 3901 681 eorum

2303 722 2472 792 impia
2509 720 2781 792 dogmata,
2812 719 2895 772 vel
2931 718 3116 773 verius
3146 728 3500 787 nugamenta,
3536 734 3767 773 necnon
3803 719 3905 773 de—

2304 813 2584 875 fensores,
2640 820 3113 881 promtgnatores,
3171 821 3610 879 exceptoresque
3671 825 3906 874 eorum,

2303 920 2426 975 qua:
2456 905 2508 958 in
2554 914 2701 959 torno
2731 904 3073 971 digeruntur,
3106 903 3409 954 secundum
3444 914 3638 955 eorum
3667 886 3907 967 exposi-

2305 999 2547 1060 tionem,
2603 996 2714 1049 imo
2769 994 3229 1061 vaniloquentiam
3262 1032 3276 1056 ,
3324 1002 3379 1047 et
3426 1008 3534 1057 non
3582 994 3906 1047 secundum

2304 1104 2525 1144 sensum
2558 1087 2822 1149 divinum,
2870 1096 2923 1140 et
2968 1085 3363 1150 orthodoxum,
3425 1093 3480 1137 et
3526 1093 3587 1137 ut
3638 1082 3911 1136 Ecclesia:

2305 1180 2534 1244 lumina,
2563 1187 2615 1232 et
2642 1176 2907 1247 magistri,
2942 1189 3176 1243 quorum
3212 1189 3312 1228 nos
3344 1174 3595 1242 vestigiis
3628 1172 3906 1226 insisten-

2308 1280 2408 1332 tes,
2459 1277 2513 1321 et
2558 1267 2863 1323 sententias
2916 1275 3226 1336 sequentes,
3276 1274 3591 1319 sanctorum
3633 1265 3792 1316 dicta
3848 1264 3905 1315 in

2306 1370 2452 1416 tomo
2483 1359 2815 1430 digessimus
2843 1376 2855 1411 :
2887 1368 2942 1412 et
2971 1374 3165 1412 omnes
3189 1369 3409 1426 propter
3446 1358 3569 1419 hoc,
3607 1355 3766 1424 quod
3809 1370 3907 1408 eo-

2305 1466 2421 1506 rum
2467 1458 2791 1519 nugamenta
2831 1464 2937 1503 non
2974 1457 3347 1517 acceptamus,
3395 1462 3632 1515 quorum
3674 1457 3901 1513 partem

2306 1547 2407 1617 ipsi
2438 1546 2599 1601 nobis
2627 1545 3071 1603 transmiserunt,
3103 1558 3226 1610 pars
3261 1540 3329 1595 ab
3360 1541 3480 1594 aliis
3504 1542 3763 1593 nuntiata
3788 1547 3900 1595 est.

2307 1637 2397 1706 qui
2436 1638 2549 1691 ausi
2584 1648 2711 1691 sunt
2740 1644 2927 1688 contra
2966 1648 3226 1693 canenes,
3261 1640 3313 1684 et
3346 1634 3462 1687 sine.
3498 1631 3710 1697 judicio
3743 1644 3903 1683 com-

2308 1730 2752 1783 memorationem
2816 1742 2990 1779 meam
3043 1726 3385 1785 exscindere,
3422 1724 3673 1784 viviﬁcze,
3714 1732 3776 1775 et
3818 1722 3904 1776 di-

2305 1822 2444 1875 vina:
2494 1820 2711 1875 Triadis
2764 1818 2983 1872 vinculo
3038 1817 3383 1885 subjicimus,
3429 1826 3483 1869 et
3534 1816 3903 1868 anathemate

2308 1911 2555 1965 ferimus.
2605 1910 2984 1979 Subseriptio:
3022 1906 3264 1962 Joannes
3300 1906 3657 1961 miseratione
3710 1905 3902 1958 divina

2309 2001 2749 2070 archiepiscopus
2777 1998 3452 2066 Constantinopolitauus,
3487 2012 3645 2049 nova:
3678 1993 3901 2055 Romae,

2310 2104 2363 2148 et
2423 2092 2795 2147 mcumenicus
2854 2090 3232 2159 patriarcha.»
3286 2088 3350 2141 Et
3382 2089 3494 2141 haec
3541 2087 3679 2141 satis
3719 2086 3899 2140 videri

2312 2191 2567 2255 poterunt
2603 2183 2667 2235 ad
2702 2197 2798 2236 eos
2849 2182 2998 2249 ipsos
3037 2180 3385 2240 refellendos,
3423 2177 3514 2237 ani
3568 2177 3709 2229 adeo
3742 2178 3903 2228 inve-

2312 2274 2548 2329 recunde
2591 2271 2864 2326 Palamam
2912 2270 3052 2322 inter
3093 2282 3315 2321 sanctos
3345 2267 3641 2327 collocant,
3688 2272 3747 2319 et
3782 2262 3904 2333 ejus

2313 2367 2499 2421 laudes
2544 2366 2611 2419 ab
2640 2363 2884 2433 ejusdem
2927 2369 3069 2414 notae
3108 2360 3450 2422 hominibus,
3484 2373 3708 2411 summo
3754 2357 3901 2411 [astu

2314 2458 2707 2524 mendacioque
2763 2454 3128 2521 conscriptas,
3200 2453 3253 2504 in
3320 2451 3563 2505 Ecclesia
3640 2449 3898 2503 recitant.

2311 2549 2446 2603 Cum
2480 2562 2610 2601 vero
2639 2547 2754 2616 ejus
2780 2546 3040 2603 haereses,
3065 2541 3209 2610 quod
3244 2541 3389 2594 illius
3452 2550 3503 2593 et
3530 2540 3900 2595 sectariorum

2314 2641 2433 2695 libri
2470 2654 2578 2707 prae
2612 2638 2866 2691 manibus
2899 2650 3007 2688 non
3036 2634 3169 2698 sint,
3209 2647 3315 2686 non
3355 2632 3618 2687 omnibus
3652 2639 3900 2701 pateant,

2313 2748 2381 2787 ne
2410 2734 2510 2786 nos
2533 2730 2623 2784 tali
2658 2730 2773 2783 viro
2792 2727 2994 2796 injuste
3014 2728 3249 2781 haereses
3272 2725 3566 2793 appingere
3584 2723 3898 2787 videamur,

2313 2838 2502 2877 earum
2535 2830 2767 2890 partem,
2798 2835 2862 2874 ex
2895 2819 3042 2872 illius
3088 2815 3601 2884 :evi‘scriptoribns,
3648 2813 3897 2867 nondum

2313 2911 2491 2975 editis,
2526 2924 2623 2963 nec
2656 2908 2730 2963 ita
2760 2908 2816 2961 in
2850 2916 3128 2976 promptu,
3156 2904 3246 2959 hic
3274 2918 3637 2973 appouemus.
3662 2903 3901 2957 Nomina

2315 3002 2553 3056 nondum
2586 3000 2760 3069 reperi
2790 3016 2805 3052 :
2837 2999 2988 3054 acuti
3021 3006 3203 3053 tamen
3239 3004 3370 3052 sunt
3398 3035 3413 3061 ,
3461 3004 3515 3050 et
3556 2996 3900 3065 argumentis

641 3095 692 3138 et
716 3098 909 3137 novam
936 3084 1250 3150 religionem
1279 3085 1483 3138 videre.
1511 3084 1641 3149 Quae
1664 3086 1847 3139 omnia
1872 3086 2034 3139 etiam
2061 3088 2211 3155 ipsos
2238 3095 2281 3152 α
2316 3093 2381 3145 ad
2433 3089 2776 3160 probandum
2812 3088 3145 3143 ﬁrmissimis
3193 3085 3571 3141 adversarium
3615 3086 3897 3155 jugulant.

640 3177 915 3228 dmmones
966 3183 1185 3240 terrent,
1223 3191 1345 3227 cum
1378 3176 1477 3244 ipsi
1530 3176 1681 3228 illum
1723 3174 1890 3228 Deum
1936 3188 2104 3228 unum
2158 3182 2212 3229 et

638 3264 816 3318 solum
845 3266 1090 3328 credant,
1132 3275 1187 3321 et
1216 3266 1662 3321 contremiscam.
1698 3287 1716 3319 ι
1761 3265 2049 3332 Quomodo
2082 3281 2215 3335 ergo

638 3358 915 3412 hominem
950 3356 1239 3424 nefarium,
1288 3360 1538 3429 impium,
1580 3360 1919 3417 hatreticutn.
1961 3358 2214 3414 Turcica:

640 3447 851 3502 libidini
870 3449 1199 3515 expositum,
1223 3446 1553 3518 infandaque
1576 3465 1817 3521 passum,
1842 3450 1888 3505 si
1910 3466 2035 3504 vera
2057 3451 2215 3505 nobis

642 3549 828 3594 narrat
873 3539 1165 3608 Gregoras,
1209 3551 1263 3596 et
1299 3542 1366 3595 ab
1416 3541 1709 3596 universali
1757 3542 2073 3597 Graecorum
2116 3542 2217 3599 Ec-

640 3631 830 3695 clesia,
880 3631 1045 3684 etiam
1090 3630 1218 3685 dum
1259 3633 1479 3694 viveret,
1517 3632 1718 3686 frustra
1752 3634 2075 3688 conantibus
2117 3634 2218 3688 im-

646 3722 994 3788 peratoribus
1029 3722 1681 3791 Constantinopolitanis,
1720 3736 1907 3779 coacta
1941 3727 2153 3797 synodo
2186 3741 2216 3779 a

644 3812 974 3879 patriarchis
1001 3813 1342 3867 Antiocheno
1377 3813 1603 3884 lgnatio,
1637 3824 1690 3869 ct
1722 3815 2218 3885 Constantinopoli-

643 3916 771 3959 tano
822 3904 1052 3970 Joanne,
1106 3921 1213 3959 non
1260 3917 1478 3977 propter
1525 3907 1580 3961 in
1636 3906 1860 3963 Latinos
1905 3908 2073 3969 dicta.
2123 3908 2218 3964 sed

644 3996 1080 4067 quatnplurimos
1122 3996 1255 4051 alios
1292 3996 1346 4050 in
1394 3997 1495 4051 ﬁde
1528 4013 1746 4053 errores
1789 4000 2120 4053 anathemati
2168 4008 2223 4053 et

644 4088 1196 4143 excommunicationi
1252 4088 1600 4159 subjectum,
1657 4091 1793 4145 adeo
1850 4093 2000 4159 pium
2061 4090 2222 4146 nobis

646 4181 793 4236 illius
820 4190 1120 4236 sectatores
1153 4189 1483 4250 proponunt.
1508 4181 1735 4236 Tomum
1762 4181 1952 4251 lgnatii
1980 4185 2031 4237 in
2058 4184 2223 4237 Pala-

648 4286 816 4339 mam,
879 4273 1003 4339 quia
1068 4273 1331 4340 prolixior
1388 4284 1492 4334 est.
1550 4284 1809 4343 przetcreo
1849 4276 1872 4329 :'
1906 4275 2214 4329 breviorem

645 4366 872 4421 Joannis
934 4366 1024 4419 hic
1081 4365 1316 4419 habeto:
1354 4366 1454 4416 Τὸν
1498 4364 1762 4434 Παλαμᾶν
1793 4367 1885 4417 καὶ
1928 4368 2054 4428 τοὺς
2094 4365 2221 4433 δμο-

644 4454 1063 4531 φροναςαὺτοῦ,
1097 4457 1191 4508 καὶ
1222 4454 1485 4508 πάντατὰ
1520 4456 1690 4522 ἁσεὸἦ
1713 4456 1891 4509 αὐτῶν
1943 4457 2216 4525 δόγματα,

649 4550 981 4617 οἰκειότερον
1007 4546 1064 4599 δὲ
1095 4548 1269 4599 εἰπεῖν
1300 4548 1767 4615 παραληρήματα.
1800 4547 1924 4608 τούς
1970 4565 2027 4600 τε
2076 4548 2221 4601 ἐκδι-

648 4638 904 4700 κοῦντας,
936 4640 1030 4690 καὶ
1071 4637 1540 4705 ἐκλαμὸάνοντας,
1587 4640 1682 4691 καὶ
1720 4638 2113 4711 ἐκδεχομένους
2156 4642 2224 4695 τὰ

651 4734 707 4781 ἐν
728 4729 807 4798 τῷ
846 4727 1009 4797 Τὸμῳ
1034 4726 1174 4779 κατὰ
1208 4727 1304 4795 τὴν
1358 4728 1537 4779 αὐτῶν
1596 4728 1885 4796 ἐξήγησιν,
1932 4728 2133 4796 μᾶλλον
2167 4729 2225 4781 δὲ

653 4819 945 4888 φἰυαρίαν,
990 4820 1081 4871 καὶ
1114 4820 1172 4870 οὐ
1194 4821 1312 4870 κατ’
1338 4819 1547 4871 ἔννοιαν
1591 4817 1897 4889 θεοπρεπῆ,
1938 4818 2035 4873 καὶ
2073 4819 2228 4887 ὀρθός

648 4910 821 4974 δοξον,
858 4911 950 4961 καὶ
980 4909 1161 4970 καθὼς
1189 4913 1237 4962 οί
1284 4910 1382 4978 τῆς
1417 4910 1746 4979 Ἐκκλησίας
1807 4914 2093 4982 φωστῆρες
2132 4914 2236 4978 καὶ,

653 5002 991 5068 διδάσκαλοι,
1018 5000 1101 5066 οἷς
1124 5004 1216 5055 καὶ
1239 5005 1397 5072 ἡμεῖς
1438 5004 1717 5073 ἑπόμενοι,
1741 5004 1837 5057 καὶ
1872 5004 2228 5057 ἀκολουθοῦν-

655 5110 747 5155 τες
773 5092 971 5146 τάντῶν
1000 5093 1169 5161 ἁγίων
1206 5093 1344 5163 ῥητὰ
1386 5094 1769 5165 ἐνεγράψαμεν
1810 5096 1870 5147 ἐν
1916 5094 1995 5163 τῷ
2038 5095 2225 5164 Τόμῳ,

656 5187 753 5238 καὶ
779 5186 991 5247 πάντας
1018 5186 1142 5247 τοὺς
1178 5185 1244 5238 δι’
1268 5186 1401 5239 αὐτὸ
1429 5186 1605 5253 τοῦτο,
1634 5186 1803 5255 ἧγουν
1821 5187 1903 5240 ὅτι
1947 5188 2021 5257 μὴ
2047 5204 2228 5257 παρατ

654 5276 927 5350 δεχόμεθα
957 5276 1024 5328 τὰ
1048 5277 1271 5337 τοιαῦτα
1322 5277 1505 5331 αὐτῶν
1546 5278 2016 5349 παραληρήματα,
2048 5272 2124 5333 ὧν
2159 5284 2228 5332 ea

648 5372 764 5447 ,μὲν
786 5368 1177 5438 ἀπεστάλησαν
1202 5370 1333 5438 ἡμῖν
1363 5370 1493 5440 παρ’
1528 5371 1725 5433 αὐτῶν,
1778 5371 1845 5423 τὰ
1870 5371 1927 5425 δὲ
1974 5370 2068 5425 καὶ
2098 5372 2230 5443 παρ’

661 5461 869 5529 ἐτέρων
918 5464 1348 5531 ἐνεφανίσθησαν
1378 5506 1393 5530 ,
1441 5463 1819 5533 τολμήσαντας
1858 5446 2231 5527 ἀκανονίστως

664 5549 762 5603 καὶ
796 5551 1035 5622 ἀκρίτως
1066 5553 1341 5619 ἀποκόψαι
1366 5555 1424 5605 τὶ
1449 5555 1793 5624 μνημόσυνόν
1826 5572 1950 5625 μου,
1990 5552 2068 5623 τῷ
2124 5555 2231 5607 ἀπὸ

667 5642 765 5709 τῆς
786 5644 1094 5714 ζωαρχικῆς
1126 5646 1218 5699 καὶ
1244 5646 1405 5714 ἁγίας
1433 5646 1659 5715 Τιιιάδος
1680 5648 1862 5716 δεσμῷ
1888 5647 2233 5700 καθυποόάλ-

671 5733 857 5801 λομεν,
886 5737 977 5786 καὶ
996 5734 1072 5805 τῷ
1090 5736 1253 5788 ἀναθέ
1269 5753 1395 5805 ματι
1417 5737 1883 5807 παραπέμπομεν.
1920 5738 1966 5789 Il
1991 5738 2229 5806 ὑπογραη

2321 3182 2533 3235 Primus
2564 3188 2681 3234 est:
2729 3177 2976 3242 Διάλεξίς
3017 3194 3167 3237 τινος
3220 3176 3403 3244 λογίου
3452 3176 3548 3228 καὶ⁸
3600 3175 3897 3243 φιλοσόφου

2316 3273 2423 3327 ἀπὸ
2452 3271 2562 3323 τῶν
2592 3269 2749 3323 θείων
2778 3268 3036 3339 Γραῃῶν.
3074 3262 3228 3329 Εἶδες
3257 3266 3357 3337 τὴν
3392 3266 3764 3321 ἀνταπόδοσιν
3806 3268 3899 3319 τοῦ

2318 3363 2584 3433 πολέμου,
2620 3361 2715 3415 καὶ
2748 3359 2855 3414 τῶν
2885 3358 3137 3427 ἀγώνων.
3168 3351 3324 3421 Εἶδες
3350 3360 3569 3422 καὶτὰς
3608 3352 3713 3412 ὧδε
3753 3374 3901 3426 γινο-

2322 3457 2489 3527 μένας
2519 3455 2793 3524 ἐμφάσεις
2829 3454 2894 3505 ἐκ
2929 3454 3027 3522 τῆς
3065 3452 3343 3521 μακαρίας
3386 3451 3639 3519 Τριάδος,
3698 3451 3802 3504 οὐχ
3838 3451 3900 3503 ἐκ

2317 3548 2414 3617 τῆς
2439 3546 2745 3617 ἐνεργείας.
2792 3543 2943 3613 Αὕτη
2988 3543 3022 3613 ὴ
3052 3544 3177 3609 δόξα
3200 3546 3304 3614 τῆς
3328 3542 3689 3612 Ἐκκλησίας,
3755 3542 3898 3612 αὕτη

2320 3640 2353 3708 ἡ
2384 3638 2571 3700 πίστις
2595 3636 2704 3689 τῶν
2733 3634 3055 3704 ὀρθοδόξων,
3094 3636 3203 3687 τῶν
3237 3635 3557 3689 ἀποστόλων
3585 3635 3647 3688 τδ
3682 3634 3899 3705 κήρυγ⁸

2322 3747 2418 3798 μα,
2453 3728 2562 3780 τῶν
2602 3728 2863 3795 Πατέρων
2892 3727 2960 3778 τὰ
2993 3725 3266 3795 δόγματα,
3323 3726 3432 3778 τῶν
3483 3725 3785 3797 μαρτύρων
3832 3728 3899 3779 τὰ

2322 3821 2551 3889 σφάγια,
2586 3819 2691 3871 τῶν
2720 3812 2886 3872 ὁσίων
2913 3818 2982 3870 τὰ
3050 3817 3473 3887 κατορθώματα,
3514 3818 3623 3871 τῶν
3662 3818 3829 3887 ἱερῶν
3863 3821 3895 3887 ἡ

2322 3911 2648 3980 εὐπρέπεια,
2681 3909 2787 3962 τῶν
2819 3908 3159 3963 διδασκάλων
3194 3910 3220 3979 q
3274 3907 3547 3976 θεολογία.
3610 3910 3897 3962 Κατέπεσε

2321 3978 2445 4055 τῶνν
2472 4003 2580 4057 σῶν
2611 3978 2903 4071 δογμάτων
2938 4003 2965 4054 ὁ
3004 3978 3219 4071 δροφοςξ
3299 4000 3600 4071 Συνετρίϐη
3645 4002 3679 4070 ἡ
3735 4001 3895 4055 οἰκία.

2337 4094 2395 4146 '0
2429 4094 2680 4161 θεμέλιος
2704 4094 3009 4161 ἀνετράπη.
3055 4093 3116 4145 '0
3141 4092 3399 4162 φραγμδς
3434 4091 3775 4161 κατεκαύθη.
3816 4091 3896 4153 Ὠς

2324 4185 2473 4255 χοῦς,
2506 4183 2588 4236 ὼσ
2608 4184 2759 4246 κόνις
2796 4184 2903 4236 ὑπὸ
2939 4182 3203 4245 λαίλαπος
3254 4183 3319 4235 τὰ
3356 4181 3423 4234 σά
3473 4183 3666 4248 γέγονε
3735 4198 3897 4233 κατα-

2326 4278 2515 4347 φύγια.
2547 4277 2627 4329 Τά
2658 4276 2812 4345 τείχη
2856 4274 3368 4345 κατεχαλάσθησαν.
3399 4275 3465 4326 Δί
3503 4273 3762 4339 ἐπάλξεις
3800 4274 3897 4343 ἠφ-

2325 4370 2645 4438 ανίσθησαν.
2683 4366 2774 4429 Et;
2798 4366 2951 4429 τέλος
2984 4360 3289 4418 ἀπώλοντο.
3342 4364 3408 4417 Τί
3458 4362 3641 4427 λέγεις
3680 4364 3893 4430 λοιπόνς

2326 4459 2597 4524 Πεξθομεν
2624 4457 2737 4519 τοῖς
2766 4455 2945 4523 λόγοις
2978 4455 3212 4519 τούτοις,
3247 4454 3344 4530 καὶ
3371 4455 3492 4515 ταῖς
3543 4454 3736 4524 ἐκςτῆς
3768 4456 3896 4522 Γρα-

2326 4552 2433 4619 φῆς
2462 4547 2838 4618 μαρτυρίαις;
2878 4534 2938 4599 Ei
2976 4547 3075 4615 μὲν
3114 4546 3400 4615 πείθομεν,
3440 4544 3522 4616 τῷ
3552 4545 3673 4615 Θεῷ
3721 4546 3893 4616 χάρις,

2322 4639 2401 4709 τῷ
2432 4640 2557 4701 τοὺς
2603 4620 3066 4706 ἀπεγνωσμένους
3117 4637 3181 4689 ἐκ
3231 4634 3443 4705 πλάνης
3495 4636 3892 4704 ἐπιστρέφοντι,

2326 4732 2419 4784 καὶ
2455 4729 2531 4800 μὴ
2559 4728 2875 4799 βουλομένῳ
2910 4727 3002 4781 ⁶τὸν
3022 4728 3253 4781 θάνατον
3280 4722 3376 4780 τοῦ
3429 4724 3783 4797 ἀμαρτωλοῦ,
3825 4727 3894 4790 ὥς

2324 4824 2384 4875 τὸ
2414 4820 2740 4891 ἐπιστρέψαι
2769 4821 2863 4873 καὶ
2899 4820 2997 4889 ζῇν
3024 4820 3204 4873 αὐτόν.
3240 4820 3301 4872 Ei
3333 4818 3378 4871 δ’
3401 4819 3461 4871 οὐ
3498 4818 3783 4887 πείθομεν,
3805 4818 3895 4889 δρα

2327 4910 2509 4962 λοιπδν
2540 4911 2598 4961 ἐν
2619 4910 2770 4968 ὅσαις
2803 4908 2897 4960 καὶ
2917 4909 3058 4972 οἵαις
3085 4907 3383 4978 ἐμπίπτεις
3409 4908 3710 4978 αἱρέσεσιν,
3735 4910 3763 4961 ὁ
3805 4907 3897 4979 ψυ-

2328 5001 2439 5070 χῶν
2505 5000 2817 5072 προστάτης
2876 5000 2970 5052 καὶ
3042 4997 3371 5075 Ἐκκλησίας
3429 4998 3564 5051 Θεοῦ
3614 5000 3895 5069 γενόμενος

2330 5091 2613 5162 κρίμασιν,
2638 5085 2718 5154 οἷς
2743 5084 2884 5152 οἶδεν
2915 5090 3126 5152 ἐκεῖνος
3154 5091 3182 5141 ὁ
3212 5080 3542 5161 ἀπόρρητος,
3580 5088 3682 5141 κᾶν
3705 5088 3800 5141 καὶ
3828 5089 3895 5158 μὴ

2331 5182 2602 5253 παρεδόοη
2627 5201 2710 5237 σοι
2730 5182 2817 5236 διὰ
2850 5182 3051 5247 πολλὴν
3086 5181 3253 5236 αὑτοῦ
3284 5181 3676 5251 μακροθυμίαν
3705 5183 3740 5252 ὴ
3785 5181 3897 5233 Ἐκ-

2332 5276 2554 5346 κλησία,
2588 5274 2681 5330 καὶ
2720 5275 2777 5328 αἱ
2806 5274 2994 5344 ψυχαί.
3039 5274 3216 5326 Πᾶσαι
3265 5273 3362 5340 μὲν
3402 5267 3495 5326 οὖν
3545 5272 3602 5324 αἱ
3662 5272 3893 5341 αἱρέσεις

2332 5367 2481 5434 παρά
2510 5364 2618 5417 τῶν
2659 5364 2831 5431 ἀγίων
2872 5362 3290 5424 θανατωθετσαι,
3344 5362 3439 5415 καί
3494 5360 3892 5431 διαφθαρεῖσαι,

2335 5458 2475 5527 ξηρά
2532 5458 2825 5525 γεγόνασιν
2881 5455 3045 5509 ὀστέα
3103 5452 3321 5523 σαρκῶν
3362 5452 3516 5519 ἄνευ,
3560 5442 3788 5523 νεύρων,
3811 5454 3895 5505 καὶ

2339 5549 2639 5622 ἁρμονιῶν.
2684 5550 2755 5602 Σὺ
2777 5548 2833 5602 δὲ
2863 5546 3068 5609 ταύτας
3104 5546 3505 5614 ἀναγεννήσας,
3539 5544 3635 5597 καὶ
3662 5544 3894 5597 ἀναπλά-

2339 5659 2459 5709 σας,
2490 5642 2583 5693 καὶ
2614 5642 2680 5694 τὰ
2714 5643 2914 5711 μάταια
2940 5622 3208 5708 δόγματα,
3240 5636 3478 5705 πνεῦμα,
3520 5634 3681 5705 σὰρξ,
3730 5636 3894 5707 ἁρμο-

2341 5735 2471 5802 νίαι,
2511 5734 2606 5787 καὶ
2639 5734 2804 5802 νεῦρα
2830 5734 3054 5794 ταύταις
3086 5732 3350 5799 γενόμενα
3392 5730 3492 5799 ζεῖ,
3527 5730 3773 5802 Σκάμων
3812 5734 3897 5787 καὶ
