4104 6322
704 406 807 467 $.67

1907 405 2002 465 DE
2046 398 2449 465 GREGORIO
2493 398 2795 461 PALA'MA

3875 390 3974 455 868

711 522 948 591 μάλιστα
975 518 1029 572 δὲ
1066 520 1162 571 καὶ
1188 518 1363 580 καλῶς
1391 518 1529 581 οῖδα,
1568 516 1658 568 καὶ
1704 514 2044 586 τεθάρῤηκα,
2070 516 2163 568 καὶ
2190 528 2285 564 πε·-

2399 516 2470 563 :st
2490 508 2755 577 infragilis
2786 505 2991 562 Christi
3026 503 3237 568 Petrus,
3260 510 3315 558 et
3349 500 3754 572 discipulorum
3793 515 3929 570 apex
3956 522 3968 563 ;

708 615 1003 674 πίστευκα,
1034 614 1149 672 ταῖς
1180 610 1272 661 τοῦ
1302 611 1553 677 Σωτῆρος
1588 608 1939 674 ἐπαγγελίαις
1983 606 2281 673 πιστούμε-

711 723 824 765 νος.
871 705 1065 771 Ἡμεῖς
1094 703 1151 755 δὲ
1177 701 1257 770 τῷ
1285 702 1605 769 κηρύγματι
1652 700 1760 751 τῶν
1796 700 2131 760 ἀποστόλων,
2188 698 2280 773 καὶ

710 800 822 858 τοῖς
855 798 1087 864 δόγμασι
1112 794 1221 846 τῶν
1278 794 1537 861 Πατέρων
1599 791 1877 859 ἑπόμενοι,
1914 793 2011 845 καὶ
2069 790 2285 843 πάντων

712 888 905 954 ἁγίων,
969 888 1029 938 οὑ
1084 884 1468 952 θεολ.ογοῦμεν,
1534 881 1647 935 ἀλλ’
1694 882 2165 953 ἀνασκευάζοντες
2214 880 2285 933 τὰ

711 980 946 1047 βδελυρὰ
972 980 1240 1045 εὔγματα.
1273 976 1620 1044 κηρύττομεν
1650 976 1744 1027 καὶ
1799 974 2033 1042 λέγομεν
2086 972 2281 1035 οὕτως*

712 1069 1154 1136 Πιστεύομενεξς
1190 1067 1430 1134 Πατέρα,
1490 1064 1637 1125 Υἱὸν,
1684 1065 1777 1115 καὶ
1831 1060 1986 1125 ἃγιον
2036 1060 2284 1130 Πνεῦμα,

711 1161 859 1227 τρεῖς
900 1158 1185 1229 ἰδιότητας.
1223 1160 1349 1225 μίαν
1407 1156 1671 1223 Θεότητα,
1732 1156 1878 1223 τρεῖς
1937 1154 2284 1216 ὑποστάσεις,

716 1251 847 1318 μίαν
873 1247 1123 1319 θεότητα,
1159 1249 1284 1318 τρία
1330 1249 1619 1316 πρόσωπα.
1664 1246 1793 1316 μίαν
1850 1245 2100 1314 θεότητα,
2160 1245 2287 1306 pinv

711 1340 922 1402 οὐσίαν,
962 1343 1090 1408 μίαν
1121 1341 1283 1409 φύσιν
1311 1340 1506 1407 ἁπλῆν,
1565 1341 1709 1408 ἴσην,
1746 1336 2068 1407 ἀδιαίρετον,
2122 1337 2289 1403 ἀσύγ-

713 1446 898 1497 χυτον,
932 1430 1161 1491 ἑνιαίαν,
1193 1429 1397 1499 Τριὰδιι
1445 1429 1501 1479 ἑν
1552 1427 1765 1495 μονάδι,
1821 1425 1918 1478 καὶ
1980 1425 2184 1493 μονάδα
2228 1427 2289 1477 ἐν

715 1518 887 1586 Τριὰδ
934 1519 1419 1588 προσκυνουμένην
1470 1519 1567 1570 καὶ
1628 1517 1952 1587 σεϐομένην.
2000 1516 2289 1585 Ἀλλοτρεῳ

715 1611 771 1664 δὲ
798 1612 857 1662 οὐ
895 1611 969 1678 μὴ
994 1609 1461 1678 ἀκολουθήσομεν.
1498 1609 1631 1661 Οὐδὲ
1665 1609 1772 1677 γὰρ
1796 1609 2024 1677 οἴδαμεν
2054 1607 2151 1677 τὴν
2174 1625 2289 1673 φω-

716 1703 813 1773 νὴν
864 1703 970 1754 τῶν
1002 1704 1295 1769 ἀλλοτρίων
1326 1704 1642 1757 ἀκολουθεῖν
1769 1703 1889 1756 οὐδὲ
1953 1703 2039 1756 σοὶ
2075 1702 2149 1770 τῷ
2197 1702 2289 1772 λῃ-

718 1790 961 1857 στρ.κῶς
994 1790 1292 1858 ἀλλαχόθεν
1326 1790 1693 1854 ἁναὸαῑνοντι,
1726 1792 1821 1844 καὶ
1855 1789 1931 1860 μὴ
1947 1790 2034 1844 διὰ
2061 1791 2160 1859 τῆς
2192 1791 2290 1843 θύ-

718 1896 823 1947 ρας
882 1882 960 1941 εἰς
1019 1879 1117 1949 τὴν
1181 1880 1349 1948 αὐλὴν
1402 1882 1765 1952 εἰσερχομένῳ
1824 1882 1934 1935 τῶν
1980 1882 2289 1951 προϐάτων.

716 1970 875 2023 οὕτω
898 1969 955 2021 δὲ
990 1970 1448 2039 προσκυνοῦντες,
1480 1970 1621 2025 οὕτω
1665 1971 2003 2037 δοξάζοντες,
2034 1975 2131 2026 καὶ
2151 1974 2293 2026 οὕτω

721 2060 1006 2131 σεϐόμενοι
1037 2063 1133 2130 τὴν
1167 2062 1295 2131 μίαν
1320 2063 1379 2115 ιν
1434 2064 1583 2131 τρισὶ
1647 2064 1968 2132 προσώποις
2025 2064 2291 2135 Θεότητα,

719 2153 815 2205 καὶ
838 2154 936 2215 τὰς
964 2154 1297 2221 ἐπαγγελίας
1332 2161 1533 2216 πιστὰς
1574 2156 1792 2224 ἔχομεν,
1827 2155 2057 2223 ὅψεσθαι
2089 2155 2295 2225 ταύτην

717 2242 1047 2314 τελεώτερον
1077 2262 1133 2296 τε
1170 2244 1263 2296 καὶ
1292 2244 1701 2315 καθαρώτερον,
1733 2246 1830 2298 οὐκ
1866 2250 1923 2299 ἐν
1975 2247 2292 2315 αἰνίγμασι,

719 2336 1009 2404 πρόσωπον
1036 2336 1091 2388 δὲ
1130 2337 1261 2405 πρὸς
1294 2337 1583 2406 πρόςωπον
1609 2339 1665 2390 ἐν
1702 2339 1887 2409 ἐκείνῃ
1941 2341 2005 2407 τῇ
2042 2339 2296 2409 ἀθανάτῳ

720 2428 988 2499 βασιλείᾳ,
1056 2430 1145 2481 καὶ
1183 2428 1480 2482 ἀπολαύσει
1529 2429 1637 2482 τῶν
1722 2430 1967 2493 δικαίων,
2016 2425 2081 2501 ἧς
2120 2432 2296 2500 ὅψεως

722 2520 938 2584 γένοιτο
970 2520 1177 2579 πάντας
1211 2520 1356 2587 ἡμᾶς
1413 2522 1709 2588 ἐπιτυχεῖν,
1767 2522 1861 2574 καὶ
1924 2522 1983 2573 σὲ
2022 2525 2294 2593 μετανοή-

726 2628 921 2674 σαντα,
957 2611 1141 2681 χάριτι
1170 2614 1267 2664 καὶ
1300 2614 1628 2682 οἰκτιρμοτς,
1653 2614 1749 2667 καὶ
1789 2614 2171 2687 φιλανθρωπίᾳ
2204 2617 2296 2669 τοῦ

718 2704 919 2769 Κυρίου
949 2703 1105 2772 ἡμῶν
1147 2703 1322 2771 Ἰησοῦ
1353 2701 1615 2769 Χριστοῦ,
1645 2722 1689 2772 ῳ
1729 2706 1930 2775 πρέπει
1965 2707 2115 2759 πᾶσα
2144 2707 2292 2771 δόξα,

716 2793 873 2862 τιμὴ,
897 2793 992 2844 καὶ
1022 2792 1408 2862 προσκύνησις,
1452 2794 1549 2845 σὺν
1571 2792 1648 2863 τῷ
1674 2793 1896 2862 ἀνάρχῳ
1933 2794 2098 2847 αὐτοῦ
2125 2798 2298 2863 Πατρὶ

716 2886 795 2954 τῷ
831 2886 975 2955 μόνῳ
1019 2884 1201 2953 αἰτίῳ,
1231 2885 1325 2937 καὶ
1369 2882 1446 2953 τῷ
1505 2882 1778 2953 παναγίῳ,
1814 2884 1909 2936 καὶ
1962 2884 2173 2953 ἀγαθῷ,
2206 2888 2299 2938 καὶ

717 2979 965 3049 ζωογονῷ
983 2978 1144 3031 αὐτοῦ
1163 2976 1298 3029 [lch
1308 2977 1524 3045 ματι,τῇ
1542 2974 2037 3045 μιᾷριαὶάδιαιρέτῳ
2054 2976 2297 3045 Θεότητι,

717 3070 813 3123 νῦν
828 3069 1249 3133 καὶάεὶ,καὶεῐς
1285 3068 1409 3129 τοὺς
1448 3065 1648 3129 αἰῶνας
1698 3066 1802 3117 τῶν
1830 3066 2063 3121 αἰώνων.
2100 3068 2293 3137 Ἀμήν.

725 3177 744 3209 ι
778 3157 1104 3227 Disceptatio
1132 3156 1413 3226 cujusdam
1447 3155 1545 3209 viri
1579 3155 1798 3217 eruditi,
1830 3167 1884 3209 et
1919 3157 2225 3227 philosophi
2270 3173 2298 3211 e
2325 3173 2369 3233 (ς

718 3249 893 3303 sacris
918 3249 1132 3303 litteris.
1165 3246 1362 3303 Vidisti
1402 3262 1593 3317 pugna:
1621 3262 1686 3301 ac
1713 3248 2075 3301 certaminum
2111 3264 2294 3303 remu—

719 3341 1080 3394 nerationem.
1121 3338 1311 3393 Vidisti
1362 3355 1484 3409 qua:
1534 3339 1620 3393 hic
1654 3337 1807 3397 facta:
1856 3352 1984 3394 sunt
2036 3355 2102 3394 ex
2136 3340 2293 3394 beata

720 3430 938 3497 Triade,
983 3446 1088 3485 non
1137 3446 1199 3484 ex
1250 3430 1565 3501 operatione
1616 3429 2137 3486 demonstrationes.
2197 3431 2296 3487 Hie

715 3534 803 3580 est
848 3540 1044 3580 sensus
1086 3522 1370 3585 Ecclesiae,
1414 3523 1528 3577 haec
1575 3530 1720 3577 recte
1747 3523 2102 3578 sentientium
2138 3523 2294 3590 ﬁdes,

724 3615 1107 3684 Apostolorum
1160 3614 1511 3685 praedicatio,
1556 3613 1777 3668 Patrum
1830 3615 2105 3684 dogmata,
2151 3631 2297 3669 mar-

726 3718 904 3775 tyrum
945 3707 1152 3767 caadcs,
1201 3704 1575 3759 confessnrutn
1632 3704 1901 3769 facinora,
1948 3707 2294 3760 sacerdotum

725 3800 911 3860 decor,
946 3798 1335 3866 pl':t:CeplOl'tlllt
1369 3798 1433 3849 de
1479 3796 1586 3849 Deo
1640 3796 1892 3850 scientia.
1926 3796 2133 3851 Cecidit
2178 3807 2298 3851 tuo-

728 3906 847 3943 rum
881 3891 1193 3957 dogmatmn
1222 3887 1462 3949 culmen,
1489 3887 1687 3940 domus
1718 3887 1932 3949 collisa,
1971 3884 2297 3941 fundamen-

727 3996 840 4034 tum
880 3995 1151 4042 eversum,
1209 3992 1366 4047 scpes
1395 3986 1609 4036 exusta,
1644 3976 1809 4030 veluti
1838 3977 2003 4044 cinis,
2042 3985 2096 4031 et
2123 3978 2299 4046 pulvis

726 4082 755 4119 a
784 4066 1000 4120 turbine
1032 4074 1121 4117 tua
1172 4060 1511 4133 subterfugia
1544 4062 1831 4135 dissipata,
1879 4063 2021 4117 muri
2057 4063 2295 4132 disjecti,

727 4157 1129 4226 propugnacula
1165 4154 1390 4215 abolita,
1447 4154 1799 4223 funditusque
1848 4155 2110 4209 convulsa
2145 4165 2296 4211 sunt.

726 4247 867 4312 Quid
916 4257 972 4300 tu
1016 4245 1330 4302 interimis?
1381 4260 1508 4298 nunt
1541 4246 1719 4299 verbis
1769 4246 1939 4309 hisce,
2005 4255 2061 4300 et
2100 4246 2298 4301 divina:

729 4338 1024 4407 Seripturaa
1062 4338 1386 4393 testimoniis
1432 4336 1724 4392 suaderis?
1755 4338 1800 4391 si
1834 4338 2153 4402 suademus,
2190 4338 2298 4393 Deo

727 4430 916 4495 gratia:
962 4426 1223 4482 habenda:
1279 4436 1431 4493 sunt,
1483 4427 1574 4494 qui
1625 4426 1945 4494 desperatos
1993 4427 2063 4480 ab
2108 4443 2295 4483 errore

2386 600 2476 653 sed
2509 613 2616 652 non
2658 597 3013 652 obliviscetur
3061 596 3113 650 in
3160 596 3320 649 linem
3368 594 3645 665 pauperis,
3702 607 3971 663 pauperes

2384 691 2541 747 enim.
2557 690 2683 746 facti
2708 705 2922 754 sumus,
2942 698 2998 745 et
3018 688 3216 743 divinat
3242 690 3449 759 gratim,
3474 688 3518 742 si
3543 702 3791 755 usquam
3821 688 3968 744 alias.

2386 792 2604 853 prepter
2624 792 2808 837 nostra
2833 791 3076 852 peccata,
3101 781 3290 850 indigi.
3316 781 3456 835 Audi
3484 781 3672 850 itaque
3701 795 3719 832 :
3753 780 3805 832 l.
3837 779 3970 833 Cum

2389 876 2533 929 dicis
2566 872 2801 929 Pettates
2843 874 3053 928 inlinite
3083 875 3340 931 inlinitas.
3373 889 3498 927 cum
3530 872 3842 937 gentilibus
3864 886 3974 923 nm-

2390 966 2550 1018 nibus
2582 966 2941 1020 consociaris.
2998 964 3055 1017 2.
3090 965 3222 1017 Cum
3250 964 3409 1024 dicis.
3445 964 3582 1018 duas
3616 964 3866 1017 Deitate.
3894 966 3972 1014 vi-

2389 1056 2601 1111 sibilem
2631 1067 2683 1111 et
2713 1056 3067 1121 invisibilem,
3096 1056 3641 1123 comprehensibilem
3671 1066 3729 1107 et
3761 1055 3970 1108 incom-

2392 1148 2812 1216 prehensibilem
2843 1148 3031 1210 Deum,
3060 1149 3113 1201 in
3137 1148 3325 1201 eadem
3351 1163 3474 1200 cum
3496 1145 3731 1200 Platone
3758 1158 3975 1202 sentcn-

2392 1241 2460 1291 tia
2488 1254 2570 1304 es,
2594 1239 2684 1307 qui
2709 1240 2901 1292 asserit
2923 1241 3060 1293 duos
3080 1240 3233 1305 deos,
3271 1238 3494 1292 landum
3535 1238 3973 1307 nefandumquc,

2391 1330 2657 1383 visihiiem
2683 1339 2737 1384 et
2774 1330 3120 1383 invisibile-tt.
3144 1331 3197 1385 3.
3225 1330 3358 1384 Cum
3382 1330 3522 1384 dicis
3540 1331 3683 1384 duis
3710 1330 3973 1388 Deitates.

2390 1420 2900 1474 commnnicabilem
2921 1462 2933 1484 ,
2964 1431 3017 1474 et
3050 1420 3619 1475 incommuuicabilem
3644 1463 3661 1486 ,
3692 1420 3751 1473 in
3785 1421 3973 1475 eadem

2391 1528 2515 1565 cum
2548 1510 2861 1566 Maniclneis
2894 1513 3150 1581 opinione
3173 1528 3255 1577 es,
3291 1512 3385 1581 qui
3416 1512 3553 1566 duas
3583 1511 3858 1579 Deitates,
3890 1511 3977 1565 bo-

2392 1616 2518 1654 nam
2559 1612 2611 1656 et
2661 1603 2856 1656 malam
2908 1603 3219 1657 adstruunt.
3274 1604 3328 1656 ι.
3378 1603 3513 1657 Cum
3563 1602 3615 1656 in
3679 1601 3977 1658 Divinitatc

2393 1704 2627 1760 quatuor
2657 1706 2851 1761 ponas,
2879 1692 3117 1765 Patrem,
3152 1691 3370 1755 Filium,
3395 1694 3687 1763 Spiritum,
3711 1706 3763 1748 et
3784 1710 3978 1765 opera-

2397 1758 2623 1847 tionem,
2658 1758 2789 1837 vcum
2837 1758 3137 1853 Pythagora
3170 1785 3362 1844 sentis.
3390 1758 3483 1853 qui
3509 1758 3766 1853 quatuor
3809 1758 3974 1840 licam

2394 1888 2515 1929 esse
2548 1883 2846 1937 asseverat,
2872 1876 3237 1945 cnunciatque
3262 1877 3683 1944 quaternionem
3712 1879 3971 1944 perennis

2395 1975 2601 2019 naturae
2633 1966 2857 2021 fontem.
2890 1968 2942 2020 5.
2975 1966 3109 2020 Cum
3142 1969 3223 2020 ais
3251 1967 3527 2021 hominem
3563 1968 3905 2033 increatum,
3928 1980 3977 2025 et

2395 2057 2513 2110 sine
2557 2058 2825 2125 principio
2860 2067 2913 2109 et
2944 2056 3067 2120 line,
3097 2058 3444 2112 Aristotelem
3476 2071 3589 2126 pra
3618 2069 3673 2112 te
3711 2058 3854 2127 fers,
3892 2062 3978 2129 qui

2397 2145 2661 2198 mundum
2687 2147 2873 2199 statuit
2896 2146 3011 2199 sine
3036 2146 3302 2215 principio
3319 2156 3373 2201 et
3410 2146 3537 2202 ﬁne.
3563 2146 3618 2201 6.
3646 2146 3791 2201 Dum
3820 2165 3977 2203 unam

2403 2236 2661 2289 Deitatcm
2700 2238 2750 2289 in
2790 2239 3122 2304 superiorem
3155 2247 3208 2292 et
3238 2237 3557 2294 inferiorem
3590 2239 3827 2303 dividis,
3860 2256 3975 2296 cum

2406 2324 2683 2379 insensato
2714 2328 2843 2379 Ario
2876 2327 3134 2390 alhrmas,
3166 2342 3391 2397 compar
3417 2329 3757 2399 principium
3799 2332 3978 2393 unius,

2400 2418 2735 2486 aequalisque
2787 2418 3027 2482 Deitatis,
3074 2420 3125 2471 in
3177 2420 3430 2488 superius
3477 2420 3831 2491 inferiasque
3874 2423 3980 2477 dis-

2401 2510 2597 2576 cerpis.
2629 2509 2679 2565 7.
2712 2510 2845 2563 Cum
2873 2525 3060 2566 omnes
3089 2510 3328 2580 Spiritus
3356 2513 3739 2581 operationes,
3774 2515 3834 2568 in
3860 2529 3982 2585 ope-

2401 2598 2667 2652 rationem
2708 2599 3039 2664 inferiorcm,
3088 2618 3279 2671 nempe
3326 2602 3591 2658 Deitatem
3640 2607 3887 2674 accipis,
3936 2617 3982 2660 et

2404 2689 2665 2759 Spiritum
2711 2692 3052 2760 Operatione,
3104 2708 3254 2762 teque
3299 2708 3363 2748 ac
3408 2704 3723 2749 creaturam
3777 2697 3983 2765 privas.

2406 2796 2512 2835 non
2563 2783 2829 2837 absimilis
2878 2798 2934 2837 es
2988 2782 3222 2852 Spiritus
3265 2786 3407 2840 hosti
3466 2786 3793 2842 Macedonio
3842 2788 3985 2842 θεῖτ-

2406 2873 2599 2937 manti,
2626 2875 3036 2929 sanctissimum
3074 2876 3335 2945 Spiritum
3366 2878 3484 2932 sine
3509 2880 3843 2947 Operatione
3871 2896 3986 2935 esse

2404 2977 2622 3015 servum
2659 2963 2904 3033 ejusdem
2964 2982 3084 3019 cum
3144 2966 3303 3020 Patre
3359 2978 3416 3021 ct
3475 2966 3615 3023 Filio
3681 2970 3986 3027 facultatis.

2407 3052 2462 3107 8.
2504 3052 2639 3106 Cum
2670 3054 2957 3109 dissimilia
2990 3056 3043 3109 in
3078 3057 3333 3126 simplici,
3368 3074 3497 3122 una,
3522 3073 3587 3113 ac
3621 3064 3740 3113 sola
3778 3064 3988 3117 Deitate

2404 3145 2707 3199 introducis
2733 3184 2749 3209 ,
2787 3145 3001 3202 visibile
3044 3158 3096 3201 et
3139 3149 3441 3213 invisibile,
3476 3154 3985 3218 comprehensibile

2400 3246 2454 3290 et
2486 3237 3057 3306 incomprehensibiie,
3093 3240 3547 3296 communicahile
3580 3254 3633 3297 et
3671 3244 3988 3302 incommu-

2400 3327 2652 3393 nicabile,
2705 3329 2877 3398 magis
2926 3340 2983 3384 et
3031 3330 3233 3392 minus.
3282 3334 3486 3388 asseris
3534 3350 3657 3388 cum
3707 3336 3985 3393 Eunomia

2400 3434 2568 3471 unum
2604 3416 2822 3481 Triadis
2867 3419 3147 3476 Christum
3200 3420 3490 3478 Dominum
3538 3423 3693 3481 Patri
3740 3430 3989 3500 inaequa-

2404 3510 2527 3563 lem.
2557 3509 2609 3564 9.
2643 3510 2779 3564 Cum
2813 3512 3118 3579 contrahis,
3157 3521 3211 3567 et
3242 3513 3500 3570 decurtas
3555 3517 3607 3570 in
3647 3533 3824 3573 unam
3878 3530 3989 3574 tres

2401 3598 2712 3657 Divinitatis
2734 3618 3019 3671 personas,
3047 3604 3115 3658 ab
3137 3604 3324 3674 eisque
3349 3611 3553 3661 asseris
3576 3611 3985 3677 operationem,

2401 3707 2505 3745 non
2538 3693 2747 3749 alienus
2783 3710 2842 3749 es
2876 3711 2906 3748 a
2952 3696 3186 3751 Sabellio
3214 3697 3307 3767 qui
3355 3708 3465 3752 tres
3493 3698 3698 3765 Patris,
3737 3699 3905 3768 Filii,
3941 3718 3987 3759 et

2402 3782 2639 3850 Spiritus
2672 3788 2844 3839 sancti
2897 3802 3181 3855 personas,
3220 3789 3271 3840 in
3307 3803 3469 3841 iniam
3506 3789 3671 3857 impie
3712 3804 3983 3848 coarctat.

2399 3875 2486 3929 10.
2518 3877 2655 3931 Cum
2687 3879 2948 3946 majorem
2989 3883 3360 3949 mitioremque
3414 3881 3707 3945 Deitatetn,
3750 3890 3982 3952 primam

2399 3981 2463 4021 ac
2487 3969 2781 4023 secundam
2818 3970 3110 4038 profiteris,
3144 3986 3267 4024 cum
3300 3971 3635 4039 Apollinario
3658 3988 3742 4035 es,
3783 3979 3882 4044 qui
3916 3979 3985 4029 iu-

2400 4058 2708 4122 confusam,
2743 4069 2906 4128 atque
2938 4061 3404 4129 incorruptibilem
3448 4071 3730 4127 naturam,
3774 4068 3831 4118 in
3881 4070 3983 4137 pri-

2402 4162 2571 4209 mam,
2602 4157 2657 4201 ct
2686 4150 3008 4215 Secundam,
3030 4159 3083 4204 et
3108 4152 3320 4205 tertiam
3348 4166 3665 4221 personam,
3692 4157 3979 4226 majorem,

2402 4240 2695 4303 minorem,
2727 4251 2780 4295 et
2824 4242 3003 4295 adhuc
3041 4244 3305 4297 min07em
3352 4246 3674 4302 subdividit.
3718 4248 3809 4301 ιι.
3854 4253 3980 4304 (lunt

2402 4329 2568 4382 Deum
2600 4346 2664 4384 ex
2699 4332 2991 4385 contrariis
3023 4334 3348 4401 quibusdam
3386 4334 3702 4391 visibilibus
3747 4349 3807 4391 et
3851 4340 3982 4393 imi-

2407 4420 2684 4484 sililibus,
2714 4423 3297 4490 comprehensibilibus
3319 4434 3372 4478 et
3403 4425 3983 4494 incarnprehensibifi-

708 4520 1015 4582 convertit,
1058 4528 1111 4571 et
1162 4535 1269 4571 non
1300 4518 1409 4571 vult
1458 4528 1683 4570 mortem
1733 4518 2055 4585 I'eccatoris,
2104 4519 2197 4574 sed
2242 4530 2297 4572 ut
2330 4510 2375 4568 D
2405 4512 2525 4571 bus,
2561 4528 2761 4565 Ct)tttlul
2787 4514 3110 4568 n.caoilibns
3137 4524 3191 4568 et
3221 4516 3878 4580 ineorumunEcabilibns,
3907 4538 3983 4574 su-

728 4618 1098 4669 convertatur,
1133 4615 1186 4660 et
1228 4606 1407 4658 vivat:
1444 4610 1486 4661 si
1531 4620 1635 4657 non
1687 4607 1961 4669 suaderis,
2014 4619 2164 4660 tuum
2196 4609 2299 4660 erit

728 4698 911 4751 animo
941 4696 1181 4757 volvere,
1242 4695 1292 4746 in
1337 4705 1489 4762 quot,
1522 4706 1575 4747 et
1623 4706 1856 4762 quantas
1891 4696 2123 4749 ha:rcses
2165 4697 2297 4748 inci-

725 4792 822 4841 das
870 4786 963 4854 qui
992 4786 1284 4839 animabus
1314 4796 1365 4838 et
1399 4784 1489 4837 Dei
1524 4784 1777 4839 Ecclesia:
1824 4801 2057 4853 praeesse
2089 4785 2301 4840 institu-

728 4893 816 4932 tus
864 4894 958 4942 es,
998 4877 1246 4946 indiciis,
1294 4893 1413 4944 qute
1478 4876 1765 4932 imﬂabilis
1816 4878 1901 4930 ille
1937 4879 2122 4941 novit,
2178 4878 2300 4931 licet

730 4979 946 5036 propter
992 4968 1135 5021 illius
1186 4968 1405 5021 nimiam
1444 4970 1812 5029 tolerantiam,
1864 4968 2131 5033 Ecclesia,
2182 4970 2301 5023 aui-

727 5075 938 5128 ntaeque
964 5060 1059 5113 tibi
1092 5060 1421 5113 concredita:
1449 5076 1552 5111 non
1584 5061 1715 5112 sint.
1748 5060 1947 5113 Omnes
1977 5062 2159 5126 itaque
2190 5061 2299 5113 ine-

728 5166 877 5204 rcses
907 5166 997 5205 Der
1028 5159 1246 5204 sanctos
1277 5149 1463 5203 Patres
1494 5151 1653 5202 morti
1682 5149 1912 5211 traditas,
1948 5151 2295 5217 abolitmque,

728 5245 871 5295 sicca
913 5256 1038 5295 ossa
1088 5242 1306 5294 redditae
1343 5249 1492 5303 sunt,
1537 5240 1745 5309 absque
1779 5241 2058 5309 carnibus,
2094 5244 2299 5306 nervis,

730 5327 1045 5401 reliquaque
1089 5347 1369 5399 compage,
1407 5346 1533 5384 ecce
1570 5342 1621 5382 tu
1669 5330 1783 5398 ipse
1813 5332 2169 5398 regeneratis,
2214 5334 2297 5384 in—

730 5426 1092 5493 stant-alisque
1159 5424 1342 5476 stultis
1402 5423 1508 5475 tuis
1562 5422 1931 5491 dogmatibus,
1992 5425 2292 5491 Spiritum,

728 5533 985 5579 carnem,
1038 5528 1197 5585 atque
1249 5516 1623 5583 eompagincm
1682 5514 2033 5580 impertiens,
2087 5516 2295 5578 vivens,

733 5621 1063 5673 :mnnatnm,
1117 5620 1165 5661 et
1226 5624 1282 5661 se
1333 5624 1557 5661 movens
1610 5622 1812 5674 corpus
1864 5606 2089 5659 effecisti
2132 5624 2144 5659 :
2205 5623 2301 5673 pro

733 5706 911 5753 :illllit‘d
976 5705 1197 5754 deorum
1253 5700 1653 5753 multitudinem
1716 5699 1959 5761 habens,
2016 5708 2066 5749 et
2125 5700 2297 5765 igntnt

735 5802 879 5844 μύτιδι
900 5812 987 5845 sus
1018 5792 1104 5845 ἱ)ςί
1132 5792 1424 5844 lieclesiatn
1448 5791 1681 5857 spirans,
1710 5790 1863 5853 Cujus
1885 5787 2297 5843 fundamentum

2402 4605 2705 4670 perioribus
2756 4616 2807 4657 et
2848 4606 3201 4660 inferiorilms
3260 4609 3572 4676 componis,
3629 4626 3760 4663 cuin
3824 4611 3983 4664 Paulo

2404 4696 2764 4749 Samosateno
2809 4698 3104 4758 coitvenis,
3152 4698 3317 4751 Deum
3366 4699 3736 4768 compositum
3808 4712 3984 4755 astru-

2405 4796 2548 4837 cnte.
2590 4784 2674 4836 l2.
2712 4785 2846 4838 Cum
2882 4786 2963 4839 ais
2998 4787 3088 4839 Dei
3126 4786 3422 4840 Ecclesium
3460 4788 3509 4839 in
3553 4787 3764 4841 Christi
3803 4792 3985 4845 lucar-

2406 4874 2626 4929 natione
2674 4878 2968 4946 perlectam
3011 4895 3189 4932 rerum
3239 4880 3668 4947 theolotgiearuni
3714 4887 3985 4952 cngnitio-

2407 4981 2527 5017 nent
2561 4981 2666 5017 non
2711 4968 2987 5033 habuisse,
3014 4969 3107 5022 sed
3149 4986 3290 5023 nunc
3315 4972 3660 5039 postmodum
3688 4983 3784 5027 tua
3810 4988 3985 5035 astate,

2406 5072 2529 5109 eum
2565 5057 2773 5111 Manete
2805 5063 3133 5123 coneordas,
3166 5061 3407 5127 scipsum
3438 5061 3785 5117 Paraeletntn
3845 5082 3985 5121 asse-

2407 5157 2599 5211 rente;
2632 5150 2833 5201 etenim
2882 5150 2925 5201 si
2964 5148 3182 5203 Christo
3220 5151 3505 5203 incarnato
3550 5169 3644 5220 per
3687 5170 3824 5208 eum
3882 5173 3989 5225 per-

2407 5235 2544 5289 fecte
2583 5237 2879 5306 theologica
2925 5254 3030 5291 non
3074 5255 3265 5293 sumus
3309 5241 3571 5304 assecuti,
3616 5246 3717 5296 sed
3754 5256 3857 5299 tuo
3894 5250 3986 5302 hoc

2406 5342 2543 5390 atavo,
2584 5327 2935 5381 manifestum
2981 5340 3205 5399 apparet
3237 5342 3405 5384 unum
3441 5330 3730 5389 Trinitatis
3764 5350 3822 5391 te
3849 5357 3983 5401 esse.

2404 5419 2740 5473 l’aracletum
2766 5421 3066 5483 scilicet,ct
3087 5437 3207 5489 qua:
3228 5423 3450 5477 deerant
3476 5422 3611 5477 Filio
3629 5426 3983 5497 adimplesse.

2408 5511 2493 5563 15.
2516 5511 2650 5564 Cum
2678 5513 2948 5565 hominem
2980 5513 3278 5567 increatum
3305 5530 3427 5568 esse
3451 5518 3765 5579 contendis,
3799 5526 3980 5575 «adem

2405 5618 2520 5669 qua:
2551 5612 2600 5656 et
2639 5601 3004 5655 Monetlielitte
3047 5606 3227 5658 dicis:
3278 5605 3549 5674 siquidem
3582 5609 3625 5661 si
3682 5610 3852 5662 homo
3908 5634 3950 5662 tit

2408 5706 2624 5747 creatus
2658 5708 2763 5758 est,
2795 5704 2848 5746 et.
2874 5710 3003 5747 caro
3033 5696 3247 5748 Domini
3289 5697 3558 5762 inereata,
3592 5712 3645 5753 ct
3680 5708 3977 5754 δρινιιιιιισιω

2410 5795 2701 5854 utrumque
2746 5788 3047 5853 incrcatus,
3100 5800 3147 5841 et
3206 5788 3415 5855 eadem,
3476 5803 3527 5845 ct
3568 5808 3670 5847 una
3714 5798 3978 5849 voluntas.
