4104 6322
146 420 261 485 54³0

1306 421 1749 483 ϐιί.·Ε(ἶΟιὶυΜ
1783 420 2258 481 SENTENTHE.

3304 416 3408 479 80

150 542 239 594 H.
274 540 327 592 In
359 553 426 590 eo
454 553 584 591 sane
611 538 964 593 concorditer
989 538 1247 606 congruis
1273 552 1394 591 cum
1430 535 1725 605 Monolihy-
1758 540 1802 593 Α
1835 544 1884 586 ta
1919 523 2253 594 refellentcs,
2311 534 2454 586 hunc
2487 534 2539 585 in
2567 533 2786 585 modum
2811 531 3187 601 prardiramus.
3215 531 3308 583 sed
3354 540 3409 582 et

148 632 310 693 silis;
347 644 471 683 nam
519 630 564 683 si
615 630 775 682 homo
810 630 1106 694 increatus,
1140 638 1192 682 et
1244 629 1505 683 Dominus
1551 628 1717 681 veluti

154 722 319 773 homo
377 719 687 780 ini-reatus,
757 728 811 771 et
875 716 1019 771 Deus
1084 718 1358 772 inereatus
1423 718 1721 772 secundum

154 819 448 877 utrumque
499 809 663 863 unius
723 819 931 862 natura!
965 809 1238 862 inereatae.
1281 808 1368 862 15.
1399 807 1457 861 In
1512 809 1615 862 hoc
1658 809 1723 862 ad

152 900 480 954 sententiam
519 896 1042 964 Theopaschitarum
1074 897 1329 962 accedis;
1377 912 1502 952 nam
1554 901 1597 951 si
1645 898 1725 951 in-

154 1001 376 1045 creatus
406 989 674 1042 Dominus
705 998 765 1041 nt
795 990 980 1052 homo,
1008 1000 1060 1044 et
1102 978 1207 1043 una
1239 998 1433 1042 natura
1461 990 1512 1042 in
1545 1004 1611 1043 eo
1642 990 1727 1041 in-

154 1088 361 1143 creata,
404 1082 518 1147 ipsa
571 1089 764 1134 natura
802 1079 1040 1133 inci-cata
1083 1080 1137 1132 in
1194 1094 1356 1133 cruce
1407 1094 1566 1146 passa
1622 1089 1726 1134 est.

158 1170 251 1224 16.
288 1168 356 1224 Es
388 1179 444 1224 et
465 1171 517 1223 in
542 1169 1151 1238 AphthartudOcitarnm
1182 1170 1373 1225 lizeresi
1402 1186 1419 1235 ;
1446 1172 1650 1223 etenim
1681 1170 1729 1223 si

154 1262 347 1315 eadem
380 1272 595 1324 natura,
628 1269 684 1314 et
732 1276 838 1314 una
876 1260 930 1313 in
970 1260 1195 1313 Domino
1245 1261 1509 1322 incrcata,
1547 1269 1601 1312 et
1646 1260 1732 1313 in—

159 1356 533 1425 corruptibilis
563 1357 615 1409 in
648 1355 902 1424 passione
941 1362 995 1407 ct
1022 1369 1204 1408 cruce.
1242 1354 1329 1407 ΓΙ.
1361 1352 1545 1424 Neque
1572 1353 1623 1407 in
1670 1368 1734 1407 eo

158 1448 351 1502 dill'ers
395 1448 463 1500 ab
509 1444 898 1510 lconoclastis;
956 1462 1080 1499 nam
1117 1448 1161 1500 si
1209 1446 1483 1501 inereatus
1521 1455 1603 1500 est
1632 1446 1735 1498 Do-

161 1538 369 1599 minus.
405 1545 467 1591 ut
495 1539 680 1603 homo,
704 1546 757 1591 et
782 1539 1314 1606 incircumscriptus,
1342 1546 1735 1607 proptereaque

170 1643 273 1697 per
309 1637 360 1681 te
394 1642 573 1697 neque
618 1627 854 1697 imagine
898 1627 1284 1694 eXprimeodus
1310 1638 1413 1688 est.
1443 1629 1545 1681 hoc
1579 1642 1738 1681 venr—

164 1719 457 1772 randarum
512 1718 813 1788 imaginum
871 1719 1076 1773 cultum
1132 1720 1393 1773 destruis.
1441 1719 1529 1773 l8.
1584 1718 1738 1773 Facis

164 1825 292 1865 cum
344 1811 686 1866 Massalianis
733 1812 787 1865 in
820 1813 1017 1881 seipsis
1050 1812 1365 1866 universam
1413 1811 1506 1867 Dei
1554 1826 1740 1885 essen-

165 1902 299 1955 tiam
326 1902 527 1955 habere
550 1901 953 1955 clamitantibus
979 1919 994 1968 ;
1026 1903 1247 1965 etenim,
1280 1903 1324 1957 si
1362 1903 1635 1957 increatus
1658 1913 1740 1957 est

168 1992 337 2045 homo
363 2004 413 2044 et
444 2007 786 2061 quzrcunqne
837 1993 1072 2046 divinam
1106 2003 1361 2046 naturam
1393 2008 1737 2061 consequun-

169 2092 283 2145 tur,
319 2084 501 2136 omnia
539 2098 631 2151 per
671 2083 902 2149 gratiam
956 2084 1196 2138 increato
1232 2084 1528 2145 accedunt,
1580 2085 1639 2137 tit
1686 2092 1740 2137 et

168 2189 270 2243 per
298 2184 348 2229 te
380 2176 614 2228 essentia
650 2174 765 2227 Dei.
800 2174 882 2230 l9.
922 2175 1055 2229 Cum
1098 2177 1149 2229 in
1188 2176 1396 2231 Deitate
1431 2175 1570 2231 duas
1615 2191 1742 2231 cau-

167 2279 287 2329 sas,
323 2272 376 2317 et
408 2264 516 2317 duo
543 2265 804 2334 principia
833 2265 1111 2331 adstruas,
1154 2281 1374 2320 causam
1422 2267 1642 2334 quidem
1687 2272 1743 2319 et

170 2356 464 2428 pricipium
501 2354 646 2419 Filii,
676 2366 730 2409 et
757 2355 992 2425 Spiritus
1033 2355 1274 2417 Patrem,
1322 2357 1421 2409 tria
1455 2370 1581 2410 vero
1612 2369 1743 2410 cau-

170 2460 290 2501 sam
337 2454 391 2498 et
449 2445 780 2513 principium
822 2446 1183 2512 operationis,
1236 2460 1345 2497 non
1403 2445 1662 2499 abhorres
1715 2460 1741 2498 a

170 2535 406 2599 Latinis,
439 2534 493 2588 in
533 2534 826 2588 Divinitate
852 2536 987 2588 duas
1015 2550 1233 2599 causas,
1263 2545 1315 2589 et
1342 2536 1450 2588 duo
1483 2536 1743 2605 principia

172 2624 541 2694 ponentibus;
592 2638 756 2677 unam
807 2637 1028 2678 causam
1072 2621 1228 2687 Filii,
1280 2634 1333 2678 et
1374 2625 1610 2693 Spiritus
1651 2625 1752 2679 Pas

174 2724 339 2773 trem,
366 2718 423 2764 et
457 2709 619 2763 aliam
650 2726 872 2765 causam
905 2710 1140 2780 Spiritus
1171 2711 1412 2774 Patrem,
1443 2723 1494 2766 et
1528 2712 1746 2779 Filium,

172 2814 400 2855 causam
437 2809 491 2853 et
538 2800 893 2869 principium,
926 2798 1165 2864 Patrem,
1200 2815 1419 2855 causam
1453 2810 1506 2856 et
1553 2803 1751 2870 princi-

173 2895 327 2964 piun
381 2893 592 2947 Patrem
649 2908 703 2948 et
748 2894 966 2949 Filium.
1028 2893 1151 2950 llaec
1206 2896 1388 2965 itaque
1438 2897 1601 2950 veluti
1652 2895 1752 2951 do-

171 2994 357 3056 gmata
386 2993 666 3046 astruens,
716 2995 769 3039 et
808 2987 983 3053 palam
1030 2984 1264 3039 edocens
1314 2987 1407 3039 Dei
1457 2987 1750 3040 Eeclesiam

173 3074 468 3143 perun-bas
528 3075 788 3142 paciﬁcus
834 3073 1026 3143 praesul
1069 3082 1122 3127 et
1160 3073 1367 3142 paciﬁci
1407 3076 1756 3129 auditorne-

174 3176 486 3217 rumlamen
506 3164 745 3218 {traditus
764 3180 866 3217 non
884 3171 1115 3217 evertes.
1140 3161 1271 3217 Fide
1285 3164 1426 3217 enim
1447 3166 1640 3232 dignus
1653 3177 1754 3226 cst,

175 3255 565 3324 quipromisit,
592 3271 767 3325 neque
787 3266 965 3325 portas
985 3254 1143 3308 interi
1168 3255 1542 3324 prmvalituras
1567 3256 1758 3309 adrer-

177 3362 280 3402 sus
306 3361 447 3410 eam,
482 3362 652 3415 neque
675 3347 1046 3401 haereticorum
1074 3360 1167 3399 ora
1193 3344 1489 3400 eﬂ'reenata.
1518 3345 1596 3399 Ne
1612 3345 1759 3400 exal-

176 3441 435 3495 teoturin
456 3438 787 3506 semetipsis,
819 3439 911 3506 qui
939 3449 1282 3507 exasperant.
1313 3438 1562 3492 Aliorum
1596 3438 1762 3492 infor-

178 3529 330 3587 tunis
342 3530 570 3594 discant,
588 3543 684 3583 nec
699 3540 923 3582 mortem
937 3530 1184 3593 subeant,
1202 3530 1403 3583 dictum
1422 3529 1760 3601 estGregorii

177 3618 467 3688 Theologi;
492 3633 666 3688 neque
679 3618 822 3673 enim
838 3631 1019 3671 moras
1032 3619 1264 3687 ponetad
1281 3620 1642 3676 abscindenda
1656 3623 1763 3677 ha:-

179 3711 477 3764 retieorum
504 3710 705 3778 capita,
741 3708 1013 3763 Ecclesias
1035 3708 1129 3763 Dei
1162 3710 1675 3777 interturbantium,
1709 3722 1763 3767 et

182 3818 349 3855 ultam
368 3802 629 3856 Deitatein
654 3802 709 3855 in
733 3801 870 3855 duas
891 3799 1271 3865 dirideuttum,
1288 3801 1527 3856 abscissa
1548 3801 1727 3858 Deitas
1744 3843 1759 3868 ,

184 3891 533 3959 pessimeque
553 3891 722 3945 divisa
747 3890 799 3943 in
829 3889 1008 3959 majus
1025 3898 1079 3944 et
1106 3893 1305 3953 minus,
1327 3889 1538 3945 visibile
1553 3901 1607 3946 et
1624 3892 1762 3946 inri-

185 3982 382 4045 sibile,
438 3981 892 4035 eommunlcabile
941 3989 992 4034 et
1032 3979 1565 4036 inconnnunicabile.
1614 3980 1763 4035 Licet

182 4075 335 4129 enim
372 4083 592 4143 prepter
619 4072 930 4140 iniquitates
959 4080 1173 4125 nostras
1192 4071 1502 4143 tradantur,
1533 4085 1765 4140 namque

185 4164 650 4234 quemadmodum
681 4164 845 4216 rebus
884 4161 1047 4215 etiam
1077 4160 1128 4213 in
1165 4160 1288 4214 aliis
1331 4160 1510 4215 traditi
1553 4176 1762 4225 smnus,

188 4255 550 4310 nihilominus
574 4253 756 4307 nonad
775 4254 931 4305 tinem
961 4265 1131 4319 usque
1156 4266 1290 4304 nova
1319 4251 1445 4304 Sion
1466 4252 1764 4317 deseretur,

190 4345 403 4402 Christi
431 4360 652 4414 sponsa,
680 4344 770 4397 Dei
798 4341 1223 4405 Ecclesia,il|ius
1251 4342 1515 4409 sanguine
1547 4344 1766 4398 rubefa-

192 4448 311 4499 cta,
342 4445 395 4491 ct
425 4445 782 4504 expurgatazc
828 4431 967 4487 Ecce
1001 4433 1177 4503 enim,
1208 4438 1304 4502 ait,
1324 4448 1424 4503 ego
1458 4435 1659 4490 tradidi
1692 4446 1763 4498 te,

1825 624 2160 695 proﬁtemur.
2184 625 2470 679 Credimus
2492 624 2544 676 in
2569 624 2804 682 Patrem,
2826 620 3045 682 Filium,
3072 634 3121 673 et
3145 620 3236 689 Spi
3274 622 3405 673 itam

1828 725 2102 780 sanctum,
2135 726 2244 771 tres
2268 717 2648 786 proprietates,
2685 729 2847 768 unam
2900 715 3165 767 Deita'em
3198 729 3213 778 ;
3303 722 3407 765 tres

1828 810 2172 880 hypostases,
2207 824 2368 862 unam
2407 807 2714 872 Deitatenr;
2759 818 2868 861 tres
2900 820 3183 876 personas,
3244 819 3408 858 unam

1828 900 2111 958 Deitatem.
2148 915 2309 953 unam
2347 900 2665 965 essentiam,
2701 915 2863 953 unam
2893 908 3167 961 naturam,
3193 895 3403 960 simpli-

1831 1006 1970 1053 cem,
2002 991 2295 1061 aqualem,
2356 991 2672 1054 indiviSam,
2724 988 3090 1051 inconfusam,
3164 988 3407 1044 unicam,

1830 1081 2147 1137 Trinitatem
2185 1083 2237 1135 in
2273 1083 2503 1147 unitate,
2549 1083 2880 1136 ctunitatcm
2916 1082 2968 1134 in
2995 1079 3262 1133 Trinitale
3284 1078 3415 1130 ado-

1831 1179 2030 1237 ratam,
2059 1182 2112 1226 et
2137 1174 2360 1227 cultam.
2385 1174 2577 1227 Alieno
2607 1188 2736 1227 vero
2762 1187 2868 1225 non
2890 1172 3133 1225 animum
3155 1169 3398 1223 intende-

1833 1279 1954 1318 mus
1984 1285 1999 1336 ;
2038 1282 2209 1335 neque
2230 1266 2373 1319 enim
2407 1280 2593 1318 vocem
2623 1266 2922 1319 alienorum
2952 1265 3105 1331 sequi
3134 1265 3411 1328 norimus;

1836 1371 2014 1429 neque
2052 1368 2124 1421 te,
2157 1358 2248 1428 qni
2308 1356 2622 1425 pradonum
2656 1357 2829 1409 instar
2859 1355 3077 1407 aliunde
3100 1353 3414 1417 intruderis,

1832 1462 1885 1507 et
1916 1466 2023 1505 non
2057 1465 2151 1515 per
2184 1459 2397 1517 portam
2440 1446 2493 1499 in
2535 1446 2718 1498 ovium
2751 1444 2963 1497 caulam
2987 1443 3414 1513 ingrederis.Sic

1836 1556 1999 1611 porro
2042 1540 2353 1597 adorantes.
2412 1537 2491 1593 sic
2537 1545 2807 1599 tenentes,
2858 1544 2913 1590 et
2966 1536 3046 1589 s'e
3096 1542 3421 1587 venerantes

1839 1632 2053 1685 unicam
2094 1629 2152 1683 in
2186 1629 2355 1682 tribus
2374 1625 2624 1696 personis
2647 1625 2936 1687 Deitatcm,
2957 1624 3245 1694 promissis
3300 1639 3421 1675 cer-

1839 1724 1909 1777 tis
1939 1721 2383 1782 constahilimur,
2416 1733 2534 1772 eam
2570 1734 2671 1773 nos
2733 1716 3047 1785 perfectius,
3113 1726 3166 1769 et
3225 1715 3419 1785 purius

1841 1814 2079 1875 visuros,
2107 1827 2214 1866 non
2249 1812 2301 1865 in
2335 1810 2645 1880 aenigmate,
2672 1807 2766 1861 sed
2810 1807 2950 1860 facie
2982 1806 3045 1859 ad
3076 1803 3295 1861 faciem.
3362 1804 3416 1855 in

1768 1881 1814 1940 Β
1842 1906 1936 1961 illo
1967 1903 2259 1958 immortali
2298 1916 2485 1970 regno,
2518 1900 2866 1968 etjustorum
2903 1897 3161 1951 frnitione
3208 1913 3223 1950 :
3262 1895 3420 1964 cujus

1840 1994 2069 2060 visionis
2100 1994 2305 2047 utinam
2337 1991 2440 2061 ipsi
2478 1988 2772 2063 participes
2795 1988 3115 2051 etIieiamnr,
3144 1995 3197 2039 et
3220 1995 3270 2038 te
3314 1985 3416 2038 ali—

1843 2087 2061 2156 quando
2090 2085 2374 2155 ptenitcati,
2403 2083 2595 2152 gratia,
2626 2091 2677 2135 et
2705 2080 3100 2136 misericordia.
3133 2086 3187 2133 et
3215 2078 3379 2129 Imma
3402 2107 3414 2116 -

1843 2180 2012 2233 nitate
2042 2176 2252 2230 Demini
2278 2174 2445 2229 nostri
2505 2171 2632 2227 Jcsu
2674 2172 2899 2231 Christi,
2937 2171 3023 2223 cui
3050 2169 3273 2224 addecet
3302 2184 3423 2220 mn-

1844 2271 1929 2325 nis
1966 2268 2157 2337 gloria,
2190 2267 2383 2329 honor,
2407 2274 2460 2319 et
2487 2265 2756 2329 adoratio,
2814 2278 2936 2316 eum
3002 2261 3245 2327 ejusdem
3300 2258 3421 2312 sine

1844 2360 2111 2430 principio
2142 2356 2326 2421 Patre,
2358 2356 2471 2411 sola
2506 2364 2755 2415 eausa,et
2789 2354 3164 2418 sanctissimo,
3196 2359 3249 2406 et
3305 2352 3409 2405 ho-

1846 2468 1937 2515 no,
1963 2459 2016 2506 et
2045 2450 2259 2505 viviﬁco
2287 2450 2432 2504 illius
2454 2448 2684 2516 Spiritu,
2707 2448 2797 2499 uni
2828 2455 2881 2499 et
2907 2448 2959 2499 in
2985 2446 3153 2500 livisze
3192 2447 3415 2511 Dcitati,

1848 2559 2019 2611 nunc,
2054 2553 2109 2599 et
2141 2557 2376 2611 semper,
2411 2550 2461 2593 et
2498 2541 2550 2592 in
2583 2540 2779 2593 sarcula
2806 2538 3151 2593 smenlorum.
3185 2539 3416 2594 Amen.»

1849 2633 2000 2688 Alter
2033 2641 2159 2687 est:
2229 2632 2292 2684 Ἦ
2327 2631 2425 2697 μὲν
2480 2630 2631 2700 παρὰ
2665 2627 2759 2681 τοῦ
2791 2629 2994 2697 Κυρίου
3051 2629 3211 2698 ἡμῶν
3251 2630 3427 2697 Ἰησοῦ

1848 2724 2107 2794 Χριστοῦ.
2141 2723 2233 2776 καλ
2264 2722 2369 2774 τῶν
2403 2721 2574 2787 ἁγῖων
2614 2719 2893 2789 μαθητῶν,
2959 2719 3055 2771 καὶ
3111 2720 3428 2773 ἀποστόλων

1851 2814 2038 2879 αὑτοῦ,
2073 2814 2165 2866 καὶ
2188 2813 2294 2864 τῶν
2322 2802 2482 2882 ἱερῶν
2509 2808 2830 2878 προφητῶν,
2854 2810 2947 2861 καὶ
2975 2809 3083 2861 τῶν
3110 2810 3271 2863 Θείων
3300 2827 3430 2863 συν-

1852 2904 2008 2961 όδων,
2043 2904 2134 2955 καὶ
2162 2903 2381 2954 πάντων
2410 2899 2519 2952 τῶν
2555 2900 2831 2969 θεοφᾶρων
2862 2899 3140 2968 Πατέρουν,
3172 2903 3263 2952 καὶ
3288 2900 3434 2952 διξα-

1858 2993 2071 3045 σκάλων
2106 2991 2477 3060 παραδοθεῖσα
2508 2989 2696 3052 πίστις
2733 2991 2869 3057 ἡμῖν
2898 2991 2992 3041 καὶ
3030 2989 3280 3043 εὐσέϐεια
3321 2994 3429 3043 πᾶ·

1858 3084 1940 3136 σίν
1966 3087 2081 3137 ἐστι
2112 3082 2375 3152 πρόδηλος
2398 3084 2493 3135 καὶ
2512 3083 2722 3151 φανερὰ
2749 3084 2862 3142 τοῖς
2892 3081 3214 3150 μετέχουσιν
3238 3082 3428 3148 αὖτ’-ς.

1862 3174 2277 3260 Πανταχοῦογὰρ
2312 3173 2654 3242 ὁμολογεῖται
2697 3168 2775 3233 εἷς
2808 3172 2941 3234 Θεὸς
2972 3173 3377 3237 τρισυπόστατο
3417 3212 3432 3231 .

1819 3257 1828 3282 ³
1860 3267 1952 3318 καὶ
1983 3257 2210 3334 ποιητὴς
2238 3263 2450 3333 ὁρατῶν
2484 3279 2541 3315 τε
2578 3261 2798 3315 πάντων
2832 3262 2926 3314 καὶ
2959 3262 3227 3329 ἀοράτων,
3261 3264 3336 3324 ὡς
3378 3266 3435 3314 ἐν

1858 3357 1936 3424 τῷ
1963 3357 2101 3425 ἁγίῳ
2135 3354 2234 3422 τῆς
2268 3354 2504 3415 πίστεως
2541 3353 2796 3423 συμϐόλῳ
2825 3352 3199 3421 ὁμολογεῖται.
3221 3355 3433 3423 Πατὴρ,

1860 3447 2009 3512 Υἱὸς,
2050 3463 2144 3497 και
2173 3444 2391 3513 Πνεῦμα
2430 3444 2607 3511 ἅγιον,
2628 3444 2777 3510 τρεῖς
2810 3443 3157 3505 ὑποστάσεις,
3190 3442 3289 3511 μία
3314 3444 3435 3496 Θεό·

1860 3556 1956 3608 της
1989 3537 2158 3606 ἁπλῆ.
2202 3535 2452 3604 ἀόρατος,
2508 3532 2768 3595 ἁνείδεος,
2806 3532 3238 3599 ἀσχημάτιστος,
3300 3533 3439 3613 ἀῃμέ..

1864 3643 2067 3698 ριττος,
2124 3626 2451 3694 ἀδιαίρετος,
2516 3621 2794 3691 πανταχοῦ
2858 3638 2917 3674 τε
2968 3622 3218 3690 παροῦσα
3247 3622 3340 3675 καὶ
3370 3626 3436 3673 τὰ

1864 3719 2041 3769 πάντα
2068 3714 2379 3786 πληροῦσα,
2425 3714 2518 3766 καὶ
2549 3714 2727 3766 πάντα
2753 3712 3077 3782 ἐνεργοῦσα.
3126 3714 3202 3766 Οὐ
3236 3716 3433 3783 μικρὸν

1862 3810 1921 3861 ὲν
1954 3807 2139 3875 ἐκείνῃ
2178 3808 2270 3858 καὶ
2305 3805 2469 3874 μέγα,
2499 3805 2617 3857 οὑδὲ
2662 3805 2916 3871 ἀνισότης
2954 3807 3045 3856 καὶ
3087 3806 3435 3874 ἀνομοιότης,

1864 3899 1999 3952 ἀλλὰ
2034 3898 2182 3950 πᾶσα
2216 3895 2396 3964 ἰσότης
2427 3896 2520 3947 καὶ
2570 3897 2846 3963 ὁμοιέτης.
2876 3894 3028 3962 Αὕτη
3050 3894 3141 3947 οῦν
3171 3895 3204 3965 ἠ
3256 3896 3437 3955 uicti;

1863 3991 1960 4060 τῆς
1992 3989 2154 4055 ἁγίας
2177 3989 2270 4039 τοῦ
2310 3984 2445 4038 Θεοῦ
2478 3985 2778 4053 καθολικῆς
2806 3986 2901 4038 καὶ
2932 3987 3299 4053 ἀποστολικῆς
3322 3988 3443 4039 Ἐκ-

1868 4081 2096 4150 κληοίας
2133 4077 2219 4130 διὰ
2253 4078 2351 4147 μὲν
2388 4077 2447 4129 τὸ
2477 4076 2909 4145 τρισυπόστατον
2959 4079 3056 4146 τῆς
3096 4078 3351 4145 θεότητος
3382 4080 3443 4128 τὸ

1867 4172 2125 4242 φρόνημα
2153 4171 2263 4225 τῶν
2316 4170 2583 4223 Ἰουδαίων
2619 4170 2939 4232 κατέϐαλεν,
2971 4172 3169 4233 οἵτινες
3214 4188 3443 4223 πιστευ-

1867 4281 1985 4318 ουσι
2009 4262 2443 4331 καὶὸμολογοῦσι
2472 4262 2627 4323 Θεὸν,
2658 4262 2717 4313 οὐ
2751 4261 3184 4330 τρισυπόστατον
3200 4262 3277 4325 δὲ,
3305 4261 3441 4314 ἀλλὰ

1870 4356 2295 4426 μονοπρόσωπον
2343 4354 2431 4406 διὰ
2455 4353 2512 4406 δὲ
2535 4352 2594 4406 τὸ
2618 4352 2905 4421 μοναδικδν
2934 4354 3103 4419 αὐτῆς
3127 4355 3219 4407 καὶ
3246 4355 3443 4423 ἀμέρι-

1873 4464 1997 4499 στον
2022 4446 2120 4515 τὴν
2154 4444 2262 4498 τῶν
2301 4444 2571 4513 Ἑλλήνων
2605 4443 2896 4497 πολυθεῖαν
2917 4444 3191 4509 ἀπήλασε,
3231 4448 3324 4499 καὶ
3348 4450 3445 4514 τὴν

192 4540 253 4584 et
276 4542 376 4597 ego
405 4541 561 4594 opem
601 4526 766 4581 feram
798 4527 929 4581 tibi:
960 4530 1010 4580 in
1032 4544 1195 4597 parvo
1231 4530 1413 4583 furore
1445 4529 1751 4597 percusiste,

1882 4537 2115 4607 ‘Apsiou,
2168 4536 2262 4588 καὶ
2302 4534 2571 4604 Εὐνομίου
2607 4538 2713 4587 τῶν
2741 4535 2918 4589 ἀθέων
2949 4537 3243 4604 αἱρετικῶν
3273 4555 3440 4589 κατς-

193 4631 255 4678 et
309 4621 359 4673 in
397 4618 723 4685 sempiterna
771 4619 1143 4674 misericordia
1178 4622 1490 4689 gloriticabo
1525 4631 1595 4675 te.
1636 4640 1654 4672 ι
1688 4618 1767 4673 In.

194 4712 461 4769 credibile
487 4721 593 4780 est,
621 4719 824 4780 quanto
874 4714 1171 4779 punitionis
1214 4728 1519 4765 mensuram
1558 4720 1769 4765 antecat

199 4810 537 4864 humanitas.
564 4808 870 4862 «Modicum
899 4808 1063 4867 enim,
1093 4806 1187 4867 ait,
1215 4805 1599 4859 haereditabitis
1620 4818 1771 4857 mon-

199 4911 311 4957 tem
352 4906 604 4955 sanctum
635 4914 813 4953 meum
858 4897 1173 4963 ;modieum
1231 4896 1372 4964 apud
1436 4896 1769 4962 alienigenas

198 5006 333 5056 arca
361 5007 376 5045 :
413 5006 557 5045 nunc
597 4988 873 5058 paululum
905 4989 957 5041 in
980 4989 1153 5041 a!iena
1185 4987 1509 5040 insolentius
1543 4995 1595 5039 te
1621 5002 1768 5054 gere,

197 5093 258 5140 et
282 5082 477 5151 placita
500 5078 1174 5149 explemuemadmodum
1218 5076 1365 5130 enim
1421 5090 1505 5129 me
1574 5076 1772 5144 ejicere

200 5175 387 5228 conati
409 5173 563 5236 estis,
589 5173 663 5225 ita
686 5181 737 5224 et
767 5170 881 5239 ipse
910 5154 1122 5237 ejiciam
1152 5184 1267 5231 vos,
1298 5168 1429 5220 dicit
1498 5166 1759 5219 Dominus

201 5262 602 5323 omnipotens.»
634 5259 711 5315 De
744 5262 852 5313 tuis
879 5260 1056 5327 itaque
1081 5259 1444 5327 dogmatibus,
1487 5268 1539 5310 et
1561 5270 1771 5309 summo

203 5363 472 5417 occupato
503 5352 806 5406 sacerdotio
844 5350 913 5403 ita
948 5350 1061 5418 ipse
1085 5352 1341 5410 sentio,et
1377 5362 1499 5416 spes
1524 5364 1606 5401 me
1629 5357 1773 5400 tenet

207 5445 286 5497 ita
319 5441 580 5494 futurum.
612 5440 751 5505 Quin
788 5440 897 5492 imo
924 5442 1166 5507 apprime
1203 5439 1350 5500 novi,
1385 5450 1436 5491 et
1462 5438 1769 5495 coniido,ct

209 5532 445 5587 ﬁrmiter
472 5544 652 5593 teneo,
681 5532 983 5585 Salvatoris
1030 5530 1489 5599 promissionibus
1551 5530 1773 5583 indubie

209 5626 583 5678 sunlirmatus.
618 5622 723 5675 Nos
756 5638 883 5677 vero
907 5623 1279 5690 apostolorum
1305 5622 1769 5689 pt'aidicatimiem,

202 5723 253 5767 ει
283 5718 540 5777 dogmata
564 5714 805 5778 Patrum,
829 5726 1254 5781 sanctorumque
1278 5715 1521 5765 omnium
1546 5728 1777 5778 sequen-

206 5808 318 5871 tes,
353 5818 456 5855 ron
486 5805 549 5853 ἀι·
584 5804 685 5858 lleo
714 5806 1075 5870 decernimus,
1110 5808 1198 5857 sed
1221 5805 1523 5859 exetraitda
1549 5804 1740 5863 domno

2742 4627 2768 4639 α

1872 4630 2044 4698 τομὴν
2074 4628 2172 4696 τῆς
2198 4627 2486 4697 Θεότητος.
2528 4627 2587 4679 '0
2620 4627 2674 4679 δὲ
2710 4627 2803 4680 νῦν
2842 4627 3202 4696 αἰρεσιάρχης
3226 4631 3252 4681 ὁ
3286 4629 3446 4697 λεγό-

1876 4733 2031 4787 μενος
2081 4717 2346 4781 [Ιαλαμᾶς
2383 4716 2562 4768 πάντα
2616 4716 2683 4767 τὰ
2734 4714 2979 4782 δόγματα
3040 4716 3138 4782 τῆς
3167 4717 3325 4783 ἁγίας
3353 4718 3445 4768 τοῦ

1871 4807 2008 4857 Θεοῦ
2046 4806 2391 4874 Ἐκκλησίας,
2418 4805 2513 4857 καὶ
2546 4806 2727 4857 πᾶσαν
2761 4808 2858 4872 τὴν
2880 4806 3060 4857 πίστι-ι
3091 4808 3247 4877 ἡμῶν
3276 4826 3446 4860 κατα-

1872 4896 1989 4948 λύει
2016 4897 2126 4956 τοῖς
2157 4894 2354 4947 ἑαυτοῦ
2386 4896 2602 4963 μιαροῖς
2652 4895 2745 4947 καὶ
2779 4894 3169 4955 ἀσεϐεστάτοις
3210 4895 3444 4963 δόγματι

1873 4992 1967 5040 καὶ
1992 4988 2307 5055 διδάγμασι,
2344 4990 2437 5039 καὶ
2473 4988 2690 5038 πάντων
2739 4990 2888 5037 ἐστὶν
2923 4988 3217 5054 αἱρετικὼν
3247 4988 3440 5037 ἀσεῧέ-

1876 5096 2092 5140 στατος.
2142 5078 2227 5139 Ὠς
2258 5077 2495 5144 ἀνεφάνη
2528 5076 2627 5144 μὲν
2680 5076 2964 5145 προδήλως
3018 5077 3249 5129 ὲνταῦῧα
3295 5078 3442 5145 πάσῃ

1872 5174 1938 5239 τῇ
1983 5167 2277 5237 Ἐκκλησία
2308 5167 2399 5219 τοῦ
2437 5166 2595 5230 Θεου,
2635 5168 2723 5216 καὶ
2760 5166 3040 5234 empsim
3091 5166 3193 5232 πρὸ
3225 5166 3441 5233 κατροῦ,

1875 5262 1948 5320 ὡς
1968 5259 2124 5327 μέλος
2156 5257 2413 5325 σεσηπὺς,
2440 5259 2533 5308 καὶ
2551 5256 2769 5308 ἀνίατον
2799 5256 2887 5306 ὑπ’
2923 5257 3088 5323 αὐτῆς
3162 5255 3441 5323 eisab/nas

1874 5352 1931 5403 δὲ
1965 5350 2059 5401 νῦν
2088 5350 2176 5403 διὰ
2230 5350 2324 5409 τὰς
2366 5348 2640 5417 ἁμαρτίας
2698 5348 2875 5416 ἡμῶν,
2942 5350 3140 5415 μᾶλλον
3188 5348 3243 5400 δὲ
3281 5350 3365 5399 ἵνα
3397 5353 3445 5398 οἱ

1874 5443 2086 5501 δόκιμοι
2122 5442 2343 5507 φανεροὶ
2372 5442 2659 5504 γένωνται,
2681 5438 2753 5500 ὥς
2780 5456 2943 5505 φησιν
2966 5442 2989 5489 ὁ
3020 5440 3160 5500 Osis;
3193 5441 3245 5491 Ἀ
3260 5441 3446 5488 πόστο-

1875 5533 1984 5591 λος.
2020 5534 2165 5591 Mtﬁ;
2211 5534 2337 5596 γὰρ,
2368 5532 2441 5590 ὡς
2501 5532 2739 5597 εἴρηται,
2774 5536 3209 5597 τρισυποῖτατου
3242 5533 3442 5596 θεότη-

1880 5642 1966 5683 τος
2029 5623 2468 5691 ὁμολογουμένης
2499 5626 2631 5691 ἡμῖν
2681 5624 2858 5690 ἁπλῆς
2908 5641 2965 5672 τε
3002 5626 3093 5674 καὶ
3126 5625 3442 5689 ἀμερίστου,

1879 5716 2038 5776 alb;
2074 5716 2274 5776 πολλὰς
2314 5714 2573 5781 κηρύττει
2600 5715 2857 5779 Οεότητα.
2907 5716 3107 5782 μικρὰς
3148 5717 3237 5764 καὶ
3273 5718 3445 5777 μεγα-

1878 5809 1996 5872 λας,
2054 5810 2145 5860 καὶ
2200 5809 2395 5873 διαιρεῖ
2442 5807 2539 5873 τὴν
2578 5810 2703 5873 μίαν
2736 5824 2759 5857 τ
2786 5808 2938 5874 εύτην
2977 5809 3051 5868 εἰς
3090 5808 3183 5867 τὰς
3223 5804 3417 5864 πολλάς
