4104 6322
122 449 228 512 8‘73

1286 433 1720 497 GRECORUM
1770 428 2241 505 SENTENTLE.

3293 411 3400 471 SH

125 564 293 633 polis,
323 571 371 615 et
418 558 677 629 apostolis
710 556 873 619 illius,
911 569 1122 608 necnon
1168 552 1344 607 sacris
1400 550 1701 618 prOpl‘lcliS,
1738 550 1783 601 Α
1809 552 1861 595 et
1896 551 2198 595 macedonu
2226 588 2239 609 ,
2276 546 2329 590 et
2360 535 2810 590 Massalianorum
2838 573 2850 595 ,
2901 540 2955 587 et
2991 530 3398 633 Bogomilormn

124 654 443 721 divinisque
493 648 738 716 synodis,
769 656 821 699 rt
869 646 1127 699 omnibus
1157 644 1380 697 deiferis
1429 639 1704 698 Patribns,

124 755 182 798 et
234 742 507 810 magistris
538 740 694 792 nobis
724 737 925 791 tradita
965 736 1117 797 fides,
1151 742 1205 788 et
1238 734 1415 801 pietas
1452 730 1708 782 omnibus

126 847 249 883 eam
284 827 711 898 pOSsidcutibus.
743 824 1029 879 manifesta
1083 834 1166 877 est
1188 832 1241 876 et
1269 831 1471 890 aperta.
1494 818 1597 873 Ubi
1624 835 1709 884 ,nc

126 923 275 976 enim
307 936 498 974 omnes
532 920 856 988 profitentur
906 916 1068 969 Deum
1102 932 1269 969 unum
1296 915 1352 968 in
1387 915 1560 968 tribus
1595 927 1714 979 per-

128 1011 303 1072 sonis,
338 1007 629 1062 visibilium
663 1006 910 1057 omnium
945 1015 997 1058 et
1029 1003 1390 1058 invisibilium
1428 1002 1711 1063 factorem,

126 1100 594 1168 quemadmodum
632 1097 687 1148 in
724 1112 885 1149 sacro
922 1095 1041 1150 fidei
1096 1096 1346 1164 symbqu
1401 1096 1710 1147 astruitur:

127 1188 545 1254 Pater,'Filius.
578 1197 632 1243 et
664 1187 905 1256 Spiritus
936 1196 1182 1249 sanctus,
1216 1196 1325 1240 tri-s
1367 1187 1711 1255 hypoStases,

130 1298 242 1334 una
282 1282 481 1344 Deitas,
515 1279 745 1343 simplex
773 1319 786 1338 ,
832 1278 1144 1339 invisibilis,
1199 1278 1471 1341 informis,
1509 1277 1711 1328 nullam

134 1374 362 1441 figuram
399 1373 689 1441 recipiens,
726 1369 1027 1431 individua,
1064 1369 1314 1431 indivisa,
1346 1369 1548 1438 ubique
1582 1382 1717 1435 prm-

129 1482 280 1529 sens,
315 1466 497 1520 omnia
555 1465 804 1532 egplens,
861 1471 922 1515 et
970 1463 1151 1514 omnia
1211 1460 1450 1514 efficiens
1488 1475 1501 1508 :
1543 1460 1597 1511 in
1647 1474 1714 1512 ea

134 1574 312 1625 ιιιιιιυρ
354 1570 613 1624 magnum
648 1564 748 1613 est,
784 1567 959 1621 neque
990 1566 1213 1622 parvum
1240 1592 1255 1616 ,
1285 1551 1627 1619 inaequalitas
1664 1560 1718 1604 et

132 1648 525 1705 dissimilitudo
582 1647 726 1699 nulla
760 1689 772 1709 ,
828 1646 922 1699 sed
958 1661 1117 1713 :cqua
1155 1645 1335 1697 omnia
1390 1657 1444 1698 et
1492 1645 1712 1699 similia.

134 1744 264 1797 llaec
316 1743 498 1809 itaque
535 1749 740 1793 sancta:
789 1736 881 1790 Dci
956 1738 1243 1791 catholicae
1296 1746 1349 1789 et
1404 1736 1717 1805 apostolicae

1814 637 2031 688 decreta
2068 631 2325 686 stabiliat.
2377 628 2545 681 Plane
2586 628 2731 681 enim
2776 625 3008 679 Satanas
3049 622 3216 678 menti
3251 621 3399 676 illius

1816 727 2069 780 tenebras
2099 723 2317 787 offudit,
2351 730 2405 775 et
2428 721 2595 773 variis
2628 718 2965 787 imaginibus
2998 714 3235 778 obsedit,
3260 725 3310 768 et
3346 715 3400 765 in

1816 820 2039 876 mulras.
2095 832 2231 882 quas
2279 822 2524 867 intuetur
2568 811 2826 874 Deitates,
2859 819 2911 863 et
2947 808 3135 876 plures
3178 807 3404 875 Spiritus

1816 910 2138 979 dispartitus
2169 917 2274 961 est.
2303 907 2364 959 Et
2402 906 2606 965 lumen,
2641 904 2786 974 quod
2816 904 2933 971 ipse
2965 901 3133 964 videt,
3166 899 3406 954 tenebrae

1818 1012 1961 1061 sunt,
1997 1016 2120 1055 cum
2157 1000 2390 1053 Satanas
2438 998 2577 1065 apud
2630 998 2807 1065 ipsum
2861 996 2913 1047 in
2956 996 3206 1063 angelum
3265 991 3406 1045 lucis

1820 1092 2269 1155 transformatur,
2306 1101 2365 1145 ut
2411 1091 2486 1143 ait
2521 1088 2835 1157 Apostolus.
2874 1086 2936 1139 Et
2968 1100 3090 1153 quae
3122 1086 3240 1152 ipse
3272 1098 3407 1136 con-
3459 1105 3463 1108 λ

1819 1186 1979 1254 Spicil
2010 1184 2294 1252 corporeis
2323 1182 2540 1245 oculis;
2584 1183 2902 1247 fateturque
2948 1191 3068 1232 esse
3117 1173 3230 1229 Deo
3273 1172 3411 1226 infe-

1820 1280 1965 1331 riora
2000 1278 2210 1330 intinite
2242 1274 2523 1332 infinitics.
2560 1272 3023 1341 quemadmodum
3047 1276 3117 1320 'et
3148 1276 3412 1319 creatura:

1824 1373 1915 1425 Dei
1947 1371 2158 1433 tribuit,
2200 1380 2464 1436 vocatque
2492 1363 2828 1431 essentialia,
2864 1372 2919 1415 et
2951 1358 3224 1414 naturalia
3272 1355 3365 1411 Dei
3394 1396 3409 1414 ,

1823 1464 2173 1531 βιωρὶμὶιινιιιρ
2214 1462 2391 1519 nobis,
2430 1468 2572 1512 utea
2608 1468 2958 1518 veneremur,
2989 1462 3248 1521 tanquam
3280 1452 3414 1503 deus

1824 1557 2121 1618 increatos,
2158 1566 2210 1607 et
2262 1552 2497 1605 Deitatcs
2546 1564 2560 1603 :
2600 1560 2653 1603 ct
2694 1549 2774 1603 sic
2809 1563 2919 1602 non
2966 1554 3178 1600 tantum
3224 1544 3277 1597 in
3314 1543 3416 1596 im-

1823 1664 2039 1702 manem
2075 1644 2481 1699 multitudinem
2515 1685 2530 1709 ,
2562 1652 2617 1698 et
2650 1641 3028 1710 prodigiosam
3061 1639 3415 1708 partitionem

1824 1742 2035 1795 Numen
2068 1739 2227 1793 dictis
2263 1736 2380 1791 suis
2414 1734 2698 1801 disrerpit,
2732 1748 2923 1787 verum
2960 1733 3124 1785 etiam
3159 1732 3415 1799 simplex.

135 1833 398 1888 Ecclesia:
433 1831 588 1897 ﬁdes,
627 1846 723 1899 per
752 1838 862 1882 tres
894 1828 1115 1883 Deitatis
1145 1830 1468 1900 hypostases
1503 1827 1722 1883 Judaeu-

1832 1834 2145 1894 indivisum,
2180 1829 2405 1898 sequale
2435 1838 2599 1895 atque
2630 1828 2888 1887 informe,
2925 1825 3320 1893 compositum,
3359 1836 3419 1876 ut

137 1941 263 1977 rum
301 1924 643 1991 opinationcs
694 1920 971 1983 convellit,
1005 1919 1095 1987 qui
1120 1923 1349 1974 credunt
1381 1920 1721 1989 fatenturque

136 2013 331 2070 Deum.
374 2020 429 2064 at
466 2026 577 2063 non
616 2010 669 2063 in
720 2010 896 2063 tribus
946 2010 1364 2079 hypostasibus,
1420 2010 1516 2063 sed
1574 2026 1718 2075 una;

136 2120 237 2172 per
265 2105 525 2157 unitatem
564 2100 736 2170 ipsius
787 2101 1161 2165 individuam,
1220 2102 1378 2171 plura
1434 2101 1719 2170 gentilium

138 2196 368 2248 numina
428 2192 721 2261 proﬂigat:
770 2207 978 2246 necnon
1016 2191 1169 2256 Arii,
1212 2191 1579 2261 Eunomiique
1623 2194 1724 2246 im-

138 2286 357 2354 piorum
408 2285 789 2337 haereticorum
825 2282 1054 2336 Deitatis
1087 2284 1483 2338 concisionem.
1514 2280 1723 2338 Recens

139 2392 276 2432 vero
301 2374 662 2429 liaaresiareha
696 2376 915 2428 nomine
942 2374 1213 2438 Palamas,
1241 2375 1495 2427 universa
1526 2387 1724 2429 saneta:

144 2468 238 2523 Dei
298 2465 556 2520 Ecclesia:
593 2466 845 2533 dogmata
869 2504 882 2528 ,
922 2476 996 2519 et.
1023 2466 1181 2519 [idem
1224 2473 1469 2519 nostram
1505 2465 1725 2519 univcr-

140 2574 286 2617 sam.
318 2558 432 2611 suis
459 2557 810 2611 exsecrandis
866 2572 929 2610 ac
968 2556 1312 2625 impiissimis
1364 2556 1710 2627 dogmatibus

140 2660 197 2705 ct
245 2648 509 2703 doctrinis
543 2646 866 2712 confundit,
916 2648 1295 2701 hmrcticprum
1331 2649 1574 2701 omnium
1630 2664 1725 2701 ne—

141 2742 462 2813 quissimus.
504 2739 607 2806 Qui
656 2739 832 2807 palam
865 2737 956 2793 hic
995 2740 1049 2793 in
1088 2738 1328 2794 Ecclesia
1363 2738 1454 2794 Dei
1506 2755 1727 2809 compa-

145 2848 297 2893 rens,
336 2831 496 2900 paulo
534 2840 658 2885 ante
691 2842 951 2898 tanquam
983 2830 1288 2885 membrum
1321 2831 1649 2893 marcidum,
1674 2841 1728 2884 et

146 2924 474 2978 medicinam
526 2938 633 2975 non
677 2921 997 2984 admittens,
1035 2920 1103 2974 ab
1139 2922 1329 2975 eadem
1363 2921 1573 2991 eiectus
1619 2931 1724 2977 cst.

149 3015 462 3069 Coininovit
495 3022 677 3067 autem
733 3013 857 3082 ipse
881 3012 1048 3066 multa
1089 3022 1311 3080 propter
1366 3026 1586 3083 peccata
1633 3030 1729 3067 no-

144 3118 286 3172 stra,
321 3108 450 3175 quin
483 3106 615 3169 imo,
647 3116 704 3158 ut
733 3105 943 3173 probati
981 3106 1254 3161 manifesti
1291 3107 1442 3171 fiant,
1468 3108 1729 3176 quemad-

1823 1939 1953 1984 sunt
1988 1926 2106 1979 alia:
2146 1932 2435 1985 creaturae,
2472 1920 2623 1973 facit.
2658 1920 2721 1971 Et
2750 1920 2954 1972 cultum
2987 1919 3240 1973 exhibuit
3268 1932 3421 1973 crea-

1826 2030 1979 2082 tura),
2004 2025 2057 2071 et
2088 2029 2197 2069 non
2230 1998 2505 2074 Crealori,
2542 2013 2714 2065 multo
2749 2010 3069 2075 immanius,
3101 2025 3422 2081 quamgen-

1827 2111 1947 2163 tiles
1985 2105 2108 2175 ipsi,
2135 2103 2433 2157 insaniens.
2469 2102 2650 2171 Neque
2673 2102 2819 2155 enim
2851 2118 2917 2156 eo
2948 2102 3247 2170 impietatis
3278 2102 3416 2155 ada-

1827 2203 1898 2255 cti
1939 2209 2069 2253 sunt
2113 2197 2404 2251 numinum
2439 2196 2812 2258 multitudine,
2848 2205 2909 2249 ut
2945 2194 3111 2249 Deum
3153 2203 3422 2261 creature

1828 2291 2215 2352 assimilarent,
2246 2297 2299 2341 et
2337 2288 2677 2356 angelorum,
2725 2296 3067 2355 sanctorum,
3098 2298 3263 2358 atque
3296 2288 3420 2342 ani-

1830 2399 2041 2436 marum
2067 2381 2306 2435 essentia
2340 2380 2659 2433 inferiorem
2702 2379 3055 2448 pejoretnque
3091 2389 3416 2435 statuerent.

1828 2470 2072 2540 Namque
2098 2478 2292 2523 natura
2317 2470 2636 2539 angelorum
2666 2470 2874 2538 perpiei
2901 2485 3011 2524 non
3036 2472 3200 2535 valet,
3226 2485 3421 2539 quem-

1828 2564 2122 2617 admodum
2161 2576 2339 2631 neque
2371 2562 2591 2614 animm.
2636 2561 2887 2616 Palamas
2926 2576 3055 2617 vero
3091 2564 3206 2629 ait,
3248 2562 3417 2619 Deum

1829 2655 2065 2724 speciem
2090 2655 2291 2708 habere
2322 2653 2614 2718 visibilem,
2640 2653 2945 2708 naturalem
2982 2656 3085 2725 ipsi
3133 2668 3188 2710 et
3231 2671 3421 2713 essen-

1831 2745 2036 2800 tialem.
2080 2744 2358 2800 lnvisibile
2402 2760 2565 2812 porro
2603 2747 2774 2799 multo
2825 2758 2910 2801 est
2960 2747 3164 2802 visibili
3224 2749 3420 2805 melius

1831 2853 1893 2891 ac
1925 2837 2315 2906 praestabilius.
2349 2838 2534 2905 Neque
2573 2839 2674 2891 hac
2705 2838 2916 2892 ratione
2944 2840 3120 2893 solum
3166 2840 3219 2893 in
3252 2841 3420 2896 Deum

1832 2930 2032 2997 impius
2066 2929 2189 2991 fuit,
2222 2929 2317 2982 sed
2372 2939 2427 2983 et
2476 2930 2715 2997 seipsum
2771 2932 2937 2985 Deum
2980 2931 3317 2995 increatum,
3368 2942 3425 2986 et

1831 3021 2038 3088 absque
2078 3020 2349 3087 principio
2382 3035 2504 3074 esse
2539 3021 2825 3086 decrevit;
2858 3039 2983 3076 nam
3023 3024 3244 3088 asserit,
3278 3023 3421 3079 infe-

1833 3112 1996 3165 rioris
2031 3111 2258 3166 Deitatis
2291 3112 2544 3166 homines
2574 3115 2883 3181 participes.
2912 3131 3033 3185 qua:
3057 3133 3152 3171 eos
3182 3118 3422 3176 dciticat.

146 3197 622 3251 mutlntu'divinus
660 3197 735 3249 ait
765 3198 1081 3265 Apostolus.
1110 3197 1244 3252 Nam
1279 3213 1402 3252 cum
1435 3213 1598 3253 unam
1620 3199 1723 3268 ipsi
1754 3192 1796 3250 C
1830 3213 2118 3259 cernentes
2146 3204 2328 3260 lumen
2359 3205 2492 3260 illud
2529 3206 2698 3260 Deum
2731 3208 3051 3264 inferiorem
3083 3211 3263 3268 oculis
3290 3228 3420 3267 cor-

149 3287 416 3342 Dcitatem
461 3289 513 3340 in
568 3288 743 3341 tribus
789 3287 1178 3357 hypostasibus
1204 3288 1563 3342 confiteamur
1594 3289 1728 3343 sim.

148 3381 343 3449 plicem
380 3390 542 3447 atque
573 3378 889 3444 indivisam,
921 3379 1011 3432 ille
1044 3380 1243 3446 multas
1280 3380 1729 3449 Deitates‘palam

145 3470 410 3540 praedicat
436 3484 632 3537 parvas
659 3479 712 3523 et
744 3484 992 3538 magnas,
1024 3482 1076 3523 et
1123 3472 1263 3526 hanc
1290 3487 1454 3525 unam
1487 3473 1540 3524 in
1588 3471 1732 3526 mul-

148 3571 235 3613 tas
266 3560 547 3628 discerpit,
587 3569 640 3614 et
663 3574 824 3622 unam
852 3561 1069 3627 quidem
1103 3561 1463 3628 superiorem,
1493 3564 1731 3630 reliquas

144 3649 457 3723 inferiores,
493 3650 608 3703 sive
641 3664 703 3704 ea
741 3650 1005 3712 minores.
1045 3652 1207 3705 sicuti
1240 3663 1523 3708 creaturas
1576 3653 1729 3722 facit,

146 3751 202 3796 et
242 3740 576 3810 superiorem
633 3742 931 3794 essentiam
971 3743 1063 3795 Dei
1121 3743 1378 3811 appellat,
1430 3744 1731 3799 inferiores

146 3832 475 3887 essentiales
508 3832 881 3900 operationes,
920 3846 972 3888 et
998 3834 1294 3889 facultates
1327 3835 1493 3899 illius,
1522 3846 1576 3889 et
1605 3838 1735 3890 cha-

149 3924 401 3978 rismata.
441 3937 561 3989 qure
608 3932 889 3990 operatur,
940 3935 1122 3977 creata
1172 3940 1388 3995 nempe,
1437 3937 1490 3979 et
1542 3943 1732 3983 rursus

150 4017 418 4077 increata,
451 4020 596 4083 quod
623 4031 731 4069 non
772 4025 981 4069 tantum
1015 4017 1299 4086 gentilium
1328 4028 1428 4082 est,
1456 4028 1509 4071 et
1532 4021 1733 4075 inultos
1808 4024 1817 4029 ’

150 4107 287 4161 deos
341 4108 547 4160 inducit
593 4125 606 4159 :
646 4108 861 4161 unicam
916 4110 1062 4161 enim
1113 4108 1376 4164 Deitalem
1428 4112 1480 4163 in
1532 4113 1734 4167 multos

150 4204 283 4258 deos
318 4205 589 4259 concidit:
620 4205 713 4259 sed
749 4205 915 4258 etiam
946 4205 1246 4258 vanitatum
1292 4206 1509 4274 plenum
1541 4204 1646 4271 est,
1684 4206 1737 4262 et

150 4311 179 4349 a
214 4305 393 4349 mente
444 4295 677 4349 consilio
698 4311 783 4363 ine
815 4297 971 4364 plane
999 4296 1300 4351 diductum.
1329 4299 1417 4352 Ait
1447 4316 1738 4367 corporeo-

152 4401 277 4439 rum
320 4386 605 4440 oculorum
643 4388 858 4441 obtutui
910 4386 1107 4454 subjici
1141 4390 1445 4443 naturalem
1481 4390 1573 4445 Dei
1623 4391 1735 4445 for-

151 4496 321 4539 mam.
349 4489 403 4531 et
434 4478 720 4542 Deitatem,
744 4494 909 4548 quam
940 4480 1255 4535 inferiorem
1284 4482 1544 4537 Deitatem
1571 4499 1735 4537 enun-

1837 3299 2040 3365 poreis.
2070 3295 2181 3348 fieri
2215 3297 2344 3350 deos
2406 3298 2677 3353 increatos
2712 3310 2765 3353 et
2813 3302 2933 3356 sine
2985 3303 3276 3373 principio.
3312 3304 3428 3362 Hoc

1835 3395 2015 3439 autem
2047 3400 2154 3437 nun
2190 3386 2348 3455 longe
2379 3388 2532 3441 abest
2560 3389 2628 3442 ab
2659 3403 2744 3449 eo,
2776 3391 2920 3459 quod
2971 3391 3269 3462 aliquando
3302 3396 3427 3454 dia-

1836 3478 1995 3532 bolus
2033 3493 2202 3532 ausus
2239 3486 2342 3542 est,
2376 3494 2500 3532 cum
2536 3480 2712 3535 dixit:
2740 3499 2760 3531 ι
2802 3481 3008 3555 Ponam
3032 3486 3217 3540 sedem
3247 3503 3426 3545 meum

1838 3582 2003 3635 super
2039 3569 2211 3623 nubes
2234 3611 2247 3629 ,
2282 3578 2336 3623 ct
2369 3584 2465 3627 ero
2501 3573 2698 3627 similis
2732 3566 3042 3631 AltisSimo.
3092 3596 3110 3629 ι
3150 3578 3293 3634 Sane
3327 3581 3430 3638 hac

1839 3657 2120 3727 inrpietate
2174 3661 2318 3714 nulla
2374 3672 2552 3731 potest
2614 3666 2916 3725 excogitari
2967 3671 3231 3734 atrocior,
3267 3688 3427 3741 quam

1844 3766 1969 3804 cum
2021 3765 2077 3804 se
2141 3752 2305 3806 homo
2343 3752 2507 3808 Deum
2546 3756 2847 3811 increatum
2891 3769 2946 3814 et
2993 3762 3113 3816 sine
3157 3764 3428 3833 principio

1838 3841 1957 3896 fieri
1980 3844 2169 3912 jactat.
2205 3845 2269 3898 fit
2310 3847 2359 3899 id
2391 3856 2478 3901 est
2507 3850 2651 3917 quod
2693 3850 2821 3903 olim
2858 3851 3127 3909 Dominus
3159 3855 3430 3924 praedixe-

1838 3945 1944 3997 rat,
1987 3954 2004 3986 ι
2046 3936 2278 3991 Vcnient
2330 3941 2733 4008 pscudochristi
2784 3953 2836 3997 et
2887 3946 3381 4017 pseudopropluzta:
3410 3991 3427 4015 ,

1837 4037 1889 4081 ct
1925 4028 2127 4082 dabunt
2176 4029 2335 4098 signa
2367 4041 2421 4085 et
2450 4034 2697 4100 prodigia
2728 4035 2778 4087 in
2809 4038 3009 4105 populo
3046 4057 3058 4090 :
3098 4049 3152 4093 et
3192 4042 3236 4097 si
3272 4043 3430 4100 vobis

1838 4121 2098 4182 dixerint,
2132 4120 2268 4176 Ecce
2302 4123 2391 4177 hic
2414 4125 2665 4180 Christus
2694 4134 2798 4189 est.
2825 4132 2907 4182 vel
2941 4145 3067 4185 ecce
3094 4131 3189 4195 ibi,
3216 4149 3284 4189 ne
3309 4150 3445 4199 ατο-η

1838 4210 1979 4264 (latis
2016 4211 2146 4263 illis.
2182 4230 2199 4262 ι
2236 4212 2301 4266 Hi
2339 4215 2525 4282 itaque
2553 4224 2764 4269 tantum
2804 4233 2911 4271 non
2942 4220 3046 4275 hoc
3074 4222 3304 4288 dicunt,
3336 4241 3431 4283 ve-

1838 4318 1960 4356 rum
2005 4302 2267 4357 Deitateni
2298 4319 2421 4359 esse
2458 4308 2598 4375 apud
2634 4307 2783 4375 ipsos
2812 4313 3094 4379 corporeis
3139 4316 3316 4371 oculis
3347 4319 3432 4373 vi-

1841 4410 1984 4460 sam,
2014 4410 2182 4463 seque
2227 4396 2375 4465 ipsos
2437 4413 2554 4451 esse
2608 4397 2741 4453 deos
2793 4402 3087 4459 increatos.
3138 4405 3255 4463 Hoc
3303 4423 3434 4463 vero

1844 4482 2045 4537 Paulus
2104 4484 2171 4538 de
2227 4486 2570 4543 Antichristo
2620 4491 2949 4548 enuntiavit.
3011 4512 3031 4545 ι
3078 4495 3213 4551 Cum
3276 4514 3432 4553 reve-

152 4570 273 4632 tiat,
308 4580 360 4623 et
387 4568 552 4623 Deum
584 4570 909 4633 secundum,
942 4581 993 4624 et
1022 4586 1273 4641 parvum,
1305 4573 1370 4624 ad
1412 4588 1514 4629 nos
1556 4591 1729 4644 usque
1765 4581 1804 4634 Ι)
1837 4575 2038 4651 labitur
2070 4576 2248 4639 exlex,
2284 4578 2525 4646 seipsum
2561 4593 2727 4649 super
2750 4594 2968 4637 omnem
3006 4586 3221 4641 cultum
3247 4590 3428 4645 extol-

151 4662 581 4730 pervenientem,
628 4671 681 4715 et
730 4662 889 4718 nobis
935 4664 1224 4719 visibilem.
1273 4665 1425 4731 Quod
1461 4670 1729 4736 superior,

151 4751 355 4820 inquit,
386 4752 638 4807 excelsus
665 4761 768 4816 est,
804 4768 902 4807 nec
935 4755 1071 4809 visui
1113 4765 1281 4823 patet.
1312 4756 1411 4812 Hic
1444 4774 1573 4813 vero
1599 4762 1733 4813 infe.

152 4844 271 4899 rior
318 4843 485 4910 Deus,
527 4847 620 4913 qui
671 4846 909 4913 videtur,
943 4855 997 4901 et
1040 4848 1159 4902 aliae
1205 4850 1462 4914 Deitates,
1508 4853 1735 4919 aequalis

152 4954 279 4991 cum
317 4952 382 4992 eo
414 4936 717 5002 facultatis,
745 4953 885 5007 quas
921 4951 1224 5009 nuncupat,
1254 4952 1307 4995 et
1336 4942 1574 5011 Spiritus
1606 4961 1733 4999 san-

150 5041 293 5092 ctos,
321 5038 373 5081 et
400 5030 639 5083 increata
695 5031 799 5085 alia
847 5044 1050 5086 sanctae
1080 5032 1322 5098 Triadis,
1368 5050 1543 5104 caque
1594 5038 1733 5092 infc—

152 5120 298 5174 riora
331 5119 547 5174 inﬁnite
579 5121 818 5187 infinita,
852 5124 954 5177 hoc
984 5134 1068 5177 est
1110 5125 1320 5195 absque
1360 5127 1467 5179 ulla
1507 5144 1734 5197 compa-

148 5213 363 5267 ratione
393 5213 457 5266 ad
498 5227 581 5279 ea,
618 5214 1077 5282 quemadmodum
1111 5226 1166 5269 et
1213 5218 1437 5287 reliquae
1472 5231 1734 5275 creatura:

64 5328 67 5329 ν
152 5306 541 5360 desciscentia.
574 5305 686 5362 Has
726 5306 913 5375 itaque
951 5308 1212 5371 Deitates,
1247 5318 1301 5362 et
1336 5310 1435 5364 hos
1469 5311 1731 5381 Spiritus,

150 5406 204 5450 et
231 5395 501 5450 visibilem
537 5396 802 5451 Deitatem
844 5398 917 5451 ait
950 5398 1005 5451 in
1066 5399 1336 5453 creaturis
1370 5415 1525 5469 teque
1572 5412 1735 5471 atque

150 5489 331 5558 ipsum
370 5486 540 5542 Deum
591 5491 831 5562 operari,
865 5489 1023 5544 aliam
1069 5490 1402 5557 illuminare,
1443 5493 1605 5547 aliam
1637 5510 1734 5551 cx-

147 5596 401 5653 purgare,
434 5580 597 5634 aliam
636 5582 939 5646 viviﬁcare,
971 5584 1133 5638 aliam
1186 5585 1296 5639 alio
1347 5588 1509 5642 modo
1547 5603 1733 5643 rerum

146 5685 337 5726 curam
366 5686 577 5739 gerere,
602 5682 655 5724 et
692 5687 1132 5743 unamquamque
1162 5676 1441 5745 proprium
1466 5693 1605 5747 opus
1632 5680 1735 5733 sibi

147 5766 468 5827 vinlicare,
520 5774 572 5817 et
624 5767 836 5834 operari
871 5784 887 5820 :
921 5778 977 5819 ut
1034 5783 1141 5821 nun
1196 5777 1403 5822 tantum
1457 5772 1734 5837 gentilium

145 5859 383 5929 plurima
409 5860 632 5923 numina
667 5859 999 5924 introdttcat,
1027 5860 1117 5913 scil
1147 5870 1198 5914 et
1220 5860 1356 5929 Arii,
1384 5871 1438 5917 et
1462 5860 1736 5926 Eunomii,

399 5955 669 6012 ΡΑτιιυι..
710 5952 828 6011 Gtt.
862 5951 954 6013 CL
978 5990 990 6005 .
1214 5940 1217 5941 ν

1839 4667 1976 4729 lens,
2004 4677 2058 4721 et
2086 4668 2297 4721 sedebit
2326 4668 2378 4721 in
2416 4672 2638 4739 templo,
2675 4671 2866 4727 dicens
2895 4688 2954 4728 se
2980 4675 3158 4744 ipsum
3194 4676 3421 4736 Deuma

1837 4759 1977 4823 Quid
2004 4759 2150 4813 enim
2191 4761 2366 4831 magis
2393 4761 2648 4830 iactabit,
2682 4779 2803 4817 cum
2838 4766 2927 4821 ille
2950 4769 3203 4822 venerit?
3223 4779 3279 4825 et
3299 4777 3430 4841 quid

1838 4857 1891 4908 in
1924 4855 2317 4909 sublimitatem
2358 4856 2450 4910 Dei
2487 4858 2743 4921 insanicl,
2771 4869 2821 4913 et
2850 4861 3257 4930 blasphemabit
3279 4876 3431 4921 atro—
3458 4906 3460 4909 τ

1838 4949 1977 5009 cius,
2025 4962 2188 5015 quam
2229 4964 2351 5001 cum
2385 4964 2443 5002 se
2485 4949 2616 5003 dicit
2656 4940 2835 5004 Deum
2885 4948 3190 5008 incrcatum
3225 4965 3279 5011 et
3313 4958 3435 5013 sine

1836 5037 2153 5107 principio?
2189 5040 2335 5106 quod
2365 5055 2510 5095 nunc.
2540 5038 2791 5096 Palamas
2819 5042 3134 5104 affirmavit.
3162 5057 3217 5100 et
3240 5062 3430 5103 coram

1838 5132 2095 5183 «nimbus
2149 5130 2237 5182 dm
2257 5131 2356 5182 uit.
2396 5132 2575 5195 Quare
2625 5143 2718 5185 aut
2768 5134 2857 5187 hic
2908 5134 3142 5190 Satanas
3184 5148 3286 5203 est,
3338 5147 3435 5194 aut

1841 5237 2149 5291 praecursor
2183 5221 2349 5286 illius,
2387 5238 2509 5277 cum
2540 5224 2651 5291 jam
2685 5236 2739 5278 et
2791 5228 2915 5281 linis
2967 5229 3151 5283 saeculi
3184 5268 3200 5291 ,
3253 5240 3328 5293 et,
3377 5242 3434 5286 ut

1840 5313 1955 5380 ipse
1996 5314 2218 5381 Opinor,
2262 5315 2574 5369 immutatio
2608 5316 2850 5371 universi
2884 5334 3051 5387 prepe
3080 5321 3170 5385 sit,
3201 5330 3255 5376 et
3298 5322 3432 5376 bea-

1843 5413 1951 5467 tus,
1986 5403 2079 5471 qui
2114 5404 2371 5457 mamlata
2412 5390 2636 5469 (Iliristi,
2664 5416 2717 5459 et
2752 5407 2898 5462 illius
2928 5402 3349 5481 discipularum,
3376 5423 3431 5469 et

1842 5495 2065 5549 Patrum
2106 5499 2323 5551 decreta
2364 5508 2511 5552 sarta
2557 5508 2698 5553 tecta
2733 5503 2976 5565 servabit.
3002 5544 3016 5567 ,
3046 5512 3101 5557 et
3148 5505 3217 5557 ah
3245 5512 3433 5561 errore

1839 5588 2255 5650 Palami'arum,
2286 5600 2342 5641 ut
2378 5590 2446 5642 ab
2480 5589 2603 5659 igne
2655 5598 2709 5643 et
2752 5592 2978 5646 COillill'O
3012 5594 3214 5649 intacta
3252 5596 3433 5654 tuebi-

1842 5690 1951 5737 tttr,
2004 5684 2148 5748 quod
2196 5680 2319 5734 hac
2348 5682 2418 5734 sit
2451 5682 2684 5750 pessima
2724 5684 2981 5739 Ecclesia:
3014 5701 3153 5741 noxa
3177 5726 3190 5749 .
3227 5696 3281 5743 et
3314 5706 3435 5742 om-

1843 5772 1996 5825 nium
2036 5772 2128 5840 qni
2162 5787 2402 5840 unquam
2428 5785 2585 5827 antea
2622 5776 2843 5840 fuerim,
2866 5793 3026 5831 error
3053 5779 3433 5849 impiissimus.

1846 5863 2012 5932 quue
2055 5871 2163 5932 est,
2202 5873 2261 5917 ttt
2294 5880 2437 5933 t'eot‘,
2467 5868 2607 5935 quod
2645 5868 2693 5920 in
2737 5882 2978 5934 errorem
3012 5869 3227 5925 inducet
3264 5873 3431 5927 etiam

2868 5960 2948 6021 28
