4104 6322
157 287 262 347 835

1302 282 1737 344 GR/ECORUM
1781 282 2253 344 SENTENTIA).

3279 279 3384 342 886

152 413 282 467 opta.
308 395 564 467 Πατέρων
590 398 664 468 μὴ
691 397 953 466 μεταίρεικ
1022 399 1473 469 προαιρουμένοις.
1513 398 1708 468 Ἐγρά·

1816 399 1918 453 illis
1940 400 2117 454 inesse
2143 413 2170 450 a
2200 395 2403 452 deitate
2424 393 2542 457 Dei,
2570 390 2660 464 qui
2690 407 2787 462 per
2809 390 3040 463 gratiam
3066 404 3197 447 snas
3227 405 3382 446 crea-

156 504 230 556 φη
263 489 292 539 ὁ
333 485 524 557 παρὼν
570 488 745 556 Τόμος
797 487 925 557 μηνὶ
968 486 1191 557 Ἰουλίῳ,
1238 486 1587 552 Ίνδικτιῶνος
1628 507 1707 543 ιε.

165 576 415 642 «Audite,
452 579 626 632 tribus
654 586 809 632 terrae.
835 585 889 630 et
913 578 1129 647 linguae,
1163 586 1353 646 gentes
1374 588 1565 634 omnes
1594 596 1713 649 quas

160 668 418 722 habitatis
444 668 544 723 sub
563 669 724 728 cmlo.
754 669 1066 738 quicunque
1092 669 1298 724 scilicet
1325 669 1492 725 Deum
1524 687 1710 726 verum

155 760 365 822 colunt,
389 770 442 812 et
478 774 639 815 unam
668 758 926 813 Deitatem
956 760 1009 813 in
1046 760 1220 815 tribus
1253 760 1500 830 personis
1546 762 1707 830 glori-

160 850 397 903 ﬁcatam.
428 851 644 910 Audite,
678 852 770 918 qui
803 858 991 905 sancto
1017 852 1262 920 peruncti
1291 852 1424 905 estis
1451 852 1715 922 sanguine

144 942 377 1009 pretiosi
403 942 559 1007 Agni.
584 942 675 1008 qui
717 942 946 995 ethnicus
977 941 1255 1011 religionis
1279 958 1545 1009 errorem,
1580 945 1715 998 mul-

157 1041 237 1083 tos
274 1031 401 1082 deus
448 1040 799 1095 astruentem,
832 1032 1098 1095 dissolvit,
1147 1044 1204 1086 ut
1232 1048 1371 1087 unus
1404 1033 1544 1089 Deus
1580 1050 1715 1089 una—

153 1135 262 1187 que
285 1120 453 1175 deitas
482 1124 752 1176 coleretur
784 1123 851 1177 ab
890 1123 960 1179 iis
996 1125 1090 1193 qui
1129 1126 1182 1179 in
1214 1124 1491 1189 Christum
1531 1125 1715 1180 Domi-

157 1224 289 1262 num
329 1218 575 1265 nostrum
622 1212 922 1269 credidere.
975 1214 1194 1277 Audite.
1243 1230 1364 1281 quae
1397 1225 1713 1285 tempestas,

152 1295 277 1362 quis
306 1300 487 1358 turbo,
516 1313 638 1367 quae
658 1298 894 1354 tenebrae
918 1338 933 1362 ,
971 1302 1141 1357 multo
1179 1302 1446 1373 Egyptiis
1479 1304 1584 1359 illis
1610 1305 1708 1357 im-

157 1388 450 1447 inaniores,
482 1387 789 1442 Graecorum
825 1391 1119 1444 Ecclesiam
1156 1406 1570 1463 oppresserunt.
1613 1395 1713 1449 Ne-

152 1489 259 1540 que
290 1476 433 1528 enim
464 1475 676 1531 sullecit
730 1479 949 1534 diabolo
980 1482 1194 1547 generis
1250 1483 1424 1537 nostri
1457 1483 1522 1537 ad
1554 1485 1717 1537 inter-

154 1563 437 1617 necionem
495 1566 728 1630 eversio,
764 1582 948 1635 quam,
994 1581 1115 1622 cum
1175 1569 1441 1632 homicida
1482 1569 1716 1624 essetab

152 1655 311 1708 initio
381 1659 696 1724 procuravit
729 1673 823 1727 per
859 1657 1217 1713 defectionem
1270 1668 1325 1714 et
1363 1659 1713 1713 rebellionem

1815 501 1967 546 turas
1992 490 2096 545 sibi
2128 487 2483 558 cognomines
2514 484 2664 550 facit,
2693 499 2869 553 neque
2891 491 3181 552 propterea
3216 482 3372 536 multi

1816 582 1909 645 dii,
1948 595 2120 648 neque
2150 561 2390 633 Domini.
2427 589 2603 645 neque
2651 574 2881 629 deitates
2915 572 3141 627 infinita:
3190 587 3384 624 secunc

1816 674 1940 726 dum
1972 670 2118 741 ipsos
2158 668 2571 738 operationibus
2600 674 3075 726 eommensuratae,
3106 664 3200 719 sed
3240 679 3384 717 unus

1820 764 1981 823 Deus,
2014 778 2154 813 unus
2191 761 2473 821 Dominus,
2511 773 2616 813 una
2670 756 2875 819 Deitas,
2903 764 2961 810 ut
2993 755 3213 831 divinus
3242 755 3383 807 Pau-

1818 854 1903 907 lus
1936 852 2132 923 inquit,
2170 851 2531 920 piuralitatetn
2568 850 2786 911 vitans;
2824 863 2888 901 ne
2920 848 2973 901 in
3009 846 3382 931 gentilismum

1816 945 2096 998 abeamus.
2130 942 2222 999 Sic
2240 958 2304 997 ex
2342 942 2629 1012 supposito
2665 940 2805 992 lutiii
2835 938 2988 1001 meti,
3020 938 3201 992 statim
3238 952 3387 990 com-

1818 1016 2158 1101 paratior’ium
2203 1032 2550 1095 eminentias,
2586 1039 2638 1083 et
2665 1029 2935 1091 defectus,
2971 1038 3023 1081 et
3052 1027 3386 1096 suppositio-

1819 1134 1934 1185 ncs,
1968 1129 2021 1173 et
2041 1119 2442 1188 depressiones,
2468 1119 2587 1173 sine
2606 1119 2713 1172 ulla
2745 1118 2974 1179 ratione,
3010 1119 3382 1173 recentiorum

1817 1210 2008 1263 barum
2052 1207 2321 1263 Deitatum
2360 1208 2715 1270 concludunt,
2772 1206 3071 1261 referentes
3104 1207 3169 1257 ad
3205 1206 3381 1259 Deita—

1818 1310 1945 1362 tem,
1979 1315 2098 1367 qua:
2129 1300 2375 1369 analogia
2410 1301 2557 1353 omni
2596 1308 2645 1353 et
2676 1299 2993 1353 habitudine
3015 1310 3067 1351 et
3096 1313 3385 1367 compara-

1819 1390 1965 1443 tione
1992 1391 2245 1458 superior
2280 1398 2403 1455 est;
2445 1389 2911 1457 quemadmodum
2948 1402 3187 1453 superne
3215 1387 3381 1440 divini

1818 1496 2100 1535 sermones
2130 1482 2419 1547 intonant;
2454 1496 2627 1547 neque
2662 1480 2777 1534 lieri
2806 1480 3000 1549 potuit,
3030 1496 3096 1534 ex
3129 1495 3238 1546 quo
3262 1488 3385 1532 nata

1818 1580 1947 1626 sunt
1978 1572 2174 1625 szecnla
2211 1573 2386 1625 donec
2432 1573 2545 1641 ipsa
2582 1586 2777 1625 rursus
2809 1572 3127 1639 depereant,
3160 1557 3264 1623 a'lia
3297 1584 3386 1621 ra-

1820 1666 1966 1717 tione
1986 1663 2205 1717 smitire.
2233 1663 2473 1725 Necnon,
2499 1664 2641 1731 quod
2665 1661 2907 1715 omnium
2934 1659 3385 1713 absurdissimum

149 1748 496 1813 propriorum
547 1749 1077 1812 instrumentorum;
1128 1764 1227 1804 nec
1250 1749 1383 1804 satis
1429 1749 1503 1803 illi
1536 1750 1712 1803 risum
1747 1731 1786 1785 Β
1818 1755 2396 1822 est,quemadmodum
2420 1753 2806 1823 prophetarum
2832 1754 3043 1818 eloquia
3064 1750 3385 1804 enuntiant:

148 1845 259 1896 est,
301 1845 381 1888 tot
427 1835 644 1889 urbium
711 1845 767 1889 et
799 1836 1081 1905 regionum
1138 1837 1393 1905 proditio,
1463 1853 1563 1891 nec
1606 1854 1714 1891 non

146 1925 584 1979 Christianorum
647 1927 823 1982 caedes
877 1938 929 1981 et
979 1930 1341 1997 captivitates.
1402 1936 1456 1981 et
1505 1929 1717 1998 generis

147 2011 393 2067 universi
427 2030 491 2066 ac
521 2018 693 2069 {etatis
751 2018 1104 2083 direptiones,
1168 2017 1273 2071 nisi
1306 2017 1470 2071 etiam
1522 2017 1716 2071 ferreis

144 2106 396 2157 vectibus
434 2105 729 2160 Ecciesiam
775 2106 868 2161 Dei
925 2117 1257 2171 concuteret,
1296 2108 1432 2161 adeo
1461 2117 1519 2161 ut
1557 2109 1715 2162 simul

143 2193 330 2245 omnia
362 2193 417 2247 in
447 2195 791 2263 precipitiunt
852 2207 1056 2267 ageret,
1091 2210 1143 2252 et
1176 2199 1229 2251 in
1263 2198 1598 2267 profundum
1625 2202 1718 2253 dc-

146 2296 445 2353 mergeret,
481 2286 916 2358 dogmata,legcs
937 2301 1131 2359 sacras
1164 2300 1219 2346 et
1244 2290 1457 2344 Patrum
1484 2294 1715 2357 sancita,

120 2392 342 2446 parum
378 2379 503 2447 quid
552 2379 620 2432 ad
651 2390 823 2437 tantas
854 2383 999 2437 vires
1025 2383 1179 2437 dirus
1241 2384 1343 2438 iste
1375 2382 1628 2453 Sopbista
1650 2384 1717 2438 ὀι

151 2468 332 2521 hostis
361 2469 655 2525 existimat.
704 2473 841 2537 Quid
879 2474 1022 2527 enim
1069 2474 1237 2528 facit?
1271 2476 1434 2529 Paulo
1481 2487 1625 2539 ante,
1660 2485 1718 2529 ut

146 2572 346 2613 omnes
374 2561 571 2625 nostis,
607 2566 906 2618 exsuscitat
928 2566 1179 2620 homines
1205 2566 1498 2635 quosdam.
1535 2583 1718 2620 mona«

144 2648 379 2701 chorum
420 2666 506 2704 res
534 2652 826 2706 ementitos
859 2663 912 2707 et
944 2661 1131 2707 mutuo
1187 2657 1547 2720 decertantes,
1582 2669 1633 2711 et
1661 2666 1719 2711 ut

143 2739 335 2805 aptius
361 2741 564 2803 dicam,
626 2743 679 2796 in
714 2744 876 2799 rectis
908 2746 1122 2813 pictatis
1158 2746 1518 2815 dogmatibus,
1552 2748 1714 2801 veluti

144 2830 385 2896 zizania,
424 2841 639 2893 enatos,
670 2842 723 2887 et
771 2834 999 2903 probum
1040 2822 1161 2888 iidei
1209 2850 1393 2890 semen
1428 2839 1714 2903 lanientes;

141 2920 238 2987 qui
263 2921 391 2975 licet
416 2924 771 2993 sibimetipsis
805 2926 1168 2993 discrepantia
1212 2938 1266 2982 et
1291 2928 1450 2997 longe
1478 2930 1711 2990 diversa.

140 3015 508 3068 consonantia
540 3016 899 3071 nihilominus
940 3032 1129 3072 eorum
1178 3022 1372 3075 tnotori
1410 3020 1577 3090 impio
1606 3023 1714 3076 dae-

1824 1844 1993 1897 cDixit
2028 1844 2188 1911 Deus,
2250 1844 2461 1898 loeutus
2497 1854 2579 1897 est
2612 1844 2889 1907 Dominus,
2920 1854 2974 1896 et
3021 1842 3125 1895 hoc
3169 1851 3223 1893 et
3258 1839 3384 1893 illini

1816 1937 2056 2004 principii
2095 1935 2468 2004 Omnipotens,
2503 1954 2521 1987 υ
2560 1945 2613 1989 et
2642 1949 2828 1988 vocem
2862 1944 3023 2002 atque
3053 1947 3389 1994 sermonem,

1817 2025 1906 2091 qui
1940 2039 2101 2092 supra
2136 2037 2446 2078 sermonem
2482 2030 2589 2086 est,
2628 2022 2739 2078 Deo
2772 2037 2999 2092 prorsus
3052 2023 3381 2090 appingunt,

1818 2113 1888 2165 ita
1916 2122 1964 2165 et
1999 2113 2051 2166 iii
2078 2128 2339 2181 personas
2371 2112 2659 2181 eliinguut,
2720 2121 2773 2166 et
2802 2112 2856 2165 in
2888 2112 3251 2166 substantiam
3290 2125 3388 2179 pa.

1819 2204 1923 2255 iam
1960 2210 2127 2271 agunt
2152 2203 2430 2257 naturales
2456 2204 2552 2257 bas
2585 2202 2673 2257 Dei
2698 2202 3065 2271 operationes,
3088 2216 3209 2270 quat
3239 2209 3389 2254 extra

1820 2293 2179 2345 substantiam
2240 2295 2539 2346 secundum
2582 2308 2641 2346 se
2673 2301 2823 2356 sunt,
2879 2302 2931 2344 et
2966 2292 3137 2360 loqui,
3172 2302 3225 2345 et
3258 2306 3393 2345 con-

1818 2400 2090 2447 suescere,
2123 2400 2186 2440 ac
2222 2385 2267 2439 si
2305 2385 2415 2439 vita
2449 2385 2686 2453 praeditas
2743 2396 2946 2449 essent,
2980 2399 3103 2438 cum
3138 2384 3245 2438 illis
3277 2386 3371 2452 qui

1816 2488 2003 2525 eorum
2043 2477 2215 2529 sacris
2252 2474 2446 2528 initiati
2483 2486 2617 2529 sunt
2652 2474 2942 2542 spondent,
2996 2481 3050 2527 et
3081 2474 3133 2526 in
3181 2475 3394 2527 inerra-

1819 2572 1927 2614 t-im
1986 2573 2238 2617 naturam
2279 2579 2471 2618 eorum
2526 2564 2823 2634 participes
2883 2566 3194 2617 immutare.
3246 2562 3390 2629 Quin

1818 2653 1925 2706 imo
1943 2662 1995 2707 et
2021 2654 2415 2711 benefactriees
2443 2665 2635 2709 vocant
2667 2656 2874 2710 similes
2899 2656 3158 2719 deitates,
3192 2656 3393 2709 benefi-

1817 2758 1928 2807 cas,
1964 2743 2273 2813 cuicunque
2305 2745 2407 2797 ilhc
2440 2744 2734 2805 voluerint,
2761 2742 2980 2811 proprio
3010 2742 3246 2810 quedam
3282 2758 3394 2792 lllti-

1817 2836 1905 2887 do.
1941 2835 2532 2900 Supersnbstantiaiem
2570 2850 2698 2889 vero
2737 2835 3002 2887 Deitatem
3058 2849 3249 2903 parum
3292 2840 3392 2885 aut

1820 2924 1954 2977 nihil
1990 2924 2055 2978 ad
2085 2924 2285 2978 similia
2318 2925 2508 2978 dicunt
2550 2923 2823 2978 conferre.
2889 2922 3013 2977 Haec
3050 2932 3103 2977 et
3132 2924 3391 2990 pleraque

1817 3015 1923 3069 alia
1979 3015 2173 3083 partim
2209 3014 2384 3082 palam
2436 3014 2671 3067 recitent
2703 3022 2758 3067 et
2789 3012 3203 3067 commentariis
3235 3028 3392 3067 man-

144 3103 299 3156 tnoni
340 3105 708 3171 praedicabant
736 3121 800 3160 ac
832 3106 1160 3162 sentiebant.
1192 3106 1440 3176 Namque
1470 3126 1533 3164 ex
1579 3111 1709 3177 ipsis
1738 3112 1780 3170 C
1814 3106 1964 3163 dant.
1994 3107 2187 3175 partim
2225 3106 2533 3160 clanculum
2589 3106 2913 3174 loquuntur,
2942 3119 3067 3160 cum
3100 3104 3303 3174 quibus
3333 3104 3392 3162 in

141 3194 373 3263 quidam
407 3194 528 3248 ausi
556 3206 706 3260 sunt,
734 3196 875 3251 idem
904 3200 1197 3254 essentiam
1227 3198 1318 3254 Dei
1352 3211 1406 3254 et
1442 3203 1715 3271 Operatio-

141 3301 268 3339 nem
296 3287 635 3355 existimare,
660 3298 775 3356 aut,
808 3290 852 3344 si
896 3291 1267 3360 operationem
1300 3292 1447 3348 aliud
1488 3309 1609 3348 esse
1638 3302 1716 3347 te-

141 3377 386 3430 nendum
420 3386 525 3443 est,
557 3394 668 3433 non
721 3390 1050 3435 coaaternam
1094 3383 1243 3437 illam
1295 3384 1499 3448 dicere,
1540 3400 1714 3453 neque

138 3467 391 3535 ejusdem
433 3469 684 3539 principii
720 3487 843 3526 cum
883 3474 1214 3542 sempiterno
1244 3484 1297 3528 et
1324 3476 1591 3546 principio
1618 3492 1711 3530 ca-

142 3564 305 3610 rente
353 3555 486 3623 Deo,
541 3558 636 3613 sed
684 3568 922 3615 creatam
975 3571 1029 3616 et
1056 3565 1488 3633 corruptibiiem,
1544 3574 1602 3620 ut
1628 3582 1712 3621 rcs

138 3659 340 3699 omnes
369 3656 564 3702 creatae
593 3648 773 3717 qualis
803 3651 857 3704 in
887 3650 1157 3707 'l‘haborio
1212 3654 1507 3710 divinitatis
1535 3656 1712 3725 splen-

140 3740 250 3789 dor
294 3741 571 3807 apparuit,
607 3753 702 3796 aut
731 3743 845 3808 illa,
880 3759 1003 3813 qure
1044 3746 1358 3814 pastoribus
1395 3747 1593 3810 illuxit,
1627 3748 1710 3802 vel

134 3841 481 3899 qnzccnnque
536 3831 641 3886 alia
676 3833 768 3888 Dei
816 3836 1081 3906 apparitio
1115 3834 1237 3891 fuit.
1290 3836 1356 3892 Et
1401 3838 1458 3891 hi
1493 3839 1708 3908 quidem

137 3921 250 3973 hac
289 3920 518 3975 ratione.
544 3923 648 3977 Alii
682 3937 839 3993 aquo
894 3941 1082 3982 errore
1120 3926 1404 3996 implicati,
1464 3928 1573 3981 imo
1601 3928 1712 3997 pri-

138 4028 269 4066 mos
290 4027 549 4082 superare
581 4017 994 4081 contendentes,
1034 4034 1068 4073 o
1106 4012 1346 4073 a’nimam
1379 4027 1433 4073 et
1467 4020 1705 4090 linguam

133 4114 196 4158 et
237 4118 454 4158 manum
493 4106 830 4177 intemperiis
871 4114 1079 4166 actam!
1132 4112 1338 4182 scripto
1370 4113 1553 4168 miseri
1604 4121 1712 4167 tra-

132 4196 301 4260 dunt,
336 4212 441 4252 non
471 4212 502 4253 e
532 4199 670 4254 ccelo
705 4199 1026 4267 fabulantes,
1070 4204 1163 4257 sed
1196 4219 1261 4257 ex
1290 4212 1455 4267 terra,
1489 4213 1547 4258 ut
1578 4220 1713 4258 ven-

136 4288 419 4354 triloquaa,
461 4289 609 4344 velut
660 4290 832 4345 Isaias
862 4290 1049 4357 tradit,
1098 4294 1285 4363 spuria
1319 4295 1564 4364 quaedam
1610 4309 1709 4348 nec

133 4393 403 4447 germana
435 4372 710 4447 dogmata,
742 4398 864 4450 qua:
916 4398 1092 4453 neque
1119 4384 1306 4439 Patres
1338 4386 1507 4440 nostri
1542 4401 1709 4439 nove-

132 4478 290 4533 runt,
321 4476 381 4523 ut
403 4469 588 4525 divino
620 4473 841 4542 eloquio
906 4482 1147 4538 utamur,
1198 4491 1375 4546 neque
1403 4477 1558 4531 nobis
1595 4486 1707 4530 tra-

132 4558 435 4613 diderunt:
484 4574 587 4616 nec
634 4563 865 4616 audiunt
899 4578 1155 4633 magnum
1187 4563 1413 4619 Paulum
1451 4565 1708 4636 profanas

135 4663 343 4703 vocum
369 4650 633 4706 novitates
678 4652 915 4722 abjicere
953 4655 1378 4724 praecipientem,
1414 4672 1587 4726 neque
1617 4673 1707 4712 sa-

132 4742 383 4810 pientem
426 4738 814 4798 Salumonem:
857 4741 1009 4797 «Noli
1060 4759 1253 4815 sapere
1306 4762 1708 4817 supervacanea

130 4843 195 4890 et
225 4842 421 4903 praeter
440 4849 617 4890 usum.
634 4852 654 4886 ›
680 4833 927 4906 Namque
948 4838 1524 4905 supersubstantialem
1546 4853 1708 4893 unam

133 4924 432 4989 Deitatem,
462 4926 578 4979 sive
594 4941 762 4979 unum
797 4926 962 4981 Deum
986 4929 1035 4981 in
1069 4928 1265 4983 Triade
1296 4929 1414 4983 sine
1442 4930 1710 4983 divisione

129 5014 403 5079 divisum,
442 5028 580 5068 nova
604 5015 870 5071 divisione
900 5017 1308 5071 subdividentcs
1336 5020 1572 5073 audaces
1597 5020 1725 5083 isti,

132 5106 344 5160 Illuilas
370 5105 634 5175 quasdam
674 5106 904 5162 deitatc‘s
924 5122 1064 5174 esse,
1090 5116 1141 5161 et
1169 5108 1368 5162 multos
1393 5110 1547 5175 deos,
1572 5118 1713 5178 pra:—

132 5208 226 5251 ter
245 5211 369 5250 vera
394 5195 675 5267 dogmata,
696 5198 1037 5266 imprudenter
1050 5209 1101 5253 et
1127 5199 1413 5253 temerarie
1437 5201 1707 5255 sanciunt.

128 5290 311 5343 Aiunt
335 5289 556 5358 quippe,
581 5292 855 5346 naturales
882 5301 939 5345 et
968 5292 1284 5346 essentialcs
1316 5289 1406 5346 Dei
1432 5294 1710 5361 operatio-

133 5395 241 5435 ncs
297 5379 606 5434 divinorum
645 5382 838 5436 borum
870 5394 925 5436 et
953 5382 1398 5435 admirandorum
1427 5385 1707 5438 nominum

135 5487 250 5524 non
285 5471 469 5525 minus
487 5473 780 5543 participes
809 5489 948 5528 esse.
973 5472 1078 5529 Nec
1109 5474 1237 5528 illud
1264 5491 1291 5528 a
1324 5474 1504 5529 divina
1529 5477 1713 5545 Scrip-

137 5572 265 5615 tura
298 5560 706 5627 inteileaerunt,
761 5572 855 5617 aut
887 5564 1061 5619 edocti
1111 5574 1259 5629 sunt,
1303 5567 1433 5620 deos
1465 5580 1517 5619 et
1542 5568 1715 5619 duini-

142 5668 273 5717 :tus,
321 5652 544 5722 angelos
574 5654 731 5708 simul
765 5662 817 5708 et
852 5656 1095 5710 homines
1137 5657 1265 5720 dici,
1303 5667 1349 5710 et
1392 5668 1711 5727 potestatem

1818 3196 2151 3265 colloquium
2174 3197 2422 3259 veniunt,
2457 3196 2922 3250 homuncionibus
2942 3204 2996 3251 et
3024 3195 3388 3261 mulierculis,

1818 3298 2019 3341 temere
2054 3287 2183 3340 hinc
2213 3287 2338 3342 inde
2371 3288 2633 3342 collectis.
2694 3287 3096 3342 Testimonium
3134 3271 3391 3341 exhibent

1817 3392 1924 3430 non
1961 3378 2117 3446 pauci
2148 3392 2337 3432 eorum
2361 3378 2453 3447 qui
2482 3379 2821 3448 spiritualem
2854 3393 3041 3433 curam
3068 3378 3375 3433 animarum

1816 3476 2034 3537 gerunt,
2067 3485 2096 3523 a
2128 3469 2331 3525 delusis
2357 3486 2451 3538 per
2489 3472 2637 3539 ipsos
2667 3485 2780 3523 rem
2818 3480 3231 3539 extorquentes,
3267 3479 3381 3524 tum

1813 3560 2031 3615 demum
2063 3561 2127 3616 ad
2158 3575 2259 3615 nos
2312 3560 2639 3615 referentes.
2698 3559 2805 3616 Sed
2850 3560 3011 3629 primi
3057 3561 3158 3625 illi,
3195 3561 3386 3630 quales

1815 3658 1973 3704 erant
2005 3649 2277 3704 Barlaami
2312 3665 2602 3721 sequaces,
2657 3651 2754 3720 qui
2795 3652 2861 3705 ad
2901 3650 3063 3707 italos
3093 3667 3265 3722 genus
3296 3667 3386 3705 re-

1819 3737 2052 3802 ferebat,
2089 3748 2163 3802 et,
2206 3740 2609 3808 quaeltaiorum
2633 3751 2786 3805 sunt,
2814 3740 3053 3807 fovebat,
3106 3742 3387 3809 congressi

1812 3843 1935 3883 cum
1972 3828 2095 3883 istis
2127 3829 2182 3884 in
2210 3829 2422 3896 judicio
2454 3844 2633 3895 sacro,
2673 3830 2751 3884 uti
2801 3846 2899 3900 par
2931 3840 3070 3897 erat,
3112 3830 3240 3885 victi
3273 3832 3388 3885 dis«

1812 3926 2116 3974 cesserunt.
2169 3919 2405 3979 Secundi
2470 3929 2651 3975 autem
2711 3920 2765 3974 iii
2832 3922 3094 3982 victores,
3152 3936 3280 3975 cum
3315 3924 3381 3975 ad

1813 4018 2026 4079 tempus
2078 4026 2266 4065 eorum
2317 4027 2548 4067 examen
2596 4011 2927 4076 diﬂ‘erretur,
2992 4012 3209 4067 interim
3266 4030 3386 4067 sese

1808 4101 2139 4167 retinebant,
2173 4117 2272 4157 nec
2301 4102 2353 4156 in
2374 4103 2649 4172 publicum
2680 4120 2902 4176 suarum
2925 4103 3385 4173 blasphemiarum

1812 4202 2026 4261 partum
2068 4193 2318 4254 edebant,
2356 4208 2423 4246 ne
2453 4195 2739 4262 gentilium
2793 4197 3207 4263 superstitione,
3258 4210 3382 4262 quae

1814 4284 2018 4337 multos
2056 4283 2188 4337 deos
2213 4284 2445 4347 colebat,
2502 4282 2687 4340 infecti
2728 4298 2793 4338 ac
2833 4284 3084 4349 iudicati,
3123 4284 3389 4362 lapidibus

1814 4390 1911 4429 ora
1934 4374 2371 4428 obstruerentur.
2401 4373 2540 4439 Quid
2572 4389 2739 4443 porro
2759 4376 2884 4429 inde
2909 4376 3263 4429 subsecutum
3282 4376 3389 4429 est?

1814 4466 1950 4521 Cum
2009 4474 2218 4533 partem
2276 4465 2654 4518 adversantem
2687 4465 2963 4520 debellare
3006 4465 3110 4518 nisi
3137 4464 3385 4528 fuissent,

1808 4568 1861 4609 et
1893 4556 2047 4625 signa
2102 4557 2341 4610 victoria:
2398 4556 2690 4626 synodales
2727 4556 2934 4610 litteras
2982 4556 3389 4624 deportasseu',

1811 4650 1996 4702 statim
2034 4649 2259 4702 victoria
2308 4648 2461 4713 elati,
2494 4647 2730 4716 primum
2767 4648 2987 4715 quidem
3022 4648 3185 4708 clam,
3234 4657 3387 4715 βοει-

1811 4740 2032 4803 modum
2063 4740 2367 4810 propalam,
2396 4747 2753 4809 praeceptores
2778 4752 2873 4808 per
2912 4754 2973 4793 se
3006 4740 3174 4792 creati
3204 4739 3389 4792 civita-

1813 4834 1884 4888 tis
1921 4831 2305 4897 ostenduntur,
2358 4839 2415 4886 et
2450 4844 2621 4885 novos
2653 4845 2892 4893 errores,
2944 4831 3113 4884 veluti
3176 4831 3384 4884 semina

1813 4941 2002 4996 prava,
2036 4926 2363 4980 miserorum
2397 4922 2679 4978 hominum
2706 4923 2903 4979 animis
2937 4923 3287 4977 inseminant.
3324 4922 3391 4977 Et

1813 5019 1949 5083 haec,
1981 5026 2268 5087 postquam
2305 5017 2374 5071 ab
2404 5015 2644 5070 Ecclesia
2668 5014 2779 5069 illis
2836 5014 3168 5084 iniunctum,
3208 5027 3387 5084 neque

1813 5112 1867 5165 in
1890 5119 2164 5180 posterum
2198 5110 2450 5178 dogmata
2477 5107 2641 5171 i’crre,
2677 5120 2856 5177 neque
2888 5107 3127 5171 docere;
3166 5107 3249 5162 sin
3286 5108 3388 5160 mi-

1815 5217 1941 5264 nus.
1994 5200 2475 5255 exsecrationibus
2505 5214 2665 5267 atque
2721 5198 3389 5253 excommunicationibus

1815 5290 1982 5344 futuri
2008 5300 2190 5344 essent
2211 5290 2457 5344 obnoxii.
2489 5289 2623 5343 Tum
2646 5290 2817 5357 magis
2836 5305 2898 5343 ac
2916 5288 3087 5357 magis
3108 5287 3162 5342 in
3184 5288 3390 5342 malitia

1819 5383 2162 5451 prolicientrs
2188 5424 2201 5446 ,
2238 5397 2271 5435 ο
2301 5382 2771 5436 itn'creenntliaml
2840 5382 3045 5445 nuptiis
3098 5381 3387 5436 hominum

1823 5488 2020 5527 manus
2062 5471 2348 5540 injiciunt;
2382 5475 2611 5541 juvenes
2643 5471 2896 5526 mulieres
2936 5486 2967 5525 a
3013 5470 3146 5525 viris
3177 5480 3231 5525 et
3262 5469 3389 5527 tiliis

1832 5566 2115 5634 intrepide,
2141 5566 2437 5634 peregrinis
2473 5564 2587 5617 suis
2612 5573 2771 5631 atque
2796 5562 3051 5618 absurdis
3091 5564 3386 5625 doctrinis,

1827 5666 2144 5726 separantes
2168 5698 2181 5720 ,
2214 5655 2441 5709 facinori
2472 5655 2673 5706 addunt
2710 5662 2966 5708 tonsuras
3000 5656 3389 5709 temerariasrt
