4104 6322
660 283 767 344 $87

1847 292 1941 349 DE
1981 292 2081 350 till
2096 292 2379 351 EUORIO
2426 294 2723 363 PALAMS

3810 294 3923 357 R88

662 393 1119 452 ίηοθηείιιῦηιθς.
1156 412 1216 447 τι
1257 411 1431 461 prttno
1464 410 1651 453 nostro
1708 419 1903 470 genere
1941 405 2218 471 iuvenum.

2353 408 2675 466 ttlt:t‘rerenl,
2703 408 2961 461 audacter
3002 409 3230 477 mystica
3282 408 3548 463 sacriﬁcia
3595 410 3651 462 in
3679 411 3920 463 latebris

666 486 938 553 l’a'raguul
960 501 1089 539 vero
1119 488 1255 545 hac.
1289 505 1352 542 ac
1387 492 1429 542 si
1464 504 1709 559 pastores
1737 496 1857 545 urbi
1896 505 2215 562 praeessent,

665 577 963 645 lzceretque
991 580 1143 647 ipsis,
1185 584 1446 649 quidquid
1494 584 1705 637 libitum
1748 585 1928 649 fuerit,
1976 588 2222 639 commit-

669 682 802 722 tere.
863 669 1269 733 Verumtamen,
1312 678 1404 742 qui
1470 687 1596 729 tunc
1631 688 1852 745 prmi-tat
1896 678 2222 744 patriam-ba.

667 760 901 830 primum
923 766 1143 834 quidem
1172 781 1267 819 eos
1291 769 1485 821 similia
1509 770 1646 823 clam
1672 769 1849 822 lat-ere
1874 770 2223 838 perspiciens,

667 865 854 922 pr-stea
893 858 946 909 in
984 860 1160 911 lucem
1209 874 1481 919 exserere,
1515 862 1855 923 adhortatur,
1886 874 1937 914 et
1968 864 2226 926 consulit,

668 956 727 998 ut
758 961 879 999 sese
908 958 1243 1011 contineant,
1292 951 1524 1003 absurda
1559 951 1671 1003 haec
1719 966 1840 1005 esse
1871 952 2081 1009 dicens.
2116 962 2168 1005 et
2198 967 2227 1004 a

670 1038 938 1091 canonico
995 1041 1186 1093 ordine
1220 1043 1418 1103 aliena,
1479 1052 1531 1094 et
1559 1042 1901 1095 confusionis
1933 1058 1994 1095 ac
2030 1044 2231 1094 tumul-

674 1141 827 1181 tuum
887 1146 1086 1185 causas
1142 1132 1397 1185 Ecclesia:
1448 1135 1828 1193 communiter.
1890 1147 1940 1187 et
1983 1136 2230 1201 ιηὶνςνιὶιη

668 1221 951 1275 omnibus.
992 1221 1127 1275 Cum
1187 1238 1313 1277 vero
1356 1225 1515 1277 enixe
1547 1240 1654 1293 sarp
1683 1242 1854 1292 usque
1885 1228 1941 1279 id
1986 1236 2235 1292 repetens

674 1313 825 1365 nullo
862 1315 1020 1365 modo
1050 1314 1297 1369 hemines
1324 1316 1377 1367 in
1411 1325 1641 1368 mentem
1691 1318 1869 1369 redire
1912 1318 2234 1375 intueretur,

678 1420 853 1471 neque
882 1405 950 1457 ab
983 1405 1115 1457 inita
1142 1406 1243 1458 sibi
1275 1406 1562 1460 inscientia
1602 1408 1893 1468 removeri,
1926 1422 2023 1459 nec
2052 1408 2117 1457 de
2153 1422 2235 1457 re-

678 1500 794 1548 ditu
836 1498 901 1549 ad
956 1498 1175 1564 propria
1231 1499 1581 1559 monasteria,
1645 1498 1734 1551 ubi
1762 1512 1975 1550 comam
2027 1497 2236 1549 detnnsi

681 1600 1003 1651 permanere
1038 1585 1420 1651 promiserant,
1452 1584 1710 1651 cogitare,
1735 1593 1988 1649 tanquam
2011 1582 2239 1635 circula-

2322 501 2630 552 oflerentes.
2657 500 2760 551 Sed
2785 516 2906 553 cum
2931 500 3042 564 jam
3068 509 3256 567 pacata
3287 511 3436 554 esset
3463 498 3733 554 Ecclesia.
3755 511 3808 552 ct
3832 516 3923 551 res

2326 592 2700 659 tranquillatrc,
2739 592 2991 643 immanis
3003 592 3221 658 quidam
3242 593 3401 645 turbo
3418 593 3679 647 exoritur.
3708 607 3740 641 a
3761 591 3929 642 Sata—

2328 698 2409 734 ηε
2430 682 2603 733 ventis
2631 680 2921 743 excitatus,
2949 684 3041 746 qui
3067 685 3259 734 evertit
3289 683 3495 739 omnia,
3549 681 3927 743 itnmutatque

2332 775 2383 823 in
2420 775 2705 825 imntanem
2758 774 3076 841 procellam,
3100 784 3154 825 et
3201 788 3299 825 eos
3316 772 3405 838 qui
3436 773 3574 824 adeo
3602 770 3923 835 blasphemi

2332 867 2576 923 fuerunt,
2607 864 2742 917 adeo
2766 865 3009 918 seritatis
3035 865 3239 928 hostes,
3271 864 3335 915 ad
3358 864 3537 930 prima
3551 860 3926 930 ευικτιιειιιςῐει

2334 956 2520 1008 Sedere
2542 954 2690 1017 facit,
2714 971 3103 1024 sacrorumque
3120 956 3622 1013 administratores,
3651 950 3924 1009 nefando-

2333 1061 2449 1097 rum
2471 1060 2694 1113 pperum
2719 1047 2941 1113 Opiﬁces
2960 1089 2973 1103 .
2999 1056 3053 1099 et
3079 1046 3324 1105 rebelles.
3360 1046 3684 1111 dogmatum
3711 1046 3920 1111 propu-

2336 1147 2589 1204 gnatores
2612 1179 2625 1199 ,
2658 1152 2719 1190 ac
2756 1137 3098 1191 adversarios
3158 1138 3357 1205 legum,
3383 1137 3694 1188 animarum
3732 1134 3923 1187 mode-

2338 1240 2567 1280 ratores.
2598 1227 2773 1280 Causa
2796 1243 2857 1279 ca
2888 1229 3020 1280 fuit:
3046 1230 3136 1297 qui
3165 1244 3307 1280 nunc
3340 1226 3571 1294 imperio
3591 1224 3919 1276 Grmcorum

2342 1322 2562 1387 potitur,
2584 1323 2822 1371 Joannes
2869 1318 3308 1377 Cantacuzenus,
3361 1333 3475 1384 3am
3516 1315 3763 1367 maxima
3836 1330 3925 1366 ur.

2342 1410 2487 1461 bium
2539 1418 2830 1475 occupata,
2882 1419 2935 1460 et
3009 1406 3237 1474 imperio
3292 1405 3603 1461 absolutius
3666 1414 3922 1472 arrepto,

2342 1515 2464 1553 cum
2500 1500 2801 1566 patriarcha
2837 1500 2889 1553 in
2924 1512 3177 1566 magnum
3198 1496 3543 1551 sacerdotum
3568 1495 3775 1549 solium
3806 1512 3928 1563 pro-

2346 1592 2643 1644 movendus
2669 1600 2835 1645 rsst-t.
2865 1592 3031 1655 quod,
3066 1590 3158 1656 qui
3185 1597 3296 1641 tum
3314 1602 3452 1651 erat,
3481 1604 3513 1641 e
3546 1589 3730 1643 medio
3762 1590 3922 1642 exes-

681 1691 846 1743 tnrcs,
883 1687 939 1730 et
964 1676 1281 1740 seditiosos,
1318 1677 1682 1744 ctdngmatun
1716 1691 1776 1727 ac
1805 1689 2031 1742 Operum
2081 1687 2241 1725 nova-

2353 1693 2512 1746 serat,
2544 1698 2684 1735 nova
2721 1698 2808 1736 res
2842 1684 3093 1743 audetur,
3118 1691 3314 1749 prmter
3359 1682 3676 1733 sanctiones
3736 1687 3921 1734 eccle-

677 1779 843 1825 ttres.
879 1768 1014 1820 urbe
1045 1766 1241 1833 pellere
1265 1776 1514 1818 conatur.
1545 1765 1648 1818 Sed
1685 1766 1736 1817 hi
1764 1765 2241 1833 persentiscentes,

677 1875 795 1925 qua:
815 1869 970 1911 crant
989 1858 1317 1924 perpessuri,
1338 1858 1402 1909 ad
1421 1872 1672 1923 maguum
1699 1856 1952 1921 templum
1974 1853 2062 1906 Dei
2090 1853 2245 1905 Ἶρι-Μ

676 1948 965 2012 Sapientia:
988 1942 1335 2014 confugiunt.
1358 1946 1449 1999 tibi
1473 1961 1660 2012 parum
1694 1944 1863 1997 abfuit
1904 1945 2033 2012 quin
2059 1941 2251 2009 lapidi-

678 2042 776 2094 bus
806 2041 1165 2093 obruerentur
1191 2055 1204 2101 ;
1235 2047 1288 2091 et
1318 2038 1497 2090 obruti
1524 2036 1773 2097 fuissent,
1805 2035 1909 2088 nisi
1950 2050 2104 2086 sacer
2163 2032 2250 2083 ille

679 2139 832 2190 locus
878 2140 1107 2187 conatus
1163 2128 1557 2199 interrupisset.
1593 2129 1666 2182 lbi
1718 2129 1783 2180 ad
1827 2136 2059 2194 tempus.
2084 2127 2243 2179 veluti

677 2230 730 2283 in
757 2225 1483 2292 eustodia,permanserunt.
1502 2222 1594 2273 sed
1634 2219 1755 2271 inde
1786 2229 1970 2287 postea
1994 2218 2247 2278 extracti,

676 2323 768 2386 qui
809 2321 1012 2388 primas
1041 2318 1091 2369 in
1126 2317 1415 2376 navalique
1442 2313 1755 2365 obtinebant
1794 2312 2001 2363 carceri
2035 2307 2248 2360 manci-

678 2422 877 2479 pantur
908 2426 922 2473 ;
956 2409 1046 2463 alii
1074 2409 1178 2462 hac
1209 2414 1370 2475 atque
1400 2404 1523 2457 illac
1567 2403 1925 2470 dissipantur.
1983 2398 2247 2463 Deinceps

682 2502 951 2573 professio
981 2500 1129 2561 fidei,
1183 2509 1296 2551 tum
1329 2496 1397 2549 ab
1428 2492 1837 2556 ecclesiasticis,
1878 2502 1990 2543 tum
2032 2491 2099 2543 ab
2126 2488 2246 2541 aliis

682 2593 775 2658 qui
801 2593 852 2645 in
881 2590 1147 2657 dignitate
1170 2598 1345 2648 erant,
1374 2585 1710 2651 exposcitur.
1751 2580 1813 2634 lli
1837 2591 2042 2634 tantum
2073 2594 2102 2631 a
2134 2578 2244 2646 pie-

677 2691 787 2735 tate
819 2677 1110 2733 asserenda
1145 2676 1481 2744 refugerunt,
1506 2681 1764 2741 quantum
1793 2670 2121 2738 impietatem
2146 2668 2237 2721 alii

678 2775 933 2827 oderunt.
968 2769 1080 2823 lino
1114 2783 1331 2821 rursum
1368 2777 1419 2819 et
1455 2765 1652 2832 saepius
1704 2764 1754 2815 in
1789 2762 1887 2815 hoc
1917 2763 2051 2815 idem
2083 2774 2248 2813 com-

680 2866 848 2933 pulsi,
878 2878 1000 2916 cum
1034 2862 1102 2914 de
1162 2860 1306 2913 fastu
1360 2872 1463 2910 non
1503 2855 1865 2911 remitterent,
1902 2853 1966 2905 ad
2012 2849 2246 2903 tribunal

2352 1774 2616 1834 siastiras,
2649 1783 2698 1825 et
2735 1772 2881 1840 leges
2929 1771 3087 1830 alias,
3126 1786 3261 1836 quas
3324 1769 3493 1822 divini
3546 1771 3803 1836 Apostoli
3866 1781 3921 1822 et

2350 1863 2715 1916 Ectlesiarum
2747 1871 3018 1929 pastores,
3044 1863 3202 1928 quasi
3225 1861 3448 1915 stabiles
3489 1861 3763 1928 quosdam
3819 1871 3926 1913 ter-

2351 1954 2528 2005 minos
2551 1954 2893 2021 przelixerunt
2917 1970 2932 2015 ;
2966 1968 3225 2021 namque,
3249 1954 3312 2003 ad
3338 1952 3654 2021 eligendum
3685 1953 3924 2020 patriar-

2350 2047 2503 2097 cham
2538 2044 2732 2105 vocati,
2762 2060 2789 2096 a
2826 2045 3075 2098 saeculari
3139 2044 3393 2098 facultate
3450 2044 3918 2113 impediebantur,

2351 2152 2415 2185 ne
2441 2151 2563 2188 eum
2618 2150 3064 2203 promoveremus
3124 2150 3286 2203 πυρίη
3340 2134 3523 2187 divina
3575 2136 3756 2203 gratia
3815 2152 3919 2188 una

2348 2242 2468 2279 cum
2502 2240 2767 2279 consensu
2802 2223 3360 2293 fraterno.elegisset.
3386 2226 3479 2278 sed
3528 2241 3693 2293 quem
3759 2226 3919 2277 nobis

2349 2316 2784 2385 proposuissent.
2807 2314 2917 2369 Nos
2938 2331 3132 2369 omnes
3152 2316 3301 2370 hisce
3322 2318 3673 2383 opponimur,
3700 2327 3756 2368 et
3784 2332 3922 2383 pra:-

2348 2422 2429 2463 ter
2456 2424 2712 2467 canones,
2743 2418 2796 2460 et
2828 2408 3244 2462 inconsiderata:
3273 2408 3529 2475 jussioni,
3589 2409 3785 2475 paucis
3838 2424 3923 2462 as-

2350 2502 2717 2554 sentatoribus
2748 2501 3005 2566 cheplis,
3044 2508 3097 2551 et
3148 2514 3296 2551 more
3327 2500 3729 2566 tnancipior‘uzn
3793 2516 3918 2567 per-

2351 2594 2558 2653 trartis,
2595 2592 2969 2643 adversamur.
2999 2590 3111 2653 Ille,
3167 2600 3424 2658 tanquam
3455 2592 3725 2659 dogmati,
3792 2607 3919 2644 sen-

2350 2684 2528 2737 tentiae
2558 2698 2669 2735 SUlB
2698 2682 2919 2743 insistit,
2951 2696 3095 2732 nunc
3120 2680 3288 2740 hunc,
3326 2697 3469 2733 nunc
3491 2682 3640 2732 illum
3663 2681 3719 2732 iu
3757 2681 3921 2747 patri—

2349 2770 2622 2823 arcbicam
2647 2770 2965 2838 dignitatem
3003 2769 3310 2821 immediate
3341 2779 3395 2821 et
3423 2768 3675 2821 insubide
3701 2782 3920 2836 promo-

2348 2878 2497 2915 vens.
2532 2861 2593 2913 Et
2625 2860 2752 2928 quid
2773 2874 2911 2927 opus
2926 2868 3008 2913 est
3030 2861 3181 2925 plura
3214 2860 3279 2911 de
3309 2861 3538 2913 dissidin
3568 2862 3662 2913 illo
3687 2860 3914 2913 dicere?

681 2964 970 3035 vocantur,
1005 2963 1063 3005 ιιι
1092 2952 1159 3005 de
1190 2951 1256 3004 iis
1287 2965 1518 3017 quorum
1552 2946 1937 2999 insimulautur
1979 2943 2240 2995 ratiooem
2271 2982 2312 3036 C
2346 2953 2582 3007 Tandem
2617 2953 2681 3005 ad
2727 2951 2999 3005 Palamam
3046 2960 3206 3019 atque
3246 2950 3542 3027 laldOl‘Ulll,
3572 2952 3917 3019 proscriptos

684 3047 939 3101 reddant.
984 3044 1089 3098 Sed
1125 3057 1299 3110 neque
1349 3041 1449 3093 hac
1496 3038 1706 3091 ratione
1756 3035 2035 3095 nbediunt,
2070 3046 2245 3100 neque

685 3153 1002 3208 comparere
1023 3136 1241 3190 audent.
1276 3132 1429 3197 Quod
1452 3133 1633 3198 itaque
1664 3127 1969 3193 faciendum
1997 3131 2247 3193 propter—

685 3250 746 3287 ea
776 3240 898 3286 erat
946 3226 1189 3283 Ecclesia
1233 3241 1355 3280 cum
1393 3220 1662 3290 spirituali
1714 3228 1897 3271 auctor
1930 3224 2036 3268 tate
2066 3212 2246 3274 efficit,

684 3333 739 3381 et
768 3326 1000 3393 primum
1038 3320 1249 3381 statim,
1282 3317 1373 3384 qui
1408 3312 1810 3387 hypopsephius
1861 3320 1976 3363 erat
2015 3306 2249 3361 sanctis-

689 3420 841 3471 sima:
865 3412 1231 3482 metropoleos
1248 3407 1651 3463 Monembasite.
1673 3403 1965 3463 lsidorum,
1984 3406 2251 3452 conantur

687 3526 716 3561 a
746 3506 973 3559 Palama
1012 3515 1067 3558 et
1101 3502 1248 3555 illius
1298 3499 1549 3554 factionis
1592 3493 1939 3564 dogmatibus
1993 3489 2245 3542 avellere.

687 3598 935 3668 Namque
990 3593 1273 3653 dicebatur
1323 3601 1374 3643 et
1411 3592 1527 3656 ipse
1572 3603 1713 3641 unus
1758 3599 1880 3639 esse
1932 3598 1997 3636 ex
2049 3581 2115 3633 iis
2154 3577 2245 3647 qui

686 3692 873 3745 eadem
917 3704 979 3743 ac
1011 3687 1099 3741 ille
1148 3687 1430 3745 sentirent,
1464 3683 1587 3736 licet
1631 3677 2002 3748 imprudenter
2037 3672 2249 3725 antisti-

690 3799 800 3839 tntn
830 3783 1054 3839 c'tlculis
1077 3781 1346 3835 obnoxius
1380 3775 1587 3839 fuerit;
1620 3786 1835 3834 verum,
1874 3769 1961 3821 ubi
1998 3764 2251 3820 eumdem

690 3876 998 3943 praedurum
1034 3867 1089 3925 et
1120 3871 1276 3940 plane
1311 3866 1649 3921 obstinatum
1682 3860 2036 3918 invenissent,
2064 3862 2253 3908 sancto

695 3968 912 4018 bctnate
963 3963 1193 4030 pellunt,
1226 3964 1590 4027 praeparatum
1625 3953 1735 4021 jam
1777 3950 1844 4003 ad
1872 3962 2087 4000 sacrum
2128 3957 2253 4009 cum

692 4055 996 4125 patriarcha
1053 4050 1357 4107 faciendum
1402 4064 1417 4112 ;
1455 4056 1565 4099 tum
1624 4045 1675 4096 in
1714 4040 1981 4110 judicium
2040 4042 2254 4094 vocant,

688 4151 783 4217 qui
818 4148 996 4217 palam
1029 4144 1295 4205 enuntiat,
1324 4152 1599 4207 nunquam
1641 4149 1699 4189 se
1731 4148 1793 4187 ea
1831 4132 2249 4197 abnegalurum,

694 4243 785 4296 sed
820 4240 1055 4293 animam
1077 4236 1254 4304 potius
1288 4232 1614 4286 traditurum
1644 4242 1763 4281 cum
1798 4222 2066 4283 Ecclesia,
2092 4233 2257 4287 quam

2355 3056 2517 3112 atque
2546 3044 2769 3112 ejectos,
2799 3041 3213 3111 patriarehicam
3231 3041 3403 3094 defert
3462 3043 3817 3107 dignitatem.
3860 3041 3918 3093 Et

2355 3146 2567 3204 tempus
2629 3136 2681 3189 in
2733 3136 2819 3189 bis
2875 3133 3321 3194 consumebatur,
3374 3148 3440 3188 eo
3500 3133 3727 3202 quidem
3799 3148 3918 3188 cum

2356 3227 2679 3282 auctoritate
2735 3242 2847 3280 rem
2908 3233 3302 3294 pertractante,
3357 3226 3515 3279 nobis
3561 3235 3754 3277 contra
3824 3239 3920 3293 pro

2358 3321 2565 3374 viribus
2609 3320 3009 3384 resistentibus,
3062 3318 3598 3387 opponentibusque,
3654 3317 3914 3384 injuriam

2357 3412 2470 3465 ﬁeri
2502 3409 2876 3466 sanctionibus
2896 3408 3284 3463 ecclesiasticis
3305 3415 3361 3461 et
3380 3407 3567 3473 legum
3591 3408 3918 3461 sinceritati.

2361 3502 2503 3555 Vicit
2535 3501 2751 3554 tandem
2776 3500 3027 3554 voluntas
3048 3499 3237 3553 carnis
3264 3508 3319 3552 et
3346 3499 3655 3566 sanguinis.
3689 3507 3764 3560 et,
3790 3512 3919 3565 qua—

2364 3596 2433 3650 lia
2457 3594 2628 3649 solent
2682 3608 2803 3647 esse
2829 3590 3043 3658 ljudicia
3099 3589 3216 3655 Dei,
3260 3590 3516 3659 pluribus.
3562 3590 3826 3643 abscissis
3874 3600 3922 3642 et

2362 3688 2627 3757 separatis
2656 3684 3002 3754 praesulibus.
3034 3681 3341 3750 patriarcha
3373 3682 3449 3742 lit,
3480 3697 3512 3735 o
3548 3680 3640 3733 Dei
3667 3682 3816 3750 leges
3874 3692 3924 3733 et

2362 3758 2681 3832 tribunalia!
2734 3774 2996 3835 Isidorus,
3050 3772 3309 3826 omnibus
3364 3773 3809 3840 patriarcharum
3874 3781 3923 3823 et

2363 3870 2662 3927 antistitum
2702 3867 2924 3921 calculis
2957 3866 3237 3933 depositus
3270 3883 3283 3930 ;
3322 3866 3554 3917 ctsedet
3618 3865 3673 3916 in
3730 3880 3924 3932 magno

2364 3964 2579 4021 throno,
2616 3958 2707 4025 qui
2732 3972 2829 4010 nec
2854 3956 3035 4024 pusilli
3072 3955 3355 4025 cujusdam
3390 3954 3586 4022 dignus
3645 3954 3925 4019 judicatus

2364 4064 2446 4109 est
2479 4054 2662 4111 homo,
2685 4046 3141 4117 quemadmodum
3175 4046 3262 4111 qui
3303 4045 3438 4097 bene
3484 4058 3607 4096 eum
3634 4054 3689 4094 et
3723 4044 3852 4096 olim
3879 4058 3925 4093 cl.

2366 4158 2509 4199 nunc
2528 4151 2754 4202 norunt,
2784 4154 2894 4208 prae
2917 4140 3038 4192 aliis
3068 4137 3311 4199 stultior,
3345 4152 3540 4197 vanus,
3574 4147 3759 4188 mente
3784 4136 3923 4187 nulla

2366 4252 2491 4291 cum
2519 4235 2640 4288 aliis
2670 4244 3029 4286 consuescere
3061 4227 3308 4291 nescius,
3334 4241 3439 4279 non
3464 4226 3659 4278 melius
3686 4241 3715 4277 a
3760 4226 3923 4292 pejuri

697 4348 801 4385 non
829 4344 949 4384 cum
983 4327 1198 4379 Palama
1235 4324 1609 4392 Opinaturum.
1645 4315 1701 4370 Si
1733 4315 1857 4384 quis
1897 4314 2006 4365 vim
2042 4308 2246 4364 inferat

2368 4330 2701 4385 discernere,
2740 4330 2798 4374 ut
2824 4322 3051 4373 aliorum
3100 4317 3382 4387 praefectos
3407 4319 3667 4371 addecet:
3719 4327 3789 4369 tta
3844 4331 3923 4368 res

694 4422 974 4477 renuntiat
1025 4415 1340 4487 pra-sulatui
1402 4422 1455 4467 et
1509 4409 1786 4469 Ecclesiae,
1838 4407 1995 4475 cujus
2049 4403 2260 4456 electus

695 4516 870 4566 fuerat
907 4509 1219 4577 episcOptts.
1250 4506 1477 4571 Propter
1507 4502 1557 4554 id
1589 4497 1832 4569 synodali
1874 4493 2140 4551 sententia
2168 4494 2261 4546 de-

696 4605 938 4672 ponitur,
975 4608 1029 4654 et
1056 4599 1195 4651 alius
1238 4610 1345 4648 non
1389 4593 1615 4646 multum
1646 4600 1765 4658 post
1799 4599 2014 4656 tempus
2048 4585 2125 4637 illi
2159 4582 2261 4636 Ec-

698 4698 876 4753 clesiae
911 4693 1225 4764 praeﬁcitur.
1258 4696 1460 4744 Auctor
1482 4700 1608 4740 vero
1628 4696 1677 4740 et
1718 4692 2087 4752 propugnator
2120 4679 2264 4732 bIas-u

662 4790 1036 4861 phemiarum
1091 4783 1360 4843 Pal-amas,
1416 4777 1577 4833 simili
1627 4784 1679 4829 et
1706 4776 1822 4844 ipse
1871 4772 2082 4826 calculo
2134 4784 2256 4822 cum

696 4882 954 4936 universa
1010 4890 1109 4931 sua
1144 4874 1382 4926 factione
1439 4869 1834 4924 condemnatus
1872 4878 2086 4930 ;neque
2116 4862 2259 4914 enim

697 4979 765 5030 de
803 4970 1150 5027 contentione
1200 4962 1408 5033 aliquid
1446 4960 1776 5021 remittebat,
1829 4971 2003 5024 neque
2033 4956 2089 5008 in
2124 4970 2263 5022 qun-

697 5080 860 5137 quatn
895 5077 923 5113 a
951 5058 1234 5112 temeraria
1271 5055 1359 5107 illa
1394 5052 1723 5121 loquacitate
1748 5050 2007 5110 cedebat;
2039 5049 2107 5102 ab
2143 5048 2252 5101 Ec-

699 5157 861 5211 clesia
886 5150 979 5204 Dei
1020 5146 1405 5217 proscribitur,
1443 5154 1496 5196 et
1526 5141 1831 5197 sacerdotio
1888 5142 2173 5208 spoliatur,
2206 5149 2263 5191 ut

698 5251 832 5304 Acta
862 5246 927 5298 de
952 5243 1055 5295 hac
1087 5253 1144 5291 re
1181 5245 1326 5306 gesta
1380 5242 1830 5293 commemorant,
1890 5248 1915 5283 a
1958 5232 2261 5299 patriarcha

702 5352 831 5393 tunc
892 5331 1154 5400 temporis
1213 5330 1408 5396 reg'na:
1462 5326 1675 5378 urbium
1733 5323 2038 5391 obsignata,
2101 5330 2153 5375 et
2197 5323 2263 5374 ab

698 5427 1063 5484 Antioclteno,
1132 5433 1184 5474 et
1232 5419 1486 5472 omnibus
1548 5417 1881 5470 antistitibus
1953 5426 2063 5467 tum
2121 5432 2261 5469 uth

702 5519 789 5571 ltic
853 5511 1231 5583 prtesetttibus,
1285 5516 1396 5561 tum
1452 5510 1503 5558 itt
1571 5508 1816 5574 proprias
1855 5507 2012 5559 sedes
2047 5523 2258 5575 regis”-

700 5614 796 5663 sis.
851 5606 917 5658 Et
969 5604 1049 5657 sic
1108 5603 1244 5654 facta
1311 5610 1395 5653 est
1466 5614 1653 5651 eorum
1717 5598 1944 5664 privatio
2006 5608 2057 5651 et
2101 5600 2264 5665 depo-

645 5690 653 5698 r
701 5702 847 5766 sitio,
882 5700 1007 5751 licet
1056 5696 1159 5761 ipsi
1196 5695 1347 5749 nihili
1381 5692 1642 5747 facientes
1673 5706 1909 5759 poenam,
1943 5693 2246 5747 sacerdotio

2369 4426 2736 4486 pertractans,
2756 4410 2921 4465 veluti
2943 4417 2997 4463 et
3021 4407 3259 4461 fornicas
3300 4421 3392 4474 per
3422 4415 3618 4458 terram
3650 4414 3921 4472 repentes,

2368 4508 2609 4561 ludicros
2638 4503 2796 4571 plane
2829 4499 3123 4560 universis,
3151 4498 3247 4565 qui
3306 4496 3374 4550 de
3415 4512 3478 4549 eo
3551 4496 3918 4549 ludos‘facere

2368 4600 2631 4668 cupiunt;
2658 4609 2713 4648 et
2735 4593 2879 4663 quod
2904 4590 3056 4660 pejus
3079 4599 3183 4652 est,
3206 4603 3378 4657 neque
3402 4588 3728 4640 obedientim
3750 4589 3916 4655 legum

2369 4705 2589 4761 gnarus,
2618 4702 2793 4753 neque
2820 4687 2871 4737 in
2903 4682 3155 4737 coenobio
3176 4680 3468 4741 enutritus,
3500 4681 3593 4732 sed
3625 4681 3677 4732 in
3706 4680 3920 4733 urbibus

2368 4792 2421 4836 et
2451 4782 2613 4834 rebus
2669 4775 2901 4847 publicis
2959 4774 3304 4834 commistus,
3364 4783 3418 4825 et
3473 4770 3819 4840 pmdagogus,
3874 4782 3923 4824 et

2369 4887 2657 4942 puerorum
2686 4867 3015 4936 paadotriba;
3048 4865 3244 4929 hinciet
3294 4878 3581 4931 separasse
3638 4866 3815 4925 aiunt,
3870 4873 3920 4917 ttt

2370 4966 2625 5023 diximus,
2678 4959 3049 5013 mulierculam
3116 4973 3144 5009 a
3188 4965 3439 5010 consorte
3496 4964 3551 5008 et
3599 4955 3727 5007 ﬁliis
3786 4955 3916 5024 apud

2369 5053 2837 5111 Thessalonicam,
2867 5048 3328 5119 quemadmodum
3361 5048 3577 5115 etapud
3607 5046 3914 5115 Byzantium

2368 5146 2555 5208 aliam,
2590 5142 2766 5211 qualis
2793 5139 2968 5194 fuerat
2993 5137 3219 5207 Cydonii
3254 5135 3381 5197 lilia,
3416 5135 3595 5204 qualis
3631 5134 3910 5203 szraca:;

2368 5245 2599 5307 quantas
2634 5249 2760 5286 vero
2785 5232 3000 5284 easdem
3030 5229 3223 5281 doceat
3266 5227 3318 5279 in
3368 5227 3600 5284 occultis
3640 5225 3917 5294 colloquiis

2370 5329 2630 5385 nefandas
2654 5335 2708 5379 et
2746 5325 3010 5379 absurdas
3076 5319 3376 5383 doctrinas,
3450 5319 3813 5385 relinquimus
3857 5316 3916 5368 iis

2369 5423 2457 5490 qui
2490 5416 2846 5487 spirituali'er
2868 5430 2931 5469 ea
2992 5413 3395 5473 cxaminarunt,
3428 5425 3496 5464 ne
3525 5424 3706 5462 aerem
3753 5407 3912 5473 ipsum

2370 5511 2718 5577 blasphemiis
2768 5509 3117 5577 impleamus.
3156 5504 3293 5567 Quid
3347 5501 3489 5554 enim
3548 5501 3681 5555 recti
3733 5500 3913 5554 dOCCl'c

2371 5605 2580 5673 poterit,
2617 5602 2708 5669 qui
2742 5601 2954 5669 penitus
2976 5598 3171 5667 jejunii
3202 5597 3316 5649 dies
3372 5610 3479 5647 non
3535 5591 3829 5651 discernit,
3867 5600 3909 5639 ιιι

2360 5710 2389 5748 a
2418 5694 2550 5750 cibis
2574 5710 2639 5747 ac
2673 5691 2885 5749 Dotibus
2911 5687 3306 5748 abstinentias,
3338 5700 3461 5739 eum
3490 5698 3625 5750 opus
3658 5681 3836 5738 fuerit.
3865 5690 3907 5731 et
