4104 6322
715 354 821 419 illi

1895 358 1994 418 DE
2034 356 2339 418 Θυιιίῠωί
2356 356 2426 413 l0
2471 357 2502 412 ι·
2517 350 2763 415 ᾹῘΛΜᾹ

3851 351 3950 412 6'33

717 480 948 535 namque
972 473 1244 523 conettsso
1278 479 1328 521 et
1380 470 1719 538 perturbato,
1767 472 1924 525 cadet
1958 472 2180 525 omnino
2224 476 2276 520 et
2310 472 2347 522 Α
2387 470 2565 521 tandm
2598 478 2877 537 propterea
2919 465 3087 518 sancti
3137 479 3324 517 eorum
3366 462 3573 531 imperii
3629 476 3809 514 sacra:
3863 479 3952 515 ex-

718 561 968 614 rniversa
1006 561 1151 613 illius
1185 562 1555 631 congregatio.
1588 562 1655 614 Et
1682 562 1792 631 iam
1829 561 2134 627 intelligile.
2177 560 2275 613 Pa-

719 652 892 705 lamas
935 653 1019 705 hic
1067 662 1225 719 atque
1272 652 1540 717 Barlaam,
1574 663 1763 707 mutuo
1810 658 2176 715 decertantes,
2226 659 2281 704 et

722 761 788 795 oe
840 744 1137 811 impietatis
1186 746 1413 798 crimine
1460 748 1598 799 alius
1649 747 1811 797 alium
1862 745 2277 801 insimulantes,

724 835 1089 910 disquisitioni
1129 838 1373 907 synodali
1404 836 1708 889 demandati
1764 844 1909 889 sunt.
1948 834 2129 889 Nostis
2172 833 2281 885 [ιι-ιι

724 941 934 985 omnes.
974 943 1145 996 neque
1174 928 1434 995 ignoratis
1459 928 1753 980 maximum
1785 927 1934 979 illum
1960 926 2012 978 in
2040 925 2279 977 Ecclesia

727 1031 1104 1082 congressum,
1135 1018 1186 1069 in
1220 1032 1347 1084 quo,
1377 1017 1542 1070 stella:
1573 1018 1761 1079 instar,
1796 1014 2147 1085 prasfulgebat
2172 1017 2282 1081 p‘e-

730 1108 854 1159 tatis
911 1120 1279 1175 propugnator
1335 1109 1626 1173 imperator
1676 1118 1874 1169 noster,
1936 1106 2169 1161 celebris
2222 1120 2284 1159 ac

730 1197 896 1247 beata:
946 1198 1247 1259 memoriae,
1286 1198 1440 1265 pa‘ler
1476 1196 1829 1263 potentissimi
1863 1206 1915 1249 et
1962 1197 2133 1248 sancti
2182 1193 2285 1245 mei

732 1284 1098 1345 imperatoris,
1152 1298 1273 1337 cum
1320 1292 1541 1336 senatus
1574 1282 1932 1351 principibus.
1970 1282 2034 1335 Et
2079 1282 2288 1349 primus

728 1373 944 1435 quidem
984 1370 1251 1433 Barlaam,
1302 1381 1557 1439 tanquam
1593 1388 1755 1440 prava
1789 1372 2026 1426 sentiens
2075 1380 2129 1424 et
2176 1372 2288 1423 elo-

727 1476 923 1529 quens.
968 1472 1079 1514 ιιιιιι
1120 1461 1185 1515 de
1234 1462 1590 1515 inaccessibili
1639 1460 2155 1530 Transfigurationis
2212 1462 2289 1513 ln-

730 1550 893 1610 mine,
928 1560 1037 1602 tum
1067 1550 1132 1602 de
1160 1550 1406 1605 aratione
1436 1553 1521 1603 ilia
1548 1568 1561 1604 :
1594 1569 1611 1602 ι
1644 1550 1869 1604 Domine
1895 1550 2020 1604 Jesn
2048 1550 2285 1610 Christe,

725 1642 827 1693 Fili
876 1642 988 1702 Dei,
1037 1642 1293 1696 miserere
1346 1641 1538 1705 nostri,
1572 1660 1589 1691 ι
1644 1642 2060 1704 condemnatur,
2111 1652 2162 1692 et
2208 1641 2287 1693 sic

727 1732 1024 1786 secundum
1053 1748 1291 1785 canones
1323 1735 1388 1784 ad
1418 1732 1790 1785 accusandum
1821 1732 2034 1797 ineptus
2071 1730 2284 1796 indica.

728 1832 834 1873 tnr.
867 1822 1000 1874 Cum
1038 1835 1161 1873 vero
1204 1820 1385 1873 statim
1424 1835 1522 1873 nos
1564 1820 1614 1872 in
1643 1821 1823 1873 varias
1861 1820 2023 1873 etiam
2065 1829 2285 1873 senten-
2316 1800 2357 1853 Β

728 1912 831 1964 tias
858 1910 1241 1971 divideremnr,
1277 1910 1341 1963 de
1368 1907 1611 1973 Palama,
1646 1920 1900 1976 tanquam
1935 1910 2027 1977 qui
2061 1909 2197 1963 forte
2230 1909 2282 1961 iu

728 2000 848 2051 aliis
876 2014 1087 2051 errasse.
1110 2013 1325 2065 quoque
1349 1997 1871 2064 deprehenderetur,
1908 1999 1959 2050 in
1991 1998 2091 2050 hoc
2120 1999 2281 2050 etiam

728 2103 912 2141 sacras
952 2087 1277 2153 divitiasque
1320 2087 1464 2157 leges
1488 2088 1794 2149 audientes,
1821 2102 1941 2155 qua:
1978 2088 2095 2141 sine
2124 2102 2285 2139 accu-

728 2190 909 2233 satore
938 2189 990 2232 et
1032 2179 1351 2248 probatione
1389 2180 1659 2233 neminem
1692 2182 2057 2233 condemnare
2092 2179 2284 2247 prioci-

715 2275 911 2347 piunt,
938 2274 1044 2325 alio
1071 2272 1233 2326 modo
1262 2287 1374 2326 rem
1403 2288 1522 2326 esse
1554 2274 1890 2341 dirigendam
1919 2274 2284 2328 decrevimus.

726 2365 907 2433 Quare
943 2363 1087 2418 illius
1126 2377 1351 2415 examen
1400 2363 1451 2415 in
1498 2363 1642 2415 aliud
1680 2373 1891 2428 tempus
1936 2363 2283 2423 distulimus;

731 2469 838 2506 non
866 2454 935 2506 ita
972 2462 1173 2515 tamen,
1204 2461 1261 2505 ιιι
1291 2454 1379 2506 ille
1416 2454 1549 2507 liber
1578 2462 1744 2515 esset,
1779 2452 2076 2520 iisdemque
2109 2463 2287 2506 utere-

731 2557 819 2595 tur
844 2562 858 2608 ;
883 2559 1058 2610 neque
1085 2544 1227 2597 enim
1263 2544 1490 2613 probum
1524 2560 1699 2613 neque
1732 2545 1861 2599 utile
1887 2544 2156 2597 universa:
2188 2544 2287 2596 Ee-

727 2636 909 2689 α1‹·ιςῙ;ιξ
938 2638 1111 2687 visum
1142 2643 1245 2699 est,
1276 2635 1438 2689 licere
1471 2636 1544 2688 illi
1577 2636 1761 2690 eadem
1795 2635 2032 2704 aggredi,
2069 2635 2134 2687 de
2166 2636 2286 2703 qui—

726 2729 826 2781 lrts
866 2728 1237 2791 dubitabatur,
1277 2744 1397 2781 cum
1432 2745 1605 2796 neque
1635 2746 1661 2782 a
1703 2730 2004 2783 canonibus
2048 2740 2285 2797 potesta-

725 2831 829 2872 tem
859 2820 1154 2873 habuiSset.
1186 2819 1327 2873 Solis
1352 2820 1491 2872 enim
1521 2836 1755 2875 canones
1803 2822 2123 2886 prresulihus
2170 2822 2281 2884 illa,

723 2926 843 2975 qua:
878 2910 1090 2978 pietatis
1115 2918 1264 2973 sunt,
1306 2910 1568 2978 populum
1613 2910 1885 2964 instruere
1917 2911 2281 2979 permittunt:

722 3004 822 3055 etsi
850 3004 901 3055 in
927 3002 1217 3068 Scriptura
1250 3002 1426 3055 verbis
1458 3002 1829 3056 contmversia
1858 3003 2124 3071 quapiam
2157 3011 2280 3055 nata

2386 562 2582 629 pedita!
2622 569 2750 612 smt.
2806 558 2865 609 Et
2897 559 3083 624 gratiae
3124 556 3233 608 sint
3285 554 3413 618 Deo,
3461 556 3549 622 qui
3586 555 3745 606 nobis
3786 555 3950 622 in'pe-

2385 663 2593 704 ratores
2625 650 2975 711 orthodoxos,
3025 658 3076 701 ct
3110 647 3368 701 Ecclesim
3416 657 3862 715 protrugnatures
3899 664 3951 700 ac

2384 744 2717 802 defensores,
2769 741 3046 807 elargitur.
3102 739 3302 793 llotutn
3356 741 3515 791 etiam
3555 755 3653 793 nos
3705 739 3949 790 divinum

2386 834 2559 887 zelum
2595 844 2649 886 et
2679 834 2927 901 pietatem
2961 832 3387 892 considerantes,
3420 846 3612 883 manus
3638 847 3664 884 s
3691 846 3868 896 tmper
3894 831 3948 879 al

2385 925 2555 978 Deum
2597 922 2869 990 supplices
2898 922 3194 976 tendimus.
3234 935 3652 986 precatumque.
3705 921 3948 984 quietum

2390 1015 2497 1066 illis
2524 1024 2573 1066 et
2609 1022 2857 1075 pacatum
2892 1013 3176 1079 imperium
3207 1020 3271 1062 ad
3308 1025 3479 1063 annos
3518 1009 3786 1077 plurimos
3826 1026 3925 1059 cnn

2394 1106 2532 1157 cedi.
2568 1105 2856 1171 Reliquum
2890 1104 3071 1171 itaque
3094 1112 3197 1165 est,
3232 1114 3288 1155 ut
3324 1102 3643 1155 verecundia
3672 1112 3723 1152 et
3758 1104 3950 1152 conru-

2394 1196 2547 1248 sione
2577 1195 2691 1261 ipse
2719 1202 2771 1245 et
2799 1208 3061 1260 sequaces
3087 1200 3139 1244 et
3163 1190 3404 1244 fautores
3434 1202 3481 1243 et
3516 1192 3824 1243 rom-ordes
3863 1192 3952 1239 itu-

2392 1287 2660 1353 pleantur,
2710 1284 2798 1352 qui
2843 1292 3096 1350 tanquam
3143 1284 3511 1334 venerandum
3547 1281 3855 1349 quidpiam,
3904 1294 3950 1331 et

2391 1376 2646 1429 Ecclesia:
2688 1374 3088 1434 necessarium,
3128 1373 3295 1431 illius.
3337 1374 3429 1438 qui
3466 1372 3808 1423 coniuret-itis
3840 1387 3946 1436 ιιι·-

2391 1460 2494 1521 nis,
2518 1471 2569 1512 et
2600 1461 2667 1513 iis
2700 1476 2833 1527 quas
2856 1460 2959 1513 sibi
2987 1461 3085 1526 ipsi
3117 1468 3274 1512 antea
3310 1459 3598 1513 indixerat.
3631 1460 3948 1513 mulctatus.

2389 1560 2441 1605 et
2468 1564 2687 1617 propter
2714 1552 2820 1615 jam
2860 1553 3001 1603 dicta
3036 1551 3085 1601 in
3109 1550 3375 1615 judicium
3404 1560 3623 1601 vocatus
3648 1536 3833 1602 fuerat
3856 1566 3950 1603 una

2388 1658 2509 1696 cum
2565 1642 2934 1711 hypopsephto
2988 1641 3399 1700 Monembasite.
3457 1643 3860 1694 conunentaria
3900 1651 3948 1693 rt

2389 1748 2571 1793 voces,
2611 1749 2678 1784 nc
2707 1734 2952 1786 dicamus
2986 1747 3174 1784 recens
3210 1739 3330 1783 nata
3369 1732 3641 1797 dogmata.
3679 1731 3803 1784 aliis
3836 1745 3949 1798 pro-

2389 1834 2617 1892 ponunt.
2655 1822 2946 1874 Damnatus
2971 1832 3226 1887 pneterea
3252 1832 3330 1875 est
3357 1822 3536 1876 dictus
3559 1820 3946 1875 Monembasiac

2390 1914 2788 1983 hypotisephius
2822 1951 2835 1973 ,
2868 1913 2959 1980 qui
3003 1915 3189 1965 eadem
3225 1928 3284 1966 ac
3314 1911 3565 1967 Palamas
3594 1913 3869 1966 εοιιιίυὶιειι
3899 1912 3944 1963 in

2389 2005 2569 2072 pravis
2620 2004 2922 2055 divinorum
2986 2002 3337 2069 Eloquiorutn
3389 2003 3854 2070 expositionibus.
3905 2016 3943 2051 rt

2389 2097 2528 2162 quod
2566 2095 2632 2147 ab
2656 2108 2718 2147 eo
2744 2108 2800 2147 se
2825 2094 3153 2162 disiungere.
3182 2105 3236 2147 et
3273 2094 3665 2163 professionem
3725 2098 3947 2162 propria!

2388 2188 2667 2243 sententim
2702 2196 2755 2240 et
2801 2189 2980 2240 Cultus
3026 2187 3235 2241 tradere
3284 2189 3475 2241 nollet.
3530 2187 3941 2247 Verumtamen,

2391 2279 2591 2346 quibus
2625 2278 2676 2329 id
2710 2277 2759 2329 itt
2792 2278 2973 2329 animo
3005 2288 3111 2339 est,
3145 2286 3203 2330 ut
3237 2276 3504 2331 malorum
3544 2278 3795 2329 omnittm
3862 2293 3950 2329 au-

2387 2369 2555 2421 ctoris
2594 2369 2853 2421 daemonis
2886 2367 3002 2419 telis
3024 2367 3455 2435 impenetrabiles
3486 2369 3635 2429 liant,
3662 2370 3817 2421 omni
3845 2378 3951 2419 stu-

2387 2461 2475 2512 dio
2512 2475 2569 2513 se
2604 2473 2927 2527 quacunque
2957 2474 3015 2509 ex
3057 2467 3209 2525 parte
3245 2456 3532 2510 defendere
3564 2457 3801 2511 debent.
3844 2457 3947 2509 Mo-

2387 2548 2489 2602 dus
2519 2551 2718 2619 quippe
2769 2548 2913 2600 illius
2952 2556 3054 2607 est,
3092 2557 3142 2598 et
3179 2548 3365 2615 ingens
3406 2558 3707 2611 certamen,
3740 2563 3949 2616 semper

2387 2641 2638 2693 scandala
2694 2650 2937 2694 serentes
2994 2638 3048 2690 in
3103 2636 3341 2691 Ecclesia
3394 2638 3641 2691 homines
3687 2640 3943 2691 excitare.

2389 2732 2493 2785 Srd
2528 2748 2622 2783 vos
2673 2732 2725 2784 in
2772 2731 3099 2799 evangelicis
3146 2739 3199 2783 et
3245 2730 3564 2797 apostolicis
3609 2740 3659 2781 et
3710 2732 3949 2796 paternis

2390 2822 2775 2875 traditionibus
2808 2823 3035 2882 assueti,
3068 2829 3119 2872 et
3157 2820 3379 2881 exculti,
3416 2829 3468 2873 et
3496 2820 3725 2887 legitimi
3764 2820 3948 2873 Eccle-

2386 2911 2479 2963 siae
2506 2911 2619 2972 lilii,
2649 2910 2962 2963 omnimoda
2994 2912 3061 2962 ab
3092 2910 3155 2963 iis
3183 2912 3273 2976 qui
3301 2908 3579 2963 Palatinam
3612 2923 3946 2978 sequuntur,

2384 3004 2747 3071 separatione,
2783 3002 3053 3055 immunes
3086 3002 3455 3071 vosmetipsos
3479 3018 3815 3056 conservare
3842 3018 3950 3055 stu-

720 3096 812 3153 sit,
846 3091 1298 3161 quemadmodum
1340 3108 1367 3144 a
1419 3090 1637 3145 deiferis
1673 3090 1925 3146 Patribus
1954 3101 2353 3171 exponaturuc
2389 3093 2529 3146 dele.
2592 3091 2724 3157 Quis
2777 3092 2919 3144 enim
2972 3106 3158 3144 eorum
3218 3092 3533 3144 commercii
3590 3101 3642 3144 et
3695 3093 3949 3145 auditorii

724 3182 740 3231 Ι
769 3198 824 3231 to
854 3180 1076 3249 quibus,
1110 3179 1488 3249 tomodigesto
1516 3196 1579 3234 ex
1603 3181 1843 3251 synodali
1867 3182 2162 3246 sententia,
2197 3199 2281 3235 ex-

721 3271 1142 3324 communicatio
1190 3271 1295 3324 lata
1328 3281 1408 3325 est
1439 3288 1452 3336 ;
1479 3287 1584 3341 qua
1630 3272 1719 3326 ille
1763 3274 2028 3341 neglecta,
2076 3275 2277 3325 malum

722 3363 961 3427 adauxit,
993 3362 1311 3430 scriptiones
1342 3379 1529 3418 rursus
1554 3365 1771 3417 easdem
1799 3375 1852 3418 et
1884 3366 2280 3433 disputationes

724 3469 1015 3521 usurpans.
1056 3471 1083 3506 a
1111 3455 1329 3522 quibus,
1367 3465 1425 3508 ut
1464 3470 1687 3508 omnino
1718 3456 2029 3521 abstineret,
2059 3456 2273 3525 iussum

722 3543 917 3596 fuerat.
953 3543 1351 3613 Proptereaque
1376 3560 1437 3598 ex
1468 3560 1532 3598 eo
1560 3558 1806 3613 tempore
1840 3545 1891 3598 in
1915 3546 2171 3615 ambiguo
2196 3561 2283 3600 res

722 3638 858 3689 crat,
904 3638 955 3680 et
986 3627 1306 3680 succrdcnlc
1342 3633 1577 3694 tempore
1615 3628 1787 3696 magis
1830 3642 1892 3680 ac
1933 3628 2102 3697 magis
2134 3629 2279 3682 circa

723 3720 978 3785 pietatem
1030 3717 1275 3770 Palamas
1329 3718 1618 3783 ambiguus
1670 3718 1974 3781 videbatur,
2022 3734 2143 3773 cum
2181 3734 2283 3771 nec

728 3809 1119 3875 professionem
1144 3808 1262 3861 lidei
1283 3809 1579 3876 inscriptis,
1596 3809 1654 3861 al'
1677 3808 1911 3861 Ecclesia
1933 3810 2265 3876 postulatam

723 3899 1020 3951 exhiberet.
1046 3898 1321 3961 Quomodo
1342 3899 1519 3965 itaque
1544 3899 1783 3952 resillius
1804 3900 2282 3968 negligtpoteraut,

722 3992 849 4041 dum
879 3990 965 4042 ille
998 3989 1330 4057 Pervicacius
1362 3982 1641 4043 inhaereret
1679 3992 1981 4058 proposito,
2018 4006 2117 4044 nec
2155 4007 2182 4043 a
2213 3992 2286 4044 si-

725 4080 942 4131 mi'ibus
970 4080 1374 4131 commentariis
1422 4078 1737 4141 abstineret,
1769 4087 1820 4131 et
1848 4079 2045 4132 multos
2076 4087 2286 4146 pertur-

727 4174 878 4230 tans,
911 4170 974 4221 ad
1010 4170 1378 4236 expositiones
1426 4185 1550 4222 suas
1596 4169 1997 4236 amplectendas
2042 4169 2283 4237 compel-

726 4262 878 4321 ιετι-ι,
915 4261 1049 4311 male
1075 4261 1236 4312 etiam
1268 4261 1419 4312 Tomi
1452 4260 1709 4311 nonnulla
1749 4268 2070 4327 exponeret.
2105 4274 2282 4328 neque

730 4353 813 4399 lim
837 4351 977 4401 Insire
1010 4366 1065 4403 se
1093 4349 1428 4402 submitteret
1459 4350 1723 4415 ?tdeoquc
1750 4367 1853 4402 non
1881 4351 2157 4419 neglectus
2180 4360 2278 4409 est,

2388 3184 2561 3239 usus?
2606 3182 2773 3249 Cujus
2819 3197 2948 3235 vero
2992 3184 3177 3251 gratiae
3223 3182 3370 3236 fures
3421 3183 3681 3236 Ecclesia:
3731 3187 3948 3251 quitotn

2383 3275 2673 3342 imperium
2705 3275 3031 3339 detrectant,
3086 3275 3442 3336 acchieratica
3478 3290 3604 3327 vero
3652 3292 3824 3341 opera
3868 3294 3952 3343 83-

2383 3365 2722 3435 grediuntur,
2754 3376 3053 3434 amantque
3100 3366 3319 3430 docere,
3354 3376 3407 3419 et
3438 3368 3771 3433 persuadere
3820 3383 3948 3420 con-

2383 3455 2634 3515 tendunt,
2664 3455 2802 3509 bona
2842 3470 2962 3510 esse
2990 3470 3111 3523 qua:
3148 3455 3216 3508 ab
3249 3452 3381 3523 ipsis
3409 3455 3765 3509 enuntiantur
3793 3457 3816 3507 ?
3849 3456 3952 3509 No-

2383 3546 2465 3599 bis
2510 3562 2672 3615 porro
2729 3547 2928 3614 saepius
2982 3560 3076 3599 eos
3128 3545 3468 3616 illacrymare
3511 3548 3759 3616 contigit,
3819 3549 3949 3601 mihi

2383 3634 2606 3695 credite.
2632 3636 3123 3699 considerantibus,
3160 3636 3304 3704 quali
3346 3636 3589 3692 veritatis
3620 3639 3702 3690 via
3739 3640 3950 3701 relicta,

2384 3726 2437 3777 in
2486 3737 2748 3794 quantum
2800 3740 2857 3778 se
2903 3725 3217 3778 barathrum
3266 3727 3670 3795 prmcipitariut.
3726 3742 3948 3783 conten-

2383 3816 2517 3867 tioni
2542 3814 2787 3876 obnoxii,
2808 3815 2901 3881 qui
2932 3815 3266 3883 negligentes
3297 3814 3348 3865 in
3383 3815 3774 3883 tranquillitate
3801 3818 3948 3885 cogi-

2386 3905 2650 3957 tationum
2688 3905 3162 3973 gubernationem,
3205 3905 3331 3957 licet
3366 3906 3603 3958 tumultu
3645 3922 3806 3959 suum
3834 3924 3945 3969 eor,

2386 3995 2622 4047 tumultu
2659 4008 2813 4047 suam
2854 3994 3089 4046 animam
3122 3992 3393 4061 Opplctatn
3428 3994 3731 4059 obtineant,
3765 3998 3947 4051 odiose

2385 4096 2545 4153 atque
2569 4085 2931 4161 contentiose,
2962 4085 3103 4151 quod
3137 4085 3236 4153 ipsi
3268 4095 3596 4153 proponunt,
3622 4087 3945 4141 confirmare

2384 4186 2654 4244 satagunt,
2708 4190 2805 4227 nec
2843 4174 2969 4226 illud
3025 4176 3209 4229 animo
3240 4191 3432 4243 capere
3476 4188 3728 4243 possunt,
3771 4194 3943 4245 neque

2387 4268 2614 4335 probum
2652 4282 2824 4335 neque
2868 4265 3073 4331 justum
3103 4282 3244 4329 esse,
3292 4266 3511 4319 Patrum
3551 4270 3821 4321 terminos
3868 4270 3945 4319 di-

2387 4375 2623 4424 movere,
2653 4370 2705 4413 et
2735 4359 3031 4420 adversari,
3065 4369 3117 4412 et
3150 4374 3257 4412 non
3292 4359 3485 4412 cedere
3516 4374 3694 4424 neque
3727 4360 3947 4413 obedire

726 4444 814 4496 sed
838 4454 889 4493 ut
911 4444 1175 4495 sententia
1198 4442 1870 4511 ctpietateambiguum,et
1891 4442 2281 4509 professionem
2318 4442 2360 4494 D
2389 4450 2642 4504 Ecclesiae
2669 4451 2719 4503 in
2752 4450 2814 4503 iis
2845 4465 2964 4517 quae
2994 4450 3060 4502 ah
3090 4450 3201 4517 ipsa
3232 4449 3397 4517 probe
3428 4458 3482 4502 et
3525 4450 3834 4503 secundum
3862 4466 3945 4501 ca-

725 4533 978 4598 scriptam
1012 4531 1220 4584 tradere
1253 4540 1568 4585 renuentem
1595 4570 1608 4593 ,
1638 4542 1695 4585 ut
1725 4532 2059 4600 pervicacem
2092 4540 2143 4584 et
2183 4530 2285 4584 Ec-

726 4624 909 4675 clcsim
946 4623 1036 4675 Dei
1074 4621 1230 4675 subdi
1269 4622 1533 4683 nescium,
1580 4630 1636 4673 ιιι
1669 4623 1931 4675 tumultus
1964 4630 2017 4675 et
2062 4632 2285 4674 conten-

726 4714 890 4766 tionis
932 4713 1263 4780 potissimam
1297 4726 1540 4770 causam,
1573 4720 1632 4763 nt
1682 4726 1942 4763 novorum
1977 4710 2287 4778 peregrino-

726 4820 955 4872 rumque
982 4803 1293 4872 dogmatum
1329 4812 1677 4867 assertorem,
1712 4790 2077 4855 Dei‘lﬁcclcsia
2110 4801 2281 4853 virum

726 4914 753 4948 a
784 4912 838 4948 se
865 4897 975 4960 ipsa
1000 4893 1319 4961 proscripsit
1342 4910 1356 4956 ;
1379 4893 1523 4959 juste
1546 4892 1827 4959 equidem,
1870 4907 2129 4945 novorum
2156 4893 2287 4960 dog-

727 4996 929 5038 rnatum
960 4994 1233 5047 auctores,
1268 4983 1373 5033 imo
1402 4983 1452 5034 in
1481 4982 1614 5035 alias
1644 4992 1804 5049 atque
1831 4981 1961 5034 alias
1984 4982 2285 5035 sententias

728 5077 925 5144 scripta
966 5076 1217 5129 Ecclesia:
1241 5075 1643 5143 detorquentes,
1678 5074 2005 5127 contumelia
2054 5076 2285 5140 probro-

726 5184 830 5236 que
866 5166 1121 5237 alliciens,
1150 5176 1200 5218 et
1230 5165 1329 5218 sibi
1364 5166 1467 5234 ipsi
1498 5165 1550 5215 in
1593 5166 1904 5231 apostolicis
1948 5174 2000 5217 et
2042 5165 2283 5231 palemis

728 5259 1109 5311 traditionibus
1142 5256 1462 5320 profundam
1503 5256 1947 5323 tranquillitatem
1980 5271 2041 5307 ac
2076 5258 2285 5309 stabili-

725 5356 887 5402 tatem
920 5363 1235 5415 procurans.
1290 5347 1359 5399 De
1395 5362 1496 5414 qua
1542 5362 1732 5417 magna
1776 5357 1825 5399 et
1858 5349 2046 5415 ingens
2079 5349 2283 5401 solliei-

728 5438 857 5491 tudo
889 5438 1183 5500 invaserat,
1228 5453 1254 5489 a
1289 5437 1393 5491 Deo
1418 5450 1728 5491 coronatam
1765 5437 2196 5506 potentissimum
2230 5447 2284 5491 et

731 5538 971 5582 sanctam
1029 5545 1198 5581 meam
1262 5529 1561 5589 dominam,
1622 5538 1675 5582 et
1729 5545 1757 5581 a
1814 5529 1921 5583 Deo
1975 5530 2161 5582 datum
2220 5545 2283 5584 ac

734 5619 932 5671 mundo
967 5619 1379 5672 desiderabilem
1422 5620 1563 5672 illius
1616 5624 1919 5682 surculum,
1968 5620 2282 5687 potentissi-

734 5726 875 5763 Inntn
912 5719 961 5763 et
994 5722 1239 5763 sanctum
1274 5726 1449 5763 Ineunt
1490 5712 1863 5776 imperatorem
1896 5726 1907 5773 ;
1945 5720 1999 5763 ut
2031 5720 2084 5763 et
2118 5726 2279 5764 vene-

2388 4556 2558 4596 nones
2604 4540 2786 4594 divina
2822 4540 2994 4608 gratia
3040 4540 3255 4593 decreta
3296 4547 3461 4603 sunt;
3497 4540 3587 4593 sed
3634 4553 3688 4594 et
3726 4542 3945 4593 liberta-

2388 4643 2517 4693 tem,
2552 4647 2614 4686 ac
2652 4633 2697 4687 si
2739 4631 2820 4687 sui
2846 4640 3028 4685 essent
3054 4632 3217 4699 juris,
3259 4640 3531 4700 usurpant
3559 4647 3681 4699 qua:
3722 4634 3787 4684 ad
3819 4634 3947 4687 alios

2385 4726 2681 4793 pertinent,
2716 4724 2817 4791 ipsi
2857 4722 3224 4776 inverecunde
3257 4732 3573 4792 operantur,
3614 4733 3666 4775 et
3703 4740 3828 4776 cum
3869 4726 3946 4778 fa-

2388 4815 2643 4869 cultatem
2698 4814 2901 4867 nullam
2956 4816 3212 4877 habeant,
3273 4816 3569 4869 monachos
3624 4816 3945 4880 detondent,

2387 4907 2548 4975 idque
2581 4906 2741 4958 ctiam
2782 4906 2832 4957 in
2861 4904 3112 4973 juvenem
3149 4905 3403 4970 nobilem,
3441 4907 3625 4958 multis
3656 4908 3945 4974 pellet-tum

2384 4999 2690 5058 fraudibus,
2725 5011 2828 5049 non
2880 4997 2999 5049 sine
3048 4996 3272 5049 audacia
3323 4998 3716 5064 prmstiterunt.
3756 4999 3835 5050 Ab
3872 5001 3950 5050 bis

2386 5090 2565 5156 itaque
2597 5097 2710 5141 toto
2744 5102 2837 5139 vos
2874 5087 3055 5137 animo
3097 5097 3388 5148 scmovete,
3419 5086 3740 5139 orthodoxis
3769 5087 3949 5140 Eccle-

2386 5182 2475 5247 siae
2498 5178 2842 5245 dogmatibus
2866 5176 3222 5231 adluerentes.
3246 5179 3376 5231 Cum
3405 5178 3585 5243 itaque
3604 5178 3944 5243 propter-jam

2385 5275 2559 5327 dictas
2594 5286 2789 5325 causas
2826 5271 3160 5338 proscriptus
3192 5271 3261 5324 sit
3290 5269 3360 5323 ab
3390 5268 3631 5320 Ecclesia
3673 5270 3941 5325 l’alamas,

2384 5364 2571 5417 eodem
2608 5378 2670 5416 ac
2720 5362 2807 5415 ille
2857 5362 3016 5413 modo
3069 5360 3356 5429 proscripti
3409 5368 3533 5411 sunt
3581 5376 3799 5421 ntulit-5,
3858 5360 3941 5424 qui

2385 5470 2534 5523 a-que
2566 5470 2626 5506 ac
2657 5454 2745 5506 ille
2778 5454 3016 5506 sentiunt
3045 5470 3057 5515 ;
3095 5452 3292 5520 quippe
3327 5451 3434 5503 illis
3468 5450 3736 5512 erodunt;
3776 5466 3942 5514 neque

2384 5557 2461 5597 est
2486 5546 2755 5599 similibus
2776 5561 2896 5614 pars
2917 5547 3019 5599 ulla
3042 5547 3153 5597 sive
3183 5545 3478 5603 litereditas,
3501 5543 3675 5609 quoad
3697 5544 3938 5594 eamdem

2386 5637 2707 5687 Sententiam
2746 5645 3041 5689 sectantur.
3068 5634 3325 5702 Separate
3360 5635 3541 5700 itaque
3571 5648 3667 5683 vos
3699 5634 3765 5680 ab
3797 5631 3931 5688 istis.

2386 5728 2637 5783 Ecclesia:
2670 5728 3020 5794 obedientcs,
3058 5727 3462 5796 aequiescentcs
3497 5732 3933 5793 perseverantes-
