4104 6322
129 410 242 474 837

1273 406 1717 471 GRASCURUM
1752 390 2129 465 SENTENTI
2146 404 2224 463 EE.

3252 400 3359 464 898

129 543 240 595 que
266 528 317 578 in
346 526 678 595 Erangelicis
700 533 748 578 et
776 524 1089 601 qpostolicis
1134 523 1543 577 traditionibus.
1571 521 1697 574 Ete-

1805 522 1857 567 et
1889 512 2365 581 procacissimum,
2406 511 2496 579 qui
2535 523 2750 579 semper
2780 509 3105 579 scriptorum
3138 515 3279 564 mole
3308 522 3365 564 et

133 621 273 681 uim,
306 617 429 684 licet
454 632 557 671 non
589 618 723 672 tales
755 627 941 677 essent
975 619 1185 687 pietate.
1221 617 1460 675 ambigui
1483 615 1694 669 scilicet

132 716 190 760 et
220 707 398 774 palam
430 707 609 761 hostes
630 716 683 759 et
706 708 1029 771 adversarii,
1053 719 1107 762 et
1133 709 1202 762 ab
1233 708 1477 763 Ecclesia
1509 706 1692 774 ejecti,

133 797 492 852 nihilominus
525 813 700 867 neque
748 801 849 854 bac
894 802 1103 855 ratione
1151 802 1202 854 in
1236 801 1584 871 dogmatibus
1641 801 1695 851 et

103 890 385 943 .doctriua
421 890 487 942 de
529 890 728 959 pietate
770 890 878 944 illis
923 894 1143 945 credere
1194 892 1421 957 debetis,
1476 906 1601 945 cum
1644 889 1695 942 id

138 978 452 1042 ministerii,
484 989 542 1033 ut
567 981 677 1049 jam
710 981 969 1045 diximus,
1004 983 1068 1037 ad
1095 983 1368 1037 antistites
1398 983 1692 1051 pertineat,

134 1072 338 1140 quibus
380 1070 498 1123 sine
538 1072 644 1123 ulla
686 1072 1002 1141 exceptione
1046 1074 1270 1127 obedire
1319 1073 1551 1139 debetis,
1600 1089 1697 1127 nec

142 1160 255 1214 ullo
310 1163 469 1215 modo
504 1163 826 1228 adversari;
875 1177 999 1217 cum
1049 1163 1158 1218 sint
1200 1179 1229 1218 a
1274 1164 1383 1219 Deo
1435 1176 1696 1233 tanquam

137 1253 409 1306 mcottomi
446 1252 597 1305 vobis
624 1252 805 1305 traditi
838 1254 1050 1317 salutis,
1087 1264 1142 1309 et
1172 1257 1438 1309 rationem
1474 1271 1571 1323 pro
1606 1270 1700 1308 vo-

139 1343 227 1396 bis
274 1342 553 1396 reddituri.
598 1342 730 1406 Quae
774 1345 913 1395 ratio
962 1344 1148 1409 fuerit,
1202 1344 1365 1399 hosce
1413 1346 1699 1414 ambiguos

120 1436 320 1487 .locuzu
367 1437 503 1503 apud
539 1451 633 1486 vos
682 1438 976 1503 possidere,
1022 1453 1132 1507 quo
1174 1438 1475 1506 periculum
1507 1439 1699 1491 animm

138 1528 384 1581 Suheatis
438 1538 486 1580 et
538 1528 871 1582 excidium?
927 1527 1095 1584 Nemo
1138 1529 1358 1591 interim
1403 1531 1697 1593 existimet,

140 1630 365 1687 prapter
398 1620 556 1672 aliam
595 1634 816 1673 causam
865 1619 1164 1685 Palamam,
1215 1622 1470 1690 illiusque
1517 1622 1699 1676 socios

138 1715 208 1764 ab
243 1713 480 1767 Ecclesia
512 1715 737 1782 eiectos,
768 1733 931 1784 quam
957 1718 1026 1770 ob
1060 1716 1360 1770 adulterata
1389 1714 1561 1775 ipsius
1595 1714 1698 1767 Ec-

137 1803 319 1857 clesiae
365 1804 656 1874 dogmata:
715 1821 839 1859 cum
885 1817 938 1860 et
967 1807 1067 1874 ipsi
1115 1806 1435 1875 deprehensi
1485 1804 1594 1858 sint
1645 1804 1697 1856 in

138 1896 436 1961 nonnullis,
479 1898 607 1950 tomi
644 1898 826 1962 verba,
856 1908 913 1951 ut
942 1896 1049 1965 jam
1090 1897 1350 1958 diximus,
1384 1897 1696 1958 adulteran-

137 1994 247 2045 tes.
284 1998 337 2039 ct
381 1987 433 2038 in
470 2002 690 2055 pravam
724 1990 1115 2057 expositiOnem
1160 1990 1461 2052 trahentes.
1496 1986 1696 2052 Quare,

137 2078 184 2129 si
220 2077 377 2130 uobis
419 2088 597 2130 vestra
628 2080 834 2134 utilitas
870 2089 919 2133 et
962 2082 1226 2135 securitas
1255 2079 1405 2134 cordi
1446 2088 1547 2141 est,
1578 2094 1701 2131 om-

137 2168 273 2221 nino
307 2184 401 2222 eos
436 2171 621 2233 vitate,
656 2171 880 2239 paciﬁce
908 2178 960 2225 et
1000 2172 1291 2241 tranquille
1322 2173 1463 2224 inter
1492 2185 1583 2223 vos
1620 2171 1700 2237 ip-

134 2274 248 2325 sos,
299 2276 399 2314 nec
442 2277 550 2317 non
582 2274 635 2316 et
683 2264 841 2328 alios,
887 2264 1153 2328 viventes,
1197 2242 1462 2332 complete
1513 2277 1699 2330 opera,

133 2368 261 2420 qua:
284 2357 349 2405 ad
378 2363 610 2408 vestram
636 2355 865 2409 salutem
892 2355 1202 2409 necessaria
1222 2366 1349 2408 sunt
1374 2370 1387 2407 :
1415 2353 1575 2422 cujus
1601 2352 1707 2406 uti-

140 2457 269 2496 nam
298 2453 572 2511 compotes
603 2445 745 2499 natis
770 2446 822 2499 in
844 2445 1085 2509 Christo,
1108 2447 1261 2517 cujus
1286 2450 1456 2516 gratia
1481 2446 1552 2500 sit
1579 2462 1702 2500 cum

145 2535 309 2588 vobis
339 2536 617 2591 omnibus.
649 2555 667 2587 ›
709 2537 775 2590 Et
807 2538 920 2591 haec
949 2538 1015 2592 de
1051 2539 1274 2593 Palama
1308 2538 1562 2609 illiusque
1592 2539 1703 2591 bae-

141 2625 359 2681 resibus
412 2627 465 2680 in
506 2629 799 2697 praesentia
830 2629 960 2685 satis
1008 2632 1154 2696 sint;
1201 2630 1409 2700 reliqua
1445 2639 1707 2698 opportu~

142 2720 301 2776 niore
338 2729 580 2789 tempore
620 2736 1031 2791 prosequemur.
1070 2721 1323 2777 Palamas
1358 2723 1540 2791 itaque
1571 2720 1706 2776 Gre-

137 2812 351 2883 gorius,
382 2822 438 2867 ut
468 2813 635 2876 vides,
665 2828 771 2869 non
816 2812 1064 2882 proprias
1100 2814 1334 2868 haereses
1366 2823 1603 2876 tantum,
1632 2814 1705 2867 ob

134 2916 280 2972 quas
322 2902 486 2956 etiam
519 2905 585 2957 ab
622 2904 755 2973 ipsis
785 2904 1010 2969 Graecis,
1054 2906 1413 2973 plurimarum
1460 2906 1704 2975 synodo-

137 3009 261 3049 rum
294 2995 525 3061 calculo,
549 2996 839 3051 damnatus
863 3007 967 3061 est,
995 2998 1126 3051 fovit
1150 3010 1201 3051 et
1225 2999 1540 3066 propagavit
1565 3016 1579 3060 ;
1608 2997 1703 3051 sed

134 3082 452 3140 Grecorum
480 3086 643 3140 etiam
673 3100 888 3142 errores
918 3088 1182 3142 adversus
1215 3087 1459 3151 Latinos,
1488 3087 1706 3157 scriptis

132 3176 326 3240 editis,
377 3185 582 3231 tutatus
612 3188 714 3239 est.
750 3178 921 3232 Edita
969 3187 1095 3233 sunt
1142 3178 1373 3232 Londini
1418 3178 1776 3249 Orationesc

136 3266 584 3322 demonstrativae
611 3268 752 3333 duae,
786 3268 858 3321 De
886 3269 1215 3338 processione
1262 3268 1490 3335 Spiritus
1538 3270 1708 3323 sancti

134 3362 330 3407 contra
362 3351 610 3417 Latinos,
641 3354 829 3409 Graece
868 3364 1100 3409 tantum.
1149 3356 1381 3425 Scripsit
1413 3357 1579 3411 etiam
1610 3357 1710 3410 Re-

134 3444 427 3515 fuationes
467 3448 535 3497 ad
568 3445 795 3500 Joannis
834 3445 982 3501 Vecci
1018 3446 1347 3517 Epigr-aptius
1368 3486 1383 3512 ,
1416 3448 1483 3502 de
1514 3448 1706 3502 eodem

135 3543 488 3605 argumento,
525 3536 701 3591 editas
737 3536 923 3592 Graece
955 3548 1006 3591 et
1040 3537 1254 3602 Latine,
1288 3538 1583 3608 interprete
1610 3540 1709 3591 Ar-

132 3626 326 3691 cudio,
361 3641 485 3681 cum
516 3626 985 3697 Responsionibus
1020 3628 1381 3683 Bessariouis.
1415 3630 1530 3683 Alia
1566 3643 1706 3699 quo-

134 3731 247 3788 que
293 3719 579 3791 scripsisse
608 3734 717 3775 non
754 3721 943 3775 dubito
971 3719 1248 3777 hominem
1276 3723 1702 3793 nugacissimum

1729 1853 1777 1913 B

1797 604 2261 674 multiloquentia,
2296 619 2400 657 non
2431 611 2873 672 argumentorum
2916 604 3133 666 robore,
3166 602 3362 656 adver—

1796 698 1969 752 sarios
2020 696 2325 765 opprimere
2365 707 2636 748 conatur:
2693 693 2869 749 nullas
2907 694 3069 746 habet
3114 707 3361 755 veneres.

1799 788 2005 841 nullum
2051 786 2254 857 ingenii
2287 800 2515 839 acumen
2545 801 2559 837 :
2606 786 2739 839 satis
2770 785 2843 847 illi
2874 794 2974 847 est,
3010 785 3077 848 si,
3128 799 3246 850 quae
3274 784 3366 838 alii

1798 890 1922 933 ante
1948 880 2124 943 ipsum
2147 878 2416 939 dixerant,
2446 878 2795 931 lut-nleutiore
2819 876 3029 930 calamo
3055 886 3364 945 percurrat,

1798 980 1849 1022 et
1879 968 2084 1023 chartis
2108 967 2317 1031 illinat;
2354 966 2457 1020 sub
2493 966 2711 1034 pictatis
2743 968 2945 1033 specie,
2976 967 3178 1036 ubique
3208 983 3372 1023 veue‘

1801 1075 1928 1112 num
1974 1057 2176 1127 spirat.
2216 1057 2279 1109 Et
2309 1067 2487 1110 tamen
2515 1058 2660 1111 hunc
2691 1056 3160 1127 improbissimum
3194 1060 3370 1112 ltomi-

1800 1164 1946 1211 nem,
1975 1163 2039 1202 ac
2068 1149 2112 1201 si
2147 1152 2286 1201 unus
2314 1158 2364 1200 et
2396 1145 2699 1215 prtecipuus
2728 1161 2792 1200 ex
2825 1147 3031 1201 sanctis
3057 1160 3111 1200 et
3136 1148 3373 1201 doctori-

1801 1242 1903 1294 bus
1934 1238 2097 1305 foret,
2127 1238 2372 1291 nonnulli
2409 1253 2475 1292 ex
2505 1235 2710 1291 Grmcis
2756 1238 2898 1290 inter
2943 1247 3165 1292 sanctos
3200 1238 3371 1292 collo-

1799 1340 2011 1397 carunt,
2059 1341 2132 1395 et,
2164 1332 2381 1403 hymnis
2411 1346 2475 1385 ac
2509 1331 2631 1384 aliis
2680 1331 2913 1385 canticis
2960 1330 3143 1393 editis,
3176 1333 3229 1384 in
3274 1330 3372 1384 Ec-

1773 1414 1967 1478 lclesia
1998 1424 2368 1485 celebrarunt,
2400 1428 2453 1476 et
2482 1438 2628 1477 nunc
2660 1436 2878 1491 quoque
2908 1421 3206 1481 celebrant.
3237 1421 3369 1487 Quc

1802 1516 1855 1568 in
1888 1514 2110 1567 Triodio
2142 1513 2208 1567 de
2238 1514 2329 1567 illo
2362 1514 2690 1576 afferuntur,
2738 1528 2767 1567 a
2799 1514 3085 1572 Pliilotheo
3132 1514 3364 1584 patriar-

1801 1605 1904 1661 cha
1934 1605 2538 1672 ConstantinOpolitano
2571 1606 2712 1659 male
2743 1614 2953 1671 assuta,
2986 1605 3119 1661 alibi
3156 1608 3370 1659 exami-

1803 1697 2079 1751 navimus.
2102 1695 2422 1751 Collectoris
2454 1698 2643 1759 etiam,
2675 1696 2789 1750 sive
2814 1698 3041 1751 editoris
3067 1697 3371 1767 incogitan-

1804 1790 1874 1842 tia
1902 1788 2102 1842 l’actum
2132 1798 2236 1851 est,
2270 1795 2330 1840 ut
2372 1787 2425 1840 in
2462 1786 2633 1842 Tomo
2662 1786 2727 1841 IX
2767 1787 3097 1844 Bibliotheca:
3127 1787 3370 1855 Patrum,

1805 1878 1857 1931 in
1905 1880 2135 1933 duarum
2173 1880 2484 1932 orationum
2532 1878 2715 1944 titulo,
2750 1893 2980 1948 quarum
3019 1879 3135 1947 ipse
3182 1889 3371 1933 auctor

1805 1970 1999 2033 fuerat,
2053 1970 2412 2024 sanctissimus
2443 1976 2805 2037 nuncupet'ur.
2833 1968 2983 2035 Quod
3013 1969 3249 2023 maxine
3275 1968 3376 2022 ita.

1803 2062 2054 2133 probavit
2095 2063 2411 2122 Gennadius
2464 2062 2799 2132 patriarcha,
2838 2062 3055 2117 Graecos
3083 2061 3369 2130 alloquens

1804 2168 1902 2222 pro
1942 2153 2177 2209 concilio
2206 2153 2525 2208 Florentino
2560 2172 2573 2208 :
2616 2172 2633 2205 ι
2685 2152 2815 2218 Vos,
2845 2153 3086 2216 Griecos,
3115 2154 3369 2222 quamvis

1805 2244 2266 2313 ﬂagitiosissimos
2305 2256 2357 2300 et
2393 2246 2764 2309 stultissimos,
2816 2247 2861 2301 si
2899 2245 3075 2305 solum
3112 2245 3375 2299 adversus

1806 2334 2030 2391 Latinos
2065 2338 2266 2399 dicant,
2302 2338 2545 2394 omnium
2577 2338 2956 2392 sanctissimos
2987 2336 3330 2403 arbitramini
3357 2351 3373 2401 ;

1807 2426 1947 2479 inter
1981 2425 2121 2480 alios
2159 2424 2374 2495 quidem
2412 2427 2633 2489 multos,
2677 2424 2969 2494 quemdam
3005 2425 3113 2495 qui.
3148 2434 3376 2477 vocatur

1807 2516 2079 2578 Palamas,
2129 2524 2183 2569 et
2224 2515 2425 2583 Ephesi
2460 2516 2728 2578 Marcum,
2776 2514 3053 2570 hominem
3100 2529 3200 2569 nec
3241 2515 3378 2569 satis

1809 2609 2005 2662 mentis
2033 2622 2362 2675 compotem,
2393 2607 2485 2660 sed
2524 2606 2788 2659 tumidum
2822 2605 3106 2675 sapientia:
3137 2614 3379 2659 ostenta-

1810 2710 1993 2753 torem
2023 2716 2037 2763 ;
2074 2700 2221 2759 nulla
2263 2701 2459 2753 virtute
2488 2699 2567 2752 vel
2604 2697 2894 2753 sanctitate
2935 2698 3219 2761 subnixos,
3250 2697 3377 2767 quia

1809 2791 2106 2861 loquuntur
2143 2801 2197 2846 et
2246 2792 2493 2846 scribunt
2519 2791 2694 2845 solum
2721 2800 2912 2846 contra
2938 2790 3185 2854 Latinos,
3209 2792 3381 2844 extol-

1808 2881 1919 2934 litis
1965 2890 2019 2934 et
2063 2880 2371 2943 celebratis,
2420 2896 2722 2950 eorumque
2770 2882 3034 2951 imagines
3066 2879 3370 2944 exornatis,

1809 2971 2119 3039 festumque
2158 2978 2379 3039 agentes
2419 2973 2559 3026 diem
2595 2974 2797 3035 colitis,
2840 2984 2894 3027 et
2939 2974 3104 3028 veluti
3153 2981 3375 3028 sanctos

1808 3061 2064 3115 adoratis.
2094 3080 2112 3113 ι
2138 3062 2317 3128 Quod,
2356 3078 2489 3133 pace
2524 3066 2659 3119 tanti
2692 3065 2794 3118 viri
2830 3066 2989 3119 liceat
3019 3064 3245 3129 dixisse,
3280 3064 3381 3118 fal-

1808 3168 1927 3208 sum
1964 3162 2067 3209 est.
2102 3152 2338 3224 Excepta
2370 3156 2513 3210 enim
2549 3155 2961 3235 Thessalonica,
2994 3167 3049 3213 et
3084 3157 3366 3212 nonnullis

1809 3245 1862 3297 in
1909 3255 2092 3299 monte
2130 3246 2275 3299 Atho
2307 3249 2675 3311 monasteriis,
2722 3249 2905 3303 nullus
2926 3264 2988 3304 ex
3020 3247 3225 3304 Grecis
3272 3250 3378 3304 hoc

1807 3334 1930 3398 aevi,
1959 3334 2072 3404 jam
2113 3336 2401 3404 praedictos
2432 3338 2624 3405 dignos
2656 3346 2803 3392 tanta
2853 3340 3379 3396 commemoratione

1806 3426 2127 3490 existimat;
2162 3429 2271 3481 imo
2301 3428 2465 3482 etiam
2500 3430 2719 3483 decreto
2757 3431 2977 3499 vetitum
3010 3440 3113 3495 est,
3155 3446 3223 3485 ne
3252 3431 3378 3498 quis

1804 3516 1862 3569 in
1895 3526 2171 3585 posterum
2206 3519 2271 3571 de
2304 3517 2372 3573 iis
2400 3517 2572 3572 officia
2602 3518 2655 3572 itt
2688 3519 2931 3575 Ecclesia
2961 3520 3221 3586 celebret,
3251 3522 3376 3575 licet

1803 3609 1871 3660 de
1907 3606 2128 3661 Palatna
2161 3607 2394 3662 ollicium
2422 3609 2491 3662 ah
2516 3608 2662 3661 illius
2698 3619 2862 3664 secta:
2890 3609 3073 3680 aliquo
3104 3625 3199 3680 per
3226 3626 3382 3675 sutu-

1810 3716 1957 3753 mum
1997 3710 2148 3755 uetas
2176 3701 2227 3755 in
2263 3701 2464 3755 Triodo
2494 3701 2701 3755 editum
2730 3698 2913 3756 fuerit.

1158 4084 1301 4172 DE
1386 4082 1788 4175 EODEM
1890 4086 2026 4170 PA
2050 4084 2353 4171 LAMA

378 4293 467 4352 Ex
523 4290 809 4366 ejusdem
866 4289 1072 4351 Allatii
1125 4304 1319 4365 opere
1374 4288 1455 4344 De
1505 4284 1799 4345 Ecclesiae
1844 4284 2269 4347 Occidentalis
2318 4296 2377 4348 et
2416 4286 2759 4351 Orientalis
2791 4299 3106 4368 perpetua

972 4390 1395 4462 consensione,
1433 4386 1544 4448 lib.
1562 4403 1629 4461 ιι,
1663 4404 1800 4467 cap.
1842 4390 1939 4461 17,
1976 4404 2156 4449 num.
2183 4388 2243 4462 2,
2272 4406 2411 4468 pag.
2455 4390 2595 4451 828.

209 4713 279 4769 ll.
323 4713 430 4769 Sed
462 4728 585 4769 cum
614 4727 845 4779 vmeam,
880 4711 933 4766 in
967 4712 1157 4767 harum
1184 4726 1367 4765 rerum
1394 4708 1709 4765 narratione
1742 4709 1785 4764 ι)
1814 4711 2035 4781 scriptis
2066 4711 2232 4768 etiam
2281 4709 2467 4775 editis,
2506 4724 2695 4765 eorum
2732 4713 3076 4784 aliorumque
3126 4717 3385 4785 plurimo-

137 4822 254 4863 uon
285 4817 478 4863 omnes
504 4802 820 4868 convenire,
850 4816 1047 4869 neque,
1071 4800 1203 4873 quid
1235 4801 1468 4855 senserit
1498 4798 1715 4853 Barlaa-
1779 4814 1934 4855 ‘rum
1960 4802 2262 4857 insimulat.
2303 4800 2549 4865 Namque
2580 4816 2697 4867 eos,
2732 4812 2791 4857 ut
2820 4805 3078 4859 Euchitas
3104 4816 3157 4859 et
3182 4806 3389 4862 Massa-

136 4914 286 4960 ntus,
328 4895 457 4967 quid
492 4895 829 4965 Acindynus,
881 4902 936 4948 et
975 4893 1106 4962 quid
1152 4893 1386 4961 denique
1412 4890 1707 4957 .Palamas,

134 5000 325 5060 aperte
361 4989 567 5051 dicere,
615 4984 709 5040 sed
754 4984 1033 5038 veritatem
1091 4984 1394 5038 mendaciis
1430 4983 1705 5037 contami-

136 5095 292 5144 nare,
326 5076 724 5133 immorandum
751 5084 835 5131 est
857 5075 1133 5145 paululum
1161 5075 1445 5131 referendo
1469 5076 1706 5142 negotio,

138 5174 367 5229 minimc
392 5170 688 5230 incurioso,
716 5183 815 5222 nec
847 5167 1098 5222 omnibus
1126 5168 1309 5222 obvio.
1332 5168 1577 5222 Accessit
1607 5169 1706 5221 ita-

134 5281 244 5334 que
274 5262 589 5333 Byzantium
628 5261 945 5315 Barlaamus
976 5258 1228 5324 Calaber,
1266 5275 1371 5314 non
1426 5261 1586 5315 rebus
1619 5274 1707 5314 ec-

133 5354 461 5414 clesiasticis
500 5361 736 5417 tantum,
770 5352 863 5408 sed
890 5350 1286 5421 pbilosopbicis
1319 5352 1482 5406 etiam
1519 5354 1701 5406 scicn-

134 5450 228 5505 tiis
258 5446 494 5511 nobilis;
531 5444 754 5513 inquirit
780 5443 833 5498 in
866 5444 1281 5509 monachorum,
1311 5459 1501 5499 eorum
1532 5446 1703 5514 potis-

133 5541 363 5598 simum,
399 5535 490 5604 qui
525 5549 585 5589 se
626 5534 967 5602 Ἦσυχαστᾰς
1001 5548 1031 5587 a
1068 5539 1270 5603 quiete,
1296 5544 1350 5589 et
1378 5534 1561 5588 animo
1596 5536 1701 5588 im-

131 5628 457 5701 perturbato
478 5624 888 5693 nuncupabant,
916 5623 1103 5685 vitam,
1133 5624 1378 5677 inStituta
1405 5623 1703 5686 examinat,

129 5720 327 5777 orandi
364 5718 529 5771 etiam
564 5715 785 5769 modum
836 5716 1142 5785 perpendit,
1189 5724 1262 5776 et,
1298 5730 1420 5769 cum
1455 5717 1701 5783 quaedam

133 5813 502 5875 observasset,
547 5821 668 5877 quae
716 5806 820 5876 ipsi
854 5822 960 5861 non
1003 5822 1175 5876 usque
1233 5806 1368 5861 adeo
1407 5807 1700 5877 placerent,

1811 4893 2009 4961 lianos,
2038 4900 2284 4949 veterum
2314 4893 2699 4947 hmreticorum
2732 4897 3119 4965 appellatione,
3161 4908 3215 4953 et
3248 4915 3386 4954 nova

1823 4984 2295 5055 Ὀμφαλοψύχους,
2329 4983 2784 5043 Umbilicanimos.
2817 4988 3217 5042 condemnavit.
3246 4988 3387 5053 Quid

1810 5074 2055 5129 Eucbitae
2087 5073 3011 5144 Massalianiquefuerint.veterum
3058 5077 3385 5145 scriptorum

1808 5165 1930 5220 libri
1958 5165 2091 5227 satis
2122 5167 2214 5220 tibi
2246 5176 2559 5235 suggerent.
2593 5167 2665 5220 De
2694 5167 3208 5239 Otnphalopsycltis,
3238 5174 3385 5238 quod

1815 5273 1921 5310 non
1951 5258 2023 5311 ita
2064 5272 2124 5312 se
2167 5257 2348 5320 habet,
2384 5257 2591 5327 aliquid
2630 5256 2898 5313 dicemus.
2938 5258 3121 5328 Neque
3144 5262 3288 5315 enim
3315 5263 3387 5316 ita

1813 5364 1908 5405 cos
1931 5352 2146 5403 vocavit
2166 5349 2505 5412 Barlaamus,
2524 5349 2687 5402 veluti
2708 5349 2884 5403 ventri
2905 5348 3138 5412 deditos,
3158 5358 3214 5404 et
3230 5349 3386 5417 quasi

1811 5446 2048 5499 animam
2086 5444 2139 5496 in
2162 5454 2347 5497 ventre
2390 5442 2648 5503 terentes,
2689 5456 2755 5495 eo
2782 5442 2942 5496 modo
2965 5457 3075 5508 quo
3094 5442 3223 5495 olim
3261 5440 3388 5495 Ter-

1813 5538 2098 5596 tullianus.
2122 5537 2185 5589 ad
2206 5536 2521 5588 Montanum
2548 5546 2946 5609 transgressus,
2964 5534 3231 5603 appellare
3248 5534 3389 5588 sole-

1810 5628 1904 5681 bat
1937 5629 2277 5681 ortbodoxos
2326 5628 2614 5695 psychicos,
2668 5625 2954 5689 animales,
2991 5626 3383 5694 voluptuarios,

1808 5728 1913 5771 etc.
1935 5726 1989 5772 ut
2030 5717 2408 5787 ὀμφαλόψυχοι
2440 5718 2550 5772 sint
2577 5717 2943 5787 gastrimargi,
2981 5724 3032 5769 et
3066 5714 3210 5782 quod
3245 5714 3386 5782 Apo-

1808 5808 1981 5863 stolus
2010 5810 2104 5874 ait,
2151 5807 2358 5863 l'cntrcs
2394 5811 2548 5879 pigri.
2583 5808 2735 5865 Licet
2778 5809 2919 5863 enim
2966 5806 3236 5878 Gregoras
3263 5820 3386 5859 cos-
