4104 6322
726 420 834 487 903

1919 411 2456 479 DETGREGORIO
2497 417 2800 477 PALAMA
3883 417 3986 473 ξι

726 539 901 591 ταῦτα
963 533 1250 604 δεξάμενοι
1297 532 1664 602 ἀπεριέργως.
1711 533 1794 586 Τὰ
1840 534 1948 603 γὰρ
1993 533 2101 587 τῶν
2131 533 2301 601 ἁγίων

2409 542 2528 601 post
2556 531 2785 586 Tomum
2818 531 3022 585 editum
3046 529 3551 584 circumferuntur?
3607 529 3807 581 (Inmiti
3857 540 3988 580 sm:

723 630 836 688 τοῖς
869 625 1040 693 ἁγίως
1077 625 1294 692 μὲνικαὶ
1339 625 1580 687 εὐσεϐῶς
1619 626 1798 677 νοοῦσι
1834 627 1928 678 καὶ
1977 627 2289 693 δεχομένοις

723 720 842 786 φῶς
876 719 1024 770 ἔστιν
1077 717 1337 786 ἀληθείας
1370 719 1507 786 πρὸς
1543 718 1634 771 τὸν
1677 717 1831 779 Θεὸν,
1864 721 1976 781 τοῖς
2005 719 2049 770 δ’
2089 719 2292 786 ἑτέρως

722 813 941 879 ἐλεγχος
976 811 1074 863 καὶ
1101 811 1447 879 κατάκριμα.
1481 810 1626 879 Πλὴν
1647 810 1766 862 οὺδὶ
1797 809 2294 883 ίσχυρογνωμονοῦ-

726 920 847 970 μεν,
880 903 934 955 ei
967 921 1022 956 τι
1055 904 1149 957 καὶ
1182 903 1271 955 ἐπ’
1325 903 1508 964 αὐτοῖς
1544 906 1654 964 τοῖς
1690 904 1859 970 ἁγίων
1899 905 2079 972 ῥητοῖς
2118 905 2294 954 εἰπεῖν

722 993 836 1063 ἔχιι
863 1011 969 1060 τις,
1002 993 1163 1048 ἅτινα
1212 995 1404 1058 ἁπλῶς
1440 995 1536 1057 καὶ
1571 995 1941 1059 ἀνεξετάστως
1991 993 2295 1062 ἐδεξάμεθα

721 1085 798 1149 ὡς
838 1085 1030 1152 ἁγίων.
1071 1086 1169 1139 Ἐν
1199 1087 1308 1155 γάρ
1337 1088 1490 1139 ἔστιν
1539 1087 1671 1156 ἡμῖν
1716 1088 1778 1138 τὸ
1810 1085 2168 1154 ζητούμενον,
2208 1083 2297 1137 [va

723 1180 792 1247 τῇ
855 1178 1154 1250 Ἐκκλησῖᾳ
1197 1177 1332 1231 Θεοῦ
1375 1179 1450 1232 τὰ
1495 1181 1670 1232 οἰκεῖα
1727 1179 1972 1248 δόγματα
2015 1179 2295 1246 ἀκραιφνῆ

722 1271 1052 1340 διατηῃθῇ,
1089 1273 1185 1326 καὶ
1216 1269 1399 1334 καθὼς
1427 1274 1586 1340 ἡμεῖς
1622 1275 1678 1326 ὲν
1705 1272 1910 1334 τούτοις
1939 1271 2294 1337 διέδεξάμεθα

724 1363 916 1432 αὐτὴν,
941 1362 1084 1415 οὕτω
1117 1364 1212 1416 καὶ
1251 1364 1385 1431 πρὸς
1424 1364 1549 1423 τοὺς
1593 1363 1710 1430 μεθ’
1739 1365 1885 1432 ἡμᾶς
1920 1362 2293 1430 παραπέμψω-

731 1472 852 1523 μιν⁸
885 1455 1064 1524 ἁμιγῆ
1117 1455 1320 1517 παντὸς
1361 1455 1520 1508 νόθου
1567 1457 1663 1508 καὶ
1714 1456 1952 1523 ἐκφύλου
2006 1454 2298 1524 δόγματος.

725 1549 800 1600 Οὐ
846 1547 952 1617 μὴν
975 1547 1114 1600 ἀλλὰ
1150 1549 1303 1616 καὶὴ
1341 1549 1482 1598 κατὰ
1523 1545 1618 1598 τοῦ
1652 1545 1964 1614 ὑποψηφίου
2003 1545 2300 1612 Μονεμϐα-

729 1640 852 1702 σίας
905 1640 1158 1708 συνοδικὴ
1213 1637 1411 1707 πρᾶξις
1466 1639 1694 1708 ἀρκέσει
1765 1638 1876 1698 τοῖς
1934 1636 2301 1701 ινδοὶάζουσι,

723 1735 952 1787 κάκεῖνα
983 1731 1122 1802 μετὰ
1153 1731 1264 1786 τῶν
1303 1729 1482 1784 ἄλλων
1512 1729 1620 1782 τῶν
1665 1730 1756 1783 ἐπὶ
1789 1731 1853 1799 τῇ
1886 1727 2156 1799 καταδίκῃ
2193 1730 2301 1780 αὑ-

723 1822 818 1876 τοῦ
852 1823 1128 1892 φέρουσα,
1162 1823 1243 1875 ὅτι
1295 1819 1521 1881 δύσνους
1556 1820 1685 1888 περὶ
1739 1819 1800 1871 τὸ
1843 1819 2111 1892 βασίλειον
2165 1817 2301 1887 ὕψος

724 1917 1070 1986 πεφώραται,
1103 1915 1198 1967 καὶ
1228 1915 1310 1966 ὅτι
1343 1913 1523 1981 χαίρει
1555 1912 1651 1964 καὶ
1686 1911 2008 1979 πρόσκειται
2043 1913 2176 1975 τοῖς,
2216 1907 2297 1973 οἷς
2333 1892 2373 1944 θ

724 2005 1038 2076 δογματίζει
1072 2007 1100 2058 ὁ
1127 2005 1393 2074 Παλαμᾶς
1427 2003 1565 2072 μετὰ
1588 2003 1687 2070 τὴν
1727 2000 1824 2055 τοῦ
1869 2003 2049 2073 Τόμου
2081 2002 2299 2055 ἔκθεσιν

721 2098 816 2151 καὶ
844 2099 943 2165 τὴν
981 2097 1052 2150 δι’
1081 2093 1248 2149 αὐτοῦ
1295 2095 1441 2156 ama
1489 2093 1599 2148 τῶν
1648 2093 1907 2146 τοιούτων
1955 2093 2295 2162 ἐπιτίμησιν.

721 2189 1081 2244 «Patriarclm
1108 2190 1175 2243 de
1200 2185 1392 2242 Tomo.
1417 2186 1599 2239 Palam
1629 2195 1710 2241 est
1742 2201 1804 2240 ex
1833 2187 1948 2253 ipso
1977 2185 2168 2244 Tomo.
2197 2187 2298 2239 nisi

717 2281 843 2351 quis
861 2295 925 2334 ex
963 2279 1164 2334 invidia
1196 2286 1362 2347 atque
1395 2277 1523 2332 odio
1549 2291 1640 2332 res
1672 2277 1978 2346 dijudicare
2037 2277 2187 2337 velit,
2229 2276 2297 2331 de

716 2372 938 2434 duobus
959 2380 1142 2425 tamen
1187 2367 1446 2438 capitulis
1512 2367 1783 2435 judicium
1843 2377 2022 2420 actum
2079 2381 2206 2421 esse
2245 2375 2300 2420 et

717 2462 1267 2527 determinationetn;
1311 2460 1386 2516 de’
1404 2458 1589 2513 divino
1626 2458 1836 2512 lumine
1861 2457 1914 2510 in
1945 2465 2125 2510 monte
2154 2454 2299 2509 Tha-

719 2553 896 2616 borio,
931 2561 982 2606 et
1008 2551 1076 2606 de
1110 2551 1384 2610 oratione,
1422 2557 1482 2604 ut
1506 2548 1646 2602 inira
1677 2561 2057 2616 exponemus;
2113 2555 2168 2600 et
2199 2561 2297 2614 pro

715 2643 934 2698 duobus
957 2643 1109 2698 hisce
1136 2639 1392 2710 capitulis
1443 2639 1890 2700 condemnatum,
1951 2637 2298 2705 ejectumque

726 2729 1094 2796 Barlaamum,
1136 2744 1436 2802 pcenasque
1463 2729 1518 2783 in
1543 2729 1718 2789 Tom’o
1735 2727 2037 2797 appositas,
2089 2729 2152 2781 ad
2203 2733 2297 2780 de-

695 2825 1024 2879 .fcnsionem
1076 2825 1475 2878 monachorum
1530 2820 1604 2874 ob
1645 2820 1760 2875 haec
1788 2822 1895 2874 duo
1953 2817 2297 2873 solummodo

715 2914 903 2980 capita
946 2913 1178 2968 indictas
1198 2927 1338 2966 esse.
1365 2909 1523 2965 Nunc
1555 2925 1684 2980 vero
1733 2909 1919 2973 audio,
1969 2909 2297 2964 contendere

714 3003 1040 3075 eosjudicio
1067 3018 1128 3059 se
1154 3003 1438 3058 absolutos
1475 3000 1646 3056 fuisse
1670 3001 1737 3056 de
1776 3001 2056 3061 omnibus,
2092 3014 2211 3067 qua:
2245 3007 2297 3050 et

715 3076 845 3150 ante
878 3101 1150 3164 et-poatea
1202 3092 1580 3157 decreverant.
1612 3089 1726 3145 Hoc
1752 3104 1947 3157 purum
1998 3097 2182 3157 putum
2215 3096 2296 3141 cst

2393 625 2556 679 etiam
2621 625 2915 678 secundam
2970 623 3239 694 synodum
3307 638 3498 692 cogere
3560 627 3662 675 sub
3721 633 3981 688 prasina;

2395 717 2684 786 Acindyni,
2745 716 2990 770 saeculari
3059 724 3327 785 potestate
3361 707 3587 774 suﬂ'nlti,
3621 723 3672 764 c-t
3708 729 3982 765 convene-

2397 819 2522 863 runt
2568 810 2621 862 in
2675 809 3081 862 catechumenia
3142 809 3380 861 celestis
3441 807 3621 873 templi
3672 805 3763 858 Dei
3829 805 3982 855 Υιτεεὶ

2399 898 2692 967 Sapientiae
2723 900 3001 970 praesules,
3027 910 3080 953 et
3127 909 3348 953 senatus
3401 913 3498 966 pro
3542 899 3641 949 hac
3675 911 3732 947 re
3789 905 3935 960 praet
3963 910 3983 944 r

2398 990 2729 1043 voluntatem
2782 1001 3045 1052 nostram,
3106 990 3177 1042 ita
3243 989 3349 1042 illis
3382 986 3848 1057 procurantibus:
3891 987 3980 1035 sui

2400 1081 2548 1134 nullo
2600 1082 2761 1135 modo
2800 1081 2851 1134 id
2882 1089 2965 1136 est
2995 1096 3024 1134 a
3077 1083 3232 1134 nobis
3263 1081 3584 1149 permissuri:
3611 1096 3626 1133 ε
3694 1089 3805 1129 ιιιιιι
3839 1095 3926 1143 qn.
3952 1079 3980 1127 d

2401 1187 2576 1241 neque
2609 1173 2760 1241 prius
2780 1188 2956 1240 neque
2989 1173 3256 1241 posterius
3285 1188 3459 1241 neque
3491 1187 3725 1237 unquam
3759 1174 3982 1222 onmilm

2401 1281 2702 1320 consensus
2728 1275 2782 1320 et
2807 1268 3060 1321 voluntas
3093 1279 3278 1320 nostra
3314 1267 3500 1328 fueril,
3555 1267 3890 1334 qumstimios
3921 1269 3982 1320 de

2402 1357 2743 1426 dogmatibus
2788 1359 2992 1413 moveri
3027 1361 3078 1413 in
3123 1360 3365 1413 Ecclesia
3427 1359 3543 1417 llei,
3589 1369 3811 1427 propter
3866 1378 3983 1425 qn»:

2405 1453 2527 1506 inde
2561 1461 2864 1519 sequuntur
2891 1451 3208 1505 discrimina
3240 1461 3292 1503 et
3353 1452 3622 1517 pericula;
3688 1462 3804 1502 tum
3841 1453 3982 1514 ιμιιςεί

2408 1544 2853 1606 intellexerimus,
2894 1559 3016 1597 eum
3058 1545 3150 1612 qui
3193 1544 3256 1596 ad
3294 1546 3394 1596 hoc
3438 1543 3642 1596 aCl'iilIS
3679 1545 3882 1605 fuerat,
3938 1555 3985 1594 i-t

2408 1636 2460 1687 in
2499 1651 2598 1688 nos
2637 1623 3104 1700 seseitzsinuabai,
3132 1637 3232 1690 sibi
3270 1637 3564 1696 vi'ndicare,
3591 1638 3683 1704 qui
3739 1637 3870 1689 inde
3901 1655 3984 1686 ur-

2410 1733 2498 1778 tus
2539 1724 2748 1788 fuisset,
2785 1727 3068 1788 honorem,
3123 1727 3266 1793 quod
3311 1727 3746 1779 imminutionem
3816 1728 3984 1795 imp»-

2413 1817 2562 1871 rialis
2593 1819 2778 1885 gloria:
2833 1833 2896 1870 ac
2953 1818 3249 1885 majestatis
3302 1819 3704 1884 judicalamus.
3750 1819 3983 1882 ideoque

2403 1925 2512 1962 rem
2551 1923 2658 1963 non
2695 1909 3040 1972 admisimus,
3068 1913 3159 1964 sed
3188 1912 3385 1977 objam
3413 1911 3584 1962 dictas
3602 1912 3738 1963 duas
3789 1926 3922 1964 cans
3960 1929 3981 1958 ς

2402 2011 2628 2055 conatus
2656 2001 2798 2053 illius
2828 2002 3209 2068 repressimus.
3263 2000 3560 2055 Postulavit
3611 2016 3739 2054 vero
3792 2003 3982 2054 deinde.

2401 2092 2760 2160 etcompulit.
2815 2100 2874 2146 ut
2911 2093 3173 2162 scriptum
3229 2095 3295 2147 c'e
3338 2093 3406 2144 iis
3453 2108 3571 2159 quae
3632 2093 3786 2158 prius
3840 2094 3978 2145 dcta

2404 2186 2642 2248 fuerant,
2683 2188 2966 2242 monachis
3017 2188 3454 2250 concederemus,
3505 2199 3552 2240 et
3601 2200 3812 2239 morem
3863 2202 3979 2254 ges-

2399 2279 2593 2334 simus.
2630 2278 2807 2345 Quare
2833 2281 3011 2334 editus
3048 2287 3132 2335 est
3158 2288 3359 2342 tomus,
3385 2281 3593 2332 nullum
3626 2281 3777 2333 aliud
3804 2296 3976 2346 neque

2400 2371 2725 2438 principium
2757 2386 2929 2440 neque
2981 2371 3140 2424 linem
3188 2372 3412 2435 habens,
3474 2373 3572 2423 nisi
3611 2382 3824 2424 tantum
3873 2371 3976 2423 duo

2401 2463 2512 2525 illa,
2543 2478 2663 2530 quae
2695 2463 2841 2516 ineo
2883 2463 3253 2524 continentur,
3314 2464 3512 2531 capiti,
3537 2464 3705 2515 Jivini
3757 2464 3971 2532 inquam

2400 2551 2916 2621 Transllgurationis
2944 2555 3184 2616 luminis,
3214 2562 3268 2606 et
3292 2554 3576 2615 orationis,
3614 2565 3674 2607 ut
3721 2554 3835 2622 jam
3892 2558 3974 2607 di-

2401 2645 2600 2698 ximus.
2627 2643 2700 2698 De
2721 2645 2918 2714 quibus
2941 2645 3210 2713 capitibus
3240 2656 3292 2700 et
3311 2647 3451 2699 dicta
3474 2647 3694 2699 Patrum
3725 2650 3971 2716 apposita

2399 2744 2548 2798 sunt,
2582 2735 2728 2788 nulla
2775 2735 2958 2789 addita
2991 2751 3167 2806 neque
3216 2737 3555 2806 expositione
3590 2754 3769 2806 neque
3820 2755 3975 2792 enar-

2400 2827 2630 2890 ratione,
2667 2835 2922 2895 tanquam
2977 2841 3098 2894 quae
3151 2837 3466 2881 sanctorum
3515 2827 3659 2880 dicta
3726 2829 3858 2891 sint,
3923 2841 3972 2881 et

2399 2928 2584 2972 sancte
2607 2917 2882 2972 enuntiata
2911 2932 2974 2972 ac
3008 2918 3275 2972 intellecta
3333 2918 3401 2978 ab
3447 2919 3514 2971 iis
3546 2921 3636 2986 qui
3672 2921 3758 2987 pie
3789 2936 3851 2973 ea
3882 2936 3974 2974 ex-

2399 3011 2628 3080 cipiunt.
2675 3010 2810 3064 Cum
2844 3011 3026 3078 itaque
3054 3009 3108 3064 in
3135 3009 3222 3065 his
3253 3009 3470 3064 duobus
3493 3011 3769 3079 capitibus
3791 3027 3972 3065 causae

2401 3101 2521 3155 linis
2552 3102 2836 3169 impositus
2873 3101 3087 3160 luisset.
3133 3115 3235 3154 nos
3284 3101 3520 3170 quietem
3562 3102 3822 3175 Ecclesia!
3883 3103 3975 3156 Dei

719 3185 1067 3240 mendacium
1109 3193 1165 3239 et
1205 3183 1502 3238 calumnia.
1539 3182 1786 3248 Quanam
1851 3192 2032 3236 autem
2084 3179 2293 3233 ratione

2403 3201 2778 3261 procurantes,
2809 3191 3150 3259 gravioribus
3175 3193 3352 3260 poenis
3386 3192 3808 3257 obstrinximus,
3867 3207 3975 3246 tum

716 3274 1144 3344 eogdcfendere
1195 3285 1251 3329 et
1291 3287 1635 3343 propugnare
1683 3283 2009 3326 conaremur
2072 3283 2172 3338 pro
2206 3267 2294 3331 iis,

717 3382 844 3437 quae
899 3365 1141 3419 nondum
1181 3373 1339 3420 erant
1392 3367 1678 3417 enuntiata
1730 3361 1784 3415 in
1841 3361 2071 3430 synodo,
2121 3373 2299 3427 neque

714 3454 1068 3514 examinata?
1097 3454 1232 3509 Nam
1271 3456 1324 3507 in
1356 3453 1608 3522 synodali
1665 3453 1733 3507 de
1770 3453 1873 3505 hac
1919 3465 1976 3505 re
2023 3451 2296 3516 examine,

717 3552 772 3606 in
804 3564 915 3620 quo
961 3547 1356 3603 celeberrimus
1389 3555 1444 3599 et
1479 3545 1652 3599 beata:
1682 3543 1958 3597 memoria:
2010 3543 2300 3611 imperator

721 3659 820 3697 sua
855 3645 1136 3710 prassentia
1173 3636 1346 3692 voluit
1395 3642 1768 3707 propugnator
1817 3649 1961 3699 esse,
1999 3644 2160 3702 atque
2204 3635 2300 3688 ad-

719 3746 944 3788 vocatus
965 3729 1356 3791 Ecclesiae'Dei,
1387 3738 1647 3796 tanquam
1679 3735 1953 3784 rectorum
1985 3726 2296 3795 dogmatum

720 3832 848 3877 ante
871 3823 1006 3877 alios
1030 3830 1272 3876 sectator
1302 3829 1356 3874 et
1385 3819 1694 3890 piissimus,
1735 3820 1936 3872 missus
1975 3826 2060 3872 est
2087 3818 2302 3872 Barlaa-

726 3929 872 3978 mus,
903 3919 960 3965 ut
1001 3912 1216 3981 publice
1251 3911 1318 3964 de
1394 3909 1680 3963 monachis
1731 3909 1968 3964 ediceret
2017 3923 2077 3962 ea
2117 3910 2298 3961 omnia

721 4018 954 4072 quorum
991 3999 1605 4057 eosdeminsimulabat
1637 4016 1652 4056 :
1688 3999 1779 4053 ille
1820 4000 1982 4054 aliam
2020 3999 2301 4068 ingressus

721 4096 888 4155 viam,
918 4090 1278 4162 proponebat,
1317 4105 1439 4159 quae
1460 4089 1562 4143 sibi
1589 4088 1940 4152 adhibebant,
1968 4088 2033 4141 de
2068 4089 2302 4157 dogma-

723 4188 871 4243 tibus
899 4185 1257 4255 qutestiones,
1288 4197 1430 4251 quas
1463 4183 1564 4236 sibi
1598 4181 1731 4236 solvi
1767 4195 1795 4235 a
1832 4181 1988 4234 nobis
2023 4179 2302 4249 poscebat,

719 4277 816 4346 qui
854 4274 1128 4343 repulsam
1156 4287 1378 4343 passus,
1415 4281 1518 4326 nan
1553 4279 1761 4326 tantum
1787 4270 1925 4338 ipse,
1973 4256 2065 4326 sed
2123 4281 2177 4325 et
2216 4271 2304 4325 hic

703 4370 841 4437 ipse
882 4366 1162 4427 Palamas,
1192 4362 1585 4431 inhibitusque,
1619 4377 1685 4417 ne
1711 4362 1778 4417 de
1810 4361 2156 4432 dogmatibus
2194 4361 2305 4417 dis-

714 4466 946 4516 sereret.
979 4456 1159 4510 allatis
1188 4454 1452 4522 lectisque
1474 4453 1542 4507 de
1571 4453 1672 4508 hoc
1701 4467 1768 4507 ex
1796 4453 1967 4507 sacris
1999 4451 2305 4522 divinisque

2398 3298 2493 3337 eos
2515 3284 2607 3352 qui
2641 3285 2694 3337 in
2740 3293 3014 3353 posterum
3059 3283 3358 3338 monachos
3411 3299 3673 3359 accusare
3733 3288 3977 3340 niteren-

2400 3382 2506 3436 tur,
2541 3381 2652 3425 tum
2684 3385 2776 3425 eos
2802 3372 2890 3440 qui
2917 3372 2999 3424 vel
3023 3376 3119 3426 ore
3141 3373 3225 3425 vel
3259 3373 3463 3441 scripto
3505 3373 3572 3427 de
3625 3375 3977 3443 dogmatibus

2399 3460 2601 3529 aliquid
2634 3460 3000 3514 tradidissent.
3049 3461 3111 3513 Hi
3144 3475 3294 3524 vero,
3349 3471 3407 3514 ut
3460 3477 3554 3516 nos
3606 3465 3882 3531 audimus,
3933 3464 3979 3518 si

2400 3555 2524 3621 quis
2553 3568 2636 3615 ea,
2669 3568 2790 3622 qua:
2817 3553 2913 3614 ipsi
2937 3569 3059 3607 cum
3119 3552 3405 3607 Barlaamo
3445 3558 3787 3609 decertantes
3846 3573 3982 3611 scr-

2399 3653 2726 3714 psernnt.et
2781 3646 2978 3713 sacpius
3045 3646 3342 3713 perquisita
3406 3647 3844 3709 absconduntur,
3884 3666 3982 3703 nec

2401 3735 2802 3803 producuntur,
2835 3749 2897 3788 ea
2931 3748 3172 3803 quoque,
3193 3751 3314 3804 quae
3368 3735 3445 3789 illi
3475 3746 3660 3805 postea
3698 3739 3978 3806 dixerunt,

2401 3833 2495 3879 aut
2521 3826 2882 3894 scripserunt,
2911 3827 3232 3880 adversatus
3257 3824 3440 3889 fuerit,
3468 3837 3520 3881 et
3557 3843 3651 3881 eos
3686 3831 3981 3898 reprehen-

2401 3917 2560 3979 derit,
2591 3915 2658 3970 ad
2686 3914 2841 3969 Tomi
2869 3915 3134 3986 judicium
3161 3916 3506 3984 confugiunt,
3535 3926 3588 3969 et
3621 3933 3819 3985 pennas
3855 3903 3980 3989 pro-

2404 4017 2630 4073 p0nunt,
2662 4019 2722 4060 ac
2740 4006 2786 4060 si
2817 4006 2931 4059 haec
2962 4005 3078 4075 ipsa
3113 4006 3263 4074 prius
3311 4005 3380 4059 ab
3418 4005 3609 4059 iisdem
3653 4011 3978 4075 composita,

2401 4107 2456 4152 et
2483 4113 2605 4165 qua:
2642 4112 2789 4152 nunc
2834 4108 3112 4167 exponunt
3145 4106 3200 4152 et
3256 4098 3559 4167 publicant,
3623 4099 3676 4151 in
3729 4101 3980 4153 examine

2404 4188 2648 4258 synodali
2687 4190 2962 4258 proposita
3019 4187 3249 4253 fuissent
3281 4189 3470 4271 :ipsos
3531 4204 3656 4243 vero
3695 4192 3976 4258 prohiberi

2404 4282 2472 4335 ab
2503 4281 2696 4334 iisdem
2722 4281 2898 4348 poenis
2930 4280 3131 4335 similia
3185 4281 3388 4348 eloqui,
3438 4291 3491 4334 et
3546 4282 3748 4335 talibus
3807 4284 3979 4351 pomis

2408 4371 2835 4436 lleriobnoxios,
2889 4382 3145 4440 tanquam
3207 4372 3603 4438 inobedientes,
3662 4375 3732 4428 de
3784 4377 3978 4445 quibus

2407 4479 2582 4532 neque
2602 4464 2775 4533 prius,
2811 4478 2984 4534 neque
3003 4479 3170 4528 nunc,
3198 4480 3372 4528 neque
3399 4465 3551 4532 ipsis,
3576 4481 3754 4535 neque
3791 4483 3975 4520 eorum

716 4545 1046 4607 canonibus,
1075 4557 1419 4614 quaecunque
1481 4542 1619 4597 lecta
1660 4541 1970 4597 sunt.Cum
2024 4558 2152 4608 vero
2209 4558 2301 4597 nec

2412 4557 2908 4626 propugnatoribus
2953 4571 3098 4610 curae
3131 4555 3255 4617 fuit.
3289 4556 3401 4610 Nos
3427 4572 3580 4626 ergo,
3611 4559 3974 4627 postTomum

723 4637 878 4690 hisce
898 4635 1115 4689 cederet
1142 4633 1601 4696 Barlaamus,“
1659 4632 1834 4702 ipsius
1877 4630 2300 4687 Commentariis

722 4728 885 4780 allata
912 4735 964 4780 et
990 4727 1125 4780 lecta
1174 4733 1326 4786 sunt,
1403 4739 1522 4793 qum
1571 4725 1639 4778 de
1676 4722 1882 4779 lumine
1953 4735 2009 4778 et
2053 4726 2301 4779 oratione

724 4817 1128 4890 pertractabat;
1175 4827 1230 4870 et
1265 4817 1368 4874 hac
1394 4830 1494 4872 sua
1549 4815 1851 4884 scriptione
1905 4815 2301 4871 condemnatus

722 4921 831 4973 est,
877 4909 930 4962 in
957 4924 1142 4963 errore
1166 4907 1562 4977 deprehensus,
1595 4916 1649 4961 et
1678 4907 1891 4961 veniam
1922 4908 2093 4977 petiit.
2125 4907 2304 4962 Lectae

725 4999 880 5054 [nere
902 5014 1119 5069 quoque
1171 4998 1348 5052 oratio
1383 4997 1560 5051 sancti
1584 4995 1813 5052 Joannis
1852 4995 2209 5063 Damasceni,
2249 5007 2304 5053 et

724 5091 904 5145 ora-tio
930 5090 1104 5145 sancti
1140 5090 1368 5145 Andreae
1396 5088 1724 5155 Cretensis;
1768 5103 1905 5157 quas
1938 5089 2011 5143 illi
2045 5091 2096 5144 in
2123 5090 2306 5143 Domi-

729 5183 906 5237 nicam
934 5190 1138 5235 sam-ta:
1157 5180 1360 5235 Christi
1385 5178 1902 5250 Transﬁgurationis
1933 5182 2303 5245 celebritatem

726 5282 1178 5343 composuerunt.
1229 5271 1417 5341 Neque
1449 5271 1575 5325 inde
1624 5280 1811 5340 postea
1841 5287 2167 5328 concessum
2225 5283 2309 5329 est

728 5365 830 5428 Illi,
866 5373 927 5419 ut
972 5362 1178 5433 aliquid
1211 5363 1476 5418 adversus
1516 5363 1819 5418 monachos
1874 5365 2102 5418 diceret.
2138 5365 2210 5419 De
2242 5364 2308 5419 iis

730 5458 917 5526 itaque
946 5471 1044 5524 pro
1071 5457 1272 5524 quibus
1317 5469 1497 5524 neque
1520 5469 1642 5509 eum
1671 5467 2041 5510 accusatorem
2080 5455 2308 5510 admisi-

730 5563 876 5612 mus,
899 5562 1077 5617 neque
1106 5546 1212 5615 ipsi
1261 5548 1686 5616 responsionem
1735 5547 1978 5617 aliquam
2022 5547 2308 5611 dederunt,

732 5636 1010 5708 quomodo
1098 5637 1466 5693 universalem
1547 5636 1946 5693 absolutionem
2025 5640 2310 5694 consecuti

731 5739 881 5790 sunt,
903 5737 957 5783 et
983 5729 1325 5798 potissimum
1362 5728 1428 5783 de
1457 5728 1524 5784 iis
1573 5743 1694 5797 quae
1753 5737 2006 5798 tanquam
2053 5729 2309 5800 dogmata

730 5820 1006 5888 protuleru
1024 5828 1106 5887 nt,
1136 5819 1426 5874 Bariaamo
1454 5819 1754 5888 contraria,
1787 5822 1848 5876 dc
1874 5819 1940 5877 iis
1968 5821 2156 5886 ctiam,
2190 5836 2311 5890 qute

2405 4648 2746 4715 expeditum,
2787 4648 3114 4716 scriptiones
3139 4656 3193 4701 et
3214 4649 3600 4718 responsiones
3659 4650 3727 4702 de
3756 4652 3977 4719 dOgma.

2404 4737 2796 4793 tibusPalamaa
2825 4754 2950 4792 cum
2977 4738 3329 4803 vidissemus,
3358 4739 3445 4790 vix
3480 4739 3659 4794 induci
3685 4744 3975 4808 potuimus,

2407 4842 2466 4884 ut
2505 4832 2662 4885 iidem
2691 4831 3093 4885 adhiberemus.
3125 4831 3304 4896 Quare
3346 4831 3594 4902 pluribus
3631 4833 3810 4885 modis
3865 4849 3976 4885 eum

2406 4921 2470 4974 ad
2507 4937 2606 4976 nos
2642 4921 2963 4984 accivimus,
2990 4931 3070 4985 ut,
3128 4923 3172 4976 si
3208 4923 3337 4988 quid
3383 4921 3487 4977 tale
3545 4922 3840 4985 aci-itlerat,
3897 4933 3975 4976 aut

2408 5015 2609 5087 factum
2669 5013 2867 5076 fuerat,
2931 5027 3253 5073 curaremus
3303 5022 3358 5067 et
3407 5013 3830 5082 corrigeremns.
3897 5013 3979 5066 Ille

2408 5119 2515 5162 non
2569 5108 2988 5175 obtemperavit,
3046 5106 3140 5160 sed
3207 5107 3461 5160 mandata
3514 5105 3856 5159 detrectavit.
3921 5105 3980 5160 Ut

2408 5217 2537 5255 vero
2562 5201 2718 5255 nobis
2747 5202 3001 5264 innotuit,
3025 5201 3098 5253 ita
3124 5198 3311 5254 eodem
3346 5197 3632 5262 referente,
3667 5200 3981 5252 necessitate

2409 5305 2679 5360 coactum,
2713 5305 2770 5347 ut
2795 5295 2909 5363 ipse
2933 5294 3131 5357 aiebat,
3159 5303 3212 5347 et
3237 5292 3382 5359 loqui
3407 5301 3462 5345 et
3497 5289 3736 5345 scribere
3755 5291 3978 5352 Si.t.iii.a;

2409 5397 2484 5452 et,
2515 5387 2561 5440 si
2611 5386 3026 5450 accusatoribus
3084 5375 3360 5446 silentium
3421 5383 3819 5452 imponeretur,
3875 5384 3981 5453 ipse

2410 5493 2627 5548 quoque
2657 5477 2929 5532 scribendi
2967 5471 3334 5546 loquendique
3386 5474 3546 5528 linem
3614 5474 3854 5536 laceret;
3902 5489 3984 5525 aco

2410 5570 2736 5627 cersivimus
2774 5585 2912 5638 quos
2945 5571 3060 5639 ipse
3087 5579 3470 5638 proposuerat,
3515 5576 3568 5620 et
3596 5565 3982 5633 imperavimus

2415 5663 2572 5732 ipsis,
2609 5675 2949 5732 quaecunque
2983 5662 3140 5715 nobis
3165 5663 3280 5715 visa
3313 5669 3444 5740 sunt
3472 5675 3485 5711 :
3518 5667 3569 5710 et
3603 5657 3980 5717 obediverunt,

2414 5753 2791 5822 dederuntque
2815 5751 3234 5822 professionem,
3266 5752 3342 5806 uti
3374 5751 3705 5820 postulatum
3780 5750 3981 5812 fuerat;

2415 5858 2520 5909 qua
2544 5841 2701 5899 facile
2724 5843 2967 5913 dignosci
2990 5851 3188 5914 potest,
3221 5853 3351 5913 quot
3400 5842 3502 5912 ipsi
3557 5858 3653 5896 sua
3697 5840 3982 5912 sponsione
