4104 6322
197 460 305 521 903

1349 444 1793 513 GRAECORUM
1840 443 2309 509 SENTENTIE.

3368 437 3469 503 096

200 575 560 644 promiserant
629 575 704 626 Au
735 578 1015 642 propterea
1045 571 1204 623 etiam
1249 578 1431 636 aliquo
1454 567 1615 620 modo
1645 566 1741 618 sua
1807 563 1850 618 Α
1880 561 1992 613 lino
2032 558 2292 612 adversus
2326 552 2710 609 Monembasia:
2743 549 3188 622 llypopsephium
3223 549 3464 620 synoda—

195 666 314 719 rlet'i
367 665 467 719 sibi
519 680 712 733 passus
767 672 845 717 est
891 660 1179 715 Palamas?
1235 657 1612 728 Nequaquam.
1672 654 1776 709 Sed

195 755 366 820 idem,
397 754 486 824 qui
545 754 695 822 prius
764 763 903 817 erat,
945 749 1279 820 permansit;
1331 761 1504 816 neque
1561 745 1626 796 ad
1680 756 1780 796 nos

193 849 458 902 accedere
512 847 700 909 voluit,
761 846 885 900 licet
937 844 1260 906 accersitus,
1319 856 1493 909 neque
1555 839 1622 892 de
1673 838 1777 890 do-

195 941 473 1009 gmatibus
510 938 812 993 disserendi
843 938 1003 991 ﬁnem
1049 937 1226 989 facere
1263 951 1276 998 ;
1337 935 1590 987 detentus
1655 945 1782 984 vero

190 1047 259 1083 ea
283 1033 514 1094 ratione,
543 1046 648 1099 qua
679 1031 792 1082 fieri
829 1028 1025 1097 potuit,
1052 1042 1151 1081 nec
1175 1026 1247 1080 ita
1285 1024 1513 1093 quievit.
1557 1022 1651 1076 sed
1684 1020 1781 1072 ad-

195 1119 309 1172 huc
349 1119 520 1185 magis
547 1133 609 1170 ac
640 1117 810 1184 magis
844 1116 1092 1184 proprias
1124 1114 1424 1170 sententias
1453 1108 1782 1181 promulgat-

195 1211 268 1263 de
296 1210 474 1278 pretiis
503 1209 606 1263 sibi
640 1210 902 1277 injunctis
937 1223 1128 1276 parum
1167 1206 1457 1265 sollicitus,
1485 1214 1540 1256 ut
1565 1217 1629 1255 ex
1663 1215 1784 1254 om-

196 1302 360 1355 nibus
398 1301 639 1370 cou5pici
673 1300 961 1368 collig’ique
994 1305 1168 1366 potest
1193 1311 1220 1349 a
1251 1297 1491 1348 veritatis
1523 1301 1785 1356 amatore,

196 1408 227 1445 a
261 1392 531 1460 principio
591 1392 822 1460 propriae
863 1389 1148 1445 electionis
1171 1398 1224 1444 et
1259 1387 1501 1441 audacia:
1528 1395 1580 1438 et
1599 1393 1788 1439 contu-

199 1483 392 1534 rnaciae
427 1483 696 1546 morbum,
731 1481 1011 1535 Palatnam
1045 1482 1096 1534 in
1133 1479 1330 1535 similia
1352 1479 1785 1538 ex’citasseeum

200 1572 388 1624 omnia
440 1572 523 1624 vir
551 1576 792 1637 audeat,
823 1573 917 1641 qui
967 1571 1166 1625 nedum
1206 1569 1530 1627 sententiam
1570 1583 1789 1636 permu-

200 1664 359 1728 tarit,
406 1666 497 1719 sed
532 1665 810 1719 DIOI‘diCUS
842 1663 945 1718 sibi
979 1663 1112 1718 visis
1133 1661 1438 1724 adhaerens,
1463 1660 1526 1714 ad
1552 1662 1786 1728 seipsum

203 1755 532 1822 compellere
596 1756 925 1823 trahereque
986 1763 1220 1809 conatur
1277 1765 1636 1820 quoscunque
1688 1749 1788 1803 hac

204 1862 306 1902 sua
337 1848 594 1915 opinione
632 1827 870 1900 irt'etitos
897 1845 1360 1900 animadverterit.
1407 1844 1480 1897 De
1539 1858 1648 1910 quo
1715 1841 1790 1894 nil

209 1937 411 1991 mirum
451 1945 555 1998 est,
601 1938 642 1989 si
683 1937 847 1990 homo
879 1938 1002 1990 talis
1037 1936 1374 2006 pervicaciai,
1400 1935 1517 1990 sine
1556 1934 1668 1988 ullo
1700 1947 1784 1985 re-

209 2030 411 2092 medio,
446 2029 914 2093 perseveret:sed
963 2044 1214 2098 maguum
1273 2037 1336 2082 et
1399 2027 1511 2081 fere
1569 2032 1784 2081 ostento

208 2133 320 2171 non
348 2119 630 2183 dissimile,
662 2119 705 2172 si
735 2120 882 2187 quis,
938 2119 1109 2174 donec
1143 2118 1230 2172 ille
1282 2122 1353 2170 ita
1385 2117 1570 2179 sentit,
1625 2130 1781 2186 opem

210 2207 356 2262 ferre
410 2209 660 2274 voluerit,
716 2223 930 2278 unaque
981 2223 1043 2262 ac
1109 2208 1196 2262 ille
1246 2209 1469 2270 sentire,
1529 2205 1784 2260 Ecclesiae

214 2297 307 2350 Dei
341 2300 656 2352 adversatus.
691 2297 800 2351 Nos
827 2298 992 2361 enim,
1035 2307 1156 2350 utut
1186 2312 1242 2351 se
1275 2297 1529 2357 habeant,
1557 2311 1678 2363 qurc
1717 2295 1785 2346 ab

212 2393 402 2445 eodem
432 2399 565 2444 cum'
589 2391 876 2445 Barlaamo
909 2392 1223 2446 decertante
1255 2397 1380 2443 ante
1403 2387 1632 2441 Tomum
1657 2401 1786 2439 con-

215 2483 420 2552 scripta
451 2481 684 2548 fuerant,
713 2491 769 2538 et
800 2490 920 2551 post
949 2480 1205 2546 Tomum,
1255 2489 1450 2549 praeter
1474 2479 1588 2550 jam
1643 2477 1784 2531 dicta

215 2577 328 2631 duo
353 2576 528 2644 capita
572 2576 904 2638 examinata,
932 2588 1112 2643 neque
1143 2573 1394 2627 volumus
1421 2585 1591 2640 neque
1617 2569 1788 2625 susti-

215 2682 414 2721 nemus
447 2667 654 2746 audire,
707 2665 799 2718 sed
851 2664 1060 2718 abunde
1115 2663 1270 2716 nobis
1314 2659 1589 2717 suﬂiciunt
1644 2659 1787 2712 dicta

125 2809 130 2815 ,
215 2758 461 2821 Patrum,
495 2765 552 2809 ut
579 2764 851 2820 tenentur,
903 2753 1047 2808 etab
1085 2753 1334 2808 Ecclesia
1380 2751 1474 2805 Dei
1507 2763 1786 2817 exponun-

217 2857 331 2912 tur,
356 2848 648 2903 schismata
689 2844 928 2906 reveriti,
972 2844 1151 2913 qualia
1205 2843 1258 2896 in
1302 2840 1573 2897 similibus
1637 2839 1788 2893 nasci

215 2945 608 2993 consuescunt.
639 2934 882 2989 Breviter
903 2948 1030 3002 ergo
1062 2949 1162 2986 nos
1216 2931 1569 3000 exposuimus
1635 2943 1787 2982 suru-

216 3045 367 3085 mam
403 3030 456 3083 in
489 3029 591 3083 hac
621 3027 867 3082 veritatis
899 3040 1062 3080 causa
1092 3025 1158 3078 de
1195 3022 1408 3077 duobus
1432 3021 1790 3076 solummodo

216 3122 513 3190 capitibus,
537 3135 634 3174 nec
650 3121 714 3173 de
739 3119 848 3172 ullo
875 3117 981 3172 alio
1010 3115 1268 3178 svttodale
1296 3128 1524 3168 examen
1553 3112 1792 3174 ﬁnitum,

1889 654 1953 706 lis
1991 650 2131 705 actio
2167 646 2546 704 hmsitantibus
2588 647 2720 701 satis
2758 647 2936 708 litetit,
2967 646 3053 698 illa
3084 647 3245 699 etiam
3279 659 3471 713 przeter

1889 743 1992 795 alia
2019 742 2072 795 in
2104 737 2557 794 condemnatione
2585 735 2900 805 prmferens,
2971 735 3244 804 majestati
3296 737 3467 805 intpe-

1890 835 2006 888 riali
2041 833 2315 887 infensum
2342 831 2535 893 luisse,
2567 838 2622 881 et
2655 830 2893 898 gaudere
2925 837 2978 881 ct
3027 829 3470 883 addictissimunt

1889 941 2014 980 esse:
2034 924 2314 979 sententiis
2347 923 2572 976 Palztmae
2595 931 2718 990 post
2747 920 2977 973 Tomum
3003 920 3234 984 editum,
3267 929 3320 974 et
3353 937 3477 990 pecs

1893 1036 1989 1076 nas
2021 1034 2113 1088 per
2136 1033 2257 1071 etim
2289 1027 2472 1072 contra
2510 1017 2676 1071 hosce
2719 1015 3041 1084 publicatas.
3073 1033 3089 1064 ι
3126 1012 3242 1079 "is,
3277 1025 3334 1067 ut
3361 1014 3474 1082 jam

1892 1111 2061 1174 vides,
2104 1110 2293 1174 lector,
2345 1109 2660 1163 Baalaamus
2690 1109 3088 1162 condemnatus
3117 1106 3378 1161 ass:ritur
3415 1109 3480 1159 de

1891 1202 2106 1254 duobus
2136 1202 2428 1270 capitibus.
2467 1199 2716 1252 Palamas
2751 1199 3037 1252 absolurus
3071 1214 3175 1251 non
3209 1209 3312 1259 est,
3364 1207 3476 1251 tum

1895 1292 2174 1345 Barlaamo
2225 1301 2336 1344 tum
2389 1291 2626 1346 Pal-inm
2671 1289 2948 1344 silentium
3021 1292 3086 1342 de
3134 1290 3481 1359 degmatihus

1894 1385 2215 1451 imponitur.
2248 1383 2648 1437 Condemnatio
2681 1382 2768 1436 illa
2801 1383 3078 1452 quomodo
3107 1398 3164 1436 se
3201 1383 3480 1444 habuerit,

1893 1493 1999 1529 non
2033 1477 2220 1546 liquet.
2273 1477 2410 1541 Quid
2444 1491 2572 1543 ergo
2599 1475 2756 1529 nobis
2793 1476 3216 1530 Cantacuzenus
3273 1486 3380 1528 tam
3416 1477 3484 1528 ιό

1896 1569 2176 1623 Barlaamo
2200 1586 2360 1639 quam
2392 1571 2459 1623 de
2501 1570 2719 1623 Palama
2766 1570 2902 1622 adeo
2931 1571 3142 1623 diversa
3217 1570 3481 1622 obtrudit.

1898 1661 2233 1730 Nicepltorus
2269 1660 2562 1729 Grcgoras,
2597 1665 2848 1714 oculatus
2901 1661 3066 1714 etiam
3139 1661 3253 1728 ipse
3307 1661 3482 1721 testis,

1899 1751 2084 1813 refert,
2114 1751 2178 1802 de
2199 1752 2451 1818 dogmate
2479 1752 2611 1804 nihil
2647 1762 2829 1806 actum
2862 1761 3006 1814 esse,
3039 1752 3108 1805 οὶ)
3141 1753 3484 1819 prmsentiant

1899 1843 2593 1910 imperitaemultitudinis;
2646 1855 2780 1908 tum,
2833 1859 2898 1896 ne
2931 1843 3221 1911 tlteolOgize
3280 1855 3486 1912 myste-

1901 1936 1977 1987 ria
2004 1933 2250 2003 profanis
2291 1935 2434 2003 vulgi
2473 1935 2701 1988 auribus
2761 1937 3187 2004 iugcrerentur;
3237 1947 3373 1996 tum,
3423 1955 3487 1987 ne

1893 2022 2163 2084 Palamas,
2188 2031 2382 2076 contra
2414 2023 2730 2092 disputante
2770 2025 3084 2082 Barlaamo.
3148 2025 3486 2089 blasphemus

1893 2119 2155 2170 doctrina:
2187 2097 2646 2179 coniincerctur;
2677 2117 2948 2187 synodum
3007 2133 3156 2174 vero.
3202 2118 3382 2169 lumen
3434 2117 3483 2167 iu

1891 2205 2184 2264 Thaborio.
2236 2207 2566 2267 increatum,
2601 2218 2654 2259 et
2678 2207 2856 2272 ipsum
2886 2210 3135 2260 naturale
3167 2208 3257 2260 Dei
3301 2188 3486 2259 lumen

1890 2296 2080 2357 fuisse,
2108 2297 2322 2350 diiltcile
2345 2298 2587 2350 adducor
2611 2306 2667 2350 ut
2690 2299 2931 2359 credam,
2986 2299 3315 2359 decrevisse,
3365 2315 3488 2352 com

1891 2387 2087 2441 falsum
2107 2387 2331 2439 omnino
2355 2387 2708 2442 decrevisset.
2730 2387 3003 2456 Quidquid
3031 2388 3175 2440 enim
3195 2386 3492 2442 adversarii

1891 2487 2160 2539 asscrant.
2193 2478 2336 2547 quod
2364 2480 2646 2546 corporeis
2679 2479 2855 2534 oculis
2896 2480 3133 2542 videtur,
3189 2479 3491 2532 incrcatum

1889 2585 1997 2622 non
2017 2578 2128 2623 est:
2151 2569 2334 2622 lumen
2355 2567 2470 2621 Tha
2481 2569 2692 2621 borium
2715 2569 2998 2638 corporeis
3015 2568 3192 2623 oculis
3210 2583 3238 2620 a
3257 2568 3497 2637 discipu‘

1893 2662 1958 2715 lis
1984 2661 2158 2716 visum
2189 2671 2271 2718 est
2294 2681 2306 2715 :
2333 2673 2471 2726 tum,
2495 2662 2760 2732 quidquid
2793 2663 3070 2730 corporeis
3089 2663 3264 2716 oculis
3284 2663 3444 2716 videt.
3473 2677 3497 2712 r

1892 2763 2134 2808 creatum
2152 2764 2256 2819 est,
2281 2757 2462 2808 lumen
2483 2754 2818 2808 Thaborium
2845 2755 3023 2808 visum
3058 2763 3160 2821 est,
3188 2771 3317 2824 ergo
3343 2772 3500 2809 crea-

1896 2856 2009 2902 tum
2034 2856 2136 2911 est,
2171 2856 2226 2902 et
2255 2849 2404 2900 nullo
2435 2849 2594 2902 modo
2624 2849 2952 2902 increatum.
2990 2847 3153 2902 Plura
3180 2848 3500 2902 Pliilotheus

1894 2939 2232 3008 patriarcha,
2261 2948 2317 2994 et
2353 2939 2440 2992 alii
2465 2941 2533 2992 de
2560 2941 2662 2992 hoc
2690 2939 2919 3002 lumine,
2977 2954 3074 3007 pro
3104 2938 3340 2994 Palama:
3377 2956 3501 2994 seu-

1904 3029 2093 3091 tentia,
2121 3028 2286 3083 editis
2313 3029 2476 3083 etiam
2523 3029 2698 3093 libris,
2731 3028 3110 3084 disseruerunt
3138 3045 3152 3082 :
3183 3031 3280 3086 sed
3312 3032 3502 3099 neque

1900 3120 2059 3174 dictis
2083 3120 2423 3187 argumentis
2455 3120 2790 3188 respondent
2817 3139 2830 3186 ;
2862 3121 3194 3190 ﬁrmumque
3225 3131 3278 3177 et
3311 3124 3504 3177 incon-

214 3223 275 3271 et
318 3223 534 3283 propter
564 3213 681 3267 haec
713 3212 827 3266 sola
863 3212 1094 3281 ejectum
1125 3211 1551 3277 damnatumque
1597 3206 1795 3260 absur-
1827 3217 1870 3274 c
1905 3225 2123 3264 cussutn
2150 3218 2275 3264 stat.
2304 3209 2584 3280 Quidquid
2613 3220 2716 3276 est,
2760 3220 2852 3264 aut
2885 3213 3023 3267 Deus
3075 3221 3178 3280 est,
3225 3223 3318 3267 aut
3346 3230 3436 3268 ere
3477 3243 3504 3256 —

220 3305 517 3359 dissimum
551 3303 921 3366 Barlaamum,
947 3312 1000 3355 et
1042 3309 1246 3354 tantam
1295 3315 1514 3370 poenam
1540 3299 1614 3352 illi
1667 3314 1697 3351 a
1724 3297 1798 3352 De

218 3397 466 3450 Ecclesia
503 3396 763 3448 inllictam
823 3394 1012 3447 fuiSSe.
1047 3394 1158 3446 Hos
1198 3405 1380 3447 autem
1405 3400 1459 3445 et
1495 3392 1630 3443 alios
1669 3405 1794 3443 cum

216 3488 586 3553 vehementia,
609 3487 1001 3556 increpatione,
1054 3495 1108 3539 et
1133 3485 1452 3539 austeritate
1506 3483 1798 3554 Spirituali,

221 3579 626 3649 impedivimus,
654 3595 722 3634 ne
748 3579 878 3648 quid
915 3576 1139 3631 omnino
1165 3585 1466 3641 moverent,
1493 3585 1589 3629 aut
1618 3574 1802 3646 loque-

221 3684 412 3728 rentur
441 3673 507 3727 de
526 3671 893 3742 dogmatibus,
928 3682 981 3724 et
1002 3670 1192 3725 turbas
1249 3683 1314 3723 ac
1351 3667 1642 3732 tumultus,
1702 3682 1804 3721 nec

221 3781 333 3821 non
359 3765 654 3820 schismata
687 3762 780 3817 Dei
813 3763 1068 3817 Ecclesiae
1095 3761 1487 3825 conciliarent;
1530 3768 1584 3814 et
1613 3774 1800 3815 eorum

221 3871 348 3927 quae
379 3855 529 3926 prius
550 3855 788 3925 abipsis,
823 3855 951 3908 dum
985 3870 1109 3909 cum
1134 3855 1417 3910 Barlaamo
1441 3855 1803 3923 disputarent,

221 3957 323 4001 aut
349 3959 530 4014 postea
569 3946 1034 4014 conscripserunt,
1068 3944 1278 3999 nullum
1320 3959 1550 3998 examen
1601 3941 1802 3997 factum

223 4037 400 4092 fuisse
452 4037 774 4091 asserimus.
830 4035 941 4088 lmo
999 4033 1188 4088 sedulo
1255 4033 1458 4088 similia
1509 4032 1806 4101 postulata,

227 4140 443 4183 tantum
474 4127 668 4194 abluit,
698 4137 755 4180 ut
791 4127 986 4181 tradita
1015 4126 1240 4192 fuerint,
1273 4134 1332 4180 ut
1355 4125 1519 4180 etiam
1551 4137 1674 4193 post
1699 4123 1806 4176 To-

234 4238 386 4276 mum
423 4222 528 4274 alia
559 4220 920 4274 inverecunde
969 4217 1304 4275 sanciverint
1339 4227 1393 4272 et
1439 4215 1801 4271 decreverint.

225 4313 383 4368 Dicta
433 4329 598 4382 porro
651 4311 870 4366 Patrum
926 4327 1034 4366 non
1084 4311 1387 4366 adulterata
1432 4308 1497 4364 ad
1539 4297 1808 4362 dictorum

224 4411 462 4462 duorum
483 4408 724 4476 capitum
751 4405 1063 4459 ﬁrmitatem
1095 4406 1304 4473 absque
1331 4403 1439 4457 ulla
1461 4403 1812 4457 enarratione

226 4513 282 4558 et
317 4500 661 4569 expositione
678 4499 971 4566 ampli-irati
999 4512 1212 4551 sumus.
1243 4495 1401 4561 Quod
1433 4497 1478 4550 si
1505 4497 1629 4566 quis
1652 4511 1714 4549 ea
1743 4496 1808 4548 ad

229 4594 513 4663 proprium
551 4604 774 4659 scopum
819 4589 1094 4641 attrahere
1150 4588 1400 4650 voluerit,
1458 4597 1512 4639 et
1554 4585 1811 4654 interpre-

230 4686 360 4750 tari,
395 4694 448 4738 et
477 4697 642 4752 super
675 4681 780 4737 illis
805 4681 1030 4745 lirmari,
1059 4680 1290 4748 aliisque
1349 4680 1416 4734 de
1465 4679 1664 4748 quibus
1734 4677 1814 4730 di-

230 4787 385 4833 ctum
438 4785 542 4839 est,
597 4790 704 4829 non
753 4784 1038 4844 propterea
1093 4774 1322 4828 omnino
1370 4771 1498 4826 mali
1557 4769 1813 4824 censendi

230 4881 384 4937 sunt,
415 4871 506 4940 qui
537 4886 598 4924 ea
628 4873 701 4925 ita
743 4873 860 4926 sine
909 4870 1015 4925 alio
1045 4871 1297 4924 examine
1340 4878 1691 4938 acceperunt.
1726 4868 1818 4922 Di-

230 4974 322 5022 cta
353 4967 498 5019 enim
533 4977 847 5019 sanctorum
880 4964 946 5018 iis
976 4964 1070 5034 qui
1102 4973 1290 5019 sancte
1348 4973 1403 5018 et
1465 4964 1554 5032 pie
1616 4962 1818 5016 intelli-

233 5065 371 5126 gunt
395 5064 450 5108 et
492 5052 907 5118 exosculantur,
957 5053 1141 5107 lumen
1199 5063 1327 5106 sunt
1385 5054 1629 5108 veritatis
1686 5065 1814 5122 erga

233 5146 409 5202 Deum
437 5164 451 5212 ;
489 5147 580 5214 qui
603 5144 712 5198 alio
746 5144 909 5198 modo
939 5145 1235 5214 accipiunt,
1267 5145 1335 5200 iis
1371 5155 1497 5200 sunt
1522 5144 1815 5214 reprehen-

231 5241 322 5294 sio
349 5249 402 5292 et
423 5240 828 5292 condemnatio.
857 5234 965 5289 Nec
999 5239 1162 5290 etiam
1221 5237 1494 5292 obstinate
1552 5239 1812 5307 prohibe-

233 5343 384 5394 mus,
411 5342 479 5381 ne
506 5342 670 5396 super
692 5325 826 5395 ipsis
864 5336 1181 5379 sanctorum
1226 5327 1388 5381 dictis
1421 5326 1629 5396 al-iquid
1661 5327 1817 5396 quis-

235 5422 381 5492 piam
409 5419 578 5482 dicat,
607 5433 728 5488 qum
761 5418 1082 5486 simpliciter
1104 5430 1155 5472 et
1178 5419 1293 5471 sine
1319 5420 1522 5488 praevio
1548 5422 1819 5485 examine,

236 5524 498 5580 tanquam
565 5521 902 5572 sanctorum,
971 5513 1373 5579 amplectimur.
1427 5509 1618 5566 Unum
1677 5514 1818 5567 enim

235 5613 340 5666 est,
375 5601 520 5678 quod
550 5616 576 5652 a
615 5601 773 5654 nobis
803 5611 1154 5669 procuratur,
1193 5601 1293 5656 Dei.
1314 5603 1570 5657 Ecclesia:
1599 5605 1818 5674 propria

235 5697 495 5761 dogmata
529 5680 674 5746 sarta
703 5702 843 5746 tecta
872 5696 1208 5758 conservari,
1243 5705 1318 5760 ct,
1359 5695 1819 5764 quemadmodum

237 5805 338 5842 nos
370 5802 492 5839 eam
528 5786 860 5852 accepimus,
911 5786 981 5838 ita
1013 5796 1067 5838 et
1117 5787 1181 5839 ad
1245 5797 1495 5855 posteros
1553 5789 1622 5841 ab
1672 5789 1820 5843 omni

239 5878 511 5935 adulterio
542 5886 595 5930 et
628 5877 802 5930 alieno
819 5878 1066 5946 dogmate
1091 5879 1388 5936 immunem
1419 5879 1811 5937 transmittere.

561 5976 830 6034 l‘aruoa.
873 5977 990 6035 Gn.
1041 5976 1164 6043 ,CL.

1906 3310 2062 3367 tura;
2093 3300 2137 3354 si
2161 3299 2325 3366 Deus,
2353 3315 2489 3370 ergo
2515 3315 2621 3356 non
2644 3301 2979 3371 conspicitur
2994 3303 3169 3358 oculis
3189 3304 3502 3371 corporeis:

1905 3395 1948 3449 si
1979 3404 2251 3456 creatura,
2286 3409 2392 3448 non
2433 3408 2563 3463 ergo
2608 3395 2933 3450 increatum.
2969 3395 3036 3449 Et
3074 3396 3222 3450 dicta
3255 3397 3500 3463 Patrum,

1906 3502 2027 3556 qua:
2051 3502 2147 3555 pro
2184 3487 2420 3540 Palatinae
2465 3487 2725 3556 Opinione
2784 3489 3188 3559 agglomcrant,
3244 3491 3496 3545 Barlaam

1909 3579 2086 3648 potius
2138 3578 2465 3633 sententiam
2500 3578 2746 3644 ﬁrmare,
2775 3580 3040 3635 latissime
3095 3581 3289 3650 probat
3337 3581 3505 3635 Joan-

1909 3686 2004 3725 nes
2026 3670 2416 3740 Cyparissiata,
2453 3685 2576 3740 cap.
2602 3672 2636 3724 4
2669 3680 2723 3725 et
2747 3670 2780 3724 5
2814 3670 3046 3725 Decadis
3077 3681 3265 3728 sextae.
3304 3671 3508 3739 Quem-

1905 3764 2198 3816 admodum
2233 3778 2295 3816 ex
2322 3762 2428 3815 alia
2484 3769 2636 3830 parte
2667 3759 2945 3832 .losephus
2981 3763 3311 3831 Biyennius,
3361 3775 3503 3819 orat.

1909 3852 1975 3906 dc
2001 3849 2501 3921 Transliguratione
2531 3850 2770 3913 Domini,
2801 3852 3121 3906 eorumdem
3182 3854 3340 3909 diCiiS
3399 3853 3503 3906 Pa-

1909 3942 2067 3996 ιυηιιιτ
2091 3943 2412 3997 sententiam
2447 3941 2792 3996 corroborat.
2850 3941 2993 4006 Quid
3049 3957 3180 4011 ergo
3214 3943 3504 3996 dicendum

1911 4019 2323 4090 cst?PatreSne
2380 4034 2482 4088 sibi
2533 4034 2766 4088 invicem
2837 4035 3110 4088 contraria
3177 4034 3509 4088 tradidisse?

1910 4128 2290 4197 Nequaquam.
2319 4126 2522 4194 Quare,
2566 4129 2642 4181 uti
2673 4128 2724 4181 in
2753 4127 2920 4183 rebus
2957 4129 3101 4192 aliis,
3154 4129 3229 4182 ita
3289 4125 3344 4180 in
3402 4127 3507 4179 hac

1910 4234 2149 4288 quoque,
2193 4220 2363 4272 tttediu
2389 4219 2474 4271 via
2501 4218 2956 4288 progrediendum
2997 4231 3102 4281 est,
3134 4235 3200 4273 ne
3225 4235 3254 4273 a
3277 4220 3506 4272 veritate

1912 4314 2253 4365 aberremus.
2318 4311 2371 4364 ld
2399 4328 2522 4366 cum
2586 4327 2696 4367 non
2757 4315 2992 4370 assecuti
3047 4311 3282 4368 fuissent
3329 4327 3508 4380 neque

1913 4404 2430 4472 Burlaantusncque
2462 4406 2733 4470 Palamas,
2775 4405 2829 4460 in
2864 4407 3043 4462 varios
3098 4421 3316 4461 errores
3371 4405 3509 4476 lapsi

1916 4507 2062 4549 sunt.
2093 4493 2467 4563 Erroritaque
2495 4494 2680 4558 fuerit.
2725 4513 2990 4562 asserere,
3057 4498 3238 4553 lumen
3290 4499 3419 4553 illud
3453 4502 3510 4555 in

1920 4596 2102 4641 monte
2125 4585 2398 4641 Thaborio
2430 4603 2536 4642 non
2569 4587 2738 4643 fuisse
2781 4591 3000 4645 deitatis
3053 4593 3196 4648 illius
3249 4593 3506 4662 gloriam,

1915 4694 1968 4737 et
1998 4685 2180 4738 lumen
2212 4687 2520 4756 proprium,
2565 4687 2859 4758 lumenque
2913 4692 2980 4744 ab
3032 4695 3269 4749 essentia
3323 4695 3510 4750 divina

1916 4789 2202 4843 emanans,
2252 4779 2395 4847 quod
2423 4794 2588 4832 unum
2617 4790 2669 4834 et
2720 4781 2857 4836 idem
2886 4798 3012 4836 cum
3065 4787 3304 4840 essentia
3327 4787 3513 4842 divina

1917 4878 2034 4922 erat
2097 4882 2206 4924 nec
2254 4869 2424 4935 aliud,
2474 4881 2534 4923 ut
2590 4883 2847 4927 asserunt
2897 4877 3240 4943 apertissime
3299 4881 3511 4948 Patres,

1919 4959 2166 5029 Ephraem
2214 4960 2406 5032 Syrus,
2473 4962 2710 5020 Joannes
2772 4965 3164 5030 Damasccnus,
3226 4972 3514 5042 Dionysius

1923 5054 2279 5123 AreOpagita,
2345 5055 2594 5108 Andreas
2628 5056 2932 5115 Cretensis.
2979 5061 3208 5115 Cosmas
3244 5062 3511 5130 Melodus,

1925 5143 2194 5199 Maximus
2223 5147 2528 5210 confessor,
2557 5148 2793 5217 Cyrilus
2822 5149 3243 5213 Alexandrinus,
3273 5152 3465 5209 Joannu
3489 5176 3514 5209 s

1921 5235 2369 5306 Chrysostomus,
2444 5238 2744 5310 Gregorius
2807 5238 3216 5309 Nazianzenus,
3276 5247 3513 5302 Basilvus

1925 5329 2152 5398 Magnus
2179 5341 2232 5387 et
2260 5332 2595 5389 Athanasius
2645 5332 2988 5403 Synadenus.
3043 5339 3310 5408 Splendor
3365 5344 3512 5397 enim

1925 5422 2039 5489 ille,
2083 5433 2135 5480 et
2184 5428 2388 5492 lumen,
2421 5428 2539 5498 ipsa
2579 5430 2778 5486 Christi
2813 5434 2982 5488 deitas
3019 5433 3162 5488 beati
3211 5435 3332 5498 fuit,
3394 5451 3514 5506 quae

1924 5526 2020 5581 per
2050 5515 2372 5569 miraculum
2406 5519 2471 5571 ad
2501 5519 2633 5573 illud
2671 5532 2883 5590 tempus
2907 5533 3066 5588 tecta,
3105 5541 3170 5580 ne
3204 5527 3376 5581 oculis
3409 5531 3511 5580 lu:-

1926 5608 2108 5662 manis
2144 5624 2242 5661 sua
2279 5611 2564 5679 majestate
2597 5613 2855 5678 olIieeret,
2898 5632 2961 5671 eo
3013 5617 3101 5672 die
3145 5629 3395 5675 cessante
3435 5625 3516 5674 tl.—

1926 5707 2013 5750 cto
2064 5698 2329 5755 miraculo
2370 5706 2642 5772 apparuit,
2681 5716 2734 5762 et
2784 5710 3155 5778 apostolorum
3187 5712 3374 5767 oeulos
3404 5718 3516 5766 cir-

1927 5791 2231 5846 cumfulsit.
2276 5792 2340 5846 Et
2385 5811 2763 5864 argumentum
2818 5803 2883 5856 de
2927 5813 3111 5858 creato
3155 5815 3208 5861 et
3272 5809 3516 5861 increato

1927 5881 2064 5937 nihil
2100 5886 2396 5942 concludit.
2433 5887 2632 5948 Verum
2680 5896 2824 5951 enim
2879 5907 2983 5967 cst,
3027 5902 3201 5957 oculis
3237 5903 3516 5972 corporeis

3052 5994 3131 6054 ‘29
