4104 6322
683 393 785 455 907

1937 390 1983 449 G
1998 388 2316 449 REGORII
2356 390 2444 449 PA
2457 394 2539 451 LA
2551 394 2673 453 ΜΕ

3836 402 3942 462 (οῒ

685 515 984 568 iucrsatum
1017 512 1257 581 conspici
1281 526 1384 565 non
1418 525 1598 580 posse,
1630 523 1683 567 at
1720 511 1843 564 dum
1862 510 2004 566 oculi
2029 515 2079 563 in
2105 516 2247 565 statu
2279 510 2323 566 Δ
2352 512 2549 563 stantia
2580 512 2631 565 in
2661 526 2875 569 sanctos
2908 519 3104 571 ιιιίςςιις
3162 524 3357 576 nume,
3393 523 3536 578 enim
3560 522 3758 583 ςεειειί,
3825 531 3937 575 um

686 617 741 662 et
778 606 1088 662 conditioite
1116 592 1337 659 natura
1386 613 1628 667 manent,
1671 603 1764 659 sed
1802 604 1871 667 si,
1899 602 2167 657 diviniore
2203 604 2251 656 vi

688 700 1047 763 corroborati,
1073 697 1137 753 ad
1166 699 1355 752 altiora
1378 698 1677 761 cierentur,
1703 697 1775 751 nil
1795 695 2041 766 impedit,
2066 710 2257 763 corpo-

691 797 799 849 reis
832 796 980 848 hisce
1012 792 1185 849 oculis
1218 794 1271 846 in
1302 792 1715 846 eminentiorem
1749 799 1949 844 statum
2010 788 2261 843 subleva-

694 889 785 951 tis,
815 888 1069 942 deitatem
1099 886 1292 954 ipsam,
1321 896 1371 939 et
1422 883 1647 952 gloriam
1697 882 1937 943 deitatis,
1978 897 2099 950 quae
2153 894 2259 932 una

694 1004 816 1041 cum
854 986 960 1035 Deo
1005 994 1109 1045 est,
1156 980 1346 1032 videri.
1398 977 1564 1043 quue
1616 975 1992 1042 expertissimo
2054 974 2263 1026 ratione

695 1079 1071 1131 conﬁrmatur.
1108 1076 1241 1127 Nam
1275 1073 1428 1125 licata
1463 1070 1647 1135 Virgo,
1681 1084 1840 1135 quam
1864 1067 2021 1117 modo
2054 1081 2263 1119 assum-

696 1183 837 1239 ptam
874 1156 1318 1222 cauit'Ecclesia
1369 1180 1492 1217 cum
1536 1178 1599 1215 eo
1635 1160 1921 1227 p‘tt‘eipso,
1984 1157 2148 1209 Deum
2211 1166 2261 1206 ct

695 1262 1031 1314 divinitatem
1068 1258 1357 1326 ip~i~sintis
1387 1256 1560 1306 oculis
1610 1242 1909 1339 coyp‘hrt-is,
1975 1248 2266 1301 sublevati;

696 1365 875 1406 tamen
918 1361 969 1401 et
1008 1350 1189 1401 divina
1222 1348 1269 1398 vi
1298 1344 1652 1402 c0nlirtnatis,
1689 1344 1923 1392 intuetur
2007 1337 2095 1400 Et,
2148 1345 2269 1402 post

688 1440 1307 1515 jtttlit'iumuniversale,
1355 1438 1518 1499 beati,
1585 1434 1877 1502 resumptis
1926 1431 2268 1497 corporibus.

694 1538 970 1605 corporeis
996 1535 1170 1589 oculis
1201 1532 1425 1598 gloriam
1454 1530 1671 1583 deitatis
1710 1527 2073 1599 tl.-itatetnquc
2100 1526 2267 1588 ipsam
2312 1540 2313 1543 η

693 1630 1052 1699 conspicient.
1083 1626 1173 1680 Sic
1192 1636 1245 1680 et
1278 1625 1364 1677 die.
1392 1618 1912 1687 Trausliguratiouis
1936 1617 2129 1683 ιιυμιρι
2167 1613 2269 1666 tui-

696 1724 935 1777 raculum
960 1718 1275 1780 Cernimus;
1327 1715 1583 1771 alterum,
1640 1728 1758 1764 ctnu
1805 1718 1981 1763 cessat
2047 1721 2166 1760 esse
2219 1708 2270 1757 in

691 1830 920 1882 corpore
951 1811 1153 1867 Clu-isti
1187 1827 1201 1875 ;
1236 1808 1493 1862 alterum.
1526 1802 1666 1870 quod
1730 1800 2099 1867 apostolorum
2142 1810 2272 1847 ocu-

695 1908 773 1959 los
802 1905 864 1957 ad
918 1902 1242 1956 diviniorem
1263 1906 1541 1965 aspectum
1570 1892 1791 1947 excitat.
1829 1889 1901 1942 De
1928 1890 2052 1942 aliis
2072 1886 2271 1940 divinis

700 1995 1005 2049 visiOnihns
1035 2001 1091 2045 et
1149 1988 1531 2057 splendoribus
1584 1984 1711 2052 quid
1777 1981 2128 2035 asserendum
2178 1978 2269 2041 sit,

692 2088 818 2142 alibi
868 2087 1133 2138 dicemus.
1187 2082 1481 2130 Damnatus
1552 2074 1737 2141 itaque
1792 2083 1874 2123 est
1918 2068 2273 2127 Barlaamus,

694 2177 837 2245 quod
872 2176 1053 2226 lumen
1090 2168 1219 2221 illud
1272 2180 1447 2233 neque
1472 2179 1533 2215 ex
1588 2163 1770 2213 divina
1820 2158 2057 2212 essentia
2099 2172 2271 2223 neque

694 2268 933 2321 divinam
961 2261 1256 2316 essentiam
1289 2271 1410 2311 esse
1433 2253 1755 2308 aliirmabat,
1783 2260 1835 2301 et
1861 2259 2119 2317 prartcrea
2152 2263 2273 2299 cor-

692 2372 889 2427 poreus
955 2355 1143 2406 oculos
1184 2366 1275 2416 per
1336 2346 1536 2399 nullam
1597 2342 1918 2396 diviniorem
1975 2339 2270 2406 potentiam

694 2452 827 2504 adeo
855 2445 1052 2498 elevari
1087 2456 1268 2510 posse,
1299 2449 1357 2491 ttt
1385 2439 1637 2489 deitatem
1673 2433 2037 2497 conspiciant.
2065 2430 2135 2482 Ex
2164 2444 2271 2494 quo

698 2544 865 2595 multa
904 2535 1141 2590 absurda
1168 2532 1320 2597 sequi
1350 2532 1400 2581 in
1435 2527 1681 2579 doctrina
1707 2520 2101 2581 ecclesiastica,
2156 2534 2269 2570 ma-

696 2632 952 2686 nifestum
983 2637 1083 2680 est.
1136 2623 1226 2677 Sic
1282 2621 1429 2674 enim
1489 2616 1773 2670 tolleretur
1832 2614 1971 2666 visio
2026 2609 2272 2663 beatilica

697 2717 1122 2789 postjndicium,
1168 2721 1223 2767 et
1269 2712 1495 2764 aliorum
1546 2717 1861 2761 sanctorum
1936 2704 2128 2769 gloria,
2182 2701 2273 2765 qui

697 2836 845 2875 nunc
879 2818 931 2869 in
974 2812 1113 2867 etelo
1141 2808 1399 2861 dicuntur
1429 2804 1646 2871 (legere,
1680 2802 1918 2855 divi-tam
1983 2799 2070 2851 Dei
2122 2810 2276 2849 natu-

699 2920 815 2959 ram
872 2897 1154 2964 corporeis
1212 2891 1384 2946 oculis
1426 2888 1777 2956 aspicientes.
1844 2883 2140 2937 Damnatus
2196 2888 2278 2930 cst

698 2998 863 3051 etiam
894 3009 956 3045 cx
990 2991 1094 3043 alia
1131 2995 1297 3051 parte,
1327 2993 1379 3037 et
1415 2982 1539 3050 jure
1569 2978 1788 3042 merito,
1822 2974 2092 3036 Palamas,
2148 2972 2273 3021 dum

2358 598 2605 655 llomtnes
2644 620 2804 673 quam
2840 610 3036 675 an;eli,
3071 613 3253 666 vident
3280 613 3497 683 quidem
3534 613 3625 667 Dei
3674 611 3933 680 gloriam,

2359 690 2621 761 ‘cmporis
2675 709 2972 765 expertem,
3034 704 3390 757 substantiam
3443 718 3569 757 vero
3598 702 3690 756 Det
3751 700 3937 753 nullus

2360 798 2535 852 πραιιε
2557 786 2716 841 homo
2754 807 2928 860 neque
2949 797 3172 859 angelus
3207 798 3357 859 vidit,
3381 807 3474 851 aut
3500 798 3679 850 videre
3701 810 3735 863 p
3773 802 3933 847 ωτι..

2362 875 2495 939 Qttis
2532 878 2581 930 in
2615 891 2722 932 tam
2754 884 2940 949 paucis
2978 887 3153 939 verbis
3184 896 3259 940 tot
3290 899 3489 950 errata,
3522 897 3719 953 pneter
3768 898 3941 935 unum

2368 968 2659 1031 Palatuam,
2688 988 2979 1041 congerere
3024 978 3323 1043 potuisset?
3370 979 3575 1032 Similia
3614 986 3763 1039 sunt,
3815 992 3941 1044 qua:

2368 1071 2607 1123 narrant,
2654 1064 2987 1129 Philotlteus,
3026 1071 3329 1135 patriarcha
3381 1068 3947 1135 Constantinopolita-

2368 1166 2490 1209 nns,
2516 1150 2767 1205 Callistus
2801 1158 3149 1219 Angelicudea
3181 1158 3248 1211 de.
3284 1159 3547 1227 sp‘rituali
3576 1159 3951 1226 participatio-

2371 1256 2455 1295 no.
2496 1239 2856 1296 llatnascenus
2887 1244 3383 1301 Thessalonicensis
3433 1250 3485 1301 in
3518 1248 3620 1302 ﬁne
3665 1250 3950 1302 concionis

2370 1334 2433 1383 de
2466 1331 2959 1401 Tt'anslignratious
2988 1322 3217 1391 Domini.
3254 1339 3314 1390 Et
3348 1350 3495 1403 nota,
3529 1339 3619 1395 Dei
3648 1342 3949 1394 essentiam

2373 1422 2543 1476 beatis
2591 1440 2695 1476 non
2753 1428 2942 1492 vidi-ri,
3003 1430 3094 1481 sed
3148 1431 3332 1484 nescio
3384 1446 3547 1500 quam
3601 1432 3952 1490 claritatem:

2374 1531 2555 1568 crrorc
2581 1518 2804 1585 antiquo
2844 1518 3226 1584 Armeniorum,
3267 1523 3424 1592 cujus
3453 1522 3696 1575 meminit
3724 1534 3954 1577 saucttés

2374 1605 2687 1671 Gregorius,
2716 1609 2809 1662 lih.
2842 1625 2969 1662 nm
3010 1609 3311 1673 Moralium,
3367 1625 3479 1679 cap.
3510 1612 3598 1666 37.
3648 1610 3953 1664 Dastmatnr

2378 1698 2561 1764 itaque
2580 1696 2915 1757 Barlaamus,
2945 1694 3231 1753 damnatur
3264 1710 3316 1751 et
3343 1698 3608 1754 l’alamas.
3648 1699 3789 1769 Ergo
3823 1710 3955 1755 tunc

2377 1789 2637 1854 temporis
2690 1788 2856 1842 ϐιωρί
2891 1790 2993 1843 alia
3058 1792 3138 1843 via
3186 1788 3551 1842 dimcultatem
3622 1800 3950 1852 evaserunt;

2380 1892 2555 1947 neque
2606 1879 2749 1931 enim
2793 1880 3096 1948 approbare
3140 1890 3393 1949 poterant
3436 1878 3580 1948 quod
3623 1884 3953 1933 condemna-

2378 1979 2519 2023 raut.
2550 1973 2729 2034 Quare
2764 1988 2982 2026 necesse
3000 1983 3102 2036 est,
3141 1989 3233 2027 eos
3262 1970 3535 2037 definisse,
3583 1969 3828 2023 divinam
3865 1984 3957 2021 es-

2378 2063 2627 2125 sentiam,
2654 2064 2773 2115 lieet
2800 2066 3113 2125 incrcatam,
3146 2074 3199 2116 et
3231 2064 3419 2126 Deum,
3451 2060 3623 2116 oculis
3652 2059 3956 2127 corporeis,

2381 2154 2428 2204 vi
2463 2163 2640 2206 tamen
2671 2155 2850 2208 divina
2875 2156 3189 2218 sublevatis,
3220 2165 3278 2209 ut
3323 2155 3433 2223 jam
3462 2154 3723 2213 diximus,
3781 2148 3955 2202 videri

2382 2261 2575 2314 posse;
2612 2245 2756 2315 quod
2800 2247 2853 2299 in
2896 2249 3094 2300 montis
3144 2246 3401 2299 'l'hahorii
3461 2244 3665 2297 lumine
3718 2241 3956 2303 accidit;

2380 2338 2508 2391 illud
2532 2340 2673 2390 enim
2701 2339 2999 2392 increatum
3024 2353 3145 2392 cum
3182 2347 3345 2401 esset,
3370 2337 3539 2387 visum
3571 2342 3755 2383 tamen
3778 2340 3860 2383 est
3890 2330 3959 2383 ab

2384 2432 2664 2493 apostolis.
2722 2431 2819 2485 "lC
2883 2431 3154 2483 immerito
3215 2429 3617 2497 redarguuntur
3687 2442 3714 2474 a
3752 2437 3959 2475 nonne-

2387 2524 2551 2584 tnine,
2602 2539 2664 2576 ac
2720 2525 2763 2574 si
2820 2524 3191 2588 opu-rationem
3254 2520 3343 2573 Dei
3402 2533 3524 2571 es~e
3562 2516 3687 2581 quid
3755 2530 3782 2565 a
3835 2516 3961 2567 sult-

2383 2613 2579 2666 stantia
2623 2612 2708 2663 [lei
2766 2612 3037 2664 diversum
3092 2610 3507 2663 existimassvnt.
3568 2604 3758 2671 Neque
3812 2606 3959 2657 enim

2384 2705 2830 2759 considerandum
2860 2710 2938 2754 est
2990 2702 3042 2754 in
3075 2716 3135 2754 ea
3173 2701 3412 2761 natione,
3464 2698 3593 2767 quid
3662 2713 3806 2750 unus
3869 2704 3963 2749 aut

2383 2795 2515 2846 a'ter
2556 2794 2809 2868 tenuerit,
2854 2793 2945 2845 sed
2989 2792 3117 2858 quid
3150 2806 3339 2844 omnes
3373 2804 3478 2840 uno
3511 2803 3603 2839 ore
3653 2786 3959 2853 protitcano

2386 2892 2490 2933 tur.
2530 2880 2589 2932 Et
2630 2896 2758 2934 sane
2795 2882 3122 2949 proﬁtentur
3165 2894 3307 2931 nunc
3341 2893 3553 2941 omnes,
3589 2877 3634 2929 si
3664 2876 3962 2929 Palamitas

2387 2976 2452 3026 ab
2486 2975 2549 3028 iis
2575 2977 2673 3027 'etu
2706 2973 2927 3033 Graecis,
2962 2971 3122 3024 veluti
3156 2970 3436 3022 harretit-os
3466 2970 3779 3025 damnatos.
3814 2966 3966 3017 exci-

700 3090 876 3142 lutucn
911 3084 1065 3143 illud,
1122 3090 1175 3133 et
1202 3077 1572 3146 operationem
1649 3070 1766 3129 Dei.
1810 3068 2085 3121 diversum
2146 3063 2273 3130 quid
2314 3088 2354 3142 ϐ
2391 3068 2524 3134 pias.
2558 3067 2765 3125 beatos,
2799 3072 2920 3131 post
2972 3062 3263 3127 judicium,
3324 3060 3489 3112 Deum
3550 3059 3729 3124 ipsum
3788 3056 3969 3109 oculis

700 3181 768 3232 ab
795 3180 909 3241 ipso
944 3176 1073 3236 Deo,
1104 3168 1356 3239 quamvis
1399 3171 1730 3225 increatum,
1762 3163 2117 3211 constitueret
2146 3171 2159 3218 ;
2207 3163 2280 3217 et,

696 3282 819 3325 cum
857 3266 930 3319 illi
975 3265 1081 3316 duo
1119 3264 1380 3317 increata,
1417 3265 1470 3307 ct
1509 3254 1629 3307 dua:
1685 3251 1918 3305 deitates
1978 3245 2285 3314 objiceren-

698 3371 804 3421 tnr,
834 3354 1215 3424 respondebat,
1277 3350 1330 3401 id
1392 3348 1615 3401 minimc
1658 3343 1913 3404 obstare;
1959 3338 2075 3390 dari
2141 3335 2283 3387 enim

698 3454 847 3524 plura
898 3451 1161 3507 incrcata,
1208 3452 1260 3498 et
1298 3441 1481 3509 plures
1531 3436 1784 3493 deitates,
1818 3433 1931 3484 imo
1994 3429 2287 3494 ἁπείρακις

699 3537 1164 3611 ἀπείρους,‹ιιι;ιεί
1214 3534 1444 3588 diceres.
1506 3528 1755 3596 iit/initia:
1812 3521 2073 3589 inﬁnitos,
2128 3516 2287 3569 n.0th

699 3632 1030 3702 superiores.
1075 3625 1237 3677 modo
1266 3619 1579 3677 inferiores,
1608 3623 1665 3666 et
1698 3627 1817 3677 quae
1846 3608 2019 3660 oculis
2071 3602 2292 3687 conspi-

698 3695 986 3785 cerentur;
1021 3716 1161 3785 quod
1211 3715 1369 3781 plane
1411 3705 1601 3776 nugari
1644 3712 1727 3757 est
1781 3710 1835 3753 et
1888 3700 1953 3751 ad
2004 3695 2283 3766 gentilium

701 3815 955 3880 ineptias,
993 3805 1184 3873 majori
1218 3807 1379 3855 etiam
1415 3810 1689 3855 mensura,
1737 3793 1788 3843 in
1851 3799 1995 3845 lauta
2044 3783 2288 3838 veritatis

698 3879 839 3965 luce,
868 3900 1082 3955 referri.
1118 3896 1295 3961 Quare
1322 3894 1442 3960 jure
1471 3889 1635 3943 etiam
1690 3890 1825 3953 ipsc,
1861 3894 2116 3948 tanquam
2178 3879 2283 3928 luc-

702 3996 906 4051 reticus
964 4000 1017 4043 et
1073 3988 1296 4039 deorum
1356 3980 1715 4049 plurimorum
1766 3974 1972 4027 rulttttn
2043 3968 2289 4020 introdu-

699 4100 847 4141 ct'ns.
874 4081 1286 4135 condemnatur.
1315 4072 1420 4137 Qui
1450 4086 1576 4123 vero
1611 4068 1782 4121 tnedia
1815 4061 2018 4117 insistit
2076 4062 2180 4120 via,
2237 4067 2293 4109 ut

698 4191 859 4245 supra
884 4174 1147 4234 diximus,
1206 4182 1328 4222 cum
1380 4162 1623 4217 Ecclesia
1682 4170 1735 4213 et
1787 4156 1995 4212 sanctis
2047 4152 2293 4205 Patribns

698 4268 885 4323 sentit.
919 4264 1009 4317 Sic
1034 4262 1181 4314 enim
1214 4258 1388 4312 deitas
1414 4256 1551 4324 ipsa,
1591 4252 1847 4317 illiusque
1872 4247 2051 4299 lumen
2084 4245 2292 4297 increa-

702 4368 839 4418 tum,
877 4354 1155 4421 corporeis
1188 4348 1383 4411 oculis,
1414 4325 1942 4401 sublevatistanten,
1990 4334 2157 4388 videri
2201 4350 2291 4400 ρο-

2387 3158 2659 3223 corporeis
2692 3157 2925 3208 visuros.
2978 3155 3101 3207 ideo
3146 3153 3313 3207 multa
3365 3150 3417 3204 in
3479 3149 3733 3205 Prateolo
3793 3148 3968 3201 (τοι-τίη

2388 3260 2518 3317 guut
2562 3266 2574 3300 :
2618 3247 2892 3300 Adversus
2922 3245 3261 3301 Barlatunum
3299 3255 3351 3299 ct
3390 3244 3729 3313 Acindyuum
3758 3256 3966 3295 nonum

2389 3342 2637 3412 generale
2676 3340 2970 3394 concilium
3007 3350 3258 3393 coactum
3292 3338 3412 3402 luit,
3442 3347 3496 3392 et
3528 3337 3866 3391 celebratum
3914 3336 3968 3387 in

2391 3434 2674 3504 ιιι-ιεδεηιίει
2745 3432 2888 3485 illius
2938 3430 3077 3484 beati
3123 3438 3177 3483 et
3238 3428 3571 3483 celeberrimi
3613 3424 3978 3495 imperatoris

2391 3525 2667 3578 Michaelis
2695 3521 3017 3583 Andronici,
3061 3532 3418 3588 cognomento
3450 3518 3759 3586 Palzologi,
3794 3517 3975 3585 impe-

2392 3616 2586 3670 ratoris
2617 3614 2954 3677 Graecorum,
2985 3622 3034 3665 et
3075 3609 3301 3663 Joannis
3346 3610 3465 3676 ejus
3517 3609 3634 3662 lilii.
3673 3628 3692 3660 ι
3748 3608 3972 3662 Nullum

2391 3724 2455 3760 ex
2486 3705 2643 3759 dictis
2668 3703 2915 3757 conciliis
2950 3702 3200 3770 generale
3262 3700 3400 3767 fuit};
3446 3700 3652 3753 nullum
3709 3699 3813 3752 sub
3868 3698 3976 3751 3di-

2392 3797 2575 3853 chaele
2603 3796 2868 3849 habitum.
2897 3790 3137 3845 Joannes
3170 3791 3522 3858 Pal-.nologus,
3576 3788 3667 3858 qui
3728 3789 3980 3843 subscri-

2396 3891 2520 3958 psit,
2550 3903 2656 3941 non
2687 3887 2961 3939 Michaelis
3007 3883 3312 3951 Palzeologi,
3370 3883 3461 3936 sed
3504 3882 3800 3935 Andronici
3881 3882 3978 3948 ju-

2398 3984 2564 4036 nioris
2597 3980 2740 4033 ﬁlius
2777 3978 2877 4031 fuit
2909 3977 3038 4043 :qtti
3080 3992 3201 4029 cum
3230 3975 3283 4028 in
3332 3973 3625 4027 schismate
3676 3973 3879 4027 vixerit
3923 3982 3980 4027 et

2395 4074 2609 4134 obierit,
2648 4070 2846 4124 [rustra
2877 4070 3062 4121 beatus
3086 4068 3413 4120 nominatur.
3444 4064 3727 4119 Prateolus
3754 4081 3767 4117 :
3797 4064 3975 4127 «Gen-

2400 4169 2591 4221 sebant
2618 4166 2729 4228 isti,
2778 4165 2958 4225 modo,
2994 4162 3201 4214 nullum
3231 4176 3351 4215 esse
3384 4160 3681 4212 discrimen
3706 4161 3759 4212 in
3786 4160 3970 4213 divina

2400 4264 2613 4317 natura,
2641 4251 2970 4313 substantia,
3000 4260 3052 4301 et
3082 4248 3273 4303 eﬂectu
3300 4264 3314 4314 ;
3358 4248 3451 4302 sed
3498 4248 3641 4301 idem
3674 4262 3819 4308 esse,
3876 4263 3976 4303 nee

2401 4345 2675 4398 diversum
2714 4341 2919 4395 :modo
2953 4340 3313 4394 diﬂ‘ereutiam
3378 4352 3504 4392 esse
3552 4337 3972 4407 proﬁtebantur,

706 4450 831 4503 terit
866 4447 1033 4514 quue
1066 4458 1188 4497 cum
1244 4440 1345 4508 ipsi
1400 4451 1503 4488 non
1538 4434 1897 4502 perciperent.
1933 4444 2038 4481 non
2079 4434 2286 4478 tantum
2325 4408 2369 4463 D
2402 4438 2762 4490 substantiam
2800 4445 2981 4488 tamen
3017 4435 3350 4496 inm-emam;
3400 4430 3518 4499 eius
3570 4440 3753 4484 autem
3788 4444 3947 4484 esse"

703 4542 955 4599 Palamas
985 4536 1119 4605 ipse,
1152 4532 1243 4584 sed
1264 4528 1354 4583 alii
1385 4534 1642 4597 praeterea
1672 4522 1763 4591 qui
1794 4535 1918 4574 eum
1949 4520 2119 4573 secuti
2146 4524 2295 4575 sunt,

703 4634 832 4686 dum
860 4630 1070 4694 seipsos
1104 4638 1134 4676 a
1189 4620 1505 4676 dilﬁcultate
1554 4617 1826 4670 extricare
1875 4620 2168 4671 conantur,
2215 4605 2285 4663 .in

700 4726 839 4778 alios
865 4732 1027 4789 atque
1060 4716 1198 4770 alios
1247 4727 1459 4767 errores
1526 4707 1762 4779 prolapsi
1829 4711 1976 4759 sunt.
2025 4700 2292 4754 Attdiatur

711 4811 881 4867 David
905 4809 1233 4871 monachus,
1268 4806 1320 4857 in
1356 4801 1639 4855 Relatione
1665 4801 1732 4851 dc
1763 4796 1991 4850 dissidio
2024 4791 2289 4846 Barlaami

703 4916 759 4957 ct
784 4899 1208 4956 PalamazNOIt
1242 4897 1384 4949 θεῖον
1440 4894 1541 4961 μὲν
1602 4892 1717 4942 ἐστι
1778 4888 1872 4940 καὶ
1924 4886 2179 4939 ἇκτιστον
2231 4882 2293 4933 τὸ

706 4995 822 5064 φῶς
853 4992 1031 5045 ἐκεῖνο
1056 4990 1149 5041 καὶ
1180 4987 1371 5051 Θεότης
1398 4984 1548 5053 παρὰ
1581 4982 1693 5033 τῶν
1724 4980 1896 5047 ἁγίων
1942 4975 2291 5045 ὀνομάζεται,

711 5091 812 5139 οὑκ
856 5083 972 5136 ἔστι
1003 5083 1097 5132 καὶ
1123 5080 1280 5131 οὐσία
1316 5074 1472 5137 Θεοῦ,
1526 5073 1937 5139 ἀλλ’ὲνέργεια,
1989 5069 2081 5120 καὶ
2113 5068 2292 5135 χάρις.

711 5177 806 5231 καὶ
836 5172 984 5238 δόξα,
1020 5172 1113 5225 καὶ
1144 5169 1467 5237 λαμπρότης
1514 5166 1579 5216 ὲκ
1631 5163 1732 5231 τῆς
1773 5162 1922 5222 Θείας
1974 5157 2162 5219 οὐσίας
2215 5158 2293 5217 εἰς

708 5270 836 5330 τοὺς
879 5266 1069 5334 ἁγίους
1106 5260 1460 5330 πεμπομένη.
1488 5259 1552 5309 0i
1596 5256 1703 5325 γὰρ
1735 5257 1876 5321 ἆγιοι
1937 5254 2138 5317 πάντες
2200 5249 2291 5302 καὶ

709 5360 1020 5429 ἄνθρωποι,
1060 5356 1156 5409 καὶ
1195 5354 1417 5422 ἄγγελοι
1477 5351 1635 5416 δόξαν
1695 5350 1796 5418 μὲν
1854 5350 2083 5416 ἄχρονον
2132 5344 2289 5415 ὁρῶσι

709 5453 805 5506 τοῦ
832 5451 989 5510 Θεοῦ,
1018 5449 1110 5501 καὶ
1143 5448 1303 5515 χάριν
1340 5444 1505 5496 ἀΐδιον
1566 5442 1839 5510 δέχονται,
1906 5439 1998 5491 καὶ
2055 5436 2286 5504 δωρεὰν,

712 5546 901 5596 οὐσίαν
935 5541 989 5593 δὲ
1024 5540 1157 5591 Θειλῦ
1207 5536 1382 5599 οὐδείς
1426 5553 1551 5588 ποτε
1602 5533 1907 5602 ἄνθρωπ’)ς,
1943 5529 2064 5581 οὔτε
2128 5529 2297 5593 ἄγγε-

712 5638 823 5698 λος,
854 5634 976 5687 οὒτε
1003 5630 1131 5695 εἶδε,
1175 5631 1296 5684 οὔτε
1338 5630 1465 5680 ἰδεῖν
1491 5629 1737 5680 δύναται.
1775 5643 1791 5674 t
1860 5624 1921 5675 lit
1952 5623 2170 5690 quidem
2215 5620 2300 5672 lu-

718 5745 841 5782 men
870 5728 1018 5788 illud,
1055 5726 1297 5778 divinum
1319 5733 1365 5775 et
1401 5724 1696 5775 increatutn
1726 5727 1778 5773 ct
1832 5717 2006 5769 deitas
2046 5732 2073 5765 a
2099 5714 2300 5767 sanctis

722 5824 1054 5879 nominatur,
1096 5821 1187 5873 sed
1218 5835 1321 5870 non
1360 5829 1439 5871 est
1471 5816 1771 5870 substantia
1811 5812 1922 5875 Dei,
1963 5812 2055 5862 sed
2107 5826 2296 5875 opera-

725 5916 796 5968 tio
829 5923 880 5967 et
919 5915 1087 5981 gratia
1114 5922 1164 5966 et
1196 5910 1386 5980 gloria,
1418 5918 1467 5963 ct
1496 5908 1749 5976 splendor
1801 5922 1863 5959 cx
1921 5904 2103 5956 divina
2166 5917 2188 5955 ε.

2404 4530 2561 4583 tialcs
2585 4528 2855 4585 actiones,
2906 4534 2956 4577 et
2983 4523 3279 4583 naturalem
3314 4523 3621 4576 sentiebant
3653 4535 3779 4574 esse
3799 4520 3979 4574 diver-

2392 4630 2503 4676 sas,
2532 4629 2638 4667 non
2667 4623 2844 4667 tamen
2876 4613 3169 4673 increatas,
3189 4610 3279 4664 sed
3298 4619 3529 4665 creatas.
3559 4628 3577 4660 ι
3601 4608 3745 4662 Nihil
3784 4610 3978 4665 borum

2396 4706 2678 4758 Barlaamo
2704 4715 2754 4758 et
2790 4704 3073 4771 Acindyno
3128 4702 3180 4755 iu
3214 4712 3448 4755 mentem
3507 4701 3679 4763 venit,
3728 4709 3785 4754 et
3833 4700 3979 4755 aliud

2397 4799 2515 4851 illos
2552 4796 2870 4858 allirmasse,
2922 4809 2987 4846 ex
3042 4807 3230 4846 eorum
3290 4790 3717 4845 Commentariis
3755 4791 3979 4857 planum

2397 4898 2502 4942 est.
2546 4887 2819 4956 Quidquid
2854 4896 3031 4939 tamen
3059 4885 3149 4947 sit,
3181 4886 3337 4953 pulso
3378 4882 3589 4935 Joanne
3640 4882 3981 4950 patriarcha,

2399 4981 2809 5048 subregatoqtte
2851 4977 3078 5037 Isidoro,
3108 4974 3387 5029 Palautitis
3448 4972 3853 5037 addictissitno,
3900 4972 3984 5025 fa-

2405 5086 2531 5123 vore
2556 5071 2715 5123 etiam
2744 5070 3087 5136 imperatoris
3119 5064 3517 5123 Cantacuzeni.
3568 5063 3662 5131 qui
3694 5061 3987 5131 imperium

2402 5161 2839 5221 administrabat,
2878 5160 3011 5213 adeo
3069 5158 3309 5228 Byzantii
3369 5155 3763 5209 Palamitarum
3821 5154 3987 5209 tactio

2405 5256 2650 5318 invaluit,
2684 5262 2741 5306 ut
2791 5252 2921 5305 nihil
2955 5251 3017 5304 ad
3061 5251 3385 5304 corroborati
3413 5252 3491 5301 los
3534 5245 3790 5315 proprios
3832 5260 3973 5299 erro

2405 5366 2489 5403 res
2515 5349 2840 5401 intentarttm
2900 5346 3251 5414 reliquerint,
3306 5353 3358 5395 et
3391 5341 3597 5396 coactis
3638 5338 3889 5409 synodis,
3939 5347 3991 5391 et

2404 5438 2590 5493 Tomis
2624 5439 2805 5499 edttis,
2834 5436 3103 5489 Barlaami
3132 5443 3183 5487 et
3232 5429 3497 5501 Acindyni
3524 5428 3708 5481 omnia
3758 5427 3991 5479 anathe-

2409 5533 2535 5585 mati
2576 5529 2927 5595 subiecerint,
2961 5543 3076 5589 sua,
3139 5526 3217 5578 uti
3275 5525 3357 5592 pia
3413 5530 3466 5575 et
3512 5518 3812 5582 catholica,
3863 5532 3992 5585 pro.

2411 5626 2718 5695 mulgatiut,
2760 5638 2881 5689 quae
2920 5632 3098 5689 postea
3150 5618 3310 5672 etiam
3366 5621 3783 5685 propugnarunt
3824 5610 3990 5663 Calli-

2410 5728 2525 5771 stus
2560 5728 2614 5771 et
2684 5714 3002 5767 l’hilodmus
3053 5712 3393 5779 patriarchae,
3450 5705 3695 5775 ejusdem
3751 5703 3989 5756 instituti

2408 5827 2529 5863 cum
2566 5810 2802 5863 I’alama.
2844 5806 2904 5858 lit
2945 5807 3056 5859 haec
3093 5820 3188 5871 pro
3244 5798 3536 5863 Barlaami,
3588 5794 3883 5864 Aciudyui,
3941 5808 3991 5847 et

2407 5903 2635 5955 Dalatus:
2668 5902 2880 5961 lucrost,
2912 5900 3040 5953 satis
3079 5901 3207 5950 sint.
