4104 6322
144 448 252 509 913

1493 443 2015 503 TlIEOPllANES,

3284 449 3388 515 OH

142 564 287 615 κατά
315 561 420 615 τῶν
471 561 943 631 συγγραψαμένων
988 561 1242 614 ὑπόνοιαν
1278 560 1570 629 δεξάμενος
1610 558 1711 610 ούκ

1820 556 2107 625 scriptores
2144 557 2517 628 suspicionem
2542 569 2865 630 conceperat
2902 576 3009 615 non
3039 562 3259 630 bonam,
3290 564 3387 620 sed

142 653 375 721 ἀγαθὴν,
426 652 625 721 μᾶλλον
655 654 710 705 δὲ
762 654 857 705 καὶ
897 652 1017 705 λίαν
1069 647 1269 723 κακήν.
1302 652 1552 720 Δυσσεϐἧ
1600 652 1709 721 γὰρ

140 747 289 814 ἔχειν
318 746 475 811 δόξαν
509 745 782 798 ὑπέλαὸεν
812 726 1029 808 αὐτούς,
1069 744 1135 814 ἡν
1164 744 1229 814 δὴ
1282 744 1377 798 καὶ
1406 743 1714 814 ἀνασκευὼ-

141 810 270 901 ζων,
302 839 724 909 ἀντιρῤητικοὺς
750 838 943 905 λόγους
974 810 1379 907 συνεγράύιατο.
1407 810 1713 906 Τοιγαροῖιν

139 935 244 986 οῦκ
274 934 475 1004 ἀνέχοι
509 952 593 997 τις
647 936 820 987 εἰπεῖν
857 935 1017 986 αὐτὸν
1047 936 1146 1005 τῆς
1189 933 1500 1001 ἀντιλογίας
1548 948 1715 985 κατα-

142 1024 403 1078 ϐαλέσθαι
435 1026 531 1094 τὴν
560 1028 756 1095 ἀρχὴν.

218 1118 393 1184 Θεοφ.
427 1116 622 1180 Καλῶς
655 1114 777 1172 εἶπέ
812 1136 893 1181 τις
938 1120 1043 1172 τῶν
1095 1117 1339 1175 παλαιῶν
1390 1116 1710 1186 Καισάρων,

140 1206 217 1267 ὡς
243 1207 339 1274 οὐχ
372 1207 592 1276 ὑπέχειν
610 1208 777 1277 ἄμφω
804 1209 886 1262 δεῖ
916 1211 991 1263 τὰ.
1005 1202 1117 1263 ὦτα
1138 1213 1251 1273 τοῖς
1282 1208 1707 1279 κατηγοροῦσιν,

139 1298 277 1350 ἀλλά
311 1296 388 1365 τῷ
437 1299 897 1370 ἀπολογησομένῳ
940 1299 1168 1371 θάτερον
1197 1302 1472 1371 ἀκήρατον
1515 1298 1717 1369 φυλάτ-

140 1406 258 1441 τειν
304 1387 420 1454 οὖς,
456 1390 595 1444 ὥστε
635 1391 859 1461 μηδαμῆ
895 1392 1063 1461 μηδὲν
1099 1392 1352 1463 στέργειν
1405 1391 1541 1461 μηδὲ
1571 1391 1712 1444 ἀπο-

144 1483 433 1547 φαίνεσθαι
459 1484 589 1552 πρὶν
616 1483 682 1536 ἂν
712 1483 976 1555 διακούσῃ
999 1486 1345 1555 ἀμφοτέρων.
1384 1485 1570 1538 Ταῦτα
1603 1484 1713 1553 γὰρ

140 1571 285 1624 αὐτὰ
317 1574 453 1626 κάπὶ
491 1574 593 1643 τῆς
652 1575 876 1628 συνόδου
926 1575 1174 1645 διεξῆλθε
1219 1573 1419 1646 μικροῦ
1468 1576 1563 1629 καὶ
1623 1576 1715 1627 ἐπὶ

140 1663 346 1727 λέξεως
383 1669 411 1716 ό
456 1665 725 1737 Βαρλαάμ
805 1668 899 1722 καὶ
934 1667 1073 1720 πολὺ
1126 1667 1235 1720 τῶν
1283 1668 1491 1722 ἐκείνου
1540 1668 1713 1735 λόγων

145 1757 349 1823 μεταξὺ
380 1756 458 1819 τὸ,
485 1758 528 1809 Τ
532 1759 975 1828 ετραυμάτισμαι
1000 1758 1097 1813 καλ
1124 1759 1367 1812 πέπονθα
1390 1758 1491 1829 τὴν
1511 1760 1713 1831 ψυχὴν,

142 1849 237 1916 ὑφ’
266 1842 340 1901 ὧν
369 1849 503 1919 ἔφης
530 1852 981 1922 συγγραμμάτων
1013 1851 1235 1923 δηλαδή.
1271 1852 1414 1923 Πρὸς
1458 1852 1630 1905 ταῦτα
1656 1852 1713 1906 δὲ

1814 649 1997 719 potius
2028 648 2184 704 valde
2215 651 2419 707 malam
2446 668 2461 710 :
2502 654 2819 724 suspicatus
2860 662 2945 709 est
2974 656 3119 709 enim
3149 671 3246 712 eos
3281 658 3385 711 imo

1815 738 1959 805 piam
2013 738 2258 807 proﬁteri
2310 741 2640 807 doctrinam,
2691 744 2757 797 ad
2813 759 2977 814 quam
3030 744 3387 801 refellendum

1815 828 2195 883 refutationem
2223 833 2550 910 composuit.
2582 834 2774 903 Itaque
2801 850 2831 887 a
2860 835 3076 905 neruine
3104 837 3211 891 dici
3264 851 3393 907 pos-

1815 928 1898 973 set
1928 922 2041 990 ipse
2072 922 2467 992 disputationis
2496 922 2851 979 fundamenta
2874 926 3103 995 jecisse.

1934 1100 2121 1166 neoph.
2162 1098 2326 1154 Recte
2358 1100 2497 1155 dixit
2539 1102 2763 1172 quidam
2811 1112 3058 1158 veterum
3111 1102 3393 1158 Caesarum

1819 1206 1924 1245 non
1964 1192 2283 1261 praebendas
2335 1208 2456 1248 esse
2505 1194 2697 1249 ambas
2736 1209 2897 1249 aures
2948 1196 3393 1261 accusatoribus,

1818 1283 1911 1337 sed
1946 1292 1999 1336 et
2054 1297 2112 1335 se
2148 1283 2442 1338 defensuro
2499 1300 2661 1339 unam
2716 1301 2906 1339 aurem
2956 1285 3227 1357 integram
3275 1300 3399 1340 esse

1818 1373 2161 1435 servandam,
2199 1375 2269 1440 ita
2316 1385 2372 1428 ut
2427 1375 2563 1428 nihil
2598 1376 2916 1429 admittatur
2975 1386 3071 1429 aut
3121 1375 3402 1445 rejiciatur

1821 1467 1950 1535 quin
1983 1475 2224 1534 utraque
2252 1480 2379 1534 pars
2428 1467 2616 1519 audita
2659 1466 2845 1519 fuerit.
2881 1464 3003 1518 Non
3046 1464 3238 1519 eadem
3285 1462 3405 1519 fere

1818 1559 1883 1613 ad
1906 1562 2134 1614 verbum
2181 1550 2233 1613 in
2275 1558 2488 1629 synodo
2516 1558 2795 1613 enarravit
2830 1558 3122 1621 Barlaam;
3164 1568 3218 1610 et
3266 1556 3399 1610 dum

1820 1650 2158 1718 loqueretur,
2208 1653 2377 1705 multa
2427 1651 2621 1704 saucio
2674 1664 2871 1720 passus
2916 1664 3037 1703 sum
3081 1651 3268 1703 animo
3300 1661 3402 1718 pro

1819 1740 1924 1794 illis
1960 1740 2214 1796 videlicet
2240 1755 2362 1810 quae
2387 1741 2608 1795 dicebas
2634 1740 2875 1809 scriptis.
2908 1738 3016 1795 Sed
3050 1740 3116 1793 ad
3148 1737 3403 1793 refellen-

1820 1834 1949 1887 dum
1980 1850 2103 1903 quae
2125 1835 2403 1889 asserebat
2428 1848 2604 1902 panico
2636 1834 2796 1888 nobis
2820 1847 3073 1886 sermone
3094 1846 3232 1902 Opus
3262 1830 3398 1886 fuit:

143 1895 277 2012 ἡγίτν
309 1895 503 2011 miti;
550 1895 963 2015 saleni-rgiowa
1030 1895 1262 2016 ιε’τχομζν
1312 1895 1421 2013 {at};
1453 1946 1567 2017 eo,
1605 1947 1715 2000 ἀπὸ

1821 1940 1945 1978 nam
1985 1895 2074 1980 res
2107 1928 2237 1993 ipsa:
2261 1895 2657 1979 irrefu-tabilem
2683 1924 2843 1979 nobis
2865 1895 3286 1992 suppeditabant
3318 1936 3407 1976 re-

147 2030 252 2080 τῶν
283 2033 626 2099 πραγμάτων
647 2032 1000 2099 ἀνεξέλεκτον
1025 2032 1328 2088 ἀντίθεσινε
1371 2034 1717 2104 Ἔξενεγκόν-

141 2135 237 2180 τες
268 2119 379 2188 γὰρ
410 2120 775 2191 ὑπεδείξαμεν
820 2124 1238 2193 συγγράμματα
1277 2122 1485 2178 ἐκείνου
1537 2124 1715 2193 πολλῷ

139 2210 389 2277 πρότερα
420 2209 530 2262 τῶν
559 2211 870 2281 ἡμετέρων,
904 2213 1148 2266 τείνοντα
1192 2214 1420 2267 κάκεῖνα
1455 2214 1591 2285 πρὸς
1618 2216 1717 2285 τὴν

141 2300 530 2371 προκειμένην
558 2302 741 2373 δίκην,
787 2304 921 2373 πρὸς
956 2303 991 2357 ἀ
1020 2304 1114 2356 καὶ
1164 2304 1441 2357 ἀντέκειτο
1476 2306 1544 2357 τά
1576 2308 1716 2375 ἡμέ-

139 2408 298 2460 τερα.
336 2392 519 2461 Ταῦτα
542 2393 599 2446 δὲ
647 2395 853 2457 ἐκεῖνος
894 2395 993 2463 τῆς
1018 2394 1414 2465 Θεσσαλονίκης
1467 2397 1717 2468 ἀπαίρων

140 2483 437 2551 ἀφανίσας,
471 2484 544 2547 ὥς
571 2502 634 2552 γε
668 2486 820 2555 (octo,
855 2486 948 2538 καὶ
965 2486 1033 2538 τὰ
1081 2487 1198 2555 μετ’
1230 2489 1474 2541 ἐνιαυτὸν
1509 2505 1715 2555 συγγε-

138 2576 446 2645 γραμμένα
490 2577 541 2629 οί
581 2577 719 2646 πρὸς
752 2577 850 2640 τάς
884 2577 973 2647 ὑφ’
1013 2576 1171 2647 ἡμῶν
1201 2580 1490 2647 γεγονυίας
1537 2581 1720 2651 (http-

142 2670 338 2739 ῥήσεις
370 2670 694 2738 προδεικνὺς
723 2669 934 2734 ἐνθάδε,
964 2669 1091 2732 τοὺς
1120 2669 1220 2723 οὐκ
1243 2672 1473 2735 εἰδότας,
1512 2673 1588 2735 ὼς
1616 2672 1718 2726 οὐκ

142 2755 302 2829 ἦρξε,
331 2762 460 2831 ῥᾷον
507 2758 761 2814 ἔπειθεν(
788 2760 952 2814 Ἀλλά
986 2764 1096 2832 γὰρ
1132 2762 1544 2833 άναπεφηνότος
1575 2762 1720 2817 οὕτω

146 2848 324 2917 ῥᾷστα
378 2847 553 2900 δολίου
590 2848 732 2902 κατά
788 2850 950 2904 τοῦτο
994 2852 1087 2904 καὶ
1142 2852 1391 2921 ψευδοῦς,
1444 2851 1572 2905 έπεὶι
1624 2855 1719 2906 καὶ

143 2937 561 3001 Θεσσαλονικεῖς
602 2940 795 3010 ἀνδρες
826 2943 1082 3012 παρῆσαν
1108 2944 1159 2996 οί
1188 2944 1489 3006 συνειδότες
1525 2946 1715 3010 έξεταο

145 3025 383 3097 ζομένης
412 3027 515 3097 τῆς
543 3029 722 3098 ἀρχῆς
752 3030 876 3084 ὅθεν
894 3032 1141 3112 ἀνεφάνη
1168 3034 1276 3104 πρδ
1306 3036 1569 3089 ινιαυτῶν
1598 3054 1719 3091 τετε-

140 3120 351 3189 τὶρων,
388 3120 478 3172 ὅτε
517 3123 651 3191 μηδὲ
679 3123 796 3194 ἡδει
850 3142 968 3187 πως
1014 3125 1223 3195 σχεδὸν,
1257 3128 1361 3181 ποῦ
1406 3129 1506 3199 γῆς
1555 3131 1720 3201 ἡμεῖς

1818 2018 2163 2073 futationem.
2185 2017 2552 2076 Produximus
2584 2015 2731 2070 enim
2756 2024 2811 2069 et
2833 2015 3179 2070 ostendimus
3194 2013 3405 2083 scripta

1819 2107 1966 2161 illius
2004 2107 2213 2161 nostris
2256 2109 2431 2163 multo
2476 2108 2778 2169 anteriora,
2816 2122 2939 2177 quae
2976 2108 3043 2161 ad
3075 2114 3401 2176 praesentem

1818 2195 1968 2251 litem
2005 2199 2333 2261 attinebant,
2367 2206 2422 2251 et
2469 2198 2674 2267 quibus
2718 2208 2908 2253 nostra
2947 2196 3399 2251 obluctabantur.

1821 2290 1925 2346 Sed
1950 2290 2069 2344 illis
2101 2305 2131 2343 a
2176 2288 2567 2345 Thessalonica
2605 2289 2805 2344 ablatis
2837 2299 2891 2343 et
2924 2304 2955 2343 e
2994 2292 3311 2357 conspectu,
3344 2297 3403 2343 ut

1819 2384 2067 2453 putabat,
2105 2382 2414 2448 subductis,
2443 2383 2552 2437 alia
2588 2381 2793 2437 ibidem
2824 2380 3111 2438 substituit
3143 2395 3263 2450 qua:
3289 2394 3401 2435 uno

1818 2485 1942 2544 post
1996 2488 2139 2527 anno
2200 2482 2391 2527 contra
2456 2472 2847 2527 refutationem
2902 2481 3143 2528 nostram
3179 2486 3405 2540 compo-

1820 2575 2020 2628 suerat,
2062 2577 2115 2619 et
2149 2566 2355 2634 ignaris
2397 2564 2556 2619 facile
2576 2566 2930 2635 persuasitse
2968 2564 3402 2619 controversiam

1821 2674 1929 2713 non
1954 2672 2210 2712 exorsum
2232 2672 2377 2712 esse.
2407 2657 2514 2713 Sed
2538 2672 2647 2712 non
2681 2659 2870 2712 minus
2891 2657 3048 2711 facile
3073 2657 3289 2712 detecta
3313 2665 3402 2713 est

1821 2750 1971 2805 fraus
2000 2758 2054 2805 et
2073 2750 2313 2813 lallacia,
2334 2748 2462 2819 quia
2492 2747 3021 2805 Thessalonicenses
3051 2750 3279 2804 aderant
3303 2748 3407 2805 viri

1820 2844 2055 2897 scientes
2094 2844 2379 2911 quaesitam
2421 2841 2690 2912 originem
2717 2842 2959 2907 patuisse
3013 2853 3249 2911 quatuor
3276 2850 3405 2895 ante

1820 2934 2000 3000 annis,
2031 2933 2257 3003 quando
2278 2934 2371 2988 ille
2402 2934 2589 2989 forsan
2616 2935 2895 2989 nesciebat
2920 2934 3009 2988 ubi
3032 2950 3131 2988 nos
3150 2948 3403 2989 essemus

1819 3040 1920 3080 nec
1946 3026 2144 3080 litteris
2168 3041 2413 3095 unquam
2438 3026 2726 3080 nobiscum
2742 3026 3051 3081 collocutus
3083 3036 3203 3085 erat
3230 3042 3244 3078 :
3272 3037 3407 3082 tunc

1822 3120 1990 3185 enim,
2019 3126 2129 3172 tam
2154 3117 2316 3189 longe
2331 3118 2610 3183 anterius,
2636 3118 2904 3174 simulans
2935 3133 2994 3173 se
3026 3119 3261 3187 simplici
3284 3120 3408 3197 cui-

144 3214 340 3281 έσμεν,
391 3213 525 3282 μηδὲ
556 3214 642 3268 διὰ
678 3216 1024 3285 γραμμάτων
1072 3218 1371 3289 ἐτύγχανεν
1420 3220 1715 3292 ὡμιληκὼς

1822 3210 1947 3267 dam
1983 3207 2257 3263 monacho
2278 3223 2487 3264 morem
2522 3223 2731 3278 gerere,
2756 3215 2820 3265 ea
2868 3209 3405 3282 inclioavitquorum

141 3304 305 3371 ἡμῖν,
346 3303 468 3355 τότε
516 3304 622 3374 πρὸ
651 3305 908 3358 τοσούτου
938 3307 1130 3379 χρόνου
1187 3310 1324 3377 πρός
1353 3328 1475 3364 τινα
1522 3312 1631 3366 τῶν
1659 3313 1716 3365 ὲν

138 3395 416 3461 ἁπλότητι
450 3396 795 3462 μοναζόντων
832 3397 1081 3469 ὑπακοὴν
1118 3399 1280 3453 αὐτὸν
1338 3401 1715 3471 ύποὶιρινάμευ

141 3504 259 3554 νον,
300 3491 362 3540 ἐκ
392 3487 585 3541 τούτου
614 3490 713 3553 τὰς
743 3488 917 3553 λαδάς
952 3492 1215 3563 εὑρέσθαι
1261 3492 1370 3546 τῶν
1400 3509 1716 3565 κατηγορη-

144 3581 361 3649 μάτων,
388 3580 462 3641 ὡς
491 3582 585 3634 καὶ
616 3582 644 3635 ό
667 3581 953 3645 συνοδικδς
980 3582 1149 3652 τόμος
1173 3583 1482 3653 καταφανὲς
1507 3584 1719 3639 τίθεται

139 3674 258 3735 τοῖς
291 3672 663 3743 βουλομένοις.
690 3673 837 3745 Πρὸς
876 3673 934 3727 δὲ
960 3676 1075 3739 τοῖς
1106 3675 1423 3745 εἰρημένοις
1447 3675 1529 3740 τίς
1555 3682 1585 3729 ὁ
1610 3677 1718 3731 τῶν

139 3760 319 3828 λόγων
351 3762 571 3832 ἀρχων;
600 3762 699 3833 οὐχ
733 3765 762 3816 ό
792 3764 1136 3833 κατηγορῶν,
1167 3765 1269 3836 οὐχ
1298 3765 1326 3818 ό
1361 3764 1633 3833 ἐγκαλῶν,
1661 3765 1721 3830 ὃς

138 3849 213 3924 ἦν
240 3855 491 3921 φανερῶς
516 3854 678 3918 αὑτός
704 3872 720 3922 ;
748 3854 945 3926 Ἢμεῖς
970 3857 1015 3910 δ’
1037 3858 1099 3911 οὔ
1134 3859 1272 3927 μετά
1304 3858 1479 3929 μῆνας
1506 3860 1717 3931 ἡκομεν

137 3945 307 4010 ἐπτά,
349 3950 773 4019 πατριάρχικοῖς
807 3950 1101 4021 γράμμασι
1140 3952 1561 4020 μετάπεμπτοι;
1597 3954 1721 4017 Πῶς

135 4032 237 4091 οὖν
273 4037 335 4090 οὐ
372 4039 571 4100 παντὸς
611 4038 813 4109 μᾶλλον
839 4041 1098 4109 ἐκφανὲς,
1126 4042 1202 4105 ὡς
1229 4042 1331 4112 οὐχ
1356 4043 1514 4111 ἡμεῖς
1544 4044 1592 4097 οί
1620 4043 1720 4115 τὴν

140 4128 324 4199 ἀρχὴν
353 4129 455 4204 τῆς
493 4129 630 4199 πρὸς
666 4128 830 4184 αὐτὸν
864 4129 1174 4199 ἀντιλογίας
1226 4130 1715 4201 καταδαλλὸμενοι,

1822 3310 2137 3363 accusatur,
2164 3308 2225 3354 ut
2258 3301 2311 3354 in
2338 3300 2493 3355 Actis
2524 3302 2717 3373 synodi
2736 3302 2892 3385 clare
2921 3304 3127 3358 videbit
3151 3306 3405 3375 quisquis

1823 3392 2076 3447 voluerit.
2095 3390 2384 3457 Praeterea,
2402 3391 2527 3461 quis
2542 3392 2932 3447 controversiae
2955 3402 3149 3449 auctor
3174 3396 3193 3448 I
3226 3412 3415 3453 nonne

1822 3493 2131 3549 accusator,
2162 3498 2344 3539 nonne
2378 3484 2766 3541 insimulator?
2798 3486 2947 3556 quod
2972 3488 3087 3559 ipse
3124 3491 3407 3548 evidenter

1778 3610 1779 3613 η
1824 3584 1962 3631 erat.
1992 3575 2102 3630 Nos
2135 3590 2265 3630 vero
2294 3590 2477 3630 nonne
2501 3587 2623 3644 post
2639 3587 2850 3646 septem
2877 3592 3098 3637 menses
3128 3583 3404 3648 venimus,

1822 3666 2150 3737 patriarchae
2167 3667 2365 3723 litteris
2383 3667 2665 3723 accersiti?
2690 3666 2881 3724 Nonne
2904 3670 3070 3742 igitur
3099 3672 3408 3735 clarissimo

1821 3770 1946 3815 ante
1963 3760 2146 3813 omnia
2176 3759 2343 3827 liquet
2362 3774 2467 3815 non
2490 3758 2645 3813 nobi‘s
2665 3757 3017 3816 tribuendum
3043 3776 3163 3817 esse
3185 3764 3404 3819 initium

1823 3856 2220 3927 disputationis
2241 3856 2307 3910 ad
2338 3854 2490 3909 illum
2532 3857 2868 3926 spectantis?
2899 3857 3255 3928 Ccteroquin',
3288 3860 3407 3915 sive

1824 3950 1892 4003 ab
1925 3963 2011 4013 eo,
2047 3948 2163 4001 sive
2198 3962 2226 3999 a
2262 3946 2422 3999 nobis
2444 3954 2635 4000 exorta
2662 3947 2755 4009 sit,
2785 3962 2966 4002 nonne
2993 3947 3085 4002 ille
3112 3950 3287 4020 magis
3321 3952 3405 4003 in-

1829 4038 2139 4109 culpandns
2162 4045 2246 4091 est
2276 4034 2360 4089 vel
2398 4037 2583 4105 potius
2614 4036 2990 4091 exsecrandus
3013 4038 3106 4107 qui
3132 4038 3300 4108 impia
3326 4039 3401 4096 lu-

1833 4136 2023 4203 quitur
2050 4145 2213 4198 quam
2244 4128 2337 4199 qui
2368 4128 2637 4183 duntaxat
2668 4128 2987 4184 inchoavit?

133 4221 203 4274 οὐ
234 4220 341 4291 μὴν
369 4220 485 4273 ἀλλ’
528 4219 627 4273 εἰτ’
660 4223 870 4285 ἐκεῖνος
913 4217 1082 4293 ἦρξεν
1112 4222 1212 4276 εἶθ’
1241 4225 1428 4295 ἡμεῖς,
1455 4226 1483 4279 ό
1512 4225 1791 4291 δυσσεδῶς
1856 4228 2030 4296 λέγων
2072 4224 2308 4295 μάλιστα
2377 4220 2682 4291 μεμπτέος,
2724 4219 2929 4291 μᾶλλον
3004 4220 3061 4274 δὲ
3128 4223 3223 4279 καὶ
3267 4224 3407 4284 ἀπρ-

134 4314 425 4385 τρόπαιος,
459 4314 577 4368 ἀλλ’
610 4315 709 4385 οὐχ
736 4315 925 4378 ἁπλῶς
951 4317 979 4369 ὁ
1005 4315 1174 4385 ἄρξας
1202 4337 1217 4386 ς

216 4412 387 4465 Θεότ.
420 4406 493 4464 Εὖ
520 4410 723 4478 λέγεις.
756 4411 928 4464 Τοῦτο
964 4412 1061 4482 μὲν
1102 4413 1168 4483 δὴ
1202 4415 1294 4470 καὶ
1330 4416 1711 4488 προύργιαιτε.

1899 4416 2085 4470 ΤΙιεοι.
2111 4414 2256 4468 Bene
2296 4412 2557 4481 loqueris.
2594 4410 2646 4465 Id
2683 4411 2902 4480 quidem
2936 4411 3129 4467 melius
3164 4420 3306 4466 esset
3338 4427 3403 4466 ac

134 4521 237 4573 ρον
267 4496 335 4555 ἂν
366 4500 451 4570 εἴη
481 4503 572 4554 καὶ
603 4502 1029 4575 δυσχερέστερον
1075 4506 1267 4580 μαθεῖν
1292 4510 1462 4577 ’δὲμολ
1487 4509 1543 4563 δὲ
1591 4512 1719 4565 οὑκ-

133 4596 216 4650 έτ’
255 4594 743 4664 ἀμφισϐητήσιμον
770 4595 922 4648 οὐδέν
1015 4600 1111 4650 καὶ
1144 4598 1252 4670 γάρ
1280 4600 1452 4668 έγνων
1475 4603 1719 4673 ἀκριὸῶς

137 4684 244 4755 τὴν
273 4685 371 4739 τοῦ
420 4685 612 4754 ἀνδρὸς
648 4685 970 4749 κακοδοξίαν
1025 4689 1146 4757 ὅση.
1186 4690 1422 4760 Μακρᾶς
1466 4691 1522 4745 δὲ
1551 4692 1716 4763 οὔσης

137 4780 241 4831 καὶ
266 4774 623 4843 πολυσχιδοῦς
651 4774 743 4829 καὶ
778 4775 880 4828 ὑπὸ
906 4776 1014 4828 τῶν
1038 4776 1441 4850 διαδεξαμένων
1462 4783 1719 4854 αὐξηθεί-

136 4886 245 4938 σης
278 4868 335 4930 ἐς
368 4867 434 4919 τά
461 4865 719 4936 μάλιστα,
755 4867 977 4936 μεθόδου
1011 4868 1155 4932 τινὸς
1198 4872 1412 4942 δέομαι,
1439 4874 1561 4927 καθ’
1591 4876 1714 4929 ὅσον

133 4954 319 5013 οἷόντε
351 4957 829 5028 συντετμημένης,
863 4959 964 5012 οὐκ
996 4962 1075 5023 είς
1114 4963 1443 5033 κατάληψιν,
1475 4965 1591 5018 ἀλλ’
1633 4969 1717 5028 είς

133 5048 475 5115 διασὰφνβίν
522 5066 583 5101 τε
613 5052 709 5103 καὶ
738 5051 961 5120 ἔλεγχον
1013 5052 1185 5122 αὐτῆς
1264 5056 1357 5107 καὶ
1402 5056 1495 5108 σοῦ
1525 5056 1719 5127 δέομαι

136 5142 219 5213 μὴ
254 5140 463 5199 ἀνεῖναι
514 5143 656 5196 κατᾶ
691 5142 750 5193 τὸ
807 5143 1109 5213 ἐγχωροῦν,
1158 5145 1276 5199 ὁδὸν
1330 5146 1717 5218 ὑφηγήσασθαι

132 5233 419 5302 τοιαύτην,
445 5234 590 5297 ὅπως
618 5234 686 5287 δι’
718 5235 891 5304 αὐτῆς
917 5237 1078 5306 ἡμεῖς
1108 5237 1301 5305 ἰόντες,
1334 5240 1428 5292 καὶ
1466 5239 1540 5304 ὡς
1569 5241 1717 5312 ὅπλῳ

133 5325 504 5395 κυκλούμενοι
556 5326 625 5397 τῇ
680 5327 932 5398 ἀληθεία,
986 5332 1292 5394 πιπτούσας
1351 5332 1569 5405 ὁρῶμεν
1618 5336 1717 5399 τὰς

133 5420 368 5475 ἐκείνων
395 5418 735 5490 λεσχηνείας,
768 5419 1057 5490 ψαλμικῶς
1080 5424 1272 5487 εἰπεῖν,
1303 5424 1365 5476 ἔκ
1392 5442 1450 5477 τε
1478 5427 1573 5479 τοῦ
1607 5427 1719 5481 κλί-

128 5529 261 5573 τους
299 5512 391 5563 καὶ
431 5511 494 5563 ὲκ
525 5510 742 5575 δεξιῶν,
777 5514 909 5581 ἡμῖν
942 5513 997 5564 δὲ
1030 5512 1105 5582 μὴ
1138 5514 1488 5581 ὲγγιζούσ-ας.

210 5605 369 5669 Θεοφ
422 5600 495 5654 Οὐ
522 5601 724 5673 μικρόν
750 5603 865 5655 ἐστι
887 5603 946 5655 τὸ
974 5588 1205 5672 αἴτημα,
1236 5599 1280 5656 ὦ
1309 5604 1572 5673 βέλτιστε,
1604 5604 1714 5673 ἐγώ

127 5713 195 5751 τε
228 5694 454 5747 τοιαῦτα
505 5695 643 5749 ἄττα
692 5694 813 5749 οὔτε
845 5697 1076 5751 συνιδεῖν
1127 5698 1254 5761 ὀξὺς
1307 5697 1431 5750 οὔτε
1478 5698 1713 5764 ἐξειπεῖν

124 5787 329 5849 δεινός.
365 5788 474 5857 Σὴν
502 5786 546 5840 δ’
570 5788 720 5858 ὅμως
754 5788 934 5859 χάριν,
967 5788 1090 5841 ἐπεὶ
1122 5790 1347 5850 καὶτοῖς
1375 5788 1515 5858 ὑπὲρ
1548 5788 1708 5842 δύνα-

127 5899 228 5957 μιν
260 5880 300 5950 ἡ
348 5879 536 5955 ἀγάπη
598 5882 793 5949 πείθει,
854 5882 1147 5951 ἐγχειρεῖν.
1204 5880 1428 5944 σχήσειν
1479 5880 1706 5945 ἐλπίσας

1827 4508 2100 4563 dilIicilius
2132 4506 2378 4569 discere;
2414 4503 2545 4556 mihi
2583 4517 2709 4557 vero
2738 4504 2963 4557 minime
3002 4504 3227 4556 dubium
3279 4512 3398 4558 est:

1829 4599 2103 4669 percalleo
2135 4599 2280 4649 enim
2328 4604 2571 4665 quantus
2608 4596 2677 4648 sit
2731 4594 2891 4647 istius
2941 4594 3041 4646 viri
3081 4608 3256 4647 error.
3291 4593 3399 4665 Qui

1828 4706 1952 4744 cum
1979 4688 2051 4743 sit
2090 4688 2297 4743 multus
2331 4700 2395 4740 ac
2418 4685 2696 4751 multiplex
2729 4691 2785 4738 et
2828 4698 2857 4736 a
2900 4685 3314 4739 successoribus
3346 4686 3399 4737 in

1826 4782 2099 4837 deteriora
2136 4788 2353 4840 auctus,
2403 4777 2660 4831 metltodo
2704 4776 2885 4845 aliqua
2936 4776 3174 4844 indigeo,
3216 4780 3403 4845 quoad

1827 4872 1940 4927 ﬁeri
1974 4880 2149 4941 potest
2204 4869 2454 4942 praecisa,
2510 4882 2619 4921 non
2655 4866 2719 4921 ad
2778 4868 2923 4921 hunc
2983 4867 3399 4937 intelligendum

1824 4964 2066 5038 quidem,
2110 4962 2203 5015 sed
2246 4958 2633 5015 elucidandum
2696 4966 2750 5010 et
2799 4956 3191 5020 refellendum;
3238 4966 3399 5028 teque

1828 5072 1924 5109 oro
1953 5063 2009 5107 ut
2042 5069 2150 5106 non
2204 5052 2448 5113 omittas,
2477 5059 2744 5117 quantum
2793 5057 2970 5117 potes,
3010 5049 3173 5102 talem
3213 5060 3405 5104 οδιυη-

1830 5148 1955 5203 dere
1994 5148 2157 5206 viam,
2190 5159 2295 5212 qua
2326 5158 2426 5197 nos
2456 5142 2825 5206 ambulantes,
2858 5149 2913 5194 et
2941 5142 3100 5210 quasi
3133 5152 3293 5199 scutu
3311 5158 3402 5201 ve-

1826 5244 2004 5299 ritatis
2032 5238 2377 5301 circumdati,
2415 5251 2605 5290 eorum
2640 5235 2827 5290 deliria
2871 5235 3173 5299 videamus,
3208 5246 3269 5290 ut
3297 5234 3402 5292 fert

1825 5336 2089 5405 psalmus,
2122 5332 2369 5386 cadentia
2397 5345 2423 5382 a
2457 5330 2623 5382 latere
2651 5335 2704 5382 et
2737 5342 2770 5382 a
2795 5327 3001 5382 dextris
3022 5368 3037 5393 ,
3071 5331 3137 5382 ad
3173 5345 3274 5385 nos
3305 5346 3405 5387 au-

1826 5441 1930 5484 tem
1966 5442 2072 5482 non
2106 5423 2621 5495 appropinquantia.

1896 5604 2124 5672 Theoplt.
2158 5601 2313 5657 Haud
2340 5616 2534 5671 parum
2564 5611 2651 5655 est
2690 5600 2836 5670 quod
2871 5601 3145 5671 postulas,
3186 5601 3402 5657 charis-

1822 5698 1980 5764 sime,
2016 5710 2190 5764 neque
2214 5711 2314 5765 ego
2345 5704 2453 5750 tam
2500 5695 2791 5764 perspicax
2841 5695 2933 5763 qui
2973 5703 3125 5749 tanta
3178 5695 3399 5765 conspi-

1818 5790 1977 5853 ciam,
2013 5804 2191 5853 neque
2220 5799 2326 5841 tam
2360 5788 2716 5855 disertus-qui
2751 5787 2880 5842 talia
2930 5786 3183 5855 eloquar.
3234 5789 3395 5843 Atta.

1818 5871 1961 5958 inferi,
1994 5896 2114 5938 cum
2162 5895 2326 5949 supra
2400 5880 2542 5935 vires
2592 5878 2813 5953 aggredi
2854 5879 3081 5939 suadeat
3128 5879 3397 5948 cbaritas,
