4104 6322
715 422 823 490 915

1970 430 2341 490 GREGORH
2375 431 2694 492 PALAM£

3851 420 3947 484 916

721 555 948 610 sperans
979 539 1369 596 auxiliaturum
1404 542 1536 596 mihi
1567 543 1732 597 Deum
1759 543 2067 605 clmritatis,
2093 559 2284 612 quem-

2402 546 2733 614 γυλλήπτορα
2785 546 2878 599 τδν
2913 563 3012 617 της
3065 546 3286 615 ἀγάπης
3328 544 3481 604 Θεὸν,
3531 539 3800 611 γνὼμονά
3844 555 3949 593 τινα

720 633 844 687 dam
897 633 1212 704 dogmatum
1260 634 1490 688 indicem
1541 635 1818 688 elaborare
1873 636 2114 688 conabor
2176 652 2284 703 quo

2402 638 2674 705 Ξογμάτων
2723 637 3122 707 ἐξεργάσασθαι
3177 636 3531 705 πειράσομαι,
3561 633 3627 685 δι’
3679 624 3745 683 οῦ
3783 632 3850 683 τά
3897 624 3946 680 εὖ

727 741 857 780 vera
895 742 925 780 a
957 727 1107 780 falsis
1139 728 1370 781 discerni
1413 729 1642 798 possint.
1678 727 1775 782 llic
1816 729 1906 784 tibi
1945 739 2049 782 tam
2088 745 2284 783 conve-

727 819 886 872 niens
927 819 1048 881 erit,
1086 826 1145 872 ut
1178 819 1454 874 adducens
1487 835 1839 890 quascunque
1875 821 2136 883 volueris,
2181 835 2286 873 non

729 910 904 965 solum
959 925 1022 963 ex
1065 927 1241 980 nuper
1271 913 1510 982 agitatis.
1543 913 1637 967 sed
1669 913 1830 967 etiam
1865 926 1928 966 ex
1966 912 2077 966 fere
2111 911 2290 966 omnis

729 1000 828 1053 εει-ί
882 1001 1296 1068 quazstionibus,
1347 1004 1526 1056 discas
1581 1002 1632 1056 in
1689 1005 1939 1057 omnibus
1986 1003 2290 1056 veritatem.

733 1090 884 1146 llaud
923 1109 1145 1161 parvum
1179 1095 1266 1148 ille
1297 1107 1439 1148 esset
1471 1097 1706 1165 signum,
1739 1096 1819 1148 vel
1853 1095 2031 1163 potius
2063 1095 2293 1147 damen-

730 1182 924 1235 stratio
955 1183 1258 1250 praedicata:
1293 1200 1322 1237 a
1355 1186 1509 1238 nobis
1554 1185 1824 1247 veritatis,
1860 1193 1915 1237 et
1950 1186 2154 1237 erroris
2187 1200 2294 1252 quo

730 1275 1047 1327 detinentur
1071 1276 1163 1343 qui
1192 1277 1353 1331 nobis
1383 1279 1758 1331 contradicere
1795 1277 2018 1329 audent.
2052 1278 2107 1329 Si
2149 1276 2292 1328 enim

729 1367 1039 1434 liujusmodi
1073 1370 1272 1421 canoni
1303 1383 1607 1438 repugnare
1651 1369 2014 1423 ostendantur
2051 1368 2167 1420 sive
2196 1382 2288 1420 ve-

729 1466 873 1511 teres
901 1455 1166 1523 heretici,
1201 1459 1315 1513 sive
1347 1462 1438 1529 qui
1482 1460 1639 1513 nobis
1694 1459 1856 1514 hodie
1887 1460 2294 1522 contradicunt.

725 1562 1032 1605 consonare
1070 1565 1198 1603 vero
1227 1559 1344 1605 tum
1375 1566 1496 1622 quae
1547 1552 1695 1606 omni
1734 1561 1999 1621 tempore,
2035 1563 2147 1606 tum
2180 1568 2294 1619 quae

724 1655 754 1692 a
790 1643 946 1695 nobis
979 1651 1225 1698 recenter
1257 1645 1343 1710 pie
1369 1644 1507 1696 dicta
1531 1653 1678 1708 sunt,
1705 1658 1886 1697 nonne
1923 1643 2092 1711 igitur
2123 1645 2297 1699 mani-

726 1731 922 1786 iestum
945 1740 1026 1785 est
1057 1733 1110 1786 in
1139 1748 1244 1802 qua
1275 1742 1433 1802 parte
1465 1743 1760 1803 utrumque
1783 1736 1856 1789 sit
1881 1734 2260 1790 collocandum

722 1823 854 1888 Qua:
878 1826 1026 1878 enim
1055 1835 1184 1880 sunt
1230 1828 1420 1880 eadem
1464 1827 1662 1892 eidem,
1698 1837 1828 1882 sunt
1861 1827 2168 1881 necessario
2203 1842 2292 1881 ea-

722 1915 846 1967 dem
881 1915 1025 1968 inter
1063 1931 1156 1969 se:
1196 1932 1316 1984 ουκ
1347 1926 1530 1970 autem
1572 1918 1861 1971 dissimilia
1891 1918 2297 1972 suntalterutro

723 2004 937 2070 horum,
965 2015 1096 2060 sunt
1126 2015 1179 2061 et
1210 2007 1313 2060 sibi
1338 2007 1572 2062 invicem
1601 2007 1914 2064 dissimilia.
1950 2006 2065 2060 Non
2099 2009 2294 2061 mirum

724 2105 904 2148 autem
961 2097 1126 2160 quod,
1181 2113 1303 2167 qua:
1356 2099 1604 2153 dicturus
1637 2113 1780 2162 sum,
1823 2098 2009 2152 multis
2046 2098 2166 2152 aliis
2201 2111 2298 2152 ex-

724 2186 944 2239 tendam
987 2189 1369 2254 sermonibus;
1412 2189 1556 2242 velut
1589 2191 1734 2242 enim
1769 2189 1933 2243 imam
1972 2189 2212 2244 radicem
2246 2199 2298 2242 et

721 2291 946 2329 causam
982 2279 1226 2332 omnium
1259 2295 1381 2348 quae
1410 2294 1539 2332 vera
1564 2287 1692 2332 sunt
1729 2280 1812 2333 Vel
1853 2278 1986 2334 falsa
2033 2280 2178 2337 circa
2210 2296 2296 2336 res

721 2366 960 2432 divinas,
1001 2385 1149 2424 nunc
1180 2370 1364 2441 eloqui
1395 2371 1630 2425 breviter
1659 2370 1798 2426 volo.

796 2546 977 2600 Theot.
1013 2545 1187 2612 Quam
1228 2547 1535 2617 jucundum
1571 2550 1714 2618 quod
1771 2551 2024 2614 nuntias;
2060 2557 2130 2606 'ne
2181 2569 2297 2605 am-

722 2636 871 2704 plius
907 2639 1088 2692 tardes
1119 2653 1135 2692 :
1174 2641 1394 2710 longum
1436 2641 1584 2695 enim
1617 2641 1732 2696 odit
1765 2643 2052 2698 exordium
2083 2647 2174 2713 qui
2205 2661 2296 2700 ve-

721 2727 1005 2784 hementer
1035 2739 1187 2799 optat
1213 2732 1445 2788 discere.

794 2819 1021 2890 Theoph.
1055 2822 1282 2891 Incipio.
1327 2823 1465 2879 Num
1510 2828 1770 2898 intelligis
1807 2844 1892 2883 res
1930 2829 2146 2883 divinas
2180 2829 2295 2882 ali-

721 2924 830 2978 qua
862 2927 985 2966 esse
1025 2928 1121 2982 per
1149 2929 1210 2969 se
1241 2917 1553 2981 credibiles,
1588 2929 1642 2972 et
1672 2919 1851 2987 aliqua
1893 2921 2145 2988 discipuli
2179 2921 2298 2973 ani-

721 3018 872 3056 mum
931 3005 1234 3060 excitantes
1288 3007 1355 3060 ad
1417 3023 1646 3063 examen
1687 3021 1742 3064 et
1797 3011 2296 3080 investigationem?

2388 731 2598 798 ἐχοντα,
2633 730 2727 783 καὶ
2778 731 2856 800 μὴν
2906 729 3213 798 διακριθείη
3279 729 3364 781 ἄν.
3397 729 3492 788 ’ος
3521 725 3706 794 μέντοι
3740 723 3835 777 καί
3878 724 3950 773 σοὶ

2393 821 2628 886 συνδόξει
2660 820 2832 885 οὕτως
2882 821 3046 890 ἔχειν,
3080 822 3166 874 ἵνα
3203 820 3497 890 προσάγων
3546 816 3688 870 ἄττα
3724 814 3947 884 βούλοιο,

2395 913 2469 984 μὴ
2507 915 2666 984 μόνον
2718 915 2825 966 τῶν
2872 915 2994 984 ἄρτι
3033 913 3382 982 κινηθέντων,
3414 909 3551 963 ἀλλά
3603 907 3813 978 μικροῦ
3872 915 3955 958 καὶ

2393 1008 2502 1059 τῶν
2531 1009 2592 1060 ὲκ
2622 1007 2715 1060 τοῦ
2743 1009 2938 1070 παντδς
2965 1007 3182 1067 αἰῶνος,
3221 1005 3513 1074 μανθάνοις
3544 1003 3601 1055 ὲν
3631 1003 3774 1053 πᾶσι
3806 999 3956 1064 τάλη-

2394 1100 2502 1162 θές-
2531 1101 2604 1152 Οὐ
2641 1101 2835 1168 μικρὸν
2866 1100 2908 1152 δ’
2937 1099 3001 1151 ἂν
3033 1099 3116 1165 εἴη
3148 1098 3243 1150 καὶ
3274 1097 3430 1148 τοῦτο
3461 1095 3768 1162 τεκμήριον
3836 1092 3959 1161 μᾶλ-

2393 1190 2485 1242 λον
2522 1190 2577 1241 δὲ
2619 1190 2894 1252 ἀπόδειξις
2947 1192 3043 1256 τῆς
3096 1206 3155 1241 τε
3201 1189 3291 1253 ὑφ’
3349 1187 3506 1256 ἡμῶν
3543 1183 3958 1254 κηρυττομένης

2395 1281 2654 1350 ἀληθείας
2689 1285 2780 1335 καὶ
2822 1285 2921 1352 τῆς
2957 1280 3433 1351 ἐπιχωριαζούσης
3465 1278 3673 1343 πλάνης
3727 1277 3845 1335 τοῖς
3881 1274 3963 1324 ἀν’

2395 1373 2782 1442 τιλέγεινήμῖν
2816 1375 3296 1444 προαιρουμένοις.
3333 1371 3398 1423 El
3442 1371 3552 1438 γὰρ
3592 1366 3962 1435 ἀναδειχθεῖεν

2396 1464 2472 1533 τῷ
2498 1466 2699 1534 ὁμοίως
2729 1465 2900 1534 ἔχοντι
2937 1465 3123 1520 κανόνι
3162 1465 3231 1517 τά
3263 1480 3322 1514 τε
3365 1461 3474 1514 τῶν
3530 1459 3700 1513 πάλαι
3743 1455 3965 1510 κακοδό-

2399 1555 2502 1618 ξων
2545 1557 2640 1608 καὶ
2694 1557 2760 1608 τὰ
2793 1556 2898 1608 τῶν
2929 1555 3025 1608 νῦν
3072 1557 3206 1622 ἡμῖν
3245 1551 3642 1617 ἀντιλεγόντων
3701 1546 3965 1617 μηδαμῶς

2397 1647 2831 1717 ἐναρμοζόμενα,
2881 1645 3180 1716 ὲναρμόνια
3223 1645 3278 1696 δὲ
3311 1643 3379 1695 τὰ
3418 1642 3478 1704 ἐξ
3530 1641 3728 1700 αἰῶνος
3770 1636 3962 1703 εὖσεδῆ

2399 1742 2492 1790 καὶ
2528 1737 2596 1790 τὰ
2637 1739 2766 1806 παρ’
2795 1738 2928 1806 ἡμῖν
2961 1737 3232 1803 λὲγόμενσ.
3277 1733 3506 1802 ἀρτίως,
3544 1727 3632 1800 ἆρ’
3677 1729 3782 1780 οὐκ
3821 1727 3966 1792 £5511-

2397 1829 2510 1891 λον,
2547 1831 2604 1882 ὲν
2638 1829 2763 1898 ποίᾳ
2801 1829 2966 1897 μοίρᾳ
3005 1827 3288 1890 τετάξεται
3316 1824 3555 1891 ἑκάτερα
3586 1838 3600 1886 ;
3634 1821 3720 1872 Τὰ
3753 1822 3866 1887 γὰρ
3895 1817 3963 1886 τῷ

2401 1919 2548 1986 αὐτῷ
2585 1918 2663 1970 ’τά
2696 1917 2856 1976 αὐτὰ,
2903 1917 2996 1969 καὶ
3050 1915 3303 1982 ἀλλήλοις
3356 1914 3506 1965 ἐστὶν
3558 1911 3876 1976 ἀναγκαίως
3909 1909 3965 1960 τὰ

2401 2011 2542 2064 αὑτά
2613 2009 2684 2063 τά
2733 2012 2980 2080 ὁποτέρῳ
3029 2006 3240 2060 τούτων
3287 2006 3454 2073 ἕτεραι
3506 2004 3602 2056 καὶ
3634 2003 3965 2070 ἀμφοτέροις

2401 2101 2533 2170 ἄρα.
2570 2101 2646 2153 Οὑ
2681 2101 2990 2171 θαυμαστὸν
3025 2099 3102 2161 δὲ,
3144 2099 3195 2150 εί
3224 2097 3293 2149 τὰ
3340 2095 3604 2166 μέλλοντα
3635 2091 3966 2161 ῥηθήσεσθαι

2399 2194 2486 2246 διὰ
2519 2195 2739 2247 πάντων
2789 2211 2879 2261 μοι
2930 2195 3153 2246 τέταται
3185 2190 3293 2244 τῶν
3349 2189 3523 2243 ἀλλων
3567 2187 3745 2251 λόγων
3815 2181 3968 2234 οἱονεὶ

2399 2283 2507 2351 γὰρ
2536 2284 2634 2352 τὴν
2670 2284 2726 2335 ὲν
2755 2281 2832 2351 τῷ
2887 2281 3039 2349 βάθει
3079 2283 3236 2354 ῥίζαν
3288 2281 3382 2332 καὶ
3425 2279 3484 2332 τὸ
3524 2278 3702 2330 αἴτιον
3756 2278 3968 2328 πάντων

2399 2374 2508 2424 τῶν
2537 2375 2772 2442 ἑχόντων
2804 2372 2865 2426 εὖ
2892 2391 2950 2426 τε
2977 2373 3072 2425 καὶ
3104 2373 3175 2441 μὴ
3205 2371 3336 2440 περὶ
3364 2369 3501 2423 Θεοῦ
3533 2368 3847 2438 δογμάτων,
3880 2364 3971 2416 νῦν

2404 2465 2641 2530 ἐκφῆναι
2676 2463 2893 2532 προῄρη
2905 2479 3001 2526 μαι
3036 2461 3516 2527 συΰεπτυγμένως.

2472 2557 2638 2609 Θεότ.
2684 2554 2773 2614 Ὠς
2815 2553 3083 2631 ἐράσμιον
3129 2552 3188 2603 τὸ
3227 2549 3554 2617 ἐπάγγελμα
3639 2545 3838 2613 μηκέτ’
3887 2538 3970 2594 οὖν

2403 2643 2563 2714 μέλλε
2641 2644 2852 2697 πολλῶν
2883 2644 2993 2711 γὰρ
3031 2641 3330 2710 ἀνέραστος
3361 2641 3665 2710 προοιμίων
3695 2640 3723 2692 ὁ
3769 2637 3971 2706 σφόδρα

2397 2756 2450 2793 τι
2489 2738 2668 2790 ποθῶν
2700 2735 2915 2805 μαθεῖν.

2473 2836 2649 2900 Θεοφ.
2683 2833 2793 2884 Καὶ
2823 2831 2886 2898 δὴ
2917 2830 3080 2896 λέγω.
3109 2829 3345 2898 Συνορᾷς
3368 2828 3442 2889 ὡς
3471 2828 3538 2882 τὰ
3560 2830 3661 2897 τῆς
3692 2828 3972 2895 θεολογίας

2399 2925 2512 2976 ἔστι
2579 2924 2676 2992 μὲν
2725 2921 2802 2985 ὣς
2850 2923 3147 2974 αὑτόπιστα
3191 2920 3306 2972 ἐστι
3349 2921 3392 2972 δ’
3421 2919 3496 2981 ὣς
3529 2921 3851 2989 παρακαλεῖ
3889 2922 3975 2972 τὴν

2398 3013 2491 3065 τοῦ
2552 3011 2938 3081 διδασκομένου
2977 3009 3102 3063 νοῦν
3151 3011 3230 3073 είς
3274 3009 3568 3078 ἐπίσκεψιν
3620 3025 3678 3061 τε
3731 3011 3830 3062 καὶ
3865 3009 3974 3076 £56-

2397 3121 2555 3157 τασιν
2583 3122 2596 3169 ;

795 3182 977 3236 Theot.
1014 3183 1212 3238 Eadem
1248 3194 1373 3239 sunt
1417 3185 1699 3240 credibilia
1746 3196 1799 3242 et
1845 3189 1989 3241 non?
2021 3189 2172 3243 Haud
2215 3191 2296 3242 in-

2474 3199 2637 3250 Θεότ.
2670 3195 2751 3250 Τά
2782 3194 2922 3250 αὗτά
2945 3193 3038 3247 καὶ
3078 3193 3246 3247 πιστά
3279 3193 3396 3247 ἔστι
3426 3192 3521 3248 καὶ
3552 3193 3625 3263 μή
3655 3211 3671 3260 ;
3720 3193 3799 3247 Οὐ
3835 3209 3973 3265 μαν-

725 3274 908 3342 telligo
933 3277 1062 3345 quid
1091 3275 1267 3332 dicas.

800 3363 1031 3436 Theoph.
1066 3368 1324 3438 Equidem
1359 3371 1502 3440 quod
1535 3371 1656 3426 dico
1686 3372 1994 3426 elucidabo.

797 3455 979 3512 Theot.
1024 3460 1285 3530 Esplane,
1318 3471 1375 3516 et
1418 3470 1550 3516 tunc
1585 3464 1883 3532 amplectar
1924 3464 2065 3533 quod
2111 3477 2296 3518 verum

726 3551 960 3606 Videbitu
972 3571 1014 3608 r.

805 3647 1031 3713 Tlieoph.
1085 3649 1229 3704 Dixit
1273 3651 1484 3721 Moyses
1528 3668 1556 3706 a
1612 3654 1718 3707 Deo
1746 3653 2018 3706 edoctus:
2061 3669 2079 3701 ι
2135 3647 2296 3714 Audi,

727 3739 935 3794 Israel:
975 3741 1235 3796 Dominus
1275 3743 1413 3799 Dens
1455 3759 1595 3798 unus
1622 3754 1742 3810 est;
1793 3762 1810 3794 ι
1855 3759 2034 3799 nonne
2066 3745 2169 3799 hoc
2203 3760 2298 3813 per

727 3849 788 3888 se
824 3841 908 3887 est
937 3835 1234 3890 credibile?

801 3945 988 4001 ΤΙιεοι.
1021 3945 1096 4000 Ita
1129 3955 1230 4013 est,
1260 3948 1304 4003 si
1338 3948 1476 4003 dicis
1501 3964 1593 4018 per
1618 3963 1676 4003 se
1716 3948 1973 4002 credibile
2007 3949 2149 4017 quod
2179 3949 2302 4003 sine

727 4035 1196 4093 demonstratione
1245 4039 1509 4094 creditur.
1543 4043 1727 4108 Itaque
1752 4041 1984 4109 Moyses,
2011 4048 2300 4108 postquam

726 4126 917 4180 audire
944 4129 1134 4197 jussit,
1175 4129 1386 4184 nullam
1421 4130 1628 4185 addidit
1651 4131 1795 4185 circa
1824 4131 1924 4184 hoc
1953 4131 2303 4184 demonsna-

730 4221 956 4275 tionem.

802 4333 1030 4403 ΤΙικορΙι.
1065 4337 1206 4392 Bene
1238 4339 1454 4409 quidem
1507 4340 1660 4394 fecit.
1713 4339 1781 4394 Ut
1830 4340 1974 4394 enim
2013 4354 2211 4394 sensus
2245 4339 2298 4392 in

729 4426 1086 4483 sensibilibus
1118 4429 1372 4483 rationali
1418 4445 1525 4484 non
1583 4426 1784 4498 indiget
1837 4441 2181 4499 argumento,
2228 4430 2300 4482 ita

732 4531 833 4570 nec
867 4517 999 4570 lides
1064 4517 1116 4571 in
1170 4518 1485 4587 huiusmodi
1529 4520 1731 4588 indiget
1780 4520 2086 4574 ratiocinio.
2127 4521 2304 4586 Quare

2333 4563 2388 4622 D

2407 3289 2554 3341 θάνω
2588 3289 2614 3339 ὅ
2640 3305 2693 3340 τι
2718 3287 2916 3355 λέγεις.

2480 3383 2655 3446 Θεοφ.
2694 3378 2836 3446 Ἐγὼ
2867 3380 2895 3432 ὃ
2925 3381 3068 3447 λέγω
3099 3378 3312 3445 ποιήσω
3338 3375 3595 3445 φανερόν.

2479 3473 2644 3527 Θεότ.
2681 3470 2933 3541 Ποίησον,
2959 3471 3051 3524 καὶ
3078 3471 3199 3522 τότε
3230 3467 3438 3538 συνερῶ
3467 3467 3544 3537 τῷ
3574 3467 3829 3520 δοκοῦντι
3855 3468 3982 3537 ἀλη-

2409 3561 2510 3614 θεῖ.

2481 3652 2656 3720 Θεοφ.
2691 3652 2842 3721 Ἔφη
2871 3649 3130 3718 Μωῦσῆς,
3154 3649 3260 3703 ὑπὸ
3284 3649 3419 3702 Θεοῦ
3445 3648 3655 3720 μαθὼν,
3688 3667 3709 3700 ι
3753 3649 3981 3714 ’Δκουε,

2421 3744 2656 3815 Ἰσραὴλ,
2691 3743 2894 3812 Κύριος
2935 3745 2962 3794 ὁ
2995 3742 3128 3804 Θεός
3162 3757 3254 3794 σου
3287 3741 3491 3810 Κύριος
3519 3739 3601 3802 εἷς
3648 3741 3803 3793 ἐστιν
3882 3741 3982 3794 οὐκ

2410 3835 2738 3888 αὐτὸπιστόν
2767 3835 2884 3885 ἐστι
2915 3833 3074 3885 τοῦτο
3095 3849 3111 3899 ;

2483 3950 2647 4002 Θεότ.
2676 3947 2784 4000 Ναί
2855 3947 3010 4017 εἴπερ
3065 3947 3171 4019 φῂς
3203 3947 3530 4001 αὖτὰπιστον
3560 3946 3620 3999 τδ
3649 3947 3985 4012 πιστευόμεσ

2408 4061 2497 4096 νον
2565 4043 2694 4094 ἀνευ
2760 4038 3118 4102 ἀποδείξεως.
3163 4038 3254 4090 Διὸ
3313 4039 3409 4092 καὶ
3457 4038 3702 4106 Μωῦσῆς
3757 4036 3985 4089 ἀκούειν

2411 4131 2892 4202 ἐγκελευσάμενος,
2955 4128 3054 4184 εἶτ’
3102 4129 3522 4200 ἀποφηνάμενος
3577 4129 3734 4182 οὐδὲν
3793 4129 3986 4181 ἔπειτα

2412 4228 2540 4297 περὶ
2567 4226 2727 4279 αὑτοῦ
2765 4224 3098 4294 προσέθηκε.

2484 4345 2660 4409 Θεοφ.
2698 4339 2894 4400 Καλῶς
2919 4355 2980 4406 γε
3014 4336 3208 4390 ποιῶν.
3255 4336 3344 4399 Ὧς
3367 4335 3475 4403 γὰρ
3508 4334 3767 4404 αἴσθησις
3791 4337 3853 4388 ὲν
3877 4338 3984 4396 τοῖς

2415 4433 2506 4486 ὑπ’
2541 4432 2794 4500 αἴσθησιν
2831 4429 3054 4496 λογικῆς
3079 4429 3138 4481 οὺ
3166 4429 3338 4480 δεῖται
3367 4427 3609 4493 δείξεως,
3655 4425 3839 4489 οὕτως
3871 4427 3985 4480 οὐδὲ

2417 4525 2598 4584 πίστις
2626 4525 2681 4573 ὲν
2728 4523 2840 4582 τοῖς
2869 4520 3133 4580 τοιούτοις
3174 4518 3526 4581 ἀποδείξεως.
3559 4517 3648 4570 Διὸ
3704 4516 3806 4570 καὶ
3856 4519 3984 4584 πρδς

731 4607 953 4663 nonnisi
974 4609 1238 4664 adversus
1260 4611 1578 4665 incredulos
1609 4612 1805 4680 prolixi
1840 4627 2003 4679 super
2028 4611 2123 4666 illo
2155 4622 2297 4666 textu

2411 4618 2534 4678 τοὺς
2567 4617 2829 4675 ἀπίστους
2859 4613 3051 4682 μόνους
3083 4612 3224 4681 ὑπὲρ
3251 4610 3345 4664 τοῦ
3368 4612 3612 4664 τοιούτου
3645 4611 3904 4680 μακροὺς
3930 4611 3984 4663 ἂν

731 4702 1108 4771 proferrentur
1165 4720 1467 4759 sermones.
1537 4707 1642 4760 Sed
1697 4707 1834 4759 idem
1894 4707 2126 4778 Moyses,
2198 4705 2297 4762 Dec

2411 4727 2495 4771 τις
2548 4707 2825 4773 ἐξενέγκοι
2875 4705 3090 4773 λόγους.
3137 4702 3278 4756 Ἀλλ’
3307 4703 3335 4754 δ
3386 4703 3548 4765 αὐτὸς
3603 4703 3860 4772 Μωῦσῆς
3901 4702 3985 4755 καὶ

733 4794 936 4864 pariter
960 4794 1209 4859 docente,
1231 4798 1333 4850 ait:
1362 4798 1654 4851 «Dominus
1674 4798 1810 4867 pluit
1831 4815 1992 4868 super
2013 4801 2297 4853 Sodomarn

2409 4800 2566 4853 τοῦτο
2603 4799 2786 4868 μαθὼν
2820 4797 2923 4847 ὑπὸ
2946 4796 3080 4850 Θεοῦ
3130 4795 3296 4864 φησιν
3338 4795 3414 4858 ὡς
3455 4814 3472 4847 ι
3508 4794 3598 4847 ἐπὶ
3641 4793 3862 4863 Σόδομα
3897 4795 3989 4846 καὶ

734 4895 789 4939 et
819 4885 1185 4941 Gomorrham
1244 4887 1423 4957 ignem
1476 4904 1506 4943 a
1561 4889 1791 4943 Domino
1846 4888 1912 4942 de
1962 4890 2161 4954 coelo‘;
2205 4910 2222 4942 ι
2257 4884 2297 4944 ei

2404 4883 2665 4963 Γόμορρα
2690 4889 2838 4956 παρὰ
2885 4890 3090 4958 Κυρίου
3122 4888 3233 4958 πῦρ
3261 4886 3480 4958 ἔϐρεξεν
3513 4888 3541 4938 ὸ
3570 4885 3776 4956 Κύριος
3809 4887 3871 4954 ἑξ
3903 4887 3989 4938 οὺ-

736 4991 858 5030 cum
896 4977 1058 5033 simul
1100 4979 1201 5048 ipsi
1241 4980 1374 5034 Loth
1409 4981 1460 5033 in
1522 4980 1776 5036 Sodomis
1802 4993 2088 5051 appareret
2127 4983 2309 5035 Domi-

736 5084 864 5133 nus,
894 5071 975 5123 sic
1030 5070 1083 5123 in
1119 5071 1335 5124 duabus
1366 5073 1801 5139 conspiciebatur
1838 5075 2111 5143 personis.
2174 5075 2306 5130 Fide

736 5161 901 5231 igitur
934 5162 984 5217 id
1014 5163 1218 5233 pariter
1241 5166 1564 5234 accipimus.

813 5277 990 5331 Theot.
1020 5278 1132 5331 Cur
1164 5294 1270 5332 non
1291 5278 1475 5344 ?_Quid
1506 5295 1634 5348 ergo
1654 5281 1679 5331 ’ἓ

744 5416 746 5418 ν
815 5394 1042 5463 Τήροριι.
1072 5396 1359 5452 Credimus
1391 5399 1555 5466 igitur
1587 5414 1753 5452 unum
1779 5409 1831 5452 et
1856 5415 1960 5453 non
1997 5418 2160 5454 unum
2190 5418 2310 5456 esse

741 5487 1053 5542 Dominum.
1080 5487 1194 5541 Non
1222 5504 1351 5558 ergo
1375 5490 1489 5557 ipsa
1516 5489 1647 5545 ﬁdes
1676 5506 1775 5544 nos
1813 5493 1954 5560 cogit
1976 5505 2028 5546 et
2059 5493 2312 5548 omnibus

739 5580 989 5649 pracipit
1021 5595 1243 5648 poscere
1265 5590 1319 5634 et
1339 5581 1469 5636 dare
1493 5583 1783 5641 rationem,
1808 5582 1852 5635 si
1879 5582 2000 5650 quis
2030 5586 2310 5654 praecipue

743 5673 798 5728 in
833 5671 919 5726 bis
951 5671 1190 5727 odendat
1219 5676 1513 5744 quzcrendo
1541 5675 1812 5745 quomodo
1839 5692 1981 5730 unus
2018 5679 2087 5732 sit
2119 5688 2170 5733 et
2202 5694 2310 5732 non

818 5848 838 5881 ⁸
868 5845 1006 5906 Gen.
1039 5865 1138 5916 vn,
1171 5849 1225 5905 4.

2417 4983 2604 5056 ρανοῦ,
2645 5003 2663 5036 ι
2699 4983 2792 5034 καὶ
2824 4984 2851 5034 ὁ
2884 4981 3187 5051 τηνικαῦτα
3220 4979 3296 5051 τῷ
3324 4979 3449 5034 Λὼτ
3477 4980 3905 5048 ἐπιφαινόμενος
3935 4983 3989 5031 ἐν

2414 5077 2670 5144 Σοδόμοις
2721 5075 2927 5144 Κύριος
2988 5076 3045 5125 ὲν
3108 5074 3259 5126 δυσὶν
3324 5072 3574 5143 ἐφαίνετο
3644 5074 3987 5142 προσώποις.

2418 5169 2604 5220 Πίστει
2635 5166 2727 5219 οὖν
2759 5166 2852 5217 καὶ
2891 5162 3051 5216 τοῦτο
3082 5163 3349 5232 δεχόμεθα
3378 5164 3600 5233 ὁμοίως.

2488 5283 2652 5336 Θεότ.
2689 5280 2811 5344 Πῶς
2842 5281 2948 5347 γὰρ
2978 5277 3076 5343 οῦς
3110 5277 3174 5330 Τί
3207 5279 3352 5347 μήν;

2489 5398 2660 5463 Θεοφ.
2697 5393 3036 5460 Πιστεύομεν
3060 5392 3122 5462 δὴ
3161 5391 3254 5442 καὶ
3285 5392 3365 5442 ὅτι
3390 5407 3467 5452 εις
3500 5391 3591 5443 καὶ
3615 5392 3696 5443 ὅτι
3724 5393 3826 5461 οὐχ
3866 5391 3990 5456 εἷςό

2419 5489 2639 5557 Κύριος.
2673 5489 2787 5539 Οὐκ
2817 5487 2949 5551 αὑτὴ
2975 5481 3067 5539 οῦν
3101 5485 3133 5554 ἡ
3168 5482 3352 5544 πίστις
3391 5483 3641 5550 βιάζεται
3677 5484 3855 5552 ἡμᾶςν
3897 5487 3990 5536 καὶ

2420 5582 2732 5632 παντάπασι
2785 5578 3159 5631 διακελεύεται
3192 5576 3377 5639 ζητεῖν
3415 5577 3509 5625 καὶ
3547 5574 3750 5634 δεδῦεειι
3792 5577 3988 5639 λόγον,

2417 5676 2574 5736 εἴτις
2613 5673 2845 5743 μάλιστα
2883 5671 3032 5740 παρά
3063 5670 3129 5722 τὰ
3170 5667 3374 5722 τοιαῦτ’
3404 5667 3730 5737 ἐπηρεάζει,
3764 5667 3889 5733 πῶς
3917 5661 3992 5730 εἷς
