4104 6322
173 365 275 431 917

1501 340 2035 413 ΤΗΕΟΡΙΙᾹΝΕΞ.

3301 340 3421 403 9ιὸ

174 480 270 535 καὶ
302 479 416 543 πῶς
468 478 563 549 οὐχ
621 472 723 537 εἷς,
761 473 848 526 ἵνα
904 471 979 541 μὴ
1028 470 1218 523 ἄτοποί
1256 484 1397 530 τινες
1450 461 1601 537 ὦμεν
1649 466 1742 519 καὶ

1855 481 1995 520 unus
2020 481 2032 517 :
2056 478 2122 517 ne
2149 460 2298 519 stulti
2329 461 2503 515 simus
2533 467 2586 513 et
2638 456 3044 527 nobismetipsis
3064 456 3119 511 in
3145 456 3431 514 sentiendo

175 572 313 640 ἡμῖν
341 570 522 629 αὐτοῖς
548 564 720 627 οὔτως
749 561 1090 616 ἀνακόλουθα
1116 558 1432 623 δοξάζοντες
1462 558 1558 611 καὶ
1584 556 1750 626 φθεγ-

172 664 424 732 γόμενοι.

249 753 415 805 Θεότ.
448 750 596 803 Πάνυ
652 746 751 816 μὲν
784 739 894 798 οῦν.
929 742 1007 797 Οὐ
1062 741 1169 810 γὰρ
1207 740 1332 803 τοὺς
1380 739 1508 808 περὶ
1541 740 1747 791 ἀκατα-

172 844 387 911 λήπτου
440 841 630 905 λόγους
662 835 1064 898 ἀνθυπενέγκαι
1104 849 1188 891 τις
1245 831 1310 882 ἂν
1362 830 1470 881 τῶν
1512 824 1569 880 εὖ
1602 845 1748 898 φρο-

173 933 414 987 νούντων
458 930 533 999 τῷ
558 925 949 995 πυνθανομένῳ
972 924 1086 985 πῶς
1107 921 1252 973 τοῦτ’
1275 921 1422 974 ἐστὶν
1448 920 1705 987 ὁπότερον
1730 934 1743 949 ·

174 1028 299 1079 ἐπεὶ
335 1025 409 1094 μὴ
464 1022 563 1092 τὴν
602 1019 872 1087 ἑκατέρου
927 1012 1382 1083 πολυπραγμονεῖ
1428 1012 1607 1066 αἰτίαν
1649 1012 1747 1079 τῆς

174 1115 487 1183 ὑπάρξεως,
536 1110 673 1166 ἀλλὰ
721 1109 820 1179 τὴν
868 1108 1100 1176 ϐατέρου
1148 1106 1284 1175 πρὸς
1344 1104 1572 1173 θάτερον
1633 1103 1749 1156 δια-

172 1208 372 1277 φοράν.

248 1301 425 1367 Θεοφ.
465 1295 715 1365 Ἀγαμαί
748 1310 806 1345 σε
849 1291 952 1360 τῆς
992 1289 1285 1348 συνέσεως,
1334 1288 1423 1339 Ἐν
1454 1285 1584 1353 γοῦν
1625 1286 1747 1346 ταῖς

171 1389 455 1449 τοιαύταις
484 1387 732 1446 διπλόαις
755 1384 851 1451 τῆς
881 1380 1162 1447 θεολογίας
1198 1380 1397 1447 μικροῦ
1449 1380 1628 1429 πᾶσαν
1654 1392 1750 1426 πο-

175 1480 353 1547 w;in
408 1478 622 1545 αἰρεσιν
688 1474 1005 1541 κινηθεῖσαν
1053 1473 1181 1534 ίδοις
1238 1471 1324 1525 ἂν.
1374 1470 1515 1524 Ἀλλ’
1554 1474 1581 1521 6
1643 1469 1743 1537 μὲν

170 1567 467 1628 ἀποδιδοὺς
513 1568 603 1619 τὸν
636 1566 795 1632 λόγον
848 1564 1044 1626 οὕτως,
1078 1564 1153 1626 ὼς
1205 1565 1495 1633 ἀμφότερα
1555 1562 1745 1624 πιστὰ,

173 1659 346 1729 μηδὲν
379 1653 541 1729 ἦττον
574 1657 605 1726 ἢ
640 1658 907 1727 πρότερον
966 1656 1236 1720 σώζεσθαι
1272 1658 1336 1708 τὰ
1383 1657 1547 1725 μέρη,
1595 1653 1749 1705 εὐσε-

172 1752 278 1821 εής
368 1753 396 1802 6
438 1750 493 1801 δὲ
532 1749 612 1818 τῷ
665 1750 838 1820 ἑτέρῳ
881 1748 1020 1799 κατὰ
1067 1747 1162 1800 τοῦ
1202 1748 1392 1815 ἑτέρον
1442 1745 1745 1815 χρώμενος,

169 1841 442 1910 ὁποιῳοῦν
476 1844 571 1893 καὶ
601 1838 1003 1909 ὁπηδηποτοῦν,
1038 1838 1305 1906 δυσσεϐὴς
1333 1837 1364 1906 ἢ
1397 1836 1493 1890 καὶ
1523 1835 1745 1905 ἀσεϐὴς,

190 1934 319 1985 (ατὰ
342 1931 501 1998 λόγον
533 1931 634 1997 τῆς
670 1931 1039 2000 προκειμένης
1066 1929 1303 1991 ἑκάστης
1340 1926 1674 1988 ὑποθέσεως.

246 2023 417 2075 Θεότδ
450 2021 681 2089 Ποίησον
718 2022 813 2075 καὶ
843 2019 988 2071 τοῦθ’
1018 2018 1045 2071 ὃ
1076 2019 1278 2085 λέγεις,
1302 2018 1437 2086 πρὸς
1462 2015 1619 2082 Θεοῦ,
1657 2033 1750 2069 σα-

183 2168 195 2179 _
214 2114 461 2180 ἐστερον.

244 2206 422 2270 Θεοφ.
459 2203 566 2255 Καὶ
594 2202 655 2270 δὴ
695 2202 850 2254 ποιῶ.
895 2202 1007 2262 Πᾶς
1041 2200 1138 2268 μὲν
1163 2201 1190 2251 ὀ
1219 2199 1327 2251 τῶν
1354 2197 1528 2265 ἁγίων
1557 2197 1745 2266 ὅμιλος

175 2297 440 2363 Πατέρων
465 2295 559 2346 ἕνα
586 2289 739 2346 εἶπον
787 2294 878 2345 τὸν
907 2292 1040 2344 Θεὸν
1071 2292 1212 2344 κατὰ
1236 2292 1334 2360 τὴν
1358 2291 1567 2353 οὐσίαν,
1598 2290 1749 2357 τρεῖς

164 2384 263 2436 τὸν
295 2384 391 2436 ἕνα
426 2385 569 2436 κατὰ
597 2386 695 2446 τὰς
735 2384 1063 2444 ὑποστάσεις
1140 2382 1273 2434 ἄλλο
1309 2382 1405 2449 μὲν
1452 2380 1617 2449 οὔσης
1647 2381 1749 2449 τῆς

168 2474 553 2537 ὑποστάσεως,
581 2475 673 2528 καὶ
703 2475 832 2528 ἄλλο
867 2477 962 2543 τῆς
989 2474 1200 2539 οὐσίας,
1232 2474 1307 2535 ὡς
1339 2472 1467 2526 ἄλλο
1497 2473 1589 2524 καὶ
1618 2471 1749 2524 ἄλλο

170 2563 556 2632 σημαινούσης
583 2564 851 2633 ἑκατέρας,
922 2565 1193 2615 ἁκτίστων
1221 2562 1275 2614 δὲ
1304 2562 1397 2613 καὶ
1427 2561 1748 2630 ἀχωρίστων

168 2657 355 2710 οὐσῶν
388 2658 635 2727 ἀλλήλων
662 2659 988 2728 ἀμφοτέρων
1020 2661 1111 2712 καὶ
1141 2658 1250 2710 τῶν
1278 2658 1628 2710 ὑποστάσεων
1656 2657 1749 2709 καὶ

166 2753 271 2818 τῆς
312 2750 520 2815 οὐσίας,
571 2749 715 2804 οὕτω
768 2755 1106 2820 τηρήσαντες
1156 2751 1455 2802 ἀσάλευτον
1503 2749 1596 2801 καὶ
1650 2748 1748 2818 τὴν

169 2842 253 2902 εις
299 2842 507 2911 Τριάδα
545 2846 638 2895 καὶ
671 2842 771 2911 τὴν
820 2844 899 2904 εἰς
957 2842 1256 2912 μοναρχίαν
1308 2842 1509 2894 πίστιν.
1543 2839 1748 2891 Σαϐελ-

167 2932 285 2994 λιος
312 2934 367 2984 δὲ
399 2933 643 3000 τριῦεἲαν
666 2934 1056 3005 κατηγορήσας
1084 2934 1192 2985 τῶν
1218 2933 1361 2984 οὕτω
1388 2930 1744 2996 δοξαζόντων,

167 3025 338 3085 αὐτὸς
368 3025 445 3086 εἰς
481 3025 540 3077 ἒν
571 3026 637 3077 τὰ
672 3025 797 3091 τρία
834 3024 1166 3092 συναλείψας
1195 3024 1283 3077 διὰ
1316 3022 1408 3075 τοῦ
1452 3021 1653 3074 ἐνιαίου
1687 3020 1747 3071 τὸ

171 3116 457 3183 τριαδικὶν
508 3117 685 3168 ἀνεῖλε
719 3116 819 3184 τῆς
856 3117 1111 3183 Οεῧτητος

169 3208 414 3277 Γραςςῶν
449 3209 573 3270 τοὺς
623 3212 750 3280 περὶ⁵
807 3209 1034 3278 μονάδος
1082 3208 1276 3277 λόγους
1328 3204 1746 3274 συλλεξάμενος,

172 3292 287 3351 οἷον
324 3315 343 3348 ι
402 3298 542 3364 Ἐγὼ
572 3298 705 3359 Θεὸς
737 3299 973 3367 πρῶτος,
1009 3298 1103 3349 καὶ
1136 3298 1247 3365 ἐγὼ
1282 3296 1423 3366 μετὰ
1455 3295 1629 3349 ταῦτα
1659 3294 1752 3345 καὶ

171 3390 255 3452 είς
287 3388 378 3441 τὸν
402 3390 576 3441 αἰῶνα
608 3390 755 3457 λέγει
800 3389 1029 3458 Κύριος,
1062 3389 1244 3442 καὶτὸ
1281 3387 1412 3457 παρ’
1462 3384 1628 3438 αὐτοῦ
1658 3382 1751 3435 τοῦ

171 3483 385 3551 Κυρίου
407 3484 464 3535 ἐν
483 3483 835 3551 Εὐαγγελίοις
864 3482 1173 3555 εχίρημένον·
1188 3500 1206 3533 ι
1230 3480 1370 3549 Ἐγὼ
1393 3481 1489 3533 καὶ
1506 3481 1534 3532 6
1563 3477 1753 3545 Πατὴρ

173 3572 233 3626 ῖξν
270 3577 465 3642 ἐσμεν,
501 3593 518 3625 ι
552 3576 648 3627 καὶ
675 3575 778 3629 ὅσα
805 3575 1022 3637 τούτοις
1057 3572 1441 3641 παραπλήσια,
1479 3566 1756 3638 προύϐάλ-

1189 3115 1288 3168 καὶ
1333 3116 1397 3167 ὲκ
1427 3113 1535 3165 τῶν
1582 3112 1744 3183 ἱερῶν
1769 3128 1814 3186 c

1852 570 1916 611 ac
1945 554 2181 610 dicendo
2211 559 2615 607 contraeuntes.

1905 732 2105 791 .Theot.
2166 730 2399 800 Optime.
2435 728 2550 797 Non
2578 727 2724 783 enim
2779 726 3431 797 incomprehensibilith

1851 825 2037 879 verbis
2066 823 2422 893 responderet
2457 822 2657 891 aliquis
2700 824 3012 874 benesanus
3066 819 3429 887 interroganti

1851 914 2127 984 quomodo
2186 914 2408 968 illorum
2443 913 2772 975 alterutrum
2808 912 2906 973 sit,
2941 910 3144 979 quippe
3180 923 3287 961 non
3322 908 3433 961 sci-

1851 1004 2068 1060 scitanti
2129 1021 2228 1059 cur
2276 1013 2570 1074 utrumque
2628 1003 2722 1069 sit,
2792 1003 2885 1058 sed
2946 1003 3001 1055 in
3059 1016 3169 1071 quo
3220 997 3431 1053 differat

1854 1097 2087 1151 alterum
2116 1097 2191 1150 ab
2231 1095 2431 1150 altero.

1927 1272 2159 1339 Tlteoph.
2193 1272 2360 1325 Miror
2392 1280 2539 1325 tuam
2570 1267 3009 1337 intelligentiam.
3036 1265 3092 1320 ‘.n
3123 1264 3435 1332 bujusmodi

1850 1365 1995 1429 enim
2042 1364 2312 1432 ambiguis
2380 1366 2489 1415 fere
2538 1375 2755 1415 omnem
2804 1360 2963 1413 sitam
3014 1373 3136 1410 esse
3186 1356 3436 1409 haeresim

1851 1452 2061 1508 videas.
2118 1454 2222 1507 Sed
2261 1453 2353 1521 qui
2409 1453 2676 1506 rationem
2731 1454 2804 1504 ita
2842 1451 3038 1514 reddit,
3086 1462 3146 1506 ut
3201 1450 3437 1503 duorum

1852 1543 2252 1599 credendm‘um
2309 1551 2544 1610 utraque
2603 1557 2733 1610 pars
2782 1555 2891 1603 nec
2937 1541 3062 1609 plus
3108 1556 3207 1595 nec
3257 1542 3441 1593 minus

1853 1643 2188 1695 asservetur,
2213 1635 2338 1702 pius
2367 1645 2485 1698 est;
2512 1633 2608 1702 qui
2632 1648 2762 1687 vero
2795 1648 2959 1686 unam
2991 1639 3180 1686 contra
3212 1630 3439 1684 alteram

1853 1732 2082 1792 usurpat
2108 1724 2483 1792 qualicunque
2521 1732 2575 1777 et
2606 1721 2850 1791 quolibet
2878 1724 3066 1785 modo,
3093 1720 3445 1789 irreligiosus

1852 1827 2020 1872 estet
2055 1818 2255 1886 impius
2311 1826 2557 1884 respectu
2621 1814 2908 1884 utriusque
2960 1814 3256 1883 propositae
3289 1829 3441 1883 quur

1853 1909 2080 1964 stionis.

1924 1998 2106 2053 Theot.
2136 1998 2294 2065 Quod
2336 1998 2440 2062 ais,
2475 1997 2584 2063 fac,
2621 2012 2829 2067 quaeso,
2862 1997 3092 2051 clarius.

1926 2173 2154 2241 Thcoplz.
2182 2173 2370 2229 Facio.
2392 2174 2658 2229 Universa
2678 2184 2995 2229 sanctorum
3026 2171 3251 2225 Patrum
3282 2172 3453 2226 turba

1850 2266 2108 2321 dixerunt
2143 2264 2316 2321 Deum
2358 2280 2484 2320 esse
2512 2279 2683 2318 unum
2712 2264 2980 2326 essentia,
3008 2271 3063 2316 et
3092 2272 3204 2317 tres
3242 2260 3293 2315 in
3334 2276 3443 2317 uno

1852 2372 2117 2427 personas
2150 2376 2165 2412 :
2192 2371 2315 2410 cum
2343 2356 2488 2411 aliud
2519 2356 2589 2409 sit
2617 2370 2874 2422 persona,
2910 2353 3056 2407 aliud
3079 2354 3342 2417 essentia,
3372 2354 3446 2407 si—

1853 2450 2070 2517 quidem
2105 2448 2250 2501 aliud
2286 2458 2335 2502 et
2371 2447 2520 2501 aliud
2551 2457 2781 2515 utraque
2806 2445 3103 2515 signiticat;
3130 2459 3442 2516 quanquam

1851 2532 2091 2585 increata
2111 2540 2163 2583 et
2187 2531 2456 2583 immensa
2484 2536 2613 2583 sunt
2632 2530 2814 2595 ambo,
2836 2538 3085 2598 persena:
3107 2528 3360 2582 videlicet
3381 2543 3459 2583 ac.

1850 2622 2108 2676 essentia.
2135 2619 2200 2674 Et
2226 2622 2306 2676 sic
2328 2623 2713 2674 inconcussam
2748 2629 3043 2674 tenuerunt
3070 2619 3228 2673 ﬁdem
3262 2618 3315 2673 in
3350 2621 3447 2674 tri-

1851 2714 2075 2768 nitatem
2102 2715 2372 2783 tidemque
2398 2715 2452 2767 in
2482 2714 2772 2767 unitatem.
2796 2712 3071 2767 Sabellius
3123 2727 3256 2767 vero
3300 2711 3446 2766 bane

1851 2806 2459 2885 Trinitiuisdoctrinam
2482 2805 2916 2874 reprehendens,
2947 2813 3001 2857 et
3044 2803 3147 2857 tria
3184 2804 3236 2857 in
3272 2817 3441 2857 unum

1849 2897 2231 2963 confundens,
2289 2896 2592 2949 divinitatis
2656 2895 2957 2948 trinitatem
3015 2908 3112 2963 per
3174 2892 3460 2946 unitatem.

1850 2991 2110 3055 abstulit;
2147 3005 2176 3042 e
2201 2986 2613 3057 Scripturisque
2645 2987 2823 3040 sacris
2851 2994 3029 3039 textus
3055 2984 3319 3039 unitatem
3357 2984 3444 3037 in-

1858 3091 2091 3137 nuentes
2136 3080 2424 3149 colligens,
2460 3090 2518 3134 ut
2544 3080 2689 3134 hunc
2722 3094 2735 3131 :
2770 3096 2790 3129 ι
2818 3069 2929 3146 Ego
2957 3077 3101 3131 Deus
3129 3078 3359 3145 primus,
3390 3086 3453 3130 et.

1855 3189 1957 3243 ego
1988 3182 2109 3242 post
2148 3174 2264 3226 haec
2291 3182 2347 3225 et
2389 3171 2441 3224 in
2478 3181 2772 3234 aeternum,
2796 3170 2930 3223 dicit
2961 3170 3224 3223 Dominus
3246 3169 3287 3233 ';
3335 3185 3351 3218 ι
3388 3176 3448 3222 et

1856 3266 1999 3322 istud
2027 3264 2200 3332 ipsius
2239 3261 2456 3315 Domini
2485 3263 2537 3315 in
2564 3260 2874 3329 Evangeliis
2893 3258 3119 3315 effatum
3156 3276 3170 3311 :
3208 3276 3227 3317 ι
3259 3258 3372 3328 Ego
3392 3265 3453 3312 et

1855 3359 2015 3413 Pater
2045 3371 2212 3409 unum
2233 3370 2481 3417 sumus”
2506 3362 2559 3408 et
2579 3353 2836 3421 qualibet
2868 3351 2956 3409 bis
2986 3351 3191 3405 similia
3220 3349 3449 3419 objicie-

1858 3449 1951 3504 bat
1980 3449 2435 3505 in'testitnonium
2468 3445 2536 3499 ad
2568 3444 2929 3498 auferendam
2955 3456 3313 3512 personarum
3342 3440 3446 3494 tri-

1856 3542 2105 3596 nitatem.
2132 3541 2323 3596 Nonne
2342 3540 2422 3594 sic
2443 3538 2575 3592 facit
2594 3535 2864 3591 Sabellius
2892 3533 3095 3604 et‘ejus
3117 3534 3457 3588 sectatores!

174 3682 299 3719 Ite-co
332 3668 468 3737 πρὸς
506 3669 814 3737 μαρτυρίαν
869 3670 947 3731 εἰς
981 3666 1267 3735 ἀναίρεσιν
1318 3664 1414 3719 τοῦ
1450 3658 1734 3733 τριαδικοῦ
1774 3656 1884 3711 τῶν
1934 3654 2320 3709 ὐποστάσεων.
2388 3653 2502 3722 Οὐχ
2560 3650 2703 3705 οὕτω
2761 3649 2912 3704 ποιεῖ
2967 3646 3267 3711 Σαϐέλλιος
3349 3650 3447 3702 καὶ

170 3761 289 3811 ’ἓσοι
321 3758 442 3811 κατ’
472 3760 637 3812 αὐτόν
659 3776 676 3826 ;

247 3857 417 3909 Θεότ.
450 3855 611 3907 Τοῦθ’
652 3853 795 3908 οὕτω
833 3853 1033 3917 πάντες
1074 3854 1255 3923 ῐσμεν.

250 3948 431 4012 Θεοςρ.
466 3943 638 4011 Κάγὼ
666 3943 754 3995 διὰ
784 3943 845 3996 τὸ
888 3944 1054 3997 πᾶσιν
1107 3938 1245 3996 εἶναι
1287 3941 1445 3995 τοῦτο
1496 3942 1732 4012 φανερὸν

170 4037 481 4106 σαφηνείας
542 4038 707 4089 ἕνεκα
763 4040 1104 4105 προήνεγκε.
1148 4036 1220 4087 Σὺ
1276 4037 1384 4105 γὰρ
1414 4035 1539 4098 τοὺς
1584 4033 1750 4088 αὐτοῦ

167 4124 449 4184 τοιούτους
496 4123 690 4189 ).ό,ους
738 4126 1109 4194 προσαγαγὼν
1157 4124 1231 4192 τῷ
1265 4124 1503 4193 γνώμονι
1532 4124 1633 4193 τῆς
1666 4125 1753 4176 πί-

172 4210 371 4277 στεως,
407 4213 465 4275 ὃς
499 4212 593 4265 καὶ
643 4212 739 4264 ἕνα
773 4214 864 4264 καὶ
914 4212 1042 4282 τρία
1070 4212 1217 4278 λέγει
1264 4212 1355 4265 τὸν
1402 4212 1565 4264 αὐτὸν
1594 4212 1748 4275 Θεὸν,

169 4284 485 4366 ἐξελέγξεις
518 4299 748 4353 ἄπιστόν
776 4317 835 4351 τε
868 4302 960 4352 καὶ
994 4299 1307 4362 κακόδοξον,
1337 4297 1413 4361 ὡς
1446 4298 1507 4349 τὸ
1542 4298 1751 4365 τριαδι-

170 4388 272 4444 κδν
304 4388 629 4457 ἀναιροῦντα
657 4387 754 4440 τοῦ
788 4389 903 4451 ἐνὸς
932 4388 1089 4451 Θεοῦ,
1123 4390 1219 4440 καὶ
1248 4387 1374 4449 τους
1404 4388 1496 4439 ὑπ’
1536 4388 1747 4439 ἐκείνου

174 4478 335 4547 παρὰ
390 4476 547 4529 τοῦτο
570 4476 867 4537 πολυοέους
897 4477 1323 4544 λεγομένουςὼς
1351 4476 1593 4538 εὐσεϐεῖς
1622 4478 1752 4528 ἁνα-

171 4572 439 4643 κηρύξεις
469 4573 561 4624 καὶ
596 4572 845 4634 πιστούς.
877 4572 1097 4639 Ἀρειος
1144 4570 1199 4622 δὲ
1234 4571 1325 4621 καὶ
1378 4570 1541 4632 αὐτὸς
1584 4570 1752 4621 πολυς-

172 4664 337 4725 θέους
385 4664 562 4731 λέγων
614 4663 742 4723 τοὺς
780 4662 910 4732 τρία
961 4662 1220 4727 λέγοντας
1273 4663 1340 4714 τὰ
1392 4662 1646 4725 ἄκτιστα,
1696 4660 1752 4713 ἓν

172 4756 436 4811 ἄκτιστον
468 4751 608 4808 εἶναι
644 4752 1017 4807 διεϐεϐαιοῦτο
1044 4754 1134 4806 τὸν
1180 4753 1429 4823 Πατέρα,
1461 4754 1559 4815 τὰς
1589 4753 1754 4815 ἄλλας

174 4846 510 4907 ὑποστάσεις
535 4848 615 4908 εἰς
650 4844 859 4915 κτίσμα
886 4844 1208 4910 κατασπῶν,
1239 4848 1330 4898 καὶ
1359 4846 1480 4906 ταῖς
1508 4843 1615 4899 ἀπὸ
1644 4844 1755 4896 τῶν

172 4935 417 5008 Γραφῶν
452 4936 804 5006 μαρτυρίαις,
845 4938 967 4989 ὅσαι
1010 4937 1309 5005 παριστᾶσι
1355 4938 1454 5007 τὴν
1491 4938 1755 5006 διαφορὰν

173 5029 290 5082 τῶν
321 5028 693 5091 ὐποστάσεων,
744 5024 857 5081 οἷον
894 5046 912 5079 ι
944 5029 972 5079 6
1006 5030 1195 5098 Πατήρ
1251 5046 1352 5099 μου
1403 5029 1605 5097 μείζων
1650 5030 1752 5099 μού

170 5121 319 5183 ἔστι,
343 5138 360 5169 ι
383 5120 497 5183 καὶ,
522 5121 621 5171 (Ἃ
648 5120 856 5190 ηκουσα
883 5121 1034 5190 παρὰ
1064 5119 1158 5172 τοῦ
1178 5122 1390 5191 Πατρός
1425 5139 1549 5190 μου,
1581 5120 1754 5173 ταῦτα

174 5209 350 5277 λαλῶ,
398 5229 417 5262 ι
454 5214 549 5264 καὶ
573 5213 673 5265 ὅσα
711 5211 919 5275 τούτοις
945 5213 1329 5284 παρππλήσια,
1368 5214 1755 5267 διαστέλλοντα

174 5306 273 5355 καὶ
312 5303 597 5355 δεικνύντα
650 5303 749 5373 τὴν
785 5305 914 5372 μίαν
958 5305 1056 5372 τῆς
1090 5305 1343 5373 θεότητος
1373 5306 1576 5375 πηγὴν,
1616 5306 1751 5359 ταύ-

175 5409 302 5452 ταις
341 5392 524 5445 τοίνυν
573 5393 682 5446 ἀπὸ
727 5395 836 5446 τῶν
887 5395 1047 5464 ἱερῶν
1092 5396 1325 5463 Γραφῶν
1354 5399 1749 5465 ἑρανισὰμενος

179 5480 388 5549 ἐχρῆτο
416 5484 556 5533 κατὰ
581 5482 686 5533 τῶν
710 5482 952 5545 εὐσεϐῶς
970 5483 1067 5552 τὴν
1096 5484 1257 5551 ἁγίαν
1282 5485 1490 5556 Τριάδα
1517 5502 1754 5553 προσκυ·

172 5571 436 5627 νούντων.
471 5574 541 5625 Σὺ
566 5572 659 5627 οὖν
700 5575 811 5631 καὶ,
836 5575 962 5628 τοὺς
1003 5576 1217 5643 Ἀρείου
1252 5578 1447 5646 λόγους
1490 5577 1569 5649 τῷ
1604 5580 1753 5650 αὐτῷ

265 5755 283 5782 ²
332 5746 437 5801 lsa.
487 5760 593 5814 xu,
625 5747 677 5800 4.
755 5748 775 5779 ³
807 5748 963 5803 Joan.
1011 5764 1121 5815 XIV,
1178 5750 1269 5805 28.

1349 5751 1369 5783 ⁸
1400 5750 1557 5807 Joan.
1592 5768 1678 5822 xv,
1712 5753 1800 5809 15.

1930 3841 2116 3896 Theot.
2151 3840 2209 3895 Id
2241 3854 2431 3894 omnes
2461 3837 2692 3893 scimus.

1925 3934 2133 4004 Theoph
2182 3933 2235 3987 ld
2256 3932 2531 4001 equidem,
2562 3940 2749 3995 utpote
2774 3929 3036 3985 omnibus
3065 3928 3445 4001 manifestum,

1851 4027 2117 4081 claritatis
2148 4041 2312 4079 causa
2342 4023 2565 4093 protuli.
2594 4020 2672 4075 Tu
2704 4023 2850 4075 enim
2886 4023 3025 4077 tales
3053 4022 3199 4078 illius
3228 4038 3444 4094 sermo-
3482 4048 3485 4051 η

1852 4134 1952 4175 nes
1978 4119 2266 4173 conferens
2289 4132 2412 4170 cum
2448 4113 2571 4170 fidei
2594 4113 2794 4179 indice,
2820 4115 2914 4184 qui
2942 4129 3111 4169 unum
3146 4129 3210 4169 ac
3238 4116 3449 4171 trinum

1856 4212 1987 4266 dicit
2018 4210 2268 4264 eumdem
2306 4208 2499 4273 Deum,
2540 4222 2807 4276 agnosces
2846 4222 2968 4261 eum
3001 4222 3029 4259 a
3073 4206 3175 4261 fide
3202 4222 3446 4278 sanaque

1859 4302 2108 4355 doctrina
2144 4315 2266 4354 esse
2302 4300 2563 4363 alienum,
2600 4298 2804 4368 quippe
2830 4297 2921 4366 qui
2949 4298 3103 4352 tollat
3144 4298 3238 4352 Dei
3277 4300 3441 4353 trini-

1858 4402 2047 4451 tatem,
2082 4406 2175 4445 eos
2214 4407 2342 4444 vero
2396 4407 2536 4460 quos
2597 4391 2717 4445 ideo
2782 4390 3069 4460 polytbeos
3117 4400 3299 4456 vocat,
3326 4391 3444 4458 pios

1860 4494 1915 4540 et
1953 4484 2292 4539 ertliodoxos
2332 4482 2677 4551 pt'ﬂ‘diCttbiS.
2704 4483 2868 4536 Arius
2903 4493 3086 4537 autem
3118 4491 3173 4536 et
3201 4483 3317 4552 ipse
3347 4498 3445 4551 po-

1860 4577 2073 4647 lytbeos
2106 4575 2296 4630 dicens
2334 4576 2421 4642 qui
2461 4588 2569 4630 tres
2603 4576 2925 4629 asserebant
2960 4574 3447 4639 increatos,unum

1857 4669 2163 4724 increatutn
2210 4684 2333 4723 esse
2383 4667 2689 4723 afﬁrmabat
2730 4667 2971 4730 Patrem,
3006 4668 3146 4721 alias
3176 4681 3443 4735 personas

1855 4762 2123 4817 creaturis
2154 4775 2557 4825 annmnerans;
2593 4767 2646 4813 et
2678 4758 3091 4827 Scripturarum
3124 4761 3440 4815 testimonia

1856 4852 2261 4908 distinctionem
2316 4866 2675 4920 personarum
2719 4853 3036 4914 statuentia,
3088 4860 3184 4905 ut:
3227 4870 3245 4902 ι
3285 4853 3442 4906 Pater

1862 4962 2019 5001 meus
2064 4945 2238 5015 major
2274 4961 2361 4998 me
2398 4956 2479 4998 est
2499 4945 2536 5005 ³,
2582 4963 2599 4996 ι
2632 4952 2688 4998 et
2735 4961 2748 4997 :
2782 4961 2800 4995 ι
2838 4943 2971 5010 Quae
3003 4944 3188 5001 audivi
3217 4959 3244 4997 a
3285 4943 3444 4998 Patre

1862 5052 2007 5101 meo,
2062 5037 2180 5091 haec
2224 5036 2421 5103 loquor
2439 5034 2485 5100 ἒ,
2521 5055 2538 5087 ι
2580 5044 2634 5089 et
2661 5035 2774 5089 alia
2806 5034 3122 5105 bujusmodi
3161 5049 3284 5104 quae
3316 5036 3443 5090 uni-

1862 5144 1986 5185 cum
2022 5128 2309 5198 designant
2341 5126 2743 5196 ostenduntque
2774 5125 2995 5182 deitatis
3027 5126 3229 5179 fontem
3254 5168 3268 5190 ,
3306 5125 3439 5186 bare.

1863 5223 2106 5291 inquam,
2136 5235 2166 5275 e
2221 5221 2393 5274 sacris
2429 5219 2731 5288 Scripturis
2765 5218 3106 5274 emendicata
3143 5219 3442 5286 usurpabat

1860 5320 2125 5366 adversus
2169 5313 2287 5380 pios
2310 5320 2513 5365 sanctae
2548 5310 2840 5365 Trinitatis
2863 5311 3130 5365 cultores.
3162 5308 3241 5363 Tu
3278 5311 3440 5379 igitur

1859 5403 2215 5471 Arii'quoqne
2245 5416 2529 5458 sermones
2574 5400 2740 5455 indici
2796 5400 2923 5454 fidei
2976 5414 3302 5469 comparans
3347 5400 3439 5467 qui

1861 5508 2027 5545 unum
2064 5496 2379 5561 trinumque
2409 5494 2542 5546 dicit
2569 5490 2820 5551 eumdem
2863 5492 3055 5555 Demn,
3088 5492 3436 5545 demonstra-

1863 5584 1946 5640 bis
1980 5584 2126 5638 illum
2173 5586 2351 5653 potius
2384 5597 2511 5639 vere
2547 5583 2869 5655 polytheum
2896 5597 3038 5649 esse,
3072 5582 3162 5652 qui
3187 5580 3439 5638 eumdem
