  <div class='ocr_page' id='page_1' title='image "/cluster/home/n/w/nwhite01/storage/ocr_20150623/150/pst.000005714704/505.png"; bbox 0 0 4104 6322; ppageno 0'>
   <div class='ocr_carea' id='block_1_1' title="bbox 710 392 816 455">
    <p class='ocr_par' dir='ltr' id='par_1_1' title="bbox 710 392 816 455">
     <span class='ocr_line' id='line_1_1' title="bbox 710 392 816 455; baseline -0.028 0"><span class='ocrx_word' id='word_1_1' title='bbox 710 392 816 455; x_wconf 78' lang='lat'><strong>9-7</strong></span> 
     </span>
    </p>
   </div>
   <div class='ocr_carea' id='block_1_2' title="bbox 1974 386 2714 450">
    <p class='ocr_par' dir='ltr' id='par_1_2' title="bbox 1974 386 2714 450">
     <span class='ocr_line' id='line_1_2' title="bbox 1974 386 2714 450; baseline 0.004 -3"><span class='ocrx_word' id='word_1_2' title='bbox 1974 389 2018 447; x_wconf 73' lang='grc' dir='ltr'><strong>(ἶ</strong></span> <span class='ocrx_word' id='word_1_3' title='bbox 2034 386 2351 448; x_wconf 77' lang='lat' dir='ltr'><strong>REGORII</strong></span> <span class='ocrx_word' id='word_1_4' title='bbox 2393 387 2480 449; x_wconf 84' lang='lat' dir='ltr'><strong>PA</strong></span> <span class='ocrx_word' id='word_1_5' title='bbox 2490 390 2642 450; x_wconf 82' lang='lat' dir='ltr'><strong>LAM</strong></span> <span class='ocrx_word' id='word_1_6' title='bbox 2654 392 2714 450; x_wconf 81' lang='grc' dir='ltr'><strong>,Ε</strong></span> 
     </span>
    </p>
   </div>
   <div class='ocr_carea' id='block_1_3' title="bbox 3856 382 3942 447">
    <p class='ocr_par' dir='ltr' id='par_1_3' title="bbox 3856 382 3942 447">
     <span class='ocr_line' id='line_1_3' title="bbox 3856 382 3942 447; baseline -0.07 0"><span class='ocrx_word' id='word_1_7' title='bbox 3856 382 3942 447; x_wconf 68' lang='lat'><strong>9‘23</strong></span> 
     </span>
    </p>
   </div>
   <div class='ocr_carea' id='block_1_4' title="bbox 710 502 2278 580">
    <p class='ocr_par' dir='ltr' id='par_1_4' title="bbox 710 502 2269 580">
     <span class='ocr_line' id='line_1_4' title="bbox 710 502 2269 580; baseline -0.001 -20"><span class='ocrx_word' id='word_1_8' title='bbox 710 509 1004 580; x_wconf 80' lang='lat' dir='ltr'><strong>potentiam</strong></span> <span class='ocrx_word' id='word_1_9' title='bbox 1052 517 1106 564; x_wconf 89' lang='lat' dir='ltr'><strong>et</strong></span> <span class='ocrx_word' id='word_1_10' title='bbox 1152 509 1523 579; x_wconf 74' lang='lat' dir='ltr'><strong>operationem</strong></span> <span class='ocrx_word' id='word_1_11' title='bbox 1551 510 1632 576; x_wconf 92' lang='lat' dir='ltr'><strong>(ut</strong></span> <span class='ocrx_word' id='word_1_12' title='bbox 1668 521 1829 575; x_wconf 85' lang='lat' dir='ltr'><strong>supra</strong></span> <span class='ocrx_word' id='word_1_13' title='bbox 1852 515 2129 559; x_wconf 51' lang='lat' dir='ltr'><strong>ostensum</strong></span> <span class='ocrx_word' id='word_1_14' title='bbox 2164 502 2269 575; x_wconf 81' lang='lat' dir='ltr'><strong>est)</strong></span> 
     </span>
    </p>
   </div>
   <div class='ocr_carea' id='block_1_5' title="bbox 2382 502 3940 580">
    <p class='ocr_par' dir='ltr' id='par_1_5' title="bbox 2382 502 3940 577">
     <span class='ocr_line' id='line_1_5' title="bbox 2382 502 3940 577; baseline 0 -22"><span class='ocrx_word' id='word_1_15' title='bbox 2382 502 2477 573; x_wconf 76' lang='grc' dir='ltr'>τὴν</span> <span class='ocrx_word' id='word_1_16' title='bbox 2507 506 2763 559; x_wconf 80' lang='grc' dir='ltr'>ἄκτιστον</span> <span class='ocrx_word' id='word_1_17' title='bbox 2783 506 3009 575; x_wconf 70' lang='grc' dir='ltr'>δύναμίν</span> <span class='ocrx_word' id='word_1_18' title='bbox 3036 524 3092 559; x_wconf 87' lang='grc' dir='ltr'><strong>τε</strong></span> <span class='ocrx_word' id='word_1_19' title='bbox 3130 508 3216 560; x_wconf 64' lang='grc' dir='ltr'>καὶ</span> <span class='ocrx_word' id='word_1_20' title='bbox 3244 508 3547 577; x_wconf 78' lang='grc' dir='ltr'><strong>ἐνέργειαν,</strong></span> <span class='ocrx_word' id='word_1_21' title='bbox 3579 506 3664 570; x_wconf 81' lang='grc' dir='ltr'>ὡς</span> <span class='ocrx_word' id='word_1_22' title='bbox 3698 507 3940 571; x_wconf 77' lang='grc' dir='ltr'><strong>ἀνωτέρω</strong></span> 
     </span>
    </p>
   </div>
   <div class='ocr_carea' id='block_1_6' title="bbox 711 598 2266 667">
    <p class='ocr_par' dir='ltr' id='par_1_6' title="bbox 711 598 2266 667">
     <span class='ocr_line' id='line_1_6' title="bbox 711 598 2266 667; baseline -0.002 -13"><span class='ocrx_word' id='word_1_23' title='bbox 711 601 1015 655; x_wconf 75' lang='lat' dir='ltr'><strong>dicentibus</strong></span> <span class='ocrx_word' id='word_1_24' title='bbox 1066 614 1185 655; x_wconf 84' lang='lat' dir='ltr'><strong>esse</strong></span> <span class='ocrx_word' id='word_1_25' title='bbox 1216 599 1455 665; x_wconf 81' lang='lat' dir='ltr'><strong>eiusdem</strong></span> <span class='ocrx_word' id='word_1_26' title='bbox 1490 599 1850 662; x_wconf 84' lang='lat' dir='ltr'><strong>divinitatem,</strong></span> <span class='ocrx_word' id='word_1_27' title='bbox 1899 598 1997 652; x_wconf 83' lang='lat' dir='ltr'><strong>hos</strong></span> <span class='ocrx_word' id='word_1_28' title='bbox 2026 598 2266 667; x_wconf 84' lang='lat' dir='ltr'><strong>appella-</strong></span> 
     </span>
    </p>
   </div>
   <div class='ocr_carea' id='block_1_7' title="bbox 714 688 2271 762">
    <p class='ocr_par' dir='ltr' id='par_1_7' title="bbox 714 688 2271 762">
     <span class='ocr_line' id='line_1_7' title="bbox 714 688 2271 762; baseline -0.001 -19"><span class='ocrx_word' id='word_1_29' title='bbox 714 700 843 745; x_wconf 90' lang='lat' dir='ltr'><strong>runt</strong></span> <span class='ocrx_word' id='word_1_30' title='bbox 894 690 1196 762; x_wconf 77' lang='lat' dir='ltr'><strong>polytheos.</strong></span> <span class='ocrx_word' id='word_1_31' title='bbox 1275 690 1378 759; x_wconf 77' lang='lat' dir='ltr'><strong>Ipsi</strong></span> <span class='ocrx_word' id='word_1_32' title='bbox 1432 700 1608 743; x_wconf 89' lang='lat' dir='ltr'><strong>autem</strong></span> <span class='ocrx_word' id='word_1_33' title='bbox 1674 704 1815 742; x_wconf 91' lang='lat' dir='ltr'><strong>nunc</strong></span> <span class='ocrx_word' id='word_1_34' title='bbox 1872 704 2032 741; x_wconf 85' lang='lat' dir='ltr'><strong>unam</strong></span> <span class='ocrx_word' id='word_1_35' title='bbox 2083 688 2271 742; x_wconf 89' lang='lat' dir='ltr'><strong>dicunt</strong></span> 
     </span>
    </p>
   </div>
   <div class='ocr_carea' id='block_1_8' title="bbox 714 780 2276 851">
    <p class='ocr_par' dir='ltr' id='par_1_8' title="bbox 714 780 2276 851">
     <span class='ocr_line' id='line_1_8' title="bbox 714 780 2276 851; baseline -0.003 -14"><span class='ocrx_word' id='word_1_36' title='bbox 714 784 1004 837; x_wconf 84' lang='lat' dir='ltr'><strong>increatam</strong></span> <span class='ocrx_word' id='word_1_37' title='bbox 1037 798 1157 839; x_wconf 75' lang='lat' dir='ltr'><strong>esse</strong></span> <span class='ocrx_word' id='word_1_38' title='bbox 1206 783 1349 837; x_wconf 82' lang='lat' dir='ltr'><strong>illam</strong></span> <span class='ocrx_word' id='word_1_39' title='bbox 1388 781 1963 851; x_wconf 71' lang='lat' dir='ltr'><strong>supersubstantialem</strong></span> <span class='ocrx_word' id='word_1_40' title='bbox 1997 780 2087 835; x_wconf 94' lang='lat' dir='ltr'><strong>Dei</strong></span> <span class='ocrx_word' id='word_1_41' title='bbox 2136 781 2276 834; x_wconf 85' lang='lat' dir='ltr'><strong>divi-</strong></span> 
     </span>
    </p>
   </div>
   <div class='ocr_carea' id='block_1_9' title="bbox 717 875 2274 943">
    <p class='ocr_par' dir='ltr' id='par_1_9' title="bbox 717 875 2274 943">
     <span class='ocr_line' id='line_1_9' title="bbox 717 875 2274 943; baseline -0.001 -17"><span class='ocrx_word' id='word_1_42' title='bbox 717 875 979 939; x_wconf 79' lang='lat' dir='ltr'><strong>nitatem,</strong></span> <span class='ocrx_word' id='word_1_43' title='bbox 1017 886 1239 931; x_wconf 77' lang='lat' dir='ltr'><strong>caeteras</strong></span> <span class='ocrx_word' id='word_1_44' title='bbox 1316 890 1442 928; x_wconf 86' lang='lat' dir='ltr'><strong>vero</strong></span> <span class='ocrx_word' id='word_1_45' title='bbox 1515 890 1635 929; x_wconf 85' lang='lat' dir='ltr'><strong>esse</strong></span> <span class='ocrx_word' id='word_1_46' title='bbox 1704 884 1937 935; x_wconf 85' lang='lat' dir='ltr'><strong>creatas,</strong></span> <span class='ocrx_word' id='word_1_47' title='bbox 2009 882 2274 943; x_wconf 74' lang='lat' dir='ltr'><strong>quotquot</strong></span> 
     </span>
    </p>
   </div>
   <div class='ocr_carea' id='block_1_10' title="bbox 674 966 2276 1036">
    <p class='ocr_par' dir='ltr' id='par_1_10' title="bbox 674 966 2276 1036">
     <span class='ocr_line' id='line_1_10' title="bbox 674 966 2276 1036; baseline 0 -17"><span class='ocrx_word' id='word_1_48' title='bbox 674 1028 677 1029; x_wconf 21' lang='grc' dir='ltr'><strong>ν</strong></span> <span class='ocrx_word' id='word_1_49' title='bbox 715 968 966 1021; x_wconf 78' lang='lat' dir='ltr'><strong>videlicet</strong></span> <span class='ocrx_word' id='word_1_50' title='bbox 996 969 1209 1022; x_wconf 66' lang='lat' dir='ltr'><strong>divina</strong></span> <span class='ocrx_word' id='word_1_51' title='bbox 1252 968 1596 1036; x_wconf 81' lang='lat' dir='ltr'><strong>Operationes</strong></span> <span class='ocrx_word' id='word_1_52' title='bbox 1636 982 1664 1020; x_wconf 88' lang='lat' dir='ltr'><strong>a</strong></span> <span class='ocrx_word' id='word_1_53' title='bbox 1721 966 1975 1019; x_wconf 84' lang='lat' dir='ltr'><strong>Patribns</strong></span> <span class='ocrx_word' id='word_1_54' title='bbox 2012 974 2276 1019; x_wconf 74' lang='lat' dir='ltr'><strong>vocantur</strong></span> 
     </span>
    </p>
   </div>
   <div class='ocr_carea' id='block_1_11' title="bbox 715 1058 2274 1121">
    <p class='ocr_par' dir='ltr' id='par_1_11' title="bbox 715 1058 2274 1121">
     <span class='ocr_line' id='line_1_11' title="bbox 715 1058 2274 1121; baseline -0.001 -11"><span class='ocrx_word' id='word_1_55' title='bbox 715 1059 1050 1121; x_wconf 79' lang='lat' dir='ltr'><strong>divinitatea,</strong></span> <span class='ocrx_word' id='word_1_56' title='bbox 1105 1060 1247 1113; x_wconf 72' lang='lat' dir='ltr'><strong>sicut</strong></span> <span class='ocrx_word' id='word_1_57' title='bbox 1309 1059 1471 1114; x_wconf 81' lang='lat' dir='ltr'><strong>Arius</strong></span> <span class='ocrx_word' id='word_1_58' title='bbox 1520 1074 1683 1113; x_wconf 90' lang='lat' dir='ltr'><strong>unam</strong></span> <span class='ocrx_word' id='word_1_59' title='bbox 1718 1058 2012 1111; x_wconf 89' lang='lat' dir='ltr'><strong>increatam</strong></span> <span class='ocrx_word' id='word_1_60' title='bbox 2044 1058 2274 1111; x_wconf 74' lang='lat' dir='ltr'><strong>asseruit</strong></span> 
     </span>
    </p>
   </div>
   <div class='ocr_carea' id='block_1_12' title="bbox 716 1147 2275 1216">
    <p class='ocr_par' dir='ltr' id='par_1_12' title="bbox 716 1147 2275 1216">
     <span class='ocr_line' id='line_1_12' title="bbox 716 1147 2275 1216; baseline -0.003 -14"><span class='ocrx_word' id='word_1_61' title='bbox 716 1148 892 1202; x_wconf 79' lang='lat' dir='ltr'><strong>Patris</strong></span> <span class='ocrx_word' id='word_1_62' title='bbox 947 1166 1257 1216; x_wconf 73' lang='lat' dir='ltr'><strong>personam,</strong></span> <span class='ocrx_word' id='word_1_63' title='bbox 1297 1164 1505 1204; x_wconf 80' lang='lat' dir='ltr'><strong>creatas</strong></span> <span class='ocrx_word' id='word_1_64' title='bbox 1561 1160 1739 1203; x_wconf 84' lang='lat' dir='ltr'><strong>autem</strong></span> <span class='ocrx_word' id='word_1_65' title='bbox 1795 1149 1970 1211; x_wconf 87' lang='lat' dir='ltr'><strong>alias;</strong></span> <span class='ocrx_word' id='word_1_66' title='bbox 2008 1162 2155 1201; x_wconf 89' lang='lat' dir='ltr'><strong>nunc</strong></span> <span class='ocrx_word' id='word_1_67' title='bbox 2207 1147 2275 1199; x_wconf 74' lang='lat' dir='ltr'><strong>al)</strong></span> 
     </span>
    </p>
   </div>
   <div class='ocr_carea' id='block_1_13' title="bbox 701 1237 2279 1307">
    <p class='ocr_par' dir='ltr' id='par_1_13' title="bbox 701 1237 2279 1307">
     <span class='ocr_line' id='line_1_13' title="bbox 701 1237 2279 1307; baseline -0.001 -17"><span class='ocrx_word' id='word_1_68' title='bbox 701 1240 949 1292; x_wconf 71' lang='lat' dir='ltr'><strong>.essentia</strong></span> <span class='ocrx_word' id='word_1_69' title='bbox 1018 1255 1124 1293; x_wconf 88' lang='lat' dir='ltr'><strong>non</strong></span> <span class='ocrx_word' id='word_1_70' title='bbox 1201 1240 1580 1294; x_wconf 88' lang='lat' dir='ltr'><strong>discriminant</strong></span> <span class='ocrx_word' id='word_1_71' title='bbox 1657 1240 2049 1307; x_wconf 82' lang='lat' dir='ltr'><strong>operationem,</strong></span> <span class='ocrx_word' id='word_1_72' title='bbox 2135 1237 2279 1291; x_wconf 84' lang='lat' dir='ltr'><strong>sicut</strong></span> 
     </span>
    </p>
   </div>
   <div class='ocr_carea' id='block_1_14' title="bbox 716 1327 2278 1399">
    <p class='ocr_par' dir='ltr' id='par_1_14' title="bbox 716 1327 2278 1399">
     <span class='ocr_line' id='line_1_14' title="bbox 716 1327 2278 1399; baseline -0.004 -15"><span class='ocrx_word' id='word_1_73' title='bbox 716 1346 816 1384; x_wconf 87' lang='lat' dir='ltr'><strong>nec</strong></span> <span class='ocrx_word' id='word_1_74' title='bbox 857 1332 1127 1385; x_wconf 87' lang='lat' dir='ltr'><strong>Sabellius</strong></span> <span class='ocrx_word' id='word_1_75' title='bbox 1184 1346 1212 1385; x_wconf 88' lang='lat' dir='ltr'><strong>a</strong></span> <span class='ocrx_word' id='word_1_76' title='bbox 1264 1331 1565 1385; x_wconf 79' lang='lat' dir='ltr'><strong>substantia</strong></span> <span class='ocrx_word' id='word_1_77' title='bbox 1608 1344 1913 1399; x_wconf 82' lang='lat' dir='ltr'><strong>personam.</strong></span> <span class='ocrx_word' id='word_1_78' title='bbox 1944 1327 2009 1380; x_wconf 85' lang='lat' dir='ltr'><strong>Et</strong></span> <span class='ocrx_word' id='word_1_79' title='bbox 2036 1327 2112 1381; x_wconf 84' lang='lat' dir='ltr'><strong>sic</strong></span> <span class='ocrx_word' id='word_1_80' title='bbox 2154 1329 2278 1381; x_wconf 88' lang='lat' dir='ltr'><strong>uni-</strong></span> 
     </span>
    </p>
   </div>
   <div class='ocr_carea' id='block_1_15' title="bbox 716 1419 2280 1491">
    <p class='ocr_par' dir='ltr' id='par_1_15' title="bbox 716 1419 2280 1491">
     <span class='ocr_line' id='line_1_15' title="bbox 716 1419 2280 1491; baseline -0.004 -16"><span class='ocrx_word' id='word_1_81' title='bbox 716 1431 827 1475; x_wconf 89' lang='lat' dir='ltr'><strong>tate</strong></span> <span class='ocrx_word' id='word_1_82' title='bbox 876 1423 1179 1477; x_wconf 81' lang='lat' dir='ltr'><strong>divinitatis</strong></span> <span class='ocrx_word' id='word_1_83' title='bbox 1244 1424 1588 1477; x_wconf 84' lang='lat' dir='ltr'><strong>divinitatum</strong></span> <span class='ocrx_word' id='word_1_84' title='bbox 1639 1429 1943 1491; x_wconf 71' lang='lat' dir='ltr'><strong>pugnantes</strong></span> <span class='ocrx_word' id='word_1_85' title='bbox 1971 1419 2280 1474; x_wconf 89' lang='lat' dir='ltr'><strong>distinctio—</strong></span> 
     </span>
    </p>
   </div>
   <div class='ocr_carea' id='block_1_16' title="bbox 715 1516 2281 1583">
    <p class='ocr_par' dir='ltr' id='par_1_16' title="bbox 715 1516 2281 1583">
     <span class='ocr_line' id='line_1_16' title="bbox 715 1516 2281 1583; baseline -0.003 -15"><span class='ocrx_word' id='word_1_86' title='bbox 715 1530 861 1575; x_wconf 86' lang='lat' dir='ltr'><strong>nem.</strong></span> <span class='ocrx_word' id='word_1_87' title='bbox 923 1529 1092 1569; x_wconf 69' lang='lat' dir='ltr'><strong>sacrae</strong></span> <span class='ocrx_word' id='word_1_88' title='bbox 1153 1516 1443 1583; x_wconf 71' lang='lat' dir='ltr'><strong>Scriptum</strong></span> <span class='ocrx_word' id='word_1_89' title='bbox 1500 1522 1677 1569; x_wconf 79' lang='lat' dir='ltr'><strong>textus</strong></span> <span class='ocrx_word' id='word_1_90' title='bbox 1736 1528 1901 1568; x_wconf 90' lang='lat' dir='ltr'><strong>unam</strong></span> <span class='ocrx_word' id='word_1_91' title='bbox 1968 1520 2281 1565; x_wconf 87' lang='lat' dir='ltr'><strong>astruentcs</strong></span> 
     </span>
    </p>
   </div>
   <div class='ocr_carea' id='block_1_17' title="bbox 715 1597 2277 1668">
    <p class='ocr_par' dir='ltr' id='par_1_17' title="bbox 715 1597 2277 1668">
     <span class='ocr_line' id='line_1_17' title="bbox 715 1597 2277 1668; baseline -0.001 -17"><span class='ocrx_word' id='word_1_92' title='bbox 715 1600 1055 1656; x_wconf 83' lang='lat' dir='ltr'><strong>divinitatem</strong></span> <span class='ocrx_word' id='word_1_93' title='bbox 1096 1603 1357 1657; x_wconf 81' lang='lat' dir='ltr'><strong>adversus</strong></span> <span class='ocrx_word' id='word_1_94' title='bbox 1397 1603 1731 1656; x_wconf 74' lang='lat' dir='ltr'><strong>orlhodoxos</strong></span> <span class='ocrx_word' id='word_1_95' title='bbox 1789 1610 2082 1668; x_wconf 84' lang='lat' dir='ltr'><strong>utrumque</strong></span> <span class='ocrx_word' id='word_1_96' title='bbox 2109 1597 2277 1667; x_wconf 80' lang='lat' dir='ltr'><strong>proli-</strong></span> 
     </span>
    </p>
   </div>
   <div class='ocr_carea' id='block_1_18' title="bbox 716 1690 2277 1759">
    <p class='ocr_par' dir='ltr' id='par_1_18' title="bbox 716 1690 2277 1759">
     <span class='ocr_line' id='line_1_18' title="bbox 716 1690 2277 1759; baseline -0.002 -17"><span class='ocrx_word' id='word_1_97' title='bbox 716 1696 892 1744; x_wconf 89' lang='lat' dir='ltr'><strong>tentes</strong></span> <span class='ocrx_word' id='word_1_98' title='bbox 912 1700 1211 1758; x_wconf 79' lang='lat' dir='ltr'><strong>congerunt</strong></span> <span class='ocrx_word' id='word_1_99' title='bbox 1246 1700 1298 1745; x_wconf 87' lang='lat' dir='ltr'><strong>et</strong></span> <span class='ocrx_word' id='word_1_100' title='bbox 1339 1692 1479 1745; x_wconf 87' lang='lat' dir='ltr'><strong>male</strong></span> <span class='ocrx_word' id='word_1_101' title='bbox 1509 1692 1792 1759; x_wconf 65' lang='lat' dir='ltr'><strong>olijiciunt.</strong></span> <span class='ocrx_word' id='word_1_102' title='bbox 1829 1690 1908 1743; x_wconf 89' lang='lat' dir='ltr'><strong>Tu</strong></span> <span class='ocrx_word' id='word_1_103' title='bbox 1941 1703 2067 1742; x_wconf 90' lang='lat' dir='ltr'><strong>vero</strong></span> <span class='ocrx_word' id='word_1_104' title='bbox 2086 1702 2277 1742; x_wconf 87' lang='lat' dir='ltr'><strong>eorum</strong></span> 
     </span>
    </p>
   </div>
   <div class='ocr_carea' id='block_1_19' title="bbox 714 1778 2279 1849">
    <p class='ocr_par' dir='ltr' id='par_1_19' title="bbox 714 1778 2279 1849">
     <span class='ocr_line' id='line_1_19' title="bbox 714 1778 2279 1849; baseline -0.004 -12"><span class='ocrx_word' id='word_1_105' title='bbox 714 1796 992 1837; x_wconf 77' lang='lat' dir='ltr'><strong>sermones</strong></span> <span class='ocrx_word' id='word_1_106' title='bbox 1018 1796 1338 1848; x_wconf 85' lang='lat' dir='ltr'><strong>comparans</strong></span> <span class='ocrx_word' id='word_1_107' title='bbox 1361 1784 1459 1849; x_wconf 68' lang='lat' dir='ltr'><strong>pia:</strong></span> <span class='ocrx_word' id='word_1_108' title='bbox 1483 1782 1740 1835; x_wconf 72' lang='lat' dir='ltr'><strong>doctrina:</strong></span> <span class='ocrx_word' id='word_1_109' title='bbox 1764 1780 1947 1844; x_wconf 85' lang='lat' dir='ltr'><strong>indici,</strong></span> <span class='ocrx_word' id='word_1_110' title='bbox 1973 1779 2063 1849; x_wconf 91' lang='lat' dir='ltr'><strong>qui</strong></span> <span class='ocrx_word' id='word_1_111' title='bbox 2090 1778 2279 1832; x_wconf 83' lang='lat' dir='ltr'><strong>statuit</strong></span> 
     </span>
    </p>
   </div>
   <div class='ocr_carea' id='block_1_20' title="bbox 712 1872 2278 1940">
    <p class='ocr_par' dir='ltr' id='par_1_20' title="bbox 712 1872 2278 1940">
     <span class='ocr_line' id='line_1_20' title="bbox 712 1872 2278 1940; baseline -0.003 -15"><span class='ocrx_word' id='word_1_112' title='bbox 712 1872 957 1940; x_wconf 89' lang='lat' dir='ltr'><strong>ejusdem</strong></span> <span class='ocrx_word' id='word_1_113' title='bbox 989 1872 1082 1927; x_wconf 89' lang='lat' dir='ltr'><strong>Dei</strong></span> <span class='ocrx_word' id='word_1_114' title='bbox 1136 1874 1474 1927; x_wconf 83' lang='lat' dir='ltr'><strong>divinitatem</strong></span> <span class='ocrx_word' id='word_1_115' title='bbox 1504 1874 1673 1928; x_wconf 89' lang='lat' dir='ltr'><strong>altero</strong></span> <span class='ocrx_word' id='word_1_116' title='bbox 1694 1887 1857 1926; x_wconf 86' lang='lat' dir='ltr'><strong>sensu</strong></span> <span class='ocrx_word' id='word_1_117' title='bbox 1887 1885 2011 1925; x_wconf 83' lang='lat' dir='ltr'><strong>esse</strong></span> <span class='ocrx_word' id='word_1_118' title='bbox 2038 1883 2200 1923; x_wconf 88' lang='lat' dir='ltr'><strong>unam</strong></span> <span class='ocrx_word' id='word_1_119' title='bbox 2224 1875 2278 1921; x_wconf 91' lang='lat' dir='ltr'><strong>et</strong></span> 
     </span>
    </p>
   </div>
   <div class='ocr_carea' id='block_1_21' title="bbox 711 1961 2279 2032">
    <p class='ocr_par' dir='ltr' id='par_1_21' title="bbox 711 1961 2279 2032">
     <span class='ocr_line' id='line_1_21' title="bbox 711 1961 2279 2032; baseline -0.002 -15"><span class='ocrx_word' id='word_1_120' title='bbox 711 1963 883 2017; x_wconf 87' lang='lat' dir='ltr'><strong>altero</strong></span> <span class='ocrx_word' id='word_1_121' title='bbox 928 1979 1037 2018; x_wconf 90' lang='lat' dir='ltr'><strong>non</strong></span> <span class='ocrx_word' id='word_1_122' title='bbox 1095 1979 1295 2029; x_wconf 91' lang='lat' dir='ltr'><strong>unam,</strong></span> <span class='ocrx_word' id='word_1_123' title='bbox 1347 1964 1466 2019; x_wconf 82' lang='lat' dir='ltr'><strong>illos</strong></span> <span class='ocrx_word' id='word_1_124' title='bbox 1518 1966 1667 2032; x_wconf 87' lang='lat' dir='ltr'><strong>ipsos</strong></span> <span class='ocrx_word' id='word_1_125' title='bbox 1715 1961 2114 2017; x_wconf 73' lang='lat' dir='ltr'><strong>demonstraliis</strong></span> <span class='ocrx_word' id='word_1_126' title='bbox 2151 1974 2279 2014; x_wconf 86' lang='lat' dir='ltr'><strong>vere</strong></span> 
     </span>
    </p>
   </div>
   <div class='ocr_carea' id='block_1_22' title="bbox 711 2053 2277 2125">
    <p class='ocr_par' dir='ltr' id='par_1_22' title="bbox 711 2053 2277 2125">
     <span class='ocr_line' id='line_1_22' title="bbox 711 2053 2277 2125; baseline -0.009 -9"><span class='ocrx_word' id='word_1_127' title='bbox 711 2054 1016 2125; x_wconf 79' lang='lat' dir='ltr'><strong>polylheos.</strong></span> <span class='ocrx_word' id='word_1_128' title='bbox 1075 2057 1275 2124; x_wconf 86' lang='lat' dir='ltr'><strong>quippe</strong></span> <span class='ocrx_word' id='word_1_129' title='bbox 1305 2060 1397 2125; x_wconf 86' lang='lat' dir='ltr'><strong>qui</strong></span> <span class='ocrx_word' id='word_1_130' title='bbox 1436 2068 1670 2110; x_wconf 88' lang='lat' dir='ltr'><strong>creatam</strong></span> <span class='ocrx_word' id='word_1_131' title='bbox 1707 2054 1867 2109; x_wconf 85' lang='lat' dir='ltr'><strong>simul</strong></span> <span class='ocrx_word' id='word_1_132' title='bbox 1902 2062 1955 2109; x_wconf 90' lang='lat' dir='ltr'><strong>et</strong></span> <span class='ocrx_word' id='word_1_133' title='bbox 1982 2053 2277 2107; x_wconf 85' lang='lat' dir='ltr'><strong>increatam</strong></span> 
     </span>
    </p>
   </div>
   <div class='ocr_carea' id='block_1_23' title="bbox 711 2143 2278 2216">
    <p class='ocr_par' dir='ltr' id='par_1_23' title="bbox 711 2143 2278 2216">
     <span class='ocr_line' id='line_1_23' title="bbox 711 2143 2278 2216; baseline -0.004 -15"><span class='ocrx_word' id='word_1_134' title='bbox 711 2162 835 2203; x_wconf 79' lang='lat' dir='ltr'><strong>esse</strong></span> <span class='ocrx_word' id='word_1_135' title='bbox 865 2144 954 2200; x_wconf 88' lang='lat' dir='ltr'><strong>Dei</strong></span> <span class='ocrx_word' id='word_1_136' title='bbox 988 2146 1327 2201; x_wconf 83' lang='lat' dir='ltr'><strong>divinitatem</strong></span> <span class='ocrx_word' id='word_1_137' title='bbox 1364 2163 1526 2216; x_wconf 86' lang='lat' dir='ltr'><strong>prave</strong></span> <span class='ocrx_word' id='word_1_138' title='bbox 1555 2146 1911 2210; x_wconf 87' lang='lat' dir='ltr'><strong>contendunt,</strong></span> <span class='ocrx_word' id='word_1_139' title='bbox 1946 2144 2118 2197; x_wconf 86' lang='lat' dir='ltr'><strong>solam</strong></span> <span class='ocrx_word' id='word_1_140' title='bbox 2158 2143 2278 2207; x_wconf 85' lang='lat' dir='ltr'><strong>eius</strong></span> 
     </span>
    </p>
   </div>
   <div class='ocr_carea' id='block_1_24' title="bbox 710 2233 2275 2295">
    <p class='ocr_par' dir='ltr' id='par_1_24' title="bbox 710 2233 2275 2295">
     <span class='ocr_line' id='line_1_24' title="bbox 710 2233 2275 2295; baseline -0.007 0"><span class='ocrx_word' id='word_1_141' title='bbox 710 2241 1006 2295; x_wconf 84' lang='lat' dir='ltr'><strong>essentiam</strong></span> <span class='ocrx_word' id='word_1_142' title='bbox 1066 2250 1314 2293; x_wconf 90' lang='lat' dir='ltr'><strong>tenentes</strong></span> <span class='ocrx_word' id='word_1_143' title='bbox 1366 2253 1486 2291; x_wconf 88' lang='lat' dir='ltr'><strong>esse</strong></span> <span class='ocrx_word' id='word_1_144' title='bbox 1560 2238 1854 2290; x_wconf 89' lang='lat' dir='ltr'><strong>incrcatam</strong></span> <span class='ocrx_word' id='word_1_145' title='bbox 1912 2233 2275 2295; x_wconf 89' lang='lat' dir='ltr'><strong>divinitatem,</strong></span> 
     </span>
    </p>
   </div>
   <div class='ocr_carea' id='block_1_25' title="bbox 712 2323 2276 2398">
    <p class='ocr_par' dir='ltr' id='par_1_25' title="bbox 712 2323 2276 2398">
     <span class='ocr_line' id='line_1_25' title="bbox 712 2323 2276 2398; baseline -0.005 -13"><span class='ocrx_word' id='word_1_146' title='bbox 712 2332 1029 2386; x_wconf 77' lang='lat' dir='ltr'><strong>facultatem</strong></span> <span class='ocrx_word' id='word_1_147' title='bbox 1081 2344 1211 2385; x_wconf 90' lang='lat' dir='ltr'><strong>vero</strong></span> <span class='ocrx_word' id='word_1_148' title='bbox 1280 2330 1397 2398; x_wconf 87' lang='lat' dir='ltr'><strong>ejus</strong></span> <span class='ocrx_word' id='word_1_149' title='bbox 1455 2328 1841 2397; x_wconf 83' lang='lat' dir='ltr'><strong>speculativam</strong></span> <span class='ocrx_word' id='word_1_150' title='bbox 1875 2326 2031 2391; x_wconf 83' lang='lat' dir='ltr'><strong>,vim</strong></span> <span class='ocrx_word' id='word_1_151' title='bbox 2093 2323 2276 2378; x_wconf 85' lang='lat' dir='ltr'><strong>omnia</strong></span> 
     </span>
    </p>
   </div>
   <div class='ocr_carea' id='block_1_26' title="bbox 715 2416 2279 2483">
    <p class='ocr_par' dir='ltr' id='par_1_26' title="bbox 715 2416 2279 2483">
     <span class='ocr_line' id='line_1_26' title="bbox 715 2416 2279 2483; baseline -0.004 -8"><span class='ocrx_word' id='word_1_152' title='bbox 715 2432 840 2477; x_wconf 87' lang='lat' dir='ltr'><strong>ante</strong></span> <span class='ocrx_word' id='word_1_153' title='bbox 892 2427 1221 2476; x_wconf 87' lang='lat' dir='ltr'><strong>creationem</strong></span> <span class='ocrx_word' id='word_1_154' title='bbox 1280 2419 1508 2481; x_wconf 82' lang='lat' dir='ltr'><strong>sciendi,</strong></span> <span class='ocrx_word' id='word_1_155' title='bbox 1569 2427 1623 2473; x_wconf 88' lang='lat' dir='ltr'><strong>et</strong></span> <span class='ocrx_word' id='word_1_156' title='bbox 1674 2418 2052 2472; x_wconf 80' lang='lat' dir='ltr'><strong>auctoritatem</strong></span> <span class='ocrx_word' id='word_1_157' title='bbox 2106 2416 2279 2483; x_wconf 90' lang='lat' dir='ltr'><strong>ipsius</strong></span> 
     </span>
    </p>
   </div>
   <div class='ocr_carea' id='block_1_27' title="bbox 714 2510 2278 2584">
    <p class='ocr_par' dir='ltr' id='par_1_27' title="bbox 714 2510 2278 2584">
     <span class='ocr_line' id='line_1_27' title="bbox 714 2510 2278 2584; baseline -0.005 -19"><span class='ocrx_word' id='word_1_158' title='bbox 714 2516 1117 2584; x_wconf 82' lang='lat' dir='ltr'><strong>potentiamque</strong></span> <span class='ocrx_word' id='word_1_159' title='bbox 1169 2523 1217 2566; x_wconf 88' lang='lat' dir='ltr'><strong>et</strong></span> <span class='ocrx_word' id='word_1_160' title='bbox 1255 2510 1642 2582; x_wconf 78' lang='lat' dir='ltr'><strong>providentlam</strong></span> <span class='ocrx_word' id='word_1_161' title='bbox 1697 2511 1839 2564; x_wconf 86' lang='lat' dir='ltr'><strong>inter</strong></span> <span class='ocrx_word' id='word_1_162' title='bbox 1873 2516 2050 2563; x_wconf 87' lang='lat' dir='ltr'><strong>creata</strong></span> <span class='ocrx_word' id='word_1_163' title='bbox 2100 2522 2278 2559; x_wconf 86' lang='lat' dir='ltr'><strong>annn-</strong></span> 
     </span>
    </p>
   </div>
   <div class='ocr_carea' id='block_1_28' title="bbox 716 2599 2277 2673">
    <p class='ocr_par' dir='ltr' id='par_1_28' title="bbox 716 2599 2277 2673">
     <span class='ocr_line' id='line_1_28' title="bbox 716 2599 2277 2673; baseline -0.006 -12"><span class='ocrx_word' id='word_1_164' title='bbox 716 2618 951 2663; x_wconf 83' lang='lat' dir='ltr'><strong>merant.</strong></span> <span class='ocrx_word' id='word_1_165' title='bbox 1015 2607 1102 2660; x_wconf 89' lang='lat' dir='ltr'><strong>Sic</strong></span> <span class='ocrx_word' id='word_1_166' title='bbox 1154 2607 1259 2659; x_wconf 87' lang='lat' dir='ltr'><strong>illis</strong></span> <span class='ocrx_word' id='word_1_167' title='bbox 1316 2605 1458 2657; x_wconf 87' lang='lat' dir='ltr'><strong>Deus</strong></span> <span class='ocrx_word' id='word_1_168' title='bbox 1491 2604 1669 2673; x_wconf 91' lang='lat' dir='ltr'><strong>aliqua</strong></span> <span class='ocrx_word' id='word_1_169' title='bbox 1729 2610 1944 2656; x_wconf 78' lang='lat' dir='ltr'><strong>creatus</strong></span> <span class='ocrx_word' id='word_1_170' title='bbox 1993 2610 2047 2653; x_wconf 85' lang='lat' dir='ltr'><strong>et</strong></span> <span class='ocrx_word' id='word_1_171' title='bbox 2095 2599 2277 2667; x_wconf 85' lang='lat' dir='ltr'><strong>aliqua</strong></span> 
     </span>
    </p>
   </div>
   <div class='ocr_carea' id='block_1_29' title="bbox 714 2689 2280 2761">
    <p class='ocr_par' dir='ltr' id='par_1_29' title="bbox 714 2689 2280 2761">
     <span class='ocr_line' id='line_1_29' title="bbox 714 2689 2280 2761; baseline -0.007 -6"><span class='ocrx_word' id='word_1_172' title='bbox 714 2700 820 2755; x_wconf 79' lang='lat' dir='ltr'><strong>erit</strong></span> <span class='ocrx_word' id='word_1_173' title='bbox 872 2700 1177 2760; x_wconf 85' lang='lat' dir='ltr'><strong>increatus,</strong></span> <span class='ocrx_word' id='word_1_174' title='bbox 1210 2705 1264 2752; x_wconf 91' lang='lat' dir='ltr'><strong>et</strong></span> <span class='ocrx_word' id='word_1_175' title='bbox 1294 2698 1345 2750; x_wconf 93' lang='lat' dir='ltr'><strong>in</strong></span> <span class='ocrx_word' id='word_1_176' title='bbox 1390 2693 1660 2750; x_wconf 89' lang='lat' dir='ltr'><strong>contraria</strong></span> <span class='ocrx_word' id='word_1_177' title='bbox 1686 2693 2014 2761; x_wconf 88' lang='lat' dir='ltr'><strong>discerptus.</strong></span> <span class='ocrx_word' id='word_1_178' title='bbox 2042 2689 2145 2743; x_wconf 84' lang='lat' dir='ltr'><strong>Sed</strong></span> <span class='ocrx_word' id='word_1_179' title='bbox 2180 2704 2280 2744; x_wconf 91' lang='lat' dir='ltr'><strong>nec</strong></span> 
     </span>
    </p>
   </div>
   <div class='ocr_carea' id='block_1_30' title="bbox 716 2780 2278 2856">
    <p class='ocr_par' dir='ltr' id='par_1_30' title="bbox 716 2780 2278 2856">
     <span class='ocr_line' id='line_1_30' title="bbox 716 2780 2278 2856; baseline -0.006 -13"><span class='ocrx_word' id='word_1_180' title='bbox 716 2788 913 2843; x_wconf 82' lang='lat' dir='ltr'><strong>Filium</strong></span> <span class='ocrx_word' id='word_1_181' title='bbox 954 2828 969 2851; x_wconf 91' lang='lat'><strong>,</strong></span> <span class='ocrx_word' id='word_1_182' title='bbox 1006 2803 1103 2841; x_wconf 88' lang='lat' dir='ltr'><strong>nec</strong></span> <span class='ocrx_word' id='word_1_183' title='bbox 1162 2786 1423 2856; x_wconf 88' lang='lat' dir='ltr'><strong>Spiritum</strong></span> <span class='ocrx_word' id='word_1_184' title='bbox 1490 2794 1738 2839; x_wconf 88' lang='lat' dir='ltr'><strong>sanctum</strong></span> <span class='ocrx_word' id='word_1_185' title='bbox 1767 2781 2035 2836; x_wconf 81' lang='lat' dir='ltr'><strong>creaturis</strong></span> <span class='ocrx_word' id='word_1_186' title='bbox 2069 2780 2278 2835; x_wconf 85' lang='lat' dir='ltr'><strong>adscri-</strong></span> 
     </span>
    </p>
   </div>
   <div class='ocr_carea' id='block_1_31' title="bbox 716 2872 2278 2950">
    <p class='ocr_par' dir='ltr' id='par_1_31' title="bbox 716 2872 2278 2950">
     <span class='ocr_line' id='line_1_31' title="bbox 716 2872 2278 2950; baseline -0.006 -16"><span class='ocrx_word' id='word_1_187' title='bbox 716 2882 843 2935; x_wconf 80' lang='lat' dir='ltr'><strong>bere</strong></span> <span class='ocrx_word' id='word_1_188' title='bbox 879 2888 1127 2950; x_wconf 79' lang='lat' dir='ltr'><strong>possunt,</strong></span> <span class='ocrx_word' id='word_1_189' title='bbox 1182 2893 1306 2931; x_wconf 91' lang='lat' dir='ltr'><strong>nam</strong></span> <span class='ocrx_word' id='word_1_190' title='bbox 1369 2886 1598 2942; x_wconf 88' lang='lat' dir='ltr'><strong>uterque</strong></span> <span class='ocrx_word' id='word_1_191' title='bbox 1652 2882 1731 2928; x_wconf 90' lang='lat' dir='ltr'><strong>est</strong></span> <span class='ocrx_word' id='word_1_192' title='bbox 1792 2872 2081 2927; x_wconf 80' lang='lat' dir='ltr'><strong>tnell&#39;abilis</strong></span> <span class='ocrx_word' id='word_1_193' title='bbox 2135 2872 2278 2925; x_wconf 87' lang='lat' dir='ltr'><strong>haud</strong></span> 
     </span>
    </p>
   </div>
   <div class='ocr_carea' id='block_1_32' title="bbox 714 2962 2274 3033">
    <p class='ocr_par' dir='ltr' id='par_1_32' title="bbox 714 2962 2274 3033">
     <span class='ocr_line' id='line_1_32' title="bbox 714 2962 2274 3033; baseline -0.007 -8"><span class='ocrx_word' id='word_1_194' title='bbox 714 2986 874 3026; x_wconf 89' lang='lat' dir='ltr'><strong>secus</strong></span> <span class='ocrx_word' id='word_1_195' title='bbox 933 2986 994 3023; x_wconf 90' lang='lat' dir='ltr'><strong>ac</strong></span> <span class='ocrx_word' id='word_1_196' title='bbox 1049 2971 1223 3023; x_wconf 85' lang='lat' dir='ltr'><strong>Pater.</strong></span> <span class='ocrx_word' id='word_1_197' title='bbox 1281 2969 1435 3033; x_wconf 76' lang='lat' dir='ltr'><strong>Quod</strong></span> <span class='ocrx_word' id='word_1_198' title='bbox 1490 2968 1534 3021; x_wconf 92' lang='lat' dir='ltr'><strong>si</strong></span> <span class='ocrx_word' id='word_1_199' title='bbox 1592 2980 1781 3020; x_wconf 88' lang='lat' dir='ltr'><strong>rursus</strong></span> <span class='ocrx_word' id='word_1_200' title='bbox 1829 2964 2015 3017; x_wconf 87' lang='lat' dir='ltr'><strong>dicant</strong></span> <span class='ocrx_word' id='word_1_201' title='bbox 2065 2962 2274 3016; x_wconf 92' lang='lat' dir='ltr'><strong>nullum</strong></span> 
     </span>
    </p>
   </div>
   <div class='ocr_carea' id='block_1_33' title="bbox 716 3055 2276 3123">
    <p class='ocr_par' dir='ltr' id='par_1_33' title="bbox 716 3055 2276 3123">
     <span class='ocr_line' id='line_1_33' title="bbox 716 3055 2276 3123; baseline -0.004 -10"><span class='ocrx_word' id='word_1_202' title='bbox 716 3077 839 3116; x_wconf 76' lang='lat' dir='ltr'><strong>esse</strong></span> <span class='ocrx_word' id='word_1_203' title='bbox 900 3062 1189 3115; x_wconf 76' lang='lat' dir='ltr'><strong>disrrimen</strong></span> <span class='ocrx_word' id='word_1_204' title='bbox 1250 3059 1540 3114; x_wconf 77' lang='lat' dir='ltr'><strong>essentiam</strong></span> <span class='ocrx_word' id='word_1_205' title='bbox 1606 3058 1744 3110; x_wconf 85' lang='lat' dir='ltr'><strong>inter</strong></span> <span class='ocrx_word' id='word_1_206' title='bbox 1795 3063 1850 3110; x_wconf 91' lang='lat' dir='ltr'><strong>et</strong></span> <span class='ocrx_word' id='word_1_207' title='bbox 1880 3055 2276 3123; x_wconf 89' lang='lat' dir='ltr'><strong>operationem,</strong></span> 
     </span>
    </p>
   </div>
   <div class='ocr_carea' id='block_1_34' title="bbox 2375 595 3943 666">
    <p class='ocr_par' dir='ltr' id='par_1_34' title="bbox 2375 595 3943 666">
     <span class='ocr_line' id='line_1_34' title="bbox 2375 595 3943 666; baseline -0.002 -17"><span class='ocrx_word' id='word_1_208' title='bbox 2375 597 2668 660; x_wconf 78' lang='grc' dir='ltr'><strong>δέδεικται,</strong></span> <span class='ocrx_word' id='word_1_209' title='bbox 2713 598 2807 651; x_wconf 88' lang='grc' dir='ltr'>τοῦ</span> <span class='ocrx_word' id='word_1_210' title='bbox 2840 598 3005 651; x_wconf 82' lang='grc' dir='ltr'>αὑτοῦ</span> <span class='ocrx_word' id='word_1_211' title='bbox 3046 595 3181 650; x_wconf 85' lang='grc' dir='ltr'>Θεοῦ</span> <span class='ocrx_word' id='word_1_212' title='bbox 3207 597 3462 663; x_wconf 77' lang='grc' dir='ltr'>λέγοντας</span> <span class='ocrx_word' id='word_1_213' title='bbox 3498 596 3766 666; x_wconf 78' lang='grc' dir='ltr'>θεότητα,</span> <span class='ocrx_word' id='word_1_214' title='bbox 3801 595 3943 647; x_wconf 74' lang='grc' dir='ltr'>πολυ-</span> 
     </span>
    </p>
   </div>
   <div class='ocr_carea' id='block_1_35' title="bbox 2378 682 4019 759">
    <p class='ocr_par' dir='ltr' id='par_1_35' title="bbox 2378 682 4019 759">
     <span class='ocr_line' id='line_1_35' title="bbox 2378 682 4019 759; baseline 0.001 -19"><span class='ocrx_word' id='word_1_215' title='bbox 2378 688 2533 751; x_wconf 80' lang='grc' dir='ltr'>θέους</span> <span class='ocrx_word' id='word_1_216' title='bbox 2561 689 2789 759; x_wconf 78' lang='grc' dir='ltr'>ἔφησαν.</span> <span class='ocrx_word' id='word_1_217' title='bbox 2816 691 2980 743; x_wconf 71' lang='grc' dir='ltr'>Αὐτοὶ</span> <span class='ocrx_word' id='word_1_218' title='bbox 3016 691 3144 744; x_wconf 82' lang='grc' dir='ltr'>ποτὲ</span> <span class='ocrx_word' id='word_1_219' title='bbox 3183 688 3280 758; x_wconf 78' lang='grc' dir='ltr'><strong>μὲν</strong></span> <span class='ocrx_word' id='word_1_220' title='bbox 3326 689 3457 757; x_wconf 78' lang='grc' dir='ltr'>μίαν</span> <span class='ocrx_word' id='word_1_221' title='bbox 3494 689 3761 757; x_wconf 78' lang='grc' dir='ltr'>λέγοντες</span> <span class='ocrx_word' id='word_1_222' title='bbox 3806 687 3941 741; x_wconf 72' lang='grc' dir='ltr'>ἀκτι-</span> <span class='ocrx_word' id='word_1_223' title='bbox 4018 682 4019 741; x_wconf 66' lang='grc' dir='ltr'>ξ</span> 
     </span>
    </p>
   </div>
   <div class='ocr_carea' id='block_1_36' title="bbox 2378 778 4023 851">
    <p class='ocr_par' dir='ltr' id='par_1_36' title="bbox 2378 778 4023 851">
     <span class='ocr_line' id='line_1_36' title="bbox 2378 778 4023 851; baseline -0.005 -18"><span class='ocrx_word' id='word_1_224' title='bbox 2378 797 2502 833; x_wconf 88' lang='grc' dir='ltr'>στον</span> <span class='ocrx_word' id='word_1_225' title='bbox 2530 782 2621 835; x_wconf 86' lang='grc' dir='ltr'>τοῦ</span> <span class='ocrx_word' id='word_1_226' title='bbox 2660 781 2796 835; x_wconf 83' lang='grc' dir='ltr'>Θεοῦ</span> <span class='ocrx_word' id='word_1_227' title='bbox 2828 782 3058 851; x_wconf 77' lang='grc' dir='ltr'>θεότητα</span> <span class='ocrx_word' id='word_1_228' title='bbox 3092 784 3187 851; x_wconf 76' lang='grc' dir='ltr'>τὴν</span> <span class='ocrx_word' id='word_1_229' title='bbox 3226 782 3669 851; x_wconf 82' lang='grc' dir='ltr'>ὑπερουσιότητα</span> <span class='ocrx_word' id='word_1_230' title='bbox 3722 778 3941 843; x_wconf 62' lang='grc' dir='ltr'>ἐκείνην,</span> <span class='ocrx_word' id='word_1_231' title='bbox 4016 800 4023 851; x_wconf 42' lang='grc' dir='ltr'><strong>γ</strong></span> 
     </span>
    </p>
   </div>
   <div class='ocr_carea' id='block_1_37' title="bbox 2378 868 4023 940">
    <p class='ocr_par' dir='ltr' id='par_1_37' title="bbox 2378 868 4023 940">
     <span class='ocr_line' id='line_1_37' title="bbox 2378 868 4023 940; baseline -0.006 -14"><span class='ocrx_word' id='word_1_232' title='bbox 2378 875 2602 937; x_wconf 70' lang='lat' dir='ltr'><strong>mm;</strong></span> <span class='ocrx_word' id='word_1_233' title='bbox 2626 874 2799 937; x_wconf 77' lang='grc' dir='ltr'><strong>δὲτὰς</strong></span> <span class='ocrx_word' id='word_1_234' title='bbox 2831 874 3181 936; x_wconf 79' lang='grc' dir='ltr'><strong>ὑπολοίπους,</strong></span> <span class='ocrx_word' id='word_1_235' title='bbox 3215 874 3333 925; x_wconf 75' lang='grc' dir='ltr'>ὅσαι</span> <span class='ocrx_word' id='word_1_236' title='bbox 3362 872 3606 940; x_wconf 83' lang='grc' dir='ltr'>δηλονότι</span> <span class='ocrx_word' id='word_1_237' title='bbox 3652 869 3772 923; x_wconf 82' lang='grc' dir='ltr'><strong>τῶν</strong></span> <span class='ocrx_word' id='word_1_238' title='bbox 3802 868 3943 920; x_wconf 75' lang='grc' dir='ltr'>θείων</span> <span class='ocrx_word' id='word_1_239' title='bbox 4022 868 4023 871; x_wconf 62' lang='grc'><em>“</em></span> 
     </span>
    </p>
   </div>
   <div class='ocr_carea' id='block_1_38' title="bbox 2379 960 4025 1033">
    <p class='ocr_par' dir='ltr' id='par_1_38' title="bbox 2379 960 4025 1033">
     <span class='ocr_line' id='line_1_38' title="bbox 2379 960 4025 1033; baseline 0.001 -16"><span class='ocrx_word' id='word_1_240' title='bbox 2379 964 2670 1031; x_wconf 83' lang='grc' dir='ltr'>ἐνεργειῶν</span> <span class='ocrx_word' id='word_1_241' title='bbox 2698 964 3100 1033; x_wconf 81' lang='grc' dir='ltr'>Οεωνυμοῦνται</span> <span class='ocrx_word' id='word_1_242' title='bbox 3118 965 3265 1033; x_wconf 75' lang='grc' dir='ltr'>παρὰ</span> <span class='ocrx_word' id='word_1_243' title='bbox 3286 962 3395 1015; x_wconf 84' lang='grc' dir='ltr'>τῶν</span> <span class='ocrx_word' id='word_1_244' title='bbox 3418 964 3612 1029; x_wconf 82' lang='grc' dir='ltr'>ἁγίων,</span> <span class='ocrx_word' id='word_1_245' title='bbox 3630 960 3712 1023; x_wconf 86' lang='grc' dir='ltr'><strong>ῶς</strong></span> <span class='ocrx_word' id='word_1_246' title='bbox 3740 961 3943 1029; x_wconf 72' lang='grc' dir='ltr'><strong>’Ἄρειος</strong></span> <span class='ocrx_word' id='word_1_247' title='bbox 4024 960 4025 973; x_wconf 53' lang='grc'><em>“</em></span> 
     </span>
    </p>
   </div>
   <div class='ocr_carea' id='block_1_39' title="bbox 2384 1049 3946 1124">
    <p class='ocr_par' dir='ltr' id='par_1_39' title="bbox 2384 1049 3946 1124">
     <span class='ocr_line' id='line_1_39' title="bbox 2384 1049 3946 1124; baseline -0.005 -17"><span class='ocrx_word' id='word_1_248' title='bbox 2384 1057 2510 1124; x_wconf 81' lang='grc' dir='ltr'>μίαν</span> <span class='ocrx_word' id='word_1_249' title='bbox 2540 1058 2792 1109; x_wconf 77' lang='grc' dir='ltr'>ἅκτιστον</span> <span class='ocrx_word' id='word_1_250' title='bbox 2833 1055 3129 1107; x_wconf 72' lang='grc' dir='ltr'><strong>ὑπόστασιν</strong></span> <span class='ocrx_word' id='word_1_251' title='bbox 3179 1055 3274 1123; x_wconf 82' lang='grc' dir='ltr'>τὴν</span> <span class='ocrx_word' id='word_1_252' title='bbox 3300 1054 3395 1106; x_wconf 88' lang='grc' dir='ltr'>τοῦ</span> <span class='ocrx_word' id='word_1_253' title='bbox 3445 1052 3685 1121; x_wconf 72' lang='grc' dir='ltr'>Πατρὸς,</span> <span class='ocrx_word' id='word_1_254' title='bbox 3736 1049 3946 1111; x_wconf 73' lang='grc' dir='ltr'>κτιστὰς</span> 
     </span>
    </p>
   </div>
   <div class='ocr_carea' id='block_1_40' title="bbox 2378 1141 3944 1213">
    <p class='ocr_par' dir='ltr' id='par_1_40' title="bbox 2378 1141 3944 1213">
     <span class='ocr_line' id='line_1_40' title="bbox 2378 1141 3944 1213; baseline -0.006 -14"><span class='ocrx_word' id='word_1_255' title='bbox 2378 1147 2434 1199; x_wconf 77' lang='grc' dir='ltr'><strong>δὲ</strong></span> <span class='ocrx_word' id='word_1_256' title='bbox 2468 1147 2564 1209; x_wconf 76' lang='grc' dir='ltr'>τὰς</span> <span class='ocrx_word' id='word_1_257' title='bbox 2618 1146 2941 1208; x_wconf 78' lang='grc' dir='ltr'>ὑπολοίπους</span> <span class='ocrx_word' id='word_1_258' title='bbox 2968 1164 2981 1177; x_wconf 78' lang='grc'><em>’</em></span> <span class='ocrx_word' id='word_1_259' title='bbox 3019 1146 3112 1198; x_wconf 88' lang='grc' dir='ltr'>νῦν</span> <span class='ocrx_word' id='word_1_260' title='bbox 3140 1147 3195 1199; x_wconf 79' lang='grc' dir='ltr'><strong>δὲ</strong></span> <span class='ocrx_word' id='word_1_261' title='bbox 3229 1145 3521 1213; x_wconf 64' lang='grc' dir='ltr'>ἀδιάφορον</span> <span class='ocrx_word' id='word_1_262' title='bbox 3549 1145 3616 1211; x_wconf 80' lang='grc' dir='ltr'>τῇ</span> <span class='ocrx_word' id='word_1_263' title='bbox 3666 1142 3831 1211; x_wconf 72' lang='grc' dir='ltr'>οὐσία</span> <span class='ocrx_word' id='word_1_264' title='bbox 3858 1141 3944 1208; x_wconf 69' lang='grc' dir='ltr'>τὴν</span> 
     </span>
    </p>
   </div>
   <div class='ocr_carea' id='block_1_41' title="bbox 2380 1233 3943 1307">
    <p class='ocr_par' dir='ltr' id='par_1_41' title="bbox 2380 1233 3943 1307">
     <span class='ocr_line' id='line_1_41' title="bbox 2380 1233 3943 1307; baseline -0.005 -18"><span class='ocrx_word' id='word_1_265' title='bbox 2380 1238 2683 1307; x_wconf 66' lang='grc' dir='ltr'>ἐνέργειαν,</span> <span class='ocrx_word' id='word_1_266' title='bbox 2719 1238 2791 1300; x_wconf 84' lang='grc' dir='ltr'>ὡς</span> <span class='ocrx_word' id='word_1_267' title='bbox 2818 1241 2845 1291; x_wconf 81' lang='grc' dir='ltr'>ὁ</span> <span class='ocrx_word' id='word_1_268' title='bbox 2877 1238 3160 1293; x_wconf 75' lang='grc' dir='ltr'>Σαϐελλιος</span> <span class='ocrx_word' id='word_1_269' title='bbox 3210 1240 3275 1306; x_wconf 79' lang='grc' dir='ltr'>τῇ</span> <span class='ocrx_word' id='word_1_270' title='bbox 3307 1237 3467 1305; x_wconf 75' lang='grc' dir='ltr'>οὐσία</span> <span class='ocrx_word' id='word_1_271' title='bbox 3497 1235 3596 1303; x_wconf 74' lang='grc' dir='ltr'><strong>τὴν</strong></span> <span class='ocrx_word' id='word_1_272' title='bbox 3627 1233 3943 1293; x_wconf 82' lang='grc' dir='ltr'>ὑπόστασιν,</span> 
     </span>
    </p>
   </div>
   <div class='ocr_carea' id='block_1_42' title="bbox 2380 1324 4033 1397">
    <p class='ocr_par' dir='ltr' id='par_1_42' title="bbox 2380 1324 4033 1397">
     <span class='ocr_line' id='line_1_42' title="bbox 2380 1324 4033 1397; baseline -0.003 -17"><span class='ocrx_word' id='word_1_273' title='bbox 2380 1331 2473 1381; x_wconf 50' lang='grc' dir='ltr'><strong>καὶ⁵</strong></span> <span class='ocrx_word' id='word_1_274' title='bbox 2498 1327 2639 1380; x_wconf 77' lang='grc' dir='ltr'>οὑτω</span> <span class='ocrx_word' id='word_1_275' title='bbox 2670 1330 2729 1381; x_wconf 84' lang='grc' dir='ltr'><strong>τὸ</strong></span> <span class='ocrx_word' id='word_1_276' title='bbox 2759 1331 2957 1384; x_wconf 84' lang='grc' dir='ltr'>ἐνιαῖον</span> <span class='ocrx_word' id='word_1_277' title='bbox 2990 1330 3087 1394; x_wconf 80' lang='grc' dir='ltr'><strong>τῆς</strong></span> <span class='ocrx_word' id='word_1_278' title='bbox 3132 1329 3382 1397; x_wconf 81' lang='grc' dir='ltr'><strong>θεότητος</strong></span> <span class='ocrx_word' id='word_1_279' title='bbox 3407 1324 3942 1393; x_wconf 76' lang='grc' dir='ltr'><strong>ἐπιστρατεύσαντες</strong></span> <span class='ocrx_word' id='word_1_280' title='bbox 4032 1330 4033 1387; x_wconf 84' lang='grc'><strong>1</strong></span> 
     </span>
    </p>
   </div>
   <div class='ocr_carea' id='block_1_43' title="bbox 2380 1416 3947 1491">
    <p class='ocr_par' dir='ltr' id='par_1_43' title="bbox 2380 1416 3947 1491">
     <span class='ocr_line' id='line_1_43' title="bbox 2380 1416 3947 1491; baseline -0.003 -20"><span class='ocrx_word' id='word_1_281' title='bbox 2380 1418 2456 1486; x_wconf 84' lang='grc' dir='ltr'>τῷ</span> <span class='ocrx_word' id='word_1_282' title='bbox 2497 1419 2901 1491; x_wconf 74' lang='grc' dir='ltr'>διακεκριμένῳ</span> <span class='ocrx_word' id='word_1_283' title='bbox 2941 1422 3036 1483; x_wconf 83' lang='grc' dir='ltr'><strong>τὰς</strong></span> <span class='ocrx_word' id='word_1_284' title='bbox 3065 1421 3172 1474; x_wconf 80' lang='grc' dir='ltr'>ἀπὸ</span> <span class='ocrx_word' id='word_1_285' title='bbox 3201 1420 3309 1473; x_wconf 85' lang='grc' dir='ltr'><strong>τῶν</strong></span> <span class='ocrx_word' id='word_1_286' title='bbox 3352 1419 3515 1487; x_wconf 74' lang='grc' dir='ltr'>ιερῶν</span> <span class='ocrx_word' id='word_1_287' title='bbox 3546 1417 3794 1487; x_wconf 77' lang='grc' dir='ltr'>Γραφῶν</span> <span class='ocrx_word' id='word_1_288' title='bbox 3832 1416 3947 1484; x_wconf 75' lang='grc' dir='ltr'>περὶ</span> 
     </span>
    </p>
   </div>
   <div class='ocr_carea' id='block_1_44' title="bbox 2386 1506 3947 1584">
    <p class='ocr_par' dir='ltr' id='par_1_44' title="bbox 2386 1506 3947 1584">
     <span class='ocr_line' id='line_1_44' title="bbox 2386 1506 3947 1584; baseline 0.008 -22"><span class='ocrx_word' id='word_1_289' title='bbox 2386 1512 2515 1579; x_wconf 79' lang='grc' dir='ltr'>μιᾶς</span> <span class='ocrx_word' id='word_1_290' title='bbox 2543 1511 2790 1581; x_wconf 68' lang='grc' dir='ltr'>θεότητος</span> <span class='ocrx_word' id='word_1_291' title='bbox 2826 1514 3013 1584; x_wconf 75' lang='grc' dir='ltr'>ῥήσεις</span> <span class='ocrx_word' id='word_1_292' title='bbox 3044 1514 3501 1582; x_wconf 77' lang='grc' dir='ltr'><strong>συμφορήσαντες</strong></span> <span class='ocrx_word' id='word_1_293' title='bbox 3537 1509 3678 1562; x_wconf 72' lang='grc' dir='ltr'><strong>κατά</strong></span> <span class='ocrx_word' id='word_1_294' title='bbox 3710 1506 3827 1560; x_wconf 71' lang='grc' dir='ltr'><strong>τῶν</strong></span> <span class='ocrx_word' id='word_1_295' title='bbox 3865 1506 3947 1574; x_wconf 69' lang='grc' dir='ltr'><strong>ὄρ·</strong></span> 
     </span>
    </p>
   </div>
   <div class='ocr_carea' id='block_1_45' title="bbox 2382 1596 3943 1677">
    <p class='ocr_par' dir='ltr' id='par_1_45' title="bbox 2382 1596 3943 1677">
     <span class='ocr_line' id='line_1_45' title="bbox 2382 1596 3943 1677; baseline -0.003 -24"><span class='ocrx_word' id='word_1_296' title='bbox 2382 1601 2607 1677; x_wconf 58' lang='grc' dir='ltr'>θοδόξιης</span> <span class='ocrx_word' id='word_1_297' title='bbox 2630 1602 2913 1671; x_wconf 70' lang='grc' dir='ltr'>ἀμφότερα</span> <span class='ocrx_word' id='word_1_298' title='bbox 2938 1603 3298 1671; x_wconf 74' lang='grc' dir='ltr'><strong>φρονούντων,</strong></span> <span class='ocrx_word' id='word_1_299' title='bbox 3321 1600 3722 1670; x_wconf 76' lang='grc' dir='ltr'>προϐάλλονται</span> <span class='ocrx_word' id='word_1_300' title='bbox 3744 1596 3943 1658; x_wconf 81' lang='grc' dir='ltr'>κακῶς.</span> 
     </span>
    </p>
   </div>
   <div class='ocr_carea' id='block_1_46' title="bbox 2382 1688 3945 1761">
    <p class='ocr_par' dir='ltr' id='par_1_46' title="bbox 2382 1688 3945 1761">
     <span class='ocr_line' id='line_1_46' title="bbox 2382 1688 3945 1761; baseline 0.002 -19"><span class='ocrx_word' id='word_1_301' title='bbox 2382 1691 2453 1743; x_wconf 62' lang='grc' dir='ltr'>Σὺ</span> <span class='ocrx_word' id='word_1_302' title='bbox 2480 1691 2536 1744; x_wconf 78' lang='grc' dir='ltr'><strong>δέ</strong></span> <span class='ocrx_word' id='word_1_303' title='bbox 2570 1692 2940 1761; x_wconf 81' lang='grc' dir='ltr'>προσαγαγὼν</span> <span class='ocrx_word' id='word_1_304' title='bbox 2978 1696 3106 1756; x_wconf 76' lang='grc' dir='ltr'>τοὺς</span> <span class='ocrx_word' id='word_1_305' title='bbox 3137 1693 3360 1746; x_wconf 76' lang='grc' dir='ltr'><strong>ἐκείνων</strong></span> <span class='ocrx_word' id='word_1_306' title='bbox 3387 1693 3579 1759; x_wconf 75' lang='grc' dir='ltr'>λόγους</span> <span class='ocrx_word' id='word_1_307' title='bbox 3624 1689 3703 1759; x_wconf 82' lang='grc' dir='ltr'>τῷ</span> <span class='ocrx_word' id='word_1_308' title='bbox 3738 1689 3838 1757; x_wconf 80' lang='grc' dir='ltr'><strong>τῆς</strong></span> <span class='ocrx_word' id='word_1_309' title='bbox 3862 1688 3945 1741; x_wconf 76' lang='grc' dir='ltr'><strong>εὖ·</strong></span> 
     </span>
    </p>
   </div>
   <div class='ocr_carea' id='block_1_47' title="bbox 2384 1780 4041 1852">
    <p class='ocr_par' dir='ltr' id='par_1_47' title="bbox 2384 1780 4041 1852">
     <span class='ocr_line' id='line_1_47' title="bbox 2384 1780 4041 1852; baseline -0.001 -19"><span class='ocrx_word' id='word_1_310' title='bbox 2384 1781 2597 1843; x_wconf 71' lang='grc' dir='ltr'>σεῆείας</span> <span class='ocrx_word' id='word_1_311' title='bbox 2632 1783 2888 1852; x_wconf 84' lang='grc' dir='ltr'>γνώμονι,</span> <span class='ocrx_word' id='word_1_312' title='bbox 2922 1785 2979 1844; x_wconf 84' lang='grc' dir='ltr'><strong>ὃς</strong></span> <span class='ocrx_word' id='word_1_313' title='bbox 3014 1785 3107 1838; x_wconf 85' lang='grc' dir='ltr'>τοῦ</span> <span class='ocrx_word' id='word_1_314' title='bbox 3139 1783 3303 1837; x_wconf 86' lang='grc' dir='ltr'>αὑτοῦ</span> <span class='ocrx_word' id='word_1_315' title='bbox 3353 1782 3587 1851; x_wconf 74' lang='grc' dir='ltr'>θεότητά</span> <span class='ocrx_word' id='word_1_316' title='bbox 3620 1798 3817 1851; x_wconf 79' lang='grc' dir='ltr'>φησιν,</span> <span class='ocrx_word' id='word_1_317' title='bbox 3841 1780 3945 1831; x_wconf 70' lang='grc' dir='ltr'>ἔστι</span> <span class='ocrx_word' id='word_1_318' title='bbox 4040 1784 4041 1789; x_wconf 70' lang='grc'><em>“</em></span> 
     </span>
    </p>
   </div>
   <div class='ocr_carea' id='block_1_48' title="bbox 2384 1870 3943 1941">
    <p class='ocr_par' dir='ltr' id='par_1_48' title="bbox 2384 1870 3943 1941">
     <span class='ocr_line' id='line_1_48' title="bbox 2384 1870 3943 1941; baseline 0.001 -19"><span class='ocrx_word' id='word_1_319' title='bbox 2384 1871 2481 1939; x_wconf 88' lang='grc' dir='ltr'>μέν</span> <span class='ocrx_word' id='word_1_320' title='bbox 2510 1870 2584 1933; x_wconf 82' lang='grc' dir='ltr'><strong>ὣς</strong></span> <span class='ocrx_word' id='word_1_321' title='bbox 2621 1872 2769 1940; x_wconf 84' lang='grc' dir='ltr'>μίαν.</span> <span class='ocrx_word' id='word_1_322' title='bbox 2825 1874 2938 1925; x_wconf 75' lang='grc' dir='ltr'>ἐστι</span> <span class='ocrx_word' id='word_1_323' title='bbox 2974 1874 3017 1925; x_wconf 81' lang='grc' dir='ltr'><strong>δ’</strong></span> <span class='ocrx_word' id='word_1_324' title='bbox 3048 1874 3123 1934; x_wconf 82' lang='grc' dir='ltr'>ὣς</span> <span class='ocrx_word' id='word_1_325' title='bbox 3158 1873 3219 1928; x_wconf 90' lang='grc' dir='ltr'><strong>οὑ</strong></span> <span class='ocrx_word' id='word_1_326' title='bbox 3279 1872 3432 1941; x_wconf 87' lang='grc' dir='ltr'>μίαν,</span> <span class='ocrx_word' id='word_1_327' title='bbox 3468 1872 3715 1933; x_wconf 74' lang='grc' dir='ltr'>ἐκείνους</span> <span class='ocrx_word' id='word_1_328' title='bbox 3757 1870 3943 1931; x_wconf 56' lang='lat' dir='ltr'><strong>autat);</strong></span> 
     </span>
    </p>
   </div>
   <div class='ocr_carea' id='block_1_49' title="bbox 2380 1960 3944 2033">
    <p class='ocr_par' dir='ltr' id='par_1_49' title="bbox 2380 1960 3944 2033">
     <span class='ocr_line' id='line_1_49' title="bbox 2380 1960 3944 2033; baseline -0.001 -19"><span class='ocrx_word' id='word_1_329' title='bbox 2380 1961 2577 2026; x_wconf 80' lang='grc' dir='ltr'><strong>δείξεις</strong></span> <span class='ocrx_word' id='word_1_330' title='bbox 2612 1963 2906 2027; x_wconf 83' lang='grc' dir='ltr'>πολυθέους</span> <span class='ocrx_word' id='word_1_331' title='bbox 2928 1964 3094 2028; x_wconf 79' lang='grc' dir='ltr'>ὅντως</span> <span class='ocrx_word' id='word_1_332' title='bbox 3121 1966 3303 2029; x_wconf 68' lang='grc' dir='ltr'>ὄντας.</span> <span class='ocrx_word' id='word_1_333' title='bbox 3328 1965 3401 2027; x_wconf 83' lang='grc' dir='ltr'><strong>ὡς</strong></span> <span class='ocrx_word' id='word_1_334' title='bbox 3432 1964 3660 2033; x_wconf 77' lang='grc' dir='ltr'>κτιστὴν</span> <span class='ocrx_word' id='word_1_335' title='bbox 3688 1965 3783 2017; x_wconf 73' lang='grc' dir='ltr'><strong>καὶ</strong></span> <span class='ocrx_word' id='word_1_336' title='bbox 3810 1960 3944 2016; x_wconf 74' lang='grc' dir='ltr'>ἄκτι-</span> 
     </span>
    </p>
   </div>
   <div class='ocr_carea' id='block_1_50' title="bbox 2382 2040 3941 2127">
    <p class='ocr_par' dir='ltr' id='par_1_50' title="bbox 2382 2040 3941 2127">
     <span class='ocr_line' id='line_1_50' title="bbox 2382 2040 3941 2127; baseline 0 -20"><span class='ocrx_word' id='word_1_337' title='bbox 2382 2073 2505 2108; x_wconf 87' lang='grc' dir='ltr'>στον</span> <span class='ocrx_word' id='word_1_338' title='bbox 2536 2056 2629 2108; x_wconf 89' lang='grc' dir='ltr'>τοῦ</span> <span class='ocrx_word' id='word_1_339' title='bbox 2680 2055 2815 2109; x_wconf 86' lang='grc' dir='ltr'>Θεοῦ</span> <span class='ocrx_word' id='word_1_340' title='bbox 2854 2058 3082 2127; x_wconf 83' lang='grc' dir='ltr'>θεότητα</span> <span class='ocrx_word' id='word_1_341' title='bbox 3118 2040 3431 2127; x_wconf 63' lang='grc' dir='ltr'>φάσκοντιας</span> <span class='ocrx_word' id='word_1_342' title='bbox 3477 2056 3693 2124; x_wconf 82' lang='grc' dir='ltr'>κακῶς,</span> <span class='ocrx_word' id='word_1_343' title='bbox 3729 2058 3829 2124; x_wconf 81' lang='grc' dir='ltr'>τὴν</span> <span class='ocrx_word' id='word_1_344' title='bbox 3855 2056 3941 2124; x_wconf 75' lang='grc' dir='ltr'><strong>μὲν</strong></span> 
     </span>
    </p>
   </div>
   <div class='ocr_carea' id='block_1_51' title="bbox 2379 2146 3943 2216">
    <p class='ocr_par' dir='ltr' id='par_1_51' title="bbox 2379 2146 3943 2216">
     <span class='ocr_line' id='line_1_51' title="bbox 2379 2146 3943 2216; baseline 0 -18"><span class='ocrx_word' id='word_1_345' title='bbox 2379 2146 2547 2198; x_wconf 87' lang='grc' dir='ltr'>αὑτοῦ</span> <span class='ocrx_word' id='word_1_346' title='bbox 2580 2148 2768 2199; x_wconf 77' lang='grc' dir='ltr'>οὐσίαν</span> <span class='ocrx_word' id='word_1_347' title='bbox 2795 2149 2965 2216; x_wconf 77' lang='grc' dir='ltr'>μόνην</span> <span class='ocrx_word' id='word_1_348' title='bbox 3000 2150 3253 2203; x_wconf 78' lang='grc' dir='ltr'>άκτιστον</span> <span class='ocrx_word' id='word_1_349' title='bbox 3281 2146 3421 2202; x_wconf 78' lang='grc' dir='ltr'>εἶναι</span> <span class='ocrx_word' id='word_1_350' title='bbox 3447 2148 3811 2211; x_wconf 79' lang='grc' dir='ltr'>διδάσκοντας</span> <span class='ocrx_word' id='word_1_351' title='bbox 3840 2146 3943 2199; x_wconf 73' lang='lat'><strong>6:6-</strong></span> 
     </span>
    </p>
   </div>
   <div class='ocr_carea' id='block_1_52' title="bbox 2378 2239 3945 2313">
    <p class='ocr_par' dir='ltr' id='par_1_52' title="bbox 2378 2239 3945 2313">
     <span class='ocr_line' id='line_1_52' title="bbox 2378 2239 3945 2313; baseline 0 -21"><span class='ocrx_word' id='word_1_352' title='bbox 2378 2257 2539 2309; x_wconf 80' lang='grc' dir='ltr'>τητα,</span> <span class='ocrx_word' id='word_1_353' title='bbox 2572 2242 2666 2309; x_wconf 76' lang='grc' dir='ltr'><strong>τὴν</strong></span> <span class='ocrx_word' id='word_1_354' title='bbox 2694 2243 2750 2295; x_wconf 74' lang='grc' dir='ltr'><strong>δὲ</strong></span> <span class='ocrx_word' id='word_1_355' title='bbox 2778 2242 3033 2313; x_wconf 76' lang='grc' dir='ltr'>θεατικὴν</span> <span class='ocrx_word' id='word_1_356' title='bbox 3062 2244 3292 2311; x_wconf 80' lang='grc' dir='ltr'>δύναμίν</span> <span class='ocrx_word' id='word_1_357' title='bbox 3321 2260 3381 2296; x_wconf 85' lang='grc' dir='ltr'>τε</span> <span class='ocrx_word' id='word_1_358' title='bbox 3418 2243 3514 2296; x_wconf 68' lang='grc' dir='ltr'>καὶ</span> <span class='ocrx_word' id='word_1_359' title='bbox 3546 2243 3837 2312; x_wconf 72' lang='grc' dir='ltr'>ἐνέργειαν</span> <span class='ocrx_word' id='word_1_360' title='bbox 3859 2239 3945 2293; x_wconf 86' lang='grc' dir='ltr'>τοῦ</span> 
     </span>
    </p>
   </div>
   <div class='ocr_carea' id='block_1_53' title="bbox 2381 2330 3942 2402">
    <p class='ocr_par' dir='ltr' id='par_1_53' title="bbox 2381 2330 3942 2402">
     <span class='ocr_line' id='line_1_53' title="bbox 2381 2330 3942 2402; baseline 0.002 -21"><span class='ocrx_word' id='word_1_361' title='bbox 2381 2332 2559 2383; x_wconf 82' lang='grc' dir='ltr'>πάντα</span> <span class='ocrx_word' id='word_1_362' title='bbox 2598 2334 2727 2399; x_wconf 64' lang='grc' dir='ltr'>πρὶν</span> <span class='ocrx_word' id='word_1_363' title='bbox 2774 2332 3042 2397; x_wconf 76' lang='grc' dir='ltr'>γενέσεως</span> <span class='ocrx_word' id='word_1_364' title='bbox 3071 2334 3272 2395; x_wconf 76' lang='grc' dir='ltr'><strong>εἰδότος</strong></span> <span class='ocrx_word' id='word_1_365' title='bbox 3303 2333 3398 2385; x_wconf 75' lang='grc' dir='ltr'>καὶ</span> <span class='ocrx_word' id='word_1_366' title='bbox 3426 2333 3525 2402; x_wconf 75' lang='grc' dir='ltr'>τὴν</span> <span class='ocrx_word' id='word_1_367' title='bbox 3557 2330 3727 2385; x_wconf 84' lang='grc' dir='ltr'>αὑτοῦ</span> <span class='ocrx_word' id='word_1_368' title='bbox 3776 2331 3942 2396; x_wconf 79' lang='grc' dir='ltr'><strong>ἀξίαν.</strong></span> 
     </span>
    </p>
   </div>
   <div class='ocr_carea' id='block_1_54' title="bbox 2381 2422 3942 2493">
    <p class='ocr_par' dir='ltr' id='par_1_54' title="bbox 2381 2422 3942 2493">
     <span class='ocr_line' id='line_1_54' title="bbox 2381 2422 3942 2493; baseline -0.001 -20"><span class='ocrx_word' id='word_1_369' title='bbox 2381 2424 2476 2473; x_wconf 68' lang='grc' dir='ltr'><strong>καὶ</strong></span> <span class='ocrx_word' id='word_1_370' title='bbox 2509 2424 2609 2489; x_wconf 75' lang='grc' dir='ltr'><strong>τὴν</strong></span> <span class='ocrx_word' id='word_1_371' title='bbox 2642 2422 2885 2487; x_wconf 74' lang='grc' dir='ltr'>ἐξουσίαν</span> <span class='ocrx_word' id='word_1_372' title='bbox 2932 2427 3025 2476; x_wconf 68' lang='grc' dir='ltr'><strong>καὶ</strong></span> <span class='ocrx_word' id='word_1_373' title='bbox 3065 2425 3163 2492; x_wconf 79' lang='grc' dir='ltr'>τὴν</span> <span class='ocrx_word' id='word_1_374' title='bbox 3195 2426 3454 2493; x_wconf 76' lang='grc' dir='ltr'>πρόνοιαν</span> <span class='ocrx_word' id='word_1_375' title='bbox 3483 2425 3561 2483; x_wconf 67' lang='grc' dir='ltr'>είς</span> <span class='ocrx_word' id='word_1_376' title='bbox 3609 2422 3819 2490; x_wconf 84' lang='grc' dir='ltr'>κτίσμα</span> <span class='ocrx_word' id='word_1_377' title='bbox 3848 2437 3942 2471; x_wconf 75' lang='grc' dir='ltr'>κα-</span> 
     </span>
    </p>
   </div>
   <div class='ocr_carea' id='block_1_55' title="bbox 2378 2494 3979 2581">
    <p class='ocr_par' dir='ltr' id='par_1_55' title="bbox 2378 2494 3979 2581">
     <span class='ocr_line' id='line_1_55' title="bbox 2378 2494 3979 2581; baseline -0.002 -17"><span class='ocrx_word' id='word_1_378' title='bbox 2378 2512 2723 2575; x_wconf 80' lang='grc' dir='ltr'>τασπῶντας.</span> <span class='ocrx_word' id='word_1_379' title='bbox 2772 2513 2929 2566; x_wconf 74' lang='grc' dir='ltr'>Οὕτω</span> <span class='ocrx_word' id='word_1_380' title='bbox 2959 2514 3065 2581; x_wconf 81' lang='grc' dir='ltr'>γὰρ</span> <span class='ocrx_word' id='word_1_381' title='bbox 3114 2515 3208 2565; x_wconf 73' lang='grc' dir='ltr'>καὶ</span> <span class='ocrx_word' id='word_1_382' title='bbox 3239 2515 3265 2565; x_wconf 82' lang='grc' dir='ltr'>ὁ</span> <span class='ocrx_word' id='word_1_383' title='bbox 3294 2512 3429 2576; x_wconf 81' lang='grc' dir='ltr'>Θεὸς</span> <span class='ocrx_word' id='word_1_384' title='bbox 3476 2514 3668 2573; x_wconf 82' lang='grc' dir='ltr'>αὑτοῖς</span> <span class='ocrx_word' id='word_1_385' title='bbox 3718 2510 3796 2579; x_wconf 76' lang='grc' dir='ltr'>πῆ</span> <span class='ocrx_word' id='word_1_386' title='bbox 3853 2494 3979 2579; x_wconf 75' lang='grc' dir='ltr'><strong>μέν’</strong></span> 
     </span>
    </p>
   </div>
   <div class='ocr_carea' id='block_1_56' title="bbox 2381 2601 3942 2674">
    <p class='ocr_par' dir='ltr' id='par_1_56' title="bbox 2381 2601 3942 2674">
     <span class='ocr_line' id='line_1_56' title="bbox 2381 2601 3942 2674; baseline -0.002 -18"><span class='ocrx_word' id='word_1_387' title='bbox 2381 2607 2622 2670; x_wconf 76' lang='grc' dir='ltr'>κτιστδς,</span> <span class='ocrx_word' id='word_1_388' title='bbox 2656 2606 2731 2673; x_wconf 83' lang='grc' dir='ltr'>πῆ</span> <span class='ocrx_word' id='word_1_389' title='bbox 2756 2606 2799 2657; x_wconf 80' lang='grc' dir='ltr'>δ’</span> <span class='ocrx_word' id='word_1_390' title='bbox 2840 2606 3093 2666; x_wconf 85' lang='grc' dir='ltr'>άκτιστος</span> <span class='ocrx_word' id='word_1_391' title='bbox 3139 2606 3375 2674; x_wconf 77' lang='grc' dir='ltr'>ὑπάρξει</span> <span class='ocrx_word' id='word_1_392' title='bbox 3414 2606 3508 2657; x_wconf 73' lang='grc' dir='ltr'>καὶ</span> <span class='ocrx_word' id='word_1_393' title='bbox 3546 2605 3626 2666; x_wconf 82' lang='grc' dir='ltr'><strong>είς</strong></span> <span class='ocrx_word' id='word_1_394' title='bbox 3655 2601 3942 2656; x_wconf 76' lang='grc' dir='ltr'>τάναντιὼο</span> 
     </span>
    </p>
   </div>
   <div class='ocr_carea' id='block_1_57' title="bbox 2378 2693 3943 2768">
    <p class='ocr_par' dir='ltr' id='par_1_57' title="bbox 2378 2693 3943 2768">
     <span class='ocr_line' id='line_1_57' title="bbox 2378 2693 3943 2768; baseline -0.001 -21"><span class='ocrx_word' id='word_1_395' title='bbox 2378 2712 2517 2747; x_wconf 84' lang='grc' dir='ltr'>τατα</span> <span class='ocrx_word' id='word_1_396' title='bbox 2566 2696 2910 2768; x_wconf 78' lang='grc' dir='ltr'><strong>διῃρημένος.</strong></span> <span class='ocrx_word' id='word_1_397' title='bbox 2945 2696 3077 2747; x_wconf 81' lang='grc' dir='ltr'>Οὑδέ</span> <span class='ocrx_word' id='word_1_398' title='bbox 3128 2697 3236 2765; x_wconf 77' lang='grc' dir='ltr'><strong>γὰρ</strong></span> <span class='ocrx_word' id='word_1_399' title='bbox 3266 2698 3357 2748; x_wconf 79' lang='grc' dir='ltr'><strong>τὸν</strong></span> <span class='ocrx_word' id='word_1_400' title='bbox 3390 2695 3516 2747; x_wconf 79' lang='grc' dir='ltr'>Υίδν</span> <span class='ocrx_word' id='word_1_401' title='bbox 3551 2694 3584 2765; x_wconf 77' lang='grc' dir='ltr'>ἢ</span> <span class='ocrx_word' id='word_1_402' title='bbox 3632 2694 3697 2746; x_wconf 79' lang='grc' dir='ltr'><strong>τὸ</strong></span> <span class='ocrx_word' id='word_1_403' title='bbox 3731 2693 3943 2758; x_wconf 79' lang='grc' dir='ltr'>Πνεῦμα</span> 
     </span>
    </p>
   </div>
   <div class='ocr_carea' id='block_1_58' title="bbox 2379 2785 3945 2857">
    <p class='ocr_par' dir='ltr' id='par_1_58' title="bbox 2379 2785 3945 2857">
     <span class='ocr_line' id='line_1_58' title="bbox 2379 2785 3945 2857; baseline -0.001 -20"><span class='ocrx_word' id='word_1_404' title='bbox 2379 2786 2441 2838; x_wconf 82' lang='grc' dir='ltr'><strong>τὸ</strong></span> <span class='ocrx_word' id='word_1_405' title='bbox 2465 2787 2617 2853; x_wconf 73' lang='grc' dir='ltr'>ἅγιον</span> <span class='ocrx_word' id='word_1_406' title='bbox 2642 2787 2855 2857; x_wconf 76' lang='grc' dir='ltr'>ἔχουσιν</span> <span class='ocrx_word' id='word_1_407' title='bbox 2881 2787 3300 2855; x_wconf 77' lang='grc' dir='ltr'>ὑπολογίζεσθαι</span> <span class='ocrx_word' id='word_1_408' title='bbox 3320 2804 3333 2818; x_wconf 87' lang='grc'><strong>·</strong></span> <span class='ocrx_word' id='word_1_409' title='bbox 3370 2787 3579 2840; x_wconf 80' lang='grc' dir='ltr'>τούτων</span> <span class='ocrx_word' id='word_1_410' title='bbox 3622 2786 3736 2856; x_wconf 83' lang='grc' dir='ltr'>γὰρ</span> <span class='ocrx_word' id='word_1_411' title='bbox 3768 2785 3945 2841; x_wconf 74' lang='grc' dir='ltr'>ἑκάτε-</span> 
     </span>
    </p>
   </div>
   <div class='ocr_carea' id='block_1_59' title="bbox 2384 2870 3945 2947">
    <p class='ocr_par' dir='ltr' id='par_1_59' title="bbox 2384 2870 3945 2947">
     <span class='ocr_line' id='line_1_59' title="bbox 2384 2870 3945 2947; baseline -0.001 -20"><span class='ocrx_word' id='word_1_412' title='bbox 2384 2892 2477 2943; x_wconf 90' lang='grc' dir='ltr'>ρον</span> <span class='ocrx_word' id='word_1_413' title='bbox 2502 2875 2779 2942; x_wconf 75' lang='grc' dir='ltr'>ἄφραστον</span> <span class='ocrx_word' id='word_1_414' title='bbox 2808 2878 3003 2947; x_wconf 78' lang='grc' dir='ltr'>ἐπίσης</span> <span class='ocrx_word' id='word_1_415' title='bbox 3036 2876 3114 2944; x_wconf 82' lang='grc' dir='ltr'>τῷ</span> <span class='ocrx_word' id='word_1_416' title='bbox 3144 2876 3343 2947; x_wconf 73' lang='grc' dir='ltr'>Πατρί.</span> <span class='ocrx_word' id='word_1_417' title='bbox 3371 2877 3432 2928; x_wconf 85' lang='grc' dir='ltr'>Εἰ</span> <span class='ocrx_word' id='word_1_418' title='bbox 3458 2875 3507 2928; x_wconf 80' lang='grc' dir='ltr'><strong>δ’</strong></span> <span class='ocrx_word' id='word_1_419' title='bbox 3545 2870 3708 2936; x_wconf 75' lang='grc' dir='ltr'>αὖθις</span> <span class='ocrx_word' id='word_1_420' title='bbox 3740 2875 3945 2943; x_wconf 76' lang='grc' dir='ltr'>λέγοιεν</span> 
     </span>
    </p>
   </div>
   <div class='ocr_carea' id='block_1_60' title="bbox 2381 2965 3947 3039">
    <p class='ocr_par' dir='ltr' id='par_1_60' title="bbox 2381 2965 3947 3039">
     <span class='ocr_line' id='line_1_60' title="bbox 2381 2965 3947 3039; baseline 0.001 -23"><span class='ocrx_word' id='word_1_421' title='bbox 2381 2965 2673 3037; x_wconf 81' lang='grc' dir='ltr'>ἀδιάφορον</span> <span class='ocrx_word' id='word_1_422' title='bbox 2729 2965 2869 3027; x_wconf 77' lang='grc' dir='ltr'>εἶναι</span> <span class='ocrx_word' id='word_1_423' title='bbox 2902 2971 2966 3037; x_wconf 76' lang='grc' dir='ltr'>τῇ</span> <span class='ocrx_word' id='word_1_424' title='bbox 2996 2968 3155 3039; x_wconf 78' lang='grc' dir='ltr'>οὑσίᾳ</span> <span class='ocrx_word' id='word_1_425' title='bbox 3198 2967 3295 3038; x_wconf 76' lang='grc' dir='ltr'><strong>τὴν</strong></span> <span class='ocrx_word' id='word_1_426' title='bbox 3340 2967 3651 3038; x_wconf 81' lang='grc' dir='ltr'>ἐνέργειαν,</span> <span class='ocrx_word' id='word_1_427' title='bbox 3703 2969 3786 3029; x_wconf 81' lang='grc' dir='ltr'><strong>εἰς</strong></span> <span class='ocrx_word' id='word_1_428' title='bbox 3828 2967 3947 3035; x_wconf 83' lang='grc' dir='ltr'>μίαν</span> 
     </span>
    </p>
   </div>
   <div class='ocr_carea' id='block_1_61' title="bbox 2382 3055 3949 3125">
    <p class='ocr_par' dir='ltr' id='par_1_61' title="bbox 2382 3055 3949 3125">
     <span class='ocr_line' id='line_1_61' title="bbox 2382 3055 3949 3125; baseline 0.001 -18"><span class='ocrx_word' id='word_1_429' title='bbox 2382 3055 2584 3117; x_wconf 81' lang='grc' dir='ltr'>ταύτας</span> <span class='ocrx_word' id='word_1_430' title='bbox 2631 3057 3061 3125; x_wconf 67' lang='grc' dir='ltr'>συναλείφοντες,</span> <span class='ocrx_word' id='word_1_431' title='bbox 3108 3058 3271 3111; x_wconf 83' lang='grc' dir='ltr'>πάλιν</span> <span class='ocrx_word' id='word_1_432' title='bbox 3299 3058 3440 3112; x_wconf 76' lang='grc' dir='ltr'>κατὰ</span> <span class='ocrx_word' id='word_1_433' title='bbox 3481 3059 3573 3110; x_wconf 82' lang='grc' dir='ltr'><strong>τὸν</strong></span> <span class='ocrx_word' id='word_1_434' title='bbox 3613 3058 3784 3111; x_wconf 79' lang='grc' dir='ltr'>αὑτὸν</span> <span class='ocrx_word' id='word_1_435' title='bbox 3821 3056 3949 3125; x_wconf 76' lang='grc' dir='ltr'><strong>γνὼ-</strong></span> 
     </span>
    </p>
   </div>
   <div class='ocr_carea' id='block_1_62' title="bbox 717 3146 2278 3227">
    <p class='ocr_par' dir='ltr' id='par_1_62' title="bbox 717 3146 2272 3221">
     <span class='ocr_line' id='line_1_62' title="bbox 717 3146 2272 3221; baseline -0.005 -16"><span class='ocrx_word' id='word_1_436' title='bbox 717 3155 922 3221; x_wconf 83' lang='lat' dir='ltr'><strong>hasque</strong></span> <span class='ocrx_word' id='word_1_437' title='bbox 956 3153 1007 3205; x_wconf 92' lang='lat' dir='ltr'><strong>in</strong></span> <span class='ocrx_word' id='word_1_438' title='bbox 1097 3166 1257 3204; x_wconf 89' lang='lat' dir='ltr'><strong>unam</strong></span> <span class='ocrx_word' id='word_1_439' title='bbox 1343 3148 1695 3212; x_wconf 84' lang='lat' dir='ltr'><strong>coalescere;</strong></span> <span class='ocrx_word' id='word_1_440' title='bbox 1741 3155 1795 3200; x_wconf 92' lang='lat' dir='ltr'><strong>tu</strong></span> <span class='ocrx_word' id='word_1_441' title='bbox 1867 3146 2062 3199; x_wconf 89' lang='lat' dir='ltr'><strong>iterum</strong></span> <span class='ocrx_word' id='word_1_442' title='bbox 2119 3146 2272 3214; x_wconf 80' lang='lat' dir='ltr'><strong>juxta</strong></span> 
     </span>
    </p>
   </div>
   <div class='ocr_carea' id='block_1_63' title="bbox 2382 3146 3945 3227">
    <p class='ocr_par' dir='ltr' id='par_1_63' title="bbox 2386 3147 3945 3219">
     <span class='ocr_line' id='line_1_63' title="bbox 2386 3147 3945 3219; baseline 0.004 -21"><span class='ocrx_word' id='word_1_443' title='bbox 2386 3162 2521 3214; x_wconf 86' lang='grc' dir='ltr'>μονα</span> <span class='ocrx_word' id='word_1_444' title='bbox 2554 3147 2651 3214; x_wconf 85' lang='grc' dir='ltr'>τῆς</span> <span class='ocrx_word' id='word_1_445' title='bbox 2702 3147 2987 3211; x_wconf 72' lang='grc' dir='ltr'>εὐσεϐείας</span> <span class='ocrx_word' id='word_1_446' title='bbox 3031 3148 3153 3201; x_wconf 81' lang='grc' dir='ltr'>είπέ</span> <span class='ocrx_word' id='word_1_447' title='bbox 3182 3147 3274 3202; x_wconf 74' lang='grc' dir='ltr'><strong>καὶ</strong></span> <span class='ocrx_word' id='word_1_448' title='bbox 3312 3149 3427 3212; x_wconf 84' lang='grc' dir='ltr'><strong>πῶς</strong></span> <span class='ocrx_word' id='word_1_449' title='bbox 3475 3148 3507 3219; x_wconf 79' lang='grc' dir='ltr'>ἡ</span> <span class='ocrx_word' id='word_1_450' title='bbox 3552 3149 3651 3218; x_wconf 78' lang='grc' dir='ltr'>μὲν</span> <span class='ocrx_word' id='word_1_451' title='bbox 3693 3149 3945 3219; x_wconf 78' lang='grc' dir='ltr'>νοητὴ,ή</span> 
     </span>
    </p>
   </div>
   <div class='ocr_carea' id='block_1_64' title="bbox 713 3235 2278 3307">
    <p class='ocr_par' dir='ltr' id='par_1_64' title="bbox 713 3235 2278 3307">
     <span class='ocr_line' id='line_1_64' title="bbox 713 3235 2278 3307; baseline -0.004 -12"><span class='ocrx_word' id='word_1_452' title='bbox 713 3242 963 3296; x_wconf 84' lang='lat' dir='ltr'><strong>eumdem</strong></span> <span class='ocrx_word' id='word_1_453' title='bbox 1024 3242 1140 3293; x_wconf 73' lang='lat' dir='ltr'><strong>ﬁdei</strong></span> <span class='ocrx_word' id='word_1_454' title='bbox 1186 3241 1431 3295; x_wconf 80' lang='lat' dir='ltr'><strong>.indicem</strong></span> <span class='ocrx_word' id='word_1_455' title='bbox 1485 3238 1571 3291; x_wconf 88' lang='lat' dir='ltr'><strong>dic</strong></span> <span class='ocrx_word' id='word_1_456' title='bbox 1604 3237 1876 3307; x_wconf 84' lang='lat' dir='ltr'><strong>quomodo</strong></span> <span class='ocrx_word' id='word_1_457' title='bbox 1912 3236 2169 3290; x_wconf 89' lang='lat' dir='ltr'><strong>traditum</strong></span> <span class='ocrx_word' id='word_1_458' title='bbox 2205 3235 2278 3288; x_wconf 91' lang='lat' dir='ltr'><strong>sit</strong></span> 
     </span>
    </p>
   </div>
   <div class='ocr_carea' id='block_1_65' title="bbox 713 3328 2271 3401">
    <p class='ocr_par' dir='ltr' id='par_1_65' title="bbox 713 3328 2271 3401">
     <span class='ocr_line' id='line_1_65' title="bbox 713 3328 2271 3401; baseline -0.006 -13"><span class='ocrx_word' id='word_1_459' title='bbox 713 3328 1258 3401; x_wconf 72' lang='lat' dir='ltr'><strong>comprehensibilem</strong></span> <span class='ocrx_word' id='word_1_460' title='bbox 1345 3346 1465 3384; x_wconf 86' lang='lat' dir='ltr'><strong>esse</strong></span> <span class='ocrx_word' id='word_1_461' title='bbox 1548 3340 1604 3383; x_wconf 89' lang='lat' dir='ltr'><strong>et</strong></span> <span class='ocrx_word' id='word_1_462' title='bbox 1669 3328 2271 3395; x_wconf 82' lang='lat' dir='ltr'><strong>iucumprehensihilem</strong></span> 
     </span>
    </p>
   </div>
   <div class='ocr_carea' id='block_1_66' title="bbox 712 3406 2276 3494">
    <p class='ocr_par' dir='ltr' id='par_1_66' title="bbox 712 3406 2276 3494">
     <span class='ocr_line' id='line_1_66' title="bbox 712 3406 2276 3494; baseline -0.006 -14"><span class='ocrx_word' id='word_1_463' title='bbox 712 3426 955 3494; x_wconf 77' lang='lat' dir='ltr'><strong>ejusdem</strong></span> <span class='ocrx_word' id='word_1_464' title='bbox 1022 3423 1379 3483; x_wconf 83' lang='lat' dir='ltr'><strong>divinitatem,</strong></span> <span class='ocrx_word' id='word_1_465' title='bbox 1443 3420 1811 3489; x_wconf 70' lang='lat' dir='ltr'><strong>visiliilemque</strong></span> <span class='ocrx_word' id='word_1_466' title='bbox 1862 3420 1929 3474; x_wconf 91' lang='lat' dir='ltr'><strong>iis</strong></span> <span class='ocrx_word' id='word_1_467' title='bbox 1976 3434 2114 3488; x_wconf 85' lang='lat' dir='ltr'><strong>quos</strong></span> <span class='ocrx_word' id='word_1_468' title='bbox 2143 3406 2276 3471; x_wconf 55' lang='lat' dir='ltr'><strong>inte?</strong></span> 
     </span>
    </p>
   </div>
   <div class='ocr_carea' id='block_1_67' title="bbox 715 3510 2278 3585">
    <p class='ocr_par' dir='ltr' id='par_1_67' title="bbox 715 3510 2278 3585">
     <span class='ocr_line' id='line_1_67' title="bbox 715 3510 2278 3585; baseline -0.003 -16"><span class='ocrx_word' id='word_1_469' title='bbox 715 3518 825 3570; x_wconf 84' lang='lat' dir='ltr'><strong>rior</strong></span> <span class='ocrx_word' id='word_1_470' title='bbox 885 3514 1122 3585; x_wconf 88' lang='lat' dir='ltr'><strong>Spiritus</strong></span> <span class='ocrx_word' id='word_1_471' title='bbox 1195 3515 1367 3568; x_wconf 84' lang='lat' dir='ltr'><strong>virtus</strong></span> <span class='ocrx_word' id='word_1_472' title='bbox 1416 3514 1610 3581; x_wconf 78' lang='lat' dir='ltr'><strong>dignos</strong></span> <span class='ocrx_word' id='word_1_473' title='bbox 1668 3512 1817 3573; x_wconf 77' lang='lat' dir='ltr'><strong>facit.</strong></span> <span class='ocrx_word' id='word_1_474' title='bbox 1888 3522 1943 3565; x_wconf 92' lang='lat' dir='ltr'><strong>et</strong></span> <span class='ocrx_word' id='word_1_475' title='bbox 2023 3510 2278 3564; x_wconf 83' lang='lat' dir='ltr'><strong>omnibus</strong></span> 
     </span>
    </p>
   </div>
   <div class='ocr_carea' id='block_1_68' title="bbox 711 3602 2273 3671">
    <p class='ocr_par' dir='ltr' id='par_1_68' title="bbox 711 3602 2273 3671">
     <span class='ocr_line' id='line_1_68' title="bbox 711 3602 2273 3671; baseline -0.006 -8"><span class='ocrx_word' id='word_1_476' title='bbox 711 3608 924 3663; x_wconf 69' lang='lat' dir='ltr'><strong>cmteris</strong></span> <span class='ocrx_word' id='word_1_477' title='bbox 987 3608 1337 3669; x_wconf 85' lang='lat' dir='ltr'><strong>invisibilem,</strong></span> <span class='ocrx_word' id='word_1_478' title='bbox 1408 3603 1919 3661; x_wconf 88' lang='lat' dir='ltr'><strong>communicabilem</strong></span> <span class='ocrx_word' id='word_1_479' title='bbox 1977 3610 2142 3671; x_wconf 88' lang='lat' dir='ltr'><strong>atque</strong></span> <span class='ocrx_word' id='word_1_480' title='bbox 2189 3602 2273 3653; x_wconf 91' lang='lat' dir='ltr'><strong>in-</strong></span> 
     </span>
    </p>
   </div>
   <div class='ocr_carea' id='block_1_69' title="bbox 710 3697 2278 3767">
    <p class='ocr_par' dir='ltr' id='par_1_69' title="bbox 710 3697 2278 3767">
     <span class='ocr_line' id='line_1_69' title="bbox 710 3697 2278 3767; baseline -0.008 -11"><span class='ocrx_word' id='word_1_481' title='bbox 710 3699 1243 3756; x_wconf 74' lang='lat' dir='ltr'><strong>communicaliilem.</strong></span> <span class='ocrx_word' id='word_1_482' title='bbox 1294 3697 1479 3767; x_wconf 87' lang='lat' dir='ltr'><strong>Neque</strong></span> <span class='ocrx_word' id='word_1_483' title='bbox 1543 3698 1687 3752; x_wconf 90' lang='lat' dir='ltr'><strong>enim</strong></span> <span class='ocrx_word' id='word_1_484' title='bbox 1753 3705 1897 3750; x_wconf 88' lang='lat' dir='ltr'><strong>recte</strong></span> <span class='ocrx_word' id='word_1_485' title='bbox 1958 3703 2278 3747; x_wconf 88' lang='lat' dir='ltr'><strong>censeretur</strong></span> 
     </span>
    </p>
   </div>
   <div class='ocr_carea' id='block_1_70' title="bbox 714 3783 2277 3859">
    <p class='ocr_par' dir='ltr' id='par_1_70' title="bbox 714 3783 2277 3859">
     <span class='ocr_line' id='line_1_70' title="bbox 714 3783 2277 3859; baseline -0.005 -16"><span class='ocrx_word' id='word_1_486' title='bbox 714 3792 941 3858; x_wconf 75' lang='lat' dir='ltr'><strong>intelligi</strong></span> <span class='ocrx_word' id='word_1_487' title='bbox 994 3791 1373 3859; x_wconf 85' lang='lat' dir='ltr'><strong>participarive</strong></span> <span class='ocrx_word' id='word_1_488' title='bbox 1427 3798 1520 3843; x_wconf 90' lang='lat' dir='ltr'><strong>aut</strong></span> <span class='ocrx_word' id='word_1_489' title='bbox 1570 3787 1977 3856; x_wconf 77' lang='lat' dir='ltr'><strong>videripossea</strong></span> <span class='ocrx_word' id='word_1_490' title='bbox 2008 3783 2277 3839; x_wconf 86' lang='lat' dir='ltr'><strong>creaturis</strong></span> 
     </span>
    </p>
   </div>
   <div class='ocr_carea' id='block_1_71' title="bbox 715 3872 2276 3943">
    <p class='ocr_par' dir='ltr' id='par_1_71' title="bbox 715 3872 2276 3943">
     <span class='ocr_line' id='line_1_71' title="bbox 715 3872 2276 3943; baseline -0.004 -13"><span class='ocrx_word' id='word_1_491' title='bbox 715 3879 807 3932; x_wconf 86' lang='lat' dir='ltr'><strong>Dei</strong></span> <span class='ocrx_word' id='word_1_492' title='bbox 853 3880 1168 3939; x_wconf 72' lang='lat' dir='ltr'><strong>essentiam,</strong></span> <span class='ocrx_word' id='word_1_493' title='bbox 1227 3878 1367 3931; x_wconf 89' lang='lat' dir='ltr'><strong>sicut</strong></span> <span class='ocrx_word' id='word_1_494' title='bbox 1420 3879 1474 3928; x_wconf 90' lang='lat' dir='ltr'><strong>in</strong></span> <span class='ocrx_word' id='word_1_495' title='bbox 1519 3874 1839 3943; x_wconf 69' lang='lat' dir='ltr'><strong>praecedenti</strong></span> <span class='ocrx_word' id='word_1_496' title='bbox 1892 3872 2276 3927; x_wconf 64' lang='lat' dir='ltr'><strong>dissertatione</strong></span> 
     </span>
    </p>
   </div>
   <div class='ocr_carea' id='block_1_72' title="bbox 711 3954 2275 4033">
    <p class='ocr_par' dir='ltr' id='par_1_72' title="bbox 711 3954 2275 4033">
     <span class='ocr_line' id='line_1_72' title="bbox 711 3954 2275 4033; baseline -0.007 -9"><span class='ocrx_word' id='word_1_497' title='bbox 711 3969 1232 4024; x_wconf 81' lang='lat' dir='ltr'><strong>demonstravimus.</strong></span> <span class='ocrx_word' id='word_1_498' title='bbox 1292 3966 1521 4020; x_wconf 87' lang='lat' dir='ltr'><strong>Videsne</strong></span> <span class='ocrx_word' id='word_1_499' title='bbox 1556 3974 1613 4018; x_wconf 91' lang='lat' dir='ltr'><strong>ut</strong></span> <span class='ocrx_word' id='word_1_500' title='bbox 1650 3966 1850 4033; x_wconf 87' lang='lat' dir='ltr'><strong>optime</strong></span> <span class='ocrx_word' id='word_1_501' title='bbox 1883 3962 2010 4016; x_wconf 80' lang='lat' dir='ltr'><strong>talia</strong></span> <span class='ocrx_word' id='word_1_502' title='bbox 2044 3954 2187 4014; x_wconf 81' lang='lat' dir='ltr'><strong>inter</strong></span> <span class='ocrx_word' id='word_1_503' title='bbox 2218 3975 2275 4013; x_wconf 83' lang='lat' dir='ltr'><strong>se</strong></span> 
     </span>
    </p>
   </div>
   <div class='ocr_carea' id='block_1_73' title="bbox 710 4052 2279 4126">
    <p class='ocr_par' dir='ltr' id='par_1_73' title="bbox 710 4052 2279 4126">
     <span class='ocr_line' id='line_1_73' title="bbox 710 4052 2279 4126; baseline -0.006 -13"><span class='ocrx_word' id='word_1_504' title='bbox 710 4060 900 4113; x_wconf 80' lang='lat' dir='ltr'><strong>eollisa</strong></span> <span class='ocrx_word' id='word_1_505' title='bbox 951 4060 1133 4111; x_wconf 90' lang='lat' dir='ltr'><strong>lumen</strong></span> <span class='ocrx_word' id='word_1_506' title='bbox 1190 4057 1404 4126; x_wconf 74' lang='lat' dir='ltr'><strong>pietatis</strong></span> <span class='ocrx_word' id='word_1_507' title='bbox 1452 4055 1673 4107; x_wconf 79' lang='lat' dir='ltr'><strong>eliciant</strong></span> <span class='ocrx_word' id='word_1_508' title='bbox 1704 4053 1972 4117; x_wconf 82' lang='lat' dir='ltr'><strong>ﬁdelibus,</strong></span> <span class='ocrx_word' id='word_1_509' title='bbox 2000 4060 2047 4105; x_wconf 86' lang='lat' dir='ltr'><strong>et</strong></span> <span class='ocrx_word' id='word_1_510' title='bbox 2086 4052 2141 4104; x_wconf 87' lang='lat' dir='ltr'><strong>in</strong></span> <span class='ocrx_word' id='word_1_511' title='bbox 2167 4052 2279 4104; x_wconf 68' lang='lat' dir='ltr'><strong>lue-</strong></span> 
     </span>
    </p>
   </div>
   <div class='ocr_carea' id='block_1_74' title="bbox 711 4144 1835 4217">
    <p class='ocr_par' dir='ltr' id='par_1_74' title="bbox 711 4144 1835 4217">
     <span class='ocr_line' id='line_1_74' title="bbox 711 4144 1835 4217; baseline -0.006 -14"><span class='ocrx_word' id='word_1_512' title='bbox 711 4149 911 4203; x_wconf 80' lang='lat' dir='ltr'><strong>reticos</strong></span> <span class='ocrx_word' id='word_1_513' title='bbox 943 4149 1121 4217; x_wconf 75' lang='lat' dir='ltr'><strong>ignem</strong></span> <span class='ocrx_word' id='word_1_514' title='bbox 1150 4147 1515 4201; x_wconf 88' lang='lat' dir='ltr'><strong>damnationis</strong></span> <span class='ocrx_word' id='word_1_515' title='bbox 1546 4144 1835 4198; x_wconf 85' lang='lat' dir='ltr'><strong>emittant?</strong></span> 
     </span>
    </p>
   </div>
   <div class='ocr_carea' id='block_1_75' title="bbox 783 4228 2275 4306">
    <p class='ocr_par' dir='ltr' id='par_1_75' title="bbox 783 4228 2275 4306">
     <span class='ocr_line' id='line_1_75' title="bbox 783 4228 2275 4306; baseline -0.007 -14"><span class='ocrx_word' id='word_1_516' title='bbox 783 4238 961 4292; x_wconf 77' lang='lat' dir='ltr'><strong>Tlteot.</strong></span> <span class='ocrx_word' id='word_1_517' title='bbox 1020 4237 1231 4306; x_wconf 84' lang='lat' dir='ltr'><strong>Optime</strong></span> <span class='ocrx_word' id='word_1_518' title='bbox 1268 4252 1283 4293; x_wconf 75' lang='grc' dir='ltr'>ι</span> <span class='ocrx_word' id='word_1_519' title='bbox 1321 4250 1443 4287; x_wconf 89' lang='lat' dir='ltr'><strong>nam</strong></span> <span class='ocrx_word' id='word_1_520' title='bbox 1501 4247 1599 4301; x_wconf 76' lang='lat' dir='ltr'><strong>ego</strong></span> <span class='ocrx_word' id='word_1_521' title='bbox 1655 4232 1723 4285; x_wconf 85' lang='lat' dir='ltr'><strong>ab</strong></span> <span class='ocrx_word' id='word_1_522' title='bbox 1779 4228 2275 4300; x_wconf 68' lang='lat' dir='ltr'><strong>ipsaexperientia</strong></span> 
     </span>
    </p>
   </div>
   <div class='ocr_carea' id='block_1_76' title="bbox 708 4321 2277 4397">
    <p class='ocr_par' dir='ltr' id='par_1_76' title="bbox 708 4321 2277 4397">
     <span class='ocr_line' id='line_1_76' title="bbox 708 4321 2277 4397; baseline -0.007 -11"><span class='ocrx_word' id='word_1_523' title='bbox 708 4331 895 4392; x_wconf 83' lang='lat' dir='ltr'><strong>didici,</strong></span> <span class='ocrx_word' id='word_1_524' title='bbox 933 4330 1114 4383; x_wconf 87' lang='lat' dir='ltr'><strong>animo</strong></span> <span class='ocrx_word' id='word_1_525' title='bbox 1159 4328 1270 4397; x_wconf 88' lang='lat' dir='ltr'><strong>jam</strong></span> <span class='ocrx_word' id='word_1_526' title='bbox 1310 4344 1373 4381; x_wconf 78' lang='lat' dir='ltr'><strong>ex</strong></span> <span class='ocrx_word' id='word_1_527' title='bbox 1415 4325 1499 4381; x_wconf 87' lang='lat' dir='ltr'><strong>his</strong></span> <span class='ocrx_word' id='word_1_528' title='bbox 1527 4324 1819 4386; x_wconf 86' lang='lat' dir='ltr'><strong>elucidato,</strong></span> <span class='ocrx_word' id='word_1_529' title='bbox 1859 4324 2072 4377; x_wconf 88' lang='lat' dir='ltr'><strong>acutius</strong></span> <span class='ocrx_word' id='word_1_530' title='bbox 2096 4321 2277 4375; x_wconf 81' lang='lat' dir='ltr'><strong>videre</strong></span> 
     </span>
    </p>
   </div>
   <div class='ocr_carea' id='block_1_77' title="bbox 710 4414 2277 4489">
    <p class='ocr_par' dir='ltr' id='par_1_77' title="bbox 710 4414 2277 4489">
     <span class='ocr_line' id='line_1_77' title="bbox 710 4414 2277 4489; baseline -0.007 -12"><span class='ocrx_word' id='word_1_531' title='bbox 710 4424 991 4489; x_wconf 77' lang='lat' dir='ltr'><strong>religionis</strong></span> <span class='ocrx_word' id='word_1_532' title='bbox 1014 4422 1317 4475; x_wconf 85' lang='lat' dir='ltr'><strong>veritatem.</strong></span> <span class='ocrx_word' id='word_1_533' title='bbox 1342 4420 1431 4473; x_wconf 88' lang='lat' dir='ltr'><strong>Sic</strong></span> <span class='ocrx_word' id='word_1_534' title='bbox 1454 4417 1598 4471; x_wconf 88' lang='lat' dir='ltr'><strong>enim</strong></span> <span class='ocrx_word' id='word_1_535' title='bbox 1635 4432 1800 4469; x_wconf 90' lang='lat' dir='ltr'><strong>unum</strong></span> <span class='ocrx_word' id='word_1_536' title='bbox 1831 4414 2277 4483; x_wconf 87' lang='lat' dir='ltr'><strong>individumnque</strong></span> 
     </span>
    </p>
   </div>
   <div class='ocr_carea' id='block_1_78' title="bbox 2383 3237 3946 3311">
    <p class='ocr_par' dir='ltr' id='par_1_78' title="bbox 2383 3237 3946 3311">
     <span class='ocr_line' id='line_1_78' title="bbox 2383 3237 3946 3311; baseline 0.004 -21"><span class='ocrx_word' id='word_1_537' title='bbox 2383 3237 2440 3290; x_wconf 69' lang='grc' dir='ltr'><strong>δὲ</strong></span> <span class='ocrx_word' id='word_1_538' title='bbox 2494 3238 2852 3310; x_wconf 85' lang='grc' dir='ltr'>ἀπερινόητος</span> <span class='ocrx_word' id='word_1_539' title='bbox 2895 3240 3309 3311; x_wconf 84' lang='grc' dir='ltr'>ἀναγέγραπται</span> <span class='ocrx_word' id='word_1_540' title='bbox 3363 3240 3456 3293; x_wconf 75' lang='grc' dir='ltr'>τοῦ</span> <span class='ocrx_word' id='word_1_541' title='bbox 3514 3240 3683 3295; x_wconf 86' lang='grc' dir='ltr'>αὑτοῦ</span> <span class='ocrx_word' id='word_1_542' title='bbox 3736 3242 3946 3311; x_wconf 78' lang='grc' dir='ltr'>θεότης,</span> 
     </span>
    </p>
   </div>
   <div class='ocr_carea' id='block_1_79' title="bbox 2383 3330 3951 3402">
    <p class='ocr_par' dir='ltr' id='par_1_79' title="bbox 2383 3330 3951 3402">
     <span class='ocr_line' id='line_1_79' title="bbox 2383 3330 3951 3402; baseline 0.003 -21"><span class='ocrx_word' id='word_1_543' title='bbox 2383 3331 2550 3398; x_wconf 81' lang='grc' dir='ltr'>ὁρατή</span> <span class='ocrx_word' id='word_1_544' title='bbox 2584 3346 2644 3382; x_wconf 88' lang='grc' dir='ltr'>τε</span> <span class='ocrx_word' id='word_1_545' title='bbox 2668 3332 2777 3392; x_wconf 77' lang='grc' dir='ltr'>τοῖς</span> <span class='ocrx_word' id='word_1_546' title='bbox 2806 3330 2976 3397; x_wconf 77' lang='grc' dir='ltr'>ἀξίοις</span> <span class='ocrx_word' id='word_1_547' title='bbox 2999 3332 3333 3402; x_wconf 78' lang='grc' dir='ltr'>άπορῥήτως</span> <span class='ocrx_word' id='word_1_548' title='bbox 3363 3333 3420 3384; x_wconf 79' lang='grc' dir='ltr'>ἐν</span> <span class='ocrx_word' id='word_1_549' title='bbox 3443 3332 3675 3401; x_wconf 75' lang='grc' dir='ltr'>δυνάμει</span> <span class='ocrx_word' id='word_1_550' title='bbox 3708 3332 3951 3402; x_wconf 78' lang='grc' dir='ltr'>πνεύμαο</span> 
     </span>
    </p>
   </div>
   <div class='ocr_carea' id='block_1_80' title="bbox 2383 3422 3951 3494">
    <p class='ocr_par' dir='ltr' id='par_1_80' title="bbox 2383 3422 3951 3494">
     <span class='ocr_line' id='line_1_80' title="bbox 2383 3422 3951 3494; baseline 0.002 -22"><span class='ocrx_word' id='word_1_551' title='bbox 2383 3438 2474 3483; x_wconf 81' lang='grc' dir='ltr'><strong>Ιιος</strong></span> <span class='ocrx_word' id='word_1_552' title='bbox 2507 3423 2600 3474; x_wconf 81' lang='grc' dir='ltr'>καὶ</span> <span class='ocrx_word' id='word_1_553' title='bbox 2635 3424 2767 3474; x_wconf 81' lang='grc' dir='ltr'>πᾶσι</span> <span class='ocrx_word' id='word_1_554' title='bbox 2814 3422 3158 3476; x_wconf 80' lang='grc' dir='ltr'>παντάπασιν</span> <span class='ocrx_word' id='word_1_555' title='bbox 3204 3423 3437 3493; x_wconf 83' lang='grc' dir='ltr'>ἀόρατος</span> <span class='ocrx_word' id='word_1_556' title='bbox 3465 3424 3708 3494; x_wconf 77' lang='grc' dir='ltr'><strong>μεθεκτή</strong></span> <span class='ocrx_word' id='word_1_557' title='bbox 3748 3438 3812 3478; x_wconf 81' lang='grc' dir='ltr'>τε</span> <span class='ocrx_word' id='word_1_558' title='bbox 3864 3425 3951 3477; x_wconf 75' lang='grc' dir='ltr'><strong>καὶ</strong></span> 
     </span>
    </p>
   </div>
   <div class='ocr_carea' id='block_1_81' title="bbox 2384 3513 3953 3587">
    <p class='ocr_par' dir='ltr' id='par_1_81' title="bbox 2384 3513 3953 3587">
     <span class='ocr_line' id='line_1_81' title="bbox 2384 3513 3953 3587; baseline 0.004 -23"><span class='ocrx_word' id='word_1_559' title='bbox 2384 3513 2723 3581; x_wconf 69' lang='grc' dir='ltr'>άμέθεκτος</span> <span class='ocrx_word' id='word_1_560' title='bbox 2773 3514 2893 3565; x_wconf 83' lang='grc' dir='ltr'><strong>οὑδέ</strong></span> <span class='ocrx_word' id='word_1_561' title='bbox 2934 3514 3043 3584; x_wconf 79' lang='grc' dir='ltr'><strong>γάρ</strong></span> <span class='ocrx_word' id='word_1_562' title='bbox 3070 3515 3247 3568; x_wconf 75' lang='grc' dir='ltr'>ἐκεῖνο</span> <span class='ocrx_word' id='word_1_563' title='bbox 3292 3516 3514 3581; x_wconf 76' lang='grc' dir='ltr'>εὐσεϐὲς</span> <span class='ocrx_word' id='word_1_564' title='bbox 3562 3517 3671 3587; x_wconf 68' lang='grc' dir='ltr'>ἀπὸ</span> <span class='ocrx_word' id='word_1_565' title='bbox 3699 3516 3813 3571; x_wconf 83' lang='grc' dir='ltr'><strong>τῶν</strong></span> <span class='ocrx_word' id='word_1_566' title='bbox 3844 3534 3953 3570; x_wconf 73' lang='grc' dir='ltr'>κει-</span> 
     </span>
    </p>
   </div>
   <div class='ocr_carea' id='block_1_82' title="bbox 2387 3603 3954 3677">
    <p class='ocr_par' dir='ltr' id='par_1_82' title="bbox 2387 3603 3954 3677">
     <span class='ocr_line' id='line_1_82' title="bbox 2387 3603 3954 3677; baseline 0.003 -22"><span class='ocrx_word' id='word_1_567' title='bbox 2387 3603 2606 3672; x_wconf 86' lang='grc' dir='ltr'>σμάτων</span> <span class='ocrx_word' id='word_1_568' title='bbox 2655 3604 2892 3657; x_wconf 84' lang='grc' dir='ltr'>νοεῖσθαι</span> <span class='ocrx_word' id='word_1_569' title='bbox 2941 3604 3212 3674; x_wconf 76' lang='grc' dir='ltr'>οἴεσθαιῆ</span> <span class='ocrx_word' id='word_1_570' title='bbox 3262 3606 3586 3675; x_wconf 68' lang='grc' dir='ltr'>μετέχεσοαι</span> <span class='ocrx_word' id='word_1_571' title='bbox 3633 3607 3667 3677; x_wconf 78' lang='grc' dir='ltr'>ἢ</span> <span class='ocrx_word' id='word_1_572' title='bbox 3721 3607 3954 3676; x_wconf 74' lang='grc' dir='ltr'>ὁρᾶσθαι</span> 
     </span>
    </p>
   </div>
   <div class='ocr_carea' id='block_1_83' title="bbox 2384 3694 3953 3769">
    <p class='ocr_par' dir='ltr' id='par_1_83' title="bbox 2384 3694 3953 3769">
     <span class='ocr_line' id='line_1_83' title="bbox 2384 3694 3953 3769; baseline 0.004 -23"><span class='ocrx_word' id='word_1_573' title='bbox 2384 3694 2482 3765; x_wconf 80' lang='grc' dir='ltr'><strong>τὴν</strong></span> <span class='ocrx_word' id='word_1_574' title='bbox 2502 3695 2687 3747; x_wconf 84' lang='grc' dir='ltr'>οὐσίαν</span> <span class='ocrx_word' id='word_1_575' title='bbox 2718 3696 2810 3747; x_wconf 90' lang='grc' dir='ltr'>τοῦ</span> <span class='ocrx_word' id='word_1_576' title='bbox 2834 3696 2991 3757; x_wconf 83' lang='grc' dir='ltr'>Θεοῦ,</span> <span class='ocrx_word' id='word_1_577' title='bbox 3021 3697 3271 3768; x_wconf 78' lang='grc' dir='ltr'>καθάπερ</span> <span class='ocrx_word' id='word_1_578' title='bbox 3294 3700 3350 3750; x_wconf 83' lang='grc' dir='ltr'><strong>ὲν</strong></span> <span class='ocrx_word' id='word_1_579' title='bbox 3375 3702 3443 3769; x_wconf 79' lang='grc' dir='ltr'>τῇ</span> <span class='ocrx_word' id='word_1_580' title='bbox 3471 3699 3575 3768; x_wconf 80' lang='grc' dir='ltr'><strong>πρὸ</strong></span> <span class='ocrx_word' id='word_1_581' title='bbox 3608 3698 3817 3768; x_wconf 80' lang='grc' dir='ltr'><strong>ταύτης</strong></span> <span class='ocrx_word' id='word_1_582' title='bbox 3846 3700 3953 3754; x_wconf 77' lang='grc' dir='ltr'><strong>δια-</strong></span> 
     </span>
    </p>
   </div>
   <div class='ocr_carea' id='block_1_84' title="bbox 2384 3786 3955 3859">
    <p class='ocr_par' dir='ltr' id='par_1_84' title="bbox 2384 3786 3955 3859">
     <span class='ocr_line' id='line_1_84' title="bbox 2384 3786 3955 3859; baseline 0.005 -22"><span class='ocrx_word' id='word_1_583' title='bbox 2384 3786 2526 3851; x_wconf 80' lang='grc' dir='ltr'>λέξει</span> <span class='ocrx_word' id='word_1_584' title='bbox 2568 3786 3057 3856; x_wconf 77' lang='grc' dir='ltr'>προαπεδείξαμεν.</span> <span class='ocrx_word' id='word_1_585' title='bbox 3102 3788 3243 3841; x_wconf 80' lang='grc' dir='ltr'>Ἀλλ’</span> <span class='ocrx_word' id='word_1_586' title='bbox 3285 3791 3417 3859; x_wconf 69' lang='grc' dir='ltr'>ὁρᾷς</span> <span class='ocrx_word' id='word_1_587' title='bbox 3454 3792 3600 3853; x_wconf 86' lang='grc' dir='ltr'>ὅπως</span> <span class='ocrx_word' id='word_1_588' title='bbox 3645 3790 3833 3853; x_wconf 79' lang='grc' dir='ltr'>καλῶς</span> <span class='ocrx_word' id='word_1_589' title='bbox 3891 3788 3955 3845; x_wconf 69' lang='grc' dir='ltr'>τὰ</span> 
     </span>
    </p>
   </div>
   <div class='ocr_carea' id='block_1_85' title="bbox 2383 3867 3954 3947">
    <p class='ocr_par' dir='ltr' id='par_1_85' title="bbox 2383 3867 3954 3947">
     <span class='ocr_line' id='line_1_85' title="bbox 2383 3867 3954 3947; baseline 0.007 -23"><span class='ocrx_word' id='word_1_590' title='bbox 2383 3871 2610 3925; x_wconf 83' lang='grc' dir='ltr'>τοιαῦτα</span> <span class='ocrx_word' id='word_1_591' title='bbox 2643 3877 3060 3943; x_wconf 80' lang='grc' dir='ltr'>συγκρουόμενα</span> <span class='ocrx_word' id='word_1_592' title='bbox 3100 3878 3236 3945; x_wconf 75' lang='grc' dir='ltr'>πρὸς</span> <span class='ocrx_word' id='word_1_593' title='bbox 3268 3877 3472 3947; x_wconf 78' lang='grc' dir='ltr'>ἄλληλα</span> <span class='ocrx_word' id='word_1_594' title='bbox 3511 3880 3631 3946; x_wconf 79' lang='grc' dir='ltr'><strong>φῶς</strong></span> <span class='ocrx_word' id='word_1_595' title='bbox 3658 3879 3762 3947; x_wconf 68' lang='grc' dir='ltr'>μὲν</span> <span class='ocrx_word' id='word_1_596' title='bbox 3797 3867 3954 3935; x_wconf 76' lang='grc' dir='ltr'>εὑσε·</span> 
     </span>
    </p>
   </div>
   <div class='ocr_carea' id='block_1_86' title="bbox 2385 3963 3953 4041">
    <p class='ocr_par' dir='ltr' id='par_1_86' title="bbox 2385 3963 3953 4041">
     <span class='ocr_line' id='line_1_86' title="bbox 2385 3963 3953 4041; baseline 0.007 -27"><span class='ocrx_word' id='word_1_597' title='bbox 2385 3963 2538 4021; x_wconf 83' lang='grc' dir='ltr'>6είας</span> <span class='ocrx_word' id='word_1_598' title='bbox 2565 3964 2837 4029; x_wconf 78' lang='grc' dir='ltr'>ἐκλάμπει</span> <span class='ocrx_word' id='word_1_599' title='bbox 2865 3969 2975 4027; x_wconf 87' lang='grc' dir='ltr'>τοῖς</span> <span class='ocrx_word' id='word_1_600' title='bbox 3002 3969 3235 4031; x_wconf 80' lang='grc' dir='ltr'>πιστοῖς,</span> <span class='ocrx_word' id='word_1_601' title='bbox 3266 3967 3377 4039; x_wconf 89' lang='grc' dir='ltr'>πῦρ</span> <span class='ocrx_word' id='word_1_602' title='bbox 3403 3968 3458 4022; x_wconf 82' lang='grc' dir='ltr'><strong>δὲ</strong></span> <span class='ocrx_word' id='word_1_603' title='bbox 3485 3968 3786 4041; x_wconf 81' lang='grc' dir='ltr'>καταδίκης</span> <span class='ocrx_word' id='word_1_604' title='bbox 3816 3972 3953 4025; x_wconf 77' lang='grc' dir='ltr'>κατά</span> 
     </span>
    </p>
   </div>
   <div class='ocr_carea' id='block_1_87' title="bbox 2385 4051 3038 4123">
    <p class='ocr_par' dir='ltr' id='par_1_87' title="bbox 2385 4051 3038 4123">
     <span class='ocr_line' id='line_1_87' title="bbox 2385 4051 3038 4123; baseline 0.009 -20"><span class='ocrx_word' id='word_1_605' title='bbox 2385 4051 2495 4104; x_wconf 86' lang='grc' dir='ltr'><strong>τῶν</strong></span> <span class='ocrx_word' id='word_1_606' title='bbox 2526 4054 2767 4107; x_wconf 81' lang='grc' dir='ltr'>ἀπειθῶν</span> <span class='ocrx_word' id='word_1_607' title='bbox 2802 4056 2995 4123; x_wconf 81' lang='grc' dir='ltr'>ἀφίησι</span> <span class='ocrx_word' id='word_1_608' title='bbox 3021 4072 3038 4120; x_wconf 89' lang='grc'><strong>;</strong></span> 
     </span>
    </p>
   </div>
   <div class='ocr_carea' id='block_1_88' title="bbox 2457 4214 3956 4307">
    <p class='ocr_par' dir='ltr' id='par_1_88' title="bbox 2457 4214 3956 4307">
     <span class='ocr_line' id='line_1_88' title="bbox 2457 4214 3956 4307; baseline 0.005 -22"><span class='ocrx_word' id='word_1_609' title='bbox 2457 4232 2623 4285; x_wconf 78' lang='grc' dir='ltr'><strong>Θεότ.</strong></span> <span class='ocrx_word' id='word_1_610' title='bbox 2658 4228 2733 4286; x_wconf 77' lang='grc' dir='ltr'><strong>Εὖ</strong></span> <span class='ocrx_word' id='word_1_611' title='bbox 2793 4232 2933 4301; x_wconf 85' lang='grc' dir='ltr'>μάλα</span> <span class='ocrx_word' id='word_1_612' title='bbox 3000 4234 3094 4287; x_wconf 74' lang='grc' dir='ltr'>καὶ</span> <span class='ocrx_word' id='word_1_613' title='bbox 3142 4214 3259 4302; x_wconf 27' lang='grc' dir='ltr'>’γὰρ</span> <span class='ocrx_word' id='word_1_614' title='bbox 3306 4236 3483 4303; x_wconf 77' lang='grc' dir='ltr'>ἔγωγε</span> <span class='ocrx_word' id='word_1_615' title='bbox 3512 4235 3581 4289; x_wconf 79' lang='grc' dir='ltr'><strong>δι’</strong></span> <span class='ocrx_word' id='word_1_616' title='bbox 3631 4235 3805 4307; x_wconf 81' lang='grc' dir='ltr'>αὐτῆς</span> <span class='ocrx_word' id='word_1_617' title='bbox 3863 4238 3956 4306; x_wconf 77' lang='grc' dir='ltr'>τῆς</span> 
     </span>
    </p>
   </div>
   <div class='ocr_carea' id='block_1_89' title="bbox 2386 4323 3957 4398">
    <p class='ocr_par' dir='ltr' id='par_1_89' title="bbox 2386 4323 3957 4398">
     <span class='ocr_line' id='line_1_89' title="bbox 2386 4323 3957 4398; baseline 0.004 -23"><span class='ocrx_word' id='word_1_618' title='bbox 2386 4324 2577 4393; x_wconf 87' lang='grc' dir='ltr'>πείρας</span> <span class='ocrx_word' id='word_1_619' title='bbox 2631 4323 2833 4390; x_wconf 75' lang='grc' dir='ltr'>ἔμαθον</span> <span class='ocrx_word' id='word_1_620' title='bbox 2890 4324 3276 4396; x_wconf 75' lang='grc' dir='ltr'>διαυγέστερον</span> <span class='ocrx_word' id='word_1_621' title='bbox 3311 4327 3409 4396; x_wconf 68' lang='grc' dir='ltr'><strong>ἤδη</strong></span> <span class='ocrx_word' id='word_1_622' title='bbox 3466 4330 3816 4398; x_wconf 73' lang='grc' dir='ltr'>κτησάμενος</span> <span class='ocrx_word' id='word_1_623' title='bbox 3867 4334 3957 4384; x_wconf 76' lang='grc' dir='ltr'>τὸν</span> 
     </span>
    </p>
   </div>
   <div class='ocr_carea' id='block_1_90' title="bbox 2387 4415 3956 4490">
    <p class='ocr_par' dir='ltr' id='par_1_90' title="bbox 2387 4415 3956 4490">
     <span class='ocr_line' id='line_1_90' title="bbox 2387 4415 3956 4490; baseline 0.004 -24"><span class='ocrx_word' id='word_1_624' title='bbox 2387 4416 2509 4467; x_wconf 89' lang='grc' dir='ltr'>νοῦν</span> <span class='ocrx_word' id='word_1_625' title='bbox 2536 4417 2599 4466; x_wconf 90' lang='grc' dir='ltr'><strong>ἐκ</strong></span> <span class='ocrx_word' id='word_1_626' title='bbox 2628 4415 2737 4466; x_wconf 88' lang='grc' dir='ltr'>τῶν</span> <span class='ocrx_word' id='word_1_627' title='bbox 2767 4416 3047 4482; x_wconf 69' lang='grc' dir='ltr'>τοιούςτων,</span> <span class='ocrx_word' id='word_1_628' title='bbox 3078 4418 3173 4470; x_wconf 73' lang='grc' dir='ltr'>καὶ</span> <span class='ocrx_word' id='word_1_629' title='bbox 3200 4416 3456 4487; x_wconf 76' lang='grc' dir='ltr'>ὀξύτερον</span> <span class='ocrx_word' id='word_1_630' title='bbox 3479 4422 3712 4490; x_wconf 77' lang='grc' dir='ltr'>συνορᾷν</span> <span class='ocrx_word' id='word_1_631' title='bbox 3738 4422 3841 4490; x_wconf 75' lang='grc' dir='ltr'>τὴν</span> <span class='ocrx_word' id='word_1_632' title='bbox 3864 4423 3956 4489; x_wconf 76' lang='grc' dir='ltr'>τῆς</span> 
     </span>
    </p>
   </div>
   <div class='ocr_carea' id='block_1_91' title="bbox 710 4504 2278 4584">
    <p class='ocr_par' dir='ltr' id='par_1_91' title="bbox 710 4504 2275 4581">
     <span class='ocr_line' id='line_1_91' title="bbox 710 4504 2275 4581; baseline -0.006 -15"><span class='ocrx_word' id='word_1_633' title='bbox 710 4512 974 4581; x_wconf 87' lang='lat' dir='ltr'><strong>Spiritqu</strong></span> <span class='ocrx_word' id='word_1_634' title='bbox 1041 4512 1273 4564; x_wconf 84' lang='lat' dir='ltr'><strong>dicimus</strong></span> <span class='ocrx_word' id='word_1_635' title='bbox 1337 4506 1628 4571; x_wconf 85' lang='lat' dir='ltr'><strong>honorari,</strong></span> <span class='ocrx_word' id='word_1_636' title='bbox 1692 4506 1912 4575; x_wconf 86' lang='lat' dir='ltr'><strong>quando</strong></span> <span class='ocrx_word' id='word_1_637' title='bbox 1980 4504 2275 4559; x_wconf 85' lang='lat' dir='ltr'><strong>essentiam</strong></span> 
     </span>
    </p>
   </div>
   <div class='ocr_carea' id='block_1_92' title="bbox 2382 4504 3957 4584">
    <p class='ocr_par' dir='ltr' id='par_1_92' title="bbox 2386 4506 3957 4584">
     <span class='ocr_line' id='line_1_92' title="bbox 2386 4506 3957 4584; baseline 0.006 -27"><span class='ocrx_word' id='word_1_638' title='bbox 2386 4506 2663 4568; x_wconf 78' lang='grc' dir='ltr'>εὐσεϐείας</span> <span class='ocrx_word' id='word_1_639' title='bbox 2686 4506 2966 4578; x_wconf 82' lang='grc' dir='ltr'>ἀλήθειαν.</span> <span class='ocrx_word' id='word_1_640' title='bbox 2999 4507 3155 4562; x_wconf 80' lang='grc' dir='ltr'>Οὕτω</span> <span class='ocrx_word' id='word_1_641' title='bbox 3177 4511 3285 4581; x_wconf 75' lang='grc' dir='ltr'><strong>γὰρ</strong></span> <span class='ocrx_word' id='word_1_642' title='bbox 3310 4512 3403 4563; x_wconf 69' lang='grc' dir='ltr'><strong>καὶ</strong></span> <span class='ocrx_word' id='word_1_643' title='bbox 3422 4510 3479 4563; x_wconf 82' lang='grc' dir='ltr'><strong>ἓν</strong></span> <span class='ocrx_word' id='word_1_644' title='bbox 3510 4511 3737 4581; x_wconf 79' lang='grc' dir='ltr'><strong>Πνεῦμα</strong></span> <span class='ocrx_word' id='word_1_645' title='bbox 3754 4515 3957 4584; x_wconf 77' lang='grc' dir='ltr'><strong>ἀμερὲς</strong></span> 
     </span>
    </p>
   </div>
   <div class='ocr_carea' id='block_1_93' title="bbox 709 4596 2283 4674">
    <p class='ocr_par' dir='ltr' id='par_1_93' title="bbox 709 4596 2283 4674">
     <span class='ocr_line' id='line_1_93' title="bbox 709 4596 2283 4674; baseline -0.005 -17"><span class='ocrx_word' id='word_1_646' title='bbox 709 4619 1107 4674; x_wconf 83' lang='lat' dir='ltr'><strong>personamque</strong></span> <span class='ocrx_word' id='word_1_647' title='bbox 1144 4604 1309 4669; x_wconf 88' lang='lat' dir='ltr'><strong>ipsam</strong></span> <span class='ocrx_word' id='word_1_648' title='bbox 1347 4600 1683 4669; x_wconf 77' lang='lat' dir='ltr'><strong>appellamus</strong></span> <span class='ocrx_word' id='word_1_649' title='bbox 1711 4596 1997 4666; x_wconf 85' lang='lat' dir='ltr'><strong>Spiritum;</strong></span> <span class='ocrx_word' id='word_1_650' title='bbox 2024 4596 2283 4664; x_wconf 83' lang='lat' dir='ltr'><strong>multipli-</strong></span> 
     </span>
    </p>
   </div>
   <div class='ocr_carea' id='block_1_94' title="bbox 710 4690 2281 4756">
    <p class='ocr_par' dir='ltr' id='par_1_94' title="bbox 710 4690 2281 4756">
     <span class='ocr_line' id='line_1_94' title="bbox 710 4690 2281 4756; baseline -0.007 -7"><span class='ocrx_word' id='word_1_651' title='bbox 710 4710 826 4749; x_wconf 84' lang='lat' dir='ltr'><strong>cem</strong></span> <span class='ocrx_word' id='word_1_652' title='bbox 861 4710 985 4748; x_wconf 73' lang='lat' dir='ltr'><strong>vero</strong></span> <span class='ocrx_word' id='word_1_653' title='bbox 1012 4694 1148 4748; x_wconf 79' lang='lat' dir='ltr'><strong>alias</strong></span> <span class='ocrx_word' id='word_1_654' title='bbox 1200 4692 1448 4746; x_wconf 87' lang='lat' dir='ltr'><strong>eumdem</strong></span> <span class='ocrx_word' id='word_1_655' title='bbox 1478 4690 1735 4745; x_wconf 88' lang='lat' dir='ltr'><strong>dicimus.</strong></span> <span class='ocrx_word' id='word_1_656' title='bbox 1767 4698 2082 4756; x_wconf 86' lang='lat' dir='ltr'><strong>septemque</strong></span> <span class='ocrx_word' id='word_1_657' title='bbox 2112 4701 2281 4740; x_wconf 92' lang='lat' dir='ltr'><strong>unum</strong></span> 
     </span>
    </p>
   </div>
   <div class='ocr_carea' id='block_1_95' title="bbox 710 4778 2283 4848">
    <p class='ocr_par' dir='ltr' id='par_1_95' title="bbox 710 4778 2283 4848">
     <span class='ocr_line' id='line_1_95' title="bbox 710 4778 2283 4848; baseline -0.005 -11"><span class='ocrx_word' id='word_1_658' title='bbox 710 4800 832 4838; x_wconf 76' lang='lat' dir='ltr'><strong>esse</strong></span> <span class='ocrx_word' id='word_1_659' title='bbox 876 4785 1160 4848; x_wconf 88' lang='lat' dir='ltr'><strong>docemur,</strong></span> <span class='ocrx_word' id='word_1_660' title='bbox 1200 4794 1255 4837; x_wconf 92' lang='lat' dir='ltr'><strong>et</strong></span> <span class='ocrx_word' id='word_1_661' title='bbox 1284 4784 1429 4836; x_wconf 83' lang='lat' dir='ltr'><strong>hunc</strong></span> <span class='ocrx_word' id='word_1_662' title='bbox 1450 4780 1816 4835; x_wconf 87' lang='lat' dir='ltr'><strong>diversimode</strong></span> <span class='ocrx_word' id='word_1_663' title='bbox 1848 4778 2283 4834; x_wconf 79' lang='lat' dir='ltr'><strong>communicabi-</strong></span> 
     </span>
    </p>
   </div>
   <div class='ocr_carea' id='block_1_96' title="bbox 712 4870 2281 4941">
    <p class='ocr_par' dir='ltr' id='par_1_96' title="bbox 712 4870 2281 4941">
     <span class='ocr_line' id='line_1_96' title="bbox 712 4870 2281 4941; baseline -0.003 -15"><span class='ocrx_word' id='word_1_664' title='bbox 712 4875 815 4927; x_wconf 89' lang='lat' dir='ltr'><strong>lem</strong></span> <span class='ocrx_word' id='word_1_665' title='bbox 856 4888 975 4926; x_wconf 85' lang='lat' dir='ltr'><strong>esse</strong></span> <span class='ocrx_word' id='word_1_666' title='bbox 1011 4889 1107 4941; x_wconf 89' lang='lat' dir='ltr'><strong>per</strong></span> <span class='ocrx_word' id='word_1_667' title='bbox 1135 4888 1319 4926; x_wconf 77' lang='lat' dir='ltr'><strong>sat-ras</strong></span> <span class='ocrx_word' id='word_1_668' title='bbox 1352 4871 1652 4925; x_wconf 74' lang='lat' dir='ltr'><strong>elfusiones</strong></span> <span class='ocrx_word' id='word_1_669' title='bbox 1674 4879 1728 4925; x_wconf 90' lang='lat' dir='ltr'><strong>et</strong></span> <span class='ocrx_word' id='word_1_670' title='bbox 1777 4870 2119 4937; x_wconf 83' lang='lat' dir='ltr'><strong>Operationes</strong></span> <span class='ocrx_word' id='word_1_671' title='bbox 2170 4870 2281 4922; x_wconf 80' lang='lat' dir='ltr'><strong>divi</strong></span> 
     </span>
    </p>
   </div>
   <div class='ocr_carea' id='block_1_97' title="bbox 713 4960 2280 5034">
    <p class='ocr_par' dir='ltr' id='par_1_97' title="bbox 713 4960 2280 5034">
     <span class='ocr_line' id='line_1_97' title="bbox 713 4960 2280 5034; baseline -0.003 -15"><span class='ocrx_word' id='word_1_672' title='bbox 713 4966 949 5033; x_wconf 89' lang='lat' dir='ltr'><strong>Spiritus</strong></span> <span class='ocrx_word' id='word_1_673' title='bbox 1002 4967 1341 5034; x_wconf 83' lang='lat' dir='ltr'><strong>prulitemur.</strong></span> <span class='ocrx_word' id='word_1_674' title='bbox 1406 4962 1980 5017; x_wconf 86' lang='lat' dir='ltr'><strong>lncommunicabilem</strong></span> <span class='ocrx_word' id='word_1_675' title='bbox 2027 4960 2194 5031; x_wconf 76' lang='lat' dir='ltr'><strong>igitur</strong></span> <span class='ocrx_word' id='word_1_676' title='bbox 2225 4970 2280 5015; x_wconf 84' lang='lat' dir='ltr'><strong>tu</strong></span> 
     </span>
    </p>
   </div>
   <div class='ocr_carea' id='block_1_98' title="bbox 709 5057 1682 5113">
    <p class='ocr_par' dir='ltr' id='par_1_98' title="bbox 709 5057 1682 5113">
     <span class='ocr_line' id='line_1_98' title="bbox 709 5057 1682 5113; baseline -0.006 0"><span class='ocrx_word' id='word_1_677' title='bbox 709 5060 850 5113; x_wconf 81' lang='lat' dir='ltr'><strong>dicis</strong></span> <span class='ocrx_word' id='word_1_678' title='bbox 870 5057 960 5110; x_wconf 86' lang='lat' dir='ltr'><strong>Dei</strong></span> <span class='ocrx_word' id='word_1_679' title='bbox 985 5057 1283 5110; x_wconf 74' lang='lat' dir='ltr'><strong>essentiam</strong></span> <span class='ocrx_word' id='word_1_680' title='bbox 1318 5071 1379 5109; x_wconf 92' lang='lat' dir='ltr'><strong>ac</strong></span> <span class='ocrx_word' id='word_1_681' title='bbox 1409 5060 1682 5108; x_wconf 90' lang='lat' dir='ltr'><strong>naturam.</strong></span> 
     </span>
    </p>
   </div>
   <div class='ocr_carea' id='block_1_99' title="bbox 790 5228 2345 5304">
    <p class='ocr_par' dir='ltr' id='par_1_99' title="bbox 790 5228 2345 5304">
     <span class='ocr_line' id='line_1_99' title="bbox 790 5228 2345 5304; baseline -0.001 -15"><span class='ocrx_word' id='word_1_682' title='bbox 790 5236 1013 5304; x_wconf 79' lang='lat' dir='ltr'><strong>Tlteoplt.</strong></span> <span class='ocrx_word' id='word_1_683' title='bbox 1055 5234 1327 5300; x_wconf 74' lang='lat' dir='ltr'><strong>Profecto,</strong></span> <span class='ocrx_word' id='word_1_684' title='bbox 1365 5234 1509 5302; x_wconf 80' lang='lat' dir='ltr'><strong>hanc</strong></span> <span class='ocrx_word' id='word_1_685' title='bbox 1536 5234 1742 5290; x_wconf 78' lang='lat' dir='ltr'><strong>scilicet</strong></span> <span class='ocrx_word' id='word_1_686' title='bbox 1768 5244 1888 5303; x_wconf 65' lang='lat' dir='ltr'><strong>qua:</strong></span> <span class='ocrx_word' id='word_1_687' title='bbox 1917 5242 1999 5289; x_wconf 86' lang='lat' dir='ltr'><strong>est</strong></span> <span class='ocrx_word' id='word_1_688' title='bbox 2032 5228 2152 5288; x_wconf 69' lang='lat' dir='ltr'><strong>sin&#39;e</strong></span> <span class='ocrx_word' id='word_1_689' title='bbox 2180 5248 2281 5287; x_wconf 89' lang='lat' dir='ltr'><strong>no-</strong></span> <span class='ocrx_word' id='word_1_690' title='bbox 2336 5232 2345 5242; x_wconf 85' lang='lat'><strong><em>&#39;</em></strong></span> 
     </span>
    </p>
   </div>
   <div class='ocr_carea' id='block_1_100' title="bbox 714 5332 1586 5398">
    <p class='ocr_par' dir='ltr' id='par_1_100' title="bbox 714 5332 1586 5398">
     <span class='ocr_line' id='line_1_100' title="bbox 714 5332 1586 5398; baseline -0.002 -13"><span class='ocrx_word' id='word_1_691' title='bbox 714 5332 858 5385; x_wconf 89' lang='lat' dir='ltr'><strong>mine</strong></span> <span class='ocrx_word' id='word_1_692' title='bbox 888 5342 938 5384; x_wconf 90' lang='lat' dir='ltr'><strong>et</strong></span> <span class='ocrx_word' id='word_1_693' title='bbox 962 5346 1123 5398; x_wconf 83' lang='lat' dir='ltr'><strong>supra</strong></span> <span class='ocrx_word' id='word_1_694' title='bbox 1179 5344 1339 5383; x_wconf 89' lang='lat' dir='ltr'><strong>omne</strong></span> <span class='ocrx_word' id='word_1_695' title='bbox 1367 5344 1586 5383; x_wconf 86' lang='lat' dir='ltr'><strong>nomen.</strong></span> 
     </span>
    </p>
   </div>
   <div class='ocr_carea' id='block_1_101' title="bbox 784 5419 2276 5491">
    <p class='ocr_par' dir='ltr' id='par_1_101' title="bbox 784 5419 2276 5491">
     <span class='ocr_line' id='line_1_101' title="bbox 784 5419 2276 5491; baseline -0.001 -17"><span class='ocrx_word' id='word_1_696' title='bbox 784 5422 964 5476; x_wconf 70' lang='lat' dir='ltr'><strong>Tlieot.</strong></span> <span class='ocrx_word' id='word_1_697' title='bbox 996 5421 1515 5477; x_wconf 77' lang='lat' dir='ltr'><strong>Communicabilem</strong></span> <span class='ocrx_word' id='word_1_698' title='bbox 1548 5435 1672 5475; x_wconf 85' lang='lat' dir='ltr'><strong>vero</strong></span> <span class='ocrx_word' id='word_1_699' title='bbox 1718 5430 1771 5474; x_wconf 92' lang='lat' dir='ltr'><strong>et</strong></span> <span class='ocrx_word' id='word_1_700' title='bbox 1809 5419 2276 5491; x_wconf 84' lang='lat' dir='ltr'><strong>comprehensibi-</strong></span> 
     </span>
    </p>
   </div>
   <div class='ocr_carea' id='block_1_102' title="bbox 711 5510 2278 5582">
    <p class='ocr_par' dir='ltr' id='par_1_102' title="bbox 711 5510 2278 5582">
     <span class='ocr_line' id='line_1_102' title="bbox 711 5510 2278 5582; baseline 0.002 -20"><span class='ocrx_word' id='word_1_701' title='bbox 711 5510 814 5562; x_wconf 83' lang='lat' dir='ltr'><strong>lcm</strong></span> <span class='ocrx_word' id='word_1_702' title='bbox 869 5512 1069 5563; x_wconf 82' lang='lat' dir='ltr'><strong>asscris</strong></span> <span class='ocrx_word' id='word_1_703' title='bbox 1114 5512 1366 5567; x_wconf 85' lang='lat' dir='ltr'><strong>virtutem</strong></span> <span class='ocrx_word' id='word_1_704' title='bbox 1414 5521 1465 5566; x_wconf 89' lang='lat' dir='ltr'><strong>et</strong></span> <span class='ocrx_word' id='word_1_705' title='bbox 1492 5511 1810 5581; x_wconf 86' lang='lat' dir='ltr'><strong>potentiam,</strong></span> <span class='ocrx_word' id='word_1_706' title='bbox 1848 5526 2008 5581; x_wconf 85' lang='lat' dir='ltr'><strong>quam</strong></span> <span class='ocrx_word' id='word_1_707' title='bbox 2050 5525 2278 5582; x_wconf 74' lang='lat' dir='ltr'><strong>magnus</strong></span> 
     </span>
    </p>
   </div>
   <div class='ocr_carea' id='block_1_103' title="bbox 710 5600 1753 5673">
    <p class='ocr_par' dir='ltr' id='par_1_103' title="bbox 710 5600 1753 5673">
     <span class='ocr_line' id='line_1_103' title="bbox 710 5600 1753 5673; baseline 0.007 -20"><span class='ocrx_word' id='word_1_708' title='bbox 710 5600 945 5655; x_wconf 78' lang='lat' dir='ltr'><strong>Basilius</strong></span> <span class='ocrx_word' id='word_1_709' title='bbox 970 5601 1106 5655; x_wconf 75' lang='lat' dir='ltr'><strong>dixit</strong></span> <span class='ocrx_word' id='word_1_710' title='bbox 1128 5619 1192 5656; x_wconf 83' lang='lat' dir='ltr'><strong>ex</strong></span> <span class='ocrx_word' id='word_1_711' title='bbox 1220 5604 1475 5672; x_wconf 64' lang='lat' dir='ltr'><strong>Oper-ibus</strong></span> <span class='ocrx_word' id='word_1_712' title='bbox 1506 5604 1753 5673; x_wconf 73' lang='lat' dir='ltr'><strong>intelligi.</strong></span> 
     </span>
    </p>
   </div>
   <div class='ocr_carea' id='block_1_104' title="bbox 784 5692 2272 5761">
    <p class='ocr_par' dir='ltr' id='par_1_104' title="bbox 784 5692 2272 5761">
     <span class='ocr_line' id='line_1_104' title="bbox 784 5692 2272 5761; baseline 0.003 -15"><span class='ocrx_word' id='word_1_713' title='bbox 784 5692 1009 5761; x_wconf 78' lang='lat' dir='ltr'><strong>Thcaplt.</strong></span> <span class='ocrx_word' id='word_1_714' title='bbox 1085 5696 1157 5748; x_wconf 90' lang='lat' dir='ltr'><strong>lta</strong></span> <span class='ocrx_word' id='word_1_715' title='bbox 1218 5706 1321 5751; x_wconf 89' lang='lat' dir='ltr'><strong>est.</strong></span> <span class='ocrx_word' id='word_1_716' title='bbox 1382 5696 1563 5752; x_wconf 64' lang='lat' dir='ltr'><strong>Multae</strong></span> <span class='ocrx_word' id='word_1_717' title='bbox 1621 5708 1798 5751; x_wconf 91' lang='lat' dir='ltr'><strong>autem</strong></span> <span class='ocrx_word' id='word_1_718' title='bbox 1831 5708 1958 5751; x_wconf 91' lang='lat' dir='ltr'><strong>sunt</strong></span> <span class='ocrx_word' id='word_1_719' title='bbox 1990 5698 2151 5750; x_wconf 82' lang='lat' dir='ltr'><strong>variae</strong></span> <span class='ocrx_word' id='word_1_720' title='bbox 2179 5697 2272 5751; x_wconf 86' lang='lat' dir='ltr'><strong>Dei</strong></span> 
     </span>
    </p>
   </div>
   <div class='ocr_carea' id='block_1_105' title="bbox 710 5788 2274 5857">
    <p class='ocr_par' dir='ltr' id='par_1_105' title="bbox 710 5788 2274 5857">
     <span class='ocr_line' id='line_1_105' title="bbox 710 5788 2274 5857; baseline 0.004 -18"><span class='ocrx_word' id='word_1_721' title='bbox 710 5788 1255 5857; x_wconf 71' lang='lat' dir='ltr'><strong>communicatioucs,</strong></span> <span class='ocrx_word' id='word_1_722' title='bbox 1324 5802 1381 5845; x_wconf 90' lang='lat' dir='ltr'><strong>ut</strong></span> <span class='ocrx_word' id='word_1_723' title='bbox 1440 5790 1771 5845; x_wconf 65' lang='lat' dir='ltr'><strong>dixintus‘in</strong></span> <span class='ocrx_word' id='word_1_724' title='bbox 1804 5790 2041 5845; x_wconf 80' lang='lat' dir='ltr'><strong>libt&#39;O‘dc</strong></span> <span class='ocrx_word' id='word_1_725' title='bbox 2072 5789 2274 5845; x_wconf 84' lang='lat' dir='ltr'><strong>divinis</strong></span> 
     </span>
    </p>
   </div>
   <div class='ocr_carea' id='block_1_106' title="bbox 2387 4598 3958 4673">
    <p class='ocr_par' dir='ltr' id='par_1_106' title="bbox 2387 4598 3958 4673">
     <span class='ocr_line' id='line_1_106' title="bbox 2387 4598 3958 4673; baseline 0.004 -23"><span class='ocrx_word' id='word_1_726' title='bbox 2387 4598 2712 4667; x_wconf 78' lang='grc' dir='ltr'>πρεσσεύειν</span> <span class='ocrx_word' id='word_1_727' title='bbox 2761 4599 3011 4667; x_wconf 84' lang='grc' dir='ltr'>Αέγομεν,</span> <span class='ocrx_word' id='word_1_728' title='bbox 3046 4601 3175 4653; x_wconf 76' lang='grc' dir='ltr'>ὅταν</span> <span class='ocrx_word' id='word_1_729' title='bbox 3222 4603 3320 4669; x_wconf 75' lang='grc' dir='ltr'><strong>τὴν</strong></span> <span class='ocrx_word' id='word_1_730' title='bbox 3380 4603 3568 4656; x_wconf 85' lang='grc' dir='ltr'>οὐσίαν</span> <span class='ocrx_word' id='word_1_731' title='bbox 3602 4604 3636 4673; x_wconf 80' lang='grc' dir='ltr'>ἢ</span> <span class='ocrx_word' id='word_1_732' title='bbox 3681 4605 3783 4673; x_wconf 81' lang='grc' dir='ltr'><strong>τὴν</strong></span> <span class='ocrx_word' id='word_1_733' title='bbox 3825 4606 3958 4658; x_wconf 68' lang='grc' dir='ltr'><strong>ὑπᾶο</strong></span> 
     </span>
    </p>
   </div>
   <div class='ocr_carea' id='block_1_107' title="bbox 2384 4688 3961 4764">
    <p class='ocr_par' dir='ltr' id='par_1_107' title="bbox 2384 4688 3961 4764">
     <span class='ocr_line' id='line_1_107' title="bbox 2384 4688 3961 4764; baseline 0.006 -25"><span class='ocrx_word' id='word_1_734' title='bbox 2384 4705 2573 4741; x_wconf 90' lang='grc' dir='ltr'>στασιν</span> <span class='ocrx_word' id='word_1_735' title='bbox 2604 4688 2775 4758; x_wconf 79' lang='grc' dir='ltr'>αὐτὴν</span> <span class='ocrx_word' id='word_1_736' title='bbox 2826 4690 3084 4759; x_wconf 83' lang='grc' dir='ltr'>καλῶμεν</span> <span class='ocrx_word' id='word_1_737' title='bbox 3135 4691 3355 4761; x_wconf 87' lang='grc' dir='ltr'>πνεῦμα</span> <span class='ocrx_word' id='word_1_738' title='bbox 3428 4693 3739 4764; x_wconf 76' lang='grc' dir='ltr'>πολυμερὲς</span> <span class='ocrx_word' id='word_1_739' title='bbox 3775 4688 3961 4749; x_wconf 72' lang='grc' dir='ltr'>δ”ἄλο</span> 
     </span>
    </p>
   </div>
   <div class='ocr_carea' id='block_1_108' title="bbox 2383 4772 3956 4853">
    <p class='ocr_par' dir='ltr' id='par_1_108' title="bbox 2383 4772 3956 4853">
     <span class='ocr_line' id='line_1_108' title="bbox 2383 4772 3956 4853; baseline 0.006 -25"><span class='ocrx_word' id='word_1_740' title='bbox 2383 4774 2501 4829; x_wconf 78' lang='grc' dir='ltr'><strong>λοτέ</strong></span> <span class='ocrx_word' id='word_1_741' title='bbox 2537 4793 2713 4845; x_wconf 86' lang='grc' dir='ltr'>φαμεν</span> <span class='ocrx_word' id='word_1_742' title='bbox 2746 4778 2900 4844; x_wconf 78' lang='grc' dir='ltr'>αὑτὸ,</span> <span class='ocrx_word' id='word_1_743' title='bbox 2925 4779 3020 4832; x_wconf 74' lang='grc' dir='ltr'>καὶ</span> <span class='ocrx_word' id='word_1_744' title='bbox 3045 4780 3185 4833; x_wconf 81' lang='grc' dir='ltr'>ἐπτὰ</span> <span class='ocrx_word' id='word_1_745' title='bbox 3215 4777 3357 4834; x_wconf 80' lang='grc' dir='ltr'>εἶναι</span> <span class='ocrx_word' id='word_1_746' title='bbox 3386 4782 3755 4853; x_wconf 79' lang='grc' dir='ltr'>διδασκόμεθα</span> <span class='ocrx_word' id='word_1_747' title='bbox 3785 4785 3852 4837; x_wconf 79' lang='grc' dir='ltr'><strong>τὸ</strong></span> <span class='ocrx_word' id='word_1_748' title='bbox 3879 4772 3956 4850; x_wconf 75' lang='grc' dir='ltr'>ἐν,</span> 
     </span>
    </p>
   </div>
   <div class='ocr_carea' id='block_1_109' title="bbox 2384 4869 3958 4949">
    <p class='ocr_par' dir='ltr' id='par_1_109' title="bbox 2384 4869 3958 4949">
     <span class='ocr_line' id='line_1_109' title="bbox 2384 4869 3958 4949; baseline 0.006 -28"><span class='ocrx_word' id='word_1_749' title='bbox 2384 4870 2478 4921; x_wconf 75' lang='grc' dir='ltr'><strong>καὶ</strong></span> <span class='ocrx_word' id='word_1_750' title='bbox 2516 4869 2777 4937; x_wconf 83' lang='grc' dir='ltr'>μεθεκτὸν</span> <span class='ocrx_word' id='word_1_751' title='bbox 2806 4870 2965 4924; x_wconf 83' lang='grc' dir='ltr'>τοῦτο</span> <span class='ocrx_word' id='word_1_752' title='bbox 2992 4874 3274 4943; x_wconf 82' lang='grc' dir='ltr'><strong>διαφόρως</strong></span> <span class='ocrx_word' id='word_1_753' title='bbox 3303 4878 3431 4949; x_wconf 75' lang='grc' dir='ltr'>περὶ</span> <span class='ocrx_word' id='word_1_754' title='bbox 3458 4874 3567 4928; x_wconf 83' lang='grc' dir='ltr'>τῶν</span> <span class='ocrx_word' id='word_1_755' title='bbox 3600 4875 3763 4930; x_wconf 82' lang='grc' dir='ltr'>θείων</span> <span class='ocrx_word' id='word_1_756' title='bbox 3791 4878 3958 4947; x_wconf 66' lang='grc' dir='ltr'>προόο</span> 
     </span>
    </p>
   </div>
   <div class='ocr_carea' id='block_1_110' title="bbox 2381 4962 3961 5033">
    <p class='ocr_par' dir='ltr' id='par_1_110' title="bbox 2381 4962 3961 5033">
     <span class='ocr_line' id='line_1_110' title="bbox 2381 4962 3961 5033; baseline 0.005 -18"><span class='ocrx_word' id='word_1_757' title='bbox 2381 4962 2490 5015; x_wconf 85' lang='grc' dir='ltr'><strong>δων</strong></span> <span class='ocrx_word' id='word_1_758' title='bbox 2520 4962 2613 5015; x_wconf 75' lang='grc' dir='ltr'>καὶ</span> <span class='ocrx_word' id='word_1_759' title='bbox 2644 4964 2938 5031; x_wconf 76' lang='grc' dir='ltr'>ἐνεργειῶν</span> <span class='ocrx_word' id='word_1_760' title='bbox 2967 4964 3062 5017; x_wconf 87' lang='grc' dir='ltr'>τοῦ</span> <span class='ocrx_word' id='word_1_761' title='bbox 3094 4966 3211 5028; x_wconf 85' lang='grc' dir='ltr'>ἐνὸς</span> <span class='ocrx_word' id='word_1_762' title='bbox 3242 4967 3391 5019; x_wconf 84' lang='grc' dir='ltr'>θείου</span> <span class='ocrx_word' id='word_1_763' title='bbox 3426 4968 3751 5033; x_wconf 77' lang='grc' dir='ltr'>Πνεῦματος</span> <span class='ocrx_word' id='word_1_764' title='bbox 3778 4971 3961 5025; x_wconf 69' lang='grc' dir='ltr'>ποιού·</span> 
     </span>
    </p>
   </div>
   <div class='ocr_carea' id='block_1_111' title="bbox 2388 5054 3959 5132">
    <p class='ocr_par' dir='ltr' id='par_1_111' title="bbox 2388 5054 3959 5132">
     <span class='ocr_line' id='line_1_111' title="bbox 2388 5054 3959 5132; baseline 0.006 -27"><span class='ocrx_word' id='word_1_765' title='bbox 2388 5071 2540 5123; x_wconf 87' lang='grc' dir='ltr'>μενοι</span> <span class='ocrx_word' id='word_1_766' title='bbox 2573 5054 2662 5106; x_wconf 66' lang='grc' dir='ltr'>τὶν</span> <span class='ocrx_word' id='word_1_767' title='bbox 2692 5054 2870 5123; x_wconf 74' lang='grc' dir='ltr'>λόγον.</span> <span class='ocrx_word' id='word_1_768' title='bbox 2917 5055 3249 5125; x_wconf 71' lang='grc' dir='ltr'>Ἀμέθεκτον</span> <span class='ocrx_word' id='word_1_769' title='bbox 3277 5054 3373 5112; x_wconf 83' lang='grc' dir='ltr'>οὖν</span> <span class='ocrx_word' id='word_1_770' title='bbox 3406 5059 3472 5111; x_wconf 80' lang='grc' dir='ltr'><strong>σὺ</strong></span> <span class='ocrx_word' id='word_1_771' title='bbox 3503 5061 3603 5132; x_wconf 74' lang='grc' dir='ltr'><strong>τὴν</strong></span> <span class='ocrx_word' id='word_1_772' title='bbox 3633 5060 3828 5115; x_wconf 83' lang='grc' dir='ltr'>οὐσίαν</span> <span class='ocrx_word' id='word_1_773' title='bbox 3857 5063 3959 5132; x_wconf 75' lang='grc' dir='ltr'><strong>φὴς</strong></span> 
     </span>
    </p>
   </div>
   <div class='ocr_carea' id='block_1_112' title="bbox 2384 5146 3002 5212">
    <p class='ocr_par' dir='ltr' id='par_1_112' title="bbox 2384 5146 3002 5212">
     <span class='ocr_line' id='line_1_112' title="bbox 2384 5146 3002 5212; baseline 0.008 -13"><span class='ocrx_word' id='word_1_774' title='bbox 2384 5147 2479 5199; x_wconf 78' lang='grc' dir='ltr'><strong>καὶ</strong></span> <span class='ocrx_word' id='word_1_775' title='bbox 2513 5146 2678 5212; x_wconf 71' lang='grc' dir='ltr'>φύσιν</span> <span class='ocrx_word' id='word_1_776' title='bbox 2710 5147 2804 5200; x_wconf 90' lang='grc' dir='ltr'>τοῦ</span> <span class='ocrx_word' id='word_1_777' title='bbox 2840 5148 3002 5204; x_wconf 84' lang='grc' dir='ltr'>Θεοῦ.</span> 
     </span>
    </p>
   </div>
   <div class='ocr_carea' id='block_1_113' title="bbox 2457 5238 3957 5314">
    <p class='ocr_par' dir='ltr' id='par_1_113' title="bbox 2457 5238 3957 5314">
     <span class='ocr_line' id='line_1_113' title="bbox 2457 5238 3957 5314; baseline 0.005 -23"><span class='ocrx_word' id='word_1_778' title='bbox 2457 5241 2635 5307; x_wconf 76' lang='grc' dir='ltr'>Θεοφ.</span> <span class='ocrx_word' id='word_1_779' title='bbox 2683 5238 2815 5304; x_wconf 71' lang='grc' dir='ltr'>Ναὶ,</span> <span class='ocrx_word' id='word_1_780' title='bbox 2859 5241 2957 5308; x_wconf 77' lang='grc' dir='ltr'>τὴν</span> <span class='ocrx_word' id='word_1_781' title='bbox 3011 5241 3295 5313; x_wconf 83' lang='grc' dir='ltr'>ἀνώνυμον</span> <span class='ocrx_word' id='word_1_782' title='bbox 3351 5243 3569 5314; x_wconf 80' lang='grc' dir='ltr'>ἔκείνην</span> <span class='ocrx_word' id='word_1_783' title='bbox 3597 5244 3691 5297; x_wconf 72' lang='grc' dir='ltr'><strong>καὶ</strong></span> <span class='ocrx_word' id='word_1_784' title='bbox 3744 5244 3957 5314; x_wconf 79' lang='grc' dir='ltr'>ὑπερὼ·</span> 
     </span>
    </p>
   </div>
   <div class='ocr_carea' id='block_1_114' title="bbox 2383 5348 2571 5402">
    <p class='ocr_par' dir='ltr' id='par_1_114' title="bbox 2383 5348 2571 5402">
     <span class='ocr_line' id='line_1_114' title="bbox 2383 5348 2571 5402; baseline 0 -17"><span class='ocrx_word' id='word_1_785' title='bbox 2383 5348 2571 5402; x_wconf 86' lang='grc' dir='ltr'>νυμον.</span> 
     </span>
    </p>
   </div>
   <div class='ocr_carea' id='block_1_115' title="bbox 2462 5422 3956 5497">
    <p class='ocr_par' dir='ltr' id='par_1_115' title="bbox 2462 5422 3956 5497">
     <span class='ocr_line' id='line_1_115' title="bbox 2462 5422 3956 5497; baseline 0.003 -22"><span class='ocrx_word' id='word_1_786' title='bbox 2462 5422 2627 5475; x_wconf 77' lang='grc' dir='ltr'>Θεότ.</span> <span class='ocrx_word' id='word_1_787' title='bbox 2660 5422 2944 5492; x_wconf 76' lang='grc' dir='ltr'>Μεθεκτὴν</span> <span class='ocrx_word' id='word_1_788' title='bbox 2977 5425 3033 5477; x_wconf 81' lang='grc' dir='ltr'><strong>δὲ</strong></span> <span class='ocrx_word' id='word_1_789' title='bbox 3064 5424 3158 5478; x_wconf 84' lang='grc' dir='ltr'>καὶ</span> <span class='ocrx_word' id='word_1_790' title='bbox 3209 5426 3406 5496; x_wconf 68' lang='grc' dir='ltr'>νοητὴν</span> <span class='ocrx_word' id='word_1_791' title='bbox 3453 5426 3552 5497; x_wconf 78' lang='grc' dir='ltr'><strong>τὴν</strong></span> <span class='ocrx_word' id='word_1_792' title='bbox 3596 5427 3831 5497; x_wconf 79' lang='grc' dir='ltr'>δύναμιν</span> <span class='ocrx_word' id='word_1_793' title='bbox 3870 5428 3956 5480; x_wconf 82' lang='grc' dir='ltr'>καὶ</span> 
     </span>
    </p>
   </div>
   <div class='ocr_carea' id='block_1_116' title="bbox 2384 5514 3954 5587">
    <p class='ocr_par' dir='ltr' id='par_1_116' title="bbox 2384 5514 3954 5587">
     <span class='ocr_line' id='line_1_116' title="bbox 2384 5514 3954 5587; baseline 0.003 -21"><span class='ocrx_word' id='word_1_794' title='bbox 2384 5514 2483 5585; x_wconf 78' lang='grc' dir='ltr'>τὴν</span> <span class='ocrx_word' id='word_1_795' title='bbox 2514 5514 2818 5584; x_wconf 78' lang='grc' dir='ltr'>ἐνέργειαν,</span> <span class='ocrx_word' id='word_1_796' title='bbox 2843 5516 2910 5586; x_wconf 73' lang='grc' dir='ltr'><strong>ἢν</strong></span> <span class='ocrx_word' id='word_1_797' title='bbox 2939 5520 3029 5568; x_wconf 76' lang='grc' dir='ltr'><strong>καὶ</strong></span> <span class='ocrx_word' id='word_1_798' title='bbox 3053 5519 3081 5569; x_wconf 86' lang='grc' dir='ltr'>ὀ</span> <span class='ocrx_word' id='word_1_799' title='bbox 3107 5518 3277 5587; x_wconf 83' lang='grc' dir='ltr'>μέγας</span> <span class='ocrx_word' id='word_1_800' title='bbox 3306 5518 3411 5587; x_wconf 72' lang='grc' dir='ltr'><strong>ἔφη</strong></span> <span class='ocrx_word' id='word_1_801' title='bbox 3443 5518 3722 5581; x_wconf 85' lang='grc' dir='ltr'>Βασίλειος</span> <span class='ocrx_word' id='word_1_802' title='bbox 3756 5520 3823 5570; x_wconf 81' lang='grc' dir='ltr'><strong>ἐκ</strong></span> <span class='ocrx_word' id='word_1_803' title='bbox 3852 5519 3954 5571; x_wconf 76' lang='grc' dir='ltr'><strong>τῶν</strong></span> 
     </span>
    </p>
   </div>
   <div class='ocr_carea' id='block_1_117' title="bbox 2382 5608 3295 5676">
    <p class='ocr_par' dir='ltr' id='par_1_117' title="bbox 2382 5608 3295 5676">
     <span class='ocr_line' id='line_1_117' title="bbox 2382 5608 3295 5676; baseline 0.007 -19"><span class='ocrx_word' id='word_1_804' title='bbox 2382 5608 2709 5674; x_wconf 76' lang='grc' dir='ltr'>ποιημάτων</span> <span class='ocrx_word' id='word_1_805' title='bbox 2749 5608 3295 5676; x_wconf 76' lang='grc' dir='ltr'>καταλαμϐάνεσθαι.</span> 
     </span>
    </p>
   </div>
   <div class='ocr_carea' id='block_1_118' title="bbox 2456 5699 3950 5773">
    <p class='ocr_par' dir='ltr' id='par_1_118' title="bbox 2456 5699 3950 5773">
     <span class='ocr_line' id='line_1_118' title="bbox 2456 5699 3950 5773; baseline 0.001 -21"><span class='ocrx_word' id='word_1_806' title='bbox 2456 5703 2630 5769; x_wconf 71' lang='grc' dir='ltr'>Θεοφ.</span> <span class='ocrx_word' id='word_1_807' title='bbox 2671 5699 2828 5752; x_wconf 87' lang='grc' dir='ltr'>Τοῦτ’</span> <span class='ocrx_word' id='word_1_808' title='bbox 2852 5702 3005 5755; x_wconf 83' lang='grc' dir='ltr'>αὑτό.</span> <span class='ocrx_word' id='word_1_809' title='bbox 3034 5702 3321 5767; x_wconf 78' lang='grc' dir='ltr'>Μεθέξεως</span> <span class='ocrx_word' id='word_1_810' title='bbox 3351 5703 3535 5773; x_wconf 75' lang='grc' dir='ltr'>μέντοι</span> <span class='ocrx_word' id='word_1_811' title='bbox 3564 5701 3655 5753; x_wconf 89' lang='grc' dir='ltr'>τοῦ</span> <span class='ocrx_word' id='word_1_812' title='bbox 3681 5700 3819 5753; x_wconf 86' lang='grc' dir='ltr'>Θεοῦ</span> <span class='ocrx_word' id='word_1_813' title='bbox 3849 5700 3950 5753; x_wconf 84' lang='grc' dir='ltr'>δια·</span> 
     </span>
    </p>
   </div>
   <div class='ocr_carea' id='block_1_119' title="bbox 2382 5792 3945 5869">
    <p class='ocr_par' dir='ltr' id='par_1_119' title="bbox 2382 5792 3945 5869">
     <span class='ocr_line' id='line_1_119' title="bbox 2382 5792 3945 5869; baseline 0.006 -27"><span class='ocrx_word' id='word_1_814' title='bbox 2382 5793 2550 5863; x_wconf 78' lang='grc' dir='ltr'>φοραὶ</span> <span class='ocrx_word' id='word_1_815' title='bbox 2583 5792 2792 5858; x_wconf 71' lang='grc' dir='ltr'>πολλαὶ,</span> <span class='ocrx_word' id='word_1_816' title='bbox 2844 5792 2919 5857; x_wconf 83' lang='grc' dir='ltr'>ὡς</span> <span class='ocrx_word' id='word_1_817' title='bbox 2954 5796 3012 5847; x_wconf 78' lang='grc' dir='ltr'>ἐν</span> <span class='ocrx_word' id='word_1_818' title='bbox 3038 5795 3115 5866; x_wconf 77' lang='grc' dir='ltr'>τῷ</span> <span class='ocrx_word' id='word_1_819' title='bbox 3162 5794 3294 5869; x_wconf 82' lang='grc' dir='ltr'>περὶ</span> <span class='ocrx_word' id='word_1_820' title='bbox 3341 5793 3501 5849; x_wconf 85' lang='grc' dir='ltr'>θείων</span> <span class='ocrx_word' id='word_1_821' title='bbox 3534 5794 3825 5864; x_wconf 80' lang='grc' dir='ltr'>ἐνεργειῶν</span> <span class='ocrx_word' id='word_1_822' title='bbox 3858 5794 3945 5853; x_wconf 68' lang='grc' dir='ltr'><strong>καὶ</strong></span> 
     </span>
    </p>
   </div>
   <div class='ocr_carea' id='block_1_120' title="bbox 3996 92 4013 365">
    <p class='ocr_par' dir='ltr' id='par_1_120' title="bbox 3996 92 4013 365">
     <span class='ocr_line' id='line_1_120' title="bbox 3996 92 4013 365; baseline 0 0"><span class='ocrx_word' id='word_1_823' title='bbox 3996 92 4013 365; x_wconf 96' lang='grc'><strong>1</strong></span> 
     </span>
    </p>
   </div>
   <div class='ocr_carea' id='block_1_121' title="bbox 4015 480 4019 679">
    <p class='ocr_par' dir='ltr' id='par_1_121' title="bbox 4015 480 4019 679">
     <span class='ocr_line' id='line_1_121' title="bbox 4015 480 4019 679; baseline 0 0"><span class='ocrx_word' id='word_1_824' title='bbox 4015 480 4019 679; x_wconf 98' lang='grc'><strong>1</strong></span> 
     </span>
    </p>
   </div>
   <div class='ocr_carea' id='block_1_122' title="bbox 4019 713 4042 1775">
    <p class='ocr_par' dir='ltr' id='par_1_122' title="bbox 4019 713 4039 1691">
     <span class='ocr_line' id='line_1_122' title="bbox 4019 713 4021 779; baseline 0 0"><span class='ocrx_word' id='word_1_825' title='bbox 4019 713 4021 779; x_wconf 98' lang='grc'><strong>1</strong></span> 
     </span>
     <span class='ocr_line' id='line_1_123' title="bbox 4019 800 4023 871; baseline 0 -6"><span class='ocrx_word' id='word_1_826' title='bbox 4019 800 4023 871; x_wconf 95' lang='grc'><strong>1</strong></span> 
     </span>
     <span class='ocr_line' id='line_1_124' title="bbox 4024 906 4025 945; baseline 0 0"><span class='ocrx_word' id='word_1_827' title='bbox 4024 906 4025 945; x_wconf 76' lang='grc'><strong>1</strong></span> 
     </span>
     <span class='ocr_line' id='line_1_125' title="bbox 4026 1012 4027 1053; baseline 0 0"><span class='ocrx_word' id='word_1_828' title='bbox 4026 1012 4027 1053; x_wconf 78' lang='grc'><strong>1</strong></span> 
     </span>
     <span class='ocr_line' id='line_1_126' title="bbox 4028 1118 4029 1171; baseline 0 0"><span class='ocrx_word' id='word_1_829' title='bbox 4028 1118 4029 1171; x_wconf 98' lang='grc'><strong>1</strong></span> 
     </span>
     <span class='ocr_line' id='line_1_127' title="bbox 4030 1224 4031 1277; baseline 0 0"><span class='ocrx_word' id='word_1_830' title='bbox 4030 1224 4031 1277; x_wconf 98' lang='grc'><strong>1</strong></span> 
     </span>
     <span class='ocr_line' id='line_1_128' title="bbox 4032 1330 4033 1377; baseline 0 0"><span class='ocrx_word' id='word_1_831' title='bbox 4032 1330 4033 1377; x_wconf 98' lang='grc'><strong>1</strong></span> 
     </span>
     <span class='ocr_line' id='line_1_129' title="bbox 4034 1436 4035 1493; baseline 0 0"><span class='ocrx_word' id='word_1_832' title='bbox 4034 1436 4035 1493; x_wconf 98' lang='grc'><strong>1</strong></span> 
     </span>
     <span class='ocr_line' id='line_1_130' title="bbox 4036 1544 4037 1601; baseline 0 0"><span class='ocrx_word' id='word_1_833' title='bbox 4036 1544 4037 1601; x_wconf 98' lang='grc'><strong>1</strong></span> 
     </span>
     <span class='ocr_line' id='line_1_131' title="bbox 4038 1650 4039 1691; baseline 0 0"><span class='ocrx_word' id='word_1_834' title='bbox 4038 1650 4039 1691; x_wconf 78' lang='grc'><strong>1</strong></span> 
     </span>
    </p>
   </div>
  </div>
