4104 6322
107 428 212 492 929

1442 399 1974 486 THEOPHANEs

3245 411 3352 474 930

105 543 204 606 τῆς
236 539 354 594 κατ’
389 540 556 601 αὐτὰς
595 537 864 609 peream;
909 538 1006 591 κάν
1035 540 1100 609 τῇ
1132 537 1237 605 πρὸ
1267 537 1468 609 ταύτης
1494 537 1672 590 διαλέ-
1703 592 1705 597 ς

1808 537 2192 608 ιρετειιὶυιιίὺιιε
2247 545 2300 590 et
2331 528 2936 588 commnnicationilms
2973 538 3024 583 et
3057 527 3111 596 in
3147 543 3351 598 praece-

108 633 187 697 ξει
225 633 548 702 προείρηται
581 635 735 702 ἡμῖν.

178 729 341 780 Θεότ.
370 727 479 794 Τὴν
502 727 553 778 δὲ
580 727 859 795 ἐνέργειαν
886 723 1012 778 ἄλλο
1035 724 1215 789 λέγεις
1246 723 1343 792 τῆς
1366 723 1575 788 οὐσίας,
1597 723 1672 787 ὡς

105 815 468 883 διαφέρουσαν
497 817 733 885 ἐκείνης,
765 816 971 885 ταύτης
999 815 1056 867 δὲ
1092 815 1424 885 ἁχὼριστονς

180 989 359 1054 Θεοφ.
392 989 483 1050 Ὠς
511 992 604 1040 καὶ
629 990 730 1054 τῆς
758 989 948 1052 οὐσίας
970 990 1068 1057 τὴν
1100 991 1424 1044 ὑπόστασιν·
1469 991 1537 1058 τῷ
1567 992 1675 1060 γὰρ

108 1077 215 1129 ἀπὸ
243 1077 335 1129 τοῦ
366 1079 628 1148 ὀνόματος
659 1083 1049 1151 σημαινομένῳ
1077 1082 1380 1152 διενήνοχεν
1412 1084 1671 1148 ἑκάτερον

107 1171 298 1236 αὐτῆς.

184 1262 349 1314 Θεότ.
383 1263 471 1332 Μὴ
503 1259 595 1315 οὖν
629 1265 721 1316 καὶ
752 1267 849 1334 τὴν
880 1267 1160 1335 ἐνέργειαν
1197 1267 1496 1320 ὑπόστασιν
1527 1264 1680 1331 δοξά-

109 1351 258 1417 ζειςς

185 1446 361 1512 Θεορ.
400 1447 614 1511 ’Ἄπαγε
691 1445 917 1514 οὐδεμία
953 1446 1060 1516 γὰρ
1096 1446 1203 1499 τῶν
1232 1450 1492 1502 τοιούτων
1529 1449 1680 1512 ἐνερ-

110 1536 276 1598 γειῶν
313 1535 699 1599 ἐνυπόστατος,
736 1539 1017 1591 τουτέστιν
1063 1540 1495 1609 αὐθυπόστατος,
1535 1547 1682 1600 κατὰ

111 1628 204 1678 τὸν
248 1627 420 1694 μέγαν
460 1629 624 1694 φάναι
651 1629 950 1681 Βασίλειον.

185 1720 350 1772 Θεότ.
393 1721 551 1773 am
592 1722 698 1789 μὴν
754 1722 847 1772 καὶ
886 1721 971 1773 διὰ
1005 1723 1101 1789 τῆς
1148 1725 1428 1796 ἐνεργείας
1477 1729 1684 1799 ταύτης

107 1810 202 1862 τὸν
233 1810 364 1863 Θεὸν
398 1812 502 1880 φῂς
537 1813 861 1880 μετέχεσθαι
895 1814 1042 1882 παρὰ
1074 1814 1181 1866 τῶν
1214 1819 1574 1887 μετεχόντων.

190 1905 368 1970 Θευρ.
402 1904 556 1954 Κατὰ
585 1906 643 1956 τὸ
679 1907 982 1976 ἐγχωροῦν.

188 1994 357 2044 Θεότ.
393 1994 503 2044 Καὶ
532 1993 616 2046 διὰ
661 1997 758 2064 τῆς
794 1996 980 2059 οὐσίας
1016 1996 1104 2049 τὸν
1145 1999 1306 2051 αὐτὸν
1347 1999 1479 2052 Θεὸν
1511 2000 1684 2069 ἀμέθ-

111 2097 298 2134 εκτον.

188 2175 368 2239 6805:.
410 2173 682 2226 Μάλιστα.

187 2265 358 2317 θεότ.
393 2265 599 2326 Ὄντως
626 2264 794 2334 λῆρος
828 2271 895 2318 τὰ
931 2267 1055 2320 καθ’
1087 2269 1243 2339 ὐμῶν
1269 2273 1490 2326 ἐκείνων
1518 2273 1686 2341 φθέγι

118 2373 294 2425 ματα.
333 2356 458 2418 Πῶς
487 2357 593 2426 γὰρ
647 2355 804 2420 ἄλλος
837 2359 988 2411 ἔσται
1015 2363 1041 2412 ὁ
1084 2363 1265 2424 αὐτὸς,
1310 2364 1426 2426 πῶς
1452 2365 1496 2417 δ’
1532 2362 1688 2427 αὖθις

113 2450 275 2500 ἔσται
298 2447 437 2499 κατά
467 2447 646 2501 πάντα
668 2448 728 2500 τὸ
757 2449 912 2515 αὐτὸ,
947 2453 1011 2521 τῇ
1036 2453 1294 2523 ἀκινησίᾳ
1322 2455 1568 2524 πρόοδος,
1597 2457 1691 2507 καὶ

111 2538 194 2608 τῷ
227 2536 517 2607 ἀμεθέκτῳ
565 2538 781 2607 μέθεξις
815 2541 910 2592 καὶ
947 2544 1014 2611 τῇ
1066 2547 1388 2614 κρυφιὸτητι
1421 2548 1453 2616 ἡ
1490 2545 1692 2613 ἐκφαν-

115 2646 224 2688 σις.
271 2628 541 2695 Ἀλλήλων
576 2630 802 2698 μὲνγὰρ
839 2630 1014 2684 ταῦτα
1045 2634 1321 2703 διαφέρειν
1363 2637 1685 2705 ἀναγκαῖον,

111 2720 235 2773 ἀλλ’
287 2722 348 2773 οὐ
394 2719 663 2789 διαφόρων
691 2720 918 2776 δύναται
950 2724 1237 2796 ὑπάρχειν,
1263 2728 1318 2780 εἴ
1347 2746 1406 2798 γε
1440 2731 1688 2783 ἄιτιστα.

194 2902 375 2966 Θεοφ.
412 2897 472 2950 Εί
504 2897 560 2952 δὲ
588 2900 653 2953 τά
688 2899 786 2969 μὲν
814 2902 993 2956 αὐτῶν
1019 2904 1234 2970 κτιστά,
1270 2905 1338 2958 τὲ
1366 2907 1411 2959 δ’
1441 2907 1691 2972 ἄκτιστα,

114 2987 162 3044 ὦ
201 2991 410 3061 χρηστὲ
457 2991 710 3061 Θεότιμε,
762 2992 1018 3064 ὑπάρχει,
1067 2998 1159 3050 καὶ
1191 2998 1463 3069 διαφέρων
1502 3000 1695 3054 οὐσιῶν
1731 3019 1737 3023 ·

113 3086 261 3137 ἐστι.

194 3173 363 3225 Θεότ.
397 3173 519 3235 Πῶς
542 3173 651 3244 γὰρ
676 3173 734 3227 οὐ
760 3193 776 3238 ;

195 3267 376 3330 Θεορ.
413 3264 674 3317 Πολύθεοι
700 3266 788 3336 ἄρ’
811 3266 884 3327 ὡς
911 3268 1125 3336 ἀληθῶς
1150 3273 1197 3322 οἱ
1221 3273 1373 3325 ταῦθ’
1398 3273 1541 3328 οὕτω
1567 3277 1698 3330 διαι-

117 3352 354 3422 ροῦντες
405 3347 571 3408 οὗτοι.
610 3356 780 3409 Ὅταν
835 3358 878 3411 δ’
933 3359 1088 3422 αὖθις
1135 3365 1329 3416 ταυτὸν
1386 3369 1698 3422 παντάπασι

115 3444 388 3497 τιθῶνται
421 3448 485 3514 τῇ
538 3447 865 3517 κρυφιότητι
899 3448 996 3515 τὴν
1042 3450 1304 3517 ἔκφανσιν
1336 3453 1429 3505 καὶ
1461 3459 1525 3523 τῇ
1581 3459 1700 3508 ἀκι-

117 3536 296 3605 νησίᾳ
327 3538 420 3588 καὶ
452 3539 774 3607 μονιμὸτητι
809 3543 907 3609 τὴν
940 3541 1186 3612 πρόοδον,
1219 3544 1312 3596 καὶ
1344 3547 1406 3615 τῇ
1435 3547 1700 3620 ἀμεθεξίᾳ

115 3632 230 3695 τὴν
272 3630 426 3683 θείαν
469 3631 690 3700 μέθεξίν
735 3648 795 3684 τε
827 3634 919 3685 καὶ
972 3634 1293 3704 μετάληψιν,
1325 3639 1517 3690 ταυτὸν
1551 3641 1594 3692 δ’
1622 3643 1700 3694 εί-

116 3725 251 3773 πείν
283 3725 348 3790 τῇ
398 3723 492 3774 τοῦ
529 3722 664 3775 Θεοῦ
694 3723 852 3794 οὐσία
888 3725 982 3794 τὴν
1023 3725 1174 3779 θείαν
1210 3729 1365 3796 χάριν
1413 3732 1508 3784 καὶ
1557 3733 1704 3801 ἐνέρ-

115 3831 310 3882 γειαν.
374 3813 720 3882 καταληπτὸν
777 3816 963 3884 σαφῶς
1013 3819 1328 3874 παντάπασι
1360 3824 1591 3876 τίθενται
1645 3827 1703 3876 τὸ

118 3906 300 3966 θεῖον,
332 3902 359 3968 ὃ
389 3904 489 3972 τῆς
519 3903 808 3967 πολυθεῖας
836 3907 932 3958 οὐκ
958 3906 1174 3960 ἔλαττόν
1204 3912 1318 3963 ἐστι
1352 3915 1538 3965 κακόνο
1571 3915 1705 3968 ἀλλὰ

115 3995 306 4049 ταῦτα
353 3995 449 4063 μὲν
489 3997 859 4065 ἀποχρώντως
885 3997 978 4050 νῦν
1014 4002 1147 4070 ἡμῖν
1178 4003 1428 4073 εἰρῆσθαι
1479 4005 1574 4059 καὶ
1609 4007 1706 4059 αὐ-

115 4089 218 4148 τὸς
248 4087 335 4150 ἂν,
369 4083 543 4153 οἶμαι,
580 4089 767 4157 φαίης.

202 4177 374 4228 Θρότ.
411 4175 520 4242 Οὐχ
574 4176 776 4244 ἣκιστα
813 4177 910 4245 μὲν
959 4177 1051 4231 οὐν
1100 4181 1192 4233 καὶ
1245 4183 1381 4250 πρὸς
1419 4183 1706 4255 ἀκρίϐειαν

117 4264 397 4333 ἀσφαλῶς
429 4271 523 4318 καὶ
553 4266 813 4329 εὐσεϐῶς.

203 4359 390 4426 0805:.
429 4357 637 4410 Ἐκεῖνο
683 4358 729 4410 δ’
781 4358 1016 4414 ἐνταῦθα
1055 4361 1146 4415 τοῦ
1186 4363 1343 4432 λόγου
1397 4368 1705 4435 γενομένοις

117 4450 520 4519 διευκρινῆσαι
547 4452 866 4519 ἀναγκαῖον.

210 4542 386 4597 Θεότ.
419 4543 574 4595 Ποῖον
605 4542 794 4612 δήποτ’
819 4545 905 4615 ἄρ’
932 4546 1144 4613 ὲκείνο;

206 4636 387 4700 Θεοφ.
419 4631 542 4693 Πῶς
575 4647 740 4700 φησιν
773 4634 800 4684 ό
832 4632 940 4685 τῶν
973 4635 1292 4688 ἀποστόλων
1324 4640 1620 4707 κορυφαῖος
1653 4641 1710 4691 εν

120 4730 195 4795 τῆ
231 4725 465 4795 δευτέρα
513 4725 620 4777 τῶν
656 4725 1007 4790 Ἐπιστολῶν,
1051 4744 1069 4776 ι
1112 4727 1230 4781 Ἵνα
1274 4730 1504 4797 γένησθε
1562 4731 1715 4792 θείας

121 4817 391 4874 κοινωνοὶ
419 4817 652 4884 φύσεως.
698 4835 716 4868 ι
759 4817 919 4869 Ἀλλά
949 4819 1044 4870 καὶ
1085 4819 1115 4870 ὁ
1148 4820 1306 4888 σοφὸς
1338 4819 1406 4872 τὰ
1441 4822 1557 4872 θεῖα
1590 4823 1714 4874 Μά-

125 4914 342 4978 ξιμος·
384 4925 404 4959 ι
444 4908 536 4970 Εἰς
577 4907 734 4960 τοῦτο
803 4909 951 4978 ἡμᾶς
1005 4911 1307 4980 πεποίηκεν
1338 4915 1364 4964 ὁ
1419 4912 1572 4977 Θεὸς,
1630 4913 1718 4965 ἵνα

121 4994 434 5066 γενώμεθα
449 4994 596 5059 θείας
615 4999 862 5049 κοινωνοὶ
891 4998 1103 5065 φύσεως
1127 5000 1222 5053 καὶ
1245 5000 1344 5068 τῆς
1367 4999 1530 5052 αὐτοῦ
1560 5001 1721 5053 ὰῖδιό-

126 5103 309 5160 τητος
340 5087 578 5156 μέτοχοι.
625 5106 644 5138 ι
693 5088 752 5141 '0
780 5089 836 5141 δὲ
867 5089 1086 5158 Νύσσης
1118 5090 1258 5154 θεῖος
1294 5092 1555 5161 πρόεδρος
1580 5093 1724 5161 Γρη-

127 5183 356 5249 ⁴γὸριος,
392 5196 410 5228 ι
446 5177 666 5243 Σκεῦος,
710 5181 864 5250 φησὶ,
897 5182 994 5250 τῆς
1043 5183 1269 5251 ἐκλογῆς
1306 5183 1454 5247 ἅπαξ
1495 5185 1721 5253 γενόμε-

131 5289 235 5333 νος
265 5270 296 5320 ὁ
336 5267 476 5330 θεῖος
506 5267 739 5334 Παῦλος,
775 5266 923 5336 οἶκος
975 5271 1364 5340 περιληπτικὸς
1403 5274 1500 5342 τῆς
1531 5276 1726 5343 ἀπερι-

132 5363 358 5430 λήπτου
393 5356 582 5424 γέγονε
612 5358 848 5423 φύσεως.
891 5380 909 5412 »

226 5448 398 5503 Θεότ.
432 5444 502 5501 Εὐ
535 5465 617 5500 σοι
650 5449 883 5516 γένοιτο,
917 5451 1208 5519 Θεόφανες,
1252 5452 1328 5523 μὴ
1357 5453 1492 5522 πρὸς
1522 5454 1725 5508 ἐπίδεια

140 5545 240 5609 ξιν
275 5537 466 5601 ἀτελῶς
493 5539 628 5609 μηδὲ
661 5541 797 5609 πρὸς
829 5541 887 5593 τὸ
917 5543 1126 5594 πείθειν
1181 5545 1309 5605 τοὺς
1340 5545 1726 5614 ἀκροωμένους

141 5627 476 5696 ποιουμένῳ
529 5628 627 5698 τὴν
677 5627 936 5696 διάλεξιν,
995 5630 1128 5686 ἀλλᾶ
1177 5631 1311 5698 πρὲς
1363 5633 1564 5704 ἀκριϐῆ
1627 5637 1726 5708 τῆς

237 5807 257 5836 ⁵
287 5804 325 5857 ll
354 5802 500 5857 i‘t-it'.
531 5817 566 5864 ι,
607 5801 655 5854 ι.

1781 631 1930 686 denti
1965 629 2370 684 dissertatione.

1856 720 2041 775 Theot.
2100 720 2317 774 Dicisne
2371 717 2738 787 operationem
2797 712 2942 766 aliud
3014 725 3136 765 esse
3189 725 3350 777 quam

1780 816 2072 870 essentiam
2103 853 2118 877 ,
2155 822 2415 882 tanquam
2448 810 2514 863 ab
2543 808 2660 879 ipsa
2689 808 2982 869 diversam,
3015 804 3083 857 ab
3111 817 3176 856 ca
3224 815 3352 854 vero

1785 906 1970 974 ittacpa
1979 904 2227 958 ralnlcm?

1859 995 2084 1059 Theoph.
2131 995 2284 1048 Sicut
2342 1005 2572 1062 persona
2598 988 2870 1053 discrepat
2898 984 2967 1038 ab
2999 991 3258 1038 essentta:
3286 980 3354 1033 ah

1786 1086 1885 1140 hac
1926 1085 2069 1138 enim
2132 1093 2421 1151 utrumque
2453 1090 2659 1134 tantum
2680 1075 2857 1131 diﬂ‘ert
2879 1081 3146 1142 quantum
3173 1070 3352 1124 disso-

1785 1187 1879 1230 nat
1914 1178 2151 1230 nominis
2181 1174 2528 1244 signiﬁcatio.

1861 1269 2042 1323 Theot.
2085 1268 2223 1322 Num
2257 1267 2420 1336 igitur
2446 1273 2497 1317 ct
2524 1261 2894 1332 operationem
2923 1273 3040 1312 esse
3069 1269 3356 1326 personam

1791 1359 2125 1415 arbitraris?

1865 1451 2095 1519 Tlteoph.
2141 1449 2334 1503 Absit:
2371 1448 2518 1504 nulla
2565 1444 2710 1499 enim
2751 1443 2938 1497 talium
2979 1439 3358 1508 operationum

1789 1554 1871 1598 est
1903 1543 2233 1612 hypostasis.
2283 1540 2333 1592 id
2371 1549 2474 1602 est,
2514 1554 2608 1606 per
2641 1551 2699 1590 sc
2743 1535 3070 1596 subsistens,
3128 1540 3186 1584 ut
3226 1527 3364 1581 dixit

1790 1651 2021 1704 magnus
2055 1634 2308 1686 Basilius.

1866 1727 2047 1780 Thcot.
2115 1728 2181 1776 At
2241 1739 2334 1788 per
2394 1723 2532 1776 hanc
2581 1719 2958 1790 operationem
3015 1715 3153 1771 dicis
3194 1697 3385 1765 Deum

1791 1816 2190 1872 commnnirari
2231 1813 2708 1882 participautibus.

1716 1895 1756 1947 Β
1858 1907 2090 1976 Τίιεορίι.
2131 1905 2319 1972 thnd
2361 1905 2471 1957 lieri
2507 1913 2706 1973 potest.

1863 2000 2048 2054 Theot.
2086 1998 2148 2052 Et
2183 1997 2415 2052 essentia
2441 1996 2690 2051 eutndrm
2717 1993 2886 2049 Deum
2913 2005 3036 2046 esse
3066 2003 3372 2044 tncommu-

1788 2092 2102 2146 nicabiletn.

1866 2184 2095 2250 Theoph.
2145 2180 2380 2250 Optime.

1864 2273 2048 2327 Theot.
2085 2269 2223 2325 Vere
2257 2268 2450 2323 deliria
2503 2277 2628 2321 sunt
2659 2280 2848 2320 eorum
2884 2275 3074 2318 contra
3117 2277 3216 2316 vos
3260 2277 3376 2315 ser-

1792 2379 2006 2420 mones.
2033 2361 2322 2428 Quomodo
2349 2360 2494 2415 enim
2524 2358 2664 2412 alius
2691 2357 2793 2411 erit
2819 2356 2986 2420 idem,
3017 2363 3068 2408 et
3097 2354 3375 2423 quomodo

1793 2458 1992 2511 iterum
2045 2453 2272 2508 omnino
2323 2450 2625 2506 consimilis
2678 2449 2784 2501 erit
2833 2445 3203 2500 immobilitati
3254 2459 3380 2511 pro-

1795 2546 1996 2607 cessio,
2031 2539 2639 2598 incommunicabilitati
2695 2538 3065 2606 participatio,
3099 2545 3155 2591 et
3205 2536 3378 2601 impe-

1795 2633 2151 2690 nctrabilitati
2196 2629 2618 2686 maniiestatio?
2654 2627 2780 2682 llaec
2813 2628 2959 2681 enim
2999 2627 3142 2681 inter
3173 2643 3232 2682 se
3267 2627 3380 2679 dis-

1794 2739 2018 2794 crepare
2053 2736 2276 2777 necesse
2322 2729 2436 2784 est,
2471 2719 2564 2773 sed
2603 2725 2886 2788 nequeunt
2934 2718 3154 2772 diversa
3211 2715 3380 2770 simul

1795 2817 2081 2880 exsistere,
2117 2814 2161 2868 si
2195 2814 2304 2866 sint
2333 2811 2596 2864 increata.

1870 2909 2100 2977 Tlteoph.
2139 2905 2198 2959 Si
2234 2913 2414 2957 autem
2447 2917 2634 2956 eorum
2668 2900 2773 2954 alia
2813 2911 2943 2954 sunt
2974 2909 3158 2954 creata
3188 2905 3240 2953 et
3273 2898 3378 2952 alia

1797 2990 2065 3067 inrrcaia,
2102 2995 2426 3053 charissime
2456 2992 2766 3059 Theotime,
2792 2992 3170 3062 exsistunl,_ac
3199 2991 3379 3045 diver-

1802 3108 1892 3146 sas
1929 3092 2131 3144 habent
2162 3087 2449 3144 essentias.

1721 3213 1767 3275 C
1873 3183 2050 3236 Theot.
2089 3182 2198 3236 Cur
2229 3180 2383 3233 non?

1838 3328 1849 3339 ,
1880 3274 2112 3343 Thcoph.
2153 3271 2397 3342 Pulytltei
2427 3279 2555 3326 sunt
2587 3270 2750 3339 igitur
2778 3266 2869 3321 isti
2903 3266 2994 3334 qni
3025 3265 3140 3318 haec
3171 3267 3244 3316 ita
3276 3262 3386 3316 dis-

1805 3376 2060 3434 cerpunt.
2096 3365 2232 3418 Cum
2265 3373 2490 3416 econtra
2521 3362 2746 3416 omnino
2783 3358 3094 3412 assimilant
3131 3356 3390 3408 manifes-

1807 3459 2067 3511 tationem
2102 3454 2630 3523 impenetrabilitati,
2670 3449 3040 3505 immobilitati
3080 3463 3144 3501 ac
3175 3462 3390 3514 perma-

1808 3549 2006 3603 nentiae
2062 3547 2467 3618 processionem
2498 3586 2512 3609 ,
2565 3553 2732 3612 atque
2782 3539 3389 3596 incommunirahilitziti

1807 3642 2046 3695 divinam
2126 3637 2681 3693 conmmnicationem
2759 3642 2812 3688 et
2878 3631 3389 3701 participationem.

1809 3731 2068 3799 idemque
2106 3729 2314 3798 pariter
2347 3726 2553 3781 faciunt
2582 3725 2676 3778 Dei
2720 3722 3024 3778 essentiam
3059 3737 3122 3776 ac
3152 3721 3389 3775 divinam

1811 3822 2044 3888 gratiam
2077 3829 2131 3873 et
2157 3817 2554 3885 Operationem,
2588 3811 3139 3884 comprehensibilem
3173 3810 3395 3864 eviden-

1812 3911 2023 3966 tissitnc
2053 3910 2263 3963 faciunt
2296 3909 2488 3970 Deum,
2520 3908 2666 3976 quod
2713 3921 2819 3959 non
2854 3914 2936 3958 est
2967 3904 3150 3957 minus
3187 3901 3388 3955 malum

1810 4018 1976 4072 quam
2023 3998 2580 4073 polytheismus;sed
2634 3999 2747 4052 haec
2777 3996 3111 4052 sufﬁcienter
3158 4011 3188 4048 a
3237 3993 3394 4047 nobis

1809 4098 2096 4164 explanata
2134 4105 2190 4148 tu
2227 4093 2364 4162 ipse,
2396 4100 2548 4160 puto,
2583 4090 2756 4143 dices.

1886 4187 2072 4241 Τήιοι.
2117 4184 2183 4237 Et
2217 4183 2436 4250 quidem
2468 4196 2592 4236 cum
2631 4183 2868 4234 maxima
2900 4187 2953 4233 et
2981 4174 3394 4233 accuratissima

1813 4276 2076 4330 ﬁdelitate
2105 4289 2168 4328 ac
2192 4274 2416 4343 pietate.

1885 4367 2118 4435 Tlteoph.
2163 4363 2220 4420 Id
2275 4375 2458 4418 autem
2521 4364 2628 4416 huc
2673 4359 2946 4416 sermonis
2985 4355 3399 4413 dercnicntibus

1813 4459 2102 4522 diligenter
2128 4465 2212 4512 est
2240 4455 2686 4510 exatninatnlum.

1743 4559 1786 4614 ι)
1887 4533 2070 4603 Theot.
2106 4546 2376 4612 Quidnam
2412 4545 2620 4613 igitur?

1887 4638 2123 4705 Theoph.
2164 4637 2320 4703 Quod
2347 4636 2482 4690 dicit
2512 4635 2769 4704 princeps
2799 4632 3171 4701 apostolorum
3214 4629 3267 4682 in
3306 4643 3396 4684 se-

1818 4731 2000 4786 cunda
2031 4729 2271 4800 Epistola
2302 4747 2318 4785 :
2353 4745 2371 4779 ι
2416 4727 2484 4782 Ut
2535 4726 2845 4782 elliciamini
2878 4725 3074 4778 divinae
3116 4733 3400 4777 consortes

1821 4833 2031 4878 naturae
2058 4824 2099 4877 '.
2142 4841 2161 4874 ι
2197 4821 2264 4877 Et
2289 4821 2585 4889 sapiensin
2620 4819 2825 4872 divinis
2855 4818 3165 4870 Maximus:
3206 4833 3225 4865 ι
3274 4815 3402 4867 Ideo

1821 4927 1926 4967 nos
1957 4911 2086 4967 fecit
2121 4911 2287 4976 Deus,
2317 4920 2377 4964 ut
2406 4908 2708 4964 eﬂiciamur
2731 4909 2945 4963 divina?
2995 4915 3280 4961 consortes
3311 4921 3407 4957 na-

1827 5016 1962 5058 turae
2005 5013 2060 5057 et
2115 5002 2232 5069 ejus
2291 5002 2612 5057 aeternitatis
2672 5000 2986 5071 participes.
3042 5016 3060 5048 ι
3116 4999 3194 5051 Ac
3239 4997 3400 5050 divus

1826 5095 2012 5166 Nyssaz
2047 5096 2278 5151 antistes
2310 5096 2608 5166 Gregorius
2637 5110 2652 5148 :
2708 5113 2727 5146 ι
2767 5093 2874 5148 Vas
2908 5091 3190 5148 electionis
3239 5090 3406 5145 semel

1827 5184 2004 5238 factus
2026 5184 2185 5240 divus
2202 5184 2424 5250 Paulus,
2441 5186 2639 5239 domus
2655 5180 3172 5252 comprehensibilis
3197 5181 3407 5236 incom-

1829 5275 2218 5345 prehensibilis
2251 5288 2458 5332 natura:
2493 5275 2722 5331 eﬂ’ectns
2757 5281 2862 5330 est.
2905 5291 2924 5324 ›

1894 5451 2073 5506 Tlteot.
2119 5453 2264 5508 Bene
2321 5455 2417 5509 tibi
2465 5454 2558 5522 sit,
2593 5454 2979 5521 Theophanes,
3027 5454 3120 5520 qni
3175 5465 3290 5504 non
3343 5450 3409 5505 ad

1823 5543 2164 5613 urguendum
2214 5543 2564 5599 solummodo
2600 5559 2699 5598 nec
2733 5544 2798 5596 ad
2833 5539 3264 5596 convincendum
3303 5557 3402 5594 an-

1826 5634 2031 5692 ditores
2073 5636 2328 5704 disseris,
2367 5639 2459 5693 sed
2491 5639 2556 5693 ad
2593 5645 2908 5692 accuratam
2943 5633 3194 5690 veritatis
3246 5633 3407 5687 inda-
