4104 6322
170 384 271 450 96l

1494 383 1615 444 ῘἪ(
1627 384 1957 441 )SlWOPtF.
1973 389 1990 441 ι
2004 386 2063 441 ,³Ιῖ

3304 376 3418 443 nni

171 511 269 561 li-m
294 503 570 566 iacientes,
604 501 805 568 aurigm
829 497 1245 583 ratiocinantem
1283 500 1545 567 :qnidam
1569 515 1735 553 vem-
1767 507 1806 560 Α
1842 504 2054 557 dicendi
2098 518 2295 572 genere
2352 502 2662 572 huiusmodi
2717 504 3054 569 lllSlHCllltS,
3103 504 3428 572 ailjmlicia-

175 598 276 653 tori
306 598 418 650 viro
448 593 888 658 ratiocinantem,
921 610 1063 664 equo
1090 594 1176 648 cui
1227 593 1427 648 insidet
1472 594 1733 663 concupi-

177 696 431 747 scentem,
482 686 605 763 cani
654 681 887 755 adjutori
946 685 1275 740 irascentem
1309 691 1732 757 comparantes:

174 781 297 845 quin
325 778 485 833 etiam
514 772 1211 833 locorumdiscriminibus
1245 776 1615 847 sejungentes,
1650 792 1738 831 ra-

173 871 364 923 tionem
407 874 467 922 ut
512 867 813 937 principem
848 867 900 919 in
934 848 1182 929 cerebro,
1216 875 1477 936 tanquam
1512 866 1565 920 in
1614 880 1739 919 arce

173 975 404 1025 summa,
438 974 470 1013 e
501 959 812 1029 propinquo
841 958 995 1026 quasi
1038 958 1299 1014 satellitio
1320 971 1584 1013 sensuum
1613 974 1738 1011 tnu-

176 1050 335 1105 nitam
362 1066 425 1105 ac
451 1052 730 1105 defensam
774 1069 787 1104 :
819 1052 955 1105 iram
992 1051 1045 1105 in
1072 1049 1258 1113 corde,
1297 1051 1654 1121 cupiditatem
1687 1051 1740 1104 in

175 1144 408 1211 iocinere
444 1144 738 1200 collocant.
769 1129 997 1199 Eximire
1026 1159 1159 1200 vero
1186 1144 1471 1213 sapientiae
1499 1144 1740 1213 Aposto-

177 1239 278 1301 lus,
306 1237 614 1292 evidentius
642 1237 809 1299 animi
832 1248 1039 1305 partem
1066 1237 1296 1292 rationis
1315 1236 1643 1307 participem
1675 1235 1746 1290 ab

174 1339 389 1398 experte
441 1328 806 1398 distinguens,
837 1328 983 1383 illam
1019 1329 1273 1398 spiritum
1316 1336 1381 1383 'et
1422 1327 1755 1382 interiorem
1781 1324 1795 1334 ”

179 1422 446 1476 hominem
474 1460 489 1485 ,
522 1421 662 1475 hanc
693 1435 913 1475 carnem
942 1412 1026 1474 'et‘
1074 1421 1404 1474 exteriorem
1457 1420 1746 1474 hominem

177 1513 407 1581 appellat
431 1530 446 1578 ;
475 1511 674 1567 deinde
699 1513 1145 1566 contrarietatem
1171 1527 1359 1567 earum
1383 1511 1746 1582 patefaciens,

183 1618 203 1651 α
240 1600 437 1662 Cerno,
484 1597 683 1669 inquit.
716 1600 940 1655 alteram
996 1601 1166 1672 legem
1201 1617 1341 1670 .qute
1377 1603 1429 1654 in
1483 1601 1750 1655 membris

178 1689 314 1745 meis
347 1698 452 1754 est,
485 1699 878 1763 repugnantem
927 1690 1031 1760 legi
1080 1692 1276 1745 mentis
1318 1676 1476 1767 meas,
1497 1700 1552 1745 et
1578 1689 1749 1758 capti-

176 1791 389 1836 rautcm
421 1797 512 1836 me
541 1782 644 1837 sub
680 1782 851 1851 legem
882 1784 1089 1852 peccati
1109 1783 1151 1836 ί.
1185 1803 1205 1837 ›
1238 1782 1531 1839 Orationes
1568 1793 1748 1837 autem

178 1886 314 1943 quas
342 1890 547 1949 con-pus
571 1885 626 1930 et
650 1892 805 1939 mens
846 1874 943 1931 ’seu
974 1877 1188 1932 ratione
1235 1885 1418 1939 utens;
1442 1884 1498 1931 et
1532 1876 1750 1945 patiens

179 1966 345 2020 animi
379 1981 529 2035 pars,
570 1967 811 2024 vicissim
845 1967 1177 2029 habuerunt,
1209 1954 1428 2021 exiliter
1456 1966 1754 2020 admodum

179 2058 384 2114 stoicus
433 2057 728 2113 Cleanthes
776 2070 863 2113 cst
893 2067 1262 2117 commentus.
1298 2058 1378 2114 sic
1424 2071 1521 2113 eas
1548 2050 1757 2111 faciens

180 2151 463 2217 loquentes
483 2149 679 2217 :Quid,
704 2151 908 2216 anime,
925 2151 1007 2205 vis
1035 2150 1238 2205 factum
1258 2150 1376 2213 tibi,
1402 2148 1532 2202 mihi
1553 2148 1754 2203 indica.

179 2241 453 2310 Quidquid
504 2242 644 2307 ﬁeri,
679 2259 711 2296 o
743 2242 905 2305 ratio.
942 2242 1230 2298 desidero:
1262 2242 1315 2295 id
1352 2241 1560 2309 regium
1599 2240 1759 2309 plane

179 2342 286 2386 est.
315 2331 545 2399 Quidam
576 2336 741 2388 etiam
777 2333 1038 2389 Ecclesiae
1081 2333 1389 2403 sapientum
1438 2336 1755 2397 doctorum,

177 2424 486 2491 iamborum
546 2427 809 2495 scriptor,
849 2427 927 2480 ait
981 2425 1158 2481 alibi:
1192 2424 1317 2479 Tibi
1365 2424 1497 2495 quid
1530 2433 1759 2495 exoptas

180 2518 296 2570 ﬁeri
326 2534 343 2575 :
378 2527 613 2572 mentem
676 2533 854 2573 meam
908 2519 1060 2575 soleo
1119 2531 1361 2588 rogare;
1406 2519 1565 2573 visne
1589 2516 1758 2588 Gygis

176 2623 272 2664 res
311 2608 411 2663 bas
442 2618 496 2664 ct
540 2608 705 2666 illas?
734 2610 849 2666 Nos
873 2625 1003 2666 vero
1045 2609 1101 2665 in
1156 2608 1471 2686 juveniliori
1506 2609 1758 2680 quodam

1254 2946 1796 3027 DECLARATLO

1841 598 1945 651 lem
1985 596 2215 651 formam
2263 595 2464 668 dialoiti
2522 597 2788 651 rationem
2828 590 3231 664 protendiinus,
3279 605 3335 651 et
3370 606 3430 650 tit

1841 689 1917 742 rei
1949 690 2158 757 species
2201 690 2485 742 honestior
2524 696 2579 741 et
2600 688 3009 755 inquiin-esset.
3046 688 3263 754 juiliccs
3290 688 3425 742 assi-

1842 781 2033 834 dentes
2064 780 2477 843 constituimus,
2523 782 2588 849 ac
2618 787 2802 846 partes
2834 778 3177 831 accusatoris
3206 778 3420 832 animus

1844 871 2074 926 rationis
2130 870 2424 939 particeps,
2481 868 2789 924 defensoris
2841 871 3043 937 corpus
3098 870 3417 923 tenettha-i

1843 962 1989 1016 enim
2035 978 2158 1017 cum
2192 964 2317 1017 tit-ta
2346 962 2596 1031 quaedam
2648 960 3013 1016 describenda
3047 970 3175 1016 aunt
3205 962 3405 1030 permit

1847 1059 2059 1105 tantur.
2089 1048 2200 1106 Nec
2217 1051 2491 1120 quispiam
2528 1048 2787 1105 nevitatis
2823 1050 3035 1104 Crimen
3072 1049 3272 1103 inferat
3305 1063 3401 1103 ora

1847 1143 2004 1206 tiuni,
2048 1144 2188 1197 haud
2249 1144 2470 1198 nescius
2520 1148 2631 1212 quo
2676 1154 2856 1213 pacto,
2895 1151 2949 1197 et
2984 1144 3063 1197 ad
3103 1140 3402 1210 imaginum

1846 1245 1901 1290 et
1934 1236 1998 1289 ad
2026 1242 2383 1303 personarum
2413 1237 2669 1305 ﬁgmenta
2694 1275 2709 1299 ,
2742 1235 3120 1304 sophistarum
3145 1248 3209 1287 ac
3235 1234 3415 1287 decla-

1850 1329 2116 1381 mantium
2156 1329 2541 1383 meditationes
2564 1337 2838 1398 provecta:
2868 1336 3017 1382 sunt.
3061 1326 3217 1394 Quod
3249 1338 3419 1380 auteu‘

1849 1407 2219 1489 assumptivus
2269 1431 2446 1476 status
2502 1410 2599 1486 sit,
2627 1424 2817 1492 agnitu
2867 1437 2976 1478 non
3011 1429 3095 1477 est
3136 1421 3187 1475 ei
3218 1418 3426 1475 diﬂlcilc

1850 1514 1944 1581 qui
1970 1513 2024 1568 in
2070 1514 2327 1570 civilibus
2379 1515 2779 1583 quaestionibus
2804 1513 3130 1569 exercendis
3168 1521 3225 1566 et
3258 1510 3435 1566 medi-

1854 1606 2390 1679 taudisaliquandiu
2448 1618 2702 1663 versatus
2729 1617 2843 1671 est;
2882 1607 3065 1674 potius
3122 1604 3439 1673 intelligen-

1855 1702 1983 1753 dum
2032 1708 2139 1765 est,
2168 1714 2294 1754 eum
2345 1696 2729 1767 argumentum
2763 1713 2985 1768 gravem
3040 1696 3436 1753 sententiarum

1857 1794 2143 1848 materiam
2197 1795 2568 1862 suppeditaret
2603 1796 2770 1861 (saepe
2792 1791 2944 1844 enim
2980 1800 3189 1844 motum
3220 1801 3438 1843 rerum-

1852 1899 1958 1953 que
2012 1893 2220 1938 natura:
2263 1883 2779 1952 contemplationem
2821 1881 3084 1951 attingit),
3115 1896 3215 1934 nos
3256 1891 3439 1934 tamen

1852 1974 2031 2042 quoad
2070 1973 2246 2035 licuit,
2289 1972 2373 2044 via
2404 1974 2728 2042 rationeque
2780 1972 3097 2034 artiﬁciosa,
3118 1986 3178 2025 re
3204 1971 3271 2023 ad
3301 1970 3442 2023 civi-

1857 2066 2053 2118 lio-rem
2099 2065 2283 2117 stilum
2336 2073 2589 2118 revocata
2637 2060 3077 2132 adjudicialium
3125 2059 3438 2135 orationum

1856 2160 2094 2225 speciem
2122 2159 2593 2211 accommodassc.
2629 2156 2784 2222 Quod
2819 2156 2873 2210 si‘
2893 2170 2989 2225 per
3015 2137 3199 2210 omnia
3232 2169 3446 2208 assum-

1863 2249 1995 2319 ptivi
2014 2250 2229 2319 generis
2245 2251 2423 2319 capita
2456 2251 2538 2304 hat
2567 2265 2673 2303 non
2701 2249 3003 2319 procedant
3028 2246 3332 2309 orationes,
3360 2245 3445 2298 ni-

1866 2340 1942 2395 hil
1970 2341 2209 2404 mirum;
2237 2355 2362 2394 nam
2411 2356 2511 2395 nec
2556 2341 2610 2393 in
2643 2340 2900 2393 omnibus
2946 2339 3070 2393 aliis
3106 2338 3442 2409 argumentis

1866 2434 2050 2487 omnia
2092 2432 2340 2488 incidant
2372 2446 2597 2486 necesse
2628 2441 2747 2497 est;
2787 2435 2901 2486 luce
2924 2448 3046 2499 quae
3076 2430 3441 2501 prtemeditari

1864 2524 2122 2596 oportuit,
2156 2526 2259 2605 hoc
2298 2526 2459 2580 modo
2487 2524 2859 2595 praemeditata
2889 2526 3018 2580 sint.

1870 2949 2287 3013 ASSUMPTI
2299 2948 2416 3013 VA.

259 3128 319 3186 Si
353 3130 497 3200 apud
520 3130 657 3186 alios
685 3132 778 3202 qui
803 3146 912 3187 non
941 3131 1304 3203 intelligerent
1326 3144 1582 3189 accurate
1605 3142 1770 3205 quam

1876 3129 2001 3169 sura
2026 3116 2093 3171 ad
2120 3132 2183 3173 ea
2219 3117 2470 3172 oratione
2521 3116 2849 3188 explicanda
2886 3132 3008 3186 qua:
3057 3117 3469 3183 contumeliose

172 3223 366 3293 patior
398 3225 789 3279 contumeliam
824 3226 895 3278 ab
922 3227 1029 3279 hoc
1058 3241 1273 3280 mecum
1311 3224 1607 3297 eonjngato
1642 3243 1768 3281 cor-

183 3331 344 3385 pore,
380 3315 483 3369 hoc
524 3331 767 3385 pratsens
793 3309 1068 3371 certamen
1103 3319 1469 3384 instituerem,
1494 3320 1626 3373 mihi
1658 3320 1775 3389 ipse

186 3407 552 3471 laccsscrem,
588 3408 807 3477 illisque
855 3409 1148 3464 conﬂarem
1212 3412 1429 3480 negotia
1465 3428 1477 3464 :
1515 3412 1773 3465 nimirum

185 3499 258 3556 ad
297 3515 411 3555 rem
450 3501 727 3570 pertinere
760 3501 994 3566 ducens,
1025 3503 1070 3557 si
1092 3504 1438 3577 «singulatim
1470 3519 1531 3558 ea
1556 3495 1776 3571 quibus

187 3608 281 3645 ine
316 3593 476 3647 malis
503 3602 696 3647 Onerat
728 3594 845 3649 haec
870 3586 999 3647 mihi
1027 3595 1444 3651 contubernalis
1470 3596 1776 3659 calamitas,

185 3700 544 3751 exponerem.
590 3686 784 3750 Verum
818 3702 941 3742 cum
990 3687 1134 3752 apud
1169 3676 1291 3751 vos;
1324 3688 1570 3742 omnium
1606 3690 1778 3742 virtue

187 3785 312 3829 tum
344 3776 608 3851 cultores.
643 3778 776 3832 mihi
831 3790 1094 3847 quantam
1139 3796 1339 3848 passus
1381 3782 1484 3835 sim
1519 3781 1776 3849 iujttt'iam

183 3865 381 3919 divina
421 3860 781 3925 Providentia
841 3878 901 3923 ut
944 3871 994 3924 id
1029 3870 1267 3926 facerem
1317 3876 1642 3927 concessum
1688 3872 1791 3935 sit,

188 3960 294 4028 qui
332 3959 440 4014 hoc
473 3938 597 4028 ipso
628 3960 930 4029 quodcum
964 3977 1028 4015 eo
1055 3963 1240 4019 luctati
1303 3964 1606 4032 periculum
1646 3963 1781 4018 feei-

194 4051 325 4111 stis.
354 4051 706 4119 manifestum
754 4052 1111 4108 dicendorum
1151 4064 1535 4125 argumentum
1579 4068 1782 4122 prame-

1873 3217 2062 3262 contra
2090 3224 2178 3264 me
2210 3210 2394 3279 audet,
2441 3210 2574 3264 nihil
2616 3211 3022 3288 incommodius
3079 3210 3291 3267 factura
3326 3206 3461 3266 mihi

1876 3289 2086 3364 videor,
2111 3302 2161 3355 ‘si
2202 3303 2370 3370 paulo
2395 3302 2560 3358 altius
2591 3302 2809 3357 initium
2837 3317 3077 3356 sumam.
3444 3293 3447 3296 ⁴

1949 3390 2083 3461 Ego,
2125 3392 2223 3445 viri
2259 3393 2587 3458 beatissimi,
2619 3394 3032 3460 genere-divina
3054 3408 3201 3457 sum,
3227 3402 3281 3448 et
3309 3408 3342 3449 e
3370 3408 3461 3446 su.

1876 3476 2044 3551 perna
2090 3483 2180 3537 illa
2231 3484 2400 3537 nobili
2435 3486 2687 3553 prosapia
2747 3485 3016 3553 originem
3059 3484 3217 3551 duxi,
3252 3494 3311 3538 ut
3339 3501 3464 3560 quae

1880 3574 1983 3629 sim
2016 3574 2109 3629 Dei
2136 3574 2472 3645 spiraculum
2499 3584 2553 3630 et
2582 3577 2761 3646 imago
2786 3575 3069 3652 primaria,
3102 3576 3464 3644 omniumque

1880 3674 2219 3725 teri-extorum
2243 3667 2451 3736 regina;-
2483 3681 2591 3721 non
2628 3666 2773 3740 enim
2803 3665 2872 3720 de
2908 3680 2994 3720 me
3027 3666 3144 3720 haec
3176 3666 3478 3735 magniﬁce—

1882 3756 2177 3823 praedicare
2208 3759 2456 3817 verebor.
2473 3743 2803 3811 tantumne
2828 3764 3109 3811 ostentare
3134 3771 3255 3815 mea
3280 3756 3467 3811 videar

1881 3849 2025 3917 apud
2058 3864 2156 3903 vos
2182 3848 2387 3919 alioqui
2430 3836 2819 3919 magniloqua,‘
2849 3849 2946 3916 qui
2990 3849 3162 3919 probe
3193 3848 3369 3903 nostis
3402 3865 3469 3904 ac

1883 3939 1939 3993 in
1973 3934 2387 4001 honore-uicani
2424 3941 2694 3996 habuistis
2728 3942 3099 4010 coluistisque
3127 3940 3466 4013 dignitatum

1884 4033 2318 4101 amplitudinem.
2379 4033 2686 4104 ,PoStquam
2732 4035 2880 4091 enim
2953 4034 3046 4090 illa
3118 4050 3241 4105 quae
3291 4034 3474 4090 nostri

199 4142 389 4212 piatis,
439 4143 548 4196 non
599 4142 896 4197 admodum
947 4144 1079 4195 mihi
1115 4124 1306 4196 videor
1355 4158 1649 4212 operosum
1689 4154 1770 4198 aut

1884 4124 2205 4194 primarium
2248 4125 2530 4195 exemplar.
2562 4135 2645 4181 est
2678 4126 2919 4189 bonitas,
2953 4127 3019 4180 ad
3074 4127 3214 4182 bene
3260 4126 3474 4182 facien-

188 4232 404 4301 alioqui
465 4231 751 4287 molestum
802 4231 1046 4299 futurum
1103 4234 1256 4288 vobis
1319 4234 1427 4288 tale
1503 4244 1783 4290 certamen

190 4336 477 4389 aggressa.
531 4321 677 4378 Satis
721 4323 866 4377 enim
896 4324 996 4377 est
1036 4324 1183 4378 brevi
1246 4326 1479 4394 quadam
1538 4325 1786 4379 oratione

188 4410 567 4482 percurrisse,
594 4418 648 4466 et
678 4412 939 4468 duntaxat
966 4412 1021 4467 in
1057 4414 1380 4469 memoriam
1426 4415 1582 4470 vobis
1626 4430 1786 4470 revo-
1816 4430 1825 4482 ἶ

188 4513 378 4560 casse,
406 4513 559 4566 quas
608 4499 738 4553 mihi
782 4500 921 4555 solet
971 4501 1228 4555 vitiorum
1288 4502 1683 4571 impressiones
1727 4514 1785 4560 et

190 4587 527 4643 occasiones
575 4589 859 4655 exhibere,
894 4591 1126 4661 indeque
1181 4601 1240 4646 ut
1294 4591 1549 4663 sutiragia
1595 4592 1788 4649 feratis

192 4680 507 4748 postulare.
538 4681 727 4752 Itaque
759 4672 1041 4753 paululum
1066 4694 1262 4759 _vestro
1305 4686 1359 4739 in
1393 4688 1560 4742 rebus
1584 4688 1787 4743 divinis

191 4772 649 4843 comemplandis
684 4775 1019 4831 intermisso
1069 4776 1277 4843 studio,
1319 4777 1506 4832 audite
1558 4792 1666 4843 me,
1690 4794 1791 4849 per

196 4873 422 4933 vestros
450 4880 551 4921 vos
583 4867 847 4932 obtestor,
887 4868 1105 4922 virtutis
1129 4882 1259 4937 ergo
1289 4877 1342 4923 et
1364 4869 1567 4923 multos
1592 4878 1647 4924 et
1673 4886 1792 4925 ma-

196 4970 347 5026 gnos
380 4956 647 5024 sudores,
680 4965 736 5012 et
772 4958 969 5029 iurene
1023 4975 1206 5014 meum
1257 4974 1459 5029 corpus
1492 4963 1791 5031 reprehen-

195 5045 358 5112 dam,
392 5061 593 5125 necne,
624 5057 685 5102 ut
706 5048 899 5104 arbitri
928 5049 1143 5119 judices
1169 5048 1431 5117 judicate,
1465 5066 1534 5106 ne
1565 5052 1795 5121 posthac

197 5137 355 5191 inter
386 5152 491 5213 nos
528 5137 895 5200 dissideamus
921 5149 1085 5209 atque
1118 5139 1494 5196 discordemus
1526 5158 1542 5199 :
1574 5141 1671 5197 sed
1714 5142 1809 5196 in—

198 5228 525 5297 telligamus
574 5246 758 5290 utrum
785 5243 1038 5287 nostrum
1070 5231 1307 5286 alterum
1343 5232 1541 5288 alliciat
1567 5234 1794 5303 injuria.

200 5319 374 5384 Nam,
411 5326 559 5392 quod
592 5307 962 5383 miserabilills
990 5334 1099 5392 est,
1127 5335 1326 5394 praeter
1368 5327 1619 5381 convicia
1667 5327 1795 5405 qui:

204 5412 323 5469 bus
355 5414 686 5483 insolentius
739 5419 794 5474 iu
842 5433 930 5473 me
979 5416 1371 5481 debacchatnr.
1407 5420 1573 5473 etiam
1604 5434 1796 5473 eorum

198 5520 338 5573 quae
374 5508 669 5566 immerito
720 5509 1051 5580 indigneque
1101 5511 1302 5579 patior,
1376 5526 1464 5565 me
1517 5509 1799 5566 auctorem

202 5596 558 5672 causamque
591 5600 774 5661 facere
818 5617 928 5660 non
957 5611 1198 5659 veretur.
1233 5599 1353 5657 lam
1390 5616 1520 5658 vero
1549 5618 1803 5674 progres-

297 5807 313 5838 ⁸
341 5804 504 5863 Rom.
530 5822 626 5872 vn,
646 5807 736 5861 33.

1886 4213 2141 4270 dnmsuo
2171 4216 2392 4286 ingenio
2411 4227 2559 4287 apta,
2585 4220 2851 4273 mundum
2874 4218 3266 4288 intelligentcm
3289 4228 3342 4272 ct
3366 4219 3478 4271 sub

1887 4307 2302 4377 intelligentiam
2328 4311 2638 4379 cadentem,
2661 4311 2873 4379 hocque
2896 4311 3096 4366 caelum
3124 4310 3470 4368 universum.

1890 4413 1946 4458 et
1974 4417 2210 4472 quorum
2247 4418 2413 4468 capax
2438 4402 2634 4457 coelum
2671 4412 2773 4469 est,
2810 4402 3138 4472 procreavit,
3171 4404 3386 4457 tandem
3418 4400 3472 4453 i.i

1890 4493 2274 4564 compendium
2305 4492 2561 4557 contulit,
2606 4491 2673 4552 in
2707 4506 2983 4561 unamque
3022 4490 3480 4560 teniperaiionein

1892 4586 2323 4642 etniolitiOnem
2374 4586 2522 4638 velut
2570 4585 2624 4638 iu
2659 4592 2944 4654 ,cratereni
3003 4583 3295 4653 queiudani
3340 4598 3475 4637 con.

1896 4679 2061 4734 traxit
2098 4694 2210 4732 rem
2253 4694 2417 4731 unum
2462 4677 2615 4731 omni
2662 4680 2863 4746 genere
2910 4691 3091 4729 rerum
3141 4675 3384 4736 inistam,
3427 4681 3485 4727 rt

1896 4756 2359 4840 multipotentem,
2416 4768 2469 4822 id
2521 4768 2778 4823 nimirum
2830 4769 2978 4837 quod
3037 4776 3092 4822 et
3152 4766 3376 4843 dicitur,
3428 4774 3487 4817 et

1895 4874 1981 4920 est
2014 4866 2198 4919 homo.
2238 4864 2374 4918 Hinc
2406 4878 2505 4933 ego
2548 4862 2862 4927 intelligens
2898 4872 2950 4915 et
2976 4852 3322 4927 {immortalis
3356 4876 3487 4914 cuin

1899 4958 2101 5013 sensili
2142 4967 2196 5013 et
2228 4955 2452 5033 mortali
2501 4955 2759 5025 colligata-
2788 4967 2933 5017 sum,
2980 4961 3033 5005 ct
3083 4952 3328 5006 caelestis
3356 4968 3486 5006 cnui

1900 5060 2119 5107 terreno
2155 5049 2427 5120 copulata,
2472 5056 2526 5102 et
2551 5045 2902 5101 cmn‘aucilla
2936 5045 3065 5098 hera
3095 5062 3110 5110 ;
3147 5044 3490 5113 quibusnam

1902 5142 2212 5198 rationibus
2241 5141 2313 5206 ita
2347 5140 2456 5194 Deo
2485 5140 2657 5194 visum
2700 5139 2925 5202 nescio;
2960 5137 3211 5192 fortassis
3238 5135 3494 5191 tiLamho

1904 5236 2069 5291 simul
2106 5234 2299 5290 eodem
2330 5233 2396 5287 ad
2428 5210 2603 5285 utﬁt-ia
2639 5230 2856 5284 virtutis
2880 5228 3181 5284 exercenda
3204 5229 3337 5299 jugo
3375 5230 3488 5281 lite-

1904 5327 2077 5381 r-entia
2118 5324 2625 5393 conspirantiaque,
2695 5320 2923 5377 alterius
2981 5322 3224 5389 alterum
3290 5330 3499 5374 natura

1909 5411 2251 5484 fruerentur;
2317 5417 2473 5479 illud;
2512 5412 3011 5485 .utpraesia-utiom
3080 5412 3501 5481 conspiratione

1911 5492 2275 5574 nobilitatum,
2302 5519 2354 5564 et
2383 5506 2887 5564 communicatione
2917 5519 3042 5559 cum
3072 5503 3372 5559 immortali
3400 5503 3494 5556 de.

1912 5614 2150 5675 gustata,
2179 5601 2645 5659 immortalitatem
2692 5596 3156 5669 superindueret:
3199 5609 3301 5664 ego
3353 5594 3497 5650 hanc
