4104 6322
722 385 832 452 963

1953 387 1967 399 '
1984 381 2303 442 REGOllll
2344 380 2429 441 Pl
2447 383 2530 438 LA
2544 383 2587 437 λι
2604 380 2663 439 ,Ε

3882 384 3991 448 9ὗᾶ

724 512 849 552 cum
886 494 1142 551 deteriori
1185 492 1547 563 stipulatione,
1576 501 1830 559 tanquam
1872 490 2030 558 cippo
2069 485 2282 547 reﬂexa,
2318 499 2357 549 Α
2388 487 2669 555 quidpiam
2696 476 2873 543 mente
2901 491 3401 563 tl'gtiutn,tniliique
3425 500 3706 564 praprium
3728 497 3988 555 emet-re.

726 586 939 640 modice
956 588 1023 639 de
1044 600 1130 639 me
1164 583 1467 644 sentiendo,
1500 590 1554 633 et
1587 580 1911 649 gloriatione
1939 580 2002 631 de
2035 578 2050 630 i
2078 577 2289 643 naginis

725 676 988 746 dignizate
1037 675 1338 729 cohibenda
1388 673 1837 739 remittendaque,
1868 680 2056 723 etnon
2097 682 2290 735 supel-

730 767 946 825 biendo,
977 774 1028 818 et
1072 780 1101 818 a
1140 766 1268 832 Deo,
1314 774 1373 817 ut
1409 763 1616 832 primus
1676 760 1910 824 Lucifer,
1967 758 2287 820 deiicienda,

729 856 826 911 sed
853 854 1031 923 potius
1079 853 1351 906 humiliter
1396 863 1447 906 et
1491 851 1727 906 doluisse
1763 849 1868 904 sub
1912 849 2031 938 ejus
2067 862 2287 900 manuni

732 944 959 995 validam
1009 959 1095 996 me
1137 941 1494 1010 subiiciendo,
1542 942 1614 995 ita
1664 939 1774 995 Deo
1808 940 2141 994 adhaererem
2167 951 2288 1004 ego,

702 1028 705 1029 ⁷
732 1033 866 1086 mihi
889 1047 1117 1100 corpus;
1149 1047 1325 1099 neque
1357 1031 1609 1101 pusillum
1639 1030 1856 1099 quidem
1891 1039 1984 1082 aut
2009 1042 2111 1097 ego
2149 1040 2178 1078 a
2210 1025 2291 1078 vi-

734 1133 841 1176 tam
876 1132 1369 1190 praastantecausa.
1398 1132 1491 1176 aut
1519 1123 1624 1177 hoc
1652 1137 1681 1175 a
1706 1137 1787 1175 me
1820 1122 2094 1175 animante
2125 1118 2291 1171 abdu-

732 1225 967 1270 ceretur.
1022 1215 1156 1269 Istas
1216 1215 1453 1270 rationes
1514 1216 1723 1283 opiliris
1770 1221 2127 1281 reputantes,
2182 1224 2288 1262 non

735 1304 901 1358 linum
935 1288 1064 1365 Iino,
1092 1304 1183 1357 sed
1229 1319 1441 1372 semper
1475 1320 1532 1357 se
1560 1311 1860 1356 moventem
1904 1317 2027 1354 cum
2050 1370 2054 1373 _
2076 1298 2292 1352 aliunde

735 1405 904 1457 moto,
939 1404 990 1447 et
1021 1394 1319 1462 simplicem
1362 1410 1485 1447 cum
1515 1396 1700 1461 jnncto
1748 1390 2075 1461 permiscent
2111 1405 2157 1441 et
2192 1391 2291 1440 im-

737 1482 1105 1552 plicant,quid
1138 1485 1284 1541 enim
1309 1486 1376 1543 ab
1406 1484 1514 1537 illis
1542 1486 1947 1537 innumerarum
1978 1496 2157 1533 rerum
2186 1495 2283 1545 po—

736 1574 975 1629 tentibus
1004 1575 1248 1628 connecti
1283 1576 1547 1643 nequeat?
1584 1577 1658 1627 Ac
1700 1589 1819 1643 qua!
1863 1573 1933 1626 ab
1962 1573 2080 1641 ipso
2111 1564 2289 1625 Statim

735 1673 859 1719 ortu
889 1662 1232 1720 incommoda
1265 1668 1463 1727 subivi,
1497 1681 1601 1719 non
1633 1674 1717 1721 est
1744 1664 1904 1731 liuius
1939 1662 2198 1730 temporis
2227 1662 2294 1715 de

738 1752 1144 1823 bistngmdias
1173 1756 1482 1820 excitasse;
1518 1767 1726 1809 tantum
1773 1754 1897 1808 date
1948 1754 2080 1807 mihi
2134 1762 2193 1807 ut
2228 1766 2291 1806 cs

738 1845 927 1913 paucis
955 1845 1257 1913 deplorirm.

809 2022 1078 2077 Simulat:
1111 2037 1233 2076 cum
1271 2026 1371 2073 hoc
1404 2020 1620 2080 mortali
1662 2020 1861 2083 coalui,
1895 2036 1957 2074 ac
2002 2029 2292 2088 antequam

739 2112 879 2166 fetus
907 2113 1069 2167 vitam
1105 2110 1331 2178 accepit,
1364 2108 1416 2161 in
1456 2120 1608 2162 utero
1639 2123 1761 2163 cum
1808 2110 2019 2175 sepulto
2072 2123 2177 2161 una
2206 2122 2294 2162 se-

739 2204 923 2270 pelita,
964 2213 1016 2254 et
1050 2203 1192 2254 velut
1219 2202 1272 2253 in
1305 2200 1505 2268 duplici
1548 2202 1825 2269 spelunca.
1880 2200 2025 2253 Sara:
2069 2211 2296 2255 mortua;

736 2292 967 2346 cadaver
1003 2292 1271 2343 Abraham
1323 2288 1585 2358 sepelivit,
1617 2292 1686 2343 ita
1720 2299 1771 2342 et
1801 2291 1916 2359 ipsa
1947 2291 2148 2359 duplici
2184 2306 2301 2344 mo-

739 2388 997 2437 numento
1037 2379 1305 2444 infodior;
1338 2395 1458 2433 nam
1491 2394 1551 2434 ex
1574 2380 1876 2448 sapientum
1918 2381 2204 2442 sententia,
2248 2381 2296 2433 si

718 2486 937 2541 corpus
966 2481 1048 2525 est
1095 2487 1273 2524 meum
1328 2472 1662 2538 sepulcrum.
1689 2470 1740 2522 id
1777 2485 1905 2522 vero
1945 2470 1998 2523 in
2034 2480 2187 2523 utero
2218 2482 2302 2524 tu-

741 2563 995 2625 mulatur,
1034 2560 1225 2630 quidni
1277 2559 1473 2626 duplici
1528 2559 1724 2624 loculo,
1793 2560 1899 2611 fetu
1962 2573 2120 2627 quem
2182 2572 2299 2611 em-

745 2653 911 2722 bryon
942 2663 1154 2716 vncanl,
1189 2660 1241 2704 et
1292 2663 1448 2703 utero
1503 2651 1876 2720 consepelior?
1937 2649 2157 2704 Talibus
2217 2665 2301 2704 uie

738 2744 1020 2810 complexu
1064 2756 1160 2793 suo
1210 2744 1444 2809 primum
1508 2751 1777 2805 receptam
1832 2748 1886 2793 et
1937 2739 2297 2806 atnplexatain

740 2834 973 2887 amicum
1007 2848 1204 2901 corpus
1230 2832 1431 2900 excipit
1462 2831 1812 2884 humanitatis
1847 2828 2068 2894 ciliciis;
2104 2829 2300 2882 talibus

742 2925 990 2993 hospitiis
1022 2934 1076 2977 ct
1104 2923 1396 2988 foederibus
1420 2923 1741 2992 preliensam
1769 2921 1993 2989 accipit;
2016 2919 2146 2984 Qua:
2173 2933 2299 2971 vero

741 3015 965 3084 posthac
1015 3008 1351 3067 succedunt?
1400 3024 1675 3080 germana,
1715 3021 1774 3062 ut
1807 3009 1982 3074 aiunt,
2022 3021 2079 3063 et
2113 3010 2299 3062 eodem

740 3103 921 3158 colore
944 3112 1299 3163 contacta,ex
1316 3102 1613 3169 eademque
1662 3109 1777 3153 arte
1827 3099 2035 3183 liglina,
2060 3101 2175 3152 sive
2205 3113 2299 3151 na-

742 3205 865 3248 tura
907 3194 1159 3259 ﬁngente.
1190 3190 1342 3244 Illinc
1367 3191 1512 3244 enim
1534 3191 1689 3260 quasi
1718 3205 1748 3244 e
1778 3193 1988 3243 tumulo
2011 3188 2295 3258 'prodeuu-

744 3294 824 3339 tes
848 3300 955 3338 una
996 3285 1215 3353 sepulti,
1253 3282 1469 3349 uterino
1512 3281 1727 3350 quidem
1769 3280 2019 3349 sepulcro
2047 3278 2297 3345 defungi-

742 3394 902 3432 niur:
934 3391 1034 3447 ego
1070 3390 1194 3429 vero
1250 3376 1301 3427 in
1348 3388 1607 3444 corporeo
1632 3373 1931 3427 etiamnum
1964 3372 2157 3427 insisto
2184 3371 2296 3426 hae-

742 3481 962 3536 reoque.
1020 3468 1188 3534 Atque
1236 3462 1393 3517 veluti
1461 3465 1700 3533 ejusdem
1769 3464 1891 3518 vita:
1954 3462 2094 3517 facta
2157 3462 2298 3516 inter

744 3560 972 3613 miseros
1024 3555 1381 3623 coemptione,
1425 3555 1798 3608 calamitosam
1851 3553 2016 3606 vitam
2074 3553 2317 3611 inclioar

741 3663 902 3713 ntus;
951 3660 1049 3699 nec
1084 3646 1330 3698 laetamur
1361 3648 1514 3713 quasi
1556 3659 1585 3696 a
1615 3642 1853 3697 tenebris
1883 3642 1937 3695 in
1970 3643 2147 3694 lucem
2173 3655 2300 3695 eru-

740 3738 1005 3809 perimus,
1037 3726 1308 3790 et‘auram
1356 3736 1570 3789 vitalem
1624 3734 1923 3798 trahamus,
1978 3743 2031 3787 et
2097 3731 2296 3785 almum

741 3829 912 3885 solem
957 3825 1369 3896 aniplexemur;
1399 3838 1572 3893 neque
1602 3826 1803 3877 circum
1852 3822 2165 3893 genitricem
2208 3836 2302 3876 ex.

743 3921 1013 3975 sultantes
1059 3917 1397 3978 lascivintus,
1432 3924 1490 3967 ut
1519 3914 1666 3985 agni,
1702 3913 1882 3979 vituli,
1929 3914 2138 3981 liinnuli
2194 3916 2299 3966 cir-

741 4026 867 4066 Ctlnl
934 4017 1154 4072 metres,
1213 4008 1305 4061 sed
1342 4006 1491 4069 illud,
1527 4020 1647 4059 cum
1700 4021 1762 4059 ex
1807 4006 1935 4059 locis
1998 4002 2300 4059 calt-militis

742 4112 964 4171 repente
998 4100 1049 4153 in
1087 4112 1265 4151 aerem
1304 4096 1554 4166 frigidum
1587 4097 1851 4159 incurrat,
1888 4111 1950 4150 ex
1994 4107 2299 4149 commuta-

743 4195 891 4247 tione
941 4190 1177 4259 angitur,
1213 4197 1267 4241 et
1318 4187 1516 4241 acriori
1559 4187 1744 4240 dolore
1770 4186 2113 4240 conﬂictatur
2147 4200 2162 4240 :
2199 4200 2298 4254 ego

742 4298 872 4339 vero
895 4281 1271 4351 aegritudinum
1304 4279 1622 4332 acerbarum
1654 4292 1916 4332 consensu
1945 4278 2061 4345 ipsa
2086 4290 2300 4345 quoque

744 4376 979 4429 crucior.
1010 4374 1146 4428 Hinc
1186 4381 1240 4425 et
1267 4372 1498 4437 eiulatus
1545 4369 1802 4423 natalitiis
1829 4371 2080 4423 cantibus
2113 4384 2175 4421 ex
2208 4373 2300 4421 atl-

2396 578 2618 633 hmnido
2654 582 2866 649 gurgite
2905 582 3183 637 immersa.

2465 748 2665 802 Verum
2706 753 2991 808 enimvero
3041 754 3176 821 haec,
3224 763 3442 816 tametsi
3485 762 3689 831 alioqui
3738 764 3985 826 misera,

2394 840 2698 894 tolerabilis
2718 850 2917 907 tamen,
2949 854 3004 898 et
3028 849 3211 914 qualia
3233 864 3393 903 nemo
3419 851 3543 919 jure
3574 854 3983 920 reprehendat,

2396 938 2451 980 ut
2480 943 2600 997 qua.-
2631 939 2841 986 natura:
2870 934 3100 1001 legibus,
3128 949 3179 992 et
3207 939 3436 1008 originis
3458 943 3812 998 immutabili
3844 947 3985 1000 serie

2392 1020 2840 1091 connexioneque
2862 1026 3232 1093 gubernentur
3280 1048 3292 1083 :
3330 1032 3461 1085 illud
3510 1035 3800 1102 miserius,
3836 1036 3981 1104 quod

2393 1126 2458 1163 ex
2499 1112 2752 1167 amentiae
2807 1114 2974 1170 fundo
3031 1133 3256 1178 enatans
3313 1125 3628 1192 aliquando,
3668 1142 3722 1181 et
3763 1130 3982 1182 lumine

2394 1202 2623 1256 rationis
2655 1204 2920 1261 inchoatis
2961 1209 3344 1280 circumfundi,
3393 1222 3674 1283 corporeis
3712 1222 3985 1271 tnenilirs

2374 1292 2458 1345 ,ad
2497 1293 2873 1361 perfectiurem
2902 1309 3106 1355 statum
3132 1308 3568 1372 procedentibus,
3616 1327 3811 1379 neque
3866 1321 3981 1363 tum

2395 1382 2551 1450 plane
2582 1400 2711 1452 pure
2742 1387 3009 1443 dementia
3038 1394 3338 1463 defungor:
3371 1404 3845 1467 quemadmodum
3884 1421 3981 1457 nec

2393 1487 2455 1525 ex
2501 1474 2788 1541 ebrieate,
2826 1480 2905 1531 vel
2935 1497 3129 1544 Sapore
3159 1489 3331 1552 gravi,
3386 1489 3465 1543 viti
3510 1501 3740 1544 veterno
3768 1508 3981 1545 eoma-

2398 1567 2659 1618 lescentes
2686 1568 2968 1637 virtigine,
3003 1584 3095 1625 aut
3126 1578 3195 1626 ob
3235 1578 3424 1631 oculos
3476 1581 3676 1634 oﬂ'usis
3723 1584 3974 1636 tenebris

2396 1646 2546 1701 illinc
2575 1652 2715 1703 natis
2748 1655 2797 1704 in
2828 1664 2996 1709 totum
3042 1659 3225 1712 statim
3271 1674 3660 1733 repurgantur.
3697 1667 3977 1722 Caeterum

2399 1738 2559 1792 hasce
2592 1746 2875 1812 deitieiitia)
2909 1746 3078 1802 malas
3127 1761 3299 1805 sortes
3348 1765 3401 1807 et
3432 1765 3671 1824 tempus,
3704 1769 3759 1810 et
3788 1775 3980 1827 perce-

2328 1832 2507 1906 B'ptio
2531 1832 2938 1900 disciplinarum
2959 1840 3183 1895 aliradat
3229 1859 3257 1895 a
3296 1854 3489 1908 mente,
3512 1856 3565 1898 et
3594 1849 3895 1903 scientiam
3920 1868 3979 1904 ac

2398 1922 2739 1989 prudentiam
2766 1928 3059 1997 insculpat,
3087 1936 3180 1987 sed
3220 1935 3570 2003 imperiosam
3597 1941 3859 1994 altricem
3896 1944 3978 1995 la-

2397 2016 2673 2079 cultatem,
2697 2029 2750 2070 et
2780 2032 3034 2087 perpetua
3072 2023 3323 2078 ciborum
3344 2037 3395 2079 et
3431 2037 3655 2095 potitum
3690 2036 3891 2099 quotid
3917 2048 3976 2085 a-

2400 2118 2591 2157 uorum
2620 2111 2776 2174 quasi
2809 2110 3141 2167 tributorum
3189 2102 3378 2184 pensa,
3413 2134 3645 2187 quasque
3688 2122 3823 2175 inde
3849 2124 3976 2174 mihi

2400 2194 2643 2250 adversae
2663 2197 2951 2256 facultates
2986 2206 3052 2257 ab
3079 2207 3165 2258 illa
3197 2210 3533 2276 nutriuntur,
3568 2214 3979 2280 cencupiscen-

2399 2294 2505 2339 tem
2532 2297 2583 2340 et
2615 2288 2957 2356 irascentem,
2992 2297 3265 2363 quodnam
3302 2310 3514 2368 tempus
3544 2314 3641 2356 aut
3682 2320 3812 2372 quae
3879 2310 3973 2357 de-

2399 2378 2574 2431 ctrina
2622 2380 2844 2435 omnino
2877 2387 3150 2441 remittere
3198 2399 3507 2446 evertercve
3543 2396 3754 2461 possit?
3784 2398 3977 2450 har-usi

2399 2468 2708 2522 servitutem
2736 2471 2855 2538 quis
2885 2479 3193 2531 excussisse
3210 2482 3515 2549 glorietur?
3545 2485 3682 2551 Quis
3716 2505 3975 2543 voraecm

2402 2556 2887 2630 inexplebilemque
2912 2577 3176 2629 ventrem,
3206 2577 3259 2622 et
3300 2572 3483 2638 gulam
3508 2572 3818 2639 furentem,
3838 2580 3976 2648 jeju-

2402 2647 2474 2699 nii
2506 2647 2692 2716 lnpato
2711 2649 2769 2703 et
2798 2653 2953 2719 freno
2996 2660 3345 2713 continentia:
3372 2664 3490 2715 sine
3511 2665 3668 2720 vobis
3690 2647 3973 2734 cohibeat,

2402 2738 2490 2805 qui
2522 2750 2726 2793 naturae
2758 2753 3160 2813 contemptores
3186 2751 3446 2807 inusitata
3472 2758 3760 2823 prudentia
3796 2765 3979 2816 estis?

2402 2839 2455 2881 et
2484 2830 2574 2898 qui
2599 2832 2887 2888 collatiOne
2909 2851 3031 2889 cum
3066 2842 3298 2919 angelis,
3328 2848 3645 2901 mortalibus
3674 2867 3913 2920 coerst
3959 2885 3981 2895 -

2405 2919 2469 2973 Iis
2516 2920 2718 2984 induti,
2748 2934 2801 2976 ct
2834 2925 2943 2993 jam
2984 2929 3230 2983 divorum
3280 2944 3473 2990 natura
3519 2919 3845 3006 superiores
3887 2959 3981 2994 ηις

2377 3012 2578 3078 .palain
2636 3026 2976 3081 prmstantes,
3007 3022 3143 3074 nillil
3202 3026 3325 3079 novi
3378 3032 3553 3091 e5I,si
3604 3034 3772 3101 longe
3810 3052 3977 3103 supra

2405 3104 2602 3170 corpus
2657 3106 3002 3164 evolareritis
3048 3123 3153 3166 :ut
3195 3115 3295 3170 liae
3358 3120 3491 3173 mihi
3552 3122 3663 3176 sint
3716 3128 3977 3181 oratione

2402 3200 2590 3246 vestra:
2628 3209 2715 3249 res
2749 3199 3068 3255 eximendae.
3099 3203 3429 3261 Casterorum
3480 3222 3659 3265 autem
3695 3218 3792 3282 qui
3833 3235 3903 3270 nu
3949 3239 3978 3271 e

2399 3284 2655 3341 mortales
2680 3288 2840 3341 vitam
2868 3290 3090 3359 degunt,
3119 3298 3290 3365 quisa
3312 3301 3703 3371 cupiditatibus
3726 3310 3975 3378 alioquin

2397 3372 2930 3434 alienusirascentis
2967 3384 3134 3437 animi
3167 3386 3437 3443 fremitum
3463 3404 3783 3461 compescat
3808 3398 3831 3448 ‘3
3856 3372 3977 3463 quis

2398 3463 2479 3516 vel
2511 3464 2791 3532 sapientiae
2824 3470 3143 3538 sapientiai"
3174 3477 3245 3530 ita
3279 3480 3373 3544 sit,
3416 3492 3475 3534 ut
3504 3486 3797 3552 cupiditati
3837 3491 3981 3541 nihi-

2397 3549 2634 3607 lontinus
2657 3570 2819 3624 quam
2843 3560 3366 3628 aspis,mortil‘erum
3392 3549 3659 3625 venenum
3678 3573 3979 3641 jacnlaun,

2398 3651 2454 3696 et
2502 3643 2586 3696 ad.
2626 3650 3028 3714 praacantriccni
3077 3669 3262 3708 vocem
3304 3657 3645 3716 obstinatius
3701 3650 3979 3719 obs:irde—

2399 3734 2570 3787 secuti
2597 3736 2921 3798 medeatur!
2944 3751 3039 3794 aut
3084 3748 3239 3811 quasi
3287 3762 3380 3801 vas
3413 3749 3539 3804 illud
3574 3754 3892 3819 electionis,
3924 3769 3977 3810 ut

2400 3827 2640 3896 t'iperam
2690 3832 3147 3891 adlimrescenleni
3184 3843 3461 3895 excutiat?
3493 3847 3613 3912 quis
3659 3856 3979 3912 evangelici.-

2403 3919 2717 3986 progenitus
2773 3933 2826 3977 et
2855 3926 3143 3993 educatus,
3175 3935 3633 4000 quemadmodum
3666 3940 3902 3995 Azarias
3928 3957 3981 3996 et

2401 4009 2538 4063 socii
2577 4012 2762 4079 puelli,
2816 4031 2921 4069 non
2973 4020 3138 4073 coluit
3185 4037 3574 4092 rorporearum
3629 4032 3977 4097 wlu‘ptatum

2400 4102 2665 4156 asseclam
2727 4106 3045 4174 locupletem
3097 4121 3149 4164 ct
3199 4114 3577 4181 pecuniosum,
3634 4130 3696 4172 ut
3734 4121 3815 4173 illi
3872 4140 3903 4174 n
3946 4142 3977 4176 n

2401 4190 2685 4245 coluerznt
2716 4209 2777 4246 ex
2809 4210 2944 4249 auro
2964 4186 3030 4250 ct
3073 4184 3317 4270 argento,
3347 4219 3453 4257 tere
3495 4218 3548 4258 et
3596 4205 3745 4261 ferro
3771 4225 3976 4263 manu-

2401 4279 2603 4333 faetum
2664 4283 3056 4363 simulacrum?
3094 4287 3246 4354 Quis,
3306 4302 3362 4346 ut
3413 4296 3601 4362 paucis
3654 4298 3973 4357 abSnlvam.

2400 4373 2604 4426 ventris
2647 4373 2928 4442 ingluviei,
2977 4379 3346 4447 scortationis,
3414 4385 3658 4438 avaritia:
3720 4398 3973 4442 catenam

744 4483 903 4523 verso
935 4466 1343 4534 respondentes,
1377 4473 1430 4515 et
1463 4461 1701 4528 undique
1728 4460 2090 4514 devincieutes
2117 4459 2294 4513 fascim
2323 4474 2374 4533 Ι)
2402 4464 2752 4527 divulsit,nec
2770 4448 2835 4521 iis
2855 4469 2992 4521 inter
3008 4485 3066 4523 se
3087 4471 3326 4526 funiculo
3356 4474 3553 4543 triplici
3582 4476 3889 4547 longoque,
3926 4502 3951 4531 ιι

742 4570 797 4614 et
830 4559 1227 4612 eunahulorum
1271 4554 1506 4617 vincula,
1558 4551 1949 4622 sepulcralibus
1994 4551 2301 4619 ligainentis

743 4658 995 4714 cognata,
1021 4656 1073 4699 et
1096 4644 1276 4698 lectuli
1316 4659 1410 4696 seu
1436 4657 1610 4706 cunae,
1649 4640 1869 4694 evidens
1897 4641 2075 4707 imago
2116 4655 2303 4693 monu~

745 4740 936 4798 menti,
961 4734 1018 4789 ut
1054 4736 1177 4787 hinc
1200 4736 1360 4787 etiam
1389 4732 1520 4784 mihi
1550 4730 1806 4784 ttioiestiai
1828 4729 2297 4797 condupliCenlur,

743 4829 1002 4885 secundis
1038 4827 1120 4879 liis
1167 4824 1298 4878 mihi
1347 4835 1467 4893 post
1524 4825 1694 4891 prima
1730 4822 1960 4876 vinculis
1991 4822 2297 4890 impositis;

745 4936 851 4975 non
876 4918 1019 4973 enim
1057 4932 1084 4970 a
1116 4911 1467 4985 sapientibus
1504 4912 1714 4980 illepide
1765 4914 1947 4966 multis
1985 4914 2300 4981 appellatio-

745 5010 906 5063 nibus
943 5016 992 5060 et
1032 5008 1333 5075 coniugatis
1379 5006 1431 5057 id
1489 5014 1730 5065 vocatur,
1762 5002 2091 5071 sepulcrum,
2122 5015 2302 5057 custo-

742 5100 852 5162 dia,
886 5100 1131 5162 amictus,
1177 5106 1603 5171 monumentum,
1626 5093 1792 5163 δέμας
1818 5095 1966 5161 παρὰ
1993 5092 2080 5145 τὸν
2110 5092 2302 5163 δεσμόν

744 5193 800 5264 (a
830 5190 1161 5256 vinciendo).
1180 5199 1230 5241 et
1254 5185 1682 5248 tabernaculum;
1714 5188 1854 5253 quod
1882 5184 1933 5236 in
1961 5196 2027 5237 eo
2052 5192 2301 5252 tanquam

744 5286 800 5339 in
833 5283 1052 5336 taberna
1081 5280 1147 5334 de
1180 5282 1261 5330 vla
1300 5278 1604 5329 diversetur
1630 5275 1861 5333 {deinde
1883 5274 1962 5327 sic
1991 5274 2124 5329 illud
2149 5275 2302 5329 colli-

741 5384 949 5446 gatum,
976 5372 1110 5423 laete
1142 5367 1399 5428 nuttitur,
1429 5376 1477 5418 et
1506 5366 1708 5419 Sensim
1737 5373 1994 5433 augetur;
2028 5378 2126 5433 ego
2153 5379 2299 5427 vero,

745 5473 1002 5527 tanquam
1038 5458 1202 5510 ﬂuvio
1236 5454 1519 5508 faaculeiito
1571 5453 1780 5506 cuidam
1809 5452 2036 5521 illigata,
2072 5453 2196 5506 huic
2224 5452 2305 5505 in-

753 5556 920 5605 valido
952 5550 1248 5618 debilique,
1288 5558 1341 5599 et
1388 5545 1531 5598 ﬂuxu
1564 5553 1819 5613 perpetuo
1849 5542 2087 5595 inﬂuenti
2138 5556 2301 5613 a'que

740 5643 999 5708 elllurnti,
1032 5644 1189 5699 veluti
1227 5641 1505 5696 submersa
1556 5637 1841 5706 corripior,
1877 5647 1927 5691 et
1966 5638 2015 5689 in
2046 5650 2299 5690 extremm

740 5733 1025 5787 dementia:
1056 5734 1282 5787 lundum
1310 5744 1549 5801 pra'ccps
1575 5727 1847 5792 devolvor,
1881 5741 1975 5779 nec
2005 5730 2142 5795 potis
2178 5747 2294 5780 sum

2403 4560 2594 4607 caetera
2628 4555 2757 4608 vitia
2783 4561 3140 4613 contrahente
3180 4562 3337 4614 nexis
3361 4564 3696 4619 constrictus
3720 4573 3926 4621 tenetur

2404 4644 2491 4695 Eae
2539 4654 2668 4698 sunt
2713 4646 2882 4713 enim,
2913 4650 3127 4717 opinor,
3176 4652 3317 4718 apud
3370 4651 3720 4718 Salomonem
3774 4670 3961 4710 amata

2405 4735 2525 4786 lilia:
2551 4744 2657 4789 tres
2683 4736 2957 4791 hirudinis
3000 4740 3378 4807 sanguinariae,
3421 4744 3468 4795 id
3499 4754 3585 4796 est
3606 4747 3818 4810 carnis,
3855 4764 3971 4817 quae

2405 4822 2643 4890 sugendo
2666 4826 2926 4895 quidquid
2960 4828 3214 4893 animale,
3283 4830 3543 4899 quidquid
3578 4834 3632 4885 in
3665 4850 3751 4889 me
3810 4838 3973 4890 vitale

2403 4918 2471 4964 sit
2489 4913 2829 4967 exhauriant.
2861 4914 3059 4969 Horum
3085 4932 3281 4986 corpus
3302 4922 3507 4984 ineuso,
3530 4924 3643 4977 inec
3661 4927 3929 4981 Criminor
3960 4948 3972 4982 z

2405 5002 2593 5055 horum
2637 5007 2855 5059 nomine
2909 5008 3049 5061 hanc
3109 5010 3505 5065 accusationem
3553 5012 3765 5078 factito,
3824 5033 3974 5069 ι-ειιιιι

2403 5090 2740 5146 contumelia:
2763 5103 2815 5146 et
2838 5094 3049 5161 injuria:
3102 5099 3417 5165 postulans:
3471 5102 3593 5167 quia
3645 5115 3873 5171 natura,
3924 5119 3970 5155 ut

2405 5189 2641 5233 nostrum
2671 5196 2842 5249 genus
2860 5189 3581 5254 conservaretur,moliente,
3640 5196 3969 5256 permiscet.

2408 5278 2563 5338 teque
2592 5279 2647 5324 et
2683 5273 2961 5337 alimento,
2994 5286 3048 5327 et
3078 5277 3288 5341 generis
3334 5282 3734 5345 propagationi,
3794 5286 3969 5338 ,γυια-

2403 5371 2629 5431 ptatem,
2669 5373 2725 5415 ut
2755 5363 2858 5416 hac
2888 5374 3140 5433 tanquam
3171 5380 3292 5421 esca
3348 5368 3607 5437 pellectus
3668 5374 3859 5437 homo,
3910 5376 3971 5426 ad

2403 5458 2643 5519 ethoruin
2678 5460 3102 5525 perceptionem,
3131 5468 3185 5514 et
3214 5459 3509 5529 legitimum
3565 5464 3759 5518 cubilis
3784 5470 3973 5527 mulie‘

2404 5543 2514 5597 bris
2542 5559 2699 5597 usum
2731 5544 3117 5599 conciliaretur
3143 5550 3322 5609 vivus,
3357 5558 3413 5601 et
3442 5550 3544 5601 vita
3582 5549 3799 5604 functus
3865 5568 3967 5604 non

2402 5647 2609 5703 perret:
2635 5643 2824 5691 barum
2853 5639 3255 5708 rerum-nemini
3283 5641 3697 5707 accusabilium,
3735 5654 3788 5698 et
3811 5654 3970 5697 natu.

2402 5731 2614 5798 ralium,
2647 5733 2798 5801 quasi
2820 5732 2994 5801 legum
3030 5746 3136 5786 non
3165 5734 3521 5807 scriptarum,
3548 5736 3639 5790 sed
3661 5738 3779 5805 jam
3820 5752 3963 5791 more
