4104 6322
147 397 267 460 965

1491 390 1986 456 PROSOPOPCEI
1998 388 2085 451 [Ε.

3307 384 3414 447 966

140 511 468 562 usitatarcm
498 516 709 578 captata
740 508 899 564 facile
917 510 1227 572 occasione,
1255 520 1450 574 corpus
1482 506 1545 559 ad
1574 520 1711 574 qua-
1748 513 1786 563 Α
1821 503 2207 572 profundatur,
2243 500 2309 554 ad
2353 499 2402 551 id
2438 509 2618 553 autem
2655 500 2800 567 quod
2838 512 3059 552 sensum
3097 508 3413 565 (‘XilSlN‘J'alo

143 616 273 651 rum
308 599 637 666 voluptatum
675 600 943 653 licentiam
979 614 1081 653 non
1124 599 1351 653 effertur
1382 598 1404 650 Ἰ
1432 598 1717 664 cuiusnam

152 689 423 743 satiaudae
462 689 701 743 libidinis
729 692 992 745 terminos
1049 705 1154 743 non
1204 701 1494 757 exsuperat
1523 687 1720 742 ?Nunc

142 778 550 832 esculentorum
577 778 856 832 satietates
884 779 1071 848 exigit,
1096 794 1247 833 nunc
1273 792 1483 831 rursum
1508 776 1720 829 suavis-

144 870 307 922 simis
341 878 392 922 et
433 883 620 937 magna
648 868 961 923 difficultate
1002 868 1500 937 parabilibus-cibis
1542 866 1721 920 infar-

145 971 291 1024 tum,
349 956 529 1011 facere
598 972 706 1010 non
734 967 910 1027 potest
932 958 1061 1027 quin
1112 960 1360 1022 satietur,
1419 957 1725 1024 itermnque

150 1051 319 1103 rebus
350 1049 548 1117 quibus
589 1046 827 1102 abundat
883 1050 1137 1101 obrutum
1168 1047 1434 1116 deglutit;
1488 1055 1540 1101 et
1594 1062 1729 1115 prte-

148 1140 330 1193 sentia
374 1138 662 1206 improbat,
721 1139 967 1191 absentia
1029 1138 1331 1201 desiderat;
1388 1151 1561 1205 neque
1606 1137 1726 1187 vina

150 1245 279 1299 qua:
313 1227 484 1297 patria
528 1228 667 1292 tulit,
701 1227 851 1281 cordi
875 1238 1021 1291 sunt,
1057 1226 1149 1281 sed
1189 1237 1244 1279 ut
1269 1242 1407 1294 aqua
1447 1241 1571 1301 quae
1594 1225 1727 1277 vici-

153 1335 262 1373 nos
301 1316 463 1388 agros
493 1318 669 1383 alluit,
703 1319 855 1372 nihili
877 1324 1199 1384 aestimator,
1228 1327 1278 1372 et
1314 1319 1724 1386 peregrinorum

150 1410 282 1463 sitis
304 1410 615 1461 accenditur
646 1424 661 1473 ;
698 1424 872 1474 neque
922 1408 1243 1461 vestimenta
1271 1406 1387 1475 qua:
1411 1406 1476 1459 ad
1537 1416 1730 1458 aestum

152 1508 217 1554 et
255 1498 419 1568 frigus
466 1498 758 1551 arcendum
815 1497 1105 1561 sufﬁciant,
1164 1487 1333 1552 solum
1388 1510 1729 1565 quaeruntur,

155 1593 263 1645 sed
282 1604 404 1659 quae
438 1591 550 1644 sint
577 1604 641 1643 ex
680 1589 905 1655 materia
936 1590 1022 1660 vix
1048 1588 1298 1657 parabili,
1323 1598 1376 1642 et
1402 1600 1519 1641 arte
1544 1600 1750 1654 super--

157 1696 402 1735 varauea
426 1680 690 1735 curiosius
720 1689 775 1733 et
812 1678 1097 1734 delicatius
1125 1679 1423 1741 elaborata,
1454 1679 1518 1732 ad
1540 1695 1599 1731 ca
1654 1692 1737 1731 me

160 1776 212 1828 vi
252 1776 417 1843 cogit,
444 1781 502 1825 ut
528 1788 625 1842 per
673 1772 901 1827 ancillas
967 1772 1313 1837 cibariorum,
1366 1771 1734 1834 obsoniorum,

1829 595 2161 663 indignetur,
2203 593 2269 645 iis
2311 600 2629 643 exerceatur
2655 588 3037 642 all‘mttfonibus
3071 603 3192 658 quae
3222 603 3286 641 cx
3325 604 3420 642 vo-

1828 688 2035 757 luptate
2079 695 2131 739 et
2159 685 2347 738 dolore
2380 693 2699 735 nascuntur.
2733 683 2869 734 llinc
2888 688 2943 734 et
2968 682 3044 734 ira
3073 682 3214 733 vires
3242 687 3294 731 et
3323 694 3418 747 po‘

1831 782 2052 834 tentiam
2087 778 2138 831 in
2166 777 2354 835 corde,
2394 776 2445 827 in
2472 774 2829 842 jet-inoreque
2867 774 3121 842 voluptas
3156 780 3417 826 exercet:

1832 871 1921 939 qui
1965 870 2238 939 principes
2268 866 2498 920 allectus
2544 866 2616 919 ita
2672 865 2929 918 diuturna
2957 863 3422 917 commentatione

1835 964 2285 1025 corroborantur,
2314 967 2375 1013 ut
2420 968 2473 1012 et
2524 957 2627 1010 mei
2682 966 2892 1026 partem
2926 955 3156 1008 rationis
3205 952 3423 1022 partici-

1837 1070 1957 1121 pem
1990 1037 2723 1109 consenticntcm‘habeant,
2770 1048 3157 1112 abducantque
3190 1042 3424 1107 morige-

1837 1160 1974 1205 ram,
2010 1158 2113 1195 una
2146 1142 2378 1208 quadam
2416 1139 2623 1193 ratione
2647 1155 2662 1202 ;
2690 1147 2781 1190 aut
2811 1136 2953 1189 enim
2992 1135 3139 1197 dolo,
3183 1142 3277 1187 aut
3306 1135 3423 1185 vio-

1841 1233 2002 1287 lemia
2032 1236 2273 1285 trahunt.
2313 1231 2355 1285 Ο
2395 1230 2613 1300 quoties
2645 1229 3057 1296 intelligentiam
3104 1226 3236 1277 mibi
3266 1224 3421 1276 volu-

1842 1333 1962 1393 ptas
1989 1323 2250 1377 sutiurata
2276 1323 2375 1375 est!
2409 1320 2646 1390 quoties,
2673 1335 2791 1387 quae
2822 1318 3018 1371 faciam
3051 1331 3149 1384 ego
3175 1330 3277 1367 non
3302 1326 3423 1365 smn

1843 1417 2105 1469 malorum
2147 1414 2358 1479 nescia,
2384 1411 2670 1466 coosilium
2705 1420 2759 1462 at
2788 1410 2959 1461 iratus
2991 1422 3169 1459 meum
3203 1405 3428 1473 impedit

1844 1503 2083 1558 animus.
2112 1503 2454 1558 lracundiam
2484 1516 2705 1572 quoque
2727 1512 2782 1554 et
2804 1500 3137 1567 voluptatem
3173 1497 3428 1549 universa

1844 1596 2313 1665 perturbationum
2345 1598 2497 1649 turba
2526 1593 2909 1663 consequitur.
2957 1590 3219 1657 Equidem
3258 1603 3430 1642 c0nnr

1846 1685 1938 1738 uni
1969 1670 2100 1737 mibi
2132 1683 2496 1752 principatum
2536 1683 2783 1737 debitum
2813 1683 3104 1743 asciscere;
3136 1692 3324 1731 verum
3360 1678 3429 1725 ab

1852 1778 1951 1830 hac
1985 1775 2239 1844 populari
2270 1773 2643 1827 dominatione
2692 1783 2929 1836 avertor,
2981 1772 3236 1838 idemque
3292 1766 3429 1819 mibi

156 1876 218 1918 et
262 1864 531 1917 textilium
560 1863 906 1917 administras
942 1862 1042 1916 sibi
1081 1861 1375 1932 obsequar,
1399 1872 1452 1915 et
1510 1861 1736 1914 inﬁnitis
1768 1854 1814 1915 Β
1842 1864 2062 1928 accidit,
2100 1874 2158 1917 ut
2180 1865 2229 1918 si
2271 1878 2379 1933 qua
2429 1864 2632 1916 nobilis
2688 1864 2864 1930 puella
2926 1861 3246 1930 parentibus
3295 1860 3427 1911 orba

158 1958 281 2011 suis
309 1958 546 2011 serviam
574 1956 898 2011 libidinibus
913 1953 1350 2025 suppeditandis,
1380 1963 1435 2007 et
1454 1953 1608 2006 veluti
1641 1951 1736 2004 tri-

159 2048 313 2118 butis
333 2046 679 2101 conferendis
706 2048 771 2100 iis
812 2060 929 2117 qua:
962 2054 1157 2114 praster
1185 2046 1548 2099 necessarium
1582 2058 1737 2096 llSttm

159 2127 500 2209 exiguntur;
528 2153 632 2191 non
669 2147 725 2189 ttt
754 2151 817 2191 ea
849 2135 1067 2201 decore,
1089 2144 1143 2189 et
1174 2135 1226 2188 in
1262 2150 1373 2189 rem
1392 2144 1549 2188 Suam
1582 2134 1739 2187 absu-

160 2242 301 2295 mat,
344 2230 437 2285 sed
479 2230 546 2284 ad
593 2228 845 2284 libidines
872 2228 1218 2297 voluptuosas
1263 2241 1502 2298 praeceps
1552 2227 1741 2281 abuta-

159 2332 278 2377 tur.

242 2411 414 2479 Quam
448 2413 613 2483 igitur
641 2427 725 2467 me
746 2414 910 2468 vitam
948 2415 1164 2469 trahere
1200 2413 1399 2482 putatis
1439 2452 1453 2475 ,
1486 2411 1585 2464 viri
1635 2409 1744 2462 Deo

157 2506 360 2569 dicati,
389 2520 512 2559 cum
538 2520 603 2559 eo
636 2506 707 2558 ita
736 2506 931 2560 misere
989 2506 1337 2560 detnentante
1401 2506 1745 2556 oberrantem

160 2610 220 2651 et
252 2596 683 2651 subservientem
715 2597 738 2650 ?
772 2605 865 2651 aut
892 2597 1095 2666 quibus
1145 2594 1397 2649 absurdis
1451 2592 1751 2646 sceleribus

161 2686 490 2755 turpissime
531 2700 638 2738 non
670 2685 1100 2756 impiugentem?
1132 2685 1306 2740 istane
1331 2682 1623 2736 mediocria
1676 2680 1751 2731 vi-

158 2777 536 2833 deutur?aut
581 2792 682 2846 ego
717 2776 920 2832 frustra
976 2788 1283 2846 tetuereque
1332 2774 1536 2842 alioqui
1611 2771 1754 2823 indi-

164 2870 354 2939 gnor?
384 2866 515 2924 Nam
545 2871 590 2924 si
627 2870 967 2939 quotidiana,
1024 2884 1195 2940 eaque
1246 2867 1365 2922 sine
1408 2866 1606 2934 quibus
1648 2879 1755 2916 non

166 2971 472 3029 constaret,
513 2962 773 3033 exigeret,
805 2979 909 3017 non
930 2966 1249 3031 quiritarer:
1277 2960 1319 3015 si
1340 2959 1601 3012 nuditatis
1632 2970 1760 3023 0pc-

164 3059 470 3111 riinentum
504 3056 665 3109 simul
696 3064 751 3109 et
775 3055 844 3107 ab
874 3044 1015 3127 aeris
1044 3053 1324 3123 immensis
1366 3051 1578 3119 injuriis
1625 3062 1761 3117 pra:-

164 3144 373 3203 sidiuin
402 3146 721 3215 postularet,
750 3145 925 3199 libens
940 3132 1190 3213 equidem
1213 3143 1504 3210 praeberem
1532 3157 1545 3206 ;
1569 3138 1612 3193 si
1640 3137 1752 3190 vul-

167 3202 767 3310 garibus-abuteretur,
800 3236 847 3292 si
889 3202 1065 3289 soltim
1098 3235 1362 3287 modicam
1400 3239 1451 3286 et
1495 3230 1756 3299 frogalem
1784 3202 1829 3266 (ἶ

169 3331 346 3383 vitam
380 3340 580 3381 reetatn
620 3336 889 3390 censeret,
931 3339 1038 3377 non
1074 3324 1285 3390 injuria:
1319 3323 1437 3377 loco
1477 3322 1756 3385 ducerem,

173 3421 311 3473 talia
352 3419 716 3487 suppeditare,
769 3416 1256 3485 neque'actioacm
1281 3413 1628 3482 postularem,
1669 3426 1763 3465 ne-

173 3526 291 3579 que
325 3510 466 3562 diem
496 3508 680 3577 judicii
712 3507 969 3572 dicerem,
991 3515 1046 3559 ut
1076 3507 1175 3558 hoc
1207 3513 1351 3559 certe
1374 3514 1615 3572 tempore
1644 3502 1765 3571 jure

172 3597 349 3659 ferio,
384 3595 760 3664 quippe'quod
803 3610 926 3648 cum
972 3594 1175 3662 impetu
1224 3595 1338 3649 suis
1380 3593 1765 3661 cupiditatibus

176 3698 376 3742 contra
413 3690 723 3740 mandatum
761 3687 1029 3754 Apostoli,
1078 3687 1380 3755 provideat;
1411 3686 1576 3740 semel
1619 3688 1765 3739 enim

176 3793 208 3830 a
254 3774 481 3840 naturali
519 3776 850 3835 necessitate,
874 3776 1373 3830 commodissimam
1416 3785 1633 3828 nactum
1678 3789 1766 3827 oc-

174 3870 486 3931 casionem,
515 3882 727 3920 omnem
767 3882 1060 3936 pervagare
1090 3867 1380 3920 nefandam
1436 3864 1765 3932 voluptatem

183 3975 298 4013 non
339 3950 557 4012 desinit.
592 3956 753 4019 Plane
787 3958 931 4009 enim
980 3958 1123 4024 quod
1152 3957 1227 4010 ait
1258 3956 1417 4023 divus
1466 3955 1667 4011 Paulus
1704 3957 1768 4010 de

180 4059 448 4122 peccato:
486 4047 585 4103 Per
618 4053 786 4117 legem
816 4051 1074 4118 scriptam
1118 4049 1319 4118 peperit
1351 4048 1405 4101 in
1442 4062 1525 4101 tne
1552 4059 1768 4101 omnem

182 4140 579 4207 cupiditatem;
636 4149 849 4208 captata
899 4140 1043 4192 enim
1081 4154 1172 4208 per
1225 4140 1540 4192 mandatum
1591 4152 1765 4192 ocra-

182 4231 369 4292 sione,
405 4229 614 4296 decepit
666 4246 771 4295 me,
824 4238 877 4283 et
906 4230 1139 4283 occidit:
1176 4229 1318 4284 idem
1355 4229 1516 4294 etiam
1570 4230 1625 4281 in
1669 4242 1771 4282 nos

183 4322 464 4384 incurrit;
500 4322 713 4373 inventa
746 4322 889 4372 enim
926 4318 1221 4375 occasione
1250 4337 1314 4374 ex
1360 4324 1473 4389 lege
1510 4320 1769 4385 naturali,

189 4413 251 4465 id
296 4424 405 4474 est,
446 4410 692 4464 alimenti
743 4418 795 4463 et
840 4402 1258 4475 fcrtucttti'usu,
1298 4426 1417 4463 mea
1456 4413 1769 4475 Caruncula,

183 4516 404 4556 omnem
439 4502 489 4553 in
538 4517 621 4553 me
670 4502 927 4555 excitavit
957 4504 1331 4571 cupiditatem,
1357 4514 1408 4555 ct
1441 4514 1656 4571 propter
1686 4519 1767 4556 re-

187 4611 313 4647 rum
364 4594 799 4647 necessariarum
857 4595 1232 4662 indigentiam,
1282 4598 1513 4664 primum
1561 4613 1647 4651 me
1701 4599 1767 4650 ad

184 4699 383 4738 eorum
428 4684 729 4752 legitimum
769 4700 926 4738 usum
961 4686 1160 4751 ,trabit,
1190 4686 1385 4741 deinde
1432 4687 1500 4741 ab
1537 4704 1636 4740 usu
1673 4704 1769 4739 na-

190 4776 356 4827 turali
396 4774 460 4826 ad
498 4776 732 4827 alienum
786 4790 837 4828 et
888 4778 1221 4829 comi-arium
1280 4788 1486 4832 natura:
1536 4781 1768 4832 abusum

188 4868 481 4933 pet-trahit,
513 4876 624 4918 tum
659 4882 688 4919 a
732 4869 990 4925 continuo
1019 4880 1072 4921 ct
1104 4868 1373 4935 frequenti
1407 4872 1573 4923 abusu
1599 4868 1666 4921 ad
1694 4871 1772 4922 itt-

188 4960 501 5029 gurgilamli
528 4959 895 5023 etdeliciandi
932 4962 1171 5013 habiturn
1201 4978 1215 5013 :
1246 4963 1460 5015 tandem
1498 4978 1580 5014 me
1614 4977 1771 5031 pror-

187 5072 289 5114 sus
326 5054 603 5129 decipiens
627 5094 641 5118 ,
671 5054 949 5109 interficit.
1003 5057 1136 5109 Nam
1172 5056 1383 5110 deliciis
1422 5058 1625 5110 irretita
1657 5060 1773 5114 sive

188 5148 398 5199 lcmina
449 5159 532 5199 est
563 5147 679 5199 sive
749 5162 924 5208 tuens,
956 5148 1144 5201 vivens
1200 5157 1412 5201 mortua
1466 5158 1600 5214 est;
1656 5162 1772 5203 mea

188 5242 339 5291 enim
373 5253 520 5290 mors
545 5247 649 5300 est,
681 5238 903 5292 oblitam
940 5240 1280 5308 pr0priarum
1312 5240 1443 5293 tnibi
1471 5244 1770 5303 actionum,

193 5330 247 5381 in
281 5329 555 5396 pecuariis
586 5329 952 5396 voluptatibus
978 5330 1223 5398 corporis
1261 5332 1624 5398 percipiendis
1656 5347 1773 5384 vcr-

192 5424 303 5474 sari
331 5439 342 5471 :
379 5419 617 5485 quando,
653 5432 710 5493 ut
735 5423 873 5475 alter
906 5422 1185 5490 apostolus
1216 5424 1423 5498 scribit,
1449 5423 1695 5475 attrahor
1721 5436 1773 5479 et

194 5516 415 5565 iucscor
446 5530 472 5564 a
508 5512 687 5567 carnis
728 5514 1054 5583 cupiditate;
1090 5514 1359 5582 cupiditas
1408 5524 1587 5567 autem
1639 5529 1771 5567 con-

194 5604 327 5675 cipit
378 5616 431 5659 et
473 5605 640 5674 gignit
680 5616 983 5674 peccatum,
1016 5619 1301 5675 peccatum
1332 5615 1509 5659 autem
1556 5608 1776 5660 absolu-

193 5708 307 5751 tum
340 5708 588 5763 procreat
621 5711 875 5753 mortem.
936 5700 1017 5750 Ab
1067 5699 1327 5752 uberibus
1359 5699 1499 5749 enim
1550 5701 1678 5765 ipsis
1723 5703 1771 5751 in

193 5804 349 5842 mare
381 5787 618 5855 positum
678 5800 781 5851 est,
827 5799 886 5842 ttt
939 5804 1060 5842 cum
1116 5788 1181 5842 ad
1233 5791 1530 5858 jucuuium
1561 5793 1774 5857 quidvis

1843 1957 2215 2025 relinquatur:
2242 1971 2364 2023 quae
2385 1971 2504 2009 cum
2538 1954 2831 2007 multarum
2856 1955 3177 2007 ancillarqu
3208 1952 3431 2004 domina

1843 2050 1936 2112 sit,
1966 2050 2207 2101 nondum
2256 2055 2440 2099 autem
2476 2049 2749 2115 imperare
2802 2046 3078 2109 didicerit,
3124 2045 3431 2098 contemni-

1848 2145 1960 2200 tur,
1990 2146 2084 2192 aut
2117 2138 2279 2192 etiam
2314 2137 2591 2193 colludere
2636 2138 2863 2193 docetur
2896 2156 2907 2189 :
2942 2145 2998 2191 at
3050 2137 3231 2191 serius
3262 2150 3431 2201 agno-

1850 2244 2008 2283 scens
2042 2245 2163 2297 qua:
2197 2228 2526 2298 quibuscum
2578 2220 2993 2297 corrumpatur,
3027 2225 3247 2280 familite
3272 2239 3439 2290 eaps-

1848 2322 1951 2376 scit
1981 2320 2289 2389 imperium,
2324 2320 2515 2374 etillas
2548 2320 2601 2373 in
2630 2320 2877 2373 ordinem
2914 2320 3165 2374 servilem
3218 2318 3369 2371 redm
3392 2318 3433 2368 it

1852 2422 1904 2467 et
1930 2414 2194 2479 castigat;
2220 2410 2325 2464 illa:
2345 2426 2473 2465 vero
2496 2411 2727 2480 pristina
2753 2412 2972 2465 licentia
3000 2409 3157 2462 herili
3183 2409 3435 2464 lascivia-

1852 2521 1955 2573 que
1994 2503 2227 2571 refertae,
2261 2503 2614 2567 erubescunt,
2657 2513 2710 2557 et
2743 2503 2797 2555 in
2828 2504 3012 2555 heram
3040 2503 3347 2571 insurgunt;
3376 2511 3435 2555 ut

1854 2596 2014 2649 etiam
2038 2596 2255 2663 quidam
2291 2593 2430 2647 servi
2466 2590 2737 2655 feruntur,
2760 2592 2907 2645 beris
2935 2607 3158 2660 peregre
3179 2591 3435 2660 profect-is

1857 2685 2325 2754 morantibusque,
2349 2693 2400 2736 et
2424 2682 2644 2736 familia:
2675 2682 2813 2746 beri,
2833 2690 2887 2736 et
2916 2696 3151 2735 uxorum
3182 2683 3284 2735 viri
3313 2698 3437 2737 suc-

1856 2775 2128 2839 cessisse;
2163 2760 2356 2828 delnde
2387 2774 2438 2828 in
2487 2787 2737 2829 reversos
2770 2774 2929 2827 heros
2988 2773 3355 2828 insurrexisse
3383 2786 3438 2827 et

1860 2863 2028 2916 armis
2084 2862 2393 2921 decertasse
2423 2880 2437 2926 ;
2473 2860 2934 2930 quemadmodum
2969 2862 3096 2916 item
3132 2860 3221 2915 alii
3253 2874 3437 2930 postea

1863 2955 2034 3010 Roma
2066 2953 2272 3023 fugitivi
2317 2954 2527 3023 magnis
2580 2953 2781 3021 pra-liis
2813 2968 2934 3007 cum
2978 2955 3438 3022 persequentibus

1861 3058 1913 3102 et
1946 3046 2272 3115 fugitivariis
2292 3044 2641 3098 dimicarunt.
2672 3042 2802 3097 Tale
2832 3045 3105 3112 quoddam
3138 3055 3327 3098 contra
3355 3060 3441 3098 me

1867 3142 2064 3195 servile
2092 3125 2287 3194 bellum
2329 3141 2565 3192 concitat
2615 3147 2808 3191 natura
2858 3137 2990 3190 mihi
3045 3152 3264 3195 servum
3315 3152 3441 3191 cur-

1865 3248 1987 3302 pus,
2016 3242 2109 3284 aut
2139 3232 2299 3284 etiam
2336 3230 2538 3293 acrius,
2572 3230 2716 3297 quod
2750 3229 2963 3283 illorum
2999 3233 3194 3297 partim
3243 3232 3435 3293 armis,

1865 3338 2175 3391 quanquam
2202 3322 2504 3384 difﬁculter,
2526 3334 2704 3373 tamen
2724 3323 3027 3388 perierunt,
3055 3337 3158 3376 una
3181 3338 3306 3377 cum
3333 3336 3444 3376 svr-

1866 3414 2035 3467 vitute
2052 3414 2212 3467 vitam
2237 3427 2454 3482 quoque
2487 3422 2805 3480 posuerunt,
2850 3414 3046 3481 partim
3080 3415 3285 3470 interea
3311 3432 3416 3484 pug

1867 3506 2047 3560 nando
2068 3506 2399 3566 restiterunt,
2424 3506 2551 3558 dum
2579 3506 2740 3559 heros
2772 3504 2916 3560 ferro
2944 3506 3263 3563 dimicantes
3296 3510 3445 3561 vidr-

1868 3604 2017 3664 runt,
2043 3606 2097 3649 et
2126 3596 2176 3649 in
2205 3612 2261 3650 se
2288 3596 2487 3664 pariter
2515 3596 2811 3661 irruentes;
2844 3596 2931 3649 ubi
2957 3607 3137 3649 autem
3169 3597 3245 3650 illi
3273 3599 3442 3665 depo-

1871 3689 2045 3741 nenda
2073 3695 2402 3740 censuerunt
2431 3701 2606 3751 arma,
2636 3696 2690 3740 et
2713 3685 2947 3741 inermes
2981 3687 3147 3757 ﬂagra
3182 3689 3445 3742 duntaxat

1872 3788 2124 3846 tauquam
2187 3781 2358 3832 servis
2400 3778 2771 3843 incusserunt,
2824 3777 3006 3848 itaque
3038 3790 3361 3833 revocarunt
3392 3781 3442 3832 in

1873 3873 2215 3927 memoriam.
2239 3870 2330 3937 qui
2358 3870 2683 3938 quibuscum
2711 3871 2976 3925 auderent
3002 3886 3192 3940 gerere
3220 3870 3444 3936 bellum,

1874 3971 1987 4014 tum
2023 3962 2084 4013 ad
2115 3976 2173 4014 se
2194 3960 2430 4029 denique
2462 3962 2757 4023 redierunt,
2787 3972 2838 4014 et
2879 3963 3164 4031 pristinam
3198 3962 3450 4017 domina-

1873 4053 2073 4106 tionem
2107 4061 2462 4120 agnoverunt.
2487 4050 2600 4104 lloc
2636 4066 2763 4105 vero
2788 4066 2968 4104 meum
3002 4052 3197 4106 servile
3226 4052 3450 4105 hostile-

1873 4156 1977 4212 que
2008 4141 2210 4193 malum
2240 4150 2324 4194 est
2371 4141 2723 4209 indomabilc,
2757 4143 3105 4205 seditiosum,
3135 4141 3447 4213 fugitivum,

1873 4233 2016 4302 quod
2065 4233 2213 4285 nullo
2255 4243 2415 4301 pacto
2450 4234 2500 4288 iu
2527 4237 2872 4303 .scrvitutem
2906 4235 3171 4289 adducas.
3206 4236 3320 4289 Nec
3364 4252 3453 4289 ra-

1875 4324 2075 4378 tionem
2130 4324 2294 4378 ullam
2346 4333 2525 4388 teneo,
2562 4342 2667 4396 qua
2703 4326 2950 4394 superior
3000 4326 3271 4390 evadam;
3326 4342 3450 4379 nam

1875 4432 2052 4485 neque
2079 4418 2201 4485 jure
2232 4418 2380 4479 belli,
2422 4435 2599 4488 neque
2627 4421 2739 4489 lege
2770 4420 2929 4488 iustae
2964 4420 3247 4474 servitutis
3283 4434 3458 4488 exptt-

1804 4539 1845 4593 Β
1878 4519 2044 4573 gnare
2071 4522 2312 4574 possum,
2356 4506 2451 4561 scd
2485 4522 2705 4577 quoquo
2731 4510 2891 4564 modo
2921 4508 3243 4577 congrediar
3277 4510 3452 4563 outni~

1879 4595 1977 4647 bus
2012 4596 2313 4661 proverbiis
2346 4591 2605 4650 obnoxia
2652 4607 2861 4666 teneor,
2914 4601 3144 4667 lapidem
3190 4614 3450 4669 coqueus,

1876 4699 2054 4739 aerem
2080 4686 2718 4758 verberans,£tbiopem
2748 4685 3026 4756 dealbans,
3054 4690 3321 4755 flatntnam
3352 4706 3455 4744 cre-

1877 4777 2033 4843 dens,
2072 4779 2123 4831 in
2188 4780 2342 4847 aquis
2375 4781 2641 4842 scribens,
2686 4798 2748 4835 ex
2804 4798 2970 4837 arena
2999 4782 3300 4841 funiculum
3356 4800 3455 4835 ue-

1879 4878 2050 4927 ctens.
2083 4869 2675 4927 Ufactumincredibile
2705 4876 2717 4928 i
2748 4875 2980 4927 duarum
3014 4890 3192 4928 rerum
3227 4875 3455 4928 rationis

1878 4965 2179 5033 cxpertium
2218 4977 2456 5034 potestas
2491 4983 2622 5022 meae
2652 4968 2683 5022 ft
2706 4970 2773 5022 lei
2809 4970 3017 5024 credita
3066 4979 3191 5024 est:
3228 4973 3453 5025 alterius

1880 5076 2095 5114 mecum
2137 5058 2465 5112 intrinsecus
2497 5068 2549 5112 ct
2582 5075 2611 5112 e
2645 5062 2969 5127 propinquo,
3020 5062 3245 5116 alterius
3275 5078 3448 5114 remo-

1883 5155 1989 5205 tius
2022 5162 2073 5204 et
2105 5149 2443 5203 extrinsecus
2474 5142 2799 5216 conjunctau
2841 5148 3036 5203 Verum
3076 5155 3190 5205 haec
3214 5155 3447 5206 exterior

1883 5245 2197 5299 servitutem
2226 5258 2382 5309 passa
2414 5254 2498 5297 est
2537 5251 2588 5296 et
2620 5242 2941 5310 subjiciendi
2977 5245 3183 5313 legibus
3234 5248 3453 5313 acquir-

1884 5334 1987 5398 vit;
2010 5333 2214 5385 nullum
2237 5334 2378 5383 enim
2403 5328 2758 5385 anitii‘a'utiunt
2784 5332 2995 5387 ratione
3048 5334 3453 5391 destitutorum,

1884 5422 2137 5474 idoneum
2171 5421 2489 5494 obsequium
2522 5430 2777 5487 praestare
2825 5430 3065 5486 recusat,
3116 5422 3210 5476 sed
3265 5422 3453 5491 jugntu

1884 5503 2194 5580 imposittim
2229 5512 2425 5565 cervici
2476 5514 2570 5564 bos
2627 5513 2786 5575 tollit,
2836 5528 2899 5567 ac
2946 5524 3103 5567 terra:
3138 5516 3458 5567 crassitudi-

1886 5622 2004 5658 nem
2041 5614 2223 5657 aratro
2252 5604 2553 5673 perfringit,
2598 5604 2759 5672 idque
2792 5604 2938 5670 facit,
2986 5605 3295 5675 cervicibus
3331 5620 3455 5661 cor-

1885 5715 2054 5752 nuum
2087 5680 2231 5751 acies
2259 5693 2411 5765 quasi
2440 5698 2638 5750 alteras
2660 5697 2847 5775 hastas
2885 5708 3182 5767 prattcnsas
3211 5681 3452 5768 habens;

1884 5808 2056 5859 neque
2083 5791 2279 5859 levipes
2311 5805 2480 5858 equus
2506 5791 2865 5846 ministerium
2899 5792 3049 5863 fugit,
3079 5792 3171 5847 sed
3192 5793 3293 5846 etis
3322 5811 3351 5825 η
3382 5790 3454 5844 fe-
