4104 6322
742 410 844 470 937

1947 394 2340 472 cureos”
2383 388 2706 453 cuius:

3892 392 3985 456 933

745 500 837 569 ιΐι
874 522 924 568 et
954 512 1226 584 petulans,
1255 524 1348 566 ore
1381 512 1560 564 tamen
1594 509 1746 562 frena
1791 510 2002 574 recipit,
2040 520 2306 558 sessorem
2339 504 2384 560 Α
2415 500 2572 556 liceat
2606 498 3235 562 dicendamonsiderarc,
3268 496 3505 568 praeceps
3531 498 3596 552 ad
3632 500 3984 556 nuntiandum

743 622 798 663 et
836 610 1020 676 pacem
1060 604 1353 672 agitantem
1386 609 1439 655 ct
1468 608 1792 670 pugnantem
1822 598 1985 652 vehit.
2020 594 2176 647 Paret
2210 596 2310 647 asi—

748 710 873 758 nus,
907 694 1031 747 licet
1054 700 1273 757 natura
1313 688 1501 742 tardus
1538 688 1633 752 sit,
1694 688 1760 739 ad
1816 702 1957 740 onus
1989 683 2308 754 portandum

746 796 968 841 vocatus
1002 802 1016 845 ς
1047 791 1103 838 et
1145 781 1598 852 quemadmodum
1636 778 1917 834 ferocitate
1952 776 2309 831 exsultantem

741 893 943 943 equum
977 873 1217 937 coercui,
1271 873 1454 927 itidem
1503 871 1875 925 tardissimum
1911 869 2123 922 asinum
2156 868 2312 920 adhi-

744 968 857 1020 bito
882 967 1063 1035 puello
1088 976 1144 1017 et
1180 962 1320 1017 fuste
1341 961 1659 1015 celeriorem
1691 958 1816 1013 feci.
1849 957 1986 1021 Ouid
2017 958 2131 1009 haec
2160 971 2310 1008 man-

746 1058 984 1111 sunfarta
1015 1070 1211 1126 pecora
1242 1063 1295 1109 et
1333 1046 1640 1121 snlijugalia'
1670 1051 1816 1104 dico?
1844 1049 1960 1103 Non
1992 1063 2168 1110 ursus,
2205 1058 2319 1099 non

747 1149 1005 1216 pardalis,
1033 1148 1273 1200 ferarum
1311 1136 1714 1205 iininitissimte,
1748 1156 1855 1193 non
1901 1139 2015 1207 ipse
2054 1137 2312 1205 elephan-

747 1250 858 1304 tus,
895 1236 1265 1307 magnitudine
1292 1247 1517 1304 aggeres
1548 1242 1705 1287 terra
1754 1245 2037 1299 superans,
2076 1244 2181 1283 non
2207 1228 2309 1289 leo,

748 1345 862 1403 res
900 1328 1194 1395 agrestium
1242 1322 1623 1385 animantium,
1685 1328 1932 1375 nostrum
2010 1320 2313 1372 detrectant

748 1419 1075 1485 imperium:
1111 1415 1205 1469 sed
1235 1422 1290 1467 et
1324 1415 1377 1467 in
1416 1412 1644 1467 urbibus
1678 1427 1773 1481 per
1808 1411 1983 1464 forum
2016 1419 2069 1462 ct
2104 1409 2310 1461 tln-atra

742 1509 918 1571 ducti,
950 1504 1351 1575 spectatoribus
1367 1489 1555 1559 otiosis
1584 1503 1912 1570 voluptatem
1938 1511 2312 1579 cumlslupore

745 1608 802 1651 et
838 1598 1100 1652 miraculo
1147 1596 1409 1666 praebent.
1454 1592 1639 1662 Neque
1670 1591 1997 1648 sublimibus
2030 1590 2221 1645 avibus
2243 1591 2310 1642 ad

744 1690 931 1757 fugam
967 1690 1108 1744 satis
1139 1688 1241 1742 fuit
1263 1690 1407 1743 aeris
1442 1688 1627 1756 ingens
1659 1684 1887 1741 altitudo
1914 1702 1929 1738 :
1957 1695 2014 1738 ut
2036 1697 2209 1746 neque
2235 1683 2315 1751 pi-

744 1784 934 1837 scibus
964 1781 1032 1836 ad
1060 1782 1296 1837 latebras
1330 1780 1819 1851 profundissimum
1854 1780 2020 1832 maris
2054 1776 2307 1840 fundum,
2338 1842 2344 1849 ι

748 1873 943 1933 aeboc
994 1870 1223 1925 rationis
1255 1885 1469 1940 expers,
1508 1868 1742 1923 ferinum
1796 1877 1851 1948 et
1882 1866 2201 1929 belluinum,
2235 1867 2306 1920 ita

752 1961 1220 2035 mansuefacimus
1264 1970 1323 2015 ut
1355 1975 1443 2014 res
1474 1959 1601 2025 lert,
1625 1966 1680 2014 et
1720 1959 2043 2013 domamus:
2074 1958 2307 2012 alterum

751 2068 880 2107 vero
916 2066 1088 2122 genus
1119 2051 1475 2128 domesticum
1495 2057 1547 2103 et
1579 2049 1667 2104 cui
1701 2049 2045 2103 continenter
2070 2047 2308 2102 insidere

748 2146 906 2199 nobis
953 2144 1327 2213 praescriptum
1376 2149 1463 2197 est
1512 2141 1676 2211 idque
1706 2140 2002 2206 moderari,
2036 2139 2311 2195 nescimus

718 2247 984 2304 'quonam
1016 2244 1177 2307 pacto
1224 2232 1560 2301 mitigemus.
1611 2242 1665 2285 et
1692 2231 1760 2286 ad
1806 2230 2165 2286 obediendum
2197 2231 2309 2286 cle-

746 2333 962 2379 menter
996 2323 1377 2388 adducamus;
1409 2327 1463 2375 et
1492 2330 1673 2375 tamen
1710 2334 1879 2389 genus
1932 2318 2065 2373 illud
2116 2329 2308 2373 natura

743 2429 971 2484 prorsus
1000 2413 1066 2467 ad
1099 2413 1366 2466 rationem
1398 2410 1777 2467 obsurdescit:
1810 2410 1913 2463 lioc
1934 2410 2233 2473 auscultat,
2260 2419 2308 2464 ct

750 2503 914 2557 modo
948 2501 1185 2571 quodam
1216 2499 1285 2554 ad
1318 2514 1437 2554 eam
1486 2499 1847 2563 convertitur,
1902 2507 1958 2551 at
1986 2496 2132 2567 quod
2162 2512 2193 2551 a
2230 2514 2315 2551 ra-

748 2594 895 2648 tione
918 2593 1155 2645 alienum
1179 2600 1261 2646 est
1285 2590 1531 2652 omnino,
1560 2588 1758 2643 rationi
1786 2588 1956 2659 magis
1978 2589 2315 2658 obsequitur,

748 2698 909 2753 quam
940 2682 1085 2750 quod
1120 2691 1310 2734 natura
1348 2678 1639 2749 insignitur
1667 2689 1719 2733 et
1745 2678 1962 2732 ducitur
1986 2679 2215 2735 ratione.
2248 2679 2312 2734 ll-

745 2776 840 2831 lud
870 2790 1089 2845 quoque
1131 2773 1438 2842 suppeditat
1469 2785 1526 2827 et
1571 2772 1755 2828 labore
1787 2787 1885 2826 suo
1917 2782 2068 2841 parat
2101 2775 2315 2842 corpori

748 2865 1067 2932 profutura:
1097 2877 1298 2931 corpus
1332 2875 1459 2915 vero
1487 2860 1689 2914 auxilio
1714 2861 1846 2915 mibi
1875 2862 2059 2915 datunt
2098 2862 2163 2915 ad
2214 2864 2314 2917 οι)-

749 2961 928 3012 eunda
962 2952 1377 3024 praeclarissima
1410 2952 1626 3006 virtutis
1643 2955 2243 3017 tnunera,contrarium
2261 2966 2313 3009 et

747 3042 920 3112 magis
952 3042 1195 3096 renitens
1222 3038 1680 3107 deprehenditur:
1716 3040 2004 3109 potiusque
2038 3048 2097 3093 ut
2125 3056 2309 3096 secum

2418 602 2517 645 sita
2554 601 2750 661 sponte
2782 591 3025 659 pratsilit,
3064 590 3199 644 foris
3228 591 3507 653 effutiens.
3537 608 3660 660 qum
3700 580 3810 644 non
3846 610 3987 660 apor-

2417 687 2493 733 tet
2544 696 2558 732 :
2628 680 2839 733 tametsi
2873 690 2953 734 tot
3001 682 3170 748 septis
3212 690 3418 734 natura;
3459 682 3881 738 circumvallata
3909 686 3983 738 sit.

2415 768 2554 833 Quid
2588 784 2717 823 vero
2746 771 2868 839 gula
2900 770 3101 824 canalis
3127 771 3344 839 quidam
3368 771 3613 824 omnium
3642 773 3851 841 capax?
3874 776 3983 841 quid

2416 847 2693 912 insaniens
2717 860 3009 929 furensque
3053 860 3307 928 tangendi
3333 861 3573 916 sensus?
3598 862 3880 919 rationins
3904 879 3986 919 au-

2413 947 2653 1001 scultare
2699 949 2869 1013 novit,
2900 959 2957 1003 et
3010 948 3326 1018 appetitioni
3391 950 3607 1003 modum
3637 954 3988 1007 constituere?

2416 1038 2555 1104 Quid
2586 1053 2714 1093 vero
2739 1054 2855 1103 cor,
2889 1053 3013 1093 cum
3077 1038 3448 1099 cﬂerveseens
3495 1053 3548 1096 et
3605 1042 3674 1096 ad
3732 1044 3986 1099 ultionem

2419 1130 2708 1183 incitatum
2762 1130 3166 1187 tumultuatur?
3206 1132 3350 1201 quod
3397 1134 3759 1201 quamobrem
3804 1140 3989 1191 canino

2414 1221 2520 1274 ritu
2553 1220 2759 1276 latrans
2811 1222 3027 1276 Homeri
3064 1236 3259 1293 poema
3290 1223 3501 1288 fecerit,
3552 1238 3617 1280 ac
3658 1239 3775 1280 non
3825 1229 3990 1296 petitis

2415 1310 2636 1365 leonino
2662 1327 2810 1367 more
2851 1314 3091 1383 rugiens,
3135 1330 3163 1368 a
3190 1315 3409 1382 :miror;
3439 1326 3719 1385 postremo
3755 1324 3989 1379 animosa

2416 1402 2684 1470 particula
2712 1403 2963 1472 cupiendi
2984 1405 3073 1459 cui
3100 1406 3199 1460 rite
3222 1410 3528 1477 comparari
3544 1411 3760 1479 possit?
3787 1411 3993 1482 Scylla-

2418 1508 2507 1559 ne,
2548 1496 2841 1567 immortali
2892 1497 3191 1565 perniciei,
3226 1513 3293 1552 an
3324 1504 3634 1555 renascenti
3672 1504 3907 1569 hydra?
3933 1524 3991 1561 an

2415 1580 2664 1651 Tvpltoni
2692 1582 2961 1653 capitibus
2984 1595 3205 1639 centum
3232 1586 3458 1653 pmdito
3481 1586 3505 1639 ?
3531 1586 3638 1643 Tot
3664 1584 3995 1646 iusti-nmen.

2417 1680 2598 1726 torum
2648 1674 2945 1739 baratliris,
2992 1684 3050 1730 et
3095 1684 3313 1730 artuum
3346 1677 3523 1742 vallis,
3576 1680 3833 1750 undique
3889 1700 3993 1736 mea

2417 1772 2676 1833 consepta
2702 1775 2786 1821 est
2814 1766 2978 1823 altius
3016 1767 3317 1823 habitatio:
3350 1769 3406 1822 in
3440 1770 3640 1835 quibus
3668 1772 3929 1827 absurda:
3954 1788 3997 1828 et

2420 1855 2646 1911 rationis
2695 1868 2945 1927 expertes
2987 1858 3299 1953 fagultates,
3342 1864 3491 1916 velut
3543 1865 3862 1919 oninimodi
3898 1882 3999 1919 ser-

2415 1958 2604 2016 pentes
2632 1948 2684 2002 in
2718 1949 2909 2005 ferinis
2932 1948 3436 2027 Libiiespeluncis,
3466 1955 3718 2009 latitant:
3750 1974 3903 2024 quas
3927 1962 3996 2013 ci-

2415 2048 2610 2089 curare
2666 2035 3190 2107 mansuefacereque
3219 2039 3508 2108 pollicetur
3536 2040 3627 2094 illa
3661 2042 3897 2106 quidem
3927 2046 3999 2097 di-

2420 2125 2599 2193 gnitas
2653 2124 2958 2195 imaginis;
3016 2136 3074 2181 at
3133 2128 3351 2199 siqua
3411 2144 3631 2185 sursum
3690 2147 3996 2199 erm-rgum,

2418 2216 2669 2269 deorsum
2700 2231 2806 2271 una
2831 2217 3249 2285 convolvuntnr,
3271 2236 3393 2274 nam
3420 2222 3507 2274 illa
3524 2224 3700 2291 magis
3728 2226 3997 2280 feror-inut

2414 2320 2665 2376 saepeque
2704 2290 2932 2361 numero
2950 2308 3265 2364 efferantur.
3299 2310 3454 2378 Quod
3482 2327 3574 2366 vos
3611 2328 3847 2381 quoine
3888 2322 3977 2369 sub

2414 2396 2741 2486 sentientes,
2787 2404 2943 2451 etne
2997 2398 3129 2467 quid
3180 2399 3306 2454 inde
3346 2401 3471 2454 mali
3523 2402 3683 2455 vobis
3730 2407 3997 2459 accideret

2419 2496 2696 2551 caventes,
2747 2500 2812 2539 ex
2871 2486 3152 2541 lieniinum
3202 2492 3352 2542 omni
3405 2493 3707 2555 consortio,
3764 2493 3995 2547 ferarum

2417 2574 2868 2665 altricibus_lucis
2902 2578 3202 2647 occupatis,
3238 2593 3331 2661 vos
3374 2580 3727 2635 adducendus
3788 2587 3997 2665 c'ensui.

2414 2667 2535 2727 stis.
2565 2654 2714 2721 antr'a
2739 2668 2859 2723 suis
2882 2670 3208 2737 tegumentis
3237 2657 3469 2735 munita,
3530 2654 3832 2741 terrmque'
3854 2690 3998 2744 pene-

2420 2757 2575 2811 tralia
2610 2759 2740 2813 solis
2771 2758 2941 2813 radiis
2984 2759 3249 2829 impervia
3297 2761 3619 2826 subeuntes,
3654 2779 3755 2832 per
3790 2768 3993 2821 deserta

2420 2858 2569 2902 vasta
2605 2849 2706 2903 sub
2741 2849 2832 2903 dio
2867 2851 3097 2919 vagatis,
3129 2863 3188 2903 ut
3217 2853 3463 2919 corporis
3492 2854 3754 2911 sensibus
3792 2860 3859 2909 ad
3893 2875 3995 2911 ωδε

2420 2943 2596 2993 lorum
2634 2942 2913 3010 ingressus
2939 2942 3254 3017 obstructis,
3290 2958 3415 3011 pars
3447 2945 3532 2998 illa
3562 2947 3780 3002 ratione
3811 2964 3995 3003 caret:-

2418 3032 2486 3084 tis
2513 3032 2677 3085 animi
2713 3032 2999 3097 ferociens,
3033 3033 3307 3088 alimentis
3349 3036 3609 3103 destituta
3644 3024 3924 3108 quiescat.
3947 3056 3995 3095 rt

749 3134 993 3186 aberrem
1027 3146 1058 3184 a
1091 3131 1320 3193 ratione,
1353 3145 1516 3198 quam
1547 3140 1600 3182 ut
1637 3141 1847 3183 mecum
1882 3130 2061 3197 ipsum
2093 3146 2197 3185 una
2229 3147 2313 3185 ra-
2339 3164 2381 3223 c
2416 3124 2639 3175 rationis
2668 3129 2937 3192 compot's
2990 3140 3115 3194 pars
3164 3127 3493 3195 intelligens,
3556 3145 3587 3182 a
3624 3147 3829 3185 rerum
3888 3138 3990 3186 sub

748 3223 897 3277 tione
931 3230 1132 3284 utatur,
1174 3220 1227 3275 vi
1259 3219 1423 3291 cogit.
1454 3220 1529 3274 Ac
1560 3220 1812 3289 superius
1845 3222 2114 3289 explicata
2147 3237 2308 3276 causa

748 3299 827 3367 est
858 3329 873 3365 :
925 3311 1071 3379 quod
1114 3325 1235 3365 cum
1268 3322 1412 3387 esst;
1444 3309 1577 3363 mihi
1621 3310 1953 3364 ltonorilicus
1978 3321 2164 3376 ortus,
2202 3328 2307 3366 non

748 3406 985 3458 intellexi
1042 3404 1304 3472 primum,
1333 3402 1540 3458 scilicet
1563 3417 1686 3458 cum
1712 3402 1859 3456 fatua
1886 3396 2180 3457 caruncula
2204 3420 2310 3457 una

749 3496 1057 3567 iuveniliter
1114 3485 1409 3563 desipiens,
1455 3493 1569 3547 sive
1600 3508 1727 3547 cum
1764 3493 2003 3547 materia:
2036 3494 2309 3558 sordibus,

750 3597 809 3641 ut
831 3587 1208 3642 Chaldaeorum
1233 3585 1412 3641 verbis
1434 3597 1574 3649 utar,
1605 3594 1660 3639 ct
1679 3585 1993 3654 quisquiliis
2032 3587 2193 3639 simul
2218 3589 2309 3641 dc-

747 3692 949 3744 mersa,
986 3665 1224 3732 et‘velut
1280 3687 1521 3733 ostreato
1579 3676 1897 3729 indumento
1951 3677 2308 3743 circumdata,

744 3770 1162 3837 comparatione
1207 3765 1673 3835 similitudineque
1717 3765 1954 3835 pecudes
1994 3776 2047 3820 et
2071 3779 2312 3823 amentes

745 3869 969 3929 naturas
1012 3858 1210 3920 refero,
1242 3856 1421 3911 seritis
1447 3863 1628 3935 tamen
1661 3855 1957 3924 intelligere
1986 3858 2230 3924 demens,
2259 3870 2313 3933 et

744 3946 938 4006 stolida
963 3950 1253 4018 aliquando
1277 3945 1469 4016 sapere
1494 3949 1778 4016 incipiens,
1803 3949 2017 4003 adnitor
2043 3950 2175 4003 milii
2205 3951 2313 4035 pri-

750 4041 1023 4095 mordium
1074 4038 1415 4094 conveniens
1467 4039 1768 4105 vindicare,
1821 4040 2038 4109 corpori
2082 4041 2311 4109 ejusque

751 4132 1015 4185 membris
1052 4130 1321 4199 imperare
1353 4143 1474 4183 cum
1492 4130 1728 4191 ratione,
1762 4139 1815 4183 et
1868 4131 1932 4183 ad
1970 4145 2167 4203 munus
2190 4131 2309 4183 cui-

745 4237 855 4293 que
877 4235 1185 4291 congruens
1212 4235 1484 4276 revocare.
1517 4220 1609 4274 llla
1644 4227 1825 4276 tamen
1856 4221 1971 4290 ipsa
2006 4236 2309 4276 sermonem

747 4315 913 4369 etiam
968 4314 1424 4383 praeoccupanda,
1476 4314 1634 4382 plane
1687 4311 1846 4367 lactis
1907 4314 2313 4381 proclanmrnnt

747 4409 1045 4479 quecives
1070 4407 1236 4461 nobili
1272 4408 1405 4469 viro,
1429 4414 1489 4460 ut
1520 4414 1606 4461 est
1632 4406 1682 4461 in
1704 4407 2008 4476 evangelica
2036 4408 2308 4475 paralmla,

2414 3228 2636 3268 sensum
2674 3216 2982 3270 cadentium
3016 3216 3519 3284 perturbationibus
3564 3235 3797 3286 vacans,
3820 3227 3991 3279 alios:

2413 3306 2577 3361 rebus
2613 3306 2966 3376 intelligentia
2996 3308 3111 3362 sola
3145 3310 3861 3377 percipiendisincutnbat.

2481 3396 2615 3451 Esto
2644 3397 2723 3453 sic
2753 3413 2927 3453 sane:
2966 3398 3218 3479 equidem
3252 3401 3337 3454 bis
3385 3394 3596 3469 paucis'
3622 3405 3992 3463 denmnstrari

2404 3489 2615 3557 palam,
2646 3499 2848 3558 quanta
2879 3490 3075 3545 servile
3102 3506 3301 3559 corpus
3333 3493 3387 3545 in
3422 3507 3505 3546 me
3531 3493 3858 3563 juveniliter
3884 3515 3995 3551 mo-

2418 3581 2610 3635 liatur:
2640 3582 2783 3651 quod
2817 3582 3029 3636 tametsi
3067 3584 3255 3648 talium
3287 3584 3609 3653 injurtarnm
3645 3600 3846 3642 auctor
3892 3608 3994 3644 ma-

2414 3672 2607 3728 nifeste
2639 3676 2966 3740 revincetur,
3001 3691 3108 3729 non
3153 3686 3333 3730 tamen
3365 3678 3666 3734 abstinebit
3691 3688 3992 3749 quominus

2413 3775 2600 3817 contra
2627 3765 2928 3819 etiamnum
2981 3766 3148 3829 dicat,
3180 3766 3357 3835 qualia
3396 3784 3781 3837 sarpenumcro
3838 3777 3995 3831 liber-

2420 3858 2556 3909 rime
2587 3855 2840 3920 dicendo,
2881 3871 2989 3913 non
3034 3859 3318 3912 ututiendo
3347 3859 3453 3913 ritu
3502 3877 3819 3928 servorum,
3854 3868 3998 3922 inso-

2418 3948 2613 4000 lentius
2638 3946 2801 4001 audet
2822 3964 2834 4001 :
2856 3947 2931 4000 ita
2962 3947 3217 4002 nimirum
3248 3952 3585 4006 omnibusin
3615 3958 3809 4020 rebus,
3845 3962 3995 4028 quasi

2418 4049 2610 4093 natura
2642 4039 2834 4093 liostile
2859 4040 2993 4093 milii
3022 4041 3296 4106 renititur,
3330 4043 3488 4096 fat-tis
3525 4047 3803 4115 dictisque
3836 4065 3995 4121 repn-

2414 4146 2605 4199 gnans,
2636 4139 2689 4185 et
2734 4132 2981 4194 omnino,
3032 4133 3237 4186 nullum
3276 4134 3329 4187 in
3381 4146 3619 4203 pactum,
3677 4143 3899 4199 nullum
3944 4145 3994 4197 in

2416 4222 2589 4293 fmdus
2608 4221 2812 4277 coieris.
2832 4222 3018 4291 Itaque
3036 4224 3330 4293 quidquam
3360 4209 3548 4280 eorum
3577 4245 3825 4297 quorum
3855 4252 3993 4289 nunc

2415 4321 2722 4377 accusatur,
2756 4327 2820 4366 ac
2850 4312 2903 4366 in
2954 4314 3144 4382 primis
3184 4316 3307 4370 illos
3335 4318 3583 4371 ciborum
3635 4326 3989 4388 pereuntium

2414 4404 2679 4476 malignos
2705 4414 2966 4473 quaestus,
3005 4413 3060 4458 et
3090 4415 3403 4473 perpetuam
3440 4411 3791 4466 exactionem
3828 4432 3887 4470 se
3915 4419 3990 4469 vel

749 4515 845 4568 per
892 4501 1097 4571 legatos
1141 4513 1279 4568 quos
1329 4498 1571 4560 miserat.
1617 4499 1981 4552 nuntiarunt:
2018 4496 2310 4551 «Nolumus
2345 4488 2389 4545 Ι)
2415 4510 2575 4564 agere
2609 4496 2689 4549 vel
2728 4498 2833 4563 pati
2875 4504 3195 4565 negaturum
3233 4506 3333 4550 est.
3363 4495 3495 4550 Nam
3527 4514 3651 4552 cum
3687 4503 3762 4555 sit
3801 4515 3989 4559 natura

718 4577 810 4644 "ut
828 4600 884 4644 tu
908 4604 1097 4660 regnes
1120 4589 1174 4642 in
1196 4588 1373 4654 nobis;
1408 4606 1427 4640 ι
1454 4588 1811 4644 ducuntenim
1835 4588 1996 4641 citius
2018 4604 2179 4656 quam
2209 4587 2308 4641 du-

747 4687 969 4742 cuntur,
995 4681 1408 4746 renitunturque
1439 4676 1797 4733 familiaribus
1823 4686 1875 4731 et
1898 4678 2090 4731 amicis
2127 4679 2307 4746 potius

745 4783 908 4837 quam
932 4770 1347 4837 aSeiscuntquaz
1373 4779 1499 4822 sunt
1542 4768 1778 4836 optima:
1814 4769 2093 4838 magisque
2134 4780 2307 4821 retra—

747 4860 884 4915 ltuut
904 4874 1066 4926 quam
1090 4861 1399 4913 trahuntur.
1430 4859 1605 4929 Atque
1630 4860 1759 4912 mibi
1789 4860 2147 4929 considerate,
2163 4875 2309 4927 qum-

746 4967 833 5017 so,
852 4951 1085 5019 primum
1102 4966 1263 5004 aures
1280 4960 1333 5005 et
1347 4951 1554 5005 oculos:
1568 4951 1758 5016 illze,ut
1772 4949 2115 5005 Ecclesiaste:
2127 4951 2307 5006 verbis

743 5051 885 5105 utar,
914 5041 1207 5105 audiendo,
1240 5043 1291 5096 lii
1322 5042 1547 5117 videndo
1576 5057 1683 5112 non
1713 5042 2012 5109 satiantur;
2045 5045 2305 5113 quoniam
2332 5080 2335 5081 ν

747 5127 853 5188 iiiis
893 5148 1107 5201 semper
1139 5133 1449 5202 patentibus
1482 5132 1626 5187 fores
1673 5132 1963 5203 occludere
1996 5150 2106 5190 non
2144 5135 2304 5220 licet;

748 5224 834 5281 bis
891 5222 1203 5295 quanquam
1255 5224 1633 5294 palpebrarum
1684 5232 2053 5293 tegumentum
2105 5216 2327 5282 vallum

740 5322 847 5376 est,
874 5322 930 5367 et
948 5313 1185 5375 aversio,
1213 5326 1277 5365 ex
1294 5313 1558 5367 sententia
1591 5312 1770 5382 magni
1801 5310 1923 5379 Job,
1948 5314 2305 5382 dispositione

746 5419 879 5457 vana
908 5403 1142 5467 videant,
1180 5403 1308 5472 quid
1352 5411 1532 5456 tamen
1565 5404 1677 5457 haec
1720 5404 1785 5457 ad
1833 5387 2023 5457 eorum
2060 5406 2306 5459 memen-

748 5504 859 5548 tum
895 5494 1365 5563 promptissimum
1392 5506 1446 5549 et
1474 5496 1816 5548 celerrimum
1866 5511 2029 5564 supra
2061 5498 2303 5558 modum.

746 5586 1218 5655 et.'itiexplebileni
1252 5586 1661 5640 curiositatem?
1702 5585 2013 5655 Deindeque
2042 5589 2300 5656 linguam,

752 5677 1065 5733 ndomabile
1096 5679 1317 5745 malum,
1353 5678 1609 5733 mundum
1639 5678 1959 5748 iniquitatis,
1987 5690 2044 5732 ut
2067 5678 2301 5734 Jacobus

748 5770 911 5823 i'ratcr
942 5768 1030 5822 Dei
1071 5769 1347 5838 loquitur:
1379 5765 1498 5838 qua:
1531 5769 1691 5824 ctiam
1727 5768 1873 5833 prius
1906 5785 2066 5838 quam
2104 5771 2297 5824 rationi

2407 5316 2622 5397 tionunt
2678 5317 2857 5373 facere
2908 5334 3045 5387 quas

2415 4586 2776 4654 compositum
2812 4597 2868 4641 et
2895 4601 3108 4655 semper
3130 4585 3327 4651 ﬂuens,
3380 4590 3653 4645 meatibus
3684 4600 3808 4649 tum
3845 4600 3991 4651 abdi-

2418 4678 2506 4740 tis,
2534 4685 2645 4730 tum
2673 4677 2889 4744 apertis,
2923 4680 3227 4741 necessario
3252 4681 3672 4747 respondentem
3699 4685 3989 4742 inanitioni

2420 4766 2776 4835 repletionem
2811 4768 3061 4834 requirit,
3089 4784 3250 4837 quam
3301 4786 3425 4825 cum
3474 4790 3577 4829 non
3634 4778 3801 4832 aliter
3833 4798 3988 4851 quam

2416 4873 2513 4925 per
2539 4858 2686 4912 cibos
2715 4866 2768 4911 et
2800 4868 2958 4927 potus
2990 4870 3182 4915 natura
3238 4865 3421 4935 molita
3466 4867 3556 4931 sit,
3604 4870 3822 4925 idcirco
3863 4874 3990 4926 nihil

2416 4965 2473 5003 se
2504 4964 2725 5017 peccare
2752 4949 2917 5014 dicet,
2951 4960 3158 5005 natura:
3190 4955 3397 5021 legibus
3422 4960 3744 5026 sequendis,
3773 4975 3831 5017 et
3873 4982 3991 5034 qua:

2413 5052 2613 5095 statum
2650 5053 2967 5096 conservent
2995 5046 3330 5131 appetendis.
3364 5047 3408 5100 si
3448 5049 3514 5105 ad
3560 5059 3782 5119 tempus
3814 5056 3990 5125 legiti-

2415 5146 2563 5213 mum
2600 5132 2867 5199 sulllcere,
2896 5148 2994 5187 nec
3020 5135 3160 5188 male
3175 5136 3397 5193 habere;
3418 5154 3575 5206 cgere
3599 5145 3846 5209 medico,
3872 5162 3989 5197 oni-

2414 5224 2546 5279 nino
2597 5225 2874 5281 defessum
2907 5223 3222 5294 concidere,
3250 5230 3629 5302 jactniamque
3666 5251 3867 5291 earum
3904 5254 3989 5291 ac-

3118 5322 3315 5374 meutis
3375 5337 3541 5391 causa
3599 5342 3728 5380 cum
3803 5329 3991 5383 labore

2413 5408 2735 5478 susceperit,
2757 5409 2907 5463 velit.
2939 5410 3003 5465 lli
3034 5425 3185 5477 vero,
3214 5411 3290 5473 bi,
3316 5411 3571 5483 inquam,
3602 5416 3751 5470 beati
3775 5417 3990 5485 judices

2413 5500 2598 5553 usitati
2627 5500 2840 5569 corpori
2872 5516 2992 5556 meo
3015 5511 3308 5571 praeteritus
3329 5515 3477 5569 sunt,
3508 5506 3553 5559 'si
3574 5501 3822 5574 quando
3840 5510 3991 5565 dela-

2411 5591 2547 5645 bene
2597 5601 2691 5643 aut
2746 5592 2960 5647 irruens
2988 5598 3052 5646 ad
3081 5594 3355 5650 lusriviatn
3399 5593 3553 5650 freno
3578 5596 3710 5653 .vitze
3748 5603 4005 5655 durioris.

2414 5697 2681 5735 reiocem.
2735 5680 2804 5738 Ut
2859 5685 3001 5737 enim
3039 5685 3319 5749 lactantes
3372 5687 3610 5741 infantes
3663 5705 3692 5742 a
3748 5709 3987 5746 mamma

2410 5773 2616 5840 depulsi
2649 5774 2860 5840 plorant
2891 5814 2905 5839 ,
2939 5774 3122 5829 itidem
3155 5789 3208 5830 et
3252 5779 3356 5833 ltoc
3386 5779 3452 5831 ab
3494 5779 3570 5840 iis
3593 5781 3803 5851 quibus
3836 5785 3987 5837 fa:ui~
