4104 6322
145 403 256 470 €69

1486 380 2073 456 'rtio‘sororme.

3330 381 3441 443 9ῗο

127 511 333 571 llaritcr
364 522 642 575 assuetum
671 528 812 583 erat,
844 513 1095 570 avulsum
1132 508 1302 585 luget,
1342 521 1395 569 et
1424 512 1714 581 indignans
1742 514 1787 570 Α
1821 507 2146 579 quidquam,
2181 502 2283 556 nisi
2318 501 2443 572 quis
2477 511 2709 555 mortem
2746 498 3016 552 malorum
3046 513 3294 552 omnium
3342 502 3441 553 do-

125 613 482 682 obstupescit,
510 614 732 668 morbos
760 622 813 666 et
848 611 1191 680 vinculiquo
1218 610 1361 663 inter
1386 621 1488 662 nos
1505 606 1714 674 colliga-

124 719 252 758 mur
300 707 743 770 dissolutionem,
784 720 1075 760 excessum
1132 719 1164 759 e
1196 703 1305 757 vita
1352 700 1641 769 injustum,
1673 706 1728 751 et

125 798 197 850 ab
229 797 563 868 agendarum
600 812 784 852 rerum
819 797 1019 852 studiis
1052 794 1417 851 cessationem
1451 782 1723 860 cogitans.

125 888 264 943 Nam
299 891 447 959 quod
473 892 585 944 haec
608 889 901 943 manifesta
934 889 1131 953 ironia,
1164 884 1590 948 dissimulantia,
1624 898 1729 937 ter-

128 982 429 1052 giversatio
481 990 535 1034 et
581 988 802 1034 versuta
843 980 1119 1033 recusatio
1171 978 1265 1040 sit,
1313 976 1467 1030 vobis
1506 990 1614 1029 non
1648 982 1729 1027 est

126 1074 373 1143 ignotum
412 1072 505 1140 qui
547 1067 889 1140 experiundo
922 1066 1216 1132 didicistis,
1262 1075 1316 1121 et
1344 1065 1521 1121 edocti
1566 1062 1725 1125 estis,

128 1175 383 1218 naturam
429 1162 701 1232 corporis,
738 1162 791 1213 in
842 1159 1007 1213 rebus
1041 1158 1287 1212 honestis
1318 1170 1541 1225 operam
1577 1146 1730 1208 etla-

128 1257 321 1310 borem
357 1254 742 1325 impendendo,
778 1253 833 1307 in
862 1260 1115 1306 naturam
1158 1247 1519 1319 impatibilem
1572 1248 1729 1317 quasi

128 1351 339 1403 ferrum
374 1358 428 1403 et
451 1350 802 1403 adamantem
836 1345 1211 1405 indurescere;
1243 1340 1389 1411 quod
1444 1354 1579 1392 vero
1620 1348 1729 1391 non

126 1458 230 1510 pro
254 1440 463 1495 foribus
493 1441 605 1493 haec
637 1438 915 1492 contentio
945 1436 1034 1499 sit,
1060 1435 1114 1488 id
1143 1448 1359 1504 quoque
1381 1432 1729 1499 persspieuum

129 1535 349 1590 tametsi
384 1542 491 1596 est,
526 1531 868 1601 argumentis
900 1528 1175 1583 revincam
1201 1527 1624 1597 expositumque
1678 1532 1731 1576 et

129 1627 359 1696 planum
406 1622 629 1677 faciam.
670 1619 790 1674 Non
830 1633 963 1674 sane
994 1632 1229 1687 prorsus
1276 1614 1419 1685 quod
1470 1613 1733 1678 nutriaris

132 1733 313 1786 neque
350 1714 493 1785 quod
531 1712 831 1767 nutriendo
864 1711 1085 1775 laeteris,
1116 1725 1149 1763 o
1179 1707 1457 1777 stupidum
1510 1720 1729 1774 corpus,

126 1806 540 1859 eriminamur:
599 1816 663 1855 ea
728 1800 1093 1854 criminamur
1150 1797 1351 1868 quibus
1411 1796 1569 1849 malis
1641 1802 1733 1848 aut

137 1894 435 1960 aﬂicimur,
485 1904 579 1948 aut
624 1894 931 1947 deteriores
988 1893 1170 1945 limus.
1202 1890 1336 1958 Quis
1366 1889 1511 1944 enim
1551 1896 1731 1941 mente

130 1971 423 2061 praeditus,
456 1996 511 2042 et
541 1996 753 2041 naturae
783 1986 1026 2041 rationes
1060 1986 1141 2039 vel
1193 1981 1548 2038 mediocriter
1592 1996 1727 2035 con-

128 2080 449 2148 templatus,
489 2076 793 2130 maledictis
817 2078 1043 2144 impetat
1079 2090 1203 2129 cum
1238 2075 1374 2127 alias
1422 2070 1729 2133 faeiiltatcs,

127 2182 253 2225 tum
286 2170 519 2222 maxime
549 2167 798 2220 altrices?
826 2166 1084 2220 Alimenti
1117 2166 1350 2219 abusum
1382 2165 1627 2233 exlegem
1676 2159 1730 2217 in

130 2256 349 2311 deliciis
402 2265 454 2309 et
508 2254 937 2324 inexplebilitate
969 2254 1447 2329 reprehendimus.
1480 2244 1598 2307 Non
1632 2268 1731 2307 au-

130 2358 242 2402 tem
276 2348 416 2401 idem
448 2356 531 2400 est
570 2347 748 2416 τρυφή
782 2344 926 2414 quod
958 2345 1154 2414 τροφή,
1191 2345 1406 2399 ὼεΙίεἰω
1450 2344 1595 2413 quod
1630 2344 1727 2397 alio

127 2448 401 2500 utentum,
435 2436 530 2491 sed
560 2437 787 2489 alterum
820 2435 887 2488 ab
913 2435 1083 2487 altero
1117 2433 1459 2503 longioribus
1485 2433 1734 2487 intersti-

129 2527 226 2581 tiis
251 2524 606 2594 diflertquam
628 2522 899 2593 Mysorum
919 2524 1271 2593 et-Phrygum
1297 2524 1431 2578 fines
1452 2522 1733 2588 differunt,

131 2617 361 2671 tametsi
418 2617 699 2671 vicinitate
754 2618 1042 2670 nominum
1077 2632 1139 2671 ea
1173 2619 1563 2687 propemodum
1605 2632 1733 2672 con—

129 2710 401 2776 veniant;
433 2718 485 2762 tu
516 2724 645 2763 vero
675 2708 1044 2777 autstupidis,
1075 2716 1170 2762 aut
1196 2709 1456 2778 malignis
1486 2708 1734 2767 moribus

130 2802 455 2870 praeditum,
490 2801 900 2854 accusationem
936 2801 1141 2855 abusus
1176 2801 1244 2853 ad
1280 2801 1549 2855 naturalis
1600 2816 1732 2857 usus

135 2893 480 2949 calumniam
541 2893 831 2947 traduxisti
864 2909 877 2945 :
913 2893 1162 2961 idemque
1216 2901 1309 2969 aut
1342 2893 1597 2969 nescisti,
1641 2903 1733 2947 aut

138 2997 194 3039 te
232 2986 443 3039 nescire
485 2994 705 3039 versute
754 2984 1051 3050 simulasti,
1110 2968 1277 3039 veluti
1326 2999 1429 3039 nos
1480 2968 1731 3040 adulterii

132 3078 229 3131 vel
268 3075 550 3130 ebrietatis
585 3066 908 3129 accuSantcs
948 3074 1283 3144 quempiam,
1314 3074 1733 3128 calumniareris

133 3172 297 3243 quasi
356 3170 623 3225 conviciis
677 3174 895 3239 nuptias
954 3169 1182 3237 cupidas
1221 3176 1276 3221 ct
1331 3170 1577 3222 sobrium
1620 3169 1732 3222 vini

136 3274 330 3333 potum
362 3261 717 3315 insectemur.
746 3256 1135 3329 ltaque'neque
1161 3268 1234 3323 te,
1268 3273 1300 3313 ο
1329 3274 1451 3313 mea
1484 3274 1639 3323 crux,
1673 3259 1725 3313 in

132 3355 410 3421 judicium
446 3369 733 3420 vocamus,
763 3355 832 3409 ob
861 3370 1040 3409 rerum
1076 3358 1510 3410 necessariarum
1548 3370 1728 3421 usum,

136 3448 242 3501 sed
289 3446 415 3516 quia
464 3457 518 3498 tu
558 3449 695 3498 hanc
742 3452 961 3498 nactum
1000 3447 1306 3514 speciosam
1360 3449 1728 3522 occasionem,

140 3554 259 3592 non
295 3536 524 3604 desinis,
566 3539 624 3590 ut
657 3539 849 3592 iterum
877 3539 1006 3591 illud
1041 3541 1406 3615 apostolicum
1444 3556 1728 3609 usurpem,

137 3644 362 3685 omnem
398 3626 454 3682 in
492 3645 577 3682 me
623 3630 973 3699 cupiditatem
1023 3624 1241 3685 efficere
1274 3650 1287 3685 :
1319 3633 1555 3701 primum
1606 3634 1729 3699 qui-

141 3730 269 3778 dem
303 3733 459 3775 utens
494 3723 751 3775 alimento
782 3722 931 3775 sicco
967 3723 1322 3792 humidoque,
1353 3724 1548 3779 deinde
1594 3740 1731 3793 pra:-

138 3823 233 3867 ter
262 3823 315 3866 et
343 3822 537 3869 contra
571 3824 732 3882 quam
776 3828 873 3882 par
906 3816 978 3867 sit
1003 3814 1259 3881 abutens,
1291 3830 1357 3871 eo
1384 3818 1727 3881 incumbens,

140 3898 213 3959 ad
247 3905 563 3958 universam
600 3920 929 3974 omnemque
960 3907 1257 3976 voluptatis
1290 3910 1602 3965 illecebram
1636 3914 1729 3965 de-

137 3998 332 4050 laiiens
364 4003 416 4048 et
442 3986 681 4059 irruens,
707 4004 758 4047 et
790 4011 893 4047 una
928 4010 1013 4049 me
1034 3997 1361 4065 corripiens,
1391 4008 1442 4051 et
1462 3994 1733 4052 exhibens

140 4088 388 4156 negotia.
422 4086 555 4140 Nam
600 4088 806 4156 duplici
860 4101 912 4140 et
946 4089 1083 4156 gulae
1124 4097 1183 4156 et.
1224 4091 1431 4142 ventris
1466 4091 1727 4156 intempe-

139 4180 347 4234 rantiae
374 4166 503 4231 flatu
537 4180 892 4247 exagitalum,
916 4182 998 4231 vel
1033 4182 1214 4247 potius
1242 4181 1437 4250 triplici
1469 4182 1545 4248 (in
1574 4180 1732 4234 satie-

136 4272 348 4325 tatibth
382 4271 581 4333 _enim.
634 4270 806 4332 aiunt,
870 4270 1048 4325 Venus
1107 4283 1211 4336 est,
1275 4284 1536 4342 przetereo
1585 4274 1727 4327 enim

137 4378 279 4421 tunc
310 4365 501 4419 horum
528 4367 780 4419 comitem
815 4368 1078 4420 malorum
1112 4369 1428 4437 legionem),
1462 4367 1591 4437 quid
1624 4382 1728 4421 non

136 4460 280 4515 mihi
315 4457 699 4513 difficultatum
732 4468 785 4512 et
833 4460 1171 4514 miseriarum
1205 4460 1397 4514 infers?
1431 4461 1563 4514 Nam
1600 4462 1727 4514 dum

135 4568 199 4606 es
238 4551 423 4614 inane,
460 4549 655 4618 repleri
692 4550 1011 4616 desideras;
1049 4552 1133 4604 vix
1175 4552 1391 4620 plenum
1436 4568 1516 4619 es,
1550 4554 1729 4607 denuo
1763 4542 1807 4596 Ῑ)
1840 4542 1980 4623 vim]

138 4645 365 4697 laboras
419 4642 703 4708 inanitate,
765 4657 827 4695 ac
885 4642 1077 4696 iterum
1131 4646 1379 4713 exquiris
1430 4646 1731 4715 compleri;

134 4751 292 4805 quan
321 4744 367 4788 io
401 4735 528 4787 item
572 4732 1046 4800 fame'divcxaris,
1078 4736 1143 4787 ad
1172 4737 1477 4790 satietatem
1515 4748 1564 4791 te
1595 4739 1733 4792 cibis

136 4829 419 4895 oblectas;
451 4839 576 4879 cum
608 4833 981 4877 exsaturatum
1014 4838 1093 4886 es,
1128 4820 1420 4892 voluptatis
1450 4828 1733 4883 illecebras

134 4933 385 4989 tltlztzl‘ls;
420 4917 550 4985 quin
582 4919 784 4985 potius,
817 4926 871 4971 et
900 4918 1173 4980 esuriens,
1202 4928 1256 4972 et
1281 4920 1522 4988 plenum,
1556 4938 1735 4992 neque

137 5004 424 5081 satietatis
459 5010 704 5074 modum,
736 5023 912 5077 neque
956 5010 1249 5078 voluptatis
1284 5014 1591 5068 satietatem
1635 5032 1731 5070 no-

133 5106 251 5168 sti;
289 5103 345 5153 iu
378 5115 487 5168 quo
518 5115 621 5169 ego
670 5100 869 5153 misera
923 5116 1066 5167 sum,
1119 5103 1235 5169 pari
1294 5120 1451 5173 paena
1479 5108 1739 5163 damnata

134 5213 252 5267 qua
289 5194 393 5248 illa:
419 5194 682 5263 fabulosre
714 5194 1008 5261 Danaides,
1038 5198 1173 5251 utin
1200 5197 1489 5259 infinitum.
1526 5212 1583 5255 ut
1608 5204 1732 5267 illze,

138 5289 247 5344 tibi
288 5287 643 5351 exhauriant,
672 5276 822 5344 dolio
886 5300 1109 5359 pertuso
1143 5308 1159 5351 ι
1192 5302 1282 5345 aut
1321 5296 1485 5349 etiam
1543 5300 1734 5353 eadem

136 5382 364 5451 patiens
386 5395 506 5449 qua:
531 5380 751 5453 divinus
772 5381 859 5435 ille
890 5382 1073 5445 David,
1107 5384 1231 5439 huic
1254 5385 1525 5455 profundo
1552 5403 1732 5453 cteuo,

139 5478 196 5542 in
231 5487 343 5540 quo
378 5486 651 5539 nusquam
687 5476 982 5539 subsistas,
1037 5476 1263 5544 illigata,
1295 5479 1359 5531 ad
1397 5481 1565 5531 imum
1604 5469 1734 5549 per-

138 5578 317 5639 petuo
354 5567 615 5621 delabens
649 5567 911 5637 fundique
945 5570 1213 5631 nescium,
1266 5571 1409 5640 quod
1441 5575 1585 5625 enim
1638 5589 1732 5627 ex-

138 5672 382 5715 treumm
416 5659 740 5727 profundum
767 5671 981 5714 tuarum
1030 5664 1424 5731 appetitionum
1450 5668 1732 5721 inventum

146 5761 255 5813 est,
289 5751 433 5817 quod
468 5753 683 5805 tandem
742 5766 1075 5820 postreunun
1120 5757 1407 5821 subsistat,
1450 5769 1502 5812 ct
1529 5770 1622 5814 tuo
1654 5764 1735 5815 ul-

142 5844 327 5898 terius
363 5840 728 5912 progredienti
764 5846 996 5899 obsistat
1025 5846 1294 5915 iinpetui?
1327 5867 1431 5903 non
1469 5862 1549 5905 est
1580 5854 1726 5907 aliud

474 5941 745 6001 PATROL.
788 5943 902 6000 Gn.
949 5943 1037 6002 Cl.

1832 598 2097 652 mitriccrr
2136 597 2279 650 dicat
2310 613 2323 660 ;
2360 595 2617 649 miserior
2651 607 2781 645 vero
2819 592 2994 645 multo
3049 605 3171 643 sum
3204 590 3437 659 alioqui,

1831 692 1976 762 quod
2018 690 2341 757 imprudens
2407 686 2709 754 nesciaque
2766 693 2815 738 te
2853 684 3056 737 malam
3097 685 3327 737 bestiam
3386 684 3441 736 in

1831 782 1953 836 sinu
1992 772 2230 841 foveam,
2267 786 2321 833 et
2355 778 2561 848 pullum
2611 777 2943 843 petulantem
2981 790 3103 831 meo
3148 776 3292 828 malo
3320 775 3442 844 pin-

1832 870 2161 942 gucfaciam.
2205 868 2395 923 Nonne
2428 868 2699 921 nutritum
2748 874 2801 921 et
2844 866 3018 920 fotum
3071 866 3271 920 malam
3304 865 3436 919 mihi

1834 966 2067 1033 gratiam
2108 964 2309 1017 refers?
2342 963 2626 1025 mordens,
2660 971 2720 1014 ut
2763 976 3011 1027 serpens,
3055 960 3439 1021 calcitrosum,

1834 1058 2238 1112 contumaciter
2313 1055 2671 1125 ignominiam
2736 1054 2985 1119 inurens,
3046 1068 3148 1107 nec
3207 1053 3442 1119 amplius

1833 1149 2143 1205 domabile:
2192 1166 2304 1202 non
2364 1146 2742 1217 persuasionis
2816 1146 3100 1201 blanditiis
3163 1145 3440 1209 deliniris,

1837 1254 1944 1290 non
1985 1237 2035 1290 vi
2076 1236 2331 1299 frenaris,
2369 1252 2477 1289 non
2518 1234 2809 1303 probitatis
2844 1251 2974 1305 ergo
3006 1236 3226 1289 labores
3269 1239 3443 1290 attin-

1835 1329 1937 1399 gis.
1966 1330 2102 1395 Quid
2138 1332 2247 1395 aio,
2276 1330 2492 1383 labores
2513 1344 2619 1381 non
2651 1322 2900 1399 attingis?
2930 1329 3196 1383 Praeclare
3224 1344 3438 1383 mecum

1836 1434 2110 1493 ageretur,
2138 1424 2181 1478 si
2214 1434 2404 1477 contra
2440 1439 2545 1476 non
2583 1423 2877 1487 nitereris;
2912 1424 2954 1476 si
3001 1423 3067 1475 ad
3125 1422 3217 1475 tibi
3283 1435 3469 1493 grata,

1835 1501 2133 1585 charaque,
2160 1515 2291 1569 mihi
2314 1524 2493 1569 autem
2523 1510 2896 1585 ingratissima
2918 1516 3435 1585 iniinicissimaquv,

1839 1628 1947 1665 non
1981 1611 2247 1664 violenter
2300 1622 2479 1665 tecum
2513 1612 2856 1677 Corripercs;
2892 1612 2936 1665 si
2974 1627 3150 1664 meam
3192 1612 3436 1678 pulchri-

1838 1704 2085 1757 tudinem
2128 1697 2421 1758 amabilem
2488 1706 2621 1768 luto,
2662 1715 2723 1758 ut
2772 1707 2911 1774 apud
2944 1705 3295 1759 Salomoncm
3344 1705 3436 1758 illa

1840 1812 1937 1850 sus
1994 1812 2219 1851 auream
2275 1796 2548 1862 inaurem,
2603 1812 2710 1851 non
2767 1798 3109 1852 obvolveres.
3163 1797 3238 1850 Ne
3274 1798 3434 1865 irihi,

1836 1902 2044 1956 quatso,
2066 1888 2222 1943 beate
2240 1898 2437 1952 cretus,
2460 1891 2863 1953 succcnscaris,
2888 1890 2931 1943 si
2961 1890 3191 1943 invehar
3214 1889 3267 1943 in
3297 1890 3439 1943 hanc

1837 1980 2162 2035 indomitam
2199 1982 2510 2051 malamque
2563 1986 2825 2051 pecudem
2865 1993 2970 2036 tam
3015 1984 3234 2048 acerbe,
3276 1985 3436 2049 cujus

1836 2071 2178 2141 tyrannicam
2222 2073 2602 2137 rebellionem,
2637 2065 2728 2128 ille
2760 2089 2981 2142 quoque
3015 2083 3200 2127 tantus
3228 2064 3435 2130 Paulus

1836 2166 2045 2219 mundo
2084 2166 2407 2232 cruciﬁxus,
2441 2181 2552 2221 non
2599 2167 2711 2235 jam
2769 2167 2979 2230 vivens,
3022 2166 3116 2220 sed
3155 2168 3205 2219 in
3266 2182 3325 2221 se
3353 2170 3433 2219 vi-

1837 2268 2049 2312 ventem
2079 2267 2136 2311 et
2162 2258 2473 2328 loquentem
2498 2258 2780 2313 Christum
2816 2268 3059 2328 gestans,
3092 2261 3375 2327 circumsp
3411 2294 3437 2303 —

1835 2351 1979 2405 ctius
2005 2348 2358 2414 observabat,
2377 2363 2427 2405 et
2451 2352 2739 2421 indignans
2759 2336 2923 2405 veluti
2953 2354 3292 2423 deplorahat,
3329 2358 3457 2408 mi-i

1836 2458 2022 2499 serum
2073 2458 2134 2499 se
2189 2459 2391 2499 vocans
2426 2444 2728 2511 hominem,
2764 2458 2817 2501 et
2864 2451 3063 2502 anxius
3118 2465 3369 2520 quzerens
3406 2468 3433 2503 a

1837 2550 2071 2605 corpore
2106 2537 2300 2591 mortis
2340 2536 2501 2605 hujus
2539 2538 2890 2593 liberatorem
2934 2560 2947 2595 :
2992 2542 3046 2595 in
3090 2544 3237 2612 quod
3264 2545 3431 2598 etiam

1838 2611 2099 2698 tanquam
2146 2642 2451 2697 generosus
2497 2628 2725 2693 athleta,
2756 2611 3131 2702 coronamque
3193 2650 3433 2693 merens.

1838 2720 2219 2773 vehementius
2246 2719 2486 2783 irruens,
2521 2735 2629 2774 non
2663 2721 2821 2789 prius
2862 2722 3025 2777 desiit
3072 2724 3238 2780 ferire
3266 2726 3439 2780 calci-

1838 2812 1940 2867 bus
1968 2820 2021 2865 et
2048 2810 2261 2867 crebris
2294 2812 2734 2882 Sugillationibus
2773 2824 2984 2879 notare,
3025 2831 3190 2883 quam
3241 2819 3295 2872 in
3328 2836 3431 2875 ser-

1838 2906 2063 2957 vitutem
2093 2904 2405 2968 adduxerit,
2441 2905 2891 2977 morigerumque
2925 2910 3138 2965 fecerit.

1911 2998 2038 3051 Esto
2071 3010 2223 3060 sane,
2255 2997 2455 3066 inquit,
2484 3005 2540 3051 at
2584 2999 2682 3054 tibi
2722 3000 2923 3057 licebat
2961 3015 3163 3060 natura
3200 3008 3425 3063 subdito

1843 3090 1979 3143 mihi
2015 3091 2341 3145 servitutem
2373 3094 2684 3160 imponere,
2711 3110 2832 3162 quae
2865 3105 3026 3151 notas
3060 3098 3284 3154 inurere
3319 3103 3435 3154 vcl-

1762 3199 1806 3258 (ς
1843 3182 1943 3242 les.
1982 3182 2349 3251 apostolicam
2384 3195 2574 3239 set-uta
2627 3185 2890 3253 formam,
2933 3188 3181 3260 illudque
3214 3192 3436 3261 sapiens

1835 3282 2164 3344 przeceptum
2189 3290 2205 3329 :
2239 3274 2412 3329 Asino
2443 3276 2653 3332 foenum
2682 3286 2736 3332 et
2765 3279 3040 3349 baculus},
3090 3296 3252 3337 servo
3276 3286 3435 3354 panis

1835 3374 1890 3420 et
1920 3364 2111 3435 ﬂagra.
2142 3366 2186 3421 Ο
2213 3366 2513 3423 ludibrium
2536 3370 2548 3423 l
2574 3370 2776 3440 quibus
2794 3388 2880 3425 me
2895 3372 3434 3434 dissimulationibus

1835 3458 2070 3524 deludit,
2103 3476 2251 3516 nunc
2287 3463 2477 3518 fateris
2520 3474 2571 3519 te
2623 3467 2759 3519 mihi
2819 3467 3105 3522 subditum
3152 3486 3277 3525 esse
3336 3488 3436 3527 na-

1836 3562 1958 3607 tura
1994 3570 2007 3607 :
2049 3564 2196 3608 nunc
2224 3554 2358 3607 Inibi
2385 3555 2569 3612 verbis
2587 3556 2956 3628 adblandiris,
2979 3564 3125 3630 quod
3154 3564 3433 3634 subjicere

1835 3644 2018 3705 liceat,
2064 3643 2229 3701 factis
2283 3657 2554 3718 perpetuo
2590 3665 2931 3719 repugnans.
2970 3654 3082 3723 Ego
3113 3670 3242 3709 vero
3277 3656 3429 3726 quod

1837 3744 1891 3789 tu
1922 3737 2071 3791 velut
2103 3738 2294 3793 asinus
2341 3742 2623 3809 petulans,
2682 3743 2921 3799 fustibus
2969 3748 3290 3803 medendum
3331 3753 3432 3816 sis,

1835 3839 1889 3882 et
1932 3840 1990 3883 ut
2024 3830 2200 3883 malus
2240 3845 2461 3898 servus,
2492 3834 2818 3891 verberibus
2860 3836 3241 3907 lacerandam,
3269 3842 3433 3898 intel-

1835 3922 2005 3991 ligere
2031 3923 2148 3990 ipsa
2179 3938 2304 3977 sero
2332 3925 2493 3993 ccepi.
2527 3922 2731 3980 Verum
2759 3928 2992 3997 agedum
3025 3932 3160 3985 mihi
3197 3949 3433 4002 percon-

1838 4014 1974 4068 tanti
2002 4014 2315 4096 responde:
2341 4017 2587 4087 quando,
2619 4036 2833 4088 quaeso,
2855 4038 3075 4092 quaque
3099 4034 3259 4081 actate
3294 4030 3431 4086 mihi

1834 4110 1994 4161 datur
2047 4118 2098 4162 te
2130 4110 2460 4181 subjicieudi
2519 4122 2783 4181 potestas,
2827 4132 2952 4171 cum
2977 4135 3261 4191 nunquam
3297 4138 3422 4177 cum

1836 4201 2104 4266 Apostolo
2134 4202 2319 4257 dicere
2348 4206 2554 4272 possis,
2588 4216 2640 4261 te
2664 4208 2764 4278 legi
2793 4208 2887 4265 Dei
2922 4212 3235 4281 subjectum
3266 4218 3432 4272 esse?

1838 4305 2102 4345 utrumne
2127 4294 2325 4363 puerili
2376 4306 2431 4349 et
2468 4297 2700 4352 adulta?
2739 4301 2808 4354 At
2868 4314 2982 4356 tum
3018 4307 3219 4360 mentis
3253 4308 3429 4377 impo-

1839 4386 2004 4438 tentia
2040 4386 2344 4454 desipiens,
2376 4405 2463 4443 me
2491 4391 2607 4459 ipsa
2651 4408 2759 4446 non
2792 4409 3015 4462 possum
3048 4400 3126 4452 uti
3159 4401 3430 4474 intellige-

1838 4492 2006 4545 reque
2057 4490 2265 4545 quanto
2296 4481 2395 4535 tibi
2450 4493 2727 4550 praestem.
2788 4489 2870 4540 An
2901 4505 3031 4545 vero
3061 4492 3315 4561 juvenili,
3356 4512 3426 4551 au

2006 4570 2119 4623 2At
2155 4582 2268 4625 tum
2297 4589 2462 4628 omne
2498 4579 2705 4631 malum
2736 4589 2939 4648 erupit,
2981 4593 3037 4635 et
3065 4584 3193 4639 inde
3225 4586 3429 4644 bellum

1838 4662 2221 4719 vehementius
2254 4666 2571 4735 inchoatur,
2635 4686 2723 4724 me
2762 4672 2875 4741 jam
2930 4677 3200 4746 meipsam
3253 4696 3428 4750 agno-

1837 4765 2050 4819 scente,
2103 4767 2155 4809 et
2183 4761 2518 4817 conveniens
2578 4764 2948 4831 primordium
3005 4769 3338 4839 asciscente,
3373 4784 3427 4828 et

1837 4851 1945 4904 alio
1997 4853 2121 4905 vitae
2189 4856 2480 4921 victusque
2533 4870 2733 4923 genere
2775 4858 2987 4912 meliori
3050 4861 3341 4925 utendum,
3375 4876 3429 4918 et

1839 4943 1940 5007 legi
1969 4944 2061 4995 Dei
2101 4932 2566 5013 acquiescendum
2607 4960 2729 5001 esse
2763 4961 3022 5004 censente
3053 4969 3069 5005 :
3105 4952 3209 5007 hoc
3239 4966 3423 5011 autem

1839 5052 1946 5089 sea
1980 5048 2131 5106 grata
2160 5047 2214 5089 et
2245 5052 2432 5090 coreva
2486 5040 2893 5095 consuetudine
2937 5041 3125 5097 divelli
3169 5061 3276 5098 non
3332 5063 3426 5116 pa-

1845 5128 2036 5191 tiente,
2090 5141 2216 5179 cum
2249 5127 2320 5180 ab
2349 5138 2474 5181 ortu
2503 5131 2583 5182 ad.
2612 5131 2931 5194 vicesimum
2981 5149 3155 5204 usque
3214 5154 3420 5195 annum

1834 5215 2178 5284 juventutem
2219 5218 2271 5270 in
2304 5220 2452 5272 omni
2479 5220 2732 5277 libertate
2775 5224 3111 5294 licentiaque
3142 5232 3421 5286 contrive-

1840 5310 1931 5371 rit,
1976 5320 2037 5363 et
2069 5313 2279 5365 ventris
2311 5312 2576 5383 inglu'viei
2606 5316 2898 5381 studuerit,
2938 5330 2991 5372 et
3022 5320 3195 5374 solam
3225 5322 3423 5393 volup-

1840 5410 2006 5453 tatem
2052 5404 2399 5468 exercuerit;
2455 5419 2557 5459 nec
2610 5406 2818 5461 dictum
2874 5409 3035 5464 facile
3091 5424 3198 5475 est,
3256 5430 3422 5481 quam

1842 5494 2087 5547 robustis
2122 5496 2417 5562 impetibus
2450 5499 2583 5551 mihi
2617 5503 2777 5568 quasi
2810 5516 2896 5556 res
2946 5518 3115 5560 novas
3148 5492 3423 5571 molienti,

1842 5593 1893 5636 et
1920 5594 2116 5652 praeter
2150 5601 2369 5655 aequum
2432 5588 2764 5656 dominanti,
2800 5572 3108 5661 renitatur;
3166 5612 3231 5651 ac
3293 5600 3425 5652 mihi

1840 5675 2158 5729 diuturnam
2234 5681 2719 5745 consuetudinem,
2770 5695 2824 5739 et
2884 5688 3193 5741 naturalem
3251 5690 3422 5760 legem

1839 5767 1997 5833 quasi
2033 5782 2250 5822 murum
2275 5774 2563 5839 quemdam
2596 5772 2784 5845 objicit
2806 5777 3019 5851 ;_idque
3049 5784 3425 5848 potissimum.

1839 5860 1968 5927 quia
1998 5874 2191 5914 recens
2232 5865 2444 5917 socium
2478 5867 2867 5934 opitulatorem
2927 5875 3135 5928 ventris
3164 5872 3422 5929 aﬂ'ectum

2987 5970 3051 6028 31
