4104 6322
695 349 792 411 97l

694 477 761 515 eo
792 473 1040 532 tempore
1074 467 1444 521 vehementem
1473 475 1712 528 uarium,
1758 482 1801 515 t‘l

695 553 850 617 tiam,
885 554 1240 609 ambitionem
1276 598 1290 622 ,
1327 569 1378 610 et
1414 558 1457 610 si
1510 558 1637 625 quid
1672 557 1816 608 aliud
1862 558 2054 609 horum
2089 572 2271 620 eomes

697 660 820 698 cum
883 645 974 698 tali
1030 657 1288 717 tantoque
1346 660 1488 701 cortu
1545 650 1678 710 coit,
1738 649 1866 700 inibi
1927 651 2269 711 adversatur,

697 737 894 803 astutia
929 738 1121 792 bellica
1173 739 1335 805 fallit,
1389 749 1441 793 et
1495 740 1598 793 sub
1631 740 1835 808 peccati
1889 741 2057 808 legem
2101 740 2272 808 capti-

697 842 815 881 vam
852 830 1092 896 abducit,
1127 833 1529 901 persuadetque
1560 842 1617 885 ut
1676 841 1724 884 et
1764 833 1876 901 ipsa
1912 832 2134 896 faciam,
2193 832 2272 884 fa-

695 921 970 987 cientiqnc
1004 923 1380 984 consentiam,
1417 921 1565 990 quod
1614 938 1790 990 neque
1838 926 2030 986 probo,
2094 936 2271 992 neque

694 1011 834 1064 volo.
863 1011 940 1064 Ita
971 1014 1410 1080 parereiiidieit;
1471 1016 1543 1066 ita
1588 1015 1734 1082 leges
1789 1016 2077 1068 obedieudi
2114 1017 2266 1070 colit.

693 1102 793 1154 llic
849 1116 1030 1177 loperae
1061 1105 1294 1172 pretium
1339 1108 1522 1169 fuerit,
1566 1108 1726 1162 amici
1777 1107 1868 1160 Dei
1918 1109 2157 1176 judices,
2209 1120 2269 1164 ut

693 1207 798 1244 non
833 1193 1036 1246 cteilam
1097 1197 1352 1258 fustibus,
1391 1206 1447 1250 ut
1504 1199 1733 1250 asellum
1772 1214 1936 1267 agaso
1971 1200 2131 1263 solet,
2195 1203 2266 1255 ita

688 1293 883 1348 pra-ter
913 1295 1162 1338 naturam
1195 1288 1539 1354 superhiens,
1569 1298 1620 1342 et
1653 1289 1916 1343 effrenate
1951 1292 2262 1356 lasciviens,

685 1384 736 1424 et
773 1391 878 1427 non
941 1378 1180 1444 amplius
1242 1381 1501 1446 pecuario
1561 1380 1704 1435 fastu
1767 1393 2102 1446 tumescens,
2166 1386 2262 1438 sed

687 1467 922 1519 belluino
962 1469 1183 1523 fremitu
1234 1472 1479 1539 rugiens,
1541 1489 1635 1526 nec
1671 1475 1964 1537 rebellans,
2004 1485 2056 1528 et
2085 1477 2263 1529 mani-

687 1554 824 1610 festo
850 1563 1195 1628 tyrannidem
1245 1578 1559 1631 occupans,
1614 1566 1793 1634 flagris
1848 1577 1902 1619 et
1956 1568 2170 1635 pugnis,
2207 1575 2263 1619 ut

689 1648 804 1701 heri
856 1651 1030 1703 solent
1084 1652 1374 1722 mancipia,
1427 1653 1626 1708 frudem
1679 1674 1692 1708 :
1749 1656 1845 1709 sed
1899 1657 2065 1723 ferro,
2115 1658 2261 1726 quod

687 1742 857 1806 aiunt,
893 1741 1121 1812 igncque
1180 1747 1636 1811 animadvertam,
1697 1758 1750 1801 et
1800 1749 2031 1802 illustris
2092 1750 2259 1802 semel

1967 354 2344 414 ι’ἶὶὶῐζιῖιῖεῖἶέί
2389 358 2500 415 ἷ’.’-Ξ
2548 361 2627 413 ἰ
2665 361 2702 414 Ῐῖ
3865 368 3976 429 (ττὲ

3922 419 3926 426 ι
3947 419 3974 427 υ

1843 484 2054 534 ιείξῳιτι
2103 470 2243 518 atavi

2379 474 2494 532 ωηο)
2519 476 2809 538 sntit-licio.
2853 492 2953 541 qua
2994 492 3153 545 [νηπιιῆ
3195 497 3298 533 z-tm
3333 492 3409 535 est
3462 484 3684 553 dignum
3722 500 3844 540 lim
3882 507 3946 538 γυ

2376 577 2497 612 curs
2545 573 2590 613 et
2650 565 2948 631 ingratum,
2986 582 3036 621 it
3096 571 3146 621 in
3195 589 3281 625 nte
3331 578 3832 643 contumeliosum,
3899 584 3967 634 ita

2374 657 2690 706 (‘it'nli‘liiClll
2725 669 2772 708 et
2805 659 3103 715 miserabili
3141 666 3750 736 connuiseresceutem,
3795 686 3862 726 ut
3907 691 3970 729 ne

2374 744 2664 798 liberorum
2691 750 2906 815 quidem
2933 767 3123 808 amans
3143 768 3314 809 mater
3337 758 3388 810 in
3421 774 3518 812 sua
3547 759 3723 830 ipsius
3745 765 3969 820 viscera

2371 844 2516 888 esset
2548 836 2784 891 affecta?
2833 841 2897 894 At
2936 842 3005 895 ita
3042 859 3174 900 sane
3217 849 3556 916 adolescens,
3594 853 3673 907 ita
3721 856 3968 923 juvene-

2371 939 2529 979 scens
2558 937 2611 980 et
2657 929 2864 984 virilem
2903 945 3115 988 atatem
3166 939 3479 1008 attingens,
3531 957 3617 994 me
3665 961 3782 998 non
3829 949 3968 1001 solet

2373 1025 2698 1074 auscultare.
2728 1025 2792 1075 At
2818 1041 3108 1081 senescens
3142 1032 3272 1084 mite
3302 1033 3613 1103 durtileque
3661 1050 3714 1090 et
3752 1049 3964 1092 tracta-

2373 1109 2477 1163 bile
2501 1122 2583 1166 est
2608 1114 2755 1168 adea
2780 1133 2900 1184 qua:
2921 1120 3111 1172 decent
3132 1121 3552 1178 instrumentum
3577 1127 3599 1178 ?
3625 1125 3964 1184 Undemm?

2370 1203 2525 1268 Quod
2555 1216 2701 1259 certe
2746 1210 3112 1264 membrorum
3144 1213 3325 1278 vigore
3365 1233 3614 1286 nexuque
3650 1223 3843 1276 soluto
3868 1267 3883 1287 ,
3915 1241 3964 1277 et

2372 1296 2614 1361 ingenito
2656 1298 2837 1351 calore
2879 1302 3169 1364 exstincto,
3224 1306 3487 1359 immobili
3534 1317 3757 1376 torpore
3811 1317 3963 1366 tabe—

2368 1386 2567 1440 factum
2596 1390 2758 1443 veluti
2782 1396 3147 1461 compeditum
3167 1407 3268 1460 est,
3295 1410 3344 1449 et
3373 1401 3567 1452 veteris
3584 1403 3807 1456 arboris
3827 1420 3961 1457 esa-

2367 1481 2602 1533 reseenti
2640 1493 2832 1535 trimco
2863 1484 3062 1548 simile,
3089 1487 3289 1539 scilicet
3338 1491 3665 1559 talecpossit
3714 1510 3810 1547 res
3867 1513 3961 1556 ag-

2363 1570 2511 1640 gredi
2541 1573 2711 1626 serias
2737 1582 2788 1626 et
2820 1573 3100 1639 honestas,
3126 1579 3268 1646 quod
3296 1585 3734 1638 sustentzmtium
3771 1598 3829 1640 et
3872 1605 3959 1641 se-

2364 1663 2610 1716 nescenti
2678 1668 3122 1721 succurrentium
3178 1669 3403 1740 indiget,
3479 1679 3744 1742 pru'clare
3823 1699 3957 1734 vero

2364 1768 2577 1807 meeum
2608 1765 2880 1825 ageretur,
2913 1759 3019 1812 nisi
3060 1764 3220 1814 etiam
3258 1780 3388 1818 suas
3427 1769 3558 1820 mihi
3593 1772 3955 1828 calamitatis

687 1851 920 1904 pugnam
980 1853 1289 1902 conseram,
1344 1841 1598 1894 cominus
1656 1840 1861 1893 hostem
1901 1837 2332 1910 aggressa,ctB
2364 1844 2625 1912 inureret,
2676 1858 2729 1900 et
2789 1851 2986 1914 quibus
3037 1853 3300 1918 abundat,
3356 1859 3617 1914 senilibus
3659 1867 3827 1919 malis
3867 1885 3953 1921 me

686 1937 780 1978 aut
819 1927 998 1996 ipsum
1047 1931 1330 1984 honestam
1385 1932 1584 2000 degens
1619 1933 1784 1984 vitam
1818 1934 2129 1996 exhibeant,
2163 1945 2257 1987 aut

687 2015 825 2068 idem
867 2017 1012 2085 quod
1060 2033 1356 2082 generosus
1401 2015 1636 2071 Samson
1695 2018 1892 2070 faciam
1951 2018 2254 2086 patiarque,

684 2107 1017 2169 convellam,
1049 2110 1294 2175 inqnam,
1329 2111 1473 2176 quod
1515 2109 1770 2176 injuriam
1805 2108 1968 2162 faciat
1999 2127 2012 2162 :
2041 2119 2094 2162 et
2133 2124 2254 2162 cum

676 2199 841 2253 hoste
898 2201 1127 2253 cadente
1179 2201 1296 2253 laeta
1347 2201 1508 2253 sinml
1555 2205 1839 2254 excedam.
1874 2201 1932 2254 in
1970 2216 2052 2254 me
2091 2200 2257 2268 igitur

680 2289 813 2342 illud
843 2304 1059 2358 quoque
1090 2292 1417 2358 quadrabat,
1454 2290 1597 2360 quod
1620 2291 1905 2357 proverbio
1940 2291 2248 2359 quiritatur.

681 2370 793 2432 Ab!
829 2395 990 2446 quam
1025 2397 1189 2448 grave
1237 2391 1321 2434 est
1370 2383 1421 2436 id
1479 2381 1793 2436 hominibus
1847 2382 2088 2436 malum?
2126 2396 2252 2436 cum

683 2472 808 2540 quis
843 2472 1000 2526 bonis
1030 2489 1134 2526 non
1194 2474 1365 2526 utitur
1397 2473 1479 2526 bis
1541 2488 1663 2540 quae
1696 2474 1920 2527 noverit,
1975 2472 2108 2526 Nam
2154 2489 2253 2544 ego

677 2571 830 2615 certo
883 2565 1064 2616 sciens
1105 2564 1156 2616 in
1205 2573 1310 2616 tam
1363 2562 1563 2616 rebello
1622 2577 1728 2616 non
1769 2578 1889 2617 esse
1929 2563 2252 2621 verberibus

680 2653 1254 2718 animadvertendum,
1285 2654 1377 2708 sed
1424 2665 1482 2706 ut
1510 2655 1703 2708 hostile
1742 2655 1868 2708 odio
1914 2671 2250 2725 prosequcn~

679 2747 830 2804 dum,
864 2759 968 2796 non
999 2754 1179 2798 tamen
1213 2744 1355 2797 bono
1389 2743 1494 2798 hoc
1524 2745 1690 2797 animi
1728 2746 1963 2799 consilio
2001 2756 2156 2814 utor;
2183 2750 2250 2803 ab

678 2835 980 2888 innumeris
1040 2835 1185 2888 enim
1248 2834 1630 2888 affectionibus
1688 2836 1911 2905 depulsa
1955 2838 2244 2907 impedior.

673 2923 806 2988 Quae
837 2937 964 2977 sunt
998 2927 1116 2978 hae?
1146 2941 1250 2979 non
1281 2927 1426 2979 enim
1462 2943 1558 2982 vos
1589 2925 1801 2981 celabo.
1835 2927 2016 2981 Pudor
2040 2968 2053 2994 ,
2102 2943 2234 2997 par-

675 3018 834 3081 citas,
892 3018 1312 3081 misericordia,
1358 3030 1536 3074 metus
1597 3037 1702 3074 non
1765 3021 2089 3089 intrepidus,
2149 3021 2245 3074 scd

675 3108 912 3162 letbalis.
945 3107 1119 3162 Pudet
1153 3122 1238 3162 me
1276 3109 1464 3177 hujus,
1523 3119 1580 3161 ut
1620 3112 1893 3175 conservi,
1923 3121 1976 3164 et
2034 3122 2091 3165 ut
2145 3113 2245 3164 ali-

2363 1938 2666 2002 referciret,
2699 1942 2890 1996 delirio
2934 1945 3176 2010 inquam,
3214 1965 3403 2004 errore
3437 1962 3492 2004 et
3523 1963 3770 2010 veterno.
3810 1961 3951 2013 Nam

2360 2029 2406 2082 si
2431 2046 2617 2083 verum
2653 2043 2754 2097 est,
2787 2046 3022 2089 mentem
3057 2038 3298 2094 Tithono
3323 2059 3742 2111 consenescere,
3770 2063 3828 2104 et
3865 2054 3948 2108 bis

2358 2135 2558 2189 pueros
2593 2138 2752 2178 senes
2809 2129 2948 2190 fieri,
3007 2131 3072 2183 ad
3131 2139 3629 2202 repuerascendum
3689 2143 3854 2210 profe
3895 2159 3948 2198 to

2357 2215 2577 2260 multum
2616 2214 2973 2267 conversione
3005 2221 3367 2280 revertimur;
3407 2241 3466 2275 ac
3489 2242 3688 2293 corpus
3715 2235 3943 2298 quidem

2358 2296 2521 2349 videt.
2551 2306 2606 2352 et
2657 2301 2770 2353 odit
2820 2303 3108 2372 obtusius,
3142 2322 3240 2377 ego
3279 2326 3404 2365 vero
3443 2317 3605 2388 .senls
3647 2296 3944 2375 delirantis

2359 2383 2680 2454 lippitudine
2715 2392 3068 2461 caucitathue
3094 2406 3350 2465 tanquam
3385 2383 3622 2456 tenebris
3652 2405 3941 2476 oiTundor,

2357 2490 2456 2528 nec
2513 2479 2728 2533 acutius
2771 2479 2881 2548 jam
2933 2499 3156 2538 cernere.
3199 2502 3443 2555 possunt.
3501 2491 3564 2546 Et
3621 2495 3757 2548 illud
3811 2517 3938 2553 cum

2356 2567 2588 2620 aliarum
2625 2573 2808 2623 rerum
2835 2573 3222 2640 obliviscatur,
3249 2579 3490 2634 alimenti
3515 2595 3695 2639 tamen
3725 2590 3777 2640 in
3815 2605 3941 2658 per-

2355 2667 2579 2726 petuum
2611 2662 2878 2725 meminit,
2913 2675 2963 2716 et
2985 2668 3239 2733 genuinis
3272 2685 3377 2722 non
3404 2674 3635 2741 amplius
3669 2679 3939 2737 dentibus

2354 2743 2407 2796 in
2463 2745 2688 2799 alveolis
2737 2749 2937 2813 infixis,
2979 2763 3157 2808 tamen
3209 2760 3444 2813 maxillis
3488 2765 3794 2823 molaribus
3841 2772 3941 2825 de-

2353 2832 2560 2888 stitutis
2627 2837 2781 2891 molit
2845 2849 2904 2893 ut
2957 2852 3152 2908 potest,
3185 2831 3326 2915 quas
3372 2851 3532 2904 etiam
3573 2861 3936 2922 proverbium

2352 2925 2626 2993 quoddam
2673 2938 2730 2982 ut
2759 2939 2811 2983 et
2846 2930 3180 3000 Scipionem,
3206 2939 3320 2991 seni
3367 2939 3629 3009 largitur:
3661 2962 3762 3014 ego
3799 2966 3939 3006 vero

2353 3033 2458 3070 non
2485 3016 2598 3087 jam
2632 3022 2915 3090 disciplina
2949 3035 3001 3078 et
3035 3029 3299 3083 memoria
3345 3039 3523 3100 ‘utens,
3571 3050 3746 3103 neque
3791 3055 3937 3096 sane

2350 3110 2533 3162 denuo
2567 3122 2624 3165 ut
2650 3112 2837 3177 didici,
2874 3129 3140 3186 praecepta
3163 3121 3482 3189 recordans,
3510 3125 3690 3179 solum
3727 3129 3934 3194 illgﬂr-

672 3201 891 3267 quando
936 3214 1023 3252 me
1060 3175 1390 3268 adjuvantls,
1421 3201 1465 3255 si
1500 3215 1606 3254 non
1663 3201 1765 3253 hoc
1815 3212 2078 3269 tempore,
2131 3202 2243 3254 for-
2271 3175 2312 3230 ο
2346 3201 2486 3270 gitor
2537 3203 2829 3259 oblivionis
2859 3209 3071 3276 poculo,
3125 3204 3314 3280 itaque
3347 3175 3606 3282 paulatim
3637 3233 3670 3273 e
3697 3175 3934 3278 sriliiinii

674 3291 836 3344 lassis
903 3289 956 3341 in
1015 3289 1283 3352 futurum,
1334 3297 1384 3342 et
1453 3298 1512 3342 ut
1574 3289 1802 3356 sodalis,
1857 3291 2041 3354 amici,
2081 3293 2237 3354 socii,

671 3382 987 3452 coaequalis.
1031 3383 1205 3436 Pareo
1240 3381 1599 3449 abstineoque
1635 3391 1891 3450 tauquam
1944 3383 2012 3436 ab
2039 3373 2236 3436 aerum-

673 3489 828 3536 rioso,
864 3472 1087 3532 infelici,
1118 3472 1340 3526 misero.
1377 3476 1453 3526 Ac
1494 3488 1581 3525 me
1629 3475 1802 3527 vicem
1851 3474 1971 3544 ejus
2000 3475 2238 3544 graviter

673 3555 934 3629 miseret,
990 3566 1286 3634 nescioquo
1348 3578 1587 3634 quonam
1646 3564 1806 3618 modo
1865 3580 1988 3618 cum
2041 3563 2240 3618 amicto

669 3655 1016 3718 condolesco,
1072 3670 1196 3707 cum
1246 3669 1510 3723 oppresso
1567 3669 1674 3706 una
1726 3655 2029 3706 molestiam
2058 3655 2238 3722 capio,

666 3762 788 3799 cum
819 3747 1032 3800 dolente
1058 3746 1392 3800 cobmresco.
1441 3745 1708 3800 i‘rzeterea
1745 3760 1910 3799 caveo
1959 3761 2026 3797 ne
2073 3747 2241 3799 offen-

665 3837 914 3892 sionibus
947 3837 1187 3903 acceptis
1231 3836 1549 3904 imprudens
1598 3845 1741 3900 ruat,
1768 3844 1821 3888 et
1854 3835 1986 3888 mihi
2013 3851 2234 3890 causam

665 3944 857 3983 carum
887 3943 1069 3982 rerum
1103 3941 1240 3996 quas
1274 3930 1448 3996 ipsum
1493 3927 1846 3980 attentavcrit
1868 3967 1880 3990 ,
1912 3937 2006 3979 aut
2042 3926 2239 3979 vinctis
2266 3931 2282 3949 "

666 4018 970 4074 custodiam
1003 4018 1431 4086 perfodientibus
1453 4033 1516 4070 ac
1554 4017 1899 4071 elabentibus
1924 4025 2018 4069 aut
2049 4031 2239 4071 servos

670 4111 1150 4178 eorrumpentibus
1189 4096 1643 4176 inquisitionibus
1676 4118 1730 4163 et
1763 4109 2050 4163 tormentis
2081 4112 2241 4162 vehe-

671 4201 1055 4267 mentioribus,
1103 4201 1387 4254 attribuat.
1441 4201 1722 4264 Quantum
1775 4201 1919 4252 enim
1967 4201 2141 4252 audax
2187 4209 2240 4254 et

667 4300 1016 4350 lenierat-ium
1059 4307 1144 4348 est
1166 4337 1179 4360 ,
1212 4295 1433 4361 quando
1464 4295 1672 4347 biotius
1708 4294 1948 4347 nutritur
1974 4334 1988 4358 ,
2027 4304 2236 4347 tantum

666 4391 734 4441 ab
764 4403 1006 4442 terunma
1026 4389 1268 4457 qualibet
1292 4397 1614 4441 occurrente
1641 4396 1915 4448 vexatum,
1942 4389 2240 4440 commori-

2347 3291 2414 3344 ad
2480 3296 2740 3362 puerilem
2819 3300 3096 3366 regredior
3153 3312 3390 3357 :etatem.
3456 3305 3701 3363 Tametsi
3768 3317 3931 3369 estin:

2347 3389 2830 3455 tetriperationibiis
2850 3390 3092 3446 adversis
3123 3390 3299 3447 a'll'ecti
3329 3407 3456 3450 sunt
3487 3407 3541 3452 et
3564 3402 3719 3467 pueri
3747 3413 3808 3457 et
3837 3407 3938 3459 de-

2346 3478 2532 3545 crepiti
2561 3494 2741 3538 senes,
2769 3483 2912 3548 quod
2943 3482 3014 3534 illi
3051 3484 3257 3538 humidi
3285 3487 3394 3540 sint
3416 3497 3469 3541 et
3500 3490 3683 3554 calidi,
3715 3492 3769 3546 hi
3792 3498 3935 3552 sicci

2344 3577 2398 3621 et
2433 3569 2636 3637 frigidi,
2673 3582 2906 3639 utraque
2937 3583 3114 3628 tamen
3160 3586 3294 3631 a-tas
3341 3581 3624 3648 sapientiae
3658 3601 3826 3643 usum
3866 3607 3934 3646 ac

2345 3661 2645 3726 prudentia:
2699 3664 2827 3716 mihi
2871 3676 3064 3734 negat;
3120 3668 3403 3735 nimirum,
3435 3675 3656 3742 quando
3711 3683 3936 3747 puerile

2343 3761 2544 3815 corpus
2592 3749 2694 3802 sib
2727 3754 3050 3818 perhumido
3103 3757 3354 3825 sincipttc
3405 3763 3686 3816 cerebrum
3745 3781 3937 3835 gestat

2344 3855 2633 3906 aquosum,
2677 3852 2732 3894 ut
2765 3844 2896 3895 nihil
2931 3847 3237 3912 intelligens
3273 3849 3449 3905 infans
3483 3856 3634 3920 sapio
3660 3875 3674 3909 :
3699 3865 3935 3924 quando

2343 3947 2469 3984 vcta
2521 3935 2757 3987 calvaria
2795 3937 2950 3988 senio
2981 3939 3227 3993 eminens
3273 3953 3458 4003 paret.
3509 3945 3642 3998 nihil
3696 3949 3766 4002 ab
3821 3969 3926 4006 uva

2343 4039 2526 4093 passa,
2580 4035 2634 4078 ut
2669 4027 2736 4101 lin
2776 4029 3066 4094 proverbio
3107 4040 3213 4095 est,
3247 4033 3534 4100 absimilis,
3588 4052 3812 4091 rursum
3873 4059 3928 4093 ιιι

2345 4115 2527 4170 infans
2562 4118 3176 4187 reputor.-At]‘eetiones
3228 4123 3374 4201 enim
3421 4139 3826 4193 exsuperantes
3871 4147 3928 4187 et

2343 4223 2632 4276 corporum
2664 4217 2938 4274 naturam,
2976 4225 3077 4265 nec
3120 4210 3306 4266 minus
3342 4212 3444 4266 mei
3491 4224 3702 4282 partem
3744 4223 3922 4274 ratiu-

2345 4302 2620 4356 cinantem
2653 4300 2979 4356 labefactare
3024 4301 3376 4357 vehementer
3407 4317 3654 4374 possunt.
3703 4308 3923 4366 Omitto

2348 4394 2556 4462 reliqua
2586 4407 2873 4448 recensere
2908 4407 3028 4461 qua:
3065 4393 3166 4448 has
3193 4403 3399 4461 aetates,
3434 4397 3664 4464 primam
3713 4408 3767 4453 et
3817 4399 3921 4471 po-

666 4489 793 4544 tur;
829 4492 936 4530 non
979 4478 1142 4532 modo
1172 4478 1316 4532 enim
1363 4480 1555 4531 morbo
1599 4477 1877 4543 laborans,
1917 4477 2010 4531 sed
2043 4485 2100 4531 et
2139 4477 2236 4529 l'ri-
2269 4511 2313 4566 Β
2343 4494 2602 4540 strcmam
2661 4485 2786 4540 dico
2853 4499 3072 4553 sorores
3139 4500 3427 4562 germanas
3501 4502 3924 4558 consequuntur

664 4583 816 4635 gore,
877 4568 1098 4636 vigiliis,
1146 4567 1350 4630 esurio,
1398 4568 1601 4636 sitique
1649 4566 1940 4622 labasceus
2003 4581 2067 4620 ac
2107 4565 2238 4620 defi-

664 4664 815 4713 ciens
844 4657 996 4711 bumi
1026 4657 1386 4727 provolvitur,
1423 4659 1775 4726 concitatque
1827 4659 1894 4712 ad
1924 4658 2237 4711 misericor-

664 4752 810 4805 diam
846 4750 1056 4813 hostes,
1101 4748 1298 4802 nedum
1335 4763 1419 4802 me
1455 4749 1714 4802 nascendi
1745 4762 1811 4802 ac
1844 4748 2239 4811 viviscendi,ct

667 4842 914 4914 profecto
952 4839 1275 4898 renascendi
1324 4845 1491 4909 atque
1537 4840 1899 4896 revivisceudi
1933 4842 2136 4896 sociam
2183 4849 2238 4894 et

666 4935 1006 5006 participem.

831 5100 865 5124 ο
901 5119 912 5132 ,
1257 5117 1268 5128 .
1433 5117 1442 5127 .
1780 5117 1790 5128 .

734 5118 818 5175 Ile
842 5119 1141 5174 miseraml
1179 5118 1307 5188 quid
1334 5124 1511 5186 patiar
1548 5123 1645 5170 aut
1687 5114 1908 5182 faciam,
1957 5134 2080 5173 cum
2127 5131 2235 5173 tam

664 5210 1060 5274 multiplicibus
1096 5209 1258 5261 malis
1303 5208 1528 5268 praedito
1577 5209 1730 5261 socio
1767 5210 2052 5272 conjuncta
2080 5250 2094 5274 ,
2143 5213 2233 5266 iis-

668 5304 899 5371 demQue
949 5276 1188 5364 affecta4
1248 5317 1371 5354 cum
1429 5315 1536 5368 quo
1582 5315 1608 5349 a
1641 5301 1826 5366 pueris
1868 5302 1920 5352 iu
1981 5302 2230 5354 eumdem

667 5399 1024 5466 ignaralionis
1059 5398 1282 5450 fumium
1319 5395 1579 5462 depcllor,
1619 5405 1671 5445 et
1720 5409 1842 5445 cum
1885 5409 1992 5460 quo
2021 5393 2233 5459 juveni-

664 5492 790 5546 liter
839 5489 902 5543 ad
952 5489 1318 5551 contumelias
1369 5485 1676 5555 pt‘olabcnti
1726 5483 2041 5552 corripior?
2109 5501 2230 5538 cum

669 5584 848 5651 ipsum
895 5580 1154 5634 tnelttbris
1185 5580 1328 5648 viget
1362 5579 1502 5642 suis,
1543 5579 1799 5644 equidem
1844 5577 2061 5642 indigne
2104 5579 2237 5642 fero,

662 5686 900 5741 cumque
935 5685 1021 5724 me
1053 5673 1116 5722 ad
1141 5672 1377 5745 potanda
1409 5671 1650 5721 facinora
1679 5666 1856 5733 rapit;
1883 5684 2005 5719 cum
2045 5684 2247 5729 rursus

664 5762 921 5832 afﬂigitur
970 5765 1190 5825 misere,
1219 5760 1791 5825 reflexadistorqueor,
1823 5769 1876 5809 et
1903 5775 2240 5816 niansuesco.

2343 4586 2687 4632 excrementa
2723 4576 3018 4646 superflua,
3071 4576 3282 4630 calvam
3319 4576 3650 4644 depilatam;
3705 4585 3925 4638 accedit

2344 4670 2450 4722 huc
2480 4684 2540 4723 os
2588 4668 2895 4744 salivosum.
2915 4677 2972 4721 et
3013 4668 3355 4732 edentulum,
3396 4668 3688 4738 laerymosi
3721 4682 3776 4725 et
3815 4674 3919 4730 hu-

2345 4771 2551 4816 mentes
2578 4759 2744 4823 oculi,
2779 4774 2940 4812 nares
2964 4771 3217 4833 mucosa,
3243 4759 3405 4826 pedes
3421 4759 3619 4826 partim
3644 4765 3917 4828 nondum,

2343 4854 2539 4920 partim
2579 4867 2683 4902 non
2731 4848 2965 4916 amplius
3005 4847 3074 4902 ad
3128 4847 3542 4916 ingrediendum
3603 4848 3818 4906 habiles
3863 4864 3919 4910 et

2343 4945 2451 5014 apti
2482 4962 2496 4999 ;
2525 4941 2898 4996 membrorum
2931 4940 3057 4994 item
3112 4939 3345 4994 tremula
3399 4939 3797 5010 inconstantia,
3862 4958 3915 5002 et

2344 5038 2510 5090 totius
2537 5033 2786 5103 corporis
2808 5031 3212 5101 conquassatio.
3247 5030 3284 5086 S
3303 5030 3350 5084 δά
3377 5046 3664 5102 quousque
3680 5035 3923 5093 recitare

2345 5125 2616 5179 contendo
2647 5120 2895 5191 corporis
2928 5121 3111 5174 omnia
3163 5121 3339 5175 tristia
3367 5121 3508 5176 mala
3549 5113 3754 5191 quibits
3784 5127 3923 5183 aﬂ‘e.

2343 5226 2513 5278 ctum,
2535 5223 2630 5266 aut
2661 5227 2747 5266 me
2782 5212 2979 5266 misere
3011 5211 3079 5266 ad
3109 5211 3602 5267 condolescendum
3641 5215 3918 5283 attrahit,

2349 5301 2443 5359 aut
2484 5305 2737 5358 misrrius
2771 5304 2833 5356 ad
2868 5302 3250 5355 colitetandum
3283 5303 3554 5370 corripit?
3591 5302 3925 5371 lgimmul-

2350 5399 2417 5448 Iis
2454 5395 2854 5464 prauermissis,
2889 5409 2951 5445 ac
2989 5395 3307 5446 morborum
3349 5394 3694 5446 examinibus
3727 5410 3921 5461 μῖξιν-

2351 5489 2488 5550 uitis,
2539 5503 2568 5538 a
2617 5486 2836 5552 quibus,
2891 5484 3020 5536 dum
3053 5483 3286 5548 fovetur,
3333 5485 3493 5552 riget,
3535 5485 3768 5538 artubus
3805 5495 3920 5539 tor-

2349 5591 2566 5648 quetur,
2611 5588 2683 5641 et,
2720 5588 2774 5629 ut
2803 5578 2991 5644 paucis
3028 5577 3336 5638 absolvam,
3379 5579 3503 5628 dum
3538 5576 3678 5630 male
3729 5577 3918 5641 habet,

2350 5671 2712 5733 concrucior;
2756 5667 3080 5724 suinmatiin
3126 5667 3374 5735 colligam
3428 5667 3707 5721 infestiora
3767 5669 3918 5724 mala

2353 5763 2547 5830 quibus
2573 5761 2844 5813 immerito
2871 5756 3100 5811 allicior.
3150 5755 3218 5812 Ut
3257 5757 3588 5811 naturalibus
3627 5754 3917 5817 facultati-
