4104 6322
161 482 279 547 $73

1497 469 1956 546 ΡΒΟεΟΡοΡεΕ
1968 484 1985 543 l
1999 483 2081 547 [Ε.

3328 491 3442 557 974

167 600 272 653 bus
328 597 558 650 abusum
621 594 687 648 ad
739 594 987 655 vitiosam
1048 594 1355 649 satietatem
1404 604 1457 649 ct
1516 595 1748 651 delicias
1780 604 1824 658 Α
1858 601 2118 669 injuriam
2168 600 2363 670 patiar,
2414 605 2756 672 permittere.
2804 606 2860 658 Si
2896 605 3041 659 enim
3082 607 3437 673 evangelicus

167 689 353 749 fuerit,
385 685 752 743 demonstravi
779 702 793 738 :
830 696 994 751 utque
1024 685 1153 738 mihi
1186 686 1407 739 conanti
1434 686 1737 754 providere,

163 792 220 837 et
258 782 323 835 ad
356 778 693 833 moderatius
722 778 849 831 vita:
870 792 1041 845 genus
1066 792 1341 841 revocare,
1376 778 1638 833 restiterit
1687 788 1741 832 et

164 871 545 934 insurrexerit,
608 869 833 922 liberam
892 868 1106 920 vivendi
1158 869 1615 922 consuetudinem
1684 879 1741 921 ιιι

164 966 339 1033 legem
401 960 732 1015 immobilem
794 959 1174 1029 prattendens,
1233 970 1287 1013 et
1336 969 1394 1012 ιιι
1449 960 1743 1013 indomitus

162 1056 435 1124 quispiam
500 1052 729 1117 vitulus,
788 1038 984 1120 iugum
1037 1051 1322 1105 servitutis
1379 1050 1742 1120 ignominiose

161 1145 476 1213 despiciens
524 1152 577 1205 et
638 1142 899 1210 injuriam
944 1142 1184 1208 spirans,
1223 1150 1277 1195 et
1326 1141 1547 1195 taurino
1592 1155 1742 1194 more

160 1235 445 1289 saeviens:
503 1231 762 1300 quodque
807 1232 1072 1299 gravius,
1137 1238 1195 1283 ιιι
1242 1239 1453 1284 naturae
1506 1232 1639 1285 fixas
1689 1239 1740 1283 et

161 1335 344 1380 certas
386 1325 533 1393 leges
567 1324 867 1377 transiliat.
908 1306 1053 1375 Nam
1081 1338 1205 1376 cum
1236 1332 1500 1377 statutum
1553 1324 1643 1387 sit,
1684 1333 1743 1376 ut

161 1435 254 1473 me
278 1419 497 1478 ducem,
528 1432 651 1483 qua:
684 1414 913 1469 rationis
950 1430 1071 1469 sum
1093 1399 1404 1485 particeps,
1446 1425 1501 1467 et
1537 1416 1598 1467 ad
1636 1417 1741 1492 ἱιιιτ

161 1510 463 1578 perandum
499 1506 732 1561 habilior
755 1506 1020 1573 etaptior,
1051 1516 1333 1573 sequatur,
1357 1506 1531 1573 ipsum
1558 1506 1741 1573 potius

160 1604 434 1670 imperare
466 1598 599 1652 mihi
635 1599 938 1663 contendit,
994 1609 1050 1650 ut
1084 1599 1267 1661 velim,
1299 1599 1487 1660 nolim,
1530 1600 1594 1651 ad
1634 1612 1739 1650 una

160 1691 564 1761 suppeditanda
618 1689 919 1756 voluptatis
966 1688 1256 1742 efficientia
1310 1690 1633 1757 pertrahar,
1688 1700 1742 1741 et

159 1785 421 1839 indecore
449 1796 534 1835 me
568 1797 693 1835 eum
729 1797 794 1835 eo
817 1796 1027 1850 geram,
1065 1781 1231 1834 veluti
1267 1783 1504 1849 quadam
1535 1781 1738 1848 duplici

156 1878 270 1933 telo
301 1893 461 1930 manu
482 1887 715 1940 armata,
750 1875 1146 1929 violentissima
1175 1877 1524 1944 captivitate,
1557 1888 1611 1928 et
1640 1876 1739 1927 irr-

158 1983 388 2043 postnra
417 1971 551 2023 nihil
585 1986 691 2024 non
720 1970 991 2024 allicienle
1036 1961 1333 2038 per‘tracta.
1369 1968 1735 2021 Molestiarmn

154 2065 325 2117 etiam
366 2077 504 2131 quas
535 2061 773 2128 aspergit
808 2059 965 2123 mihi,
1023 2070 1137 2114 tum
1172 2060 1224 2112 in
1290 2057 1509 2127 puerili,
1536 2068 1645 2110 tum
1687 2056 1737 2107 in

155 2163 323 2207 aetate
353 2152 540 2215 senili,
589 2150 691 2205 etsi
751 2160 947 2204 natura
980 2150 1419 2218 incnlpabilium,
1457 2148 1735 2200 miseriam

158 2260 349 2300 tamen
405 2243 909 2313 multiplicantium,
962 2241 1283 2308 tragmdiam
1338 2239 1515 2295 obiter
1564 2240 1737 2305 attigi.

152 2338 330 2404 Quasi
365 2337 509 2391 enim
546 2352 652 2388 non
685 2333 995 2389 sufﬁcerent
1041 2333 1218 2409 astatis
1250 2333 1484 2400 vigentis
1507 2342 1580 2418 ,ἀι
1634 2332 1740 2383 [ρι’-

155 2429 432 2484 vescentis
464 2428 530 2482 ad
562 2442 648 2480 res
679 2425 1030 2494 turpissimas
1066 2424 1229 2488 mala,
1266 2427 1432 2476 etiam
1468 2438 1588 2489 qure
1612 2422 1737 2475 huic

159 2520 508 2589 interjacent,
567 2534 696 2572 suas
750 2532 971 2587 quoque
1012 2517 1352 2569 calamitates
1405 2515 1738 2579 hucconfe-

159 2624 313 2668 runt.
345 2612 408 2666 Et
430 2612 759 2667 omnibusin
794 2612 959 2666 rebus
993 2620 1229 2681 quantas
1258 2611 1583 2680 quotiesque
1604 2610 1735 2662 mihi

156 2704 592 2761 contumeliosas
630 2719 909 2758 aerumnas
948 2704 1051 2757 hoc
1083 2703 1203 2757 lene
1241 2717 1441 2771 corpus
1468 2700 1737 2762 infundat,

157 2795 353 2851 leviter
400 2795 623 2865 aperui.
659 2795 738 2850 Ne
807 2796 1039 2864 posthac
1080 2794 1243 2864 igitur
1288 2804 1399 2847 tant
1451 2793 1740 2847 inhoneste

157 2889 341 2956 imago
372 2886 465 2939 Dei
497 2873 587 2941 ab'
613 2886 717 2940 hac
752 2887 906 2959 lutea
958 2886 1189 2954 conjuge
1228 2892 1500 2953 turpetur,
1550 2894 1603 2938 et
1646 2886 1745 2938 do-

154 2981 307 3035 mina
352 2974 659 3047 mancipati
676 3025 685 3029 ,λ
710 2978 1072 3031 dominationi
1110 2976 1455 3046 subjiciatur,
1495 2986 1737 3031 vestrum

153 3080 245 3125 est
272 3078 328 3123 et
363 3069 658 3138 reliquum,
692 3069 931 3137 judices,
984 3068 1238 3139 sull'ragia
1283 3069 1451 3131 ferre,
1497 3069 1738 3137 injuria:-

152 3177 265 3231 que
325 3176 418 3217 reo
462 3176 679 3231 pinnam
735 3164 1096 3227 constituere,
1142 3176 1241 3218 nec
1272 3172 1331 3215 ut
1359 3176 1461 3230 ego
1510 3162 1739 3232 posthac

1742 3376 1809 3386 ...-

1849 697 2155 767 illejudex,
2190 713 2368 766 neque
2402 700 2567 753 Deum
2610 701 2932 766 formidans,
2972 718 3148 770 neque
3185 702 3436 754 homines

1848 790 2141 855 reveritus,
2211 793 2636 847 vindicationem
2711 810 3009 864 aggressus
3064 805 3178 856 est.
3228 802 3436 863 quanto

1850 882 2026 949 magis
2082 896 2178 935 vos
2212 882 2565 937 vindicabitis
2592 899 2701 946 nte,
2738 884 2831 952 qni
2866 891 2920 937 et
2957 884 3223 951 religione
3255 885 3430 937 sancti

1847 973 2002 1037 estis,
2045 982 2099 1026 et
2138 988 2317 1024 rerum
2358 974 2720 1026 humanarum
2770 975 3015 1041 providi?
3050 974 3184 1049 Nam
3230 976 3279 1027 ei
3320 990 3430 1026 nie—

1849 1066 1957 1118 rito
1994 1078 2061 1118 ne
2089 1077 2372 1134 parcatur,
2402 1067 2446 1118 si
2497 1064 2617 1133 ejus
2655 1076 2863 1119 natura:
2892 1068 3039 1136 quod
3087 1078 3171 1121 est
3222 1068 3433 1121 luctuo-

1845 1172 1968 1210 sum
1998 1165 2051 1210 ct
2086 1157 2402 1211 miserabile
2445 1166 2803 1211 coovertatur
2848 1160 2913 1211 ad
2950 1161 3375 1228 supplicandum
3415 1180 3429 1215 :

1846 1251 1940 1302 sed
1986 1250 2056 1301 ah
2110 1248 2230 1317 ejus
2262 1249 2531 1302 seditione
2560 1250 2968 1320 manifestaque
3019 1253 3306 1320 tyrannide
3336 1268 3431 1306 vos

1847 1342 2223 1406 abhorrentes,
2273 1356 2303 1394 a
2354 1343 2572 1397 duobus
2627 1344 2858 1397 alterum
2910 1345 3057 1411 jnstc
3116 1344 3430 1398 faciendum

1848 1434 2103 1488 statuatis
2139 1453 2151 1487 :
2183 1444 2284 1487 aut
2318 1442 2377 1499 nt
2426 1434 2557 1486 mihi
2618 1435 2777 1489 detur
2812 1437 2884 1490 ita
2922 1453 3043 1491 meo
3083 1438 3430 1493 tractandum

1808 1525 2100 1587 arbitrio,
2154 1526 2544 1594 torquendum,
2597 1525 2784 1596 ﬂagris
2834 1532 3188 1593 caedendum,
3251 1532 3433 1586 inedia

1846 1615 2254 1683 suﬂ'ocandum,
2287 1619 2431 1671 enini
2477 1628 2882 1674 tormentorum
2923 1639 3120 1690 genere
3175 1627 3433 1678 crucian-

1846 1708 1998 1769 dutn,
2043 1719 2101 1760 ut
2146 1724 2173 1759 a
2229 1724 2313 1762 me
2352 1719 2628 1777 gestorum
2687 1714 2827 1763 ratio
2890 1715 3037 1766 nulla
3085 1716 3429 1783 reposcatur,

1846 1799 2012 1850 etiam
2071 1799 2114 1852 si
2166 1799 2492 1853 mutilavcro
2553 1811 2606 1854 et
2662 1803 2885 1857 Omnino
2931 1803 3277 1858 confecero:
3334 1816 3432 1857 aut

1848 1890 2143 1955 apostolica
2179 1892 2551 1958 mmulatione,
2599 1882 2817 1947 satana:
2865 1897 3169 1960 communi,
3205 1898 3325 1949 diro
3378 1910 3433 1951 et

1847 1979 2064 2047 publico
2118 1982 2311 2034 tortori
2350 1984 2583 2037 tradam.
2642 1984 2886 2049 Quorum
2934 1987 3079 2039 enim
3138 2002 3264 2041 vasa
3304 1987 3431 2042 ferit:

1844 2081 2075 2123 terrente
2103 2072 2364 2135 incolenti,
2396 2083 2452 2125 ιιι
2480 2084 2565 2127 est
2598 2077 2649 2128 in
2684 2078 2908 2131 oraculo
2943 2078 3215 2149 tincolunt
3244 2090 3427 2133 autem

1843 2161 2350 2227 perturbationibus
2377 2165 2767 2231 incidentibus)
2792 2181 2984 2222 eorum
3012 2181 3065 2223 ct
3108 2184 3284 2239 ptenze
3318 2173 3431 2225 sint

1843 2254 2155 2305 mortalium
2197 2254 2593 2310 sutlocatrices.
2650 2258 2726 2311 Ita
2782 2256 3152 2326 verberatum,
3203 2262 3429 2317 demens

1846 2348 2081 2395 mentem
2121 2340 2262 2397 feret
2296 2360 2463 2413 seque
2502 2348 3049 2416 tandcm'agnoscet,
3080 2361 3127 2403 et
3177 2365 3207 2403 a
3266 2362 3427 2420 petu-

1846 2434 2016 2487 lantia
2039 2437 2301 2499 cessabit,
2333 2453 2397 2491 ex
2453 2456 2627 2509 eoque
2672 2444 2813 2509 quod
2864 2452 2981 2495 erat
3027 2454 3308 2500 armatura
3347 2446 3429 2498 inl-

1838 2522 2097 2591 justitiae,
2167 2527 2234 2579 ad
2295 2526 2525 2595 iustitia:
2580 2532 2929 2583 commodum
3000 2532 3424 2588 instrumentum

1842 2624 2217 2670 convertatur.
2254 2616 2443 2687 Itaque
2496 2621 2549 2673 in
2600 2631 2881 2688 posterum
2922 2622 3286 2677 seditionibus
3314 2639 3425 2678 non

1846 2708 2202 2775 agitabimur,
2232 2725 2335 2765 nec
2377 2711 2550 2764 altero
2583 2712 2819 2767 alterum
2863 2716 2995 2785 jugo
3028 2717 3297 2781 nitemur;
3334 2712 3428 2771 sed

1844 2800 2106 2855 concordi
2137 2804 2546 2870 conspiratione
2576 2813 2631 2858 et
2654 2820 2928 2862 consensu
2969 2808 3195 2877 junctas
3223 2824 3428 2879 operas

1848 2891 1901 2943 in
1930 2893 2092 2946 rebus
2140 2893 2384 2948 honestis
2418 2905 2470 2949 ct
2495 2898 2656 2951 seriis
2682 2899 3078 2957 collocabimus
3103 2942 3118 2967 ,
3151 2913 3205 2957 et
3238 2904 3428 2970 conju-

1844 2994 2087 3050 gatorem
2118 2993 2365 3039 nostrum
2408 2986 2677 3055 colemus,
2719 3004 2783 3044 ac
2818 2992 2979 3047 nobis
3015 2993 3151 3061 ipsis
3195 2996 3432 3063 promis—
3478 3013 3482 3017 ‘

1845 3090 1963 3128 Silm
2036 3076 2184 3129 illam
2244 3078 2686 3147 beatitudinem,
2748 3083 3214 3141 intercedentibus
3275 3089 3428 3142 vobis

1844 3166 2067 3219 arbitris
2089 3177 2143 3221 ct
2172 3167 2389 3235 legatis,
2421 3175 2790 3242 comparaturi
2824 3190 3041 3230 sumus.

319 3550 654 3613 ALTERA
696 3549 1279 3627 ‘DECLAMATIO
1313 3598 1328 3626 ,
1361 3551 1558 3628 ΩΙ]Δί
1582 3554 1703 3616 ET
1725 3554 1920 3616 [PSA
1969 3558 2142 3630 EST
2170 3560 2713 3629 ASSUMPTIVA
2744 3572 3259 3633 REFUTATIO.

1433 3748 1673 3824 Quibus
1704 3751 1909 3812 verbis
1957 3774 2190 3818 cornus

657 3905 885 3955 contra
915 3906 1177 3956 mentem
1215 3899 1279 3957 in
1304 3897 1550 3970 judicio
1581 3903 1957 3965 contendam
1986 3926 2199 3969 coram
2231 3909 2564 3987 judicibus
2597 3917 2694 3977 uti
2723 3923 2942 3993 possit.

229 4070 291 4126 In
326 4084 413 4125 me
435 4079 572 4138 quot
625 4069 900 4136 convicia,
929 4079 1073 4139 quot
1111 4072 1491 4134 contumelias,
1540 4084 1742 4143 quanta

153 4148 355 4222 cavilla
394 4172 658 4231 congesta
700 4162 861 4223 mens
901 4163 1003 4216 ista
1051 4163 1234 4231 gravis
1269 4161 1544 4228 eﬂ'uderit,
1579 4166 1740 4234 quasi

152 4252 484 4314 coincediam
514 4240 775 4325 agere‘tin
800 4254 1034 4315 theatro,
1070 4269 1176 4308 non
1199 4266 1487 4309 accusaret
1512 4257 1564 4309 in
1596 4258 1739 4323 foro,

154 4349 391 4406 audistis
431 4360 586 4413 sane,
619 4345 945 4401 divinissimi
975 4345 1235 4414 judices;
1284 4347 1461 4401 soluta
1499 4349 1645 4402 enim
1688 4358 1743 4403 et

156 4442 331 4519 libera
362 4440 570 4509 lingua,
606 4450 677 4493 ne
698 4431 828 4507 quid
860 4436 984 4507 plus
1007 4440 1261 4505 dlxerim,
1288 4439 1435 4509 large
1462 4439 1741 4510 etfuseque

156 4547 257 4587 usa
280 4541 386 4596 est,
414 4546 524 4591 non
552 4538 812 4600 tanquam
851 4532 1143 4595 conservo,
1171 4540 1287 4597 aut,
1321 4542 1380 4585 ut
1411 4532 1528 4602 ipsa
1559 4533 1738 4602 loqui-
1774 4533 1818 4588 υ
1848 4536 2094 4593 divinum
2150 4537 2370 4610 Isaiam,
2411 4564 2431 4596 ι
2472 4544 2686 4617 Venite,

156 4636 269 4690 tur,
320 4621 612 4693 conjugato
674 4636 928 4691 parcens,
990 4626 1084 4677 sed
1141 4630 1203 4677 ut
1285 4624 1338 4677 in
1400 4626 1732 4693 mancipium

156 4727 388 4788 argento
412 4704 755 4783 redemptum
778 4712 1063 4780 invehens,
1080 4723 1135 4770 et
1160 4723 1369 4769 tantum
1397 4730 1506 4769 non
1528 4731 1739 4786 pugnos

157 4810 387 4863 crebros
445 4806 775 4877 impingens.
842 4803 956 4875 Ego
1012 4821 1139 4859 vero
1201 4815 1494 4876 postquam
1562 4818 1739 4863 vestra

162 4899 296 4953 mihi
351 4898 584 4966 aequitas
632 4896 843 4951 dicendi
890 4896 1068 4950 locum
1105 4897 1215 4962 dat,
1251 4898 1388 4953 nihil
1438 4916 1559 4955 sum
1604 4900 1739 4957 levis

160 4989 423 5044 momenti
446 4987 691 5042 vitiosive
708 4986 1014 5055 dicturum;
1040 4988 1180 5044 bona
1202 4989 1346 5043 enim
1371 4996 1535 5046 verba
1557 4993 1741 5047 dican-

160 5088 253 5133 tur
286 5092 507 5133 necesse
549 5086 654 5143 est,
695 5079 789 5132 sed
839 5093 962 5149 quae
988 5079 1220 5135 crimina
1260 5081 1551 5138 intentavit
1580 5084 1737 5148 mihi,

158 5188 224 5228 ea
251 5180 310 5224 ut
334 5179 527 5239 potero
563 5166 1162 5238 dissolvereconabor,
1193 5174 1364 5230 semel
1416 5185 1602 5231 autem
1636 5177 1740 5233 hoc

161 5252 567 5333 temporeinihi
597 5277 865 5319 cencessa
902 5278 968 5319 ex
998 5278 1158 5333 teque
1187 5264 1405 5322 dicendi
1452 5264 1735 5335 facultate,

158 5371 259 5422 vos
288 5355 460 5429 orabo
483 5353 925 5425 obtestaborque,
954 5364 1016 5410 ut
1035 5370 1211 5412 meam
1231 5356 1507 5411 dominam
1531 5357 1738 5415 interea

161 5447 444 5515 initigctis,
482 5446 751 5515 siquidem
800 5445 1022 5516 indigna
1065 5460 1125 5502 se
1157 5446 1267 5515 pati
1299 5460 1551 5513 censeris,
1597 5448 1737 5506 irata

162 5552 339 5591 meam
363 5537 515 5592 audit
564 5538 889 5601 orationem,
928 5539 1089 5608 idque
1143 5537 1303 5592 aliam
1347 5541 1734 5595 contumeliam

159 5631 583 5697 interpretatur,
614 5633 757 5698 quod
787 5629 943 5681 initio
965 5632 1067 5683 sim
1101 5643 1296 5683 ausum
1321 5632 1732 5687 contradicere:

161 5732 333 5785 mque
354 5718 508 5769 vobis
530 5717 711 5770 veniat
731 5718 782 5769 in
810 5728 1047 5771 mentem
1073 5718 1536 5788 quemadmodum
1559 5738 1735 5792 neque

157 5810 260 5865 Job
315 5808 405 5861 ille
464 5808 683 5863 divinus
708 5822 933 5864 suorum
978 5812 1149 5879 ipsius
1194 5811 1524 5865 famulorum
1576 5813 1645 5866 de
1677 5830 1736 5868 se

1838 4076 2113 4144 judicium
2140 4082 2527 4151 vilipendebat,
2568 4097 2627 4140 ut
2666 4092 2867 4145 alicubi
2926 4096 3041 4163 ipse
3072 4100 3275 4168 inquit;
3329 4124 3427 4163 nec

1842 4169 2090 4236 profecto
2124 4175 2386 4227 mentitur
2409 4192 2434 4239 ;-
2462 4193 2583 4229 nam
2627 4194 2824 4247 praeter
2856 4184 2959 4237 alia
2999 4187 3137 4243 bona
3179 4206 3231 4247 et
3262 4201 3428 4253 hont>

1842 4267 1948 4326 sta,
2002 4262 2167 4315 etiam
2224 4264 2463 4320 hominis
2496 4273 2707 4327 veracis
2762 4280 3138 4334 testimonium
3192 4293 3426 4359 accepit.

1842 4348 2033 4421 Neque
2053 4363 2204 4409 certe
2233 4355 2377 4412 Deus
2407 4358 2474 4412 ab
2510 4359 2628 4429 ipso
2659 4362 2845 4420 Jolrin
2890 4368 3149 4427 iudiciuin
3174 4348 3423 4445 vocat-us,

1958 4447 2387 4543 conviciatorem
2430 4456 2803 4523 reprehendit.
2847 4465 3089 4528 Quidni?
3132 4472 3222 4537 qui
3281 4477 3425 4543 apud

2720 4552 2916 4622 inquit,
2946 4570 3002 4612 et
3053 4560 3425 4632 disceptcmus

1844 4636 1971 4683 cum
2025 4631 2159 4687 viris
2210 4633 2695 4708 delinquentibus;
2740 4662 2759 4696 ι
2830 4660 2884 4701 et
2957 4654 3098 4721 apud
3154 4631 3423 4723 magnum

1850 4720 2103 4777 Davidem
2152 4724 2429 4781 inducitur
2486 4730 2845 4801 justifieatus,
2914 4720 3424 4805 etrvincensﬁcum

1841 4809 2349 4907 iudicatur._lgitur
2379 4826 2433 4874 et
2468 4820 2583 4875 haec
2614 4839 2737 4891 qua:
2772 4826 2861 4883 Dei
2897 4816 3061 4886 refert
3108 4837 3423 4907 imaginem,

1844 4903 2108 4999 eaemplis
2141 4904 2443 4964 bonitatem
2476 4911 2624 4967 illam
2676 4916 2941 4985 imitetur,
2968 4934 3023 4977 et
3051 4903 3250 4996 magno
3283 4903 3428 4999 pra};

1845 4992 1957 5091 dita
1982 4995 2173 5052 animo
2206 5000 2475 5067 patienter
2498 5003 2639 5060 hanc
2663 5007 2778 5063 sive
2802 4992 3199 5075 judicationem
3240 4992 3429 5091 appel-

1843 5082 1985 5153 lare,
2019 5087 2137 5176 sive
2165 5089 2331 5156 etiam
2372 5091 2803 5164 disputationem
2832 5112 3071 5170 oportet,
3128 5082 3423 5176 sustineat,

1843 5171 2163 5251 eisdemque
2195 5182 2508 5242 rationibus
2536 5190 2706 5243 animi
2746 5193 2951 5261 quibus
3001 5198 3114 5261 ille,
3151 5171 3426 5260 fouitttdi;

1846 5268 1935 5335 nis
1964 5268 2320 5329 adamantina
2349 5290 2627 5349 aureaque
2655 5292 2857 5349 statua,
2910 5272 3209 5347 familiares
3238 5308 3426 5352 contra

1846 5372 1910 5413 se
1937 5357 2079 5429 juris
2108 5362 2353 5420 actiones
2388 5364 2626 5424 ferebat.
2680 5370 2974 5441 Utrumne,
3011 5381 3205 5439 aiebat
3235 5386 3427 5444 beatus

1848 5449 1986 5550 ille,-
2016 5465 2156 5550 non:
2178 5456 2323 5511 sicut
2377 5469 2433 5550 et
2477 5474 2576 5531 ego
2622 5463 2677 5517 in
2729 5475 2885 5522 utero
2931 5468 3035 5538 fui,
3076 5474 3149 5528 illi
3207 5493 3429 5550 quoque

1848 5539 2089 5640 fuerinti
2120 5544 2275 5610 Quod
2309 5548 2356 5604 st
2379 5548 2524 5605 forte
2548 5555 2771 5621 perinde
2799 5560 3113 5618 ratiocinari
3138 5539 3430 5640 ilicereqite

1841 5648 1906 5688 ac
1938 5634 2027 5689 ille
2056 5634 2241 5704 justus
2268 5636 2392 5706 Job,
2427 5656 2661 5707 recuset,
2696 5661 2753 5702 ut
2783 5666 2885 5720 ego
2909 5656 3096 5708 saltent
3125 5660 3239 5713 vice
3269 5634 3425 5719 versa

1845 5723 2046 5789 dicam,
2077 5729 2385 5795 concedite,
2434 5749 2749 5805 quanquam
2784 5742 3129 5803 dissimiliter
3176 5753 3372 5808 similia
3404 5772 3423 5811 :

1842 5831 1950 5879 qua
2006 5819 2115 5874 illic
2146 5822 2315 5876 herus
2349 5837 2477 5889 erga
2517 5828 2756 5886 tantulus
2784 5837 3040 5904 aequabili
3091 5842 3279 5897 animo
3310 5853 3429 5901 ute-
