4104 6322
664 391 777 455 Ώτδ

1899 379 2286 445 tiiiEGORII
2319 380 2638 441 ΡΑΙΛΜᾹΞ

3820 375 3924 440 976

667 498 984 566 batur;hic
1037 512 1164 570 erga
1223 496 1498 552 dominatu
1567 512 1666 567 ego
1720 509 1936 549 servum
1999 493 2618 561 libertateApartit-eps
2686 490 2930 560 ejusdem
2998 488 3285 560 dignitatis
3317 502 3441 543 eum
3505 498 3685 544 mente
3751 489 3922 544 conii-

669 597 817 642 utor.
883 587 1136 656 Nunquid
1178 602 1284 640 non
1319 595 1373 640 ct
1425 586 1538 654 ipsa
1585 600 1746 637 mantt
1799 584 1888 636 Dei
1921 592 2104 634 creata
2137 587 2238 640 est,

668 689 729 731 tit
764 696 865 747 ego
895 678 1117 733 fictum?
1151 694 1256 731 non
1291 680 1432 731 enim
1475 693 1534 732 se
1590 676 1680 730 Dei
1737 683 2043 729 creaturam
2088 686 2242 739 nega-

669 775 769 837 bit,
808 771 1016 824 tametsi
1055 769 1309 825 fortassis
1360 769 1693 844 figurentum,
1725 779 1780 820 ut
1814 782 1935 835 qua:
1973 765 2152 818 divina
2174 764 2242 817 sit

669 863 962 931 inspiratio
998 875 1013 917 :
1046 877 1218 930 neque
1254 860 1392 914 male
1422 859 1631 914 feriatis
1668 859 1979 912 hominibus
2014 857 2240 922 decepta

671 955 1016 1024 perSuadebit
1044 969 1306 1020 unquam,
1353 957 1496 1020 quod
1530 953 1782 1005 essentia:
1823 950 2018 1003 divinae
2071 944 2241 1000 deﬂu-

670 1051 816 1099 vitttn
865 1048 956 1107 sit.
1019 1047 1110 1115 qtti
1175 1045 1390 1114 quidetn
1449 1054 1712 1113 quantum
1771 1039 2135 1110 magnifacere
2189 1046 2242 1091 ct

669 1140 929 1194 extollere
957 1139 1447 1199 Studuerunteam,
1483 1136 1726 1204 ejusdem
1760 1150 1882 1187 cum
1921 1133 2032 1187 Deo
2074 1140 2233 1208 natu-

669 1244 740 1286 ra:
791 1231 1133 1293 definientes,
1179 1239 1382 1282 tantum
1458 1227 1826 1294 imprudentes
1846 1225 2090 1279 eamdem
2112 1239 2243 1277 con-

668 1321 824 1375 viciis
856 1320 1180 1382 afieceruut,
1218 1318 1280 1370 ad
1313 1318 1536 1380 hcstias,
1575 1317 1800 1368 frutice;
1833 1327 1884 1368 et
1921 1329 2239 1369 cucumeres

667 1409 1061 1477 deprimentes,
1096 1422 1195 1461 nec
1224 1408 1272 1460 ei
1331 1408 1509 1459 solum
1579 1405 1932 1458 immodicum
1977 1404 2237 1456 honorem

669 1516 722 1557 et
754 1504 1059 1566 infamiam,
1102 1503 1194 1556 sed
1242 1511 1296 1555 et
1347 1515 1618 1568 supremrc
1672 1499 1744 1551 illi
1799 1509 2005 1552 natura:
2053 1509 2243 1549 contu-

670 1597 864 1649 melias
902 1596 1298 1662 intorquentes.
1336 1592 1466 1645 Nam
1539 1605 1660 1644 cum
1696 1589 2070 1643 constituisset
2102 1585 2241 1640 Deus

672 1689 948 1741 hominem
982 1687 1231 1753 cfiingerc
1253 1687 1336 1754 (ad
1367 1685 1582 1736 initium
1610 1683 1753 1736 enim
1792 1679 2070 1748 proprium
2105 1677 2236 1729 mihi

672 1779 980 1833 revocanda
1017 1789 1100 1831 est
1133 1778 1360 1841 oratio),
1405 1791 1510 1828 non
1539 1784 1716 1830 terrm,
1749 1787 1852 1824 non
1875 1771 2032 1838 aquis
2054 1769 2238 1837 jussit,

672 1884 728 1924 nt
762 1872 904 1923 hunc
947 1883 1163 1939 quoque
1194 1868 1339 1921 sicut
1389 1877 1442 1918 ct
1493 1865 1596 1918 alia
1651 1863 2007 1917 animantium
2045 1876 2240 1930 genera

673 1963 1058 2030 producerent,
1086 1959 1178 2011 sed
1202 1964 1423 2020 accepto
1447 1956 1668 2023 pulvere
1699 1956 1812 2021 ipse
1839 1951 2201 2004 conformavit
2229 1970 2240 2004 :

671 2066 722 2106 ut
749 2050 1192 2106 utconformatio
1226 2046 1462 2100 divinior
1508 2055 1608 2108 est,
1661 2045 1733 2096 ita
1770 2055 1822 2096 et
1873 2057 1990 2094 inea
2033 2041 2245 2110 species

667 2143 968 2212 antiquior,
1003 2157 1108 2195 non
1139 2139 1284 2193 enim
1320 2136 1727 2208 quadrupedem
1753 2145 1805 2187 et
1834 2147 2060 2201 pronam
2095 2131 2242 2194 fecit,

670 2250 779 2287 non
812 2233 938 2285 alvo
965 2232 1252 2301 capiteque
1303 2229 1356 2282 in
1407 2238 1606 2282 terram
1652 2235 1965 2294 protensatn
2021 2232 2073 2276 et
2121 2239 2247 2292 pro-

670 2334 894 2380 stratant
929 2326 1167 2391 semper,
1209 2325 1300 2374 sed
1343 2328 1549 2374 rectam
1597 2326 1653 2371 et
1703 2327 1873 2370 totam
1931 2315 2241 2380 sublimem,

669 2416 853 2485 parvis
903 2414 1122 2482 quidem
1163 2412 1340 2478 iisque
1399 2411 1615 2464 duobus
1658 2408 1963 2477 plantarum
2003 2407 2245 2474 vestigiis

669 2519 872 2561 terram
922 2505 1116 2558 leniter
1171 2503 1554 2568 attingcntetn,
1619 2514 1838 2551 sursum
1876 2507 2052 2550 autem
2085 2506 2246 2565 caput

642 2600 1225 2658 ‘attoilentem,aerent
1253 2594 1527 2660 puriorem
1569 2591 1890 2659 respirando
1914 2598 2244 2656 carpentem,

670 2701 727 2743 et
782 2689 1036 2742 caelestes
1105 2684 1544 2754 pulchritudines
1600 2680 2056 2745 contemplantem
2119 2695 2133 2730 :
2184 2694 2248 2731 ac

671 2783 872 2835 nativis
903 2781 1120 2848 quidem
1159 2777 1362 2829 nudatn
1418 2774 1778 2835 indumentis,
1807 2782 1859 2825 et
1890 2773 1953 2824 ad
1988 2787 2046 2825 se
2079 2782 2242 2825 tuen-

671 2875 795 2926 dam
834 2871 1102 2941 praesidiis
1140 2869 1426 2925 inermem,
1488 2865 1742 2918 manibus
1801 2873 1977 2916 tamen
2007 2877 2248 2915 commu-

671 2963 864 3024 nitam,
901 2961 1124 3030 proprio
1156 2958 1322 3011 animi
1377 2955 1604 3009 rationis
1657 2955 1960 3024 participis,
2000 2965 2054 3006 et
2086 2955 2246 3006 indu-

673 3054 811 3108 strio
867 3062 920 3105 et
973 3061 1196 3104 versuto
1225 3048 1547 3104 exercendis
1575 3047 1786 3100 artibus
1829 3047 2192 3100 instrumento
2229 3063 2242 3095 :

2344 581 2541 644 ciente,
2575 579 2830 646 imaginis
2859 581 3130 650 exemplo,
3159 589 3213 633 et
3244 580 3596 632 honestarum
3633 579 3924 633 actionum

2345 673 2610 742 adjuvans
2649 688 2813 726 causa
2846 687 2988 726 sum.
3017 670 3214 725 Nixum
3242 672 3387 725 enim
3411 670 3726 738 fretumque
3762 682 3927 723 natu-

2345 779 2417 817 rae
2446 764 2683 818 hominis
2711 765 2920 818 ratione
2951 773 3117 832 atque
3141 763 3530 830 descriptione,
3556 761 3926 818 confirmave-

2345 857 2468 920 rim,
2509 873 2616 911 non
2655 867 2886 911 mentem
2913 856 3083 911 solam
3118 871 3298 924 neque
3336 869 3536 923 corpus
3592 853 3780 908 solum
3837 855 3926 906 ho-

2345 948 2543 1002 minem
2592 948 2721 1013 dici,
2768 949 2861 1001 sed
2903 957 3192 1015 utrumque
3250 945 3446 1007 simul,
3484 961 3646 1014 quem
3691 945 3762 997 ad
3796 945 3926 995 ima-

2343 1041 2516 1105 ginem
2552 1053 2704 1093 suam
2729 1038 2923 1093 fecisse
2957 1039 3098 1093 Deus
3125 1037 3346 1091 dicitur.
3383 1035 3681 1098 Nimirum,
3733 1052 3928 1104 quem-

2343 1130 2631 1184 admodum
2697 1146 2821 1184 cum
2890 1130 3108 1184 homine
3185 1128 3554 1191 communico,
3617 1128 3694 1181 ita
3762 1139 3815 1181 et
3868 1130 3929 1181 ah

2345 1221 2578 1275 lunuana
2643 1220 2905 1290 dignitate
2967 1220 3253 1289 participe.
3315 1220 3382 1270 At
3437 1219 3542 1271 tale
3605 1233 3740 1270 cum
3804 1222 3929 1280 sim,

2343 1328 2429 1366 me
2465 1323 2644 1366 tamen
2672 1314 2874 1382 optima
2905 1328 3055 1366 meus
3090 1327 3120 1364 e
3151 1310 3398 1378 catalogo
3431 1320 3593 1362 tanta:
3624 1311 3930 1363 nobilitatis

2346 1404 2624 1472 expungit.
2651 1414 2707 1457 et
2739 1405 2898 1456 veluti
2929 1407 3174 1472 spurium
3208 1403 3442 1462 abdicat,
3478 1417 3561 1454 me
3590 1417 3843 1462 servum,
3879 1418 3931 1454 se

2343 1497 2579 1551 divinam
2612 1496 3041 1563 inspirationetn.
3074 1495 3316 1562 reginam
3347 1504 3400 1547 ct
3431 1509 3608 1546 meam
3639 1494 3925 1546 dominam

2344 1590 2645 1654 appellans.
2680 1587 2755 1638 Ac
2791 1588 3084 1653 potuissem
3117 1586 3370 1654 equidem
3406 1586 3698 1653 operosius
3733 1594 3788 1638 ei
3819 1587 3930 1637 elli-

2343 1679 2526 1730 cacius
2558 1678 2703 1730 hunc
2735 1687 2964 1730 tractare
2992 1676 3191 1739 locum,
3221 1676 3559 1743 suadereque
3594 1693 3662 1729 ne
3695 1678 3932 1745 amplius

2345 1758 2560 1821 servum
2599 1778 2814 1822 vocaret
2851 1783 2935 1821 me
2970 1781 3293 1821 conservum
3329 1776 3381 1821 et
3417 1766 3634 1835 imperii
3671 1783 3929 1829 conSors,

2344 1860 2668 1929 virtutisque
2715 1860 2984 1926 particeps
3024 1871 3077 1912 et
3123 1859 3246 1912 vita:
3292 1869 3404 1912 tum
3455 1862 3777 1928 praesentis,
3821 1873 3931 1913 tum

2346 1964 2602 2020 Speratae:
2636 1952 2904 2006 snflieiaut
2939 1964 3116 2006 tamen
3158 1968 3279 2022 qua!
3310 1954 3420 2006 dixi
3478 1955 3752 2007 hactenus
3792 1959 3932 2024 apud

2347 2059 2464 2104 vos,
2501 2043 2697 2110 quibus
2747 2045 2812 2097 ad
2851 2044 3096 2098 obeunda
3144 2045 3445 2099 certamina
3495 2047 3613 2099 haec
3660 2063 3929 2117 generosa

2347 2150 2573 2205 c0rp9ra
2607 2139 2851 2205 exposita
2896 2147 3047 2203 sunt,
3089 2145 3148 2191 ut
3181 2153 3248 2190 ne
3289 2138 3415 2190 dum
3468 2139 3519 2190 in
3576 2140 3682 2192 hoc
3732 2146 3933 2193 sa-culo

2349 2199 2686 2294 spiriialibus
2728 2228 2905 2289 donis,
2946 2238 3002 2280 ttt
3030 2229 3175 2282 Socia
3223 2236 3275 2279 et
3324 2231 3599 2284 consortia
3653 2230 3929 2295 laborum,

2349 2315 2620 2380 fruantur,
2645 2332 2831 2371 verum
2863 2320 3023 2371 etiam
3060 2320 3112 2370 in
3146 2329 3454 2388 eXSpr-ctata
3489 2324 3930 2390 regeneratinnr,

2349 2412 2510 2464 simul
2541 2428 2662 2464 cum
2703 2413 2873 2466 beatis
2906 2414 3021 2466 suis
3057 2413 3338 2482 spiritibus
3379 2426 3628 2483 regnent,
3667 2426 3723 2469 et
3761 2426 3820 2468 ut
3854 2418 3929 2469 sol

2350 2499 2673 2553 colluceant.
2703 2499 2966 2570 Cancrum
3003 2516 3110 2554 non
3145 2501 3435 2555 admodum
3470 2504 3570 2555 hac
3608 2504 3678 2556 de
3718 2520 3776 2556 re
3805 2520 3930 2556 con-

2352 2593 2589 2645 tendatn.
2624 2591 2870 2659 Appellet
2906 2593 3096 2646 ut‘sibi
3137 2592 3215 2646 fas
3252 2594 3424 2645 visum
3459 2594 3653 2659 fuerit;
3691 2599 3930 2664 potentia

2350 2684 2694 2749 referciatur,
2726 2699 2826 2736 suo
2858 2684 3074 2753 quidvis
3098 2685 3323 2740 arbitrio
3356 2685 3512 2752 ferat,
3546 2699 3709 2755 agat;
3746 2703 3933 2742 utatur

2350 2792 2434 2830 me
2482 2776 2939 2845 quemadmodum
3001 2776 3169 2840 volet,
3219 2778 3480 2830 duntaxat
3524 2795 3588 2830 ue
3628 2780 3765 2833 vitio
3801 2780 3929 2832 mihi

2351 2877 2523 2932 vertat
2572 2867 2816 2943 innoxia,
2869 2882 3044 2936 neque
3100 2883 3184 2922 me
3245 2869 3401 2937 culpa
3462 2884 3666 2925 vacans
3726 2873 3928 2941 culpet.

2352 2961 2592 3013 Audistis
2633 2959 2777 3012 enim
2814 2959 3012 3027 quibus
3051 2961 3116 3012 de
3166 2960 3326 3012 rebus
3368 2972 3588 3013 accuset
3628 2978 3736 3023 me,
3783 2967 3929 3028 quod

2352 3053 2441 3116 ali,
2487 3053 2629 3121 quod
2679 3053 2846 3104 indui.
2876 3052 3030 3103 velim
3083 3052 3315 3105 animale
3364 3069 3590 3107 manens
3630 3058 3832 3114 adhuc,
3883 3070 3932 3109 et

673 3160 905 3212 quarum
948 3157 1107 3210 opera
1147 3140 1318 3193 tutius
1371 3140 1617 3191 tntluuur
1657 3143 1852 3191 contra
1902 3138 2246 3192 incommoda
2275 3148 2317 3204 C
2352 3144 2478 3197 dum
2511 3146 2577 3196 ab
2608 3143 2934 3196 animalibus
2962 3142 3310 3196 facultatibus
3354 3145 3654 3211 guheruor,
3699 3147 3933 3200 uer-dum

673 3235 878 3295 omnia,
912 3249 1074 3303 quam
1115 3232 1366 3300 laniger-.1:
1402 3239 1455 3282 et
1487 3229 1664 3295 longis
1708 3228 1832 3296 pilis
1873 3228 2094 3281 munitae
2127 3229 2248 3281 ani-

675 3334 930 3388 mantes;
971 3322 1304 3389 rectiusque.
1343 3334 1504 3387 quam
1536 3327 1800 3386 quthuot
1832 3329 1921 3370 aut
1961 3319 2126 3371 coriis
2157 3327 2250 3371 aut

671 3416 922 3484 squamis
960 3413 1158 3466 nativis
1203 3413 1592 3474 obducuntur;
1627 3419 1681 3460 et
1735 3409 2038 3476 pulchrius,
2083 3423 2252 3477 quam

675 3509 815 3560 bene
841 3504 997 3557 alata:
1033 3518 1193 3566 aves;
1249 3510 1462 3555 armata
1493 3509 1576 3553 est
1621 3509 1802 3553 autem
1836 3499 2071 3552 validius
2099 3499 2162 3552 ad
2193 3514 2250 3552 se

675 3596 1097 3660 defendendam,
1149 3591 1579 3662 prepugnaculis
1634 3606 1793 3643 manu
1857 3590 2033 3652 factis,
2086 3605 2248 3658 quam

676 3704 752 3742 eae
793 3689 861 3741 iis
897 3702 1017 3754 qum
1055 3686 1133 3738 vel
1171 3686 1392 3751 ungulis
1429 3683 1511 3737 νυι
1546 3683 1808 3735 cornibus
1844 3689 2130 3750 pugnant,
2159 3691 2247 3734 aut

667 3779 934 3833 dentibus
963 3786 1018 3829 et
1051 3777 1346 3843 unguibus.
1381 3775 1458 3827 ita
1493 3788 1622 3826 vero
1649 3773 1780 3825 mihi
1805 3773 2049 3826 studiose.
2080 3771 2252 3825 artiﬁ-

677 3871 936 3940 cioseque
959 3869 1215 3930 formato,
1246 3865 1391 3920 Deus
1422 3865 1546 3918 vitae
1575 3864 1906 3933 spiraculum
1944 3857 2260 3931 ittspiravit,"

678 3972 730 4016 et
764 3963 812 4015 id
851 3978 915 4016 ex
950 3959 1222 4014 ambobus
1260 3967 1652 4025 temperatum,
1697 3956 1971 4009 hominem
2011 3967 2063 4009 et
2097 3968 2249 4009 suam

680 4053 976 4122 imaginem
1010 4049 1336 4111 nominavit,
1370 4057 1422 4102 et
1460 4056 1517 4101 ut
1548 4047 1914 4115 pedestribus.
1941 4047 2252 4101 natatilibus

677 4154 731 4198 et
790 4143 1102 4196 volatilibus
1155 4141 1480 4208 imperaret,
1539 4137 1814 4206 praecepit,
1876 4148 1928 4190 et
1981 4152 2079 4205 ego
2135 4137 2253 4190 sine

683 4242 865 4288 mente
901 4232 1182 4302 quidpiam
1217 4245 1375 4298 agere
1407 4229 1712 4296 nequirem,
1746 4239 1805 4281 ut
1835 4242 1934 4280 nec
1966 4241 2117 4281 mens
2137 4227 2255 4280 sine

683 4343 789 4380 me.
824 4325 1020 4378 Statim
1063 4324 1206 4376 enim
1245 4336 1367 4390 quae
1398 4321 1669 4390 prtecipua
1699 4330 1782 4374 est
1813 4317 2068 4388 imaginis
2104 4329 2252 4383 nota,

682 4417 736 4469 itt
779 4413 1402 4480 animantesimperium
1445 4426 1736 4474 exercere,
1779 4410 2055 4478 quomodo
2091 4424 2248 4462 mens

682 4521 909 4575 corpore
944 4505 1226 4566 destituta,
1260 4513 1351 4555 aut
1386 4503 1542 4555 initio
1573 4512 1718 4556 recte
1755 4501 1950 4570 potuit,
1973 4510 2068 4552 aut
2101 4500 2153 4553 in
2187 4515 2250 4554 eo
2285 4476 2329 4532 θ

683 4609 869 4668 postea
894 4596 1294 4666 perseveravit?
1319 4611 1423 4663 qua
1465 4594 1674 4647 ratione
1705 4607 2038 4647 eonsceusus
2062 4592 2252 4646 fuisset

682 4706 880 4758 equus,
915 4688 1017 4740 nisi
1061 4701 1197 4739 mea:
1246 4700 1438 4737 manus
1491 4683 1642 4737 frena
1693 4682 2098 4735 fabricasscnt:
2145 4697 2249 4748 qua

684 4784 898 4836 ratione
922 4781 1022 4832 hos
1051 4778 1332 4831 incidisset
1360 4775 1565 4838 sulcos,
1604 4774 1706 4828 nisi
1762 4773 1950 4826 iisdem
1983 4772 2105 4840 iuga
2135 4788 2255 4823 ara-

685 4883 878 4938 traque
938 4867 1398 4922 conticientibus?
1427 4867 1581 4931 Quod
1611 4867 1676 4928 ,si
1733 4865 1932 4918 mentis
1979 4865 2254 4931 excogita-

683 4964 832 5016 tione
880 4965 995 5014 haec
1032 4970 1240 5025 reperta
1275 4967 1424 5022 sunt,
1463 4958 1592 5012 illud
1625 4968 1708 5011 est
1741 4957 1883 5025 quod
1917 4972 2059 5010 nunc
2111 4955 2254 5010 dice-

683 5057 832 5120 bam,
865 5053 1090 5106 alterius
1123 5067 1288 5120 opera
1314 5067 1470 5119 egere
1511 5050 1740 5104 alterum
1769 5068 1782 5113 ;
1837 5049 1924 5101 illa
1963 5051 2252 5119 exeogitat,

685 5159 786 5216 ego
823 5144 968 5212 quod
1004 5152 1090 5196 est
1118 5143 1506 5208 excogitatum,
1559 5142 1824 5195 industria
1859 5157 1973 5194 mea
2012 5144 2251 5210 perficio.

688 5237 805 5307 ipsa
842 5236 1082 5290 rationes
1113 5234 1441 5288 artiliciosas
1477 5236 1620 5288 videt
1671 5243 1723 5287 ct
1757 5236 2029 5302 preponit,
2062 5249 2254 5286 manus

691 5343 824 5381 mea:
857 5326 1138 5380 materiam
1170 5325 1425 5379 duetilem
1460 5333 1513 5379 et
1558 5334 1786 5378 tractatu
1817 5324 2028 5392 facilem
2063 5342 2258 5393 suppe—

689 5418 945 5480 ditantes,
979 5417 1099 5486 ejus
1133 5417 1274 5484 quod
1302 5418 1481 5470 animo
1513 5415 1866 5470 informatum
1895 5426 1979 5469 est
2017 5418 2253 5485 speciem

688 5510 984 5562 cooiiciunt
1013 5526 1027 5573 ;
1056 5518 1106 5562 et
1136 5524 1243 5561 non
1275 5509 1385 5578 jam
1413 5524 1668 5571 servum,
1708 5499 2018 5576 qua-nquam
2058 5518 2115 5561 ut
2145 5523 2258 5562 ser-

689 5617 812 5657 vam
848 5612 942 5655 aut
1000 5595 1430 5657 instrumentum
1471 5603 1586 5658 hazc
1632 5602 2016 5667 subministro,
2055 5603 2144 5657 sed
2201 5616 2257 5659 ut

768 5789 786 5816 '
822 5786 1019 5847 Epiros.
1061 5803 1110 5845 ν,
1139 5785 1251 5839 29.’

2351 3237 2402 3290 in
2450 3237 2690 3305 spiritale
2735 3235 3204 3287 transformalutn.
3242 3235 3420 3287 Aliam
3457 3239 3605 3288 ettitn
3645 3238 3811 3290 vitam
3857 3242 3933 3300 id,

2350 3328 2618 3396 aliamque
2636 3330 2807 3378 victus
2831 3325 3205 3387 ratiouetn,'nt
3239 3327 3286 3377 iu
3325 3328 3614 3392 proverbio
3645 3335 3751 3391 est,
3785 3329 3934 3381 dcsi-

2350 3417 2536 3481 derat;
2572 3432 2716 3470 nunc
2750 3433 2876 3470 vero
2898 3416 3120 3469 fluidum
3155 3434 3276 3469 cum
3309 3419 3432 3478 sim,
3466 3429 3517 3471 et
3552 3420 3673 3472 sine
3707 3419 3937 3474 faculta-

2351 3510 2495 3562 tibus
2528 3509 2907 3578 appetentibus
2941 3517 3194 3561 constare
3228 3523 3332 3560 non
3368 3511 3598 3575 possim,
3638 3513 3935 3579 quidnam,

2352 3615 2557 3670 quzeso,
2607 3599 2883 3664 delinquo,
2926 3599 2968 3650 si
3017 3607 3225 3652 natura)
3265 3597 3526 3652 instinctu
3577 3603 3826 3655 ciborum
3886 3618 3940 3657 ct

2353 3703 2576 3762 potnum
2626 3692 2919 3759 cupiditate
2957 3691 3179 3744 teneor?
3224 3689 3398 3755 Quam
3446 3692 3548 3744 sibi
3589 3697 3942 3751 contumeliae

2354 3792 2536 3836 notam
2580 3797 2732 3834 mens
2769 3780 2956 3844 inurit,
2985 3796 3105 3849 qua:
3141 3781 3252 3834 lucc
3282 3782 3472 3835 eadem
3508 3784 3643 3836 mihi
3677 3789 3942 3856 suppedi-

2353 3872 2466 3926 tat?
2513 3871 2673 3935 Quasi
2727 3885 2832 3922 non
2893 3868 3125 3923 audierit
3179 3870 3496 3938 Apostolum
3545 3873 3882 3928 clamantem
3924 3896 3938 3931 :

2362 3983 2377 4014 ‹
2416 3962 2583 4017 Nemo
2616 3976 2768 4015 suam
2799 3975 3013 4014 carnem
3049 3960 3204 4024 odit,
3236 3961 3327 4014 sed
3355 3962 3557 4015 enutrit
3581 3973 3636 4016 et
3669 3963 3819 4019 fovet
3841 3968 3885 4020 '.
3918 3985 3938 4016 ι

2355 4055 2474 4120 Quo
2522 4064 2677 4122 pacto
2709 4051 2851 4105 enim
2889 4061 2980 4103 aut
3029 4051 3184 4104 initio
3214 4053 3573 4118 substitisset,
3613 4065 3710 4109 aut
3747 4072 3939 4126 postea

2353 4148 2707 4211 constitisset,
2732 4145 2832 4199 nisi
2859 4142 3188 4198 sufﬁcienter
3213 4144 3484 4198 aleretur?
3509 4147 3726 4215 Quippe
3751 4152 3937 4204 statim

2355 4254 2418 4292 ac
2450 4238 2501 4290 in
2539 4247 2690 4289 utero
2717 4234 2944 4297 former,
2964 4234 3118 4301 quasi
3141 4232 3322 4300 planta
3346 4234 3428 4287 vel
3455 4236 3594 4289 inter
3613 4237 3861 4305 plantam
3890 4252 3942 4295 et

2355 4325 2554 4381 animal
2575 4323 2813 4378 medium
2837 4321 2987 4390 quid,
3036 4336 3131 4390 per
3160 4337 3254 4376 eas
3283 4326 3552 4378 secundas
3578 4341 3722 4394 quas
3756 4333 3942 4397 appet-

2358 4421 2489 4479 lant,
2513 4417 2626 4471 sive
2655 4429 2746 4484 per
2769 4413 3108 4476 umbilicum,
3134 4412 3248 4466 alor
3279 4415 3545 4484 sanguine
3570 4423 3895 4474 ntenStruali
3924 4440 3938 4477 :

2358 4508 2506 4562 illinc
2533 4501 2713 4559 autem
2739 4517 3083 4573 progressum
3117 4503 3271 4558 lactis
3301 4505 3478 4558 rivulo
3510 4522 3603 4572 per
3633 4523 3938 4567 mammam

2362 4598 2634 4657 uttlriccr,
2683 4595 2928 4662 atitrsque
2967 4593 3208 4646 dentium
3256 4603 3457 4647 ortum.
3500 4593 3601 4649 Ubi
3642 4613 3779 4653 vero
3816 4603 3939 4656 ani-

2360 4689 2535 4742 mandi
2567 4695 2758 4739 natura
2787 4685 2980 4753 cupida
3006 4685 3136 4737 tnihi
3160 4684 3414 4739 dentibus
3437 4702 3494 4740 os
3518 4688 3697 4740 acutis
3729 4703 3783 4744 et
3813 4692 3942 4746 latis

2360 4766 2642 4843 instruxit,
2670 4790 2730 4832 ut
2756 4790 2809 4831 et
2840 4792 3024 4831 secare
3055 4789 3108 4830 et
3139 4779 3406 4833 conficere
3441 4778 3597 4833 facile
3625 4783 3813 4836 cibum
3845 4802 3941 4855 ριν.

2360 4872 2574 4934 tuerim,
2610 4879 2720 4922 tum
2752 4867 2985 4935 denique
3023 4882 3265 4920 mensam
3299 4869 3651 4924 solidioribus
3684 4877 3939 4929 estulen—

2361 4963 2425 5015 tis
2454 4947 2759 5023 exstruxitf
2781 4959 2850 5010 ita
2883 4973 3013 5010 sane
3038 4957 3242 5011 naturis
3264 4973 3550 5024 corporum
3575 4963 3934 5029 congettitntn

2360 5034 2801 5114 estalimcntnm,
2824 5064 2996 5117 eaque
3025 5061 3235 5102 natura:
3263 5051 3515 5119 cognatio
3539 5061 3645 5114 est,
3682 5054 3790 5108 etsi
3830 5071 3935 5107 non

2360 5156 2442 5199 est
2473 5159 2659 5197 eorum
2688 5142 2863 5194 verbis
2893 5141 3022 5194 fides
3065 5141 3335 5200 habenda,
3362 5145 3452 5207 qtti
3492 5143 3770 5209 lapidibus
3800 5162 3934 5198 nou-

2360 5230 2538 5292 nullos
2575 5235 2642 5286 ali
2686 5235 2857 5292 aiunt,
2899 5234 3038 5284 facto
3079 5242 3258 5284 tamen
3289 5232 3620 5284 credendum
3653 5249 3761 5298 est,
3793 5239 3937 5303 quod

2363 5316 2731 5384 animatorunt
2768 5325 2972 5378 nullum
3010 5310 3193 5376 careat
3227 5321 3504 5387 alimento,
3535 5334 3591 5376 ut
3622 5327 3855 5380 arbOres
3878 5320 3941 5380 'et

2366 5422 2543 5474 herbae
2571 5429 2621 5472 et
2653 5415 2912 5486 qttidqmd
2955 5413 3230 5466 radicibus
3275 5413 3466 5468 fttlttttu
3513 5426 3654 5468 terra
3690 5422 3856 5485 parit,
3888 5432 3940 5473 et

2364 5511 2667 5566 omnimoda
2700 5507 3018 5562 animantia.
3066 5507 3145 5558 An
3184 5521 3312 5560 vero
3342 5505 3612 5563 daemones
3653 5521 3709 5563 et
3757 5511 3937 5566 sidera

2364 5602 2674 5659 libamentis
2719 5601 2822 5654 illis
2867 5607 2919 5650 et
2957 5595 3240 5662 odoribus,
3290 5597 3732 5652 exhalatimtibus
3776 5611 3937 5655 terra:
