4104 6322
215 379 317 440 977
1543 368 2046 444 _PROSOPOP(EI
2060 367 2141 427 AS.
3380 361 3493 424 973

214 500 329 553 haec
364 491 852 559 enutriantur,,id
893 488 1224 544 Graicanicis
1271 502 1335 542 ac
1386 488 1631 556 profanis
1659 502 1792 556 poe-
1827 499 1867 553 Α
1898 496 2007 546 est.
2058 500 2180 554 qua:
2232 482 2298 537 ad
2359 480 2696 552 propositam
2745 477 2902 533 vobis
2965 490 3129 544 quam
3191 475 3494 543 planiorem

201 590 291 644 'tis
341 598 394 642 ct
423 583 765 656 philosophis
790 581 1116 646 dicentibus,
1145 581 1286 634 haud
1316 579 1474 635 facile
1503 563 1789 633 asseniiar.
1900 577 2191 646 agitamus,
2225 573 2664 630 controversiam
2702 586 2812 625 non
2856 569 3114 638 pertinet.
3145 567 3201 620 Si
3239 582 3371 620 vero
3402 582 3499 619 na-

215 675 354 731 Nam
389 676 464 731 illi
495 685 697 729 canum
731 668 1574 737 daemonumopinalianturvi-sse
1603 683 1796 737 σοι-ρο·
1901 671 2132 724 turalem
2186 684 2309 739 quae
2373 666 2670 722 nutriendo
2740 662 3072 734 percipitur,
3127 660 3496 725 voluptatem,

215 785 373 827 reum
417 779 471 824 et
498 765 739 822 materiae
789 761 1193 830 voluptatisque
1250 760 1490 821 avidum,
1543 772 1597 812 et
1640 757 1798 812 astris
1901 761 2176 814 luxuriam
2212 760 2426 824 definit,
2470 758 2640 812 multo
2689 756 2840 826 prius
2875 770 2996 822 quae
3044 754 3096 805 in
3137 749 3495 822 procreandis

216 861 431 916 animos
477 855 813 911 tribuebant.
847 853 1046 922 Itaque
1087 867 1210 906 cum
1257 851 1560 904 animatum
1600 864 1800 918 corpus
1903 852 2090 905 liberis
2119 860 2222 915 est,
2259 850 2586 921 flagitiosum
2631 848 2956 902 nominabit.
2992 847 3063 898 At
3129 859 3304 912 neque
3359 858 3498 911 nup-

215 965 381 1007 omne
435 948 507 1005 sit
573 945 1000 1009 alimentarium,
1048 942 1316 1012 quidquid
1367 941 1664 994 animatum
1716 949 1802 994 est
1904 943 2074 1006 tialis,
2110 958 2287 1012 neque
2328 943 2497 996 etiam
2531 941 2690 995 altrix
2721 939 2969 1007 voluptas
2999 938 3123 990 ullis
3158 949 3339 988 mente
3359 950 3499 1002 pra:-

218 1051 427 1095 naturte
470 1041 585 1109 lege
630 1037 907 1092 nutriatur
944 1043 996 1089 et
1041 1034 1185 1089 vivat
1234 1036 1455 1103 necesse
1503 1042 1622 1085 est:
1653 1031 1801 1099 quod
1905 1034 2037 1087 ditis
2091 1032 2311 1085 crimini
2356 1033 2540 1094 datur,
2575 1031 2707 1099 quin
2761 1029 2939 1097 potius
2982 1025 3334 1082 admirationi
3389 1031 3495 1076 est.

221 1142 408 1187 autem
452 1145 561 1184 non
607 1129 850 1183 nutritur
883 1140 1062 1194 neque
1102 1127 1254 1188 vivit,
1291 1123 1342 1177 id
1385 1137 1452 1176 ne
1498 1121 1799 1175 animatum
1911 1124 2047 1178 Nam
2083 1125 2172 1178 illa
2205 1125 2272 1177 de
2309 1138 2507 1194 genere
2541 1123 2685 1190 quod
2728 1122 2931 1176 sensim
2963 1118 3154 1181 efﬂuit,
3189 1115 3499 1170 successio-

217 1222 443 1291 quidem
473 1233 573 1276 est.
605 1219 970 1286 Quamobrem
1003 1215 1263 1271 Servator
1288 1222 1474 1268 noster
1502 1228 1606 1265 non
1640 1212 1802 1265 modo
1907 1230 2006 1282 ne;
2040 1205 2155 1270 haec
2202 1216 2454 1284 corporis
2498 1213 2842 1276 inanitatem,
2880 1211 3138 1264 alimento
3185 1206 3395 1276 supplet
3435 1221 3500 1259 ac

217 1329 362 1383 quos
397 1322 645 1367 mortuos
689 1309 758 1364 ad
808 1309 971 1361 vitam
1009 1305 1282 1362 revocavit
1311 1302 1677 1372 ederejussit.
1708 1300 1802 1355 sed
1907 1318 2160 1376 reparat;
2214 1308 2402 1377 itaque
2437 1321 2618 1376 neque
2665 1303 2846 1358 divina
2889 1317 3042 1356 mens
3087 1316 3116 1353 a
3158 1314 3256 1354 sua
3299 1296 3503 1352 decidit

225 1405 438 1472 et‘ipse
493 1411 743 1457 mortuus
797 1414 862 1453 ac
909 1400 1023 1470 jam
1085 1397 1418 1451 reviviscens
1463 1393 1704 1448 comedit
1750 1400 1804 1447 et
1907 1399 2080 1469 ipsius
2113 1397 2399 1467 dignitate,
2436 1410 2614 1464 neque
2652 1410 2880 1464 prorsus
2911 1389 3246 1448 contumelia
3274 1388 3498 1443 divexa-

230 1497 383 1560 bibit,
406 1504 790 1564 argumentum
817 1491 1111 1546 insolubile
1141 1489 1385 1558 rcpetitze
1411 1487 1534 1540 vita:
1558 1483 1803 1539 alimenti
1909 1499 2019 1554 tur,
2054 1504 2115 1543 ea
2167 1487 2477 1543 concedens
2517 1502 2637 1557 qua:
2685 1501 2714 1538 a
2770 1494 2965 1539 natura
3006 1484 3225 1537 dei-rcta
3270 1489 3399 1536 sunt
3446 1488 3500 1535 et

219 1587 630 1657 perceptionem
664 1599 1003 1655 proponens.
1035 1582 1103 1637 Et
1134 1590 1326 1635 natura
1367 1579 1587 1646 quidem
1619 1591 1806 1632 serva-
1909 1582 2148 1646 sancita;
2185 1588 2239 1636 et
2279 1595 2500 1650 operam
2537 1577 2850 1643 conferens,
2885 1591 2950 1632 ac
2997 1591 3103 1631 una
3138 1576 3498 1646 suppeditans

219 1677 328 1730 trix
377 1677 450 1728 ita
511 1674 759 1744 corporis
806 1673 1126 1741 sanguinem
1174 1684 1492 1739 procrearis,
1539 1667 1805 1737 sanguine
1908 1687 1969 1725 ea
2001 1687 2120 1740 quas
2153 1681 2283 1727 sunt
2331 1669 2629 1742 praecipua,
2661 1677 2716 1724 et
2761 1669 2997 1723 maxime
3039 1667 3257 1738 corpori
3305 1682 3497 1721 neces-

224 1750 481 1822 materno
529 1765 677 1821 fetus
738 1780 835 1820 ore
894 1767 1134 1818 nondum
1187 1757 1444 1832 praeditos
1473 1800 1488 1825 ,
1565 1759 1804 1816 infantes
1841 1764 2081 1832 isaria;
2119 1762 2224 1818 etsi
2257 1763 2324 1818 de
2360 1763 2563 1816 talibus
2591 1762 2706 1814 haec
2732 1771 2916 1814 erecta
2949 1759 3152 1823 fremit,
3190 1760 3503 1827 quibusque

220 1860 542 1923 edentulos,
585 1858 724 1912 lacte
770 1855 1044 1924 perfeCtos
1077 1862 1130 1908 et
1163 1831 1467 1918 absolutos,
1509 1851 1658 1905 omni
1710 1866 1800 1920 ge-
1840 1831 1882 1885 Β
1913 1853 2240 1909 criminibus
2274 1853 2509 1907 aliorum
2546 1859 2696 1906 taxat
2726 1850 2972 1916 delicias,
3007 1850 3198 1904 iisdem
3235 1849 3351 1918 ipsa
3382 1864 3501 1902 ma-

219 1964 358 2006 nere
396 1949 771 2016 varielaleque
802 1947 1048 2000 Cibowm
1091 1943 1214 2008 alii;
1256 1957 1378 2004 nec.
1415 1941 1544 1995 dum
1585 1937 1805 2003 (ποδοῖιν
1913 1945 1994 2014 gis
2034 1944 2302 2000 delicians
2330 1945 2651 1999 revincitur.
2682 1942 3038 1999 Considerate
3081 1943 3252 2007 enim,
3291 1955 3499 2010 quaeso,

218 2041 532 2118 nutricatur
558 2047 614 2094 et
649 2037 858 2099 educit.
901 2036 1146 2089 adultum
1187 2048 1316 2089 vero
1350 2033 1548 2102 etiam
1587 2030 1804 2085 inhabi-
1913 2043 2117 2105 quanta
2145 2036 2345 2106 iactet;
2389 2034 2781 2089 contumeliam
2823 2042 2878 2088 et
2925 2032 3242 2086 servitutem
3275 2030 3499 2100 ignobi-

215 2134 332 2191 lem
364 2132 668 2189 crescendo
705 2127 917 2185 aetatem
947 2131 1225 2196 attingens
1253 2125 1581 2195 dereliquit:
1615 2125 1707 2178 sed
1740 2123 1807 2178 ad
1914 2128 2179 2185 lissimam
2214 2135 2404 2183 censet
2428 2125 2573 2195 quod
2601 2125 2757 2181 initio
2793 2124 2897 2178 mei
2925 2138 3115 2178 curam
3148 2131 3321 2193 gerat,
3350 2132 3405 2177 et
3433 2122 3499 2176 ad

217 2233 565 2282 senectutem
591 2231 663 2296 ,ει
703 2221 1038 2289 decrepitam
1071 2203 1506 2286 maternusque,
1549 2227 1805 2296 tanquam
1915 2220 2203 2274 vivendum
2259 2219 2571 2274 necess:iria
2622 2226 2934 2287 comparet;
2976 2232 3041 2270 ac
3084 2216 3502 2271 dissimulanter

216 2316 364 2370 bona
400 2295 841 2368 nutrixiducenti
872 2309 1123 2378 spiritum
1161 2309 1332 2373 adest,
1377 2295 1810 2376 nunquam'dis-
1915 2311 2202 2366 cavillator
2275 2325 2334 2364 se
2399 2308 2880 2379 praestantioribus
2931 2307 3338 2362 adhaerescendi
3396 2322 3502 2361 non

217 2406 450 2470 cedens,
509 2419 619 2456 non
684 2411 870 2466 ηοειυ,
920 2415 1028 2454 non
1094 2399 1352 2455 inlerdiu.
1407 2397 1806 2452 Dormielllium
1913 2417 2035 2459 esse
2059 2410 2471 2472 compotem,ct
2501 2401 2795 2456 deterioris
2828 2415 3017 2454 curam
3051 2399 3270 2462 habere,
3301 2382 3506 2452 idcirco

217 2498 428 2554 etenim
479 2512 589 2551 non
637 2493 874 2565 qnicscit
923 2492 1084 2546 altrix
1130 2490 1376 2555 facullaS,
1412 2491 1508 2546 sed
1547 2489 1810 2545 insomnis
1913 2495 2202 2565 cujusdam
2233 2493 2447 2548 ancilla:
2481 2492 2850 2564 opsonatrici’s
2883 2501 2938 2545 et
2973 2491 3222 2562 pauiticis
3264 2491 3506 2560 speciem

218 2599 274 2644 et
308 2589 536 2660 pervigil
567 2588 724 2642 bona:
760 2583 992 2639 nutricis
1028 2584 1218 2648 instar,
1267 2583 1557 2649 inspiranti
1609 2589 1810 2653 praesto
1915 2589 2113 2654 induit,
2144 2604 2266 2658 quae
2291 2586 2495 2655 alioqui
2524 2586 2744 2641 domina
2784 2594 2888 2651 est,
2920 2597 2974 2640 ct
3008 2598 3164 2639 suam
3201 2584 3384 2637 studet
3419 2582 3515 2646 in-.

222 2690 333 2745 est,
361 2679 605 2748 nunquid
635 2693 741 2731 non
784 2663 924 2732 bona
954 2674 1194 2743 faciens?
1219 2691 1280 2730 ea
1303 2683 1452 2730 certe
1485 2689 1606 2745 quae
1631 2690 1726 2743 per
1747 2689 1810 2730 os
1915 2681 2170 2734 violatam
2213 2679 2535 2736 felicitatem
2575 2673 2950 2732 conservare.‘

226 2770 422 2825 molita
457 2768 511 2821 in
546 2777 790 2822 Ventrem
827 2766 1210 2830 demittuntur.
1243 2780 1595 2834 εοηοοίιυθιιδ
1634 2779 1696 2818 ac
1724 2765 1810 2818 di‘
1983 2775 2147 2844 Atqui
2173 2775 2240 2830 'si
2295 2774 2410 2828 haec
2469 2773 2610 2842 apud
2668 2772 2805 2827 alios
2853 2771 3110 2827 desidens
3158 2770 3506 2824 sermonibus

227 2874 454 2931 gerens,
504 2858 849 2926 primumque
885 2857 940 2910 in
988 2870 1182 2911 succos
1225 2864 1573 2920 convertens,
1617 2854 1812 2908 deinde

1910 2868 2166 2937 iactaret,
2219 2865 2472 2920 fortassis
2521 2864 2606 2918 his
2657 2863 2953 2933 praestigiis
3001 2863 3338 2932 imponeret;
3394 2877 3500 2916 non

229 2954 303 3010 ad
324 2954 484 3024 jecur
511 2950 796 3005 amabens
827 2958 880 3003 θι
909 2948 965 3002 in
999 2947 1322 3018 sanguinem
1351 2958 1603 3010 ῐηυεθηεέ
1637 2946 1812 2999 ίηίηε·
1916 2974 2046 3013 vero
2083 2974 2209 3012 cum
2242 2957 2386 3026 apud
2413 2972 2508 3010 vos
2543 2956 2682 3008 nihil
2714 2955 2871 3020 recti,
2911 2954 3046 3008 nihil
3081 2955 3200 3006 sani
3244 2953 3502 3006 dissimu-

227 3060 343 3116 que
385 3059 479 3112 per
524 3057 692 3097 venas
755 3037 1011 3095 omnibus
1059 3055 1215 3093 suam
1262 3039 1460 3108 cuique
1507 3039 1812 3106 portionem
1915 3050 2008 3113 let,
2049 3049 2337 3102 manifesto
2373 3046 2628 3100 indecore
2676 3045 2828 3099 facit.
2877 3043 2987 3098 Vos
3035 3044 3236 3097 ctenim
3279 3043 3366 3110 qni
3419 3041 3506 3096 hic

225 3135 593 3198 distribuens,
625 3139 679 3188 ει
702 3132 902 3201 (illique
934 3147 1237 3200 οοηειυυιιι
1267 3140 1320 3184 ει
1361 3128 1640 3197 Proprium
1671 3143 1802 3182 0οη·
1835 3163 1880 3220 c
1918 3140 2115 3194 sedetis
2161 3148 2402 3193 tacentes
2428 3179 2441 3204 ,
2480 3138 2966 3205 tergiversationes
3012 3137 3170 3204 hujus
3224 3134 3508 3202 perspicue

226 3231 628 3303 glutinans;ac
653 3228 878 3281 inultam
908 3227 1139 3296 gratiam
1167 3223 1530 3280 Providentiae
1555 3225 1679 3278 huic
1704 3240 1809 3293 qua
1917 3229 2232 3294 revinceris,
2287 3227 2382 3296 qui
2441 3226 2744 3281 nobilitatis
2793 3226 3050 3293 imaginis
3091 3225 3258 3286 illius,
3311 3225 3358 3278 si
3409 3224 3504 3294 qui

227 3339 336 3378 nos
383 3322 858 3390 administramur,
894 3319 1182 3381 debemus,
1226 3332 1320 3385 per
1358 3330 1674 3384 quamquae
1719 3320 1812 3384 pe-
1918 3319 2007 3373 alii
2065 3320 2261 3374 bonam
2319 3319 2474 3373 vobis
2525 3328 2736 3388 partem
2788 3317 3142 3381 vindicastis,
3188 3327 3242 3371 et
3299 3319 3508 3386 absque

228 3413 589 3486 perit.initi0,
622 3411 811 3465 eadem
845 3419 900 3464 et
932 3413 984 3462 in
1031 3418 1309 3477 posterum
1349 3406 1619 3461 charitate
1661 3421 1814 3460 com-
1920 3409 2430 3478 perturbationibus
2470 3424 2532 3461 ac
2565 3408 2730 3462 veluti
2770 3407 2906 3462 citra
2942 3407 3184 3461 materia:
3215 3409 3504 3477 contagio-

232 3507 518 3578 plectitur,
562 3520 663 3558 nec
691 3503 819 3558 sinit
853 3501 1095 3573 disperdi
1125 3500 1517 3569 dissiparique,
1540 3499 1814 3555 alimentis
1920 3517 2042 3556 nem
2075 3501 2128 3554 in
2156 3501 2498 3569 corpusculis
2525 3499 3036 3553 mortalibusvitam
3065 3500 3290 3570 egistis:
3325 3509 3506 3555 tamen

229 3597 560 3665 excogitatis
589 3610 652 3649 ac
686 3594 912 3664 paratis.
1921 3601 1974 3647 et
2021 3607 2317 3661 corporum
2367 3608 2433 3644 ex
2500 3603 2654 3662 parte
2700 3606 2886 3645 curam
2931 3592 3151 3661 geritis,
3189 3592 3507 3660 .apOstolica

306 3687 375 3740 Et
423 3696 615 3739 natura
661 3685 905 3750 quidem,
955 3693 1012 3734 ut
1061 3680 1266 3734 dictum
1315 3688 1420 3744 est,
1473 3679 1544 3734 ita
1593 3680 1813 3746 format,
1917 3685 2268 3738 :mnulalioue
2307 3684 2464 3738 vobis
2497 3685 2596 3753 ipsi
2627 3693 3013 3752 comparantes
3039 3693 3093 3738 et
3116 3683 3509 3738 administran-

233 3776 571 3836 conformat,
600 3779 962 3841 coagmentat.
994 3768 1145 3824 Mens
1181 3779 1364 3823 autem
1411 3771 1635 3824 rationis
1663 3786 1814 3824 com-
1919 3787 2000 3831 res
2030 3775 2258 3840 idonea;
2299 3791 2477 3845 neque
2507 3791 2801 3844 corporum
2833 3777 2996 3830 talem
3022 3774 3362 3831 aversionem
3395 3786 3507 3831 tam

236 3882 363 3938 pos,
400 3873 456 3919 et
506 3878 707 3932 corpus
757 3861 1019 3924 incolens,
1067 3869 1275 3913 natura:
1321 3860 1624 3914 contrarias
1673 3861 1818 3928 leges

1921 3869 2141 3938 indigne
2188 3868 2413 3932 tulistis,
2453 3884 2614 3937 quam
2663 3868 2973 3922 animorum
3022 3887 3052 3921 ει
3102 3878 3245 3922 statu
3295 3869 3507 3923 meliori

233 3960 546 4022 constituit,
587 3967 646 4010 ut
685 3956 786 4009 alia
834 3955 1102 4023 quaepiam
1141 3953 1434 4022 imperiosa
1469 3955 1687 4008 domina
1719 3973 1732 4008 :
1763 3963 1817 4008 et
1923 3952 2160 4030 lapsum,
2196 3976 2374 4030 neque
2410 3962 2699 4015 verborum
2738 3977 2912 4016 nexus
2961 3971 3016 4016 et
3063 3962 3234 4016 series
3264 3977 3360 4016 vos
3397 3972 3506 4018 tam

232 4053 367 4122 quia
426 4049 806 4117 (ιυοῑῖάίαιιυηι
847 4061 1066 4113 53ml)cr
1117 4046 1433 4099 διίιιιθιιῑυιη
1489 4060 1696 4114 (Ιυὶιπο.
1731 4061 1818 4100 me
1921 4055 1986 4106 ad
2031 4054 2570 4107 commiserationem
2623 4055 2812 4116 trahit,
2859 4070 3024 4124 quam
3075 4070 3256 4132 augere
3305 4066 3513 4112 catenas

233 4144 486 4214 gulosum
523 4149 574 4193 et
622 4137 948 4207 inexplebile
992 4136 1196 4190 doliqu
1245 4153 1258 4189 ε
1311 4137 1434 4203 quia
1483 4137 1818 4189 nutrimento
1929 4144 2191 4198 virtutum
2227 4145 2335 4198 alia
2367 4144 2706 4211 solutio,sed
2738 4155 2795 4200 ut
2826 4164 2922 4216 per
2953 4149 3134 4202 omnia
3162 4149 3318 4218 justi,
3338 4150 3510 4217 iuste,

237 4237 412 4296 laetor,
445 4231 787 4285 luxuriosum
828 4237 882 4282 et
923 4228 1307 4296 voluptuosum
1354 4236 1652 4295 nuncupat,
1688 4227 1821 4280 deli-

1924 4234 2232 4289 beatissimi
2267 4236 2508 4306 judices,
2544 4246 2600 4291 et
2635 4227 2928 4307 corporum
2973 4240 3099 4306 jura
3136 4241 3320 4293 divino
3368 4256 3506 4310 pra:-

235 4327 449 4380 ciarum
486 4321 632 4376 enim
666 4319 866 4373 finibus
911 4317 1232 4372 alimentum
1269 4315 1510 4381 metitur,
1563 4317 1707 4381 quod
1754 4317 1821 4371 iis
1923 4335 2079 4395 cepto
2107 4328 2378 4396 persecuti
2412 4330 2568 4394 estis,
2603 4345 2700 4383 nec
2732 4329 2802 4383 ob
2845 4330 2896 4382 id
2932 4347 3029 4384 vos
3061 4333 3361 4388 deteriores
3391 4349 3514 4388 ονε.

237 4431 366 4489 qua:
427 4412 765 4468 comedimus
813 4417 868 4465 ει
936 4409 1178 4464 bibimus
1226 4417 1420 4461 ηίηυνδ
1479 4407 1818 4462 άυιεθιιίιιθηι
1926 4418 2063 4471 sisse
2106 4419 2429 4483 eensuistis,
2468 4435 2568 4474 nec
2614 4422 2679 4473 ad
2715 4421 3090 4475 conditionem
3125 4438 3424 4492 coqnorum
3457 4438 3514 4480 et

233 4505 501 4578 jnnaerit,
534 4513 591 4556 ut
621 4503 892 4556 suavitate
918 4499 1151 4568 quadam
1186 4500 1251 4551 ad
1290 4500 1496 4567 gratius
1526 4507 1581 4552 et
1611 4500 1821 4555 avidius

1891 4540 1895 4569 ,
1929 4524 2133 4564 mensae
2167 4521 2506 4564 structorum
2542 4511 2916 4578 descendisse,
2960 4526 3017 4566 ut
3064 4531 3131 4568 ex
3174 4532 3290 4570 mea
3328 4507 3512 4573 tuente

241 4595 653 4669 percipiendum
686 4593 870 4646 cibum
912 4589 1239 4652 aliiCialuul‘,
1272 4605 1372 4643 nec
1415 4589 1598 4643 lrislcs
1637 4591 1841 4657 tIUOli-.
1927 4613 2071 4652 nunc
2094 4599 2344 4655 audiSIis.
2383 4600 2595 4653 Etenim
2629 4601 2908 4669 equidem,
2937 4603 3097 4657 amici
3143 4603 3233 4657 Dei
3269 4604 3508 4672 iudices,

239 4691 423 4745 diariis
453 4685 727 4740 alimentis
762 4683 1097 4737 advehendis
1133 4681 1602 4735 condolescainus.
1637 4681 1818 4736 Novas
1923 4704 2104 4759 neque
2139 4692 2426 4760 conspicio
2470 4709 2718 4759 quamam
2757 4711 2819 4747 ex
2854 4696 2962 4750 mei
3005 4711 3136 4750 cura
3173 4697 3339 4750 nienii
3376 4713 3511 4751 ροη-

241 4780 394 4835 enim
423 4779 590 4847 leges,
636 4791 775 4828 nova
820 4771 1039 4826 nomina
1085 4772 1255 4839 fingit,
1289 4773 1464 4826 aliena
1497 4773 1742 4842 quaedam
1768 4781 1823 4827 et
1926 4780 2165 4835 iunicum
2200 4793 2332 4836 ηοω
2365 4785 2635 4837 inuratur,
2665 4787 2743 4838 Α..
2776 4800 2902 4842 νει-ο
2933 4789 3062 4841 nera
3103 4803 3304 4842 curans
3337 4791 3510 4844 anc“.

239 4869 510 4930 absurda,
566 4877 678 4918 tum
744 4864 953 4932 legibus
1011 4860 1281 4927 ferendis,
1337 4871 1448 4916 tum
1514 4863 1826 4919 nominibus
1925 4873 2030 4935 las,
2063 4871 2166 4926 hac
2201 4873 2413 4927 ratione
2445 4873 2621 4949 fuerit
2656 4876 3059 4943 ignoininiosa?
3101 4891 3195 4931 aut
3234 4880 3511 4949 guberna-

242 4958 587 5027 iinponendis
622 4957 942 5018 decernens,
979 4952 1134 5020 quasi
1161 4949 1312 5005 nefas
1340 4953 1431 5015 Sil,
1471 4953 1540 5005 ali
1570 4969 1694 5007 cum
1728 4969 1822 5007 V’O-
1927 4967 2013 5014 ιοι·
2057 4977 2247 5016 navem
2284 4943 2933 5030 oneraria";-izisirucns,
2971 4983 3038 5021 ex
3089 4969 3191 5024 huc
3237 4943 3511 5040 periculo-

240 5054 469 5119 luptate,
501 5046 647 5116 quod
680 5045 801 5098 talis
832 5043 1009 5112 τροφὴ
1057 5043 1258 5112 τρυξξή,
1289 5043 1340 5096 id
1380 5054 1463 5097 est
1505 5045 1826 5098 alimentum

1925 5053 2043 5109 sius
2073 5055 2385 5127 navigabit;
2424 5067 2517 5109 aut
2554 5057 2709 5110 miles
2738 5073 2889 5112 arma
2929 5061 3196 5115 recudens
3232 5073 3287 5116 et
3323 5078 3514 5132 reputa

239 5143 458 5198 deiit'iw
486 5141 615 5193 δίιιι-
643 5137 755 5206 Εὲο
788 5151 915 5190 Vero
951 5135 1096 5202 (Ιυοίί
1128 5143 1317 5188 nulum
1348 5136 1824 5205 ιιτιιυι·ίε‹ιυειείςὶο
1925 5162 2063 5217 gans
2113 5161 2178 5200 ac
2243 5147 2562 5201 bellatorem
2623 5151 2771 5203 alens
2819 5166 3046 5219 equum,
3092 5153 3379 5222 imperitia:
3433 5159 3509 5210 rei

247 5239 355 5291 bus
393 5233 684 5303 guberllul‘.
717 5239 773 5281 υι
820 5228 933 5282 8131'
967 5227 1100 5280 "lilii
1137 5227 1319 5289 licere.
1346 5242 1412 5279 οι
1444 5229 1594 5280 οηὶηὶ
1637 5243 1824 5282 ιιεεϐὃ·
1929 5239 2196 5296 militaris.
2222 5240 2831 5310 idcirco.damnabitur,
2875 5254 2966 5297 aut
3010 5245 3150 5299 inter
3190 5247 3386 5302 milites
3417 5252 3511 5303 ilc-

250 5330 416 5385 sitate
448 5319 912 5390 consequentibus
951 5329 1005 5373 et
1048 5318 1214 5372 animi
1255 5319 1525 5372 hilaritate
1570 5328 1624 5373 et
1678 5321 1824 5373 \Oill-
1928 5344 2167 5386 seriores
2215 5332 2666 5385 enumerabizur?
2702 5334 2842 5398 Quid
2895 5350 3000 5388 non
3038 5337 3101 5389 nd
3144 5339 3243 5390 ltus
3286 5341 3511 5408 respicis

243 5429 414 5493 plale.
443 5429 678 5471 0811560:
710 5429 809 5468 nec
837 5412 1047 5467 ἀειῖείίε
1070 5411 1436 5466 εΐίιιιίηίιυίιθε
1461 5425 1705 5475 988501“.
1729 5414 1821 5467 sed
1926 5423 2020 5490 qui
2061 5424 2115 5476 in
2149 5425 2478 5493 corporibus
2517 5426 2636 5478 sine
2675 5429 2922 5494 corporis
2967 5430 3294 5497 contagione
3342 5433 3510 5485 vitam

241 5515 473 5565 charum
522 5505 841 5558 alimentum
875 5511 930 5555 ct
970 5511 1177 5556 natura
1209 5517 1539 5571 congruens.
1576 5503 1731 5568 Quod
1776 5507 1819 5558 si
1928 5512 2227 5580 duxerunt,
2265 5526 2319 5570 et
2385 5531 2613 5584 corpora
2661 5534 2770 5571 non
2831 5519 3085 5583 oderunt,
3141 5520 3270 5586 quin
3325 5523 3512 5589 potius

239 5615 370 5670 quis
419 5609 717 5665 Oppressus
768 5610 1025 5656 mon‘ore,
1072 5595 1156 5646 vel
1215 5610 1352 5662 pane
1401 5595 1543 5648 \esci
1597 5612 1822 5664 prorsus
1927 5619 2548 5677 accuraruntquantum
2579 5613 2900 5679 oportuit,o
2933 5611 3134 5666 frustra
3159 5630 3356 5682 corpus
3376 5629 3511 5668 exo»

235 5689 445 5745 oblitus
472 5684 653 5747 fuerit,
690 5686 769 5737 vel
798 5685 1038 5737 cinerem
1074 5691 1329 5753 tauquam
1358 5700 1549 5751 panem
1576 5690 1822 5742 comedc-
1928 5709 2008 5759 sa,
2044 5699 2519 5767 contentionisth
2553 5717 2704 5754 vanae
2745 5717 2809 5755 ac
2850 5702 3066 5759 inutilis
3093 5705 3321 5758 amans?
3365 5704 3511 5769 Quid

231 5788 337 5849 xit,
377 5790 430 5834 ct
469 5788 654 5846 potum
700 5794 819 5829 runt
857 5779 987 5831 lletn
1035 5774 1330 5838 iniscuei'il,
1365 5778 1470 5829 alia
1524 5778 1661 5832 ratio
1710 5783 1822 5834 hicc
1929 5802 2040 5840 non
2073 5790 2251 5858 mag-ii
2302 5790 2443 5844 illius
2479 5795 2782 5846 rtwt'daris
2819 5795 3082 5854 .‘toUstoli,
3124 5812 3211 5856 qui
3249 5797 3298 5848 in
3350 5809 3513 5864 pars.»
