4104 6322
1899 318 2279 380 GREGORII
2318 315 2641 379 P'ALAMJ'.

672 436 853 489 nisum
883 443 1055 499 usque
1078 428 1147 485 ad
1178 429 1398 485 tertium
1423 429 1622 485 cretum
1653 436 1847 499 raptus
1867 436 2049 493 est,et
2072 428 2237 482 verba
2267 428 2316 486 Α
2341 427 2409 481 lis
2435 435 2489 481 et
2521 426 2762 496 prudens
2787 423 3111 478 administra
3145 422 3383 484 familiae.
3409 434 3468 477 ut
3498 422 3593 479 des
3629 437 3829 476 escam
3868 421 3924 483 in

670 538 794 593 qua:
821 535 933 577 non
968 521 1097 576 licet
1130 520 1313 589 eloqui
1360 519 1676 575 hominibus
1707 519 1943 582 audivit;
1970 527 2026 571 et
2051 526 2234 572 tamen

672 626 845 681 usque
876 611 1058 665 derum
1085 624 1435 680 progressus,
1467 608 1816 663 contumelia:
1846 609 1969 663 loco
1998 621 2110 662 non
2143 620 2238 675 pu-

668 703 823 767 tavit,
849 704 963 759 suis
1008 702 1182 772 ipsius
1232 700 1486 755 manibus
1517 700 1823 755 coriaceam
1867 708 2043 754 artem
2084 711 2239 752 exer-

665 808 813 857 cere,
843 802 899 847 et
929 792 1049 847 suis
1079 806 1142 845 ac
1176 792 1452 845 sociorum
1485 790 1904 845 necessitatibus
1935 787 2237 845 inservien-

665 885 740 938 do
805 884 1117 939 subvenire.
1178 883 1440 939 Oratione
1510 884 1993 956 supergrediamur
2055 884 2236 952 ipsum

664 973 920 1040 Paulum,
950 984 1005 1028 et
1037 976 1159 1045 eius
1188 976 1410 1029 tertium
1444 976 1675 1039 coelum;
1704 991 1833 1029 num
1870 974 2015 1029 Deus
2046 973 2101 1026 in
2134 986 2239 1026 suo

664 1073 813 1119 statu
840 1080 1054 1134 semper
1078 1065 1391 1121 consistens
1420 1066 1485 1119 ad
1512 1080 1631 1122 sese
1658 1066 1975 1129 reflectitur,
1994 1073 2049 1120 et
2069 1078 2235 1133 supra

668 1153 809 1208 hanc
834 1155 1246 1210 universitatem
1280 1166 1499 1211 erectus
1530 1156 1720 1211 sedet?
1754 1154 2028 1211 Utrumne
2052 1169 2233 1209 rerum

664 1257 789 1311 qua
835 1253 957 1314 post
1004 1259 1130 1299 cum
1162 1245 1446 1314 subiacent
1497 1248 1645 1302 nulla
1692 1262 1844 1311 cura,
1876 1246 2023 1301 nulla
2054 1246 2236 1315 provi-

666 1334 849 1388 dentia
904 1335 1163 1405 tangitur,
1210 1351 1388 1406 neque
1436 1338 1599 1392 etiam
1664 1338 2003 1394 infirmarum
2053 1352 2234 1391 rerum

666 1436 972 1480 nostrarum
1000 1426 1441 1496 procurationem
1467 1429 1673 1483 habet?
1702 1443 1772 1482 an
1806 1444 1943 1483 vero
1969 1441 2235 1483 accursus

666 1517 1036 1586 providenter,
1070 1518 1137 1571 de
1165 1533 1265 1573 sua
1305 1519 1473 1588 ipsius
1501 1520 1571 1573 ob
1602 1519 1655 1572 id
1694 1519 1956 1585 dignitate
1987 1525 2041 1572 et
2066 1516 2233 1585 gloria

668 1609 961 1678 quidquam
1018 1609 1231 1677 mittit}
1274 1609 1525 1676 Quonam
1580 1611 1746 1679 igitur
1799 1611 1963 1664 modo
2017 1607 2232 1677 corpori

666 1698 952 1767 coniugata
970 1713 1130 1753 mens
1154 1714 1338 1754 curam
1366 1701 1640 1770 congeniti
1662 1701 1930 1771 corporis,
1954 1700 2230 1770 indignum

666 1800 728 1841 se
761 1788 1001 1842 studium
1035 1799 1273 1857 reputat,
1299 1798 1356 1844 et
1395 1791 1538 1843 hanc
1566 1791 1734 1844 rebus
1760 1790 2015 1845 secundis
2052 1788 2234 1859 provi-

669 1879 883 1934 dentem
911 1880 1187 1933 solertiam
1214 1880 1481 1950 repudiat,
1514 1895 1675 1948 supra
1708 1895 1806 1936 vos
1833 1880 2064 1935 elcrens
2089 1893 2232 1943 sese,

608 1994 611 1995 ν
668 1976 902 2037 quorum
946 1970 1247 2025 etiamnum
1294 1973 1442 2026 humi
1488 1974 1848 2043 gradientium
1892 1972 2237 2028 conversatio

670 2061 728 2112 in
772 2060 928 2115 ctelis
966 2061 1087 2115 cst?
1121 2076 1283 2131 supra
1328 2063 1439 2129 iam
1484 2064 1680 2117 cmlum
1716 2063 2037 2132 corporibus
2070 2076 2237 2132 appe-

669 2160 847 2205 tentes
891 2152 1210 2221 apostolos:
1244 2168 1413 2221 supra
1451 2154 1713 2208 bonitatis
1745 2155 1920 2223 ipsius
1960 2153 2234 2221 exemplar

668 2239 819 2303 illud,
851 2241 997 2307 quod
1033 2242 1184 2296 omni
1227 2242 1381 2296 carni
1424 2242 1654 2312 largitur
1692 2244 2051 2297 alimentum:
2080 2242 2238 2310 cuius

668 2343 735 2383 ex
761 2330 1119 2385 similitudine
1152 2332 1494 2391 nobilitatem
1536 2334 1821 2403 magnifice
1849 2335 2085 2402 iactans.
2127 2348 2234 2387 non

667 2419 919 2475 similiter
949 2422 1016 2475 ad
1050 2422 1366 2477 inferiorum
1391 2423 1653 2494 dignitate
1680 2426 2072 2493 providentiam
2100 2438 2236 2478 con-

668 2513 930 2577 vertitur;
955 2522 1009 2566 et
1036 2524 1217 2568 tamen
1246 2530 1521 2569 summum
1551 2516 1682 2569 illud
1716 2516 1916 2572 bonum
1947 2516 2233 2586 plusquam

669 2602 889 2669 plenum
922 2613 976 2655 et
1029 2604 1233 2658 nullius
1270 2606 1497 2661 omnino
1538 2606 1812 2676 indigens,
1858 2608 2061 2661 nullius
2098 2622 2238 2675 opus

668 2705 896 2758 nsquam
946 2691 1111 2747 habet
1145 2708 1335 2749 eorum
1387 2695 1592 2764 quibus
1622 2696 1909 2764 providet:
1952 2695 2065 2750 haec
2108 2709 2236 2749 vero

668 2796 1043 2850 acpenumero
1069 2798 1157 2838 me
1197 2795 1252 2837 et
1295 2797 1353 2839 ut
1390 2785 1751 2841 instrumento
1793 2785 2044 2839 famulari
2092 2797 2234 2856 eget,

671 2879 726 2924 st
758 2865 1142 2938 ut'adiumnte
1188 2888 1355 2929 causa
1395 2890 1460 2929 ac
1503 2876 1858 2940 adminiculo,
1890 2888 1943 2929 et
1986 2893 2096 2945 quo
2139 2875 2238 2929 ab-

669 2971 821 3014 sente
854 2962 988 3014 nihil
1017 2949 1337 3031 generosum
1378 2966 1431 3019 in
1460 2966 1647 3033 primis
1681 2967 1942 3035 perficiet.

744 3049 851 3104 Sed
882 3053 1135 3109 fortassis
1178 3055 1245 3108 ab
1285 3056 1368 3107 his
1400 3057 1697 3110 rationibus
1737 3072 2005 3124 repressa,
2034 3072 2093 3110 se
2124 3072 2234 3111 non
2263 3092 2307 3153 ο

669 3140 927 3208 iniuriam
955 3143 1100 3196 dicet
1144 3158 1211 3197 ex
1248 3147 1683 3200 necessariarum
1721 3146 1856 3199 mihi
1892 3162 2073 3200 rerum
2106 3162 2235 3213 sup-

668 3230 998 3298 peditatione
1023 3248 1264 3301 passam,
1300 3234 1394 3288 sed
1433 3236 1579 3304 quod
1611 3236 1769 3305 longe
1802 3250 1963 3305 supra
1995 3238 2235 3290 necessi-

664 3329 836 3375 tatem
866 3333 917 3376 et
944 3339 1100 3377 usum
1134 3327 1329 3391 partim
1365 3326 1657 3379 insatiabili
1688 3328 2002 3393 cupiditate,
2040 3328 2233 3393 partim

666 3413 963 3479 voluptatis
1000 3414 1253 3468 aviditate
1285 3430 1654 3484 progressum,
1694 3419 1831 3469 hanc
1865 3433 2077 3470 tuccum
2110 3434 2234 3470 cor-

668 3504 886 3571 ripiam,
912 3516 965 3557 et
991 3505 1215 3558 invitam
1245 3507 1610 3575 praecipitem;
1640 3508 1742 3560 hoc
1772 3509 1918 3561 enim
1949 3509 2060 3562 fere
2092 3512 2237 3563 dice-

668 3596 781 3656 bat,
812 3596 1032 3661 quando
1064 3612 1122 3649 se
1156 3597 1519 3664 voluptatibus
1554 3597 1805 3651 absurdis
1838 3600 2155 3667 mancipati,
2184 3608 2235 3653 et

669 3684 806 3739 sacis
828 3685 1001 3753 decipi
1029 3686 1320 3755 praestigiis
1347 3689 1715 3741 asseverabat.
1747 3686 1802 3740 Id
1837 3704 1965 3742 vero
1999 3690 2236 3763 refutare

666 3789 885 3843 quoque
940 3774 1095 3829 facile
1142 3786 1248 3838 est,
1287 3792 1350 3832 ac
1393 3777 1589 3831 docere
1635 3778 1885 3832 audaxne
1934 3766 2145 3835 facinus
2184 3790 2237 3833 ct

666 3866 1015 3933 temerarium
1064 3868 1155 3930 sit,
1211 3867 1283 3921 ita
1330 3867 1447 3922 sive
1498 3867 1666 3933 fastu,
1711 3870 1825 3924 sive
1866 3870 2234 3925 contendendi

667 3957 858 4012 studio
896 3957 1205 4023 incitatam,
1232 3974 1295 4012 ca
1345 3961 1398 4011 in
1444 3974 1531 4013 me
1576 3974 1837 4029 accusare
1889 3976 1949 4016 se
2003 3962 2235 4031 nescire,

664 4063 895 4117 quorum
924 4049 1038 4118 ipsa
1074 4065 1163 4102 rea
1194 4050 1286 4115 sit,
1309 4065 1431 4103 cum
1457 4050 1789 4120 oportuisset
1812 4053 2051 4122 integere
2081 4052 2192 4108 haec
2217 4071 2229 4105 :

667 4139 761 4193 scd
784 4138 1079 4194 infaustum
1107 4141 1242 4193 nihil
1263 4142 1463 4206 dicam,
1484 4143 1841 4198 admiratione
1865 4155 1987 4198 vero
2010 4145 2232 4213 dignum

665 4239 766 4286 est.
791 4231 884 4299 qui
925 4232 1016 4285 fiat
1049 4245 1108 4284 ut
1149 4233 1251 4286 sibi
1291 4235 1567 4287 contraria
1601 4224 1856 4304 loquatur
1890 4235 2229 4305 imprudens.

664 4319 936 4391 Numquid
972 4339 1078 4375 non
1117 4338 1338 4377 sursum
1361 4325 1617 4380 deorsum
1653 4341 1877 4381 versans
1908 4328 2231 4393 orationem,

2340 516 2625 585 tempore?
2644 514 2749 582 Qui
2780 517 2840 570 It
2870 514 3032 585 igitur
3059 522 3118 569 ut
3143 529 3251 567 non
3272 514 3500 568 fideliter
3526 521 3583 567 et
3610 504 3927 581 prudenter

2337 609 2675 677 assignatum
2713 620 2911 661 raunus
2940 604 3313 665 administrcs.
3350 603 3549 673 desque
3581 613 3844 670 tempore
3870 609 3928 654 et

2337 699 2502 755 modo
2526 698 2734 760 cibum.
2765 706 2820 752 et
2844 706 2905 753 at
2934 696 3110 750 fidelis
3140 695 3392 763 inerepes
3421 693 3663 757 inlidclo‘,
3694 703 3759 745 ut
3789 706 3925 758 pra-

2336 789 2472 846 dens
2520 789 2755 859 castiges
2800 798 2856 841 et
2904 786 3166 841 emendes
3196 785 3534 854 imprudens.
3576 791 3633 837 et
3681 780 3925 835 omnino

2338 887 2660 952 potestatem
2694 880 2750 933 in
2782 878 2883 933 tibi
2924 878 3127 933 credita
3161 874 3639 935 administratione
3679 873 3920 927 liberam

2336 985 2613 1033 eaeroeas.
2646 979 2700 1024 et
2744 982 2910 1024 ornes
2951 967 3195 1037 optime?
3229 967 3300 1021 At
3329 976 3382 1021 te
3410 964 3609 1034 corripi
3646 962 3917 1019 violentia

2338 1062 2437 1118 tibi
2485 1061 2689 1118 subditi
2741 1060 2901 1124 diris,
2936 1059 3097 1116 et'ad
3143 1058 3364 1114 easdem
3418 1057 3486 1112 ad
3538 1069 3681 1126 quas
3730 1055 3920 1122 ipsa.

2320 1155 2576 1225 ineptias
2607 1163 2659 1209 te
2691 1164 3062 1209 transversam
3095 1150 3205 1220 agi.
3230 1148 3532 1203 Talibusne
3560 1145 3923 1217 pratextib-

2337 1256 2532 1301 censes
2563 1256 2636 1308 te,
2671 1260 2836 1315 quam
2868 1244 3011 1299 male
3056 1255 3216 1298 suum
3246 1255 3449 1297 manus
3478 1238 3707 1295 obeunti
3731 1238 3921 1292 mina-

2337 1342 2425 1389 tus
2466 1346 2548 1387 est
2582 1334 2713 1398 ille,
2744 1332 3113 1388 membrorum
3154 1330 3514 1392 divulsionem
3583 1326 3922 1384 evasuram?

2333 1424 2497 1493 Atqui
2548 1424 2674 1479 talis
2714 1423 2897 1490 opinio
2920 1437 3058 1477 vana
3087 1430 3253 1478 estet
3284 1420 3468 1476 inanis
3493 1437 3509 1484 ;
3543 1432 3574 1474 a
3599 1416 3919 1487 principatu

2334 1515 2479 1570 enim
2517 1516 2669 1571 omni
2712 1519 3058 1584 eorumque
3090 1512 3295 1573 subditi
3322 1522 3549 1584 υωσκη
3567 1508 3919 1589 senacu-

2336 1615 2535 1675 guntur
2568 1606 2725 1661 :sivs
2782 1606 3188 1676 imperatorem.
3224 1606 3340 1660 sive
3373 1604 3751 1674 paedagogum,
3801 1601 3921 1655 sive

2336 1696 2785 1763 parentem,.sire
2815 1695 3093 1752 doctorem
3133 1693 3312 1757 dicas.
3347 1693 3450 1748 etsi
3488 1691 3695 1759 alioqui
3743 1687 3909 1759 probi

2337 1786 2466 1852 sint,
2498 1786 2814 1865 earumdem
2854 1785 3147 1839 criminum
3194 1784 3269 1838 rei
3309 1795 3457 1847 sunt,
3494 1792 3555 1836 ut
3588 1783 3636 1835 si
3688 1781 3776 1835 vel
3816 1780 3923 1835 im-

2294 1866 2301 1872 ’
2337 1882 2553 1943 perator
2596 1888 2719 1927 cum
2770 1872 3011 1928 exercitu
3058 1873 3276 1927 deserat
3307 1872 3501 1936 aciem,
3531 1879 3625 1924 aut
3652 1870 3918 1938 padago-

2336 1976 2437 2032 Bus
2468 1978 2590 2018 cum
2624 1978 2797 2032 puero
2839 1963 3099 2027 colludat,
3125 1972 3221 2017 ant
3252 1973 3404 2032 pater
3445 1976 3569 2017 cum
3600 1960 3713 2017 ﬁlio
3745 1950 3919 2017 lasci-

2337 2054 2467 2118 viat,
2514 2062 2606 2109 aut
2660 2069 2785 2111 cum
2829 2054 3101 2123 discipulo
3149 2055 3407 2123 magister
3455 2054 3665 2109 inertia:
3704 2063 3763 2111 et
3803 2053 3919 2112 otio

2336 2143 2629 2213 indulgeat.
2661 2143 2866 2213 duplici
2906 2158 3085 2213 pmaa.
3130 2159 3347 2209 censeo,
3387 2144 3581 2213 horum
3611 2144 3919 2212 unusquis-

2336 2251 2443 2307 que
2469 2210 2759 2305 punietur;
2790 2235 2978 2299 altera,
3008 2234 3153 2303 quod
3178 2235 3486 2289 clanculum
3508 2210 3633 2288 etim
3661 2248 3914 2289 corrum-

2336 2336 2446 2397 pat.
2484 2342 2645 2396 quem
2678 2326 2869 2396 potius
2908 2340 2969 2380 se
3011 2326 3287 2385 meliorem
3322 2326 3659 2380 redditurum
3688 2324 3915 2394 pollice-

2338 2418 2529 2482 batur;
2573 2417 2748 2470 altcra
2795 2416 2939 2484 quod
2984 2416 3299 2470 earumdem
3357 2431 3483 2470 reus
3528 2431 3763 2485 quorum
3822 2415 3914 2471 ille

2336 2506 2817 2577 deprehendatur;
2866 2516 2927 2561 ut
2969 2509 3090 2563 vice
3139 2522 3300 2563 versa
3326 2508 3526 2577 duplici
3574 2508 3727 2562 venia
3757 2508 3914 2583 digni

2335 2598 2537 2655 wbditi
2570 2599 2783 2653 censeri
2830 2599 3029 2653 debent
3074 2600 3217 2668 apud
3255 2614 3350 2654 eos
3393 2601 3484 2669 qui
3526 2599 3649 2667 plus
3690 2614 3916 2655 summo

2334 2688 2455 2758 iure
2494 2702 2655 2755 quam
2687 2687 2983 2743 clementer
3024 2703 3138 2743 rem
3172 2688 3510 2757 diiudicant;
3547 2689 3718 2744 altera
3774 2704 3914 2757 pro-

2338 2785 2456 2846 pter
2493 2790 2684 2843 corum
2718 2787 2969 2834 naturam
3000 2793 3119 2847 qua:
3145 2782 3361 2848 semper
3396 2780 3591 2834 ducem
3620 2793 3675 2833 et
3706 2780 3775 2834 ad
3808 2781 3914 2833 bo-

2336 2879 2600 2925 nestatem
2629 2880 3033 2941 promoventem
3058 2871 3313 2940 requirit;
3361 2870 3526 2925 altera
3570 2870 3715 2939 quod
3738 2886 3911 2938 quem

2340 2962 2405 3016 ad
2462 2962 2667 3018 bonum
2726 2960 3038 3031 praefectum
3094 2973 3403 3030 acceperat,
3459 2963 3511 3014 in
3564 2964 3913 3016 contrarium

2338 3039 2722 3123 depravantem
2771 3066 2824 3111 et
2879 3065 3264 3125 provocantem
3318 3056 3542 3110 invenit.
3590 3054 3731 3108 Nihil
3776 3069 3914 3109 vero

2343 3157 2449 3201 tatu
2494 3148 2560 3201 ad
2598 3150 2849 3202 virtutem
2896 3158 2949 3200 et
2997 3148 3187 3223 vitium
3235 3147 3425 3207 allicit.
3457 3162 3617 3216 quam
3647 3146 3913 3215 princeps

2339 3252 2399 3291 ea
2432 3236 2635 3293 faciens
2658 3254 2780 3306 qua:
2805 3238 2869 3291 ad
2894 3228 3216 3291 alterutrum
3244 3239 3620 3303 exhortantur,
3644 3249 3698 3293 et
3718 3255 3914 3295 exem-

2339 3326 2430 3396 plo
2450 3343 2549 3382 suo
2569 3329 2633 3381 ad
2664 3329 2861 3382 similia
2884 3332 3245 3398 perpetranda
3269 3332 3520 3400 trahens;
3550 3332 3935 3400 quemadtnoo‘

2338 3416 2466 3469 dum
2499 3426 2550 3471 et
2582 3421 2745 3471 chara
2778 3420 2908 3471 mihi
2953 3434 3105 3474 mens
3144 3420 3384 3488 duplices
3411 3422 3562 3475 dabit
3601 3438 3821 3489 pmnas,
3851 3436 3914 3481 ut

2338 3522 2457 3575 qua:
2483 3523 2659 3578 neque
2688 3510 2828 3576 quod
2862 3511 2915 3562 iu
2952 3511 3168 3564 homine
3200 3511 3361 3565 fuerit
3387 3513 3748 3567 inordinatum
3779 3531 3912 3570 coro

2338 3599 2497 3665 rexit,
2535 3615 2764 3669 qumque
2792 3601 3055 3655 colletata
3086 3601 3266 3665 fuerit,
3307 3611 3358 3656 et
3393 3605 3681 3674 voluptatis
3712 3607 3908 3663 illece-

2336 3688 2462 3745 bras
2507 3690 2671 3745 simul
2696 3692 2963 3749 ereitarit.
2994 3693 3047 3745 Si
3078 3708 3207 3747 vero
3226 3693 3494 3748 sulfocant
3518 3710 3694 3765 aqua},
3722 3698 3909 3764 aiunt,

2336 3782 2467 3851 quid
2499 3796 2636 3852 opus
2671 3793 2752 3837 est
2777 3783 3066 3883 aqhilnre?
3099 3784 3226 3838 Mihi
3250 3796 3430 3840 autem
3466 3788 3714 3843 fortassis
3739 3794 3912 3846 venia

2336 3872 2604 3941 quaepiam
2653 3872 2887 3937 dabitu‘r,
2920 3875 3065 3941 quod
3110 3875 3291 3928 heram
3321 3890 3648 3947 consequar.
3678 3896 3808 3947 qua
3850 3893 3910 3937 ut

2337 3963 2441 4017 ista
2478 3955 2791 4033 delinquant
2854 3979 2939 4017 me
2990 3965 3198 4019 doceat.
3256 3965 3443 4032 Qualis
3500 3969 3669 4033 enim,
3723 3974 3907 4039 aiunt,

2339 4054 2492 4120 hera,
2529 4053 2654 4108 talis
2684 4064 2737 4108 et
2780 4054 2953 4108 canis.
2988 4052 3055 4108 Ut
3088 4065 3267 4110 autem
3310 4058 3511 4114 clarius
3554 4060 3910 4119 demonstra-

2337 4153 2449 4198 tum
2484 4145 2576 4212 sit,
2608 4146 2751 4213 quod
2777 4160 2807 4199 a
2839 4160 2924 4198 me
2952 4160 3060 4200 non
3094 4146 3208 4216 ipsa
3239 4150 3564 4218 corripiatur
3591 4150 3657 4203 ad
3695 4155 3907 4223 turpis-

2338 4237 2473 4293 sima
2505 4252 2750 4307 quaeque,
2773 4238 2867 4293 sed
2884 4237 2997 4306 ipsa
3019 4239 3191 4309 magis
3211 4239 3276 4293 ad
3302 4239 3606 4309 voluptates
3636 4243 3905 4314 abripiat,

2338 4343 2533 4397 meque
2576 4343 2763 4383 secum
2796 4329 3095 4397 pertrahat,
3149 4343 3236 4385 me
3291 4321 3480 4399 quieo
3504 4332 3774 4400 patienter
3802 4351 3907 4391 au-

663 4414 869 4469 Christi
904 4414 1089 4469 famuli
1116 4414 1354 4484 iudices,
1390 4419 1705 4487 primariam
1737 4418 2050 4488 dignitatem
2092 4435 2230 4489 prte—
2256 4410 2311 4471 D
2337 4416 2521 4480 diatis.
2547 4419 2616 4473 ab
2649 4406 2915 4473 orationis
2950 4425 3126 4477 cu‘rsu.
3147 4420 3367 4490 paulum
3397 4422 3819 4491 digredientem,
3851 4438 3911 4484 et

665 4504 941 4567 vendebat,
970 4506 1110 4572 quod
1149 4508 1324 4578 imago
1366 4509 1549 4563 divina
1599 4520 1765 4579 atque
1811 4512 1977 4565 totius
2020 4512 2234 4565 ratione

676 4595 914 4653 carentis
943 4606 1151 4652 natura:
1193 4599 1374 4666 regina
1402 4609 1569 4667 esset,
1601 4617 1667 4655 ac
1708 4616 1792 4656 me
1846 4600 2132 4667 famulum,
2176 4616 2235 4657 se

683 4686 955 4741 dominam
985 4689 1363 4756 nuncupabat?
1399 4689 1643 4755 Quonam
1693 4694 1858 4759 igitur
1890 4693 2048 4746 modo
2075 4695 2234 4746 dere-

675 4786 832 4848 pente
863 4778 1004 4831 facta
1041 4780 1364 4849 mutatione,
1390 4776 1608 4837 sursdm
1638 4798 1827 4838 versus
1856 4784 2077 4837 flumina
2112 4798 2236 4852 pro-

668 4868 869 4929 cedunt
930 4866 1129 4931 fontes,
1184 4883 1247 4922 ac
1300 4869 1586 4923 ostendere
1648 4880 1875 4925 conatur
1932 4887 2018 4926 me
2067 4872 2232 4925 veluti

667 4945 868 5012 ducere
897 4972 960 5013 ac
1003 4957 1410 5015 circumducere
1459 4959 1827 5029 imperiosius,
1869 4976 1929 5017 se
1960 4970 2141 5017 autem
2178 4972 2236 5018 ut

670 5048 1001 5117 mancipium
1038 5047 1142 5116 agi.
1171 5046 1437 5118 ferrique!
1474 5061 1525 5104 et
1558 5051 1816 5121 quidquid
1840 5053 2084 5109 criminis
2117 5069 2234 5108 am-

669 5136 847 5192 bobus
885 5136 1236 5205 delinquitur,
1265 5137 1318 5192 id
1358 5139 1424 5191 ad
1461 5154 1545 5192 me
1573 5149 1633 5193 ut
1677 5153 1953 5196 auetorem
2000 5144 2231 5212 primqu

670 5228 886 5297 reiicit?
928 5227 1080 5291 Quod
1124 5228 1169 5281 si
1204 5229 1319 5296 ipsa
1364 5228 1613 5297 imperat,
1660 5245 1756 5300 ego
1802 5245 1985 5301 pareo,
2018 5241 2235 5301 quantm

668 5316 1018 5387 impudentiae
1056 5328 1139 5373 est
1184 5320 1453 5383 alterisui
1504 5319 1684 5374 delicti
1716 5331 1770 5374 et
1812 5323 2015 5388 peccati
2050 5334 2231 5375 notam

670 5411 926 5469 inurere?
965 5410 1195 5485 Roganti
1227 5411 1371 5464 enim
1402 5411 1531 5465 mihi
1566 5412 1852 5477 responde,
1875 5427 1907 5465 ο
1941 5412 2234 5481 reprelien-

668 5502 828 5559 dendi
853 5509 907 5554 et
939 5501 1227 5574 accusandi
1259 5501 1482 5566 libidine
1509 5501 1762 5572 ﬂagrans,
1791 5511 1921 5558 tunc
1952 5518 1980 5555 a
2012 5503 2236 5557 domino

674 5592 963 5648 constituta
987 5607 1047 5647 es
1075 5606 1197 5661 quae
1238 5606 1504 5646 conservo
1540 5599 1785 5646 mutuum
1825 5603 2051 5662 prmstes
2078 5594 2236 5648 obse-

674 5680 886 5752 ytium,
918 5681 1059 5752 quod
1081 5690 1165 5737 est
1194 5681 1597 5750 inevangelica
1616 5682 1890 5751 parabola,
1921 5682 2078 5754 quasi
2106 5684 2237 5740 fide-

2338 4508 2406 4564 ad
2441 4509 2830 4579 tragmdiarum
2868 4510 3114 4565 omnium
3150 4526 3392 4578 causam,
3431 4527 3593 4582 quam
3626 4517 3910 4584 explicare

2335 4614 2491 4655 mens
2525 4600 2815 4666 erubescit,
2840 4613 3232 4661 recurrentem.
3492 4588 3497 4589 γ

2405 4688 2524 4744 Non
2558 4690 2850 4756 sinceram,
2885 4692 2985 4746 viri
3011 4692 3246 4762 iudices,
3279 4694 3669 4767 intelligentem
3703 4699 3905 4765 vitam.

2335 4792 2388 4837 et
2417 4795 2449 4837 a
2485 4795 2751 4850 corporeo
2778 4798 2942 4839 sensu
2975 4784 3273 4857 ablegatam
3310 4796 3497 4844 noster
3524 4788 3740 4845 animus
3777 4806 3909 4847 sor-

2335 4870 2468 4925 titus
2497 4882 2601 4936 est.
2636 4872 2729 4927 sed
2771 4873 2984 4941 utrique
3011 4875 3135 4929 vita!
3162 4876 3209 4930 ei
3241 4877 3497 4946 subiecta:
3521 4879 3742 4942 insidet,
3787 4893 3906 4939 tum

2336 4953 2637 5034 plantaria,
2679 4972 2790 5019 tum
2823 4965 3002 5031 vitali,
3043 4981 3073 5019 a
3118 4967 3318 5036 quibus
3348 4969 3668 5025 constitutio
3709 4984 3908 5031 nostra

2304 5068 2601 5123 corporea
2648 5054 2943 5123 gubernata
2978 5065 3367 5123 conservatur.
3422 5058 3558 5113 Nam
3603 5059 3799 5116 dolore
3851 5072 3910 5120 et

2335 5144 2606 5212 voluptate
2658 5144 2815 5212 quasi
2858 5144 3225 5211 gubernaculo
3277 5153 3668 5215 temperamur;
3708 5147 3912 5206 dolore

2335 5246 2457 5287 cum
2506 5231 2767 5293 inanitate
2799 5220 3260 5297 laboramus,‘aut
3292 5234 3447 5301 aliter
3478 5236 3767 5304 angimur;
3806 5253 3907 5294 vo-

2337 5321 2562 5389 luptate,
2591 5335 2715 5373 cum
2741 5319 3045 5407 explemur,
3067 5327 3125 5379 et
3144 5319 3286 5383 nulla
3314 5321 3716 5389 perturbatione
3738 5339 3911 5407 vexa-

2337 5426 2478 5475 mur,
2514 5426 2579 5465 ex
2628 5409 2839 5480 opificis
2886 5402 3096 5476 natura:
3128 5409 3488 5480 providentia,
3519 5402 3911 5469 affectionibus

2335 5500 2600 5571 eiusmodi
2648 5498 2805 5553 nobis
2854 5497 2922 5552 ad
2967 5497 3197 5553 salutem
3244 5496 3593 5570 iugeneratis.
3641 5496 3698 5552 Si
3748 5502 3907 5555 enim

2334 5588 2464 5646 dum
2502 5587 2788 5645 deﬁnimus
2832 5597 2885 5643 et
2931 5588 3355 5657 corrumpimur,
3401 5603 3507 5642 non
3547 5602 3905 5658 augeremur,

2337 5695 2515 5753 neque
2544 5678 2973 5745 dum~satiamur
2996 5678 3324 5737 lataremur.
3359 5680 3433 5737 ita
3470 5690 3528 5735 ut
3559 5662 3739 5751 neque
3770 5693 3915 5739 coa-
