4104 6322
160 417 365 503 981·

1487 428 2075 490 ΡΠΟΞΟΡΟΡΠΠΕ.

3297 421 3419 487 982

156 527 419 597 ﬁcientia,
474 546 647 601 neque
695 540 1072 589 conscrvantia
1125 538 1482 596 sentiremus.
1531 539 1713 592 Subito
1743 543 1791 596 Α
1821 539 2021 604 ferens,
2056 543 2219 617 quasi
2275 541 2633 610 decipiamns,
2682 547 2733 591 et
2759 553 2852 591 cos
2912 537 2959 587 vi
3016 534 3411 602 corripiamusv

155 619 461 686 periremus
491 622 878 690 imprudentia.
912 627 1068 681 Nunc
1105 643 1233 681 vero
1265 629 1487 696 provida
1526 644 1715 682 natura

148 710 308 774 quasi
363 714 615 775 manibus
667 716 879 772 duabus
938 726 1125 783 utens,
1187 718 1505 788 fatigatione
1558 729 1719 787 atque

148 797 533 868 delectatione,
575 804 664 857 illa
707 821 971 875 pnngens,
1008 808 1109 862 hac
1145 810 1418 871 inescans.
1451 809 1514 864 ad
1550 810 1717 863 eden-

152 890 282 942 dum
329 900 383 945 et
434 892 731 949 bibendum
776 901 1089 966 exsuscitat,
1122 898 1393 971 fugientes
1441 900 1717 956 esuriendl

154 977 421 1047 dolorem,
464 994 520 1039 et
565 985 760 1042 edendi
790 990 1146 1059 voluptatem,
1183 994 1327 1061 quod
1371 1001 1455 1047 est
1489 992 1718 1047 alimen-

151 1080 292 1141 tum,
328 1086 717 1146 persequentes
752 1096 766 1135 :
803 1094 989 1137 verum
1039 1082 1298 1151 primario
1344 1084 1486 1149 loco,
1524 1093 1583 1138 ut
1624 1085 1718 1152 qui

148 1176 219 1217 ex
253 1166 436 1220 esurie
466 1182 669 1225 mmror
695 1171 964 1237 nascitur,
989 1164 1341 1240 amoveatur;
1373 1174 1719 1239 secundario,

154 1263 216 1308 ut
235 1257 517 1313 saturandi
546 1259 765 1315 licentia
801 1263 982 1318 detur.
1010 1263 1243 1319 Animus
1272 1274 1453 1321 autem
1494 1264 1739 1320 rationis.

158 1359 378 1416 compos
422 1350 582 1406 aliter
617 1367 677 1409 se
703 1354 915 1410 nutrire
955 1369 1053 1423 per
1078 1370 1137 1410 se
1180 1355 1353 1421 novit,
1378 1364 1431 1410 et
1458 1364 1719 1425 praestan-

154 1436 278 1489 uori
313 1439 549 1508 quadam
593 1441 867 1497 ambrosia
901 1442 1029 1497 frui.
1066 1442 1269 1499 Verum
1297 1459 1445 1511 cum,
1479 1454 1538 1499 ut
1573 1443 1717 1500 dixi-

149 1541 298 1590 mus,
350 1543 481 1601 erga
535 1531 637 1587 sibi
683 1533 963 1603 subjecta:
1019 1534 1305 1591 facultates
1353 1550 1459 1591 non
1525 1536 1719 1592 intole-

151 1626 335 1672 ranter
372 1636 470 1676 nec
509 1623 927 1693 implacabiliter
969 1624 1223 1680 affectum
1274 1626 1390 1690 sit,
1445 1642 1716 1683 consensu
1770 1641 1777 1645 ’

149 1710 384 1778 quodam
430 1713 593 1767 etiam
636 1715 702 1768 iis
738 1717 1073 1784 patientibus
1107 1718 1466 1784 condolescit,
1504 1730 1559 1773 et
1588 1735 1719 1775 sane

148 1813 275 1852 cum
306 1812 580 1871 anguntur
622 1806 784 1857 simul
816 1806 1052 1873 angitur,
1086 1816 1140 1860 et
1173 1823 1293 1861 cum
1330 1809 1581 1863 laetantur
1606 1812 1718 1864 col-

146 1888 404 1945 laetatur:
440 1893 522 1947 vel
547 1894 751 1962 potius,
782 1896 826 1949 si
859 1911 970 1949 rem
1006 1901 1318 1951 accuratius
1351 1898 1577 1951 definire
1605 1902 1719 1969 pla-

145 1990 256 2045 cet,
287 1993 339 2035 et
386 1996 445 2036 ut
488 1986 641 2039 aiunt
692 1989 823 2042 artis
861 1988 1144 2043 medicinae
1190 1991 1440 2054 studiosi,
1483 1994 1717 2060 primum

148 2074 266 2138 ipsa
300 2081 527 2130 rationis
566 2079 925 2133 coosensione
959 2083 1182 2149 patitur,
1211 2094 1493 2151 propterea
1526 2094 1580 2138 et
1612 2086 1718 2174 pri-

146 2180 235 2217 ma
284 2166 349 2217 ad
393 2167 755 2220 amovendum
804 2170 1047 2225 dolorem
1096 2174 1361 2244 exsurgit.
1408 2176 1489 2228 sui
1556 2166 1718 2230 causa

146 2259 426 2310 maxime:
462 2259 675 2324 deinde,
711 2269 763 2312 ut
797 2271 878 2315 est
907 2263 1133 2324 dictum,
1161 2266 1499 2319 subditorum
1522 2266 1722 2334 juvan-

143 2349 343 2400 dorum
378 2350 573 2417 gratia.
619 2350 676 2402 in
717 2367 780 2404 eo
812 2352 975 2419 igitur
999 2356 1264 2420 sapientis
1294 2364 1505 2409 natura;
1534 2356 1717 2424 provi-

144 2436 328 2489 dentia
362 2436 483 2502 fuit,
516 2454 583 2493 nc
633 2440 870 2495 maxime
915 2444 1230 2512 principalis
1271 2448 1510 2511 animus,
1556 2463 1717 2516 supra

148 2528 289 2581 mala
364 2532 575 2598 positus
631 2530 899 2586 emineret
960 2535 1298 2602 impatibilis,
1361 2550 1414 2590 et
1469 2541 1721 2595 sensibus

148 2618 331 2673 nullas
389 2620 735 2677 difﬁcultates
779 2639 900 2693 quae
946 2628 1201 2682 secundis
1259 2638 1313 2683 et
1365 2628 1718 2686 inferioribus

147 2709 540 2774 interveniunt,
578 2712 857 2779 hauriret;
888 2714 953 2769 ad
991 2730 1181 2771 eorum
1210 2718 1354 2771 enitn
1390 2719 1721 2786 nulla‘pror—

145 2815 243 2856 sus
273 2802 516 2855 curanda
549 2812 979 2884 converteretur.
1026 2805 1083 2860 Si
1128 2808 1271 2862 enim
1308 2810 1381 2863 ita
1419 2810 1716 2878 stimulata,

144 2891 560 2954 condolescens,
602 2900 655 2945 et
691 2882 978 2969 "consensu
1027 2897 1309 2964 laborans,
1353 2901 1544 2955 videtis
1577 2918 1717 2971 quo-

142 2978 310 3034 modo
360 2980 649 3050 pigrescat,
710 2983 937 3041 delicias
983 2986 1181 3053 faciat,
1236 3001 1290 3043 et
1348 3007 1469 3060 quae
1531 3009 1716 3051 revera

139 3072 448 3125 communis
503 3080 587 3126 est
626 3074 882 3139 fortuna,
921 3087 991 3131 ut
1034 3078 1395 3147 infortunium
1452 3082 1714 3152 deploret,

1824 636 2061 699 perversi
2111 634 2250 687 servi
2286 632 2549 701 supplicia
2592 629 2870 699 defugiet?
2902 628 3092 681 Nonne
3124 626 3407 693 discerpe-

1826 738 1929 791 tur,
1958 734 2010 778 et
2040 738 2161 778 sors
2187 741 2237 778 et
2265 740 2387 777 cum
2434 722 2733 793 ltypocritis
2768 720 3157 775 constituetur,
3186 726 3244 769 ut
3282 730 3408 784 quae

1822 818 2081 886 tanquam
2132 817 2183 870 in
2222 817 2454 878 theatro,
2494 816 2595 867 bac
2626 815 2756 875 vita,
2788 824 3079 879 personam
3114 808 3402 876 cujusdam

1823 920 2081 963 matrona:
2108 916 2308 964 sancta!
2340 918 2394 961 et
2414 906 2611 960 divinae
2648 904 2838 957 induta
2868 901 3058 956 fuerit.
3096 909 3152 953 et
3183 914 3417 953 omnem

1825 1001 2090 1054 incuriam
2138 1014 2201 1053 ac
2231 998 2564 1054 dementiam
2605 996 2763 1050 initio
2816 992 3197 1053 dissimulant,
3239 990 3407 1043 libere

1822 1104 1952 1143 vero
1999 1090 2255 1144 omnibus
2306 1087 2558 1143 nefandis
2612 1086 2981 1156 voluptatibus
3032 1084 3305 1145 servierit,
3350 1090 3407 1135 et

1822 1192 1882 1237 ut
1905 1180 2275 1249 intemperans
2317 1180 2533 1245 ancilla,
2567 1178 2826 1233 indeCore
2864 1190 2923 1231 se
2952 1174 3185 1243 gesserit
3206 1180 3260 1225 et
3289 1180 3411 1225 tur-

1821 1275 1947 1344 pius
1974 1272 2295 1327 inebriarit?
2319 1270 2465 1341 quod
2494 1282 2647 1340 puto.
2679 1267 2814 1322 Nam
2846 1266 2895 1321 ei
2927 1265 3145 1321 cunctis
3180 1262 3409 1317 faculta-

1822 1363 1991 1419 tibus‘
2028 1361 2296 1430 praefecte
2353 1362 2468 1414 hac
2531 1374 2657 1414 cura
2706 1357 3030 1413 demandata
3082 1364 3187 1420 est,
3239 1363 3299 1408 ut
3353 1361 3409 1408 et

1822 1454 2091 1524 sagaciter
2132 1451 2437 1507 molestiam
2469 1449 2786 1505 exhibentia
2830 1446 3167 1519 provideret,
3204 1454 3258 1499 et
3290 1444 3407 1498 ido-

1824 1560 1979 1601 neam
2034 1544 2359 1600 medicinam
2412 1543 2718 1607 adhiberet,
2748 1550 2806 1596 ut
2852 1540 3005 1595 illinc
3052 1544 3403 1607 perspicuum

1822 1637 2001 1692 cst:si
2031 1635 2253 1706 quando
2276 1636 2423 1690 enim
2457 1648 2612 1689 mens
2640 1634 2692 1687 in
2725 1632 2984 1688 curandis
3014 1630 3177 1685 rebus
3206 1628 3406 1682 divinis

1821 1742 2045 1783 excessu
2089 1726 2283 1786 nimio.
2320 1726 2423 1790 vel,
2453 1739 2542 1780 me
2575 1725 2786 1787 nescio,
2825 1722 3021 1776 morbo
3054 1720 3411 1788 corripiatur,

1746 1819 1914 1917 Bqui
1966 1818 2317 1887 cogitationis
2367 1833 2473 1871 non
2533 1815 2833 1870 movendas
2881 1813 3120 1868 chordas
3168 1818 3410 1873 moveat,

1820 1924 1921 1965 nec
1951 1909 2170 1971 esuriei,
2202 1923 2302 1962 nec
2343 1907 2610 1972 alimenti,
2653 1920 2751 1961 nec
2783 1905 2923 1960 alius
2962 1901 3258 1971 voluptatis
3290 1915 3409 1953 me-

1822 2016 1942 2053 mor
1970 2002 2060 2062 si',
2093 2010 2205 2053 tum
2233 2014 2342 2068 ego
2368 2013 2590 2068 quoque
2620 1997 2766 2051 nulla
2802 1998 2996 2049 barum
3038 2008 3224 2050 rerum
3251 2006 3407 2054 cura,

1823 2094 1969 2146 nulla
1990 2091 2359 2147 sollicitudine
2388 2102 2583 2160 tangor
2611 2110 2626 2146 :
2661 2104 2904 2160 quonam
2926 2088 3090 2157 igitur
3117 2085 3281 2139 modo
3308 2086 3412 2153 pri-

1821 2201 1937 2239 mas
1987 2200 2088 2252 ego
2141 2190 2321 2253 partes
2386 2192 2585 2245 teneo,
2642 2190 2694 2236 et
2746 2180 3076 2249 procurandi
3132 2188 3189 2232 et
3244 2175 3415 2231 dandi

1820 2278 1992 2340 cibos,
2026 2285 2076 2330 et
2103 2288 2317 2344 tempus
2353 2289 2543 2328 corum
2582 2289 2645 2328 ac
2683 2275 2905 2326 modum
2948 2271 3243 2326 definiendi
3285 2285 3411 2323 ntu-

1825 2383 1923 2421 nus
1949 2367 2226 2421 sortionlis
2254 2366 2558 2433 voluptates
2584 2365 2865 2433 prarripio,
2887 2364 3191 2433 deindeque
3213 2364 3410 2451 ipsam,

1822 2462 1961 2523 quod
2016 2468 2101 2512 est
2152 2459 2324 2525 magis
2379 2457 2716 2523 ridiculumvt
2747 2458 2812 2509 ad
2868 2472 2963 2510 eas
3012 2454 3291 2523 corripio?
3335 2456 3415 2512 ita

1825 2549 2004 2601 mollis
2039 2547 2154 2613 ipsa
2195 2558 2281 2602 est
2318 2559 2374 2601 et
2400 2548 2658 2611 delicata,
2695 2561 2797 2616 ego
2847 2562 2979 2602 vero
3026 2544 3312 2602 robustum
3347 2563 3417 2602 ac

1821 2640 2138 2693 violentum.

1892 2730 2094 2785 Verum
2128 2728 2410 2786 enimvero
2464 2747 2531 2785 ne
2594 2731 2825 2801 singulis
2869 2731 3118 2800 partibus
3164 2731 3409 2786 renitens

1823 2819 2072 2877 defensio
2102 2822 2441 2875 contentiosa
2480 2821 2729 2875 videatur
2766 2828 2820 2874 et
2852 2821 3126 2889 pertinax,
3151 2829 3245 2875 tua
3273 2822 3407 2893 gra-

1823 2913 1898 2965 tia
1940 2912 2196 2966 concedo
2240 2927 2325 2964 me
2375 2912 2612 2979 primum
2670 2912 3044 2981 voluptatibus
3082 2913 3301 2966 inhiare
3350 2921 3409 2966 et

1821 3003 2350 3072 coutpleri,insuper
2380 3014 2433 3057 te
2458 3017 2679 3071 quoque
2705 3003 2771 3057 ad
2802 3004 3112 3072 voluptates
3143 3003 3413 3059 fruendae

1822 3114 1851 3152 a
1890 3115 1975 3152 tne
2012 3098 2255 3165 corripi:
2291 3108 2346 3151 tu
2380 3109 2567 3165 postea
2600 3098 2844 3160 domina,
2881 3107 2937 3152 et
2982 3099 3147 3152 rebus
3199 3100 3403 3154 nos1ris

146 3163 523 3219 multo-minus
546 3164 787 3232 profecto
805 3182 1001 3237 corpus
1026 3174 1443 3240 respexissensi
1469 3178 1714 3244 corporis
1739 3202 1787 3266 ο
1820 3190 2092 3257 imperans
2118 3163 2290 3248 {cum
2324 3163 2538 3257 opertet
2594 3192 2871 3258 puniendo
2905 3191 3204 3254 cohibere,
3235 3201 3287 3245 et
3319 3193 3405 3244 in-

146 3254 503 3330 adversitates
547 3273 667 3313 eam
714 3270 927 3327 natura:
971 3260 1195 3317 decreto
1233 3280 1339 3320 non
1386 3269 1715 3335 attigissent.

145 3341 305 3398 Nunc
337 3341 487 3401 vero.
516 3346 561 3401 si
600 3348 821 3415 quidem
855 3348 1003 3405 aliud
1027 3352 1338 3422 quidpiam,
1370 3368 1419 3409 et
1452 3358 1553 3411 hoc
1577 3375 1717 3428 quo-

147 3448 257 3503 que
292 3437 650 3491 constitutum
682 3447 768 3493 est
800 3442 1027 3509 optime,
1065 3451 1125 3496 ut
1169 3440 1534 3503 consensione
1567 3451 1718 3505 dolo-

139 3536 269 3578 rum
322 3537 537 3595 agatur,
566 3536 619 3583 et
655 3544 720 3584 eo
765 3530 928 3585 simul
959 3533 1284 3600 adducatur,
1327 3548 1405 3599 ιιι,
1454 3543 1717 3607 quemad-

142 3616 366 3672 modum
411 3609 489 3674 ait
529 3621 822 3690 quispiam,
849 3624 1085 3679 vicissim
1134 3639 1186 3681 et
1216 3644 1278 3683 ex
1321 3641 1472 3698 parte
1503 3632 1717 3689 labores

139 3722 414 3778 capessat,
445 3722 500 3766 et
534 3714 901 3770 molestiarum
944 3718 1318 3774 liberationem
1352 3726 1717 3779 communiter

138 3802 457 3870 conquirat.
499 3803 708 3871 Quibus
741 3806 886 3861 enim
931 3813 1298 3876 quorumlibet
1340 3813 1717 3869 incommodo-

140 3906 267 3945 rum
327 3898 646 3952 communio
677 3907 780 3963 est,
831 3898 1023 3955 iisdem
1070 3900 1435 3969 cetttmttttitcr
1465 3916 1520 3960 et
1550 3907 1618 3961 ab
1650 3906 1719 3963 iis

136 3983 392 4038 iibcratio
415 4000 560 4040 curat
592 3997 693 4041 est.
1163 3980 1168 3985 ’

211 4072 309 4128 llis
356 4076 427 4131 ita
469 4077 876 4142 demonstratis,
919 4084 972 4134 in
1006 4066 1255 4138 eumdem
1298 4087 1472 4139 locum
1519 4087 1713 4142 iterum

137 4166 338 4220 recidit
363 4168 574 4222 oratio:
599 4185 663 4223 ac
689 4173 940 4239 superius
959 4189 1021 4225 ex
1032 4175 1220 4242 posita:
1248 4189 1518 4251 memores
1539 4186 1714 4233 estote

134 4258 434 4330 parabolae,
489 4261 544 4314 in
589 4277 693 4330 qua
729 4264 941 4318 fidelem
978 4278 1027 4319 et
1075 4269 1395 4333 prudentem
1428 4271 1717 4340 dispensa-

134 4362 312 4402 [Ofelli
366 4365 523 4403 tilium
568 4351 825 4407 dominus
860 4357 1164 4421 constituit,
1210 4368 1266 4411 ut
1302 4360 1405 4414 sibi
1440 4360 1712 4431 obsequa-

133 4448 251 4500 tur,
310 4439 491 4494 dando
554 4456 654 4495 suo
696 4450 938 4513 tempore
982 4446 1125 4509 cibo,
1178 4451 1443 4518 numquid
1492 4467 1599 4507 non
1649 4455 1716 4509 ad

1823 3279 2033 3336 fansam
2069 3294 2190 3333 esse
2225 3279 2550 3347 liguritioni.
2573 3281 3063 3349 vehementiusque
3092 3282 3401 3350 increpare,

1813 3371 2004 3437 potius
2030 3371 2096 3423 ad
2147 3373 2391 3424 eamdem
2448 3370 2843 3437 turpitudinem
2901 3372 3310 3449 suscipiendam
3342 3382 3403 3426 ιιι

1823 3462 2156 3529 mancipium
2209 3477 2316 3514 una
2370 3462 2709 3528 provolveris
2736 3501 2751 3525 ,
2780 3471 2833 3515 ιιι
2866 3463 2955 3514 illa
2990 3463 3140 3528 gravi
3164 3504 3179 3526 ,
3213 3471 3404 3517 sancta

1823 3552 2102 3622 rigidaque
2143 3552 2403 3621 dignitate
2439 3553 2586 3606 humi
2626 3560 2931 3623 pt-Ostrata,
2960 3556 3024 3607 de
3061 3569 3167 3622 qua
3203 3554 3404 3623 gloria-

1822 3646 1900 3698 ris
1928 3652 1982 3695 et
2027 3643 2315 3713 magnifice
2366 3644 2570 3707 sentis,
2610 3658 2844 3699 meeum"
2876 3644 3141 3712 voluptati
3190 3646 3405 3711 captiva

1823 3749 2094 3805 servaque
2149 3734 2465 3798 voluntaria
2528 3734 2959 3816 constringeris.
3001 3735 3110 3790 Nec
3156 3747 3207 3791 te
3240 3737 3410 3806 pudet

1820 3826 1929 3892 pati
1962 3822 2307 3893 profitentem
2334 3824 2688 3895 eadem,qua:
2722 3825 3008 3882 fabulosus
3039 3827 3128 3880 ille
3152 3843 3403 3897 serpens,

1820 3916 1979 3981 cujus
2013 3914 2245 3967 caudam
2286 3916 2355 3969 de
2389 3917 2569 3985 capite
2616 3918 2774 3973 aiunt
2832 3931 3197 3989 conquestam
3238 3916 3413 3984 esse.

1819 4005 1963 4073 quod
2002 4006 2262 4079 motionis
2292 4008 2536 4076 repetita:
2566 4007 2679 4062 dux-
2733 4024 2949 4077 scmper
2977 4022 3146 4077 esset,
3181 4004 3291 4080 ipsa
3322 4023 3408 4067 to-

1821 4096 1927 4149 tius
1962 4097 2123 4152 molis
2158 4110 2218 4150 se
2272 4098 2654 4154 convolventis
2706 4102 3081 4158 attraheretur
3123 4116 3411 4160 extrema.

1821 4186 2061 4243 Tandem
2094 4202 2227 4242 vero
2262 4189 2328 4242 ad
2377 4190 2825 4258 persuadendum
2880 4208 3191 4276 aggressam
3214 4234 3229 4259 ,
3258 4206 3317 4250 ut
3344 4198 3404 4252 in

1819 4280 1925 4334 hoc
1956 4280 2215 4348 serpendi'
2255 4296 2487 4338 munere
2536 4284 2880 4354 principatus
2910 4286 3019 4342 sibi
3052 4288 3363 4343 deferretur
3384 4307 3403 4345 :

1817 4370 2016 4425 deinde
2043 4385 2139 4441 per
2169 4374 2469 4441 praecipitia
2516 4390 2765 4446 saxaque
2802 4391 2927 4432 cum
2963 4392 3113 4435 caeca
3138 4378 3406 4448 ferretur,

1819 4462 1998 4531 ipsum
2049 4473 2210 4531 caput
2249 4473 2304 4517 et
2335 4467 2607 4537 reliquum
2652 4477 2970 4537 serpentem
2996 4486 3128 4525 cum
3157 4488 3227 4528 eo
3254 4474 3405 4530 labe-

130 4528 303 4584 animi
321 4540 525 4598 partem
546 4531 773 4587 rationis
790 4536 1108 4604 participem
1130 4542 1542 4599 accommodate
1572 4544 1704 4601 [Μά-
1739 4546 1793 4609 D
1817 4528 2080 4608 lactatum
2118 4528 2298 4611 fuisse
2327 4596 2339 4608 .
2371 4528 2932 4627 A‘t-queutaduiodum
2967 4562 3101 4628 illic,
3130 4562 3402 4633 siquidem

135 4620 246 4675 lem
273 4629 327 4675 et
350 4623 663 4690 prudentem
690 4639 1036 4683 ωεοιιοιιιυιιι
1066 4633 1488 4701 assumpsimus,
1510 4646 1569 4689 ut
1593 4652 1713 4706 qua:

134 4708 401 4781 pmclare
446 4712 618 4782 possit
648 4728 712 4767 ex
743 4715 1053 4772 abundanti
1094 4722 1378 4789 prudentia
1406 4725 1711 4794 gubernare

130 4802 418 4873 patibilem
470 4812 524 4858 et
571 4814 842 4861 amentem
888 4809 1089 4865 vitam?
1129 4828 1288 4881 quam
1330 4818 1495 4875 etiam
1543 4822 1596 4874 in
1646 4836 1712 4875 eo

132 4909 366 4949 munere
406 4895 757 4952 constitutam
800 4900 1056 4956 dominus
1093 4903 1306 4961 beatam
1348 4912 1632 4979 pradicat,
1663 4916 1710 4969 si

131 4987 429 5058 prudenter
459 4996 513 5041 et
544 4988 773 5049 fideliter
792 4989 1155 5060 administret,
1198 5012 1269 5055 ac
1292 5001 1444 5068 plura
1476 5019 1535 5059 se
1557 5021 1711 5063 com-

129 5078 436 5134 missurum
476 5078 597 5148 ejus
630 5080 751 5136 ﬁdei
798 5084 1084 5150 pollicetur
1121 5106 1134 5140 :
1164 5091 1245 5142 sin
1273 5103 1452 5146 autem
1500 5096 1705 5153 domini

129 5182 197 5229 ut
226 5185 434 5226 moram
472 5170 722 5255 facientis
759 5174 946 5239 oblita,
979 5192 1272 5235 conservos
1315 5186 1532 5251 pulsare
1570 5167 1703 5244 con-

131 5264 444 5340 tutneliose.
492 5273 622 5319 non”
654 5265 1020 5334 providenter,
1052 5275 1301 5339 emperit,
1346 5286 1622 5341 tutamque
1649 5298 1707 5337 se

127 5335 471 5411 comedendo
503 5369 568 5409 ac
608 5355 844 5411 bibendo
873 5335 1123 5414 fruendis
1140 5335 1520 5431 voluptatibus
1537 5335 1707 5426 dede;

128 5446 229 5511 rit,
271 5460 395 5501 cum
422 5447 676 5513 ebriosis,
703 5457 887 5517 partes
929 5448 1052 5504 dico
1099 5461 1213 5506 tum
1247 5472 1367 5522 quae
1393 5459 1556 5522 alere,
1593 5471 1702 5518 tum

126 5551 258 5608 qua:
290 5536 361 5592 ali
402 5546 652 5607 possunt,
684 5554 805 5606 quae
841 5543 1194 5598 extrinsecus
1239 5546 1457 5616 allapsis
1490 5552 1709 5606 satieta-

126 5630 285 5686 tibus
318 5644 534 5699 semper
570 5631 949 5697 referciuntur,
1000 5647 1276 5703 utrumne,
1322 5656 1444 5694 cunt
1490 5645 1707 5701 redierit

126 5722 411 5786 dominus,
448 5722 628 5791 qualia
679 5740 823 5779 nunc
864 5741 1048 5779 coram
1095 5731 1270 5796 vobis,
1318 5744 1594 5802 [ll‘tl'ic.\‘(‘1,
1645 5756 1706 5794 ac

127 5814 609 5885 huiusiasolea‘tis
646 5819 988 5874 contumeliae
1018 5808 1240 5876 causam
1278 5825 1329 5878 in
1367 5840 1470 5881 nos
1528 5808 1705 5884 trans~

1816 4645 1885 4699 de
1917 4646 2087 4699 cauda
2121 4657 2286 4715 caput
2310 4660 2676 4718 conquestum
2720 4650 2911 4706 fuisset
2934 4692 2948 4715 ,
2973 4668 3097 4708 eam
3129 4669 3405 4717 accusans

1780 4802 1783 4805 _
1814 4735 2051 4803 injuriae.
2079 4736 2370 4812 ridiculum
2405 4749 2463 4793 et
2477 4741 2746 4795 stolidum
2786 4743 3102 4800 videretur:
3130 4746 3203 4801 ita
3231 4748 3400 4803 etiam

1814 4838 1871 4883 ιιι
1904 4844 2127 4899 quoque
2156 4828 2209 4883 in
2241 4831 2345 4887 hac
2384 4846 2545 4887 causa
2572 4874 2587 4895 ,
2641 4844 2702 4888 ut
2750 4851 2873 4905 qua:
2929 4838 3099 4893 animi
3131 4841 3270 4908 parti
3307 4842 3400 4896 ra;

1816 4921 1984 4977 tionis
2040 4924 2272 4992 experti,
2310 4925 2836 4987 caudamtrnbenti
2891 4940 2949 4983 et
3000 4945 3158 4985 caeca:
3225 4938 3403 5001 (nam

1815 5030 1991 5078 mens,
2004 5015 2081 5070 ait
2096 5002 2402 5085 quispiam,
2414 5018 2603 5087 videt),
2619 5019 2877 5075 ductaudi
2901 5022 3066 5077 cedas
3084 5024 3396 5093 imperium.

1818 5114 1874 5158 et
1922 5105 2151 5171 teipsam
2175 5105 2294 5174 ejus
2316 5106 2797 5177 fidei‘eommittas,
2824 5111 2972 5180 quod
3002 5111 3070 5167 ad
3098 5114 3395 5181 perniciem

1815 5198 2124 5263 pertrabat.
2161 5194 2415 5253 Videntes
2467 5199 2611 5253 enim
2672 5216 2943 5256 caecorum
2969 5244 2984 5267 ,
3017 5219 3124 5259 non
3158 5208 3285 5259 eat-ci
3320 5207 3397 5259 vi-

1814 5288 2059 5340 dentium
2098 5290 2265 5345 duces
2315 5304 2442 5343 sunt
2474 5307 2487 5352 ;
2537 5304 2589 5346 et
2621 5293 2727 5347 bos
2759 5308 3014 5359 currum,
3045 5280 3390 5352 ιιοιιὶιονειιι

1815 5397 2010 5434 currus
2046 5382 2232 5449 traltit,
2257 5395 2312 5438 et
2348 5386 2490 5454 lapis
2526 5388 2592 5439 ad
2628 5388 3100 5456 perpendiculum,
3130 5406 3236 5442 non
3268 5406 3395 5458 pcr-

1814 5469 2163 5535 pendiculum
2226 5472 2291 5525 ad
2350 5472 2587 5541 lapidem
2640 5477 3203 5543 componitur.Quid
3266 5494 3395 5534 vero

1814 5570 1981 5622 puero
2004 5598 2018 5620 ,
2046 5571 2235 5614 contra
2285 5564 2557 5629 proverbii
2578 5576 2942 5632 praet-cptum,
2970 5569 3213 5637 gladium
3249 5586 3385 5623 con.

1814 5649 2023 5703 mittis?
2047 5651 2168 5717 quis
2207 5668 2477 5707 vcucnunr
2513 5670 2856 5725 propinatum
2916 5648 3391 5730 cotitltibeti's,itta-

1808 5742 1898 5806 jus
1932 5727 2207 5811 quippiam
2246 5746 2310 5797 ad
2337 5763 2405 5797 se
2439 5748 2815 5801 excusandum
2868 5750 2949 5801 viti
2986 5751 3389 5807 defendendimt

1817 5835 2041 5911 habuit,
2077 5852 2242 5905 quam
2296 5839 2487 5893 mortis
2543 5840 3029 5909 deprecationem?
3061 5846 3140 5898 Au
3178 5849 3390 5915 primus
