4104 6322
707 393 817 458 ξ83

1945 390 2329 450 GREGORII
2374 389 2701 448 PALAH£

3880 390 3979 454 934

704 504 871 559 δοιηο
897 517 927 556 a
962 508 1196 556 munere
1246 503 1421 570 prima
1459 514 1584 569 qua
1617 501 1685 556 de
1735 503 2047 572 perniciosa
2096 511 2284 568 gusta-
2317 512 2362 565 Α
2390 503 2669 570 compellit
2694 501 2895 569 ?Quod
2932 514 3346 558 monumentum
3381 522 3487 559 nos
3544 512 3804 564 membra
3868 525 3978 578 qu

704 603 861 650 verat
885 594 1104 656 arbore,
1130 585 1401 661 posterio}
1428 601 1653 661 accepto
1684 591 1809 647 cibo
1839 593 2132 647 comedens
2153 633 2170 656 ,
2198 606 2288 646 re.

706 688 855 743 niam
888 686 1033 756 apud
1074 684 1245 739 Deum
1280 686 1511 741 meritus
1540 695 1666 741 est:
1704 694 1801 739 aut
1830 696 1890 739 ut
1922 682 1972 738 vi
2000 694 2287 753 correptus

708 786 939 831 mortem
969 774 1198 844 eﬂugit?
1223 774 1511 845 Cupiditas
1535 776 1682 830 enim
1706 784 1761 830 et
1791 776 1873 830 ira
1906 776 2009 830 sub
2039 777 2285 829 animum

708 868 940 923 rationis
1000 869 1325 939 participem
1390 867 1655 937 subjectae
1715 879 1887 933 sunt;
1935 883 2047 922 non
2100 878 2162 921 ut
2219 867 2286 919 ad

710 962 1002 1033 voluptatis
1060 963 1387 1016 suasitatem
1444 962 1536 1016 illa
1593 960 1893 1022 delabeus,
1928 976 2117 1014 secum
2171 962 2287 1027 ipsa

707 1056 1039 1119 contrahat,
1072 1056 1187 1109 haec
1226 1069 1358 1109 vero
1395 1054 1466 1113 ad
1496 1054 1729 1107 ferinam
1783 1053 2052 1109 saavitiam
2105 1066 2288 1105 erum-

710 1162 881 1219 pens,
934 1161 1122 1204 secum
1155 1146 1431 1213 abducat,
1482 1147 1579 1201 sed
1632 1155 1693 1199 ut
1740 1144 1807 1198 ad
1850 1143 2180 1213 captandam
2236 1150 2292 1197 et

712 1238 1020 1293 habendam
1074 1238 1416 1294 honestatem
1470 1238 1801 1292 conveniant
1835 1246 1887 1289 et
1928 1236 2288 1303 conspirent:

709 1331 991 1399 cupiditas
1014 1368 1033 1393 .
1074 1339 1137 1384 ut
1167 1345 1346 1399 equus
1378 1330 1548 1384 frenis
1583 1330 1721 1383 bene
1752 1329 2091 1391 moderatus,
2118 1328 2294 1381 subli-

712 1436 855 1475 mem
888 1421 1121 1476 efferens
1148 1461 1164 1486 ,
1192 1432 1246 1476 et
1274 1422 1345 1476 ad
1378 1437 1503 1477 vere
1533 1420 1923 1477 desiderabilia
1954 1420 2243 1474 concitans
2276 1436 2292 1483 ;

712 1515 999 1579 ira,veluti
1032 1531 1335 1585 generosus
1363 1516 1541 1579 canis,
1572 1531 1679 1570 una
1719 1530 1817 1580 pro
1848 1514 1915 1568 iis
1944 1526 1998 1567 et
2026 1514 2294 1567 adversus

710 1624 776 1663 ea
809 1624 933 1676 qua:
958 1617 1175 1677 oportet
1200 1609 1528 1677 belligerans
1555 1617 1609 1660 et
1642 1620 2028 1675 propugnans;
2058 1613 2293 1671 utraque

711 1700 973 1755 nimirum
1018 1714 1047 1752 a
1086 1700 1301 1757 ratione
1329 1716 1426 1769 per
1469 1701 1787 1754 diuturnam
1838 1697 2294 1753 consuetudinem

710 1794 780 1846 ad
830 1792 967 1848 bene
1018 1792 1323 1862 parendum
1353 1802 1409 1849 et
1451 1792 1818 1847 obedientium
1866 1792 2075 1845 domita
2127 1800 2295 1857 atque

2392 600 2525 646 sunt
2578 606 2745 660 super
2806 602 3010 646 terram
3058 594 3397 656 mortificat,
3436 608 3487 648 et
3546 600 3757 651 anima-
3822 602 3975 651 vitam

2388 684 2538 736 Omni
2566 697 2633 735 ex
2667 692 2821 751 parte
2850 683 3065 735 beatam
3102 682 3352 750 largitur,
3378 686 3471 739 sed
3504 689 3687 754 potius
3733 689 3975 741 viviﬁcat

2388 783 2443 826 et
2472 773 2737 825 adversus
2766 772 3006 827 animam
3031 776 3337 828 exsuscitat
3361 775 3384 825 ?
3405 778 3513 829 Aut
3543 778 3718 843 igitur
3750 793 3857 845 ego
3890 793 3975 830 ne-

2388 882 2496 936 que
2546 872 2859 934 sepulcrum
2882 903 2901 929 ,
2929 881 3107 935 neque
3150 877 3342 921 eatena
3387 884 3509 922 sunt
3533 910 3546 929 ,
3575 871 3867 937 siquidem
3922 870 3975 921 ad

2390 956 2613 1010 delicias
2654 958 2947 1024 corripior,
2974 969 3029 1013 et
3055 974 3164 1012 una
3192 960 3520 1027 pertrahor:
3562 960 3976 1014 inconsiderate

2389 1058 2445 1101 et
2481 1050 2715 1101 inaniter
2761 1051 2964 1104 talibus
2993 1051 3203 1105 cavillis
3250 1050 3486 1116 illudor;
3516 1063 3611 1105 aut
3646 1068 3977 1106 monumen—

2394 1148 2507 1192 tum
2543 1153 2730 1192 revera
2760 1148 2817 1193 et
2849 1151 3044 1194 catena
3091 1139 3217 1202 sim,
3250 1155 3317 1194 ac
3349 1156 3559 1207 magna:
3614 1143 3755 1197 hinc
3798 1144 3981 1197 incon-

2396 1230 2643 1284 tinentia
2670 1230 2909 1299 seipsam
2942 1246 3101 1284 nens
3130 1247 3278 1285 ream
3314 1231 3463 1297 facit,
3490 1233 3641 1301 quod
3677 1244 3737 1287 et
3782 1235 3980 1303 illigati

2396 1323 2525 1375 mihi
2574 1332 2626 1375 et
2667 1322 2984 1391 consepqu
3018 1324 3320 1383 deiiciatur,
3336 1336 3387 1379 et
3414 1327 3607 1379 vivens
3641 1338 3870 1379 mortua
3902 1330 3981 1387 sit,

2394 1431 2458 1469 ac
2490 1430 2655 1483 supra
2675 1416 2897 1468 modum
2933 1418 3236 1477 extollitur,
3267 1418 3479 1471 tametsi
3504 1426 3647 1472 crux
3673 1433 3785 1487 ego
3822 1421 3923 1474 sim
3944 1422 3984 1475 ei

2396 1507 2520 1562 data
2550 1510 2696 1565 :boc
2719 1510 2863 1562 enim
2895 1510 3123 1577 nomine
3156 1526 3243 1564 me
3274 1525 3495 1579 quoque
3525 1514 3707 1567 libens
3732 1516 3988 1582 appellat,

2398 1609 2457 1653 ut
2481 1601 2647 1653 etiam
2704 1601 2911 1655 dolium
2972 1610 3297 1670 pertusum,
3342 1601 3711 1657 dissimulans
3770 1618 3906 1672 quot
3946 1616 3992 1660 et

2398 1704 2735 1765 quantorum
2771 1695 3040 1749 bonorum
3093 1711 3195 1765 ego
3237 1695 3339 1748 sim
3386 1699 3865 1765 conceptaculum
3889 1743 3904 1762 ,
3943 1710 3993 1752 ut

2400 1806 2507 1843 non
2558 1789 2730 1842 multo
2782 1797 2904 1857 post
2937 1788 3007 1841 de
3056 1788 3243 1841 multis
3290 1804 3462 1857 pauca
3510 1789 3835 1858 degustans
3881 1808 3989 1845 sum

712 1858 1228 1951 cicuratat—Verum
1268 1899 1423 1937 mens
1457 1884 1663 1951 alioqui
1712 1882 2011 1937 temulenta
2049 1882 2215 1944 facta,
2243 1889 2298 1933 et
2328 1858 2372 1913 Β
2401 1882 2923 1936 demonstraturum.
2955 1880 3011 1933 Si
3054 1895 3183 1933 vero
3236 1890 3522 1949 pertusum
3573 1897 3816 1951 quoque
3845 1900 3993 1948 sum,

712 1974 872 2030 valde
898 1988 1011 2034 sua!
1038 1976 1382 2033 strenuitatis
1413 1976 1717 2047 negligens,
1759 1974 2110 2031 eﬂeminatur
2138 1973 2298 2043 quasi

713 2082 928 2131 vi-cors,
958 2078 1014 2122 et
1058 2068 1330 2124 deteritur
1352 2112 1367 2136 ,
1397 2086 1461 2124 ac
1496 2081 1763 2137 quantum
1814 2082 1845 2121 a
1879 2064 2152 2121 constanti
2187 2065 2295 2117 im-

714 2158 1013 2229 tnobilique
1048 2172 1317 2218 conoentu
1344 2160 1580 2224 deudit,
1603 2159 1945 2213 tantumdem
1972 2158 2040 2211 ad
2070 2172 2293 2211 currum

714 2250 1195 2316 perturbationum
1227 2250 1437 2307 accedit
1471 2268 1487 2304 :
1522 2259 1901 2319 quantumque
1939 2245 2198 2315 paulatim
2228 2242 2298 2295 ab

713 2343 1037 2413 imperando
1066 2342 1345 2407 desciscit,
1379 2353 1590 2405 tantum
1651 2343 1744 2398 illa
1792 2340 2047 2397 servituti
2083 2336 2296 2392 manci-

714 2446 900 2503 patur.
934 2433 1127 2500 Itaque
1164 2436 1315 2490 nulla
1352 2439 1403 2490 vi
1450 2437 1700 2505 cogitur,
1727 2449 1827 2489 nec
1854 2434 1921 2487 ad
1958 2434 2298 2500 peccandum

712 2533 770 2579 et
801 2525 1232 2595 delinquendum
1258 2526 1426 2579 invita
1462 2525 1693 2593 rapitur,
1709 2524 1813 2601 sed,
1835 2522 1982 2591 quod
2007 2518 2297 2575 Herculem

715 2632 939 2687 passum
972 2616 1143 2673 fuisse
1194 2618 1496 2687 fecisseque
1552 2610 1726 2687 Grzeci
1780 2631 1845 2670 ac
1902 2614 2115 2685 profani
2162 2614 2302 2668 scri-

714 2720 902 2781 ptores
951 2719 1223 2767 testantur
1256 2710 1484 2781 (ferunt
1535 2711 1681 2765 enim
1721 2710 1874 2765 illum
1942 2719 2062 2775 post
2096 2708 2305 2762 belluas

714 2811 772 2859 et
805 2803 1105 2858 sceleratos
1130 2804 1382 2859 homines
1412 2804 1771 2873 perdomitos,
1797 2810 1989 2873 postea
2026 2802 2298 2855 volentem

716 2894 883 2968 Lyda:
928 2896 1167 2962 feminae,
1225 2898 1510 2964 Omphalae
1542 2897 1799 2961 nomine,
1832 2894 2133 2965 serviisse),
2163 2896 2302 2948 idem

721 2989 858 3044 mihi
890 2990 1102 3045 videtur
1143 2991 1345 3045 mentis
1394 2992 1536 3044 ratio
1568 2990 1776 3059 perpeti
1807 3027 1823 3043 .
1855 2987 1990 3041 Nam
2022 3003 2143 3055 quae
2176 2996 2307 3041 sunt

724 3084 781 3139 in
840 3084 1063 3139 homine
1117 3084 1378 3139 bellulnaa
1410 3084 1777 3152 malignmque
1829 3081 2305 3151 perturbationes,

724 3191 852 3233 cum
910 3190 1006 3232 eas
1057 3177 1164 3229 sub
1203 3190 1359 3230 suam
1414 3184 1743 3244 potestatem
1789 3171 2063 3240 subjicere
2095 3181 2306 3241 posset,

676 3254 679 3259 ’
728 3269 910 3325 libens
967 3268 1480 3338 tamenvoluptati
1534 3266 1815 3335 animique
1875 3266 2309 3334 appetitionibtts

723 3360 939 3415 servit:
977 3358 1067 3413 vel
1125 3358 1290 3412 etiam
1330 3369 1390 3412 ut
1439 3359 1575 3413 alter
1626 3358 1871 3427 primas,
1930 3370 2161 3425 magnus
2218 3354 2311 3408 ille

725 3450 959 3506 Samson
1010 3454 1079 3505 ab
1114 3451 1453 3506 insidiatrice
1505 3448 1848 3513 muliercula,
1891 3448 2080 3503 eadem
2149 3448 2309 3501 volu-

722 3552 883 3613 ptate
912 3542 1169 3612 decepta.
1204 3557 1365 3597 suum
1402 3555 1661 3611 maguum
1692 3539 1859 3593 robur
1880 3539 2107 3593 ridicule
2132 3538 2314 3605 prodit

724 3639 780 3687 et
812 3628 981 3695 nuda,
1004 3645 1069 3684 ac
1097 3644 1209 3687 non
1255 3630 1368 3699 jam
1403 3631 1581 3698 ipsum
1630 3628 1796 3683 veluti
1831 3642 2043 3682 comam
2073 3628 2311 3696 jactans,

726 3720 895 3781 facile
917 3737 947 3776 a
995 3720 1508 3791 perturbationibus
1544 3721 1869 3789 alienigenis
1904 3720 2117 3790 captiva
2158 3719 2313 3773 duci-

728 3825 840 3879 tur,
868 3821 925 3869 et
956 3822 1271 3870 excaecatur
1300 3813 1480 3869 oculis
1515 3814 1583 3867 ad
1617 3812 1880 3867 honestas
1927 3826 2014 3865 res
2048 3820 2101 3865 et
2146 3812 2315 3865 bonas

728 3908 1162 3980 perspicacibus,
1190 3906 1529 3976 pistrinoque
1555 3905 1822 3974 illigatur,
1846 3913 1900 3958 et
1922 3904 2131 3958 circum
2164 3918 2320 3956 eum-

731 4000 857 4056 dem
888 3999 1231 4068 voluptatum
1293 3997 1526 4061 orbein,
1579 4011 1813 4064 quorum
1859 3995 2073 4048 initiunt
2124 4001 2209 4048 est
2264 4003 2319 4047 et

730 4094 901 4150 veluti
930 4093 1192 4150 stimulus
1223 4091 1433 4147 ventris
1463 4089 1752 4159 ingluvies,
1772 4088 2091 4142 innumeras
2116 4102 2319 4141 aerum-

734 4204 834 4251 nas
876 4185 1191 4258 perpetiens
1233 4184 1585 4239 convolvitur
1610 4220 1625 4246 ,
1660 4190 1715 4235 et
1744 4180 1901 4249 quasi
1931 4180 2155 4235 lascivis
2182 4194 2318 4249 ρυε-

735 4283 834 4343 ris,
870 4277 1162 4347 cupiditati
1212 4284 1271 4329 et
1302 4271 1601 4328 iracundia:
1638 4270 1876 4325 ludibrio
1906 4279 1989 4326 est
2014 4311 2028 4326 .
2059 4271 2134 4326 lta
2164 4286 2319 4326 mens

734 4385 932 4447 sponte
962 4390 1021 4430 se
1069 4373 1230 4427 malis
1283 4372 1652 4440 immergens,
1684 4370 1800 4437 ipsa
1838 4367 1946 4421 sibi
1975 4368 2321 4441 contumelia}

736 4482 911 4539 genus
963 4467 1266 4533 intorquet,
1318 4469 1373 4517 et
1432 4458 1673 4527 undique
1725 4463 1982 4524 cooperta
2043 4454 2318 4519 miseriis,

2402 1984 2458 2028 at
2486 1983 2634 2029 certe
2663 1988 2929 2028 sensuum
2979 1976 3251 2029 meatibus
3301 1976 3532 2028 omnino
3563 1977 3993 2045 specularibus,

2404 2066 2649 2121 luciferis
2680 2076 2737 2121 et
2780 2068 2990 2121 nuntiis
3037 2070 3553 2138 comprehensionis
3594 2086 3792 2123 rerum
3817 2110 3831 2133 ,
3865 2080 3923 2123 ut
3952 2070 3995 2122 id

2402 2160 2566 2212 etiam
2599 2160 2782 2212 statim
2817 2162 3125 2229 apparebit,
3178 2162 3321 2229 quod
3358 2177 3454 2230 per
3507 2162 3612 2215 bos
3642 2162 3917 2216 hauriens
3949 2172 3995 2215 et

2406 2266 2529 2305 sese
2583 2251 2882 2307 referciens
2922 2254 2974 2305 in
3018 2268 3105 2307 me
3136 2254 3302 2307 veluti
3360 2253 3707 2308 temulemiaa
3759 2255 3993 2321 pristina

2408 2343 2669 2396 vomitum
2721 2343 3001 2405 effundat,
3030 2356 3082 2398 et
3114 2346 3429 2413 turpissime
3458 2345 3855 2401 debaccbetur
3878 2386 3890 2397 .
3924 2347 3991 2398 Tu

2412 2446 2565 2485 meos
2594 2447 2814 2498 sensus,
2838 2444 2891 2489 et
2922 2449 3113 2490 eorum
3144 2437 3441 2491 facultates
3464 2438 3793 2492 maledictis
3816 2454 3991 2497 vexas.

2409 2521 2701 2588 speluncas
2731 2535 2787 2579 et
2827 2525 3003 2580 lustra
3050 2526 3227 2581 ferina
3279 2529 3726 2598 cognominans,
3764 2542 3990 2597 quorum

2408 2624 2575 2674 opera
2610 2613 2867 2667 maximis
2893 2613 3088 2669 affecta
3128 2617 3412 2671 bene-ﬁciis
3444 2620 3519 2671 ita
3563 2621 3797 2686 ingrato
3833 2628 3887 2671 et
3909 2619 3997 2671 im-

2409 2704 2638 2756 memori
2694 2707 2881 2759 animo
2926 2708 3257 2765 es?Nonne
3314 2710 3566 2785 discendi
3608 2712 3836 2764 artibus
3890 2723 4001 2763 tan-

2410 2807 2573 2865 quam
2607 2796 2890 2863 pontibus,
2932 2808 2990 2851 ut.
3020 2801 3089 2852 ad
3124 2816 3211 2856 res
3241 2803 3706 2873 contemplandas
3747 2818 3879 2872 quae
3907 2803 3999 2855 sub

2413 2884 2828 2951 intelligentiam
2870 2890 3143 2948 duntaxat
3169 2896 3375 2948 cadunt
3400 2896 3729 2963 trajiciaris,
3775 2911 3879 2949 usa
3904 2896 4000 2949 es?

2413 2976 2664 3041 Quonam
2704 2989 2867 3049 pacto
2902 2997 2998 3036 eas
3036 2983 3195 3039 initio
3224 2985 3345 3040 sine
3379 2986 3521 3040 meis
3553 2987 3829 3041 sensibus
3862 3001 4001 3041 corn-

2417 3072 2710 3137 parasses?
2736 3073 3230 3131 Arithmeticamne
3276 3085 3373 3131 aut
3424 3078 3817 3132 harmonicam
3848 3078 4003 3132 disci-

2414 3161 2619 3227 plinam
2654 3162 2947 3221 habuisses
2986 3183 3253 3238 unquam,
3296 3169 3407 3224 nisi
3445 3170 3595 3224 auris
3652 3171 4003 3235 exstitisset;

2414 3264 2482 3305 an
2531 3266 2886 3308 numerorum
2924 3258 3333 3325 proportiones,
3370 3270 3465 3313 aut
3495 3262 4006 3330 geometriam,aut

2414 3342 2769 3413 astrologiam
2792 3383 2808 3411 ,
2859 3348 2964 3403 nisi
3026 3349 3210 3423 lumen
3257 3351 3542 3406 oculdrum
3576 3351 3858 3407 eluxissel
3882 3353 3908 3405 2
3946 3367 4007 3405 an

2412 3431 2723 3488 doctrinam
2759 3438 2824 3491 de
2855 3437 3108 3506 pulsibus
3138 3447 3195 3494 et
3247 3441 3501 3495 medendi
3534 3442 3836 3497 scientiam
3862 3484 3879 3509 ,
3912 3443 4009 3495 nisi

2413 3527 2668 3593 tangendi
2699 3538 2752 3582 et
2778 3531 3030 3597 gustandi
3071 3546 3270 3588 sensus
3304 3534 3569 3593 tibiviam
3609 3534 4011 3603 patefecisset?

2414 3616 2547 3672 Meis
2587 3618 2751 3686 igitur
2782 3622 3038 3676 sensibus
3085 3622 3314 3690 ablatis,
3350 3627 3460 3680 tuis
3503 3628 3801 3681 convulsis
3839 3632 4017 3696 ponti-

2414 3710 2553 3774 bus,
2602 3711 2733 3779 quid
2795 3712 2889 3768 tibi
2960 3714 3237 3783 reliquum
3299 3716 3449 3769 aliud
3508 3719 3784 3785 supersit,
3852 3734 4013 3788 quam

2417 3802 2605 3868 humi,
2637 3813 2691 3857 et
2722 3803 2866 3857 inter
2902 3820 2991 3861 res
3031 3807 3322 3863 sensibiles
3363 3808 3639 3871 volutari,
3670 3809 3761 3863 vel
3798 3827 3871 3865 ne
3923 3813 4012 3865 bas

2418 3896 2639 3965 quidem
2691 3896 2744 3949 in
2777 3905 2951 3951 totum
2990 3898 3282 3968 attingere,
3317 3915 3499 3968 neque
3531 3910 3817 3969 quantum
3857 3914 4010 3957 terra

2420 3987 2786 4042 meditulliutn
2821 3999 2906 4044 est
2929 4029 2945 4053 ,
2982 3989 3091 4043 vita
3129 3991 3405 4046 sentiendi
3440 4003 3698 4061 compote
3734 3993 3893 4061 frui,
3924 3996 4008 4051 sed

2418 4080 2535 4135 sola
2572 4079 2619 4133 si
2658 4096 2741 4136 res
2778 4081 2851 4139 ita
2911 4080 3089 4146 ferat,
3120 4082 3434 4150 plantaria;
3468 4093 3521 4137 et
3570 4093 3687 4137 tum
3726 4100 3867 4140 vere
3918 4087 4010 4141 sub

2418 4180 2831 4247 monumentum
2860 4186 3245 4244 carceremque
3276 4188 3480 4228 caecum
3502 4172 3752 4247 defossa,
3769 4179 4007 4231 materiae

2420 4264 2680 4320 sordibus
2744 4246 3069 4332 submersa,
3106 4275 3160 4319 et
3223 4266 3509 4336 profunda:
3570 4266 3790 4335 illigata
3863 4268 4005 4329 ficti,

2422 4371 2623 4411 caecam
2678 4356 2835 4425 talpae
2906 4365 3004 4409 aut
3054 4356 3362 4427 cujuspiam
3422 4337 3798 4426 plantaminis
3850 4362 4005 4413 vitam

2422 4446 2632 4508 trahas.
2680 4462 2769 4502 me
2820 4447 3025 4513 solum,
3083 4458 3140 4501 ut
3188 4450 3307 4516 ipsa
3367 4449 3575 4504 comice
3630 4453 4005 4522 perstringis,

741 4537 1003 4613 indecore
1036 4553 1293 4609 lascivit:
1330 4550 1527 4606 deinde
1570 4549 1643 4604 ob
1673 4549 1776 4603 hoc
1825 4545 2197 4602 voluntarium
2222 4542 2317 4599 in-
2348 4564 2397 4625 ο
2423 4549 2663 4596 osueato
2736 4539 3059 4594 indumento
3130 4538 3520 4619 circumdata?
3558 4537 3720 4595 Nunc
3797 4559 3928 4598 vero
3966 4554 4005 4595 te

740 4650 1046 4707 fortunium
1087 4647 1155 4703 de
1208 4660 1269 4701 se
1299 4652 1621 4713 conquesta,
1658 4655 1883 4711 sumque
1941 4638 2320 4709 deploratione

740 4740 1071 4800 calamitatis
1102 4736 1381 4802 defuncta,
1405 4733 1538 4791 mihi
1566 4733 1774 4788 crimen
1808 4733 2042 4786 intentat
2072 4739 2126 4784 et
2149 4719 2321 4784 malo.

742 4852 871 4892 rum.
899 4848 1120 4902 causanti
1152 4830 1420 4894 attribuit,
1450 4836 1525 4892 et,
1554 4835 1612 4880 ut
1648 4824 1866 4888 videtis,
1892 4838 2083 4893 pmnas
2112 4820 2316 4891 exigit;

746 4946 813 4987 ac
861 4925 1129 4986 conviciis
1154 4935 1467 4992 aspergens,
1490 4916 1620 4988 quid
1649 4930 1757 4972 non
1790 4917 1847 4971 in
1880 4930 1966 4970 me
1991 4914 2282 4969 cavillatur
2302 4953 2318 4979 ,

744 5023 877 5096 quid
910 5037 1017 5082 non
1052 5015 1293 5073 irridet?
1324 5004 1772 5083 Sepulcrum‘me
1803 5019 1995 5073 vocat,
2031 5018 2281 5063 catenam
2304 5044 2319 5069 ,

744 5118 938 5177 facem
968 5115 1155 5175 imam,
1184 5121 1239 5164 et
1269 5124 1335 5164 ex
1366 5105 1682 5181 Chaldaicis
1714 5104 1898 5174 nugis,
1931 5102 2174 5174 materie
2202 5116 2321 5155 sor-

745 5212 844 5266 des
902 5218 960 5263 et
1014 5204 1384 5278 quisquilias,
1429 5200 1641 5256 dolium
1711 5206 2039 5271 pertusum,
2075 5209 2318 5251 crucem.

743 5302 909 5373 Atqui
955 5302 998 5369 si
1032 5286 1164 5353 vere
1196 5311 1319 5352 sum
1378 5309 1479 5365 ego
1534 5284 1951 5348 monumentum
1977 5330 1992 5356 ,
2029 5290 2120 5360 qui
2162 5291 2220 5343 fit
2266 5296 2325 5343 ut

745 5394 1019 5471 nonibuic
1065 5390 1424 5459 persuadeam
1458 5387 1525 5445 ad
1582 5386 1673 5441 Dei
1708 5383 2122 5441 similitudinem
2173 5384 2324 5438 cilic-

746 5496 863 5561 tatu
913 5494 1145 5561 mortem
1194 5480 1440 5537 studiose
1489 5477 1774 5542 meditari,
1805 5476 1900 5530 sed
1946 5476 2012 5537 ad
2062 5474 2322 5538 delicias,

744 5579 891 5652 quod
920 5580 1015 5657 sit,
1037 5576 1347 5647 pertraham
1369 5574 1392 5627 ?
1417 5573 1463 5629 si
1500 5582 1714 5645 catena,
1730 5572 1827 5641 qui
1858 5570 1914 5624 fit
1947 5578 2004 5623 ut
2038 5582 2145 5623 non
2179 5582 2325 5622 com-

745 5673 991 5743 primens
1043 5686 1070 5723 a
1125 5668 1399 5739 peccando
1451 5663 1889 5731 coitibcam,sed
1924 5662 1990 5716 ad
2034 5661 2323 5715 nefandam

745 5744 959 5821 inertia:
988 5762 1260 5837 licentiam
1292 5759 1585 5837 corripiam
1609 5759 1632 5811 ?
1667 5758 1797 5823 Qua:
1820 5764 2011 5811 catena
2042 5768 2149 5808 non
2174 5762 2323 5807 arcet

749 5857 821 5936 ab
847 5832 1051 5927 injuria
1088 5864 1143 5913 et
1176 5832 1472 5922 maleficio,
1491 5852 1586 5911 sed
1620 5865 1685 5909 eo
1716 5849 1959 5917 vinctum
1984 5847 2068 5905 vel
2090 5841 2342 5905 inritum

2428 4642 2578 4688 certe
2616 4634 2995 4689 ementientem
3037 4616 3263 4693 abortu
3289 4634 3353 4688 ad
3386 4635 3846 4702 cognoscendum
3886 4653 4007 4691 ocu-

2426 4726 2593 4780 latam
2636 4723 2765 4797 feci,
2806 4723 2874 4779 ad
2906 4723 3305 4792 pbiIOSOphiatn
3357 4724 3597 4789 admovi,
3637 4734 3692 4779 et
3722 4727 4007 4797 degustato

2428 4820 2656 4883 lumine,
2691 4813 2788 4888 p'er
2820 4818 2998 4887 ipsum
3040 4826 3097 4871 ut
3149 4826 3306 4871 terra:
3356 4817 3779 4873 concretionem
3802 4860 3815 4883 ,
3852 4824 4008 4874 maris

2432 4910 2785 4973 refusionem,
2817 4910 2942 4965 εωιὶ
2995 4910 3497 4981 conglobationem.
3528 4919 3583 4963 et
3637 4911 3832 4965 omnia
3897 4928 4011 4982 que

2429 5014 2560 5061 sunt
2622 5005 2676 5060 in
2722 5004 2864 5061 caelo
2919 5003 3186 5060 miracula
3221 5012 3487 5072 tanquam
3540 5001 3592 5056 in
3653 5006 3893 5073 speculo
3932 5010 4008 5060 iu-

2430 5098 2683 5163 tuereris,
2716 5096 2964 5152 concessi
3004 5115 3019 5151 :
3049 5106 3237 5166 utque‘
3266 5096 3516 5166 partibus
3550 5096 3832 5153 omnibus
3884 5113 4008 5152 con-

2429 5194 2648 5251 c0rdetn
2691 5199 3043 5254 concentum,
3078 5191 3173 5259 qui
3226 5188 3592 5244 ineffabilibus
3632 5189 3803 5245 sonis
3856 5190 4009 5259 opiﬁ-

2431 5300 2548 5340 cem
2578 5283 2888 5339 conclamat
2916 5281 3246 5341 exautlieris,
3276 5287 3332 5334 et
3368 5294 3438 5335 ex
3471 5293 3658 5333 rerum
3691 5292 4007 5335 creatarum

2432 5376 2845 5447 magnitudine,
2894 5372 3338 5445 pulchritudine,
3399 5371 3673 5434 concinna
3732 5375 4011 5429 motione,

2432 5486 2661 5529 movens
2707 5470 2839 5524 illud
2896 5466 3180 5523 immobile
3205 5474 3314 5541 ,‘et
3379 5465 3621 5543 primum
3684 5473 3747 5518 et
3810 5465 4014 5535 ipsissi-

2432 5578 2581 5617 mum
2637 5566 2841 5617 bonum
2890 5558 3207 5625 informari,
3248 5564 3306 5615 et
3359 5548 3425 5611 ad
3466 5555 3629 5624 cujus
3669 5558 4010 5626 exemplaris

2432 5655 2676 5724 primarii
2727 5653 3016 5723 imaginem
3058 5652 3197 5707 facta
3237 5649 3427 5714 fueris,
3456 5648 3786 5717 memoriam
3855 5663 4009 5703 renuo

2433 5748 2563 5822 tavi.
2590 5747 2756 5817 Atqui
2798 5748 2903 5800 hoc
2960 5742 3282 5815 praeclarius
3320 5740 3453 5813 quid
3490 5741 3662 5794 menti
3712 5740 3903 5817 possit
3933 5753 4013 5793 ac-

2431 5842 2648 5910 cidere,
2684 5853 2849 5920 quatn
2904 5854 2969 5897 ex
3004 5837 3073 5897 iis
3102 5852 3223 5910 quae
3252 5834 3679 5901 meislsensibus
3740 5834 4012 5907 itaut-tun-
