4104 6322
173 425 281 489 9-95

1494 414 2073 489 PliOSOPUPGSl/E.

3303 418 3413 484 986

180 548 291 603 tur,
351 538 517 593 Deum
580 538 867 607 reperire?
940 538 1049 592 Nec
1080 538 1284 596 .solum
1356 539 1433 592 ita
1500 554 1597 608 per
1655 554 1741 592 me
1771 543 1812 597 Α
1842 544 2105 613 subjectis
2140 542 2435 599 incudibus
2480 540 2921 609 obstrepentibus
2970 536 3236 591 fabricare
3267 552 3285 589 ι
3315 540 3410 587 aut

177 628 412 697 primum
466 628 530 681 ad
603 628 769 681 Deum
830 627 1115 692 ascendit,
1172 627 1267 681 sed
1322 627 1487 687 etiam
1536 642 1568 682 a
1628 626 1738 695 Deo

176 720 453 780 delabeus,
492 735 561 773 eo
604 735 699 787 per
742 736 841 774 'me
876 736 1094 774 rursum
1133 719 1289 776 redit.
1323 718 1459 773 Nam
1510 732 1605 789 per
1654 734 1741 771 me

178 812 471 879 pmiiitettdi
520 822 573 865 et
627 811 838 865 veniam
880 810 1203 879 impetrandi
1255 810 1434 864 locum
1489 808 1737 872 invertit;

182 901 223 953 si
264 901 409 977 enim
464 915 493 953 a
550 915 635 953 me
675 899 949 967 disjuucta
990 909 1042 952 et
1084 908 1235 952 extra
1300 908 1499 966 corpus
1554 895 1740 958 luerit,

182 1006 245 1043 ne
306 982 570 1059 poenitere
624 990 843 1059 quidem
910 989 1116 1059 peccati
1172 989 1404 1055 primum
1454 988 1737 1053 peluerit.

182 1094 231 1133 ut
298 1096 471 1149 neque
544 1076 663 1149 qui’
689 1081 1008 1135 deciderunt
1087 1081 1303 1149 angeli;
1362 1072 1531 1133 'uuuc
1601 1089 1731 1129 vero

181 1186 299 1225 mea
341 1174 649 1243 cenjugatio
690 1174 791 1226 hoc
825 1186 1043 1241 quoque
1072 1171 1270 1225 bonum
1310 1170 1359 1245 ei
1401 1169 1591 1239 largita
1627 1174 1729 1221 est.

179 1263 422 1331 Quantas
469 1266 699 1317 enimet
744 1275 1097 1333 quotcunque
1144 1261 1505 1330 turpitudines
1558 1275 1743 1331 asper-

178 1356 347 1419 serit,
388 1370 465 1411 ea;
502 1356 635 1409 meis
693 1355 987 1410 sudoribus
1016 1355 1304 1418 eluuntur,
1331 1361 1385 1405 et
1440 1354 1559 1405 nive
1615 1366 1743 1405 cau-

177 1446 361 1501 didius
394 1446 771 1501 clarificautur
805 1463 819 1509 ;
856 1461 979 1499 nam
1029 1460 1193 1512 supra
1245 1444 1467 1498 herbam
1524 1456 1740 1496 etiinem

178 1532 535 1596 abluentium,
574 1542 626 1586 et
672 1543 868 1601 prater
906 1532 1127 1601 hyssopi
1175 1531 1427 1599 quamvis
1467 1533 1743 1599 aspersio-

179 1638 306 1680 nem
356 1631 536 1677 exstat
589 1638 651 1677 ea
698 1639 820 1692 quae
872 1624 1064 1678 dillluit
1111 1639 1141 1679 e
1177 1625 1347 1685 meis,
1382 1632 1440 1685 ut
1494 1622 1609 1690 ipsa
1663 1622 1744 1673 di-

179 1716 360 1779 xerit,
398 1715 677 1784 speluncis
704 1752 720 1777 ,
756 1726 815 1767 ut
844 1730 976 1784 ego,
1018 1715 1261 1769 fontibus
1303 1712 1589 1783 pellucidis
1614 1750 1627 1773 .
1662 1712 1743 1765 la-

178 1824 406 1879 cryma,
461 1807 672 1873 inedia,
730 1808 879 1861 humi
935 1808 1155 1862 cubitus
1209 1808 1522 1875 praedurus,
1588 1802 1742 1857 flexis

178 1900 429 1973 genibus
458 1900 770 1970 deprecatio
801 1937 818 1961 ,
856 1899 910 1952 in
940 1900 1194 1967 precibus
1230 1896 1735 1951 deliva‘immobili-

181 2004 269 2048 ter
322 2000 748 2059 constanterque
792 1989 1056 2053 intentio,
1094 1989 1327 2057 pectoris
1358 1990 1639 2056 percussio
1664 2027 1677 2050 ,
1716 2001 1747 2039 e

179 2088 405 2157 pecto-re
454 2068 713 2149 prodiens
744 2079 926 2146 gravis
981 2078 1183 2139 fumus,
1223 2077 1505 2131 interioris
1534 2070 1748 2130 inflam-

179 2171 444 2225 mationis
484 2169 767 2233 indicium,
800 2170 1015 2238 aliaque
1058 2186 1121 2222 ex
1154 2169 1355 2237 quibus
1396 2168 1748 2237 multipotens

180 2261 487 2331 pmnitendi
549 2262 809 2315 miscetur
860 2262 1340 2315 medicamentum.
1373 2259 1477 2314 Tot
1519 2273 1749 2313 numero

178 2352 456 2406 bonorum
512 2352 637 2405 novi
666 2354 957 2407 recondere
1017 2354 1300 2407 thesauros
1350 2366 1468 2418 ego,
1502 2365 1565 2402 ex
1604 2364 1754 2401 men-

177 2445 255 2498 tis
310 2458 444 2497 mea:
494 2443 769 2498 sententia
834 2451 1230 2503 pertusum,ct
1282 2441 1418 2494 nihil
1463 2440 1752 2495 continens

178 2534 412 2597 dolium.

256 2624 363 2679 Sed
396 2624 573 2691 inepte
603 2623 850 2678 fortassis
882 2636 928 2677 et
959 2631 1153 2692 prmter
1177 2623 1433 2677 decorum
1484 2620 1625 2690 apud
1657 2634 1755 2674 vos

182 2718 390 2786 quibus
460 2716 584 2770 talia
644 2717 769 2770 trita
824 2727 985 2779 sunt,
1023 2716 1236 2784 singula
1293 2714 1521 2768 dicendo
1568 2727 1753 2782 perse-

180 2824 328 2878 quor
358 2824 375 2863 :
408 2807 592 2877 itaque
647 2808 963 2862 summatim
1003 2816 1058 2860 et
1097 2807 1287 2875 paucis
1324 2805 1750 2865 ostendendum,

182 2900 337 2970 quod
378 2916 499 2970 qua:
529 2899 672 2973 mibi
693 2914 723 2953 a
759 2911 942 2952 mente
974 2896 1107 2973 vitio
1143 2905 1452 2961 vertuntur,
1483 2912 1546 2949 ea
1574 2896 1755 2964 potius

184 3006 390 3073 passus
442 2992 545 3045 sim
599 3006 762 3060 quam
798 2990 1020 3045 fecerim
1061 3005 1223 3057 :quze
1263 2997 1443 3042 autem
1488 2984 1629 3041 facio
1662 3000 1756 3038 na-

187 3095 315 3139 tura
344 3086 502 3146 duce,
533 3096 764 3151 qumque
798 3081 1029 3136 conticio
1056 3081 1173 3134 haec
1209 3089 1357 3135 sunt.
1401 3076 1753 3147 Philosophia

1841 636 2071 706 guttulis
2102 651 2131 689 a
2167 620 2317 689 terra.
2341 633 2741 695 exsudantibus
2770 631 3009 687 collectis
3030 637 3221 696 stagna
3240 626 3411 680 conli-

1842 742 2003 788 cere,
2029 736 2121 778 aut
2164 734 2355 781 contra
2406 739 2579 779 saevos
2642 731 2835 777 ventos
2859 760 2875 783 ,
2906 720 3153 773 furentes
3212 716 3410 770 ﬂuctus

1842 817 2133 883 obluctari,
2167 830 2557 883 nonnunquam
2618 815 2783 867 etiam
2849 813 2903 863 in
2946 807 3273 878 profundum
3316 807 3412 858 de-

1842 925 2028 964 orsum
2080 922 2239 962 verso
2279 908 2490 975 capite,
2522 913 2718 957 natans
2778 909 2960 960 terer.
3017 907 3071 951 et
3106 896 3413 951 militariter

1842 999 2129 1067 disjectum
2182 1005 2235 1049 et
2277 997 2508 1050 scissum
2567 992 2771 1047 ictibus
2827 989 3083 1043 omnibus
3132 988 3312 1049 obsto,
3346 1000 3412 1041 ne

1842 1090 2016 1143 dicam
2056 1089 2124 1142 ad
2161 1088 2296 1155 quas
2334 1085 2667 1140 exercendas
2718 1092 2865 1135 artes
2919 1094 3085 1139 vanas
3132 1088 3187 1131 et
3220 1079 3419 1130 inanes

1843 1183 1893 1235 vi
1951 1190 2197 1235 coactum
2256 1176 2533 1253 instituor,
2564 1190 2708 1243 cum_
2740 1172 3230 1241 przestigiatoribus
3256 1183 3410 1222 exse—

1842 1272 2063 1326 crandis
2100 1269 2379 1337 subjicior,
2412 1270 2714 1333 doceorque
2745 1264 2929 1317 funem
2966 1262 3225 1316 extremis
3260 1258 3409 1327 pedi-

1844 1364 1944 1416 bus
1994 1362 2259 1416 scandere
2305 1370 2361 1413 et
2417 1358 2733 1421 ambulare,
2768 1355 3025 1423 subjectis
3080 1351 3410 1421 pugionibus

1846 1452 2142 1520 tripudiare
2163 1489 2177 1512 ,
2214 1451 2390 1518 capite
2440 1448 2681 1502 demisso
2720 1446 2881 1501 salire
2904 1485 2918 1507 ,
2947 1442 3161 1512 lapillos
3196 1451 3249 1493 et
3280 1440 3413 1497 fcttti

1844 1542 2144 1612 particulas
2200 1542 2505 1601 devorare;
2560 1546 2722 1606 atque
2788 1551 2969 1591 rerum
3002 1536 3072 1586 ita
3109 1530 3413 1586 difficilium

1845 1647 2008 1701 atque
2063 1632 2479 1693 miserabilium,
2506 1638 2561 1683 et
2613 1629 2819 1696 alioqui
2862 1639 3216 1694 operosarum
3246 1635 3418 1690 quam

1847 1737 1957 1787 non
2013 1738 2042 1775 a
2092 1737 2257 1790 puero
2317 1721 2764 1775 exercitationem
2817 1714 3417 1783 conficio?\’igentem

1847 1814 2119 1882 attingens
2185 1821 2400 1866 aetatem
2474 1826 2561 1863 me
2627 1809 2878 1878 pertinax
2929 1817 2981 1861 et
3062 1804 3418 1857 ambitiosum

1852 1914 2090 1977 praesto;
2122 1921 2240 1959 eam
2282 1903 2557 1958 excedens
2597 1912 2835 1964 aetatem,
2880 1900 3047 1953 nihilo
3102 1896 3295 1949 minori
3328 1910 3423 1947 co-

1852 2009 1980 2052 natu
2033 1998 2291 2058 elabora;
2330 1995 2745 2049 corroboratum
2786 2002 2840 2045 et
2884 2004 3201 2051 senescens,
3264 1985 3421 2067 addi-

1852 2102 2009 2143 scere
2043 2100 2339 2140 non.cesso
2379 2086 2538 2139 etiam
2575 2083 2717 2153 quod
2773 2082 3082 2148 cxcogitatu
3119 2077 3426 2149 sapientius

1852 2180 2098 2247 sitquam
2121 2192 2240 2246 qua:
2259 2176 2488 2244 juvenes
2508 2175 2809 2228 moliuntur
2832 2183 2915 2235 ;et
2936 2180 2995 2224 ut
3019 2171 3071 2223 in
3098 2169 3417 2222 universum

1853 2270 2055 2329 dicam,
2094 2268 2230 2320 nihil
2261 2276 2342 2320 est
2376 2264 2522 2334 quod
2585 2275 2703 2319 arte
2763 2262 2964 2331 parari,
2998 2260 3143 2328 quod
3175 2258 3424 2311 doctrina

1856 2358 1993 2413 tradi
2040 2345 2245 2426 possit,
2278 2358 2343 2411 ad
2399 2357 2544 2425 quod
2593 2370 2699 2408 non
2750 2354 2994 2407 adducar
3017 2392 3033 2414 ,
3066 2351 3201 2402 nihil
3234 2348 3388 2401 factis
3412 2388 3428 2411 ,

1855 2454 1993 2513 nihil
2057 2453 2218 2513 dictis
2283 2452 2449 2505 menti
2506 2449 2707 2511 volenti
2763 2461 3095 2516 repugnans,
3139 2453 3195 2497 ut
3251 2458 3429 2511 neque

1856 2547 2214 2606 animantium
2248 2545 2615 2615 subjugalium
2658 2554 2709 2599 et
2760 2542 3184 2597 inanimatorum
3218 2537 3429 2590 instru-

1858 2648 2166 2693 mentorum
2206 2635 2705 2703 obsequentissima
2761 2646 3011 2701 qua-quc.
3046 2630 3124 2682 Au
3165 2628 3327 2682 etiam
3363 2624 3427 2677 ad

1858 2730 2107 2783 obeunda
2174 2726 2386 2780 virtutis
2443 2726 2651 2785 munia,
2706 2725 2813 2777 illis
2863 2723 3023 2789 longe
3072 2717 3426 2789 jucundiora.

1860 2820 2060 2885 facilia,
2093 2830 2302 2873 natura:
2351 2815 2727 2881 congruentia,
2765 2815 3011 2881 ineptum
3064 2818 3119 2861 et
3170 2809 3431 2860 adversa-

1861 2912 2025 2974 rium,
2057 2920 2109 2963 et
2171 2908 2335 2961 veluti
2407 2921 2738 2975 repugnans,
2775 2904 3124 2962 seditiosum,
3160 2896 3434 2952 hostiliter

1858 3016 1981 3056 sum
2031 2996 2333 3052 allectum?
2379 3000 2447 3048 At
2489 2996 2542 3049 id
2605 2995 2700 3048 tibi
2734 2991 2932 3047 dicenti
2982 3005 3089 3042 non
3147 2988 3434 3041 crederent

1859 3090 2057 3161 egregii
2094 3089 2327 3143 victores
2362 3087 2437 3140 illi
2470 3094 2738 3157 martyres
2762 3095 2813 3137 et
2844 3084 2898 3136 hi
2922 3082 3136 3150 judices
3168 3079 3430 3131 virtutum

187 3174 344 3228 enim
385 3189 477 3241 per
517 3189 679 3244 quam
740 3174 805 3228 ad
843 3174 1026 3228 Deum'
1059 3172 1393 3233 attollimur,
1418 3170 1470 3223 in
1507 3176 1751 3224 contem-

1864 3184 2100 3237 cultores
2126 3219 2140 3242 ,
2171 3181 2261 3248 qui
2301 3194 2592 3248 corporum
2635 3176 3030 3231 certaminibus
3086 3174 3437 3239 incorporeo-

187 3263 488 3333 plationem
524 3272 576 3317 et
618 3262 889 3316 actionem
952 3270 1135 3325 secta,
1175 3259 1446 3328 siquidem
1502 3265 1749 3311 contem-

185 3354 480 3424 platricem
535 3367 596 3407 ea
644 3354 809 3407 vitam
845 3351 1223 3421 amplexetur,
1260 3365 1355 3419 per
1410 3363 1495 3401 me
1537 3356 1751 3400 natura:

189 3458 361 3511 opera
423 3442 715 3512 perspicit,
750 3452 807 3498 et
837 3457 935 3511 per
992 3440 1399 3506 disciplinarum
1450 3448 1643 3507 pontes
1688 3434 1756 3488 ad

188 3547 288 3587 eas
320 3547 409 3587 res
441 3547 561 3602 quae
592 3533 801 3587 ratione
850 3531 1225 3605 intelliguntur
1252 3529 1643 3584 transmittitur
1663 3568 1677 3592 ,
1706 3538 1760 3581 et

190 3615 497 3696 postremo,
530 3624 673 3694 quod
706 3624 891 3689 aiunt,
920 3623 987 3677 ad
1031 3623 1208 3691 ipsum
1262 3620 1544 3689 theologia:
1594 3620 1757 3674 limen

192 3715 435 3770 volando
471 3714 816 3785 conquiescit
845 3731 859 3768 :
888 3714 972 3769 sin
1014 3703 1123 3781 prce
1170 3710 1571 3779 contemplandi
1624 3725 1760 3775 pott-

194 3810 379 3871 tibus,
412 3807 602 3878 agendi
650 3808 852 3861 scalam
910 3806 1098 3869 malit,
1136 3804 1222 3857 hic
1249 3804 1417 3857 “etiam
1472 3801 1645 3871 magis
1678 3817 1763 3855 me

195 3897 482 3955 laboribus
556 3896 795 3965 propriis
849 3893 1161 3958 aedificatus,
1219 3906 1412 3945 omnes
1483 3892 1759 3944 actionum

197 3990 399 4059 gradus
433 3987 662 4041 invenit.
692 3985 901 4051 Dicam,
933 3983 1079 4056 quod
1128 3982 1384 4037 omnibus
1418 3982 1645 4042 eminet,
1667 3994 1763 4048 per

198 4096 288 4135 me
330 4080 397 4133 ab
432 4078 639 4148 angelis
689 4076 967 4146 paululum
1012 4076 1319 4130 diminutus
1380 4074 1582 4139 homo,
1626 4073 1765 4125 mul-

198 4184 315 4228 tum
363 4186 527 4240 supra
556 4170 778 4239 angelos
812 4169 1034 4224 excellit
1070 4168 1229 4238 (quis
1268 4167 1415 4220 enim
1448 4166 1762 4236 angelorum

193 4264 377 4331 possit
408 4277 528 4332 qua:
569 4260 715 4316 Deus
766 4275 963 4330 passus
1001 4271 1085 4315 est
1108 4298 1122 4323 ,
1149 4270 1206 4315 et
1243 4268 1301 4313 ut
1330 4258 1497 4312 homo
1531 4267 1763 4311 mortem

194 4353 411 4411 imitari
463 4353 688 4423 potuit?
715 4353 735 4421 )
765 4368 860 4422 per
913 4366 999 4406 me
1050 4354 1236 4420 utique
1266 4366 1489 4413 caesum,
1528 4356 1729 4403 tortum
1750 4386 1764 4409 ,

192 4444 465 4499 laniatum
492 4484 507 4509 ,
538 4452 595 4498 et
622 4452 901 4512 postremo
952 4443 1112 4496 morti
1161 4442 1457 4503 traditum,
1488 4451 1543 4492 et
1578 4437 1766 4497 divino

189 4534 420 4604 corpori
476 4531 787 4589 Servatoris
828 4534 1233 4589 conformatum
1268 4532 1362 4589 :in
1396 4545 1505 4598 quo
1556 4538 1611 4583 et
1640 4542 1767 4597 pec-

188 4634 385 4684 catum
433 4624 849 4699 condemnavit,
869 4632 929 4677 ut
952 4624 1007 4677 in
1034 4622 1191 4676 nobis
1239 4622 1330 4675 Dei
1358 4620 1569 4691 justitia
1618 4634 1765 4673 eom-

192 4718 461 4789 pleretur.
490 4716 759 4782 Quoniam
794 4724 976 4770 autem
1011 4722 1068 4768 et
1120 4728 1274 4769 meus
1323 4712 1643 4768 sciscitatur
1698 4724 1767 4763 ex

196 4824 328 4875 me,
366 4808 586 4878 quando
651 4822 869 4879 quaque
919 4815 1079 4862 aetate
1130 4806 1234 4861 sibi
1288 4806 1594 4875 subjectum
1645 4816 1768 4856 esse

194 4900 437 4975 possim,
465 4915 565 4969 ego
604 4900 739 4955 nihil
799 4907 1117 4965 cunctatum
1166 4900 1240 4951 ita
1293 4895 1611 4964 simpliciter
1679 4907 1771 4948 re-

198 4996 493 5065 spondebo
526 5014 541 5052 :
571 4994 869 5064 Ecquando
910 5008 1015 5048 non
1052 5006 1273 5061 possum
1295 5031 1309 5054 ,
1344 5005 1561 5059 quaque
1614 4996 1773 5044 aetate

191 5100 331 5145 sum
386 5086 771 5156 inobsequeus,
805 5086 919 5154 ipsa
953 5083 1070 5138 sive
1116 5084 1319 5137 bonum
1345 5120 1369 5145 ,Α
1394 5080 1509 5135 sive
1543 5095 1771 5149 pravum

192 5173 303 5236 sit,
330 5186 416 5227 me
462 5172 715 5228 ducendo
776 5182 931 5228 vocet
962 5172 1067 5225 ?ut
1105 5186 1172 5226 ex
1223 5170 1434 5224 artibus
1486 5170 1773 5239 perspicue

192 5266 401 5330 liquet.
430 5263 660 5319 Nactum
696 5264 1001 5319 litterarum
1050 5262 1348 5321 studiosam
1406 5270 1459 5315 et
1491 5270 1769 5321 amantem

202 5356 521 5413 honestatis
569 5364 825 5423 mentem,
866 5357 1188 5427 paedagogos
1230 5362 1469 5424 sequor;
1500 5354 1778 5424 magistris

202 5459 422 5518 pareo,
463 5446 518 5500 in
586 5448 791 5503 scholis
842 5456 898 5502 et
941 5447 1230 5502 auditoriis
1293 5445 1510 5500 assideo
1540 5483 1557 5509 ,
1603 5456 1657 5498 et
1709 5447 1778 5499 de

198 5532 532 5590 liberalibus
558 5535 871 5605 disciplinis
898 5545 954 5590 et
983 5534 1249 5591 doctrinis
1282 5535 1411 5604 quid
1446 5534 1774 5590 inculcatum

188 5638 327 5682 .non
376 5624 661 5693 exprime?
692 5626 906 5682 Rursus
937 5642 1055 5681 sum
1095 5640 1196 5697 ego
1232 5636 1464 5679 mentem
1519 5641 1779 5679 exercen-

202 5716 299 5773 dis
334 5715 547 5770 artibus
603 5716 958 5773 illiberalibus
1005 5728 1187 5788 aptam
1218 5716 1520 5771 sortitum?
1566 5715 1778 5771 Doceor

203 5810 411 5878 iterum
448 5807 736 5879 aediﬁcare,
765 5819 861 5867 aut
892 5809 1160 5882 lapidibus
1214 5818 1447 5878 struere,
1486 5817 1579 5864 aut
1629 5820 1777 5866 stans

1866 3283 1985 3321 rum
2046 3274 2272 3320 naturas
2334 3275 2688 3334 exsuperant.
2730 3264 2928 3317 Verum
2982 3271 3194 3330 tempus
3242 3271 3347 3324 est,
3381 3271 3439 3312 ut

1865 3373 2052 3413 eorum
2090 3372 2209 3425 qum
2243 3356 2481 3409 diximus
2525 3370 2736 3408 summa
2785 3354 2965 3423 capita
3018 3366 3437 3418 reccuseamus,

1867 3460 1922 3503 et
1960 3447 2353 3517 opportuniora
2382 3449 2921 3515 cougrucutioraque
2959 3459 3367 3513 percurramus.

1938 3540 2257 3594 Accusatrix
2296 3552 2412 3591 mea
2471 3553 2626 3591 mens
2682 3539 2931 3591 convicta
2983 3546 3088 3602 est,
3134 3536 3272 3591 nihil
3321 3518 3442 3590 sani

1866 3634 2003 3685 vitio
2036 3641 2269 3692 vertere,
2306 3631 2400 3684 sed
2438 3628 2639 3683 frustra
2690 3630 2977 3696 insurgere
3031 3630 3188 3693 mihi,
3224 3636 3277 3682 ct
3322 3642 3445 3696 quae

1868 3724 2144 3790 inculpata
2204 3730 2331 3775 sunt
2391 3720 2690 3775 accusandi
2741 3720 2923 3773 studio
2972 3728 3024 3773 et
3078 3722 3443 3785 calumniose,

1871 3828 2103 3883 quaeque
2134 3812 2267 3864 mihi
2305 3810 2699 3879 permittuntur
2726 3824 2753 3862 a
2807 3819 3025 3874 natura,
3055 3809 3295 3877 culpare.
3339 3809 3447 3863 Dc-

1873 3902 2126 3957 fensione
2184 3914 2303 3953 mea
2362 3898 2741 3968 comprobavi,
2773 3898 2975 3952 nullam
3046 3909 3141 3951 aut
3185 3896 3447 3967 iujuriam

1870 4003 1965 4048 aut
1996 3984 2383 4049 contumeliam
2411 4005 2496 4045 me
2538 3991 2773 4044 dominae
2806 3990 3091 4056 famulum,
3112 3990 3457 4060 impet'alrici

1873 4087 2205 4153 obsequens,
2239 4083 2665 4137 instrumentum
2708 4083 2757 4136 ei
2812 4097 2932 4150 quae
2965 4097 3063 4136 suo
3105 4096 3190 4135 me
3218 4082 3451 4135 arbitrio

1874 4184 2081 4237 utatur,
2147 4173 2349 4227 inferre
2393 4173 2679 4241 potuisse:
2730 4172 2823 4225 sed
2881 4172 3054 4238 ipsam
3112 4170 3295 4238 potius
3345 4186 3445 4225 sua

1874 4264 2125 4321 socordia
2166 4271 2588 4331 torpescentem,
2624 4269 2679 4314 et
2719 4259 3092 4314 imbecillitate
3121 4261 3446 4315 mollescen-

1878 4370 2008 4420 tem,
2040 4355 2236 4409 malam
2266 4368 2495 4406 evauere
2531 4368 2543 4416 ;
2574 4361 2628 4404 et
2655 4368 2777 4406 cum
2813 4354 3148 4419 oportuisset
3182 4352 3449 4420 iutegere,

1879 4448 2020 4500 hanc
2050 4445 2213 4498 etiam
2250 4454 2439 4511 pmuas
2484 4441 2720 4510 exigere.
2758 4438 2801 4493 Ο
2835 4440 3216 4494 calamitosum
3261 4452 3313 4494 et
3344 4442 3447 4492 mi-

1800 4541 1843 4597 D
1881 4550 2065 4591 serum
2109 4550 2194 4589 me
2225 4536 2237 4587 ε
2268 4532 2400 4598 Quis
2443 4540 2647 4601 parcet,
2708 4532 2833 4599 quis
2891 4531 3260 4595 miserebitur,
3321 4548 3446 4583 cum

1882 4633 2049 4687 etiam
2102 4639 2336 4701 cognata
2397 4643 2553 4683 meus
2606 4636 2661 4682 et
2720 4642 2933 4681 mecum
3000 4626 3291 4695 conjugata
3343 4642 3453 4681 non

1881 4723 2192 4785 miseretur,
2229 4734 2405 4787 neque
2441 4718 2577 4774 meis
2629 4715 3073 4772 aﬂlictationibus
3120 4716 3317 4769 referta
3362 4732 3453 4771 sa-

1883 4814 2049 4867 tietur
2073 4812 2097 4865 ἲ
2125 4811 2217 4866 sed
2248 4818 2444 4879 praeter
2479 4824 2541 4862 ea
2578 4823 2699 4877 qua:
2742 4822 2886 4861 nunc
2916 4808 3126 4876 patior,
3160 4808 3291 4861 etin
3349 4824 3451 4876 po-

1879 4912 2085 4958 sterum
2118 4900 2293 4971 patiar
2339 4899 2458 4968 ejus
2485 4912 2650 4967 opera
2671 4940 2686 4964 ,
2718 4888 2942 4968 insuper
2977 4899 3126 4951 aliud
3158 4902 3451 4955 recentius

1879 4994 2185 5063 excogitat,
2237 4991 2620 5061 inquisitiones
2642 4990 2822 5069 ,‘Ilites
2880 4998 2935 5043 et
2998 4991 3382 5047 contentiones
3433 5011 3455 5060 ;

1880 5085 2201 5149 tribunalia,
2232 5083 2382 5138 diros
2406 5066 2841 5151 tortorem—quasi
2877 5096 2982 5135 non
3026 5097 3097 5135 ea
3128 5098 3249 5151 quae
3285 5084 3451 5139 mise-

1883 5190 2006 5230 rum
2029 5176 2206 5245 patior
2228 5174 2343 5252 ipsa
2368 5182 2627 5243 peccante
2646 5171 2937 5238 sufﬁciant.
2966 5172 3055 5225 Dei
3080 5174 3452 5241 aequalitatem

1885 5268 2126 5325 fastuosa
2162 5266 2494 5336 concupivit,
2524 5272 2577 5319 et
2607 5266 2790 5320 statim
2826 5279 2926 5333 ego
2961 5265 3295 5319 mortalitate
3327 5282 3452 5321 sum

1886 5362 2271 5425 interceptum,
2305 5367 2357 5411 et
2390 5358 2456 5411 ad
2482 5356 2758 5431 pulverem
2791 5366 3018 5409 matrem
3052 5371 3402 5411 reversurum
3436 5376 3449 5410 :

1888 5464 1955 5502 ue
1995 5463 2116 5515 quas
2147 5447 2338 5501 medim
2373 5445 2743 5501 interveniunt
2776 5446 3118 5502 calamitates
3151 5454 3203 5499 et
3256 5446 3456 5500 obsee-

1889 5541 2087 5594 uitates
2125 5554 2444 5604 memorem,
2479 5538 2804 5600 nuditatem,
2852 5537 3085 5591 ficulnea
3124 5537 3457 5599 velamenta,

1886 5642 1941 5687 et
1979 5631 2231 5685 coriacea
2278 5630 2621 5694 indumenta,
2657 5630 3031 5683 aculeatarum
3092 5629 3373 5697 spinarum
3403 5637 3461 5681 et

1890 5720 2215 5775 tribulorum
2260 5720 2430 5773 acies.
2476 5717 2681 5773 invidia
2736 5734 2930 5774 rursus
2994 5718 3373 5789 conflagravit,
3406 5730 3459 5773 ct

1887 5811 2022 5868 mibi
2059 5809 2183 5866 tabe
2218 5809 2549 5880 liquefactus
2628 5810 2809 5867 vultus
2875 5809 3158 5867 concidit:
3192 5810 3282 5866 ubi
3330 5823 3471 5865 vero
