4104 6322
699 280 803 341 937

697 488 875 542 statim
903 484 1187 541 tremulum
1225 499 1277 542 et
1297 490 1696 557 queribundum
1716 507 1779 546 ac
1810 494 2065 561 imposito
2091 495 2249 563 signo

697 587 941 630 notatum
978 591 1028 631 et
1072 578 1379 633 convictum
1422 582 1675 649 vagabar.
1711 583 1941 653 impegit
1996 600 2148 639 mens
2189 584 2243 637 in

697 669 1112 735 legislationem.
1140 673 1222 724 vel
1252 671 1611 739 prepbetiam,
1645 673 1728 728 vel
1757 675 2049 728 sacerdotii
2073 675 2249 744 digni-

696 770 887 821 tatem.
934 774 987 813 et
1043 762 1173 816 mihi
1230 764 1622 818 maledicentia!
1692 766 1954 834 supplicia
2022 766 2248 821 firmiter

701 855 1031 921 inhibentur,
1067 871 1129 911 ac
1157 857 1337 910 statim
1370 859 1640 926 leprosum
1665 857 1890 913 eflicior.
1919 853 2036 928 Ipsa
2058 858 2249 924 angelo

697 942 875 1020 fausta
923 944 1195 1000 nuntianti
1256 946 1551 1012 dlllidit,et
1612 964 1728 1004 mea
1791 949 1971 1019 lingua
2034 948 2251 1004 silentio

696 1035 1079 1102 compeditur;
1108 1036 1223 1090 hanc
1260 1048 1379 1091 astu
1436 1037 1651 1092 femina!
1688 1038 1841 1093 mala:
1894 1040 2116 1108 decepta
2146 1047 2248 1103 est,

695 1132 751 1180 et
814 1140 915 1193 ego
969 1142 1237 1192 excaecor,
1288 1136 1342 1181 et
1395 1128 1451 1181 in
1502 1128 1791 1198 pistrinum
1852 1130 2134 1184 detrtulor.
2191 1127 2247 1182 In

693 1229 867 1283 pauca
928 1217 1096 1271 multa
1163 1219 1653 1273 contraham:aut
1702 1234 1822 1275 sum
1879 1233 2001 1273 cum
2069 1226 2251 1274 mente

693 1306 1002 1374 colligatum
1028 1308 1215 1361 humili
1250 1324 1311 1361 ac
1344 1309 1613 1367 illiberali.
1642 1319 1696 1365 et
1725 1317 1883 1364 nocte
1910 1309 2106 1377 dieque
2133 1323 2252 1363 sus-

696 1395 844 1452 tineo
905 1398 1196 1454 continuos
1249 1400 1489 1465 labores,
1526 1401 1592 1454 ad
1642 1399 2015 1469 quotidiana-vt
2069 1400 2249 1453 cibum

697 1500 933 1554 eumque
964 1502 1185 1555 parcum
1238 1497 1291 1542 et
1344 1499 1583 1553 tenuem,
1627 1492 1693 1543 ad
1748 1490 1964 1552 lienam,
1998 1487 2078 1541 vel
2122 1486 2252 1541 sub-

698 1577 945 1631 strictam
971 1579 1262 1645 quamdam
1291 1588 1346 1633 et
1370 1580 1584 1633 brevem
1609 1580 1871 1645 tunicam,
1900 1580 1984 1632 vel
2008 1576 2250 1647 tegendis

697 1666 940 1721 humeris
973 1669 1225 1736 penulam
1267 1669 1688 1736 comparandam
1726 1678 1866 1722 :aut
1906 1684 2030 1722 cum
2081 1668 2249 1721 vitam

1922 288 1963 338 (ἶ
1983 288 2230 345 ΗΕΟΟΠ
2246 289 2303 347 Il
2352 290 2431 346 ΡΛ
2447 290 2530 347 LA
2544 292 2591 347 Μ
2608 292 2667 347 ,Ε

700 396 921 449 fratrem
968 412 1132 448 causa
1196 394 1414 449 fratrem
1484 409 1568 452 est
1607 414 1738 453 ausa
1807 404 2103 465 trucidare,
2151 406 2321 471 egoA
2356 403 2665 456 inhumanis
2724 404 3092 462 dmnuitibus,
3148 422 3418 472 exponet.
3485 408 3687 458 .‘lrt'lttll

3837 300 3950 360 95‘?

3791 408 3950 457 hanc

2352 494 2609 548 vitiorum
2634 495 2951 563 tragmdinm
2990 505 3111 562 agat
3149 496 3234 547 ille
3267 497 3639 551 vocalissimus
3670 497 3945 563 Aposto-

2349 584 2457 643 lus.
2493 599 2633 651 qum,
2670 597 2851 638 mente
2880 600 3071 638 omnes
3114 586 3352 655 habenas
3406 596 3457 640 et
3483 587 3632 640 frena
3664 588 3945 645 laxante,

2352 676 2406 730 in
2444 690 2528 729 me
2579 675 2853 744 peccando
2900 676 3188 729 conferunt
3239 688 3561 733 scortatores
3613 678 3955 737 immanes,

2350 772 2402 817 et
2436 774 2704 833 quotquot
2740 777 2927 819 centra
2960 766 3230 820 naturales
3264 782 3393 821 usus
3425 768 3848 827 accenduntur,
3885 772 3943 814 ut

2352 869 2438 909 me
2494 854 2793 922 ignominia
2847 864 3038 910 notent
3097 856 3349 911 insolenti
3401 875 3415 908 :
3471 871 3687 923 quoque
3756 855 3940 905 malo

2350 944 2582 1012 pessime
2597 946 2999 1013 corrumpendi,
3021 960 3104 998 me
3127 947 3384 1013 templum
3409 944 3499 998 Dei
3522 952 3938 1011 corrumpunt,

2352 1048 2579 1102 meaque
2616 1033 2858 1086 membra
2888 1050 3009 1103 quae
3034 1043 3163 1088 sunt
3218 1033 3424 1089 Christi
3454 1033 3724 1094 membra,
3764 1046 3936 1085 scor-

2353 1134 2531 1178 torum
2591 1125 2832 1178 membra
2872 1124 3098 1179 faciunt.
3133 1125 3401 1180 Cancrum
3457 1140 3562 1181 non
3596 1122 3680 1175 his
3765 1136 3940 1174 rut-ns

2352 1216 2623 1269 nullorum
2665 1232 2771 1271 non
2823 1218 3085 1277 malorum
3130 1232 3336 1270 memor
3386 1223 3636 1270 contenta
3676 1222 3799 1271 est.
3839 1214 3937 1263 sed

2353 1319 2447 1360 vos
2476 1306 2700 1375 supplex
2754 1316 2903 1375 regat
2929 1316 2982 1360 et
3027 1308 3345 1360 obtestatur.
3381 1316 3439 1359 ut
3479 1304 3579 1359 sibi
3631 1303 3937 1355 licentiam

2352 1396 2489 1451 detis
2542 1397 2725 1451 utendi
2786 1412 2872 1452 me
2925 1412 3029 1451 suo
3078 1398 3337 1462 arbitrio,
3386 1394 3712 1463 torquendi,
3785 1393 3940 1445 fame

2354 1486 2599 1551 necandi,
2636 1486 2687 1540 in
2716 1489 2939 1541 exitium
2974 1486 3188 1542 Solane
3238 1488 3508 1541 tradendi.
3539 1484 3731 1538 Nescit
3780 1485 3937 1535 enim

2352 1577 2590 1643 sapiens,
2626 1592 2685 1631 se
2720 1579 2877 1646 plane
2906 1578 3260 1646 desipientem
3316 1577 3371 1629 in
3401 1592 3464 1629 ea
3518 1574 3773 1628 incidere
3806 1587 3941 1641 qua:

2356 1677 2478 1720 sunt
2542 1668 2593 1719 in
2653 1668 2939 1736 proverbio
2973 1668 3246 1735 :Capram
3311 1666 3453 1721 ferre
3511 1680 3621 1718 non
3661 1679 3937 1731 possunt,

698 1758 1078 1833 voluptuosam
1142 1761 1527 1829 amplexante,
1580 1769 1633 1811 et
1680 1759 1848 1812 multo
1891 1757 2255 1813 deterioribus
2286 1760 2327 1813 Β
2358 1758 2488 1811 mihi
2518 1758 2707 1812 bovem
2739 1758 3020 1827 imponite.
3068 1758 3205 1813 Nam
3256 1758 3301 1812 si
3351 1772 3470 1825 qua:
3519 1756 3571 1809 in
3639 1756 3810 1809 nobis
3865 1770 3935 1807 ex

702 1848 857 1901 malis
900 1848 1128 1918 aﬂligor,
1158 1850 1284 1903 dum
1322 1850 1549 1919 singulis
1582 1850 1731 1903 horis
1777 1848 2177 1917 inexplebiliter
2199 1848 2251 1902 in

698 1945 941 1990 ventrem
1006 1937 1293 1999 infercior,
1341 1947 1393 1990 et
1426 1938 1729 1993 immodicis
1778 1938 1946 1999 cibis,
2000 1938 2251 2006 potibus,

655 2046 663 2054 -
700 2024 866 2078 rebus
897 2025 1142 2079 venereis
1163 2026 1445 2079 distendor
1475 2034 1529 2078 et
1560 2042 1784 2095 rnmpor
1816 2043 1829 2090 ;
1856 2026 2094 2094 hincque
2126 2033 2257 2093 quot

700 2113 1009 2180 morborum
1040 2116 1351 2183 agminibus
1383 2116 1633 2169 obluctor
1661 2117 1674 2167 ι
1732 2116 1840 2169 Aut
1870 2116 2012 2171 enim
2052 2115 2117 2168 ad
2148 2115 2256 2169 lec-

700 2215 814 2258 tum
873 2204 1231 2269 decumbens,
1277 2218 1369 2259 aut
1428 2216 1487 2261 ut
1525 2207 1753 2261 attonita
1800 2206 2045 2275 quaedam
2100 2207 2254 2259 ruina

700 2297 1017 2364 languesco,
1046 2306 1139 2349 aut
1167 2298 1313 2351 febre
1362 2296 1716 2365 colliquesco,
1745 2309 1839 2350 aut
1871 2295 2254 2350 articularibus

699 2387 904 2439 morbis
936 2388 1128 2453 pedum
1167 2398 1221 2441 et
1271 2402 1528 2453 manuum
1571 2395 1865 2456 torqueor:
1900 2396 2012 2440 tum
2040 2395 2092 2438 et
2128 2399 2254 2438 car-

700 2475 951 2530 nillcibus
990 2478 1215 2532 medicis
1269 2478 1621 2533 mercenariis
1668 2477 1968 2531 curandum
2016 2476 2254 2531 medica-

700 2564 896 2617 mentis
911 2572 964 2618 et
981 2563 1320 2631 laniandum,
1342 2580 1731 2636 nonnunquam
1757 2565 1921 2620 etiam
1954 2565 2253 2619 tortoribus

2354 1848 2666 1901 inordinata
2700 1850 2931 1903 materia
2984 1849 3331 1919 azgritudines
3386 1848 3799 1907 adnascuntur,
3830 1861 3930 1899 eas

2352 1945 2413 1993 ut
2472 1939 2628 1993 decet
2684 1939 3069 2009 philosophum
3124 1955 3232 1994 non
3289 1939 3430 2002 fert,
3473 1938 3835 2005 indignatur,
3880 1946 3934 1988 et

2352 2030 2534 2098 gravia
2563 2043 2620 2084 se
2650 2030 2758 2098 pati
2816 2040 3036 2097 censet,
3080 2031 3209 2099 quid
3260 2046 3364 2083 non
3427 2039 3571 2083 esset
3624 2043 3831 2096 passa,
3885 2028 3931 2079 si

2353 2133 2567 2173 mecum
2605 2120 2682 2173 ira
2716 2121 2898 2175 divina
2950 2121 3287 2175 calamitates
3342 2120 3519 2173 illatas
3569 2119 3929 2185 accepisset,

2353 2210 2404 2261 in
2440 2210 2580 2263 fastu
2629 2210 2813 2265 inllata
2851 2212 3114 2279 superbit.
3178 2209 3375 2265 Verum
3432 2212 3545 2263 lucc
3603 2224 3671 2261 cx
3736 2218 3928 2260 vestio

2352 2298 2654 2367 dependent
2687 2300 2936 2364 arbitrio,
2962 2310 3015 2353 et
3044 2298 3309 2369 quidquid
3332 2299 3504 2351 visum
3537 2296 3691 2348 vobis
3725 2295 3923 2355 fuerit,

2350 2387 2404 2441 in
2462 2404 2525 2441 eo
2589 2397 2846 2458 tanquam
2910 2391 2961 2443 in
3032 2389 3215 2443 divina
3268 2390 3555 2448 sententia,
3626 2395 3741 2438 tum
3805 2402 3927 2452 quae

2349 2479 2615 2544 facienda,
2652 2487 2765 2535 tum
2797 2497 2917 2550 qua‘
2936 2496 3041 2534 nou
3072 2480 3315 2536 facienda
3341 2482 3449 2536 sint
3469 2478 3799 2536 definiente,
3828 2490 3927 2528 nos

2355 2584 2574 2638 quoque
2607 2572 3038 2640 acquiescemus.

1837 2816 2211 2881 JUDICUM
2261 2817 2752 2883 SENTENTIA
2770 2868 2783 2882 .

772 2949 992 3005 Vestras
1024 2947 1311 3016 utriusque
1341 2946 1579 3002 vicissim
1613 2959 1735 2999 cum
1776 2946 2052 2999 orationes
2082 2942 2241 2997 audi-

703 3044 960 3105 veritnus,
996 3050 1167 3102 tuam,
1201 3056 1355 3094 mens
1393 3039 1625 3093 rationis
1644 3039 1940 3105 particeps,
1976 3036 2121 3106 quod
2153 3036 2248 3089 tibi

701 3136 976 3191 subditum
1008 3144 1110 3197 est,
1146 3142 1204 3187 ttt
1233 3134 1646 3199 intemperatum
1675 3139 1725 3183 et
1749 3129 2065 3183 inobedicns
2091 3137 2253 3181 accu-

2359 2948 2661 3014 perantiam
2710 2963 2958 3010 accusas,
2994 2958 3052 3004 ut
3086 2964 3152 3002 ne
3187 2949 3414 3017 teipsam
3446 2944 3604 3015 quasi
3644 2958 3753 2997 non
3792 2943 3928 2997 insi-

2358 3039 2571 3106 pienter
2601 3041 2921 3103 modereris,
2950 3042 3041 3095 sed
3071 3042 3259 3093 divino
3288 3041 3382 3093 tibi
3418 3053 3641 3091 munere
3683 3051 3925 3090 conces-

2359 3143 2481 3182 sum
2528 3130 2913 3185 administrum
2949 3115 3227 3199 perpetuo
3279 3127 3678 3187 criminareris,
3726 3126 3930 3192 culpas

700 3228 875 3281 sentis
907 3244 922 3277 :
958 3236 1103 3278 tuam
1136 3240 1350 3287 rursus,
1377 3238 1504 3292 pars
1550 3222 1715 3276 animi
1767 3222 1980 3275 ratione
2036 3230 2250 3281 carens,
2283 3253 2325 3309 ο
2358 3220 2501 3285 quod
2536 3220 2729 3273 merito
2756 3220 3085 3289 culpandum
3117 3236 3223 3274 non
3254 3232 3354 3273 est.
3375 3220 3453 3273 Au
3484 3233 3592 3269 non
3626 3217 3929 3281 imperator

702 3317 1042 3371 defendentis
1072 3325 1121 3369 te
1150 3314 1280 3368 nihil
1302 3313 1616 3382 delinquere
1640 3312 1925 3364 utanitnus
1946 3309 2254 3376 intelligens

705 3419 905 3460 temere
954 3406 1322 3459 calumniatur
1368 3419 1381 3454 :
1442 3404 1597 3457 nobis
1632 3410 1813 3454 autem
1858 3401 1921 3453 de
1972 3399 2256 3465 utriusque

703 3497 1047 3552 orationibus
1079 3495 1303 3547 arbitria
1343 3492 1587 3545 facienda
1616 3498 1761 3554 sunt,
1783 3498 1835 3542 et
1869 3485 2256 3540 controversia:

700 3588 971 3648 sedandce,
993 3602 1062 3639 nc
1087 3585 1283 3638 frustra
1317 3593 1557 3637 nostram
1574 3590 1623 3635 et
1638 3578 2039 3647 contemplandi
2071 3577 2254 3627 studio

700 3678 939 3732 debitam
984 3677 1146 3729 vitam
1181 3672 1664 3742 interruperimus,
1702 3671 1789 3723 hic
1819 3671 2092 3730 sedentes,
2141 3667 2253 3735 jam

697 3769 933 3828 dicimus
962 3780 1083 3834 quae
1112 3780 1176 3817 ex
1206 3764 1381 3829 longis
1437 3762 1825 3831 experimentis
1871 3770 1925 3814 et
1978 3775 2006 3812 a
2054 3756 2253 3812 divinis

698 3856 992 3926 Scripturis
1030 3864 1284 3909 accurate
1310 3853 1626 3908 didicimus.
1678 3851 1829 3905 Hanc
1880 3848 2077 3917 itaque
2125 3864 2254 3903 sen-

696 3949 922 4001 tentiam
956 3946 1183 4002 ferimus
1211 3961 1224 3997 :
1257 3944 1316 4000 Si
1340 3946 1522 3999 carnis
1555 3956 1807 4004 sensum,
1831 3956 1862 3993 ο
1891 3955 2065 4002 mens,
2093 3954 2255 3993 accu-

695 4050 805 4095 ses,
834 4042 892 4086 ut
927 4033 1090 4086 rebus
1120 4031 1365 4089 honestis
1396 4043 1459 4083 ac
1514 4027 1697 4081 virtuti
1736 4016 2135 4081 consentaneis
2158 4015 2253 4079 ad-

695 4120 1017 4188 versarium,
1053 4133 1105 4177 et
1135 4122 1233 4177 tibi
1262 4120 1555 4175 obediendi
1583 4119 1866 4187 impotem,
1932 4116 2251 4186 imprudens

697 4219 749 4269 in
787 4215 1211 4269 Manichaeorum
1271 4212 1585 4282 opinionem
1618 4209 1924 4274 delaberis;
1979 4208 2253 4263 existima-

694 4315 823 4363 runt
851 4307 994 4361 enim
1052 4303 1369 4360 exsecrandi
1434 4301 1535 4366 illi,
1568 4300 1967 4368 intelligentem
2001 4299 2247 4351 animum

693 4396 963 4466 opificium
995 4410 1115 4452 esse
1151 4395 1302 4457 boni,
1334 4392 1564 4446 rationis
1602 4399 1901 4457 expertem,
1958 4388 2087 4441 mali
2118 4406 2131 4441 :
2192 4398 2248 4440 et

693 4488 896 4545 idcirco
928 4502 1102 4557 neque
1124 4489 1376 4542 virtutem
1406 4499 1715 4554 capessere,
1736 4490 1828 4537 aut
1858 4492 2010 4551 grata
2048 4488 2101 4533 et
2134 4480 2249 4548 epi-

2356 3304 2569 3368 doctor,
2604 3306 2863 3379 magister
2892 3308 3269 3373 cujuscunque
3292 3307 3337 3358 is
3376 3304 3566 3363 fuerit,
3604 3302 3707 3369 ipsi
3754 3302 3930 3353 ratio-

2358 3410 2482 3447 nem
2514 3396 2764 3459 reddunt,
2794 3406 2847 3449 et
2879 3411 3068 3464 poenas
3094 3397 3250 3448 luunt
3294 3409 3483 3447 eorum
3528 3406 3672 3460 quae,
3706 3392 3805 3459 qui
3860 3390 3933 3442 ab

2358 3486 2491 3554 ipsis
2525 3486 2820 3552 ducuntur,
2855 3489 3244 3557 magistrorum
3281 3486 3487 3540 incuria
3520 3496 3688 3553 atque
3745 3482 3929 3551 negli-

2355 3579 2533 3645 gentia
2568 3580 2834 3644 peccant?
2856 3578 2910 3633 ld
2944 3595 3013 3633 ne
3045 3582 3319 3647 sapientes
3351 3578 3569 3646 quidem
3598 3567 3827 3629 exteros
3852 3576 3934 3627 la-

2357 3669 2459 3722 tuit
2485 3686 2500 3721 :
2525 3670 2793 3737 siquidem
2825 3670 3279 3739 philosophorum
3312 3668 3454 3737 apud
3488 3667 3613 3719 illos
3673 3666 3929 3733 quidam,

2356 3759 2757 3813 adolescentem
2792 3760 3150 3827 conspicatus
3182 3758 3556 3811 lascivientem
3601 3763 3658 3808 et
3693 3752 3933 3821 ﬂagitio-

2357 3865 2501 3911 sum,
2532 3851 2737 3902 nullutn
2770 3849 2823 3904 in
2844 3866 2967 3905 eum
2998 3849 3345 3903 maledictum
3372 3848 3623 3909 contulit,
3666 3848 3765 3899 sed
3821 3862 3929 3915 pte-

2355 3942 2623 4010 dagogum
2658 3944 2952 4012 percussit,
2986 3943 3281 4010 inquiens:
3324 3940 3469 4006 Quid
3502 3939 3651 3991 enim
3676 3938 3814 3990 talia
3835 3939 3931 3988 do-

2355 4030 2489 4083 eos?
2523 4032 2618 4083 Sin
2653 4039 2834 4083 autem
2868 4031 3044 4091 dicas,
3077 4044 3332 4098 maguum
3365 4026 3518 4079 illum
3558 4022 3824 4085 Paulum,
3878 4025 3927 4074 in

2357 4125 2596 4192 Epistula
2632 4139 2795 4191 quam
2830 4124 2894 4175 ad
2927 4122 3204 4175 Romanos
3246 4116 3490 4185 scripsit,
3546 4129 3770 4169 carnem
3835 4128 3923 4165 ac-

2354 4228 2567 4273 cusare,
2593 4214 2714 4267 audi
2750 4212 2880 4281 quid
2908 4214 3052 4274 velit,
3082 4222 3135 4265 et
3173 4211 3238 4265 ad
3270 4208 3400 4275 quid
3460 4206 3578 4259 hinc
3623 4204 3921 4273 Apostolus

2354 4302 2632 4368 loquatur.
2661 4300 2795 4353 Nam
2824 4309 2949 4353 ante
2975 4299 3189 4352 Domini
3222 4297 3521 4351 adventum
3551 4304 3607 4345 et
3638 4307 3793 4344 mors
3821 4298 3924 4342 ter.

2352 4388 2531 4440 ribilis
2562 4396 2701 4448 erat,
2740 4386 3022 4453 terribilis,
3058 4385 3324 4437 ettnortis
3348 4380 3641 4449 imperium
3682 4376 3921 4429 habens:

2351 4464 2638 4546 propterea
2664 4486 2716 4529 et
2747 4476 2883 4542 apud
2919 4474 3114 4527 Isaiam
3142 4461 3359 4525 aiebant
3395 4484 3409 4520 :
3451 4487 3469 4520 ι
3499 4465 3742 4520 Elamus
3767 4476 3823 4518 ct
3849 4466 3893 4519 bi

694 4578 819 4636 ficio
844 4578 987 4635 bono
1016 4579 1391 4635 convenientia
1420 4578 1623 4633 sentire
1653 4590 1835 4646 posse.
1868 4573 1961 4626 Sin
1987 4572 2101 4640 ipsa
2137 4571 2238 4625 hoc
2274 4568 2316 4623 D
2344 4566 2557 4626 bamus.
2589 4578 2710 4618 cras
2735 4564 2880 4617 enim
2918 4562 3210 4615 ιιιυνὶθιηυτ
3240 4559 3284 4612 ³ο

693 4685 804 4728 nan
819 4673 921 4737 ais,
952 4672 1046 4738 sed
1075 4672 1329 4729 eth-onem
1360 4679 1414 4729 ct
1444 4669 1831 4736 obsequentem
1864 4664 1987 4733 ejus
2041 4664 2239 4719 intern-

769 4839 792 4874 ³
822 4845 927 4905 ιω.
962 4860 1095 4911 nn,
1132 4845 1214 4900 15.
