4104 6322
148 354 256 420 989

558 504 668 512 _...._
717 495 1186 513 ,υ--κ-έ.-.η-μ

793 521 1194 532 Hm-

801 704 1260 857 VITA

1197 505 1276 511 .-.ολ
1301 504 1600 513 ...νη-ημ-ς--ο
1617 506 1688 511 νς..-

174 504 549 516 —-———-—-—

1205 523 1482 531 *νή-

1221 357 1406 444 VITA
1451 358 1514 420 S.
1552 356 1786 415 PETRI
1823 351 2263 416 ATIIONITJE.

1491 521 1804 532 .__-..._...___.-.

1359 700 1721 858 SAN
1732 706 2040 860 ΟΤΙ
2154 704 2727 856 PETRI

1269 1017 1708 1087 ANACEORETB
1750 1014 1817 1060 IN
1843 1013 2058 1060 nou-ra
2075 988 2244 1066 mlo

3286 354 3401 421 990.

2563 499 2839 511 —.—.._———‘—-l

1815 501 2839 511 MM
2854 501 3385 534 τῆτες-Ξ

501 1183 1043 1279 AUCTOBE
1152 1178 1774 1281 GREGOBIO
1845 1179 2995 1294 THESSALONICENSI.

1711 1397 1784 1429 ’,τί

910 1543 978 1605 C.
1021 1539 1435 1605 JANNINGI
1461 1533 2156 1601 COMMENTARIUS
2205 1533 2622 1600 PRAEVIUS.

1201 1703 1344 1768 (Acta
1366 1705 1462 1755 SS.
1490 1697 1717 1752 Bolland.
1740 1696 1898 1756 Junii,
1928 1707 1967 1752 t.
1989 1700 2055 1762 ll,
2077 1703 2160 1753 die
2203 1703 2304 1766 12.)

131 1844 162 1918 ς
199 1843 250 1899 ι,
275 1841 665 1918 σκιιιιι-ωεειι.
709 1839 994 1918 Palaestra.
1030 1841 1179 1918 Mons
1226 1821 1412 1890 Athos.
1463 1832 1694 1900 Tempus
1725 1825 1774 1886 A
1803 1831 1979 1887 minus
2002 1833 2149 1888 omni
2190 1849 2253 1890 cx
2289 1849 2444 1903 parte
2495 1838 2648 1892 nobis
2675 1841 2895 1910 probari
2928 1842 3063 1896 Acta
3111 1842 3387 1913 Onuphrii

469 1911 524 1963 in
549 1926 608 1963 eo
644 1920 842 1963 actum.
878 1906 992 1962 Iter
1027 1907 1344 1961 Romanum.

198 2025 250 2078 1.
283 2022 504 2095 Egimus
544 2023 648 2078 hoc
689 2037 808 2091 ipso
851 2021 937 2077 die
964 2021 1031 2075 19.
1060 2021 1126 2075 de
1161 2027 1352 2077 sancto
1389 2015 1698 2085 Unuphrio,

132 2118 226 2184 qui
284 2117 336 2168 in
375 2116 609 2184 quadam
634 2113 926 2169 solitudine
973 2111 1192 2182 Egypti
1243 2113 1411 2166 vitam
1456 2110 1602 2164 solus
1639 2115 1691 2160 et

126 2209 342 2278 ignotus
383 2206 633 2259 omnibus
681 2204 987 2264 diutissime
1032 2203 1337 2273 protraxit,
1379 2200 1540 2269 paulo
1573 2206 1701 2253 ante

125 2309 356 2355 mortem
402 2311 431 2348 a
475 2312 578 2349 non
619 2296 837 2350 nomine
865 2296 1120 2348 divinitus
1169 2295 1443 2354 inventus,
1498 2299 1552 2346 et
1579 2299 1700 2356 post

125 2396 352 2442 mortem
387 2387 652 2454 sepultus,
684 2401 817 2441 cum.
849 2386 1116 2439 inventori
1154 2399 1256 2438 suo
1285 2385 1481 2439 seriem
1510 2398 1695 2437 rerum

124 2495 152 2534 a
185 2494 248 2535 se
281 2489 554 2551 gestarum
588 2487 745 2532 antea
772 2477 1066 2533 retulisset.
1085 2474 1348 2547 Typicum
1385 2475 1572 2529 Sancti
1599 2475 1698 2529 Sa-

124 2574 228 2638 liae,
264 2571 509 2627 Vcnetiis
534 2587 676 2628 anno
709 2571 851 2626 1602
884 2572 1233 2639 impressum,
1265 2570 1548 2637 Onuphrio
1571 2584 1701 2623 con-

115 2666 304 2736 jungit
353 2666 543 2734 eodem
599 2663 684 2719 die
749 2663 1092 2733 (crediderim
1144 2664 1214 2716 ob
1282 2650 1696 2717 similitudinem

121 2755 548 2820 anachoreseos)
574 2753 818 2829 Petrum,
847 2769 874 2806 a
905 2762 1089 2808 monte
1117 2753 1283 2818 Atho,
1310 2764 1466 2819 quem
1503 2751 1701 2819 longis-

117 2847 262 2902 simo
283 2846 507 2900 incoluit
542 2854 807 2915 tempore,
825 2844 1136 2898 Athonitam
1173 2843 1503 2912 appellatum
1529 2861 1544 2896 :
1570 2857 1700 2895 con—

112 2938 299 3008 jungit
331 2947 507 2991 autem
538 2945 829 3006 utrmnque
861 2936 947 2990 his
986 2938 1167 2991 verbis
1197 2953 1210 2989 :
1246 2935 1338 2997 Εἰς
1363 2933 1461 2995 τὰς
1504 2932 1572 3002 ιβ’
1601 2930 1695 2984 τοῦ

113 3029 271 3082 ὁσίου
302 3029 516 3093 Πατρδς
544 3027 702 3097 ἡμῶν
742 3026 1085 3096 Ὀνουφρὶου,
1128 3028 1224 3079 καὶ
1267 3025 1365 3078 τοῦ
1407 3025 1557 3076 ὁσίου
1588 3023 1701 3076 Πα-

112 3119 242 3188 τρδς
293 3119 448 3186 ἡμῶν
501 3120 706 3188 Πέτρου
757 3117 850 3171 τοῦ
912 3116 1225 3171 Ἀθωνίτου.
1266 3115 1364 3168 Die
1410 3114 1473 3167 l2
1519 3113 1692 3175 Junii,

110 3211 288 3265 sancti
313 3209 491 3263 Patris
517 3211 682 3263 nostri
707 3208 995 3276 Onuphrii,
1025 3219 1073 3261 et
1107 3211 1276 3261 sancti
1309 3208 1499 3259 Patris
1517 3208 1685 3260 nostri

113 3301 272 3356 Petri
327 3301 616 3353 Athonita’.
680 3301 963 3354 Consentit
1014 3299 1362 3368 Horologium
1424 3297 1693 3362 Griecum,

112 3394 263 3462 quod
317 3393 503 3445 eadem
560 3392 787 3445 totidem
846 3392 1025 3444 verbis
1061 3391 1267 3454 relcrt;
1320 3401 1374 3444 et
1424 3389 1693 3454 Molanus,

113 3481 507 3548 unicus'quod
563 3483 730 3535 sciam
773 3482 914 3547 apud
972 3480 1195 3536 Latinos
1259 3482 1690 3550 martyrologus,

113 3572 211 3639 qui
260 3571 377 3640 ejus
427 3572 755 3624 mentionem
795 3573 945 3626 facit.
995 3573 1127 3627 Cum
1152 3583 1330 3628 autem
1376 3575 1463 3627 hic
1501 3574 1690 3627 cadem

111 3664 338 3716 omnino
367 3661 554 3730 Latine
587 3663 846 3732 proferat,
875 3680 992 3732 qua:
1025 3665 1224 3720 Menam
1260 3675 1313 3719 et
1343 3664 1690 3735 Horologium

110 3753 327 3814 Graece,
361 3767 422 3806 ex
451 3753 712 3806 alterutro
753 3753 968 3806 illorum
1007 3770 1101 3808 sua
1160 3755 1514 3809 transtulerit.
1549 3756 1696 3807 Mar-

111 3840 440 3909 tyrologiutu
480 3848 693 3910 quoque
745 3842 1043 3897 Moscorum
1103 3842 1397 3912 Ouupltrii‘
1430 3845 1591 3899 simul
1641 3852 1694 3896 et

110 3933 263 3985 Petri
328 3933 594 3998 meminit,
645 3934 945 4003 eodemque
1003 3936 1087 3989 die
1134 3945 1188 3989 et
1239 3937 1290 3989 in
1347 3952 1449 3996 una
1496 3935 1690 3990 tabella

111 4033 417 4093 utrumque
445 4027 719 4095 proponit,
745 4027 1240 4096 ﬁguratumeodem
1259 4043 1484 4096 prorsus
1504 4029 1686 4095 modo,

111 4116 171 4170 id
207 4127 292 4170 est
344 4127 527 4171 erecte
575 4128 804 4183 stantes,
839 4119 1046 4188 capillis
1096 4135 1202 4173 non
1241 4120 1531 4173 admodum
1567 4137 1692 4188 pro-

113 4206 328 4270 missis,
357 4204 526 4260 harba
558 4206 736 4274 ampla
790 4222 885 4275 per
931 4218 1121 4276 pectus
1169 4208 1439 4264 deﬂuente
1469 4224 1688 4264 crurum

113 4305 299 4358 tenus,
335 4297 539 4350 circum
563 4297 803 4350 verenda
843 4296 1125 4352 frondibus
1155 4299 1390 4365 cinctos,
1431 4312 1686 4354 caeterum

110 4386 298 4443 nudos
323 4403 340 4440 :
369 4388 445 4441 uti
473 4381 657 4442 videre
673 4398 761 4442 est
785 4389 837 4442 in
868 4389 1196 4444 Kalendario
1216 4391 1544 4456 Moscorum,
1566 4404 1691 4450 ante

1802 1923 2065 1986 diximus,
2093 1925 2351 1995 pleraque
2373 1926 2462 1980 hic
2499 1943 2605 1981 non
2634 1928 2902 1983 obtinent.
2935 1929 3107 1986 Notus
3131 1943 3215 1988 est
3235 1935 3384 1990 enim

1805 2023 2001 2069 auctor
2031 2015 2168 2071 Vitae
2197 2015 2367 2082 Petri,
2405 2020 2489 2073 vir
2523 2020 2770 2075 eruditus
2795 2031 2962 2090 atque
3009 2019 3386 2095 archiepisco-

1801 2119 1922 2175 pus,
1957 2108 2138 2175 quiet
2171 2109 2330 2163 aliam
2371 2112 2496 2164 olim
2534 2109 2798 2178 scriptam
2830 2115 3006 2171 Vitam
3035 2127 3271 2172 testatur
3321 2103 3384 2175 se

1807 2198 2000 2252 vidisse
2041 2210 2094 2254 et
2139 2201 2439 2257 habuisse:
2497 2212 2661 2269 notus
2719 2208 2875 2262 locus
2937 2210 3371 2278 anachoreseos,

1802 2302 1960 2342 mons
1992 2292 2186 2356 Athos,
2220 2295 2353 2348 nihil
2399 2297 2450 2348 in
2482 2297 2602 2350 Vita
2636 2299 2898 2357 audacius
2934 2313 3026 2356 aut
3056 2304 3382 2360 insolentius

1800 2380 2005 2435 dictum
2031 2384 2363 2453 scriptumve
2386 2405 2397 2438 :
2424 2386 2554 2442 nihil
2592 2388 2877 2443 insolitum
2910 2403 3006 2446 aut
3030 2396 3382 2452 inauditum:

1801 2466 1934 2526 nihil
1961 2488 2023 2528 ex
2069 2478 2233 2530 variis
2263 2480 2706 2533 consarcinatum
2740 2498 2754 2535 :
2799 2483 2935 2537 nihil
2982 2488 3139 2540 alteri
3170 2497 3393 2543 contra.

1802 2563 1963 2626 rium,
2002 2566 2102 2619 nisi
2137 2564 2276 2620 forte
2319 2568 2372 2620 in
2407 2584 2637 2624 numero
2672 2586 2768 2638 per
2801 2589 3045 2628 errorem
3102 2578 3209 2632 tale
3253 2581 3385 2648 quid

1804 2658 2124 2726 reperiatur.
2174 2658 2442 2714 Convenit
2492 2663 2710 2729 quidem
2764 2664 2889 2718 Vita
2918 2667 3034 2722 lucc
3084 2685 3207 2724 cum
3265 2671 3385 2727 Vita

1800 2748 1973 2800 sancti
2009 2746 2294 2816 Ouuphrii,
2326 2752 2390 2803 de
2416 2768 2520 2818 quo
2576 2755 2732 2809 modo
2759 2797 2774 2820 ,
2828 2766 2881 2810 et
2928 2773 3132 2816 sancta:
3197 2763 3388 2821 Maria:

1806 2837 2150 2907 .Egyptiacaé,
2180 2842 2246 2894 de
2267 2857 2371 2909 qua
2411 2843 2469 2896 11
2506 2846 2706 2911 Aprilis
2731 2852 2940 2918 egimus
2969 2873 2983 2920 ;
3013 2856 3157 2923 quod
3188 2871 3385 2915 omnes

1803 2931 2049 2985 nitantur
2093 2933 2252 2985 unius
2317 2932 2583 2989 duntaxat
2639 2939 2878 2995 hominis
2937 2949 3269 3003 auctoritate
3321 2967 3386 3005 ac

1801 3023 2086 3078 relatione.
2121 3023 2226 3078 Sed
2285 3024 2638 3094 Onuphriana
2674 3032 2802 3085 aliis
2838 3035 3052 3088 duabus
3089 3036 3194 3092 title
3246 3041 3386 3093 mul-

1807 3123 1918 3168 tum
1943 3117 2086 3170 cedit
2114 3135 2128 3181 ;
2156 3121 2296 3185 quod
2353 3122 2618 3176 certiores
2669 3126 3134 3194 circumstantias,
3182 3134 3386 3186 certio—

1801 3220 1995 3273 resque
2025 3217 2276 3262 auctores
2306 3209 2387 3263 hac
2417 3212 2654 3267 habeant
2679 3229 2839 3282 quam
2869 3217 2979 3270 illa.
3017 3219 3171 3285 Quod
3211 3222 3381 3278 Maria

1799 3303 1853 3348 et
1882 3296 2076 3349 Petrus
2117 3297 2196 3349 bis
2245 3299 2450 3354 inventi
2492 3301 2714 3358 fuerint-
2749 3308 2980 3363 diversis
3019 3314 3378 3379 temporibus.

1797 3383 1965 3436 semel
2003 3385 2131 3451 vivi,
2169 3388 2367 3442 iterum
2418 3396 2638 3454 mortui,
2668 3405 2723 3451 et
2769 3399 2965 3454 Petrus
3000 3403 3220 3468 quidem
3269 3407 3380 3476 jam

1797 3483 2105 3531 mortuusa
2155 3480 2383 3535 testibus
2406 3492 2670 3553 quatuor;
2705 3504 2811 3541 non
2867 3492 2990 3545 item
3045 3494 3379 3565 Onuphrius.

1797 3563 1946 3630 Quod
1984 3566 2194 3622 illorum
2227 3572 2468 3640 reliquiae
2500 3574 2746 3644 legantur
2805 3583 3111 3650 antiquitus
3149 3563 3384 3643 transla-

1799 3664 1884 3721 ιω,
1923 3672 1984 3710 ac
2019 3661 2183 3714 certis
2214 3662 2346 3717 locis
2374 3664 2675 3722 honoriﬁce
2712 3675 3380 3747 reconditacluissczquod

1797 3748 1861 3801 tle
1885 3748 2252 3818 Onuphriauis
2299 3756 2478 3810 minus
2505 3770 2718 3815 constat

1865 3842 1918 3894 5.
1964 3843 2370 3902 Celeberrimus
2409 3852 2616 3906 etolim
2661 3853 2762 3908 fuit
2811 3867 2863 3908 ct
2899 3876 3042 3913 nunc
3100 3871 3185 3918 est
3223 3881 3390 3919 Inous

1801 3929 1987 4003 Athos,
2020 3936 2270 4000 palaestra
2308 3939 2406 3991 viri
2440 3941 2653 4006 Sancti,
2708 3945 2758 4000 in
2791 3949 3002 4004 .liuibﬂs
3050 3946 3379 4010 Macedonia:

1794 4021 1953 4087 situs,
1988 4026 2076 4080 ubi
2108 4027 2249 4081 inter
2276 4029 2451 4084 sinum
2482 4030 2883 4101 Strymonicum
2918 4042 2984 4094 ad
3038 4045 3374 4111 aquilonem,

1792 4111 1844 4167 ei
1877 4113 2202 4190 Singiticum
2237 4120 2302 4172 ad
2340 4124 2647 4191 meridiem,
2685 4144 2702 4176 ι
2741 4143 2849 4185 non
2883 4138 3279 4203 promontorio,
3319 4146 3393 4192 ut'

1812 4205 1907 4268 tlii,
1951 4222 2136 4261 verum
2179 4218 2324 4267 totus
2356 4225 2554 4279 exstat,
2587 4225 2807 4288 totoque
2854 4220 3010 4291 longe
3053 4223 3216 4280 dorso
3257 4243 3380 4295 pro-

1793 4299 1935 4352 cedit
1966 4301 2017 4355 iu
2053 4302 2294 4371 pelagus,
2327 4323 2344 4354 ›
2388 4317 2444 4360 ut
2472 4307 2606 4362 Mela
2644 4310 2903 4379 loquitur,
2933 4330 3236 4384 paucorum
3264 4331 3380 4374 sta-

1795 4389 2004 4442 diorum
2056 4390 2259 4445 istluno
2318 4396 2620 4451 continenti
2679 4399 2938 4468 junctus;
2994 4419 3100 4472 quo
3131 4409 3294 4462 etiam
3347 4425 3376 4464 a

112 4491 325 4536 tomum
382 4481 615 4547 primum
675 4479 825 4535 Maii.
883 4480 1054 4548 Adde,
1117 4483 1316 4550 templo
1361 4499 1389 4535 a
1443 4482 1760 4560 ﬁdelibusc
1799 4477 2006 4542 Xerxe,
2073 4481 2270 4534 bellum
2322 4482 2526 4540 Graecis
2582 4487 2868 4555 iut‘creute,
2907 4493 3034 4549 olim
3090 4497 3384 4571 perfosso;

111 4581 328 4629 Structo
365 4570 926 4636 honoratum,‘annuo
959 4571 1097 4627 festo
1125 4589 1186 4626 ac
1219 4573 1398 4642 populi
1422 4588 1688 4628 concursu

111 4663 472 4724 celebratum,
507 4676 604 4716 nec
629 4676 734 4718 non
773 4662 1049 4717 miraculis
1113 4663 1166 4716 in
1220 4664 1326 4717 vita
1373 4674 1537 4733 atque
1569 4673 1690 4733 post

109 4763 349 4807 mortem
379 4752 582 4805 clarum
615 4751 788 4809 fuisse
820 4752 1081 4819 Petrum,
1108 4755 1184 4808 uti
1208 4764 1427 4810 constat
1465 4772 1532 4811 ex
1563 4757 1690 4814 Vita

111 4859 268 4895 num.
309 4841 398 4895 49.

183 4930 239 4983 2.
276 4928 436 4984 Hisce
465 4931 720 5000 permoti,
751 4931 1108 5001 pr0ponimus
1149 4940 1202 4987 et
1221 4947 1318 4988 nos
1343 4933 1444 4991 hoc
1465 4935 1583 5005 ipso
1603 4936 1690 4994 die

111 5024 360 5086 Petrum,
408 5031 466 5077 et
504 5021 722 5092 quidem
755 5020 1048 5091 .Onuphrio
1072 5023 1344 5093 (quamvis
1390 5025 1484 5080 illo
1522 5027 1691 5096 multo

108 5113 304 5185 junior
330 5128 450 5168 esse
471 5105 685 5182 debeat)
711 5113 955 5182 proxime
978 5115 1325 5183 conjunctum
1365 5133 1380 5173 :
1405 5116 1540 5185 quia.
1556 5118 1686 5186 dum

111 5205 254 5259 nihil
287 5205 422 5259 certi
469 5207 535 5259 de
569 5213 815 5282 tempore
843 5219 950 5274 quo
977 5205 1195 5272 vixerit,
1236 5207 1392 5275 nobis
1427 5218 1687 5265 constat:

109 5295 202 5349 cui
236 5296 418 5364 potius
476 5310 599 5350 eum
655 5296 1073 5365 conjtlngamus,
1100 5312 1262 5368 quam
1307 5299 1395 5354 cui
1443 5299 1691 5358 instituto

110 5385 241 5438 vitae
276 5397 536 5453 perquam
560 5382 776 5446 similis,
819 5399 882 5437 ac
941 5398 1223 5454 prapterea
1256 5388 1355 5459 abs
1404 5392 1690 5450 ritualibus

108 5474 276 5529 libris
313 5475 640 5543 conjunct-us
689 5475 878 5539 etiam,
917 5486 974 5542 ut
1017 5475 1270 5544 vidimus,
1303 5480 1440 5536 fuit?
1478 5484 1555 5539 Ex
1587 5485 1690 5541 hac

104 5574 299 5620 tamen
353 5565 711 5620 similitudine
753 5567 875 5621 vita:
898 5577 949 5621 et
1001 5570 1383 5638 conjunctione
1426 5577 1687 5635 Actorum

112 5657 324 5712 nemini
353 5658 594 5727 suspicio
633 5658 792 5713 debet
831 5659 987 5724 oriri,
1015 5663 1169 5728 quasi
1214 5679 1317 5732 par
1345 5666 1510 5720 etiam
1553 5669 1688 5726 lides

110 5750 402 5821 utriusque
431 5750 580 5808 Actis
607 5751 910 5808 adhibenda
943 5752 1031 5807 sit.
1074 5753 1210 5811 Nam
1244 5772 1559 5826 argumenta
1588 5779 1686 5819 cur

1798 4571 2089 4639 veliﬁcatus
2136 4573 2319 4641 Athos,
2369 4578 2444 4630 uti
2487 4582 2632 4643 canit
2672 4585 2992 4649 Juvenalis,
3035 4598 3094 4642 et
3121 4606 3283 4646 nious
3310 4610 3373 4652 ex

1799 4664 2106 4730 oeniusula,
2153 4667 2328 4724 insula
2367 4673 2631 4740 tantisper
2667 4675 2841 4731 factus
2878 4678 2999 4738 fuit.
3043 4680 3380 4741 Describitur

1822 4755 1939 4809 dem
1998 4757 2174 4813 Athos
2223 4760 2276 4811 in
2323 4759 2540 4818 Menaeis
2571 4763 2658 4820 die
2690 4767 2722 4819 5
2766 4765 2917 4834 Julii,
2954 4772 3042 4827 ubi
3076 4774 3142 4828 de
3182 4789 3376 4838 sancte

1800 4845 2118 4913 Athanasio,
2145 4849 2314 4922 Ὄρος
2337 4852 2538 4924 ὑψηλόν
2564 4871 2625 4908 τε
2653 4856 2744 4909 καὶ
2778 4859 3072 4929 ἐπίμηκες,
3107 4865 3201 4916 ἐπὶ
3234 4868 3386 4920 πολὺ»

1796 4934 1898 5005 τῆς
1931 4937 2204 5009 θαλάσσης
2234 4941 2444 5012 διῆκον,
2469 4944 2744 5017 (ligatiqu
2764 4953 2849 5014 τιζ
2873 4951 3192 5017 ὑπόστενος.
3213 4956 3386 5014 Μοηὲ

1799 5027 1942 5084 altus
1973 5041 2021 5083 et
2057 5035 2412 5103 praegrandis,
2448 5035 2605 5107 longo
2643 5041 2823 5109 spatio
2853 5041 2908 5106 in
2949 5060 3095 5102 mare
3125 5058 3372 5115 εωροηεα

1799 5130 1936 5186 stus,
1993 5124 2480 5195 ueluti-augustum
2521 5127 2741 5196 collum,
2794 5146 2905 5197 qua
2942 5147 3099 5203 parte
3157 5139 3384 5198 scilicet“

1794 5215 2101 5271 continenti
2140 5219 2521 5274 committitur.

1870 5308 1924 5362 ι
1966 5306 2043 5372 De
2083 5308 2274 5364 eodem
2332 5322 2516 5366 monte
2576 5313 2958 5386 religiosisque
3002 5318 3130 5388 ejus
3173 5321 3388 5382 incolis‘

1803 5399 1966 5456 multa
1995 5400 2340 5456 laudabiliter
2369 5413 2630 5458 memorat
2667 5407 2768 5461 sub
2803 5407 3017 5463 initium
3044 5413 3224 5466 saeculi
3268 5430 3382 5471 xnr

1798 5492 2144 5547 innocentius
2173 5491 2240 5546 l'll
2275 5508 2433 5563 papa,
2462 5494 2705 5550 scribens
2752 5497 2819 5550 ad
2866 5498 3378 5561 Sancti'Athanasii

1799 5584 1976 5656 (cujus
2003 5584 2235 5638 nominis
2275 5587 2598 5656 praecipuum
2654 5588 2765 5643 illic
2816 5595 3207 5648 monasterium
3260 5601 3385 5664 est).-

1808 5685 2132 5744 mtcrosque
2161 5677 2383 5731 abbates
2416 5689 2468 5730 et
2499 5681 2791 5734 monachos
2823 5679 3018 5759 Montis
3047 5688 3220 5739 sancti
3253 5683 3370 5742 sive

1799 5770 1950 5836 Athi,
1996 5783 2197 5839 eosque
2237 5769 2337 5825 sub
2385 5769 2528 5825 beati
2575 5768 2719 5826 Petri
2777 5779 2830 5828 ct
2884 5789 2980 5829 sua
3029 5779 3370 5845 preteetioue
