4104 6322
758 391 856 451 991
2015 391 2308 449 GREGOI

2444 392 2532 451 ΡΑ
2544 389 2765 451 [ΑΜΕ
3920 386 4015 447 θέἓ

744 505 1045 569 susciplens
1093 520 1156 557 ac
1216 503 1492 572 privilegia
1538 502 1889 556 confirmans.
1931 502 2021 553 Sic
2061 506 2204 552 enim
2235 504 2305 552 ait
2343 509 2382 559 Α
2417 502 2634 554 nomine
2667 502 2965 555 Turcarum
3009 510 3241 569 tyranno
3285 497 3577 564 quotannis
3607 510 3678 548 ex
3732 496 4015 545 vinettstt

748 596 972 663 epistola
1028 595 1127 648 168
1182 595 1300 647 libri
1358 611 1443 647 nt
1488 611 1502 646 :
1544 612 1562 640 ι
1614 593 1887 645 "elatione
1942 591 2311 643 illustrinmet
2421 592 2633 645 olivetis
2661 592 2775 645 suis
2814 590 3053 659 pendunt
3103 605 3155 642 rt
3203 589 3365 640 millia
3406 586 3700 639 obolorum
3746 585 4015 637 Turcicn‘

746 703 1066 753 ιιιτιεηίιτιιιιι
1108 688 1343 739 virorum
1372 697 1557 739 nostro
1598 693 1679 739 est
1698 682 2029 751 apostolatui
2056 681 2309 733 declara-
2409 699 2550 738 rum.
2586 682 2734 735 Mons
2763 684 2807 736 is
2826 700 2852 735 a
2880 679 3203 735 Christianis
3227 681 3414 744 Ἀγιον
3433 679 3571 745 ὅρος.
3609 679 3717 729 hoc
3750 686 3847 727 est
3872 674 4011 727 5095

750 790 884 837 tum,
915 777 1058 843 quod
1094 778 1180 829 ille
1211 778 1301 844 qui
1337 787 1418 844 est
1465 788 1619 829 mons
1663 776 1856 827 domus
1901 769 2139 832 Domini,
2169 779 2319 836 prae-5

748 876 966 931 paratns
1008 867 1057 917 in
1104 842 1305 917 vertice
1351 842 1637 922 momium,
1676 875 1729 913 ut
1775 862 1840 913 ad
1887 875 2006 913 eum
2039 858 2314 913 conﬂuant

744 970 934 1007 omnes
990 964 1200 1020 gentes,
1243 954 1474 1006 Sanctus
1526 952 1775 1005 videlicet
1832 960 2169 1011 sanctorum,
2220 947 2310 1016 qui

747 1044 1003 1097 Ecclesiae
1050 1044 1398 1096 fundamenta
1444 1044 1496 1095 in
1525 1043 1728 1095 sanctis
1770 1040 2047 1093 montibus
2077 1038 2313 1092 colloca-

741 1135 849 1196 vit;
892 1144 1126 1187 montem
1158 1145 1419 1196 vestrum,
1459 1148 1620 1200 super
1662 1147 1810 1183 mare
1848 1132 2034 1193 situm,
2060 1131 2124 1182 ad
2159 1129 2313 1181 inha-

742 1222 1025 1275 bitandam
1055 1226 1167 1277 suis
1218 1226 1462 1277 fidelibus
1488 1224 1781 1292 prmelegit,
1815 1223 1905 1289 qui
1942 1220 2192 1275 eﬂ'ectum
2223 1221 2308 1273 sui

743 1314 981 1367 nominis
1003 1319 1314 1368 etnnminis
1350 1318 1401 1367 in
1429 1331 1487 1370 se
1516 1316 1742 1377 habens,
1782 1316 1907 1367 licet
1936 1314 2121 1366 aridus
2152 1313 2225 1365 sit
2256 1320 2312 1364 et

741 1421 921 1471 aSper,
972 1417 1025 1460 et
1086 1408 1377 1460 fertilitatis
1415 1407 1585 1476 gratia
1614 1408 1927 1469 destitutus,
1984 1415 2067 1458 est
2131 1416 2309 1457 tamen

743 1494 884 1547 inter
933 1498 1068 1549 alios
1124 1498 1307 1549 mundi
1373 1508 1581 1551 montes
1642 1498 1876 1550 maxima
1940 1495 2308 1565 spiritualium

741 1582 983 1637 ubertate
1014 1586 1332 1638 mirabiliter
1368 1585 1702 1640 fecundatus.
1735 1585 1866 1637 Nam
1898 1599 2020 1637 cum
2056 1583 2311 1637 trecentis

745 1678 1087 1729 umnasteriis
1120 1686 1172 1729 et
1206 1677 1433 1744 gloriosa
1494 1677 1864 1743 religiosorum
1901 1678 2140 1728 virorum
2168 1674 2310 1726 mul-

742 1766 993 1831 titudine,
1052 1778 1257 1821 arctam
1315 1781 1366 1823 et
1415 1784 1703 1837 pauperem
1764 1770 1929 1821 vitam
1970 1767 2306 1827 ducentium,

740 1857 1066 1923 decoratur;
1114 1865 1260 1913 tanta
1304 1877 1475 1927 usque
1514 1864 1670 1915 modo
1704 1861 1942 1913 reﬂoruit
1987 1859 2307 1913 excellet-tia

744 1954 1065 2015 honestatis,
1096 1963 1239 2005 tanta
1273 1955 1542 2022 religionis
1568 1955 1778 2007 eximia:
1805 1954 2049 2006 claritate
2077 1950 2306 2014 refulsit,

741 2050 801 2095 ut
832 2043 895 2093 de
926 2044 1043 2110 ipso
1069 2059 1190 2095 "um
1221 2042 1387 2096 Jacoh
1439 2056 1582 2098 recte
1618 2046 1783 2111 possit
1838 2045 1956 2110 quis
2000 2044 2181 2096 dicere
2217 2034 2340 2095 ad?

743 2132 990 2185 mirando
1015 2171 1028 2184 .
1067 2131 1209 2186 Vere
1236 2143 1459 2188 sanctus
1493 2145 1574 2187 est
1606 2134 1705 2186 iste
1734 2133 1903 2194 locus,
1931 2131 2054 2200 quia
2103 2132 2186 2184 hic
2217 2145 2307 2187 est

742 2223 935 2275 domus
972 2226 1082 2285 Dei,
1118 2236 1169 2276 et
1210 2225 1450 2289 quaedam
1496 2216 1890 2291 quodammodo
1932 2230 2085 2291 porta
2144 2221 2303 2281 coeli;

747 2316 835 2365 urbi
874 2317 1161 2369 multitudo
1197 2315 1439 2370 ccclestis
1470 2316 1762 2375 exercitus,
1787 2324 2041 2381 tanquam
2100 2323 2309 2365 caStro-

747 2421 863 2457 rum
920 2407 1065 2461 acies
1123 2407 1367 2460 ordinata
1393 2417 1445 2459 et
1480 2417 1661 2474 parata
1697 2405 1959 2457 suscitare
1989 2403 2307 2465 Leviathan,

740 2500 1031 2553 victoriose
1085 2508 1283 2568 pngnnt
1335 2498 1530 2566 iugiter
1592 2511 1713 2547 cum
1770 2497 2027 2557 dracone,
2075 2493 2311 2562 psallens

745 2588 973 2656 Domino
1020 2592 1314 2657 sapienter.
1353 2588 1577 2655 Propter
1616 2587 1758 2653 quod
1792 2586 1905 2654 jam
1944 2586 2141 2639 dudum
2168 2585 2307 2638 fama

743 2682 902 2734 vestri
947 2682 1201 2740 nominis.
1233 2696 1352 2747 qum
1378 2680 1551 2732 fuerat
1598 2679 1764 2732 effusa
1800 2681 1937 2731 sicut
1974 2680 2151 2731 oleum
2213 2678 2308 2731 cir-

743 2786 1107 2840 cumquaque,
1138 2773 1333 2825 multos
1376 2773 1597 2841 populos
1629 2772 1691 2824 ad
1729 2788 1787 2825 sc
1824 2773 2047 2824 traxerit
2084 2770 2137 2822 in
2173 2773 2309 2824 odo—

728 2877 857 2915 rem
902 2874 1297 2933 unguentorum
1330 2873 1651 2923 vestrorum,
1682 2863 1826 2929 ipsos
1855 2876 2073 2914 currere
2110 2859 2311 2913 faciens

744 2956 1068 3017 aremotis;
1141 2954 1503 3007 Ecclesiarum
1559 2953 1764 3020 pnelati
1836 2962 1886 3004 et
1956 2956 2311 3019 imperatores

744 3047 1332 3114 (Ionstantinopolitani
1366 3046 1650 3114 pluresque
1682 3044 1956 3112 principes
1992 3044 2307 3108 saeculares,

743 3156 840 3209 per
870 3139 1145 3207 privilegia
1179 3153 1277 3191 sua
1311 3137 1499 3197 multa,
1530 3137 1655 3188 olim
1682 3135 2312 3203 tatitzelibertatispraie-

2411 780 2633 829 sanctus
2656 774 2875 834 dicitur,
2905 792 2931 825 a
2962 770 3185 825 Rutenis
3214 772 3415 823 Suvata
3449 766 3685 837 [Sviata]
3726 769 3906 818 liora.
3946 787 3961 814 ι

2482 862 2539 915 6.
2571 861 2889 915 Przedictum
2918 877 3114 915 nomen
3147 860 3339 925 Ἀγιον
3371 860 3498 928 ὅροις
3524 859 3590 910 ab
3627 859 3724 909 illo
3764 860 4007 908 virorum

2412 956 2786 1024 religiosorum
2816 966 2959 1009 coetu
2988 967 3038 1007 et
3064 954 3265 1006 sanctis
3287 952 3796 1004 exercitationibus
3838 953 4013 1001 adlue-

2413 1051 2549 1101 sisse
2576 1047 2714 1100 Atlio
2759 1056 2912 1113 putat
2961 1046 3264 1105 Bellonins;
3310 1058 3431 1095 cum
3474 1044 3653 1107 potius
3708 1040 4007 1093 sanctitati

2412 1138 2558 1193 Petri
2603 1139 2987 1193 ascribendnm
3009 1179 3022 1197 ,
3061 1139 3125 1189 ah
3153 1139 3376 1204 ipsaque
3410 1134 3639 1197 Deipara
3671 1133 3724 1184 ei
3768 1132 4005 1183 inditum

2412 1233 2504 1295 sit,
2537 1233 2611 1284 uti
2648 1248 2796 1284 num.
2836 1232 2886 1282 ll
2936 1232 2986 1281 in
3027 1227 3148 1281 Vita
3187 1229 3399 1295 legitur.
3438 1225 3667 1289 Quando
3697 1233 3907 1276 autem
3937 1228 4005 1275 sic

2413 1322 2637 1390 coeperit
2670 1320 2929 1389 appellari
2978 1330 3090 1371 tum
3117 1327 3369 1371 constare
3393 1316 3611 1384 poterit,
3652 1314 3907 1382 quando
3950 1315 4005 1365 de

2412 1424 2675 1482 tempore,
2709 1428 2816 1482 quo
2840 1426 3132 1465 conversus
3170 1421 3251 1463 est
3292 1409 3505 1472 Petrus,
3538 1407 3860 1461 constabit.
3890 1406 4005 1459 Flo-

2416 1507 2519 1558 ruit
2550 1506 2602 1557 iu
2636 1520 2703 1558 eo
2734 1515 2940 1565 monte,
2992 1512 3187 1571 praeter
3235 1502 3455 1556 Petrum
3512 1510 3796 1561 nostrum,
3851 1506 4003 1552 notus

2414 1597 2570 1649 nubis
2604 1596 2961 1649 sanctimonia
2996 1596 3120 1649 vita:
3154 1594 3487 1647 Athanasius
3518 1591 3774 1659 qttidam,
3830 1592 4005 1658 patria

2412 1686 3298 1756 Trapezuntius,Constantinopoli
3324 1684 3518 1739 litteris
3534 1684 3701 1751 probe
3721 1684 4003 1747 eruditus,

2415 1781 2614 1833 montis
2643 1779 2885 1850 Cyminae
2918 1780 2970 1832 in
3022 1779 3149 1832 Asia
3200 1780 3456 1846 primum,
3496 1776 3690 1831 deinde
3745 1776 3892 1829 Athi
3957 1776 4003 1826 ii:

2339 1892 2382 1948 Β
2416 1869 2721 1924 Macedonia
2758 1886 2913 1925 sacer
2948 1879 3191 1925 ascetes:
3220 1871 3313 1939 qui
3349 1871 3402 1922 in
3430 1869 3585 1931 huius
3626 1869 3913 1921 interiora
3945 1883 4005 1920 ex

2414 1960 2590 2011 divina
2642 1960 2968 2014 revelatione
3016 1960 3232 2014 tandem
3288 1961 3533 2024 secessit,
3595 1978 3614 2009 «
3655 1958 4003 2027 ibidemque,

2415 2061 2634 2119 rogatus
2662 2066 2686 2103 a
2724 2050 3031 2119 Nicephoro
3063 2050 3264 2112 Phoca,
3289 2051 3491 2103 militia:
3515 2052 3717 2119 pariter
3748 2066 3821 2103 ac
3857 2050 4003 2103 domi

2413 2143 2467 2197 in
2525 2144 2727 2210 palatio
2773 2144 3121 2212 imperatoris
3150 2144 3321 2203 claro.
3378 2144 3587 2212 ipsique
3636 2154 3845 2197 sancto
3892 2144 4001 2207 ian:

2414 2243 2534 2287 ante
2550 2232 2890 2288 familiariter
2911 2219 3036 2287 noto
3059 2242 3112 2288 et
3144 2235 3396 2287 amicitia:
3432 2234 3644 2287 vinculo
3671 2234 3996 2300 coniuncto.

2412 2326 2506 2379 Dei
2538 2326 2692 2379 Matri
2724 2328 3069 2395 magnilicum
3102 2342 3233 2380 sane
3271 2327 3526 2393 templum
3559 2327 3854 2389 condidit,
3890 2328 3997 2380 cel-

2414 2418 2599 2485 lasque
2628 2417 2886 2491 plurimas
2919 2425 2973 2470 et
3006 2417 3272 2470 maximas
3304 2418 3371 2469 ad
3414 2432 3567 2470 usum
3597 2432 3663 2470 ac
3698 2418 3980 2471 habitatio

2413 2521 2532 2560 nem
2557 2506 2783 2560 fratrum
2848 2522 2876 2560 a
2926 2506 3295 2561 fundamentis
3343 2508 3621 2571 excitavit,
3679 2519 3731 2561 et
3783 2509 3996 2563 lauram

2412 2599 2641 2665 denique
2690 2598 2978 2653 multarunt
3010 2615 3266 2667 capacem
3320 2599 3561 2659 molitus.
3606 2600 3872 2669 migravit
3933 2604 3997 2653 ad

2412 2688 2720 2755 Dominum,
2762 2710 2778 2740 ι
2820 2693 2893 2746 uti
2930 2691 3129 2745 Menam
3164 2690 3457 2758 loquuntur
3488 2691 3553 2743 ad
3594 2689 3739 2743 diem
3775 2692 3811 2743 5
3841 2690 3997 2744 Julii.

2480 2779 2535 2832 '1.
2573 2780 2840 2835 Conficies
2883 2797 3043 2850 porro
3075 2797 3137 2837 ex
3179 2790 3337 2836 aetate
3384 2780 3677 2849 Nicephori
3717 2784 3997 2849 praedicti,

2412 2883 2554 2925 anno
2578 2871 2683 2925 963
2724 2873 3008 2939 imperium
3050 2889 3207 2927 suum
3250 2874 3384 2937 orsi,
3421 2874 3791 2927 Athanasium
3830 2877 3999 2929 istum

2412 2961 2513 3014 sub
2545 2976 2739 3015 annum
2758 2964 2862 3017 950
2894 2964 3139 3017 ﬂoruisse
3163 2965 3217 3017 in
3252 2974 3431 3017 monte
3457 2964 3629 3029 Atho;
3657 2974 3832 3030 atque
3860 2968 3998 3021 adeo

2409 3050 2517 3119 jam
2560 3063 2715 3107 antea
2776 3056 2971 3108 ibidem
3006 3056 3138 3110 alios
3169 3058 3330 3109 vitam
3377 3056 3598 3110 duxisse
3655 3059 3995 3119 solitariam,

2413 3160 2536 3198 cum
2559 3155 2612 3198 et
2652 3146 2766 3214 ipse
2799 3146 3002 3216 legatur
3042 3147 3092 3201 in
3132 3148 3348 3203 Menaeis
3385 3149 3501 3203 loc‘o
3533 3150 3701 3203 citato
3727 3190 3743 3213 ,
3786 3154 3998 3205 seniori

743 3231 1005 3282 minentia
1035 3243 1129 3280 vos
1160 3227 1431 3285 dotarunt,
1476 3236 1531 3275 ut
1560 3234 1679 3291 post
1711 3223 1896 3286 Deum,
1930 3224 2014 3277 cui
2060 3224 2308 3276 volebant

2414 3239 2765 3293 Anachorctze
2809 3241 2918 3294 lllic
2942 3255 3000 3295 se
3044 3242 3362 3309 discipulum
3414 3242 3727 3296 tradidisse.
3810 3244 4001 3299 Potest

742 3337 838 3373 vos
886 3321 1055 3373 libere
1105 3318 1375 3378 famulari,
1406 3317 1602 3369 nullius
1655 3331 1889 3381 unquam
1922 3315 2117 3369 essetis
2147 3314 2312 3381 juris—

740 3411 969 3465 dictioni
1004 3409 1250 3474 subjecti.
1302 3427 1317 3457 ι
1348 3408 1425 3459 Ita
1457 3406 1716 3475 pontifex,
1757 3406 1860 3459 alia
1900 3390 2097 3459 deinde
2126 3421 2312 3473 prose-

739 3520 911 3574 quens
947 3505 1011 3558 de
1043 3504 1277 3555 violento
1304 3502 1572 3569 praedone,
1596 3500 1698 3567 'qu_i
1734 3500 2128 3553 monachorum
2159 3501 2311 3569 quie-

744 3604 851 3649 tem
880 3593 1135 3657 turbavit,
1159 3592 1413 3658 expilavit
1437 3592 1717 3652 ecclesias,
1734 3592 1995 3658 quosdam
2018 3592 2312 3647 crudeliter

740 3688 901 3740 etiam
924 3686 1195 3739 interemit
1220 3701 1233 3749 ;
1256 3700 1357 3739 nec
1390 3700 1495 3737 non
1521 3684 1824 3751 suscipiens
1852 3694 1961 3735 tum
1993 3687 2309 3751 monachos,

749 3789 859 3831 tum
892 3788 1127 3830 inoutem
1179 3779 1355 3846 ipsum
1397 3778 1497 3830 sub
1530 3791 1624 3831 sua
1656 3785 1708 3831 et
1759 3776 1937 3831 sancti
1979 3778 2122 3831 Petri
2170 3777 2307 3846 ‘pro-

751 3871 1003 3924 lectione.

819 3965 871 4017 5.
904 3964 1019 4015 Alia
1080 3949 1309 4016 su'binde
1367 3961 1569 4017 montis
1624 3960 1792 4015 facies
1843 3961 2053 4015 exstitit
2107 3964 2310 4017 secutis

743 4055 1112 4122 temporibus,
1167 4054 1623 4107 monasteriorum
1674 4054 1969 4122 praesertim
2039 4070 2306 4119 numero,

747 4148 883 4197 forte
944 4145 995 4197 in
1046 4144 1358 4197 schismatis
1407 4157 1653 4211 pinnam,
1701 4144 2095 4198 incredibiliter
2127 4145 2309 4199 immi-

743 4245 899 4291 nuto.
951 4237 1079 4289 Nam
1107 4237 1418 4305 quisaaculo
1445 4237 1706 4304 superiori
1745 4247 1982 4292 montem
2018 4243 2310 4306 perambu-

746 4328 896 4391 lavit,
926 4326 1438 4381 accnratelustrans
1484 4326 1662 4380 omnia
1695 4326 2048 4395 pluribusque
2097 4329 2307 4383 descri-

742 4419 872 4471 bens
928 4417 1114 4471 Petrus
1166 4416 1459 4481 Bellonitts,
1511 4417 1584 4470 ait
1640 4416 1775 4470 libro
1811 4432 1909 4471 suo
1960 4415 2002 4480 Ι,
2051 4431 2170 4485 cap.
2218 4419 2307 4481 lO,

2416 3323 2595 3381 tamen
2650 3330 2717 3382 ab
2783 3331 3061 3386 Athanasii
3121 3333 3455 3400 temporibus
3506 3332 3786 3386 celebrior
3824 3334 4006 3389 factus

2412 3428 2467 3473 et
2495 3421 2663 3489 magis
2689 3422 3055 3490 frequentatus
3078 3424 3241 3478 fuisse
3271 3440 3424 3478 mons
3456 3424 3576 3488 iste,
3617 3436 3728 3478 tmn
3768 3440 4004 3497 propter

2412 3513 2753 3567 sanctitatem
2790 3514 2958 3582 ipsius
2992 3514 3308 3579 Athanasii,
3339 3526 3449 3569 tum
3484 3526 3704 3585 propter
3738 3522 4003 3573 auctori-

2414 3612 2576 3657 tatem
2606 3605 2919 3673 Nicephori,
2954 3607 3048 3660 viri
3081 3607 3339 3675 apulenti,
3373 3610 3564 3663 deinde
3616 3610 3999 3679 imperatoris.

2417 3707 2527 3748 tum
2562 3696 2726 3749 etiam
2772 3708 2988 3766 propter
3025 3701 3413 3754 monasterium
3438 3710 3489 3753 et
3521 3699 3729 3755 lauram
3779 3705 3998 3758 utrius-

2414 3800 2517 3853 que
2574 3801 2677 3855 ope
2736 3798 3130 3844 constructam.
3182 3790 3353 3856 Quam
3424 3790 3628 3844 lauram
3695 3795 3738 3845 si
3802 3795 3997 3849 dixi-ro

2412 3877 2709 3955 etiamnum
2742 3889 2975 3942 exstare,
2994 3880 3346 3949 eamdemque
3371 3896 3493 3936 esse
3516 3896 3679 3951 quam
3712 3882 3995 3940 Bellonius

2414 3965 2695 4029 describit,
2746 3968 2835 4021 lib.
2870 3986 2908 4031 ι,
2937 3984 3059 4036 cap.
3089 3970 3155 4023 37
3180 4011 3194 4035 ,
3228 3970 3481 4025 fortassis
3510 3972 3643 4038 erit,
3683 3974 3777 4040 qui
3818 3979 4001 4029 consi-

2412 4054 2615 4109 deratis
2644 4056 2867 4111 Bellonii
2893 4058 3068 4112 verbis
3093 4060 3221 4113 mihi
3258 4062 3604 4116 assentiatur.
3644 4080 3663 4112 ι
3711 4062 3994 4119 Monaste-

2413 4144 2577 4209 rlum,
2628 4147 2802 4215 inquit
2850 4148 2964 4214 ille,
2994 4150 3123 4214 Agin
3167 4148 3341 4204 Laura
3398 4162 3801 4219 nuncupatum,
3858 4157 3994 4209 inter

2412 4235 2616 4305 reliqua
2652 4239 2816 4293 totius
2850 4242 3045 4295 montis
3091 4244 3417 4296 monasteria
3448 4242 3601 4299 facile
3619 4247 3991 4314 principatum

2412 4327 2639 4394 obtinet,
2678 4338 2838 4397 atque
2870 4332 2935 4383 ad
2985 4332 3195 4387 radices
3220 4333 3510 4387 celsissimi
3540 4334 3655 4404 jugi
3691 4339 3872 4403 (quod
3899 4355 3991 4391 ve-

2413 4432 2505 4471 rus
2538 4434 2692 4473 mons
2718 4419 2891 4475 Athos
2919 4422 3023 4489 est)
3063 4423 3223 4476 situm
3262 4434 3371 4488 est,
3400 4438 3504 4493 qua
3536 4436 3689 4493 parte
3740 4426 3987 4483 Lemnon

744 4510 905 4562 trium
938 4508 1143 4562 dierum
1187 4507 1381 4561 itinere
1410 4506 1461 4560 iu
1501 4505 1912 4574 longitudinem,
1942 4505 2148 4560 dimidii
2180 4522 2307 4561 vero
2340 4534 2385 4591 υ
2415 4520 2638 4578 spectat.
2664 4530 2681 4561 ι
2726 4510 2872 4565 Gerit
2897 4514 3040 4566 enim
3064 4518 3447 4569 monasterium
3484 4517 3604 4579 hoc,
3628 4517 3817 4571 solum
3854 4521 3988 4573 inter

742 4602 795 4654 in
844 4600 1183 4672 latitudinem
1247 4608 1467 4666 patere:
1500 4612 1527 4649 a
1579 4598 1705 4650 solis
1759 4597 2037 4665 Calogeris
2067 4597 2212 4666 (sunt
2272 4601 2307 4653 ii

742 4690 994 4744 monachi
1028 4688 1249 4743 caelibes
1280 4692 1419 4755 apud
1472 4686 1710 4756 Graacos)
1743 4687 2034 4743 inhabitari
2062 4703 2076 4742 :
2116 4690 2306 4759 viginti

746 4784 845 4836 tria
880 4782 959 4837 vel
981 4793 1211 4850 quatuor
1240 4796 1343 4833 non
1372 4778 1598 4850 amplius
1624 4780 2307 4845 monasteria,variislocis

744 4873 872 4937 sita,
898 4876 1194 4926 numerari.
1228 4871 1549 4925 Monasteria
1579 4871 1690 4939 ipsa
1725 4872 1925 4926 habere
1956 4872 2009 4926 in
2036 4874 2306 4941 adjunctis

743 4965 843 5019 sibi
879 4965 1086 5032 templis
1113 4980 1295 5017 sacras
1328 4964 1602 5031 reliquias,
1634 4964 1696 5017 ad
1741 4979 1941 5033 easque
1967 4964 2305 5035 frequentem

743 5056 858 5109 ﬁeri
890 5054 1469 5123 coucnrsum.Templa
1503 5070 1713 5123 quoque
1744 5057 1860 5124 ipsa
1880 5060 2092 5126 egregie
2114 5068 2303 5115 ornata

740 5156 794 5199 et
824 5155 1097 5198 exstructa
1141 5158 1298 5211 esse,
1351 5155 1509 5213 atque
1558 5145 1684 5198 inibi
1733 5146 2019 5216 Calogeros
2075 5150 2303 5219 singulis

744 5237 812 5287 dii
833 5237 929 5290 bus
964 5237 1207 5303 liturgias
1242 5252 1456 5299 canere,
1489 5238 1666 5290 omnia
1692 5237 1880 5293 Graeco
1908 5255 2156 5297 sermone
2183 5258 2307 5311 pro-

742 5325 999 5379 ferentes.
1054 5324 1156 5377 Sed
1216 5325 1281 5378 de
1314 5325 1609 5393 Caloéeris,
1636 5328 1724 5393 qui
1766 5328 1874 5382 illic
1910 5330 1973 5381 ad
2010 5344 2104 5382 sex
2135 5330 2302 5385 millia

742 5418 999 5469 dicuntur
1030 5415 1247 5481 degere,
1285 5416 1356 5467 uti
1396 5426 1448 5468 et
1494 5417 1557 5469 de
1597 5416 1714 5469 aliis
1750 5420 1853 5470 huc
1892 5422 2299 5486 pertinentibus

742 5506 940 5559 videsis
976 5504 1272 5557 Belluttittttt
1315 5506 1483 5573 ipsum
1508 5545 1521 5568 ,
1559 5516 1612 5560 et
1667 5522 1785 5575 quae
1817 5509 2053 5565 Joannes
2087 5511 2301 5582 Langus

744 5600 807 5651 ad
841 5600 935 5653 lib.
964 5614 1013 5651 ιι
1040 5597 1355 5665 Nicepliori,
1384 5615 1497 5667 cap.
1533 5602 1620 5665 38,
1648 5602 1727 5656 sic
1758 5611 1909 5656 notat
1941 5619 1954 5657 :
1998 5623 2015 5655 ι
2053 5605 2223 5662 llodie
2245 5609 2299 5663 in

749 5687 882 5740 Atho
935 5688 1227 5741 monte’22
1278 5689 1503 5759 insignia
1550 5702 1671 5745 sunt
1710 5696 2033 5749 monasteria
2088 5694 2300 5752 Grzeco-

750 5799 858 5836 tum
892 5782 1276 5838 ttionacltorum
1300 5783 1507 5838 ordinis
1535 5786 1702 5839 sancti
1738 5785 1942 5852 Basilii,
1965 5804 2081 5857 quae
2114 5792 2298 5847 tribuli

2411 4602 2588 4657 omnia
2633 4619 2661 4657 a
2708 4603 2945 4659 Bellonio
2987 4602 3345 4669 enumerata,
3387 4623 3579 4661 nomen
3631 4608 3816 4663 Laura
3856 4628 3871 4664 :
3906 4613 3985 4663 cui

2410 4692 2650 4746 additum
2685 4694 2878 4748 deinde
2927 4704 3101 4762 potest
3133 4694 3299 4751 fuisse
3343 4697 3501 4763 Ἀγία
3531 4714 3629 4753 seu
3668 4712 3886 4763 sancta,
3909 4703 3985 4754 \el

2410 4797 2436 4835 a
2470 4781 2770 4837 fundatoris
2801 4785 3079 4838 Athanasii
3138 4788 3428 4840 sanctitate
3451 4829 3466 4851 ,
3498 4788 3577 4841 vel
3620 4803 3648 4838 a
3691 4793 3988 4843 sanctitate

2410 4875 2577 4941 ipsius
2619 4878 2957 4939 monasterii,
2991 4879 3132 4944 quod
3158 4888 3213 4931 et
3247 4881 3353 4932 situ
3398 4879 3715 4947 particulari
3750 4897 3983 4936 venera-

2410 4966 2570 5018 bilius
2621 4978 2704 5021 est
2731 4968 2869 5030 aliis,
2910 4978 2962 5021 et
3012 4970 3095 5022 cui
3144 4968 3250 5023 alia
3301 4970 3437 5024 forte
3486 4972 3668 5023 omnia
3715 4974 3986 5039 originem

2410 5073 2563 5111 suam
2593 5070 2757 5127 atque
2799 5060 2935 5113 adeo
2982 5063 3142 5113 etiam
3171 5062 3571 5115 venerationem
3610 5062 3876 5118 debeant.
3902 5068 3988 5120 list

2410 5161 2668 5217 praeterea
2699 5154 3081 5206 monasterium
3122 5155 3240 5217 hoc,
3267 5155 3339 5207 uti
3365 5154 3494 5207 illud
3523 5154 3985 5221 Athanasiauum,

2410 5238 2461 5293 in
2492 5242 2685 5294 montis
2734 5252 2886 5309 parte
2927 5242 3172 5295 interiori
3225 5253 3280 5297 et
3308 5246 3480 5312 magis
3514 5244 3617 5295 alta
3648 5261 3819 5311 quam
3866 5249 3985 5301 reli-

2408 5346 2535 5402 qua,
2569 5332 2682 5389 fere
2723 5335 2774 5387 in
2808 5334 3078 5388 littoribus
3107 5334 3222 5388 sita}
3250 5345 3345 5387 aut
3374 5349 3561 5402 parum
3598 5334 3723 5389 inde
3752 5350 3984 5399 remota,

2411 5426 2483 5478 uti
2521 5436 2747 5479 testatur
2768 5425 3061 5481 Bcilouius.

2479 5518 2530 5571 8.
2562 5516 2664 5571 Sed
2715 5518 2996 5571 redeamus
3044 5520 3108 5571 ad
3137 5516 3403 5580 'Petrum,
3436 5518 3523 5585 qtti
3569 5521 3800 5573 omnino
3837 5527 3979 5591 prior

2408 5609 2709 5666 Athanasio
2739 5612 2935 5665 Athum
2963 5612 3250 5666 incoluisse
3285 5614 3461 5667 debet.
3488 5612 3605 5678 Quo
3643 5615 3793 5667 enim
3829 5630 3997 5685 pacto

2413 5717 2508 5771 per
2556 5716 2726 5777 annos
2771 5703 2882 5757 fere
2924 5704 3335 5775 quinquaginta,
3387 5719 3520 5775 quos
3562 5706 3674 5759 illic
3732 5710 3979 5777 exegisse

2421 5794 2643 5858 dicitur,
2672 5796 2839 5850 latere
2875 5796 3115 5851 onmium
3146 5798 3367 5852 omnino
3400 5796 3583 5853 oculos
3607 5797 3899 5866 putuiSsct,
3932 5814 3973 5853 st
