4104 6322
104 405 214 467 933

1157 410 1337 468 VlTA
1376 412 1436 470 S.
1482 412 1710 472 PETR!
1745 415 2176 474 ATllONlTE.

102 543 212 585 tam
252 533 501 602 frequens
532 531 924 587 habitatoribus
951 542 1074 588 tunc
1101 534 1287 590 fuisset
1308 544 1486 603 foo‘ns,
1514 542 1676 606 (punit
1707 548 1752 599 Α
1787 554 1892 596 tam
1923 543 1975 595 in
2007 543 2193 595 Asiam
2224 539 2339 594 vela
2373 539 2635 604 facturos,
2667 557 2684 590 ι
2711 537 2784 592 uti
2807 544 3060 592 narratur
3091 551 3243 592 num.
3267 540 3352 593 10.

99 639 224 679 esse
267 637 384 692 pom
411 625 766 678 Athanasium
796 625 996 694 coepit?
1029 624 1166 692 Quid
1197 628 1362 682 etiam
1403 631 1504 683 sibi
1536 629 1668 691 vult,

104 719 249 784 quod
277 719 482 784 primus
512 717 709 770 athleta
734 718 843 773 illic
878 719 1080 788 degerit
1124 720 1314 775 Petrus
1339 765 1353 785 ,
1384 722 1458 774 uti
1489 722 1672 776 Prolo-

101 825 229 876 gus;
253 809 467 878 etquod
501 809 724 878 Deipara
750 807 924 862 locum
953 810 1098 862 illum
1123 812 1282 864 Petro
1302 814 1665 876 constituerit,

105 914 160 954 ut
202 903 302 955 sibi
356 900 583 953 electmu
633 915 730 968 pro
777 901 1028 956 instituto
1077 906 1392 969 monastico,
1428 905 1501 958 uti
1550 905 1670 960 Vita

102 993 219 1059 ipsa
250 1009 399 1045 uttm.
430 993 485 1044 ll
536 992 759 1044 narrat?
801 993 943 1046 Sme
993 996 1180 1047 isthace
1224 1007 1407 1062 aperte
1449 996 1667 1062 docent,

103 1085 338 1152 priorem
375 1085 670 1136 Athanasio
694 1085 892 1137 Album
926 1085 1216 1140 incoluisse
1238 1087 1455 1140 Petrum
1483 1099 1669 1156 :atque

101 1174 318 1225 utinam
344 1184 553 1238 tempus
583 1188 796 1242 quoque
826 1174 1209 1228 intermedium
1242 1178 1534 1232 docerent!
1565 1178 1668 1232 Sed

101 1259 230 1312 illud
263 1261 387 1314 hinc
404 1262 726 1334 sperandum
757 1278 860 1316 non
891 1265 1213 1328 est,nullum
1248 1267 1502 1322 indicium
1538 1283 1673 1335 pra:-

101 1352 348 1405 bentibus
389 1353 568 1417 Actis,
637 1355 778 1406 unde
847 1355 896 1406 iu
953 1357 1197 1408 notitiam
1269 1359 1490 1421 sa-culi,
1564 1375 1669 1426 quo

80 1440 281 1494 'lloruit
335 1443 550 1506 Petrus,
590 1446 758 1497 veniri
792 1447 979 1512 possit.
1040 1449 1151 1499 lmo
1205 1465 1302 1500 nec
1354 1451 1478 1501 sciri
1537 1449 1670 1504 satis

98 1546 273 1597 certo,
323 1537 560 1600 quandiu
602 1536 653 1588 in
695 1537 839 1588 Atho
899 1538 1112 1596 vixerit.
1156 1555 1219 1591 ex
1267 1531 1415 1592 Actis
1467 1551 1668 1610 potest,

102 1626 262 1679 aliter
284 1635 446 1692 atque
469 1627 886 1681 aliter'subiude
907 1626 1266 1700 loquentibus.
1302 1629 1429 1682 Nam
1461 1648 1608 1687 nom.
1637 1634 1670 1687 5

98 1719 382 1784 assignant
415 1722 732 1774 anaelioresi
762 1723 878 1789 ejus
922 1723 972 1773 in
1017 1733 1196 1775 monte
1225 1739 1394 1784 annos
1434 1725 1668 1791 amplius

98 1813 516 1880 quinquaginta,
542 1814 803 1879 quinum.
820 1813 888 1865 4‘2
907 1814 1267 1866 extenduntur
1287 1814 1352 1866 a'd
1375 1833 1540 1867 annos
1561 1819 1665 1871 55:

99 1912 155 1956 at
194 1918 343 1955 num.
383 1902 474 1963 56,
515 1903 671 1955 annis
710 1902 778 1955 46
811 1905 1071 1955 duntaxat
1126 1906 1175 1955 in
1223 1920 1409 1975 eremo
1460 1917 1668 1961 transa-

99 1991 222 2053 ctis,
254 1978 450 2044 dicitur
489 1992 740 2044 iuventus
783 1992 948 2044 l'uisse
996 2009 1022 2044 a
1078 2004 1352 2057 venatore,
1388 1997 1582 2062 vivus;
1620 2007 1673 2050 et.

99 2093 245 2133 anno
299 2091 419 2148 post
478 2096 603 2142 uno,
645 2095 912 2146 mortuus,
953 2085 1030 2136 sic
1069 2091 1125 2135 ttt
1168 2086 1234 2136 47
1300 2086 1405 2137 illic
1458 2097 1669 2138 tantum

98 2173 421 2240 expleverit.
472 2172 666 2225 Verum
720 2190 840 2226 cum
893 2177 997 2225 duo
1043 2177 1249 2242 priores
1302 2179 1506 2228 numeri
1568 2194 1669 2230 non

102 2264 243 2317 male
284 2265 425 2316 inter
456 2279 513 2317 se
543 2268 873 2317 cumrordent
901 2304 914 2328 ,
947 2268 1134 2317 cedere
1179 2268 1283 2320 illis
1314 2270 1667 2332 posteriorem

99 2354 322 2406 unicum
360 2369 456 2422 par
485 2364 565 2407 est
597 2394 612 2416 ,
673 2353 884 2420 dicique
921 2356 1151 2418 debebit,
1200 2363 1576 2430 aut'errorem
1619 2359 1670 2410 in

100 2458 388 2498 numerum
414 2445 716 2511 irrepsisse,
745 2458 837 2498 aut
861 2447 1071 2513 longius
1093 2463 1253 2514 quam
1278 2449 1400 2500 an‘ni
1439 2450 1666 2515 spatium

100 2535 267 2602 (quod
315 2547 493 2586 tamen
549 2537 677 2587 Acta
715 2540 933 2604 negant)
978 2538 1118 2589 inter
1156 2539 1361 2590 abitum
1405 2541 1674 2592 venatoris

98 2641 129 2677 e
154 2635 338 2678 monte
368 2642 430 2677 ac.
459 2627 686 2678 reditum
709 2627 1000 2680 efﬂuxisse.
1023 2628 1208 2682 Posset
1239 2630 1486 2683 fortassis
1511 2632 1671 2683 etiam

101 2717 393 2778 sustineri,
453 2721 590 2785 quod
648 2719 880 2773 Sanctus
934 2735 1102 2773 annos
1181 2720 1248 2773 47
1317 2724 1674 2775 detertniuale

99 2809 299 2860 vin-rit
342 2809 394 2860 in
455 2821 678 2864 monte:
736 2826 827 2865 sex
886 2827 1033 2876 vero,
1066 2813 1156 2880 qui
1208 2814 1671 2880 snperadduntur,

101 2900 480 2967 intelligendos
508 2916 646 2963 esse,
669 2917 730 2954 ex
771 2913 948 2954 mente
981 2904 1136 2970 primi
1185 2902 1316 2956 Vita:
1362 2906 1670 2971 scriptoris,

103 2990 173 3040 de
203 2992 360 3043 annis
415 2992 518 3045 illis
559 2990 647 3058 qui
697 2995 764 3044 ab
813 2993 967 3045 initio
1005 2995 1402 3048 conversionis
1459 2998 1509 3048 in
1573 2997 1673 3059 ittt,

103 3096 256 3133 mora
318 3083 599 3146 redituque
647 3084 912 3145 “onmno,
953 3100 1122 3152 usque
1155 3089 1217 3138 ad
1259 3087 1473 3139 initium
1520 3089 1669 3139 habi-

101 3270 231 3321 vita!
259 3272 490 3336 Spatium
525 3273 648 3324 anui
686 3273 754 3324 53
778 3276 1086 3326 numerandi
1113 3276 1240 3327 sint.

177 3363 230 3414 9.
271 3362 453 3415 Nihilo
483 3367 714 3420 certiora
750 3366 903 3417 nobis
940 3366 1004 3418 de
1033 3365 1178 3419 Petri
1214 3355 1332 3420 loco
1371 3368 1532 3421 natali
1564 3378 1673 3422 tra-

104 3453 243 3506 dunt
274 3453 435 3516 Acta,
469 3470 627 3522 quam
665 3458 728 3509 de
761 3456 960 3508 saeculo
986 3471 1090 3524 quo
1114 3456 1328 3511 vixerit.
1363 3457 1522 3512 Nutu.
1548 3458 1580 3513 6
1605 3459 1680 3514 le-

107 3547 257 3611 gitur
279 3547 570 3599 excitatum
606 3548 654 3600 in
681 3549 852 3615 patria
892 3549 1004 3615 ejus
1043 3549 1238 3602 bellum
1280 3550 1444 3603 fuisse
1491 3562 1676 3603 contra

104 3639 315 3692 Arabes
341 3637 523 3706 {quod
561 3641 759 3692 indicio
785 3629 996 3708 quidem
1022 3659 1136 3694 esse
1169 3644 1356 3709 possit,
1378 3644 1426 3694 iu
1464 3643 1676 3695 illorum

107 3729 365 3781 confiniis
398 3740 581 3781 natum
626 3731 821 3783 alicubi
845 3729 1012 3785 fuisse
1047 3730 1294 3793 Petrum;
1320 3734 1410 3786 sed
1441 3733 1682 3800 quibus?

108 3818 618 3876 Océidentalihusue
676 3837 740 3874 an
800 3823 1350 3890 scptentrioualilnts,
1395 3840 1460 3875 an
1515 3823 1680 3876 aliis?

106 3913 211 3967 Est
259 3914 469 3966 Arabiae
499 3915 832 3968 contermina
867 3914 1145 3967 Palu-stitia
1183 3932 1195 3966 ς
1243 3928 1392 3982 parte
1426 3917 1504 3968 sui
1535 3931 1681 3968 eam-

109 4006 232 4056 dem
266 4004 481 4070 attingit
537 4002 688 4073 Syria
725 4022 737 4056 :
783 4004 1014 4056 Arabum
1056 4005 1394 4057 incursiones
1449 4004 1680 4056 subinde

107 4107 163 4149 ct
189 4097 312 4146 A~ia
371 4096 554 4147 minor
586 4096 772 4148 sensit.
822 4096 1170 4162 Suspicetuur
1201 4096 1362 4162 igitur
1398 4112 1459 4148 ex
1499 4098 1678 4165 aliqua

110 4189 341 4240 istarum
381 4191 653 4257 regionum
683 4229 697 4254 ,
740 4203 801 4240 ac
859 4190 1123 4256 prmciptte
1161 4204 1223 4240 ex
1260 4190 1516 4243 alterutra
1547 4193 1681 4244 dua-

111 4295 236 4332 rum
289 4280 609 4346 primarum,
666 4280 951 4332 oriundum
1003 4278 1166 4332 fuisse
1212 4279 1452 4343 Petrum,
1509 4284 1683 4336 donec

109 4371 335 4423 aliunde
391 4369 588 4422 clarior
646 4369 878 4423 fortasse
931 4371 1015 4422 lux
1084 4371 1336 4438 allulgeat
1374 4371 1680 4439 aliquando.

1776 632 1847 686 Ut
1891 633 2176 687 commode
2204 632 2393 685 iubare
2417 631 2576 684 verba
2603 631 2994 698 intelligantur,
3019 631 3353 696 separandos

1777 725 1861 777 hie
1887 733 1972 778 est
2015 735 2204 792 portus
2239 721 2306 774 ab
2333 723 2488 783 urbe,
2517 736 2579 773 ac
2619 725 2852 788 spatium
2884 720 3024 771 inter
3058 731 3349 787 utrumque

1776 815 1992 881 aliquod
2061 813 2406 880 iuterjectum
2451 811 2658 876 concipi
2715 811 2914 863 debet:
2968 810 3111 876 quod
3168 808 3352 860 Itonia:

1772 921 1928 959 nova:
1951 920 2046 959 seu
2067 903 2560 970 Constantinopoli,
2585 902 2670 954 tibi
2703 913 2892 969 portus
2929 915 3053 968 pars
3084 899 3230 951 urbis
3251 908 3351 962 est,

1773 997 2064 1049 convenire
2088 1009 2190 1048 non
2217 1004 2412 1064 potest;
2438 1001 2611 1060 potest
2633 1003 2810 1044 autem
2841 991 3022 1043 Romae
3049 992 3237 1050 veteri,
3261 1005 3351 1040 cu-

1769 1087 1860 1156 jus
1881 1096 2066 1154 portus
2093 1086 2373 1140 duooeeim
2405 1085 2515 1140 fere
2540 1085 2686 1136 mille
2711 1097 2908 1149 passus
2928 1084 2994 1134 ab
3021 1082 3152 1134 urbe
3175 1094 3355 1133 semo-

1776 1188 1860 1231 tus
1894 1187 1995 1241 est,
2027 1179 2142 1231 sive
2176 1192 2270 1245 per
2307 1177 2458 1230 illum
2497 1176 2645 1230 Ostia
2682 1175 2961 1237 'liberina,
2998 1175 3112 1226 sive
3161 1172 3355 1224 Portus

1773 1269 1998 1338 Augusti
2022 1308 2038 1334 ,
2071 1268 2232 1321 etiam
2268 1267 2539 1320 Romanus
2588 1266 2893 1334 appellatus
2922 1303 2953 1327 ,,
2991 1263 3340 1330 intelligatur.

1730 1407 1734 1411 .
1773 1361 2032 1422 Rursum,
2073 1362 2198 1414 hinc
2257 1361 2588 1413 solventibus
2616 1359 2665 1410 iu
2693 1359 2904 1418 Asiam,
2940 1358 3043 1408 iter
3076 1371 3169 1420 per
3221 1357 3355 1408 Cre-

1777 1452 2142 1505 tam‘ittstitui
2205 1463 2354 1505 reeta
2415 1461 2770 1516 p0lc>l;lttm
2837 1452 2963 1500 item
3011 1448 3354 1498 salientibus

1773 1541 2267 1609 Constantinopoli.
2325 1542 2390 1590 ab
2430 1541 2549 1592 Asia
2597 1541 2708 1591 solo
2772 1538 3011 1604 Bosporo
3081 1535 3354 1589 Thracico

1774 1634 2061 1699 dirempta.
2102 1631 2348 1697 Denique
2377 1647 2525 1684 num.
2564 1632 2649 1692 l5,
2685 1648 2807 1684 cum
2837 1631 2990 1682 navis
3021 1645 3241 1682 cursum
3271 1644 3356 1682 re-
3389 1642 3392 1647 ‘

1775 1726 1898 1778 licla
1933 1724 2092 1777 Creta
2123 1733 2580 1792 prosequerctur,
2613 1736 2778 1792 atque
2820 1739 2880 1776 cx
2925 1724 3216 1788 improviso
3251 1721 3352 1772 imo

1775 1815 1992 1868 mobilis
2056 1815 2425 1878 consisteret,
2477 1815 2701 1882 jubetur
2771 1815 3146 1866 sinistrorsum
3210 1811 3350 1864 ﬂecti

1778 1921 1966 1960 versus
2003 1908 2204 1959 Athum
2245 1914 2502 1959 montem.
2539 1905 2630 1958 Est
2677 1917 2854 1957 autem
2887 1906 3061 1957 Albus
3089 1903 3257 1955 Roma
3300 1904 3352 1955 in

1772 2000 1953 2050 Asiam
2020 1997 2402 2065 navigantibus
2438 2013 2463 2044 a
2514 2007 2667 2064 parte
2708 1998 2951 2058 sinistra,
2983 2009 3101 2047 cum
3168 1994 3356 2045 eodem

1773 2087 2158 2166 navigantibus
2191 2086 2659 2154 Constantinopoii
2683 2085 2993 2138 necessario
3018 2084 3359 2149 relinquatur

1774 2199 1800 2231 a
1835 2182 2042 2233 dextra.

1767 2285 1774 2288 '
1813 2267 1840 2338 §
1884 2269 1950 2321 11.
1998 2267 2136 2323 Vita:
2174 2279 2382 2337 auclor,
2426 2274 2697 2328 inventor,
2736 2284 2866 2319 nova
2909 2265 3076 2318 versio
3118 2272 3319 2320 nostra.

1847 2365 1933 2418 ll.
1974 2365 2051 2418 Ex
2092 2382 2156 2420 eo
2188 2366 2336 2433 quod
2362 2365 2587 2417 Romam
2642 2373 2878 2416 veterem
2947 2360 3222 2428 profectus
3282 2357 3353 2411 sit

1777 2455 1992 2520 Petrus,
2023 2459 2098 2510 uti
2139 2460 2392 2519 vidimus,
2430 2458 2609 2524 ibique
2642 2456 2884 2506 habitum
2916 2451 3184 2518 acceperit
3234 2464 3352 2502 nio-

1778 2551 2065 2612 nasticnm,
2100 2550 2244 2604 Omni
2276 2549 2585 2602 schismatts
2618 2545 2947 2609 suspicione,
2975 2559 3133 2610 quam
3166 2542 3358 2607 aliquis

1776 2642 2019 2709 objicere
2075 2622 2278 2708 posset,
2333 2641 2629 2700 eximitur;
2703 2636 2914 2688 tametsi
2975 2633 3360 2686 schismaticus

1777 2742 1940 2798 atque
1969 2733 2252 2784 haereticus
2290 2732 2449 2783 inerit
2504 2733 2566 2791 is,
2605 2732 2696 2799 qui
2736 2728 2912 2782 Vitam
2960 2743 3119 2793 quam
3149 2726 3360 2777 edimus

1777 2840 1870 2877 sua
1902 2824 2215 2891 paraphrasi
2246 2824 2474 2876 ornavit.
2511 2821 2604 2874 Est
2626 2833 2804 2874 autem
2852 2823 2894 2874 is
2933 2820 3224 2887 Gregorius
3256 2819 3358 2869 l'ao

1779 2914 1965 2974 lamas,
2001 2914 2440 2981 archiepiscopus
2476 2913 3004 2972 Thessalonicensis,
3057 2926 3082 2963 s
3106 2913 3356 2974 'riptione

1779 3021 2090 3074 sua,qttam
2143 3017 2331 3060 centra
2383 3007 2608 3059 Beccum
2670 3004 3037 3073 p.tlt‘l8l'(.‘it:tltl
3099 3002 3204 3052 (ΖΡ.
3240 3002 3363 3068 Spi-

1745 3085 1748 3089 ’
1782 3097 1940 3148 ritum
1976 3104 2220 3148 sanctum
2255 3112 2278 3145 a
2305 3094 2466 3148 Patre
2499 3107 2657 3161 atque
2681 3094 2814 3146 Filio
2838 3092 2995 3144 simul
3032 3095 3351 3156 procedere,

104 3177 328 3230 talionis
362 3188 647 3241 montanze,
679 3179 978 3233 efﬂuxerint
1007 3198 1022 3247 ;
1055 3183 1129 3234 sic
1160 3192 1214 3232 ut
1243 3192 1412 3234 totum
1440 3184 1675 3238 melioris
1704 3188 1746 3244 C
1783 3204 1902 3240 cum
1966 3186 2173 3240 Latinis
2250 3186 2464 3239 fortiter
2534 3197 2767 3237 tucult-ttt
2797 3225 2808 3244 .

2887 3183 3171 3248 publicavit
3199 3224 3208 3239 ,
3263 3199 3359 3235 Stlt-

1787 3280 1909 3333 culo
1941 3295 2028 3332 xlv
2061 3278 2340 3338 famosus;
2385 3293 2481 3330 ncc
2513 3292 2612 3327 non
2665 3275 2920 3325 famosior
2955 3275 3064 3332 Illa,
3102 3290 3201 3340 qua
3235 3290 3361 3327 cou-

1789 3371 1992 3424 futatus
2042 3372 2157 3438 ipse
2208 3379 2397 3438 postea
2461 3369 2557 3420 fuit
2609 3385 2635 3416 ιι
2698 3365 2957 3418 cardinali
3019 3365 3361 3425 Bessarioue.

1787 3463 1940 3516 Becci
1975 3474 2134 3527 atque
2180 3461 2462 3514 catholica!
2493 3461 2748 3511 doctrinm
2779 3461 2843 3509 de
2899 3456 3134 3523 Spiritus
3187 3457 3363 3508 sancti

1789 3553 2138 3621 processioue
2193 3552 2411 3621 egregio
2461 3549 2768 3602 defensore.
2827 3548 3126 3602 lnroluisse
3185 3561 3363 3600 autem

1788 3654 1841 3699 ct
1873 3644 1985 3711 ipse.
2013 3644 2264 3696 Palamas
2300 3643 2512 3694 Vitit‘llll'
2537 3651 2771 3692 montem
2799 3640 3020 3703 Album,
3055 3640 3365 3707 priusquam

1791 3735 2236 3800 archiepiscopus
2271 3746 2585 3794 crearezur;
2643 3731 2820 3794 ibique
2849 3727 3030 3780 Vitam
3058 3732 3192 3781 hanc
3227 3731 3364 3781 scri-

1793 3827 1987 3892 psisse,
2019 3834 2072 3875 et
2105 3839 2200 3890 pro
2246 3823 2507 3874 concione
2545 3822 2609 3872 ad
2644 3821 2937 3872 monachos
2975 3819 3169 3871 ibidem
3197 3821 3369 3872 habi-

1793 3926 1970 3970 tantes
1993 3917 2214 3967 dixisse.
2240 3915 2522 3981 Colligitur
2551 3913 2599 3965 id
2630 3929 2692 3965 ex
2733 3911 2984 3978 Prologo,
3015 3913 3100 3962 ubi
3135 3913 3366 3977 Athum,

1791 4007 2000 4061 huncce
2037 4016 2274 4059 montem
2298 4045 2312 4065 ,
2348 4015 2398 4057 cl
2426 4004 2664 4067 Petrum,
2699 4013 2996 4056 nostratem
3034 4013 3196 4070 atque
3230 4006 3370 4057 indi-

1798 4111 1994 4167 gl'llztltl
2032 4098 2293 4167 appellat,
2322 4098 2409 4164 qui
2449 4097 2529 4148 hic
2557 4106 2678 4149 terr;
2707 4111 2842 4158 rum,
2878 4109 3069 4160 nempe
3097 4095 3146 4145 in
3180 4104 3367 4150 monte

1793 4193 1892 4247 hoc
1916 4193 2080 4254 Atho,
2110 4191 2373 4243 habitavit
2410 4199 2567 4255 atque
2601 4187 2793 4239 ibidem
2845 4187 3075 4254 primum
3108 4196 3364 4254 tropa-um

1792 4285 1857 4336 de
1891 4283 2035 4334 vieto
2067 4283 2309 4333 dmuoue
2344 4280 2534 4332 erexit.
2560 4277 2633 4332 Ut
2688 4292 2816 4328 vero
2872 4277 3042 4344 magis
3094 4278 3368 4330 eximatur

1792 4372 2099 4438 suspicione
2145 4370 2454 4423 schismatis
2490 4369 2702 4430 Petrus,
2733 4368 3025 4419 notaudum
3058 4376 3158 4429 est,
3191 4383 3366 4436 Ipsum

83 4459 366 4515 ,Εχοῖιιιιο
401 4460 482 4530 (ιιι
514 4462 769 4531 diximus)
809 4461 968 4524 bello,
1019 4462 1069 4513 in
1121 4481 1216 4514 can
1243 4479 1365 4529 pum
1399 4481 1517 4514 eum
1565 4465 1687 4519 aliis
1720 4492 1764 4545 υ
1796 4457 1965 4510 Roma
2004 4457 2328 4524 profectum,
2360 4459 2410 4509 in
2438 4456 2594 4510 Creta
2621 4455 2876 4507 miracula
2912 4467 3191 4522 operatum
3228 4473 3368 4523 esse,

111 4554 391 4623 processit
418 4551 632 4618 Petrus,
672 4564 967 4620 captusque
996 4554 1046 4605 in
1083 4555 1334 4607 Arabiam
1372 4555 1681 4620 abducitur,

112 4654 168 4697 et
201 4645 409 4699 carceri
443 4643 806 4713 mancipatur.
841 4643 968 4697 lude
995 4659 1120 4698 vero
1153 4646 1406 4697 divinitus
1440 4659 1679 4712 ereptus,

117 4735 352 4790 Romam
414 4735 515 4787 iter
550 4715 813 4797 instituit;
864 4749 1091 4803 eamque
1125 4735 1423 4804 ingreSsus,
1479 4755 1503 4786 a
1550 4752 1685 4804 pou-

117 4831 265 4880 tilice
298 4829 648 4878 monasticum
683 4826 919 4878 induitur
969 4828 1203 4880 habitum
1243 4838 1293 4879 et
1343 4829 1567 4881 docetur
1607 4831 1688 4880 iu-

121 4922 390 4971 allllﬂllm.
471 4916 686 4970 Utinam
752 4918 837 4973 hic
905 4927 1094 4971 auctor
1155 4919 1424 4985 pontiﬁcis
1491 4934 1684 4973 numen

118 5009 511 5076 expressisset!
539 5007 779 5062 Certiora
821 5009 944 5061 inde
992 5009 1247 5074 temporis
1308 5008 1502 5059 indicia
1543 5011 1686 5062 nacti

118 5099 445 5164 fuissemus,
498 5116 560 5154 ac
595 5101 798 5155 certius
843 5099 1280 5152 diSIinxissemus
1308 5137 1322 5157 ,
1393 5099 1690 5154 liosuamue

119 5204 342 5249 novam,
379 5204 446 5241 an
491 5196 721 5241 veterem
756 5187 1030 5256 profectus
1070 5186 1230 5238 fuerit
1257 5185 1692 5251 Pelrus.Quam—

120 5283 203 5334 vis
261 5281 381 5332 sine
443 5281 534 5334 illo
578 5282 778 5333 imlicio
833 5280 1004 5330 ausim
1036 5291 1302 5337 asserere,
1344 5278 1566 5329 Romam
1607 5280 1692 5330 hic

121 5370 524 5436 intelligendam
545 5385 664 5424 esse
701 5379 958 5430 veterem,
983 5368 1140 5436 idque
1166 5383 1226 5420 ex
1255 5369 1369 5435 ipso
1400 5370 1694 5436 navigatio-

120 5461 209 5515 nis
245 5476 406 5513 cursu
434 5464 677 5514 ostendo.

195 5551 286 5604 ‘lO.
328 5549 461 5603 Nam
493 5552 578 5604 ubi
615 5551 782 5603 Roma
821 5551 1116 5604 dismssmu
1153 5549 1472 5610 meditatur,
1509 5549 1694 5616 inqui-

122 5643 332 5697 siturus
373 5643 570 5705 locum,
609 5644 883 5711 proposito
911 5641 1276 5695 sibiinstituto
1295 5650 1691 5706 opportunum;

128 5753 148 5786 ι
188 5733 384 5787 Incidit
407 5736 456 5786 iu
488 5745 701 5798 nautas,
731 5735 838 5799 jam
860 5745 1078 5801 paratos
1124 5733 1406 5785 discedere
1440 5747 1505 5784 cx
1537 5733 1690 5792 urbe,

128 5843 227 5878 nec
262 5825 432 5879 multo
466 5835 582 5893 post
611 5841 642 5878 e
685 5835 838 5892 portu
871 5825 1162 5886 soluturos,
1215 5832 1374 5891 atque
1406 5836 1500 5889 per
1558 5822 1691 5876 Cre-

1795 4562 1892 4600 nec
1941 4563 2062 4600 cum
2096 4547 2206 4599 ullo
2260 4547 2475 4609 exinde,
2511 4553 2706 4612 przcler
2742 4551 3007 4606 vectores,
3041 4544 3366 4598 collocutum

1796 4639 1963 4692 fuisse
2023 4653 2193 4706 usque
2253 4637 2318 4689 ad
2375 4635 2730 4705 pcnultimum
2794 4634 2916 4686 vitat
2973 4648 3083 4686 sure.
3126 4652 3366 4703 annum;

1794 4735 2034 4800 adeoque
2075 4747 2195 4784 cum
2243 4731 2454 4784 nemine
2494 4729 2688 4797 egisse,
2723 4730 2812 4796 qui
2847 4745 2970 4781 eum
3005 4730 3068 4782 ad
3127 4731 3363 4784 schisma

1793 4824 2106 4891 pertrahere
2156 4823 2408 4891 potuerit.
2446 4821 2517 4875 Ut
2567 4821 2697 4873 nihil
2737 4823 2938 4882 dieam,
2989 4823 3126 4890 quod
3176 4823 3366 4878 incolae

1795 4917 2030 4982 ejusdem
2067 4913 2269 4968 montis
2301 4914 2570 4976 monachi,
2609 4913 2743 4965 uniti
2781 4913 2980 4965 fuerint
3029 4915 3202 4966 adhuc
3258 4913 3367 4966 Ro-

1797 5023 1966 5060 manae
1999 5007 2248 5060 Ecclesia:
2276 5005 2478 5059 saeculo
2513 5018 2642 5069 xm;
2671 5004 2884 5071 quando
2933 5005 3208 5057 humiliter
3238 5022 3364 5073 snp-

1797 5099 2062 5165 plicarnnt
2123 5096 2437 5150 Innocentio
2500 5093 2577 5148 ιιι.
2628 5111 2784 5164 papa:
2841 5104 2900 5148 ut
2951 5097 3225 5148 libertates
3263 5098 3364 5150 sibi

1797 5205 1922 5241 suas
1981 5188 2352 5244 confirmaret,
2401 5201 2565 5254 seque
2620 5185 2720 5238 sub
2772 5183 2911 5237 beati
2950 5183 3092 5236 Petri
3152 5201 3214 5237 ac
3270 5203 3363 5237 sua

1800 5278 1963 5344 ipsius
1999 5293 2148 5344 papa!
2195 5276 2527 5344 protectio‘ne
2579 5275 2850 5342 susciperi-
2886 5275 3241 5343 diguaretur:
3286 5276 3366 5326 uti

1796 5377 1847 5419 et
1911 5368 2109 5419 factum
2168 5377 2248 5419 est
2280 5382 2371 5433 per
2421 5367 2738 5434 rescriptum
2776 5365 3017 5431 ejusdem
3075 5366 3368 5433 pentiliris,

1799 5455 2162 5522 Epistolarum
2208 5457 2326 5520 ejus
2383 5456 2521 5508 libro
2558 5471 2679 5516 xv't,
2731 5454 2888 5522 epist.
2945 5453 3043 5505 168
3085 5456 3369 5506 insertum.

1799 5549 1950 5612 Quod
1984 5549 2026 5599 si
2053 5546 2246 5600 deinde
2274 5546 2600 5599 Schismatici
2633 5544 2754 5596 facti
2807 5556 2930 5597 sunt
2958 5547 3208 5598 monachi
3272 5545 3372 5608 illi,

1801 5640 1876 5692 uti
1931 5638 2030 5690 fuit
2076 5641 2190 5706 ipse
2252 5638 2536 5699 Palamas,
2571 5638 2698 5705 quid
2763 5638 2811 5688 id
2866 5638 3045 5697 faciat,
3091 5647 3148 5688 ut
3210 5639 3368 5689 etiam

1812 5730 2200 5783 schismaticus
2251 5728 2530 5796 iudicetur
2561 5727 2732 5779 fuisse
2787 5725 3004 5788 Petrus,
3036 5735 3186 5778 tanto
3220 5728 3374 5793 prius

1806 5831 2093 5886 mortuus,
2133 5836 2252 5875 cum
2288 5820 2420 5874 nihil
2453 5819 2672 5873 omnino
2721 5819 2862 5886 quod
2911 5818 3147 5872 scltisma
3201 5819 3379 5884 sapiat

3250 410 3358 474 9M
3439 447 3442 450 ~
