4104 6322
130 410 266 470 ιθθί

1239 405 1416 467 ΥιΤᾹ
1451 408 1511 467 S.
1556 406 1779 466 PETRI
1825 408 2249 467 ATIlONl’l‘.1£.

3224 404 3381 466 .1002

122 523 473 589 ὑποσχέσεως
529 519 772 589 ἐμπεδοῖ.
825 521 914 571 καὶ
974 516 1129 569 αὑτὸν
1194 517 1323 588 ὄναρ
1392 520 1697 585 ἐπιπέμπει

1830 521 1963 573 labet
1987 520 2157 581 Deus,
2183 519 2392 588 objecta
2425 517 2664 580 visione,
2700 532 2820 585 quae.
2876 516 2977 586 ipsi
3036 528 3393 583 repra-sentet

120 614 327 683 τούτῳ,
359 614 446 665 τὶν
479 614 653 682 μέγαν
684 613 741 664 ἐν
767 612 1049 681 ἱεραρχαις
1082 612 1173 663 καὶ
1219 612 1493 680 Πατράσιν
1525 613 1698 676 ἁγίοις

123 705 422 764 Νικόλαον,
463 703 521 754 ὃν
551 703 645 753 καὶ
697 703 855 760 αὐτὸς
887 700 1152 752 ἐπεϐοᾶτο
1183 700 1533 768 θερμότερον,
1572 701 1603 750 ἆ
1644 718 1701 751 τε

123 798 229 866 τῆς
260 798 392 867 πρὸς
425 796 555 847 Θεὸν
587 793 754 847 αὐτοῦ
794 794 1107 864 παρρησίας
1142 794 1574 859 πεπειραμένος,
1615 794 1703 843 καὶ

124 889 221 940 διὰ
270 886 546 956 θαύματος
594 884 752 936 αὑτὸν
802 884 974 950 ἄγων,
1022 882 1238 942 πολλι,ῖς
1293 885 1383 932 καὶ
1436 883 1703 950 πρότερον

139 979 488 1044 κεχρημένος
546 973 684 1041 ὑπὲρ
716 972 880 1023 αὐτοῦ
913 970 1207 1039 θαύμασιν.
1252 972 1346 1033 ’⁸ος
1381 970 1443 1039 δὴ
1477 973 1569 1022 καὶ
1604 988 1702 1037 φα-

127 1069 246 1129 νεὶς
280 1067 377 1134 οὐχ
410 1064 574 1127 απαξ,
608 1064 721 1115 ἀλλ’
751 1064 853 1132 ἢδη
886 1064 979 1115 καὶ
1024 1064 1124 1127 δὶς,
1151 1063 1285 1116 πολὺ
1321 1063 1707 1131 κατεμέμφετο

123 1162 227 1233 τὴν
259 1162 349 1213 τοῦ
378 1161 567 1229 ἀνδρὸς
610 1159 888 1222 ἀδουλίαν,
932 1158 1185 1221 πολλάκις
1216 1159 1313 1225 μὲν
1347 1157 1410 1226 δὴ
1450 1158 1541 1207 καὶ
1575 1154 1705 1224 πρό-

122 1273 288 1321 τερον
321 1254 619 1321 εὐξαμένου
655 1251 755 1321 τὴν
780 1250 887 1302 ἀπὸ
910 1248 1001 1301 τοῖ’)
1033 1248 1240 1317 κόσμου
1271 1248 1471 1316 φυγὴν,
1514 1247 1710 1316 ὡρμη-

127 1346 298 1413 μένου
326 1343 380 1395 δὲ
417 1342 540 1411 μηδ’
576 1343 720 1401 ὅπως
756 1339 851 1391 οὖν
882 1340 1029 1408 ἐργῳ
1061 1338 1160 1404 τὴν
1184 1339 1349 1407 εὐχὴν
1389 1336 1705 1388 ἀποδοῦναι.

128 1436 322 1505 Ταύτῃ
375 1452 456 1486 τοι
526 1433 746 1492 δικαίως
801 1435 1004 1501 ἀρτίως
1062 1429 1323 1496 ἔφασκεν,
1378 1428 1491 1481 οὔτ’
1550 1426 1711 1488 αὐτὸς

127 1526 398 1595 εἰσακούῃ
428 1527 585 1591 κάγὼ
629 1524 838 1576 πείθειν
867 1521 1069 1592 ἥκιστα
1104 1520 1364 1590 δύναμαι,
1416 1518 1709 1587 πρεσϐείαν

125 1620 273 1687 ὑπὲρ
344 1618 453 1669 τῶν
517 1634 601 1667 σοι
666 1614 939 1667 συνοίσειν
1003 1614 1306 1682 μελλόντων
1369 1611 1506 1681 πρὸς
1575 1610 1709 1661 Θεὸν

124 1709 479 1777 ποιούμενος.
527 1706 689 1759 Ἀλλά
718 1706 848 1775 γὰρ,
880 1704 934 1757 εί
971 1723 1061 1774 μοι
1108 1701 1296 1774 πείθῃ,
1326 1702 1418 1755 καὶ
1458 1700 1616 1753 ἄλλον
1647 1700 1709 1767 δή

126 1818 249 1851 τινα
306 1799 419 1865 τῶν
477 1799 621 1864 μέγα
680 1797 833 1865 παρά
866 1796 983 1865 Θεῷ
1022 1795 1341 1864 δυναμένων
1369 1792 1712 1858 ἐπικέκλησο

1810 628 2061 680 magnum
2092 608 2404 679 episc0puiit
2439 619 2490 665 et
2525 610 2762 671 Patrem,
2787 618 3032 661 Sanctum
3064 608 3344 662 Nicolaum
3377 628 3388 672 ;

1807 718 1967 769 quem
2000 702 2161 753 etiam
2207 700 2479 753 ferventer
2516 698 2801 752 invocabat
2829 739 2843 761 ,
2880 709 3065 769 utpote
3099 702 3212 768 ejus
3251 701 3397 769 apud

1812 792 1977 845 Deum
2012 793 2462 847 intercessionem
2516 806 2816 861 expertus;
2866 796 3225 863 eamdemque
3282 795 3395 862 jam

1810 885 2017 952 pridem
2055 885 2207 952 plura
2272 886 2323 937 in
2386 899 2446 939 se
2493 885 2765 939 mirabilia
2800 898 3107 955 operatum,
3144 888 3394 940 miraculi

1812 977 1928 1030 loco
1972 976 2227 1028 habebat.
2262 975 2446 1045 Neque
2472 992 2599 1031 vero
2631 978 2798 1031 semel
2825 987 3056 1040 tantum,
3094 979 3186 1031 sed
3211 989 3263 1032 et
3298 980 3398 1031 ite-

1814 1083 1931 1118 rum
1967 1082 2023 1118 se
2062 1069 2177 1118 viro
2204 1067 2497 1120 videndum
2528 1068 2762 1134 prirbuit
2789 1079 3032 1132 sanctus,
3059 1069 3281 1122 multum
3316 1071 3398 1123 iti-

1812 1172 2045 1226 Crepaus
2085 1159 2449 1212 temeritatem
2497 1160 2634 1227 ejus,
2669 1160 2810 1227 quod
2858 1160 2967 1227 jam
3007 1159 3214 1226 pridem
3250 1176 3396 1228 saepe

1816 1252 2054 1305 vovisset
2088 1250 2268 1320 fugam
2305 1268 2330 1303 a
2361 1253 2581 1315 swculo,
2608 1260 2661 1306 et
2699 1252 2961 1305 nihildum
2985 1255 3092 1306 voti
3129 1255 3212 1307 sui
3240 1270 3403 1322 opere

1815 1342 1931 1410 ipso
1988 1343 2262 1411 complere
2317 1354 2590 1398 curasset.
2647 1345 3053 1410 Quamobrem,
3100 1347 3401 1414 inquiebat,

1816 1438 2012 1488 merito
2040 1450 2216 1503 neque
2256 1448 2305 1487 tu
2360 1451 2504 1487 nunc
2544 1437 2853 1499 exaudiris,
2909 1453 3084 1506 neque
3132 1453 3249 1504 ego,
3313 1438 3403 1503 qui

1816 1538 1915 1589 pro
1957 1524 2122 1575 rebus
2182 1522 2276 1576 tibi
2334 1525 2636 1591 profuturis
2684 1529 2824 1594 apud
2870 1528 3033 1580 Deum
3095 1526 3397 1589 intercedu,

1818 1615 2110 1681 impetrare
2150 1633 2310 1685 queo.
2345 1616 2753 1678 Verruntamen.
2798 1620 2842 1672 si
2893 1635 2977 1672 me
3004 1619 3159 1672 audis
3186 1660 3199 1685 ,
3239 1619 3403 1670 alium

1818 1721 2036 1774 quoque
2105 1723 2170 1791 e‘x
2233 1724 2422 1762 eorum
2488 1725 2748 1771 ninncro,
2808 1711 2897 1778 qui
2978 1712 3205 1764 multum
3263 1715 3406 1778 apud

1822 1796 1990 1849 Deum
2022 1796 2225 1859 valent,
2260 1798 2566 1865 adjutorem
2622 1813 2683 1851 ac
2730 1806 3018 1865 patronum
3075 1799 3263 1850 invoca
3294 1836 3308 1856 ,
3351 1807 3408 1847 ut

124 1889 352 1959 βοηθὸν,
382 1890 521 1943 ὥστε
562 1906 652 1957 μοι
684 1886 1066 1956 συμϐαλέσθαι
1122 1884 1380 1956 σπουδὴν,
1425 1886 1506 1937 δτι
1566 1884 1719 1963 πλεί-

1830 1886 1918 1939 illo
1954 1902 2177 1955 operam
2230 1903 2385 1943 suam
2430 1905 2560 1943 mea:
2614 1890 2982 1959 adjungeule,
3033 1889 3261 1958 amplius
3313 1890 3406 1940 tibi

124 2000 265 2053 στην
306 1983 446 2052 ὑπὲρ
476 1981 567 2033 σοῦ
606 1981 939 2051 ποιουμένῳ.

197 2124 274 2187 η’.
310 2119 516 2187 Πέτρου
547 2117 604 2169 δέ
630 2115 1154 2183 ἀνθυπενεγκόντος·
1198 2114 1307 2167 Καὶ
1335 2114 1420 2177 τίς
1464 2114 1573 2184 ἀρα
1604 2115 1723 2183 μεῖ-

124 2208 221 2274 ζον
250 2209 284 2277 ἢ
323 2209 387 2261 σὺ
416 2206 670 2273 δύναται;
698 2205 1016 2275 Συμεὼνης,
1048 2205 1140 2257 τὸν
1172 2204 1384 2257 εἰπεῖν’
1422 2202 1721 2272 Συμεώνης

126 2298 369 2359 ἐκεῖνος,
401 2296 458 2358 ὃς
512 2296 572 2349 εὖ
608 2297 753 2364 μάλα
813 2295 1185 2364 πρεσϐυτικάς
1224 2294 1395 2346 πάλαι
1451 2294 1573 2347 ποθ’
1624 2296 1725 2348 ὑπ·-

126 2388 313 2455 ανῆκε
347 2391 560 2457 χεῖρας,
585 2388 681 2439 καὶ
726 2387 1311 2456 τεσσαρακονθήμερον
1330 2384 1600 2454 ύπανέσχε
1630 2385 1722 2436 τὸν

128 2481 242 2529 ποὺ
293 2476 398 2531 τῶν
458 2477 764 2548 ἀνθρώπων
811 2478 965 2529 Θεὸν.
1009 2478 1150 2528 Ἀλλ’
1180 2478 1207 2529 ό
1262 2477 1379 2544 μὲν,
1426 2478 1566 2545 μετὰ
1623 2476 1722 2543 τὴν

126 2556 443 2639 εἰσήγησιν,
494 2570 671 2622 ἀπιὼν
724 2569 921 2639 ᾤχετο.
981 2569 1189 2635 Πέτρου
1246 2568 1300 2621 δὲ
1351 2568 1608 2636 παραυτά
1635 2569 1724 2619 τὸν

128 2663 307 2715 ὕπνον
356 2661 819 2730 ἀποσεισαμένου,
857 2661 1026 2722 πολὺς
1074 2644 1163 2712 ἐπὶ
1207 2659 1381 2727 στόμα
1430 2659 1722 2727 Συμεώνης

127 2750 198 2822 ἦν
226 2768 240 2783 ο
278 2753 373 2803 καὶ
412 2752 552 2821 βοῶν
578 2752 679 2804 οὐκ
712 2750 938 2819 ἀνῆκεν,
972 2748 1273 2801 ἀντιϐολῶν
1300 2749 1401 2801 οὐκ
1434 2749 1720 2811 ἐνέδωκεν,

134 2846 247 2905 ἓως
307 2844 494 2896 ἔπεισε
565 2845 629 2912 τῇ
688 2842 796 2911 γὰρ
850 2841 1112 2909 ὑστεραία
1149 2840 1314 2892 πάλιν
1362 2840 1653 2906 ἐφίσταται
1680 2841 1723 2891 ’ὁ

132 2935 429 2997 Νικόλαος,
464 2934 557 2986 καὶ
600 2934 884 2986 ἀνατεῖναι
921 2932 1059 3000 πρὸς
1114 2930 1407 3000 Συμεὼνην
1441 2930 1723 2983 ἐπιτάττει

132 3029 236 3088 τὰς
270 3026 445 3094 ὄψεις.
488 3026 548 3077 Ὀ
578 3024 633 3077 δέ
684 3024 856 3093 ταχὺς
898 3020 1382 3101 ἐπεστραμμένος,
1432 3022 1723 3093 ἐπιτερπὲς

1817 1980 2123 2047 proficiam.

1893 2114 1947 2170 8.
1982 2112 2304 2184 Opponente
2332 2126 2511 2170 autem
2546 2119 2706 2172 Petro
2737 2134 2749 2171 :
2784 2116 3019 2184 Ecquis,
3054 2117 3275 2179 amabo,
3310 2130 3409 2184 po-

1822 2206 2024 2257 tentius
2046 2206 2301 2273 opitulari
2344 2222 2505 2274 quam
2544 2217 2624 2270 tu,
2653 2206 2866 2275 potest?
2898 2207 3146 2269 Simeon,
3175 2206 3249 2257 ait
3282 2220 3410 2259 san—

1822 2307 1964 2350 ctus.
2005 2296 2265 2351 Videlicet
2298 2297 2401 2351 iste
2429 2296 2649 2351 Simeun
2684 2338 2697 2363 ,
2737 2299 2829 2366 qui
2876 2299 3074 2352 seniles
3119 2300 3409 2352 admodum

1824 2390 2059 2444 lacertus
2089 2389 2217 2443 olim
2252 2390 2546 2459 aliquando
2591 2392 2844 2444 submisit
2872 2430 2886 2453 ,
2920 2391 3094 2459 iisque
3124 2392 3240 2445 dies
3270 2407 3411 2460 qua-

1824 2479 2073 2547 draginta
2114 2490 2323 2541 natum,
2355 2482 2642 2545 eumdem,
2677 2482 2769 2548 qui
2804 2490 2932 2534 ante
2964 2483 3209 2537 conditos
3237 2483 3415 2537 bOmi-

1826 2586 1920 2623 nes
1947 2569 2204 2636 exsistit,
2253 2569 2423 2623 Deum
2465 2578 2730 2640 suscepit.
2788 2573 2849 2627 Et
2902 2574 3158 2629 Nicolaus
3195 2577 3411 2643 quidem

1826 2662 1977 2716 hisce
2025 2663 2187 2717 dictis
2241 2667 2499 2718 recedens
2555 2668 2801 2722 evanuit.
2859 2667 3051 2723 Petrus
3106 2684 3236 2724 vero
3290 2686 3413 2723 mox

1824 2770 2055 2807 excusso
2081 2770 2275 2808 somno
2332 2756 2643 2812 Simeonem
2683 2760 2943 2829 frequens
2985 2777 3080 2815 ore
3136 2763 3413 2825 versabat,

1826 2860 1889 2897 ac
1930 2845 2297 2902 indesinenter
2352 2850 2701 2915 inclamabat,
2757 2868 2856 2906 nec
2905 2854 3109 2906 instare
3160 2859 3413 2914 ces.~avit.

1826 2936 2002 2990 donec
2058 2940 2198 3005 quod
2237 2942 2457 3008 petebat
2508 2944 2851 3010 impetraret.
2909 2944 3130 2998 Postera
3176 2962 3415 3013 uanique

1829 3030 1915 3083 die
1952 3031 2127 3083 denuo
2163 3032 2210 3085 ei
2238 3044 2426 3087 astans
2466 3034 2745 3100 Nicolaus,
2781 3038 3063 3092 intendere
3125 3041 3174 3092 in
3209 3041 3417 3093 Simeo-

133 3120 241 3188 ὁρᾷ
290 3091 469 3184 θέαμα
544 3091 862 3185 σεμνὸν-δτι
914 3092 1155 3184 μάλιστα
1193 3115 1288 3166 καὶ
1323 3112 1508 3165 πολιὸν
1536 3091 1723 3183 ἄνδρα,

1833 3135 1951 3173 nem
1994 3121 2182 3176 oculos
2225 3124 2402 3189 jubet.
2438 3126 2557 3192 Ipse
2613 3142 2742 3179 vero
2795 3143 2916 3180 niox
2972 3146 3038 3182 eo
3090 3146 3415 3196 conversus,

137 3212 284 3263 κατά
332 3210 392 3260 τὸ
428 3208 664 3261 παλαιὸν
719 3206 846 3269 ἔθος
896 3205 1309 3277 ἀρχιερατικῶς
1370 3205 1725 3274 ἐσταλμένον,

138 3300 345 3370 χρυσοῦ
380 3316 437 3351 τε
473 3298 655 3368 ῥάϐδῳ
690 3297 933 3366 κοσμίως
966 3296 1417 3367 ἐπερειδόμενον,
1459 3301 1550 3349 καὶ
1590 3296 1729 3367 πρὸς

138 3392 311 3444 αὐτὸν
348 3390 570 3459 ἐπίχαρί
612 3407 664 3442 τι
724 3395 819 3442 καὶ
850 3388 1121 3458 προσηνὲς
1168 3388 1461 3457 ἐνορῶντα,
1498 3390 1590 3440 καὶ
1632 3388 1730 3455 τὴν

140 3485 342 3551 ἄφεσιν
386 3481 903 3551 εὐαγγελιζόμενον,
936 3482 1095 3549 εἰπερ
1154 3480 1261 3549 ἀρα
1312 3480 1405 3532 καὶ⁵
1443 3479 1541 3540 τὰς
1594 3478 1729 3548 πρὸς

140 3577 277 3626 Θεδν
320 3576 595 3643 συνθήκας
628 3578 705 3635 είς
739 3575 899 3642 ἔργον
930 3574 1159 3639 ἀγαγεῖν
1204 3572 1590 3643 προθυμεῖται.
1623 3571 1729 3623 Τοῦ

141 3669 200 3719 δὲ
237 3668 446 3735 ΙΙέτρου
499 3666 836 3734 συνθεμένου
891 3665 1220 3734 προθύμως,
1260 3664 1471 3723 ἐκεῖνος
1514 3663 1635 3716 δποι
1668 3661 1731 3731 δὴ

146 3760 398 3827 βούλοιτο
458 3758 697 3827 βαδίζειν
747 3756 921 3820 ἀδέως
973 3755 1326 3825 ὑπαγορεύει,
1364 3756 1578 3821 ἐξιόντα
1628 3756 1729 3825 τῆς

143 3851 395 3921 εἱρκτῆς.
430 3850 535 3901 Ἱόὖ
582 3850 638 3902 δὲ
683 3849 773 3902 τὸν
809 3848 939 3919 περὶ
967 3849 1092 3908 τοὺς
1146 3846 1311 3909 πόδας
1341 3842 1498 3909 αὖθις
1526 3847 1727 3899 ἐπιδει-

144 3944 379 4003 κνύντος
428 3942 648 4009 δεσμὸν,
706 3941 802 3993 καὶ
842 3941 905 3992 τὸ
955 3939 1240 4008 ἐπίταγμα
1294 3937 1402 3990 τῶν
1453 3938 1732 3991 ἀδυνάτων

145 4031 293 4087 εἶναι
330 4032 737 4100 διατεινομένου
764 4030 1140 4094 παντάπασιν,
1170 4028 1361 4099 ἠρέμα
1393 4028 1731 4097 μετεωρίσας

144 4130 173 4178 ὁ
221 4124 506 4191 Θεοδόχος,
568 4122 667 4193 τὴν
720 4122 886 4174 καλὸν
947 4120 1459 4189 ἀπαστράπτουσαν
1516 4118 1731 4188 ἐκείνην

148 4219 349 4287 ῥάϐδον
381 4218 525 4285 ἄκρᾳ
557 4213 734 4285 ταύτῃ
766 4213 932 4284 ψαύει
985 4212 1096 4264 τῶν
1126 4212 1370 4281 δεσμῶν,
1414 4212 1506 4263 καὶ
1549 4209 1731 4279 χρυσῴ

145 4315 242 4363 τὸν
273 4310 494 4379 σίδηρον
537 4308 610 4371 ὡς
644 4306 890 4376 ἀράχνης
923 4304 1031 4375 (ῶς.
1066 4304 1253 4373 φασιν)
1300 4303 1469 4364 ἱστὸν,
1498 4304 1730 4372 ἀπονητὶ

144 4402 431 4465 διατέμνει
505 4398 599 4451 καὶ
640 4400 667 4451 ὁ
701 4398 904 4463 Πέτρος
956 4395 1140 4458 εὐθὺς,
1178 4396 1278 4463 οὐχ
1322 4396 1469 4456 ὅπως
1499 4395 1607 4446 τῶν
1634 4412 1731 4445 πε·
1766 4434 1807 4483 η

145 4495 257 4545 δῶν
303 4491 550 4554 ἐκείνων,
579 4489 715 4542 ἀλλά
749 4490 845 4541 καὶ
884 4486 1086 4544 παντὸς
1116 4488 1275 4550 ἐκτὸς
1308 4487 1731 4556 περιτειχίσμα-

146 4603 239 4647 τος
277 4582 343 4652 (ῶ
393 4582 488 4634 τού
538 4580 877 4649 θαύματοςί)
916 4580 973 4630 ἐν
1012 4581 1210 4647 ἀκαρεί
1258 4578 1455 4648 χρόνου
1497 4578 1727 4645 γίνεται,

150 4681 249 4731 καὶ
281 4676 550 4728 Νικόλαον
582 4674 747 4745 μόνον
808 4672 1390 4742 συμπαρομαρτοῦντά
1434 4672 1483 4722 οἱ
1514 4670 1724 4739 βλέπει,

149 4774 250 4822 καὶ
311 4766 575 4820 πείθοντα
636 4764 832 4835 μηκέτ’
881 4764 1041 4832 ὄναρ,
1073 4764 1187 4817 ἀλλ’
1245 4762 1395 4833 ὕπαρ
1443 4760 1581 4816 εἶναι
1626 4763 1725 4831 τὴν

154 4861 454 4929 Ξεδομένην
486 4858 838 4927 ἐλευθερίαν⁸
875 4856 1011 4926 πρὸς
1047 4856 1105 4908 δὲ
1151 4857 1248 4907 καὶ
1297 4856 1463 4924 πόρον
1492 4854 1723 4923 ἐφοδίων

150 4953 575 5013 ὑποδεικνύντα,
608 4951 788 5019 κῆπον
831 4948 894 5017 δή
947 4965 1069 5001 τινα
1121 4946 1427 4999 πολυειδέσι
1469 4946 1735 5013 τεθηλότα

150 5048 424 5115 δένδροις,
472 5047 567 5099 καὶ
629 5042 848 5104 πολλοῖς
910 5042 1020 5092 τῶν
1087 5040 1368 5107 ἐδωδίμων
1432 5039 1734 5107 βρίθουσιν.

163 5140 258 5190 Ἐν
284 5137 520 5198 τούτοις.
556 5137 584 5188 ὁ
636 5135 735 5203 μὲν
785 5131 951 5201 συλᾷν
983 5128 1412 5197 εὐλαῦούμενος,
1441 5127 1549 5179 οὐδ’
1581 5128 1736 5195 ἄκρῳ

154 5228 430 5296 δακτύλῳ,
460 5229 519 5280 τὸ
569 5226 666 5279 τού
723 5225 909 5290 λόγου,
940 5221 1137 5290 ψαύειν
1180 5220 1287 5271 τῶν
1340 5220 1570 5289 καρπῶν
1598 5219 1740 5269 ἐκεί-

158 5338 272 5373 νων
304 5321 575 5388 ἠνείχετο.
604 5316 873 5375 Νικόλαος
916 5314 970 5365 δὲ
1017 5310 1207 5363 τοῦτον
1252 5306 1407 5371 αὖθις
1452 5308 1735 5379 θαρῤύνει,

161 5414 259 5466 καὶ
305 5412 479 5472 ἀδεῶς
526 5408 875 5476 ἐγκελεύεται
930 5402 1269 5473 δρέπεσθαι·
1297 5398 1394 5454 εἶτ’
1434 5401 1738 5469 ἐξενεγκὼν
1784 5460 1785 5463 η

162 5506 257 5556 ἐπὶ
300 5503 400 5572 τὴν
454 5501 617 5568 φίλην
666 5496 1121 5566 ὁδιιπορίαν,καὶ
1174 5494 1283 5547 τῶν
1338 5494 1737 5563 ὑπεσχημένων

163 5594 491 5661 ὑπομνήσας
526 5588 772 5649 ἐκείνων,
806 5589 867 5651 ἐξ
914 5583 1207 5651 ὀφθαλμῶν
1252 5583 1461 5649 γίνεται
1502 5582 1595 5634 τοῦ
1644 5585 1737 5633 ἀν-

162 5686 316 5754 δρὸς,
376 5684 470 5734 καὶ
514 5679 801 5735 ἀπολιπὼν
854 5676 1000 5741 ἔδοξε
1055 5674 1265 5741 τοῦτον,
1307 5675 1412 5727 κᾶν
1461 5676 1736 5743 ἀοράτως,

166 5780 253 5829 αεὶ
286 5774 478 5843 συνῆν.

500 5873 765 5929 ίἈΤεωιρ.
818 5870 930 5926 Gtt.
983 5863 1075 5923 CL
1094 5904 1110 5921 .

1828 3214 2126 3282 jucundqu
2164 3219 2515 3285 conspicatur
2568 3222 2938 3285 spectaculum
2961 3262 2975 3284 ,
3010 3240 3198 3293 nempe
3230 3241 3415 3278 senem

1832 3322 1995 3375 quam
2038 3310 2273 3362 maxime
2307 3313 2679 3364 venerandum
2714 3325 2767 3365 ct
2811 3326 3007 3367 canum
3035 3356 3048 3377 ,
3083 3317 3257 3369 instar
3290 3333 3419 3384 pou-

1835 3399 1993 3453 tificis
2026 3413 2177 3454 more
2223 3403 2569 3471 antiquorum
2624 3408 2914 3466 vestitum,
2948 3422 3112 3460 aureo
3164 3410 3418 3462 tlccc‘ttlrr

1834 3492 2159 3546 inuitentem
2198 3494 2416 3556 bacalo,
2442 3496 2493 3549 in
2530 3495 2825 3566 ipsumque
2859 3500 3102 3571 gratioso
3129 3501 3413 3555 aclilaudu

1834 3586 1987 3638 vultu
2026 3585 2351 3649 intuentem,
2379 3604 2441 3642 ac
2495 3590 2837 3643 nuntiantem
2869 3631 2882 3653 ,
2921 3592 3038 3645 fore
3081 3602 3139 3644 ut
3175 3594 3319 3645 brevi
3350 3595 3421 3645 li-

1835 3677 2100 3730 bertatem
2134 3691 2550 3747 consequatur,
2586 3681 2881 3734 dummodo
2911 3698 3029 3750 qua!
3060 3682 3168 3736 Deo
3196 3696 3420 3739 voverat

1835 3779 2084 3834 prompto
2116 3768 2298 3821 animo
2329 3768 2517 3822 ell'ecta
2575 3771 2728 3823 daret
2765 3789 2776 3821 :
2815 3781 2868 3824 et
2907 3774 3330 3841 promptissime.
3362 3792 3423 3829 se

1834 3855 2111 3921 daturum,
2152 3860 2417 3911 annuenti
2480 3858 2645 3912 Petro
2699 3861 2941 3913 suaviter
2990 3860 3241 3929 imperat,
3285 3880 3421 3933 quo-

1834 3962 2069 4017 cumque
2101 3949 2251 4009 velit,
2280 3963 2504 4003 carcere
2534 3965 2790 4019 egressus
2820 3935 2999 4005 abeat.
3042 3952 3289 4022 Cumque
3332 3957 3421 4009 ille

1835 4041 2038 4100 denuo,
2092 4039 2291 4106 quibus
2348 4040 2567 4094 vinctus
2610 4050 2765 4106 erat,
2818 4054 3040 4096 catenas
3089 4055 3419 4107 Iuoustrans,

1836 4131 1979 4198 quod
2033 4129 2332 4197 jubebatur
2365 4134 2481 4185 fieri
2529 4133 2756 4187 omnino
2788 4151 2894 4188 non
2934 4151 3116 4202 posse,
3170 4141 3419 4199 diceret;

1834 4234 2081 4285 sanctus,
2125 4223 2216 4275 Dei
2255 4223 2494 4278 hominis
2547 4234 2871 4294 susceptor,
2921 4225 3179 4291 Simeou,
3230 4229 3424 4283 leniter

1837 4316 2087 4369 attollens
2120 4331 2282 4381 quem
2321 4317 2544 4371 tenebat
2572 4318 2797 4386 pulchre
2823 4319 3120 4372 radiantem
3147 4321 3419 4383 baculum,

1836 4416 2083 4457 extremo
2130 4404 2248 4471 ejus
2308 4406 2574 4473 contingit
2605 4406 2852 4469 vincula;
2900 4416 2953 4461 et
3003 4422 3138 4460 auro
3190 4408 3419 4468 ferrum.

1841 4494 2297 4563 quemadmodum
2329 4496 2513 4549 aranei
2550 4498 2735 4562 telam,
2756 4498 2899 4565 quod
2932 4498 3037 4551 dici
3064 4499 3204 4551 solet
3229 4541 3242 4563 ,
3274 4500 3422 4552 nullo

1840 4588 2058 4654 negotio
2104 4587 2384 4641 dissecat:
2434 4598 2487 4641 et
2539 4591 2799 4643 continuo
2848 4590 3079 4656 Pelius,
3119 4607 3221 4645 ιιοιι
3262 4592 3423 4645 modo

1836 4677 2072 4731 vinculis
2102 4680 2367 4741 solutum,
2402 4680 2494 4733 sed
2526 4680 2689 4733 etiam
2723 4695 2873 4734 extra
2906 4691 3059 4748 septa
3094 4680 3146 4753 (υ
3181 4684 3421 4737 miracu-

1834 4769 2018 4839 lum!)
2052 4778 2331 4822 moinento
2381 4771 2646 4837 temporis
2679 4772 2836 4837 plane
2881 4772 3135 4823 eductum
3170 4786 3227 4825 se
3256 4771 3425 4823 mira-

1838 4875 1947 4924 tur,
1979 4860 2267 4928 solumque
2306 4861 2449 4914 videt
2479 4859 2767 4913 Nicolaum
2802 4863 2903 4914 sibi
2933 4863 3188 4914 comitem
3210 4866 3422 4925 adesse,

1837 4966 1903 5006 ac
1944 4949 2102 5006 facile
2122 4952 2568 5018 persuadentem,
2592 4953 2841 5016 noii.jam
2877 4967 2971 5019 per
3001 4952 3298 5014 somnium.
3324 4957 3420 5008 sed

1840 5040 2015 5107 reipsa
2036 5055 2356 5095 concessam
2382 5055 2504 5094 esse
2532 5040 2862 5094 libertatem.
2899 5041 2976 5091 Ad
3002 5042 3296 5094 luecetiam
3323 5043 3427 5095 iter

1841 5131 1888 5182 ei
1918 5131 2157 5185 ostendit
2204 5140 2569 5199 opportunum
2598 5169 2611 5194 ,
2670 5131 2975 5199 pomarium
3030 5130 3238 5185 scilicet
3286 5132 3422 5184 varii

1843 5220 2061 5289 generis
2092 5221 2380 5274 arboribus
2409 5261 2421 5283 ,
2462 5222 2718 5288 interque
2757 5236 2851 5272 cas
2893 5221 3117 5285 umltis,
3164 5222 3275 5273 esui
3322 5221 3423 5272 ιιιι-

1849 5327 2011 5366 mauo
2042 5324 2197 5381 aptos
2221 5312 2428 5366 fructus
2459 5312 2788 5377 ferentibus,
2824 5313 3117 5365 consitum.
3148 5311 3251 5366 Sed
3286 5313 3429 5367 inter

1852 5402 1965 5455 bare
1991 5410 2173 5454 omnia
2222 5400 2414 5455 Petrus
2468 5418 2575 5455 non
2629 5405 2787 5455 modo
2814 5405 3107 5471 decerpere
3154 5402 3431 5471 quidpiam

1851 5495 2067 5546 illorum
2104 5496 2412 5557 verebatur,
2451 5497 2542 5547 sed
2598 5512 2663 5546 ne
2715 5506 2961 5549 extremo
2995 5497 3252 5562 quidem,
3284 5499 3427 5560 quud

1851 5584 2023 5647 aiunt,
2058 5584 2224 5650 digito
2257 5584 2465 5635 fruetus
2498 5584 2617 5638 illus
2645 5586 2963 5654 contingere
2990 5586 3431 5639 audcbat.Nieo~

1855 5676 1972 5727 laus
2003 5688 2130 5727 vero
2157 5674 2366 5727 anin'ios
2405 5675 2452 5728 ei
2481 5676 2659 5731 denuo
2685 5678 2887 5730 addens
2934 5678 3112 5746 posito
3152 5689 3291 5731 metu
3316 5692 3437 5729 car-

1860 5782 1987 5833 pere
2020 5766 2228 5821 fructus
2278 5768 2509 5833 imperat
2542 5787 2554 5836 ;
2588 5778 2697 5823 tum
2750 5772 2812 5823 ad
2847 5770 3213 5825 desideratam
3265 5771 3435 5837 ipsum

2938 5870 3018 5929 32
