4104 6322
192 465 333 532 1035

1335 463 1509 523 VITA
1555 461 1617 523 S.
1661 461 1888 522 PETRI
1932 456 2360 519 ATHl.Nl'l.‘.E.

3297 447 3432 509 tam

183 584 290 652 τῆς
356 582 576 652 Κρήτης
643 581 776 650 πρὸς
849 580 1035 634 Ἀσίαν
1111 576 1378 630 ἀποπλεῖν
1440 574 1760 646 ᾑρημένοις.

1891 585 1952 624 os
1985 571 2262 626 discedere
2290 583 2352 621 ex
2389 567 2542 628 urbe,
2580 577 2677 616 nec
2712 560 2878 614 multo
2910 569 3029 625 post
3060 574 3089 613 e
3117 571 3270 628 portu
3299 561 3448 614 Solu-

183 671 417 735 Τούτοις
469 672 653 743 τοίνυν
711 671 804 723 καὶ
861 671 1025 732 αὐτὸς
1083 669 1431 738 συνεπαίρει,
1464 667 1592 718 τὼν-
1624 665 1763 718 κατὰ

181 764 316 818 νοῦν
367 764 495 826 ἴσως
546 761 983 832 ΐπιτευξόμενός
1044 777 1170 823 που,
1222 759 1311 812 διὰ
1385 758 1480 809 τοῦ
1545 753 1761 826 μακροῦ

184 852 341 906 τοῦδε
401 850 538 905 πλοῦ
628 835 834 921 μᾶλλον
881 851 938 904 δὲ
991 850 1111 918 Θεῷ
1165 850 1264 902 κάν
1324 848 1498 919 τούτῳ
1543 846 1762 898 πιστεύ-

190 960 332 1004 σας,
411 943 470 1005 ὃς
540 946 648 996 πᾶν
710 945 794 996 ὅτι
874 940 1150 1003 λυσιτεὶὲς
1225 937 1534 1009 ἀνθρώποις
1611 937 1765 989 ἀνύει

190 1036 374 1102 μένος.

267 1219 359 1267 ια’.
410 1212 565 1264 Οὕτω
613 1211 794 1264 τοίνυν
854 1212 992 1281 ἔχων
1052 1211 1285 1273 ἐλπίδος,
1334 1209 1466 1278 ὄναρ
1513 1210 1616 1276 ὁρᾷ
1668 1208 1766 1276 τὴν

184 1302 557 1369 άειπαρθένον
608 1303 838 1370 Μητέρα
886 1301 1021 1354 Θεοῦ
1117 1299 1286 1369 ταύτῃ
1335 1301 1389 1351 δὲ
1434 1298 1526 1349 τὸν
1571 1296 1766 1349 ἑαυτοῦ

187 1393 485 1462 προμηθέα
511 1394 780 1445 Νικτῖλαον
812 1395 870 1445 ὲν
899 1393 1114 1445 οἰκέτου
1143 1393 1385 1460 σχήματι
1415 1389 1764 1458 παρεστῶτα,

184 1486 312 1546 καὶ,
367 1484 473 1536 Ποῦ
526 1483 825 1535 καταλύσει
886 1485 1115 1552 Πέτρος,
1165 1477 1210 1535 ὦ
1269 1465 1572 1544 Δέσποινανς
1630 1481 1768 1548 προς

189 1574 368 1642 αὐτὴν
421 1576 668 1644 ἠρεμαίᾳ.
717 1576 867 1643 φωνῇ
930 1573 1307 1641 φθεγγόμενον
1401 1572 1500 1639 τὴν
1546 1572 1592 1622 δ’
1640 1571 1770 1622 ὑποο

187 1663 302 1715 λαδ
341 1663 471 1715 ὗσαν
503 1665 747 1732 φαιδρῶς
778 1681 836 1715 τε
873 1665 965 1715 καὶ
999 1662 1243 1731 κοσμίως
1284 1661 1768 1730 ἀποκριναμένην·

192 1755 388 1807 Ἔστιν
423 1754 546 1823 ὅρος
580 1754 667 1807 ἐπ’
713 1753 1008 1824 Εὐρώπης,
1042 1752 1335 1805 κάλλιστον
1366 1751 1503 1820 ὁμοῦ
1541 1753 1634 1803 καὶ
1678 1752 1773 1821 μέ-

186 1827 404 1912 γιστον,
437 1844 566 1912 πρὸς
599 1844 806 1913 Λιϐύην
842 1843 1246 1912 τετραμμένον,
1284 1838 1376 1894 ὲπὶ
1419 1842 1553 1894 πολύ
1582 1858 1642 1893 τε
1676 1843 1773 1911 τῆς

188 1938 470 2007 θαλάττης
524 1940 655 1991 είσω
707 1937 936 2006 προῖόνο
997 1937 1163 1989 τοῦτο
1235 1937 1336 2005 τῆς
1393 1937 1497 2004 γῆς
1553 1937 1771 2005 ἁπάσης
1805 1917 1848 1974 Β

187 2029 622 2098 ἀπολεξάμενον,
672 2029 749 2098 τῷ
812 2028 1096 2098 μοναχικῷ
1155 2028 1368 2099 πρέπον
1425 2027 1772 2096 καταγώγιον

189 2119 631 2189 πωσκληρῶσαι
699 2119 926 2186 διέγνων
996 2117 1172 2186 ἔγωγε
1274 2117 1429 2171 ταῦτ’
1506 2117 1613 2186 ἄρα
1679 2118 1774 2170 καὶ

195 2211 496 2264 ῖδιαίτατον
527 2210 853 2278 ἐνδιαίτημα
896 2211 1043 2263 τοῦτ’
1090 2209 1375 2278 ἀφιέρωται
1411 2211 1648 2279 ἐμαυτῇ,
1682 2209 1776 2261 καὶ

193 2300 394 2368 Ἀγιον
421 2300 739 2354 τούντεῦθεν
769 2301 1071 2370 καλήσεται
1145 2299 1240 2352 καὶ
1271 2300 1380 2352 τῶν
1411 2301 1497 2351 ἐπ’
1529 2301 1694 2352 αὐτοῦ
1717 2317 1776 2352 τε

189 2392 294 2445 τδν
327 2392 459 2461 προς
489 2392 582 2444 τὸν
624 2393 805 2445 κοινὸν
836 2391 1144 2462 ἀνθρώποις
1182 2391 1446 2460 πολέμιον
1482 2407 1777 2456 επκναιρο-

199 2483 384 2552 μένων
436 2484 647 2550 ἀγῶνα,
702 2483 1112 2553 προπολεμήσω
1146 2484 1235 2536 διὰ
1276 2483 1390 2554 βίου
1430 2483 1649 2546 παντὸς,
1685 2483 1777 2535 καὶ

198 2576 428 2638 πάντως
482 2576 682 2647 ἔσομαι
743 2577 958 2640 τούτοις
1013 2577 1230 2647 ἄμαχος
1278 2578 1574 2646 σύμμαχος
1671 2577 1779 2629 τῶν

195 2665 500 2736 πρακτέων
525 2665 834 2736 ύῳηγητὴς,
857 2668 966 2719 τῶν
990 2667 1064 2736 μὴ
1094 2667 1386 2733 πρακτέων
1409 2665 1777 2736 ἑρμηνευτὴς,

197 2755 482 2826 κηδεμὼν,
517 2757 726 2826 ἰατρὸς,
761 2760 1019 2828 τροφεὺς,
1057 2758 1124 2828 ἢν
1171 2759 1281 2828 ἄρα
1337 2758 1522 2827 βούλει
1575 2759 1782 2830 τροφήν

197 2865 264 2900 τε
323 2849 419 2900 καὶ
468 2849 738 2916 ἰατρείαν,
771 2849 874 2917 ὅση
934 2867 991 2906 τε
1042 2851 1178 2920 πρὸς
1233 2852 1392 2920 σῶμα
1455 2851 1645 2915 τείνει,
1686 2851 1784 2904 καὶ

197 2939 368 2993 τοῦτο
397 2941 622 2993 (συνιστᾶ
650 2956 709 2992 τε
743 2941 839 2992 καὶ
869 2940 1164 3005 λυσιτελεῖ,
1201 2943 1298 2995 καὶ
1338 2943 1435 3011 ὅση
1477 2944 1537 2994 τὸ
1567 2941 1785 3013 πνεῦμα

199 3015 458 3103 έιανιστᾷ
487 3051 544 3086 τε
586 3036 683 3087 καὶ
714 3033 968 3103 ῥώννυσι,
1001 3036 1096 3087 καὶ
1143 3035 1216 3106 μὴ
1267 3035 1364 3088 τοῦ
1405 3035 1573 3088 καλοῦ
1597 3036 1784 3088 διαπε-

205 3127 327 3176 σεῖν
374 3128 648 3194 συγχωρεῖ
733 3116 989 3196 συστήέω
1040 3127 1096 3179 δὲ
1146 3125 1256 3196 ἄρα
1310 3128 1405 3179 καὶ⁹
1438 3126 1513 3196 τῷ
1545 3126 1660 3196 Υίῷ
1693 3127 1785 3179 καὶ

202 3214 332 3284 Θεῷ
361 3233 486 3283 μου,
521 3211 703 3278 οἷς-ἂν
735 3218 946 3284 γένοιτο
980 3216 1160 3280 καλῶς
1209 3217 1511 3271 καταλῦσαι
1543 3219 1669 3289 τῇδε
1697 3219 1786 3271 τὸν

209 3309 348 3381 βὶον,
390 3310 498 3362 τῶν
521 3311 706 3375 αὐτοῖς
751 3313 1159 3380 ἡμαρτημένων
1214 3313 1432 3366 τελείαν
1489 3314 1788 3384 ἐξαιτησα-

211 3404 355 3472 μένη
392 3403 519 3472 παρ’
556 3403 722 3455 αὐτοῦ
756 3405 858 3474 τὴν
889 3403 1106 3472 ἄφεσιν.

288 3491 376 3563 ιβ’.
407 3491 518 3548 οἷδ’
542 3496 626 3549 ὅτι
663 3497 831 3550 πᾶσιν
857 3498 1053 3567 ἐνῆκεν
1085 3496 1278 3568 ἡδονὴν
1303 3500 1330 3551 ὁ
1361 3497 1516 3566 λόγος
1539 3495 1788 3561 εἰκότως,

206 3589 300 3642 ὅτι
346 3587 447 3658 τὴν
475 3589 952 3658 περισπούδαστον
984 3589 1120 3659 ἡμῖν
1173 3604 1230 3640 τε
1284 3587 1381 3641 καὶ
1430 3590 1544 3651 τοῖς
1597 3587 1793 3656 εὐφρο-

209 3678 405 3733 νοῦσιν
446 3679 620 3732 ἅπασι
651 3681 790 3735 κατὰ
838 3680 1018 3750 ψυχὴν
1050 3680 1330 3749 σωτηρίαν
1369 3678 1791 3749 ἀναμφιλέκτως

212 3772 692 3841 ἐπαγγελλόμενος
721 3788 736 3803 ·
775 3775 904 3826 ὅταν
948 3772 1058 3842 γάρ
1110 3771 1144 3840 ἠ
1193 3771 1288 3824 τοῦ
1340 3771 1473 3823 Θεοῦ
1505 3769 1789 3840 Μήτηρ,ἢ

213 3866 317 3919 καὶ
366 3865 434 3917 τὰ
488 3864 728 3918 ἀδύνατα
779 3863 984 3918 δυνατὰ
1024 3861 1392 3934 καθέστηκεν,
1448 3863 1794 3931 ὑπισχνεῖται

221 3955 462 4025 βοηθεῖν,
507 3936 617 4008 ’καὶ
669 3955 769 4007 οὐκ
826 3953 1081 4007 ἐνταυθοῖ
1143 3953 1326 4022 μόνον,
1375 3953 1498 4006 οὐδὲ
1557 3953 1653 4005 ἐπὶ
1699 3951 1794 4004 τοῦ

220 4046 521 4117 παρόντος,
552 4047 689 4116 πρὸς
723 4045 779 4100 δὲ
815 4048 910 4102 καὶ
958 4046 1054 4098 ἐπὶ
1097 4046 1199 4105 Δτοῦ
1245 4046 1538 4115 μέλλοντος
1576 4045 1792 4109 αἰῶνος,

217 4142 322 4194 καὶ
365 4141 464 4193 οὐκ
513 4140 608 4194 ἐπὶ
667 4140 944 4210 σμικροῖς,
979 4138 1302 4208 ἀπαλλαγὴν
1346 4137 1405 4190 δὲ
1457 4137 1796 4208 προξενοῦσα

218 4233 336 4288 τῶν
362 4233 616 4304 ἀρρήτων
642 4232 866 4285 ἐκείνων
910 4230 1172 4295 εὐθυνῶν,
1203 4231 1300 4283 καὶ
1339 4229 1459 4282 τῶν.
1500 4229 1798 4299 ἀκηράτων

217 4323 448 4392 ἀγαθῶν
499 4323 837 4384 ἀπόλαυσιν,
891 4321 976 4383 τίς
1034 4321 1136 4374 οὐκ
1201 4316 1296 4374 οῦν
1345 4320 1799 4387 ὑπερϐαλλόντως

216 4417 407 4486 ἥδοιτο
455 4412 581 4467 νοῦν
614 4413 754 4483 ἔχων
781 4430 796 4477 ;
827 4411 968 4464 Ἀλλ’
1016 4411 1110 4463 ἐπὶ
1139 4411 1206 4463 τὰ
1242 4409 1369 4480 ἑξῆς
1406 4409 1550 4462 ίτέον
1579 4427 1593 4440 ο
1627 4409 1800 4463 ταῦτα

219 4508 329 4578 τῆς
359 4507 621 4561 Θεοτόκου
655 4506 789 4577 περὶ¹
817 4504 912 4557 τοῦ
946 4504 1107 4574 ὅρους
1135 4503 1542 4572 διειλεγμένης,
1580 4503 1676 4554 καὶ
1707 4504 1798 4555 τὲ-

1870 672 2045 722 turos,
2080 672 2245 727 atque
2300 671 2394 726 per
2428 655 2644 710 Cretam
2694 655 2746 706 in
2785 653 2968 706 Asiam
3024 652 3139 702 vela
3190 650 3448 704 lat-turos.

1866 755 2001 808 Cum
2030 753 2180 806 hisce
2209 752 2372 818 igitur
2403 759 2457 801 et
2491 747 2606 816 ipse
2639 745 2839 809 solvit,
2877 747 3116 800 visurus.
3151 743 3194 797 si
3226 743 3363 796 forte
3399 744 3452 796 in

1869 855 1978 898 tam
2005 845 2295 914 longinqua
2337 840 2682 909 navigatione
2709 847 3025 890 oecurreret
3051 835 3249 888 alicubi
3279 836 3450 896 locus,

1868 938 2048 1005 quiex
2092 935 2255 987 animi
2298 933 2415 1000 eius
2447 931 2720 986 sententia
2769 929 2956 982 foret:
3007 929 3179 995 magis
3223 945 3350 980 vero
3399 928 3452 978 in

1867 1031 1973 1085 boe
1999 1044 2216 1099 quoque
2259 1028 2457 1081 fidebat
2490 1026 2618 1087 Deo,
2657 1024 2747 1094 qui
2783 1025 2963 1088 solus,
3015 1022 3278 1091 quidquid
3325 1023 3455 1076 utile

1867 1131 1951 1177 est
1976 1122 2304 1179 hominibus.
2336 1119 2574 1188 perlicit.

1943 1215 2028 1267 Η.
2064 1213 2172 1267 Hac
2202 1228 2293 1278 Spe
2324 1212 2515 1271 fretus,
2551 1211 2902 1278 Spectabilem
2939 1212 2990 1262 in
3041 1209 3246 1262 somnis
3295 1209 3456 1262 habet.

1869 1306 2096 1366 Matrem
2149 1303 2236 1357 Dei
2266 1318 2480 1369 semper
2527 1303 2819 1370 virginum,
2873 1301 3030 1367 eique
3073 1311 3340 1352 astantem
3375 1300 3454 1351 fa-

1873 1395 2135 1452 mulantis
2166 1394 2348 1462 specie
2380 1401 2628 1456 sanctum
2651 1390 2952 1453 Nicolaum,
2978 1389 3263 1456 providum
3297 1407 3455 1443 suum

1870 1498 2224 1548 curatorem;
2279 1486 2368 1553 qui
2408 1486 2471 1537 ad
2501 1482 2787 1551 Doiparam
2837 1481 2942 1534 leni
2977 1497 3103 1534 vore
3132 1501 3144 1535 :
3171 1481 3270 1535 Ubi
3335 1491 3456 1534 tan-

1873 1580 2017 1642 dem,
2075 1592 2106 1626 0
2163 1577 2413 1640 Domina,
2469 1575 2896 1628 commorabitur
2931 1572 3165 1625 Petrus?
3212 1573 3274 1623 lit
3319 1572 3456 1636 ipsa,

1873 1669 2073 1724 blande
2121 1683 2184 1720 ac
2241 1667 2486 1721 modeste
2531 1667 2899 1732 respondens,
2952 1664 3172 1731 subjicit
3209 1680 3219 1712 :
3257 1662 3348 1714 list
3405 1662 3458 1713 in

1875 1763 2092 1828 Europa
2141 1760 2542 1830 pulcherrimus
2575 1757 2730 1825 juxta
2786 1767 2946 1824 atque
2987 1771 3233 1808 summus
3284 1770 3457 1812 mons.

1878 1853 1969 1921 qui
2007 1866 2196 1905 versus
2239 1850 2462 1919 Libyam
2497 1850 2653 1918 longe
2698 1847 2750 1900 in
2787 1861 2937 1898 mare
2978 1847 3274 1915 procuriit.
3309 1844 3463 1897 llanc

1877 1959 1975 2010 ego
2023 1958 2052 1997 e
2108 1951 2221 1996 toto
2251 1951 2519 1994 terrarum
2551 1940 2683 1993 orbe
2713 1939 2876 2005 elegi,
2906 1947 3066 2004 atque
3118 1939 3373 1990 decoram
3409 1949 3464 1989 et

1878 2042 2058 2100 aptam
2097 2031 2402 2085 monastico
2447 2030 2700 2084 instituto
2762 2027 3153 2080 habitationem
3210 2027 3324 2080 ﬁeri
3371 2030 3463 2080 de-

1876 2123 2050 2188 crevi;
2115 2123 2359 2191 quinimo
2420 2123 2594 2189 ipsum
2641 2123 2772 2176 mibi
2822 2124 3097 2191 proprium
3148 2122 3462 2175 enasci-rari

1878 2213 2245 2277 domicilium,
2277 2225 2441 2282 atque
2493 2198 2848 2284 imposierum
2892 2215 3178 2267 vocabitur
3206 2215 3460 2266 Sanctus.

1877 2296 2156 2368 Quotquot
2198 2299 2319 2352 istic
2357 2298 2623 2353 adversus
2661 2315 3003 2353 communem
3041 2300 3315 2351 hominum
3372 2301 3468 2352 lto-

1879 2401 2014 2443 stem
2040 2391 2386 2459 susceperint
2417 2399 2694 2444 certamen
2721 2429 2736 2453 ,
2771 2392 3125 2459 propugnabo
3158 2406 3256 2458 ego
3289 2394 3464 2458 quoad

1881 2483 2137 2547 vixerint,
2180 2499 2244 2538 ac
2275 2485 2497 2537 omnino
2531 2500 2618 2537 tne
2655 2486 2756 2537 illis
2799 2487 3067 2552 praestabo
3099 2485 3465 2538 inviucibilem

1882 2574 2207 2643 adjutricem
2241 2592 2254 2639 ;
2289 2577 2418 2644 quid
2453 2578 2721 2645 agendum
2756 2577 2847 2628 sit.
2884 2575 3126 2638 docebo;
3158 2577 3283 2644 quid
3309 2578 3469 2628 omit-

1884 2671 2127 2731 tendum,
2172 2682 2484 2736 exponam;
2542 2685 2695 2736 agam
2743 2683 2932 2722 eorum
2966 2670 3312 2732 curatricem,
3357 2686 3468 2722 me-

1885 2760 2089 2824 dicam,
2129 2760 2439 2826 nutricem;
2476 2762 2763 2828 provisura
2813 2761 2944 2828 ipsis
2986 2761 3052 2814 de
3102 2764 3297 2830 quovis
3344 2763 3468 2816 cibo

1884 2867 1946 2905 ac
1972 2853 2267 2913 medicina,
2300 2853 2414 2907 sive
2453 2852 2540 2905 illa
2592 2853 2657 2904 ad
2690 2867 2890 2920 corpus
2923 2854 3154 2908 attineat
3179 2856 3466 2925 ipsumque

1884 2944 2675 3015 consolidetcorroboretque;
2726 2946 2842 2998 sive
2886 2945 2973 2998 illa
3027 2946 3277 3015 spiritum
3322 2947 3470 3000 exci-

1887 3046 1983 3102 tet,
2019 3052 2083 3092 ac
2109 3037 2415 3102 confirmet,
2454 3038 2821 3106 impediatque
2853 3053 2916 3092 ne
2950 3040 3148 3092 virtute
3175 3039 3466 3108 spolietur.

1886 3129 2295 3184 Commendabo
2331 3130 2452 3183 illos
2489 3130 2712 3199 insuper
2748 3131 2888 3186 Filio
2919 3147 2982 3185 ac
3029 3132 3141 3185 Deo
3176 3148 3317 3194 nico,-
3345 3135 3469 3200 qui-

1813 3247 1854 3304 C
1889 3222 1989 3276 bus
2022 3222 2132 3276 illic
2159 3223 2446 3290 contigerit
2487 3223 2646 3275 linem
2697 3222 2821 3277 vita:
2851 3224 3167 3292 imponere;
3201 3226 3266 3276 ab
3297 3238 3471 3292 eoque

1891 3311 2258 3365 omnimodam
2302 3311 2407 3365 illis
2457 3311 2696 3366 exorabo
2759 3312 3082 3366 delictorum
3139 3328 3360 3367 suorum
3397 3330 3474 3368 re-

1894 3403 2233 3458 missionem.

1965 3494 2032 3549 η
2062 3495 2248 3550 Oratio
2289 3495 2477 3550 istbaec
2501 3536 2515 3560 ,
2542 3495 2676 3562 scio,
2721 3495 3049 3563 voluptatem
3080 3496 3258 3550 attulit
3292 3496 3472 3551 omni-

1892 3588 2017 3651 bus,
2045 3603 2146 3642 nec
2183 3587 2458 3642 immerito
2485 3605 2498 3654 ;
2539 3603 2660 3641 cum
2690 3587 3062 3658 maximopere
3087 3588 3470 3657 expetendam,

1893 3693 2000 3733 non
2055 3680 2210 3735 nobis
2245 3678 2455 3744 solum,
2492 3679 2584 3732 sed
2632 3678 2847 3733 cunctis
2897 3690 3047 3734 reete
3089 3679 3470 3740 sentientibus.

1894 3773 2090 3827 animat
2167 3773 2397 3828 salutem
2476 3772 2614 3825 citra
2692 3772 3100 3840 ambiguitatem
3170 3772 3472 3839 promittat.

1893 3863 2125 3928 Quando
2155 3865 2299 3918 enim
2329 3863 2424 3917 Dei
2461 3863 2654 3925 Mater,
2687 3879 2808 3933 qua:
2833 3864 2971 3931 quod
3002 3863 3115 3917 fieri
3155 3879 3258 3916 non
3299 3875 3477 3932 potest

1894 3955 2146 4010 ell'ectum
2181 3957 2292 4022 dat,
2345 3971 2500 4010 suam
2555 3956 2760 4010 addicit
2815 3971 3082 4027 operam;
3117 3971 3290 4025 neque
3333 3971 3476 4009 nunc

1898 4048 2074 4102 Solum
2107 4058 2162 4100 et
2216 4046 2268 4100 in
2304 4030 2558 4114 prmseuti
2606 4049 2832 4110 saeculo,
2859 4033 2950 4102 sed
2977 4048 3140 4102 etiam
3175 4047 3226 4100 in
3265 4047 3476 4110 futuro,

1897 4147 1951 4191 et
1981 4151 2091 4190 non
2125 4147 2334 4189 tantum
2363 4137 2415 4190 in
2454 4137 2616 4191 rebus
2648 4139 2829 4205 parvis
2861 4148 3104 4206 prarstat,
3131 4139 3224 4192 sed
3255 4139 3475 4192 arcanis

1898 4244 2113 4297 quoque
2152 4229 2256 4283 illis
2289 4229 2464 4296 pinnis
2509 4229 2704 4283 liberat
2744 4244 2895 4293 suos,
2927 4241 3093 4299 atque
3141 4240 3473 4284 :etcrnorum

1900 4319 2165 4373 bonormn
2217 4320 2492 4389 voluptate
2551 4319 2755 4384 donat;
2807 4321 2929 4390 quis
2958 4361 2972 4386 ,
3015 4336 3240 4388 qureso,
3279 4322 3479 4374 mentis

1902 4426 2122 4478 compos
2157 4427 2258 4463 non
2295 4412 2520 4478 gaudeat
2563 4428 2724 4479 supra
2771 4413 3024 4466 modum?
3059 4414 3124 4465 At
3167 4430 3290 4466 vero
3317 4416 3380 4466 ad
3414 4429 3474 4465 ea

1903 4519 2021 4573 qua:
2079 4515 2372 4571 supersunt
2421 4505 2823 4570 procedendum
2871 4515 2973 4560 est.
3033 4505 3169 4557 Cum
3229 4508 3370 4563 talia~
3411 4507 3480 4560 de

221 4601 320 4664 λος
370 4601 746 4667 ἑπειπούσης.
791 4597 867 4658 ὼς
927 4597 1021 4649 καὶ
1080 4597 1283 4664 Πέτρος
1337 4596 1456 4646 ἐκεῖ
1511 4593 1787 4663 βιώσεται,

1907 4605 2085 4648 monte
2117 4596 2391 4663 prolocuta
2420 4605 2562 4649 esset
2601 4597 2825 4664 Deipara
2854 4635 2868 4658 ,
2915 4611 2978 4649 ac
3007 4599 3224 4649 tandem
3257 4597 3480 4660 subjun-

219 4693 325 4747 τοῦ
347 4691 628 4745 καθεύδειν
655 4686 810 4745 οὗτος
839 4690 1071 4753 ἀνεῖται,
1107 4689 1202 4740 καὶ
1231 4686 1366 4754 προς
1396 4686 1563 4754 εὐχὴν
1589 4685 1802 4753 χαρίεις

223 4784 388 4849 εἰπερ
417 4783 544 4839 ποτὲ
583 4783 946 4842 διανίσταται,
971 4784 1061 4832 καὶ
1096 4780 1194 4846 τὴν
1216 4778 1395 4847 ψυχὴν
1422 4774 1612 4844 ὥσπερ
1639 4778 1801 4828 ἐπτε-

229 4871 477 4944 ρωμένος
509 4871 598 4926 οία
631 4877 722 4924 τὸν
769 4871 1031 4924 τοιούτων
1086 4870 1185 4939 μὲν
1212 4868 1524 4940 θεαμάτων,
1547 4869 1803 4920 τοιούτων

227 4966 285 5017 σε
316 4965 486 5035 άκροχ
499 4966 684 5034 μάτων
714 4964 1016 5032 ἠξιωμένον
1054 4963 1220 5026 εἰκός.

307 5251 384 5302 ιγ.
415 5231 626 5304 Μικρὸν
660 5234 804 5298 ὅσον,
857 5235 949 5287 καὶ
993 5233 1092 5302 τῆς
1120 5233 1255 5294 νεὼς
1289 5236 1351 5301 τῇ
1406 5234 1598 5302 Κρήτῃ
1632 5249 1808 5302 παρα-

231 5327 529 5396 πλεούσης,
556 5321 638 5387 οἷς
677 5325 785 5378 ἔδει
812 5327 974 5378 σίτων
1009 5344 1066 5378 τε
1107 5326 1199 5378 καὶ
1227 5326 1489 5393 πομάτων
1519 5327 1661 5393 (οὐδὲ
1700 5326 1808 5395 γὰρ

230 5415 454 5485 ἐκείνῳ,
483 5415 581 5485 τὴν
629 5417 806 5482 σάρκα
851 5416 1128 5486 τηναρχὴν
1161 5417 1320 5479 εὐθὺς
1353 5417 1657 5468 ὑπόσποδον
1704 5433 1806 5469 κα-

229 5507 508 5574 ταστῆσαι
548 5508 956 5576 προνοουμένῳ,
993 5510 1086 5558 καὶ
1135 5508 1522 5576 διημερεύοντι
1553 5509 1651 5576 μὲν
1677 5508 1811 5559 ἀπο-

238 5598 398 5665 σίτῳ,
427 5599 636 5648 πίνοντι
669 5597 725 5650 δὲ
750 5598 846 5665 τῆς
880 5597 1177 5665 θαλάττης,
1209 5600 1302 5651 καὶ
1325 5600 1532 5666 ταύτης
1570 5615 1812 5668 μετριωο

233 5685 432 5754 τάτης)
462 5683 546 5748 οἷς
594 5681 689 5738 οῦν
739 5686 846 5738 ἔδει
883 5687 992 5739 τῶν
1026 5689 1371 5757 ἐπιτηδείων,
1415 5691 1525 5741 δεῖν
1565 5691 1812 5752 ἔγνωσαν

235 5777 320 5843 τῷ
369 5776 547 5846 λιμένι
588 5779 942 5844 προσοκεῖλαι
1016 5783 1110 5833 καὶ
1158 5782 1483 5846 ἀποϐάντες,
1520 5782 1608 5834 ἐπ’
1655 5782 1812 5848 ἀλφί-

241 5861 361 5923 των
415 5885 474 5921 τι
525 5871 618 5923 καὶ
678 5868 922 5939 ποτίμων
974 5872 1184 5925 ὑδάτων
1239 5873 1435 5942 κομιδῇ
1493 5873 1770 5925 πονεῖσθαι

1907 4690 2096 4751 xisset,
2148 4686 2262 4742 fore
2309 4699 2363 4741 ut
2417 4699 2470 4742 ct
2521 4688 2714 4743 Petrus
2748 4690 2871 4742 istic
2915 4690 3015 4743 loci
3054 4691 3214 4748 vitam
3255 4704 3477 4760 ageret;

1905 4781 2232 4849 expergiscit
2264 4781 2349 4832 bic
2379 4795 2408 4831 e
2435 4795 2626 4843 somno
2657 4819 2672 4844 ,
2705 4789 2869 4849 atque
2889 4780 2955 4834 ad
2987 4782 3482 4847 orationem,l:etus

1906 4871 1948 4925 si
1976 4887 2215 4938 unquam
2250 4872 2406 4933 alias,
2444 4886 2500 4924 se
2527 4871 2759 4933 confert,
2793 4881 3012 4940 totaque
3039 4873 3219 4925 anima
3249 4873 3480 4940 (diceres

1908 4961 2022 5013 alas
2051 4961 2098 5013 ei
2137 4961 2346 5013 addit.s
2392 4961 2533 5016 esse}
2573 4959 2789 5012 advolat
2823 4975 2836 5012 :
2879 4960 3342 5027 quemadmodum
3386 4977 3483 5030 par

1907 5062 1989 5105 est
2017 5053 2163 5106 illum
2195 5053 2395 5118 facere,
2426 5052 2517 5122 qui
2546 5038 2670 5104 talia
2693 5051 2879 5104 videre
2911 5052 3216 5120 spectacula
3242 5053 3483 5123 talesque
3537 5066 3542 5068 '

1909 5145 2099 5196 audire
2138 5158 2416 5197 sermones
2443 5143 2776 5209 .promeruit.

1985 5236 2068 5287 l3.
2105 5233 2312 5286 Interea
2359 5223 2522 5286 navis.
2559 5233 2731 5286 Creta:
2766 5235 3265 5302 appropinquabat,
3320 5245 3483 5304 atque

1911 5336 2155 5378 vectores
2198 5326 2294 5390 illi,
2351 5325 2545 5397 quibus
2593 5326 2716 5379 cibo
2773 5335 3010 5393 potaque
3049 5341 3186 5394 opus
3221 5336 3337 5379 erat
3367 5329 3481 5396 (ne-

1910 5432 2015 5485 que
2061 5418 2201 5468 enim
2253 5415 2467 5480 Petrus,
2515 5416 2604 5485 qui
2647 5416 2828 5469 statim
2879 5431 2908 5468 a
2958 5416 3224 5485 principio
3255 5433 3477 5472 carnem

1915 5508 2110 5561 rationi
2167 5507 2462 5575 prudenter
2521 5507 2844 5575 subiecerat,
2884 5507 3108 5576 diesque
3168 5496 3308 5562 totos
3364 5510 3484 5565 sine

1912 5598 2035 5651 cibo
2076 5599 2432 5663 transigebat.
2472 5600 2732 5650 marinam
2772 5613 2901 5650 Vero
2938 5613 3170 5668 eamque
3217 5601 3480 5654 modicam

1917 5690 2156 5758 potabat,
2193 5690 2299 5743 illis
2329 5689 2622 5757 indigebat)
2657 5690 2760 5752 i!li,
2802 5690 3042 5756 inquam,
3076 5698 3325 5743 vectores
3349 5690 3488 5756 judi-

1914 5791 2104 5833 carunt
2141 5791 2351 5848 portum
2384 5781 2487 5833 sibi
2537 5781 2869 5845 intrandum,
2917 5796 2981 5835 ac
3031 5781 3489 5836 descendentibus

1916 5876 1969 5929 in
2011 5885 2204 5928 terram
2241 5874 2441 5927 victum
2479 5881 2639 5940 atque
2677 5871 2964 5940 potabilem
2999 5888 3195 5928 aouam
3246 5870 3489 5929 studioso
