4104 6322
167 389 318 453 ῘΓΘΘ

1300 396 1474 455 νιτςι
1508 395 1833 482 8.]ἘΤΒΙ
1870 397 2297 458 amo-Nmis.

3296 389 3435 452 1030

164 503 408 568 ἑχόντων
441 518 497 552 τε
533 503 622 554 καὶ
652 501 1070 567 διανοουμένων,
1101 503 1162 551 ὲκ
1197 501 1287 552 τοῦ
1330 503 1745 571 ἀπροσδοκήτου

1868 523 1952 575 pte
1985 507 2286 562 ablaturum
2323 507 2549 560 fidenter
2576 506 2883 574 sperabant.
2935 503 3122 558 Verum
3162 503 3337 557 taliter
3362 502 3430 557 iis

164 593 543 656 παντάπασιν,
602 593 679 644 ἔτ’
733 593 884 654 ὄντος
947 593 1038 644 τοῦ
1102 591 1410 660 πνεύματος
1455 594 1744 664 ἐπιφόρου,

165 683 274 734 καὶ
317 683 569 752 λαμπροῦ
617 683 758 735 κατὰ
823 684 1081 752 πρύμναν
1132 685 1591 754 προσϐάλλοντος,
1654 684 1749 736 τοῦ

167 774 365 844 ’πρόσω
416 773 732 843 προϐαίνειν
786 775 816 842 ἡ
869 774 1000 835 ναῦς
1049 777 1290 841 ἀφεῖται,
1346 780 1440 830 καὶ
1493 776 1750 844 ἀκίνητος

167 866 358 933 ἔμενε.
395 866 576 918 Πάντα
619 867 676 917 δὲ
710 866 898 918 κάλων
935 867 1162 919 ἐκείνων
1197 869 1513 931 κινούντων,
1541 868 1615 930 ὼς
1657 870 1752 921 καὶ

171 957 212 1023 ἠ
261 957 528 1023 παρο²μία
565 957 716 1024 φησὶ,
767 958 833 1009 τὰ
871 957 971 1024 τῆς
1012 960 1298 1026 ἀκινησίας
1344 960 1593 1028 οὐδαμῶς
1639 961 1753 1010 ἐνε-

121 1107 133 1116 .
169 1047 345 1100 δίδοι).
389 1049 494 1099 Καὶ
524 1049 586 1118 δὴ
625 1048 731 1101 τῶν
785 1051 994 1101 ναυτῶν
1041 1051 1495 1122 ἐξηπορημένων,
1531 1053 1624 1103 καὶ
1665 1068 1754 1117 μι-

171 1138 314 1206 κροῦ
364 1139 462 1207 τῆς
508 1141 629 1208 ἴσης
672 1143 1051 1211 μετασχόντων
1105 1144 1416 1212 ἀκινησίας,
1452 1143 1610 1196 τοῦτο
1657 1144 1753 1210 μὲν

175 1230 271 1281 ὑπ’
322 1231 653 1298 ἐκπλήξεως,
691 1231 848 1283 τοῦτο
894 1233 949 1282 δὲ
992 1233 1084 1282 καὶ
1120 1234 1228 1284 ἀπὸ
1272 1233 1365 1286 τοῦ
1405 1233 1574 1302 μηδὲν
1612 1233 1754 1302 ἔχειν

176 1321 466 1387 πράττειν.
503 1323 687 1383 Οὕτως
711 1325 773 1375 ἐκ
814 1325 981 1375 τόπου
1025 1324 1120 1376 τοῦ
1154 1327 1478 1394 πράγματος
1524 1325 1694 1389 ὄντος,
1727 1326 1755 1375 ὀ

175 1409 340 1483 θεῖος,
363 1414 564 1482 Πέτρος
595 1417 692 1483 τῆς
729 1413 955 1484 ἡσυχίου
998 1415 1269 1483 καθέδρας
1298 1416 1628 1478 ἐξαναστὰς,
1662 1416 1756 1467 καὶ

174 1501 674 1572 ττεριῆλεψάμενος,
708 1501 768 1555 τὸ
801 1505 894 1556 τοῦ
928 1506 1350 1575 διαφαινομένου
1395 1507 1553 1577 ὅρους
1584 1507 1756 1574 ὄνομα

172 1593 396 1662 ἐρωτᾷο
427 1595 457 1645 ,ὁ
485 1593 547 1655 δὴ
578 1594 671 1647 τὸν
705 1595 853 1648 Ἀθω
895 1598 1198 1666 πυθόμενος
1249 1593 1412 1660 εἶναι,
1448 1597 1650 1665 συνῆκέ
1698 1614 1754 1649 τε

180 1687 282 1734 καὶ
318 1685 656 1752 ἀπαγγέλλει
705 1685 764 1736 τὸ
816 1688 1045 1754 κατέχον
1086 1688 1298 1756 ἀτρεμῆ
1335 1689 1433 1755 τὴν
1479 1687 1628 1739 ναῦν.
1670 1687 1758 1737 Ἐν

169 1777 376 1843 τούτῳ,
411 1779 596 1846 φησὶν,
638 1778 718 1830 ξνι
746 1778 822 1849 τῷ
851 1779 967 1847 Θεῷ
998 1780 1329 1850 βουλομένῳ,
1365 1781 1457 1833 τὸν
1483 1781 1757 1833 ύπόλυπον

170 1868 544 1937 διανῦσαί·με
585 1869 736 1938 βίον·
789 1871 883 1922 καὶ
930 1869 1007 1939 τῷ
1060 1871 1166 1922 τῶν
1197 1872 1398 1923 οίακων
1435 1869 1752 1931 ὲττικαθεζοο
1790 1858 1831 1913 Β

174 1962 354 2029 μένῳ.
381 1963 477 2030 τῆς
508 1962 611 2030 γῆς
638 1962 808 2023 εὐθὺς
839 1964 974 2030 πρὸς
1015 1967 1073 2016 τὸ
1117 1964 1396 2031 εὐώνυμον
1430 1964 1604 2017 ἰθῦναι
1656 1964 1754 2030 τὴν

168 2051 316 2103 ναῦν
369 2052 750 2120 ὲγκελεύεται³
785 2053 877 2104 xui
925 2052 1004 2116 ὃς,
1055 2052 1127 2115 ὡς
1185 2052 1338 2104 οὐδὲν
1393 2051 1662 2120 μελλήσας
1700 2049 1757 2102 τί)

177 2143 480 2196 κελευσθὲν
512 2145 730 2214 ἤνυσεν,
769 2146 800 2214 ὴ
836 2146 961 2207 ναῦς
989 2144 1095 2197 τῶν
1120 2145 1333 2214 δεσμῶν
1362 2146 1593 2208 ἀνεῖται,
1619 2142 1758 2196 κάπὶ

170 2235 235 2286 τὸ
261 2233 548 2304 εύκίνητον
573 2236 776 2299 εύθέως
810 2237 956 2307 μάλα
990 2237 1309 2307 μετέϐαλεν.

252 2420 345 2476 ις’.
385 2411 512 2481 'Ap'
542 2414 640 2466 οὒκ
676 2413 939 2484 ἔκπληξις
980 2413 1071 2468 ἐπὶ
1117 2413 1332 2477 τούτοις
1387 2415 1554 2467 πᾶσιν
1609 2411 1761 2480 ὲγγί-

141 2497 360 2566 ’νῖται;
419 2506 539 2567 Πῶς
587 2508 616 2574 ἡ
673 2506 920 2576 πλώϊμος
981 2507 1167 2575 φύσις,
1228 2509 1260 2572 ὴ
1316 2507 1415 2574 τῆς
1481 2505 1757 2571 Θαλάττης

166 2596 535 2663 caueam;
572 2595 794 2663 ἰδιότης,
825 2597 917 2647 ποῖ
945 2595 1045 2664 μὲν
1078 2597 1354 2665 ὑποχωρεῖ
1383 2595 1478 2647 xui
1516 2593 1755 2663 πάροδον

167 2689 359 2742 δίδωσι
390 2689 452 2755 τῇ
479 2685 591 2753 νηῒ,
621 2689 686 2756 τῇ
723 2685 996 2757 προσϐολῇ
1023 2687 1129 2738 τῶν
1161 2686 1493 2755 πνευμάτων
1533 2687 1758 2737 ἐλαυνο-

169 2782 362 2852 μένῃο
416 2781 508 2830 ποῖ
551 2779 594 2828 δ’
650 2779 1007 2847 ἀρνησαμὲνη
1069 2778 1165 2847 τὴν
1229 2779 1415 2845 φύσιν,
1464 2777 1560 2846 τὴν
1611 2778 1758 2829 ἀντι-

171 2865 381 2917 τυπίαν
434 2864 861 2932 μεταλαμϐάνει,
896 2867 989 2918 xui
1025 2870 1220 2935 χέρσου
1269 2867 1427 2932 δίκην
1456 2867 1545 2917 ἐπὶ
1573 2866 1757 2936 χώραν

170 2956 559 3024 παρακατέχει
599 2956 698 3024 τὴν
734 2956 896 3021 ναῦνς
945 2960 1072 3020 Πῶς
1118 2958 1173 3010 δὲ
1227 2957 1321 3010 καὶ
1359 2957 1420 3008 τὸ
1468 2960 1559 3009 τοῦ
1600 2957 1759 3009 πνεύ-

172 3065 353 3118 ματος
408 3049 723 3117 εὐδιάχυτον
780 3051 836 3100 ἐν
896 3050 1056 3119 μέρει
1114 3049 1484 3111 συστέλλεται,
1529 3049 1619 3100 καὶ
1681 3048 1756 3119 μὴ

1856 600 2110 652 animatis
2164 609 2219 652 et
2265 599 2664 666 cogitantibus,
2708 614 2835 651 cccc
2877 614 2974 651 nec
3012 596 3233 666 opinato
3265 595 3429 662 plane

1854 701 2070 756 eventu,
2113 694 2351 745 secundo
2379 691 2539 745 etiam
2567 700 2949 758 perseverante
2990 696 3149 741 vento
3182 694 3235 740 el
3270 683 3434 740 vehe-

1854 794 2068 838 menter
2118 785 2168 837 in
2231 783 2446 851 puppim
2513 782 2878 845 incumbente,
2939 781 3099 834 desiit
3153 777 3430 846 navigium

1856 889 2020 943 porro
2079 874 2352 943 progredi,
2405 883 2460 928 ct
2507 873 2782 927 immobile
2832 874 2882 924 in
2937 872 3057 925 loco
3098 870 3433 935 stctit.lpsis

1858 978 2034 1020 autem
2072 982 2311 1030 omnem,
2332 967 2478 1035 quol
2506 967 2726 1029 dicitur,
2751 966 3028 1018 rudentem
3066 963 3430 1025 tumentibus,

1857 1059 1988 1112 nihil
2020 1059 2310 1126 quidquam
2349 1058 2649 1125 profectum
2684 1068 2803 1120 cst;
2850 1067 3025 1108 nautre
3061 1071 3187 1106 vero
3231 1054 3432 1107 mentis

1857 1153 2068 1220 impos,
2101 1152 2214 1217 pari
2249 1151 2362 1204 fere
2405 1167 2524 1206 cum
2563 1150 2683 1202 navi
2719 1149 3100 1202 immobilitate
3135 1146 3432 1208 hauebant,

1857 1243 2052 1308 partim
2087 1257 2194 1310 prae
2228 1255 2450 1308 smpore
2481 1241 2645 1292 animi
2677 1279 2689 1301 ,
2751 1239 2946 1307 partim
2983 1237 3124 1306 quod
3159 1236 3448 1334 nescirent!

1857 1334 1985 1404 quid
2046 1335 2260 1388 consilii
2318 1343 2597 1399 caperent.
2628 1332 2761 1384 Cum
2822 1332 2938 1384 loco
2990 1340 3096 1382 tam
3147 1329 3289 1381 malo
3345 1342 3404 1380 re

1858 1335 1985 1404 quid
2046 1335 2260 1388 consilii
2318 1343 2597 1399 caperent.
2628 1335 2761 1384 Cum
2822 1335 2938 1384 loco
2990 1340 3096 1382 tam
3147 1335 3289 1381 malo
3345 1335 3440 1476 rei

1858 1434 2022 1489 esset,
2077 1425 2296 1477 divinus
2356 1423 2546 1476 Petrus
2600 1437 2627 1474 e
2664 1421 2790 1474 sede
2824 1421 2910 1473 ubi
2964 1420 3281 1488 quiesL-ebat
3312 1431 3403 1470 sur

1858 1533 2013 1587 gens,
2069 1517 2360 1587 oculosque
2421 1513 2848 1577 circumferens,
2912 1511 3113 1566 montis
3172 1510 3261 1577 qui
3301 1497 3438 1586 forte

1860 1615 1959 1667 sub
1985 1621 2261 1680 asttectum
2318 1610 2584 1674 cadebat,
2622 1609 2937 1663 sciscitatur
2986 1620 3179 1659 nomen
3217 1621 3230 1656 :
3275 1615 3435 1672 quem

1863 1706 1950 1759 ubi
1994 1705 2196 1756 Album
2231 1703 2490 1772 appellari
2530 1702 2743 1762 didicit,
2779 1701 2936 1752 simul
2968 1696 3237 1751 intellexit
3271 1699 3435 1760 atque

1861 1797 1994 1851 alios
2022 1795 2205 1848 docuit
2231 1808 2472 1855 Causam,
2504 1808 2602 1845 cur
2638 1792 2708 1844 ita
2745 1790 2950 1844 moveri
3000 1789 3180 1842 nescia
3251 1785 3438 1839 consi-

1861 1892 2032 1942 steret
2094 1881 2268 1934 navis.
2298 1880 2352 1933 ln
2403 1881 2591 1944 hocce,
2633 1878 2835 1947 inquit,
2873 1883 3055 1930 monte
3089 1875 3193 1928 Deo
3223 1873 3442 1927 volente

1864 1976 2133 2044 reliquum
2169 1989 2300 2026 mea:
2332 1973 2452 2024 vitm
2485 1970 2887 2037 transigendum
2917 1967 3046 2020 mihi
3078 1977 3158 2019 est
3191 1982 3204 2018 :
3241 1975 3293 2018 ct
3320 1965 3440 2018 cla-
3496 1999 3502 2005 -

1863 2083 1982 2119 vum
2013 2064 2216 2117 tenenti
2251 2065 2497 2128 imperat,
2521 2072 2574 2114 ut
2604 2062 2978 2116 sinistrorsum
3020 2057 3199 2110 navim
3230 2057 3294 2109 ad
3331 2064 3442 2110 ter-

1862 2176 1976 2213 ram
2010 2170 2152 2212 recta
2188 2157 2387 2222 dirigat
2425 2175 2436 2210 :
2474 2155 2614 2222 quod
2646 2154 2733 2207 ubi
2761 2154 2828 2216 is,
2863 2151 2993 2204 nihil
3023 2159 3326 2209 cunctatus,
3360 2148 3442 2201 cf-

1862 2247 2058 2301 fectnm
2103 2246 2270 2308 dedit,
2307 2246 2448 2297 illico
2483 2244 2633 2296 nivis
2655 2283 2668 2307 ,
2700 2243 2893 2296 solutis
2925 2239 3154 2292 vinculis
3184 2239 3442 2292 facillime

1861 2349 1917 2391 ut
1943 2338 2094 2407 prius
2125 2338 2329 2389 moveri
2354 2337 2543 2404 cmpit.

1937 2429 2020 2481 ιϐ.
2071 2426 2276 2479 Nonne
2331 2426 2454 2478 hinc
2506 2422 2807 2477 admiratio
2850 2420 3062 2474 cunctis
3124 2419 3441 2474 vectoribus

1861 2520 2079 2573 suborta
2136 2517 2292 2570 fuerit
2323 2534 2336 2582 ;
2373 2531 2478 2586 quo
2529 2525 2685 2584 pacto
2732 2499 3035 2585 navigabile
3089 2514 3440 2574 elementum.

1862 2610 2022 2663 fluida
2050 2609 2214 2662 maris
2245 2611 2578 2678 proprietas,
2607 2608 2764 2662 modo
2791 2607 2947 2662 cedat
2974 2607 3186 2674 iterque
3207 2605 3444 2672 praebeat

1863 2704 2006 2766 navi,
2054 2701 2252 2769 impetu
2292 2711 2573 2755 ventorum
2625 2701 2901 2770 impulse;
2965 2705 3125 2756 modo
3185 2711 3437 2757 naturam

1859 2793 2261 2862 quodammodo
2293 2809 2444 2845 suam
2482 2803 2668 2856 exuta,
2703 2794 3036 2847 contrariam
3082 2804 3348 2858 assumat,
3381 2809 3446 2848 ac

1862 2895 2018 2940 terra:
2055 2885 2227 2939 instar
2261 2884 2470 2938 afﬁxam
2529 2885 2708 2938 navim
2767 2886 2957 2939 eodem
2987 2885 3105 2939 loco
3153 2885 3446 2941 detineat?

1859 2977 1978 3044 Quo
2008 2989 2164 3046 pacto
2197 2978 2325 3032 item
2350 2978 2685 3032 fluidissimze
2716 2987 2923 3032 natura:
2957 2991 3151 3033 ventus
3183 2990 3336 3049 parte
3361 2981 3447 3034 Sui

1862 3070 2240 3132 contrahatur,
2275 3082 2338 3122 ac
2368 3068 2549 3120 navim
2605 3067 2895 3122 manifesto
2949 3068 3151 3137 impetu
3204 3083 3305 3122 suo
3338 3084 3445 3123 non

171 3138 521 3206 συναρπάζει
594 3140 802 3208 ταύτην
862 3141 939 3209 τῷ
1013 3144 1309 3210 περιφανεί
1374 3142 1470 3210 τῆς
1537 3142 1752 3210 ῥύμης,

1862 3161 2118 3230 abripiat,
2164 3159 2311 3214 nullo
2360 3159 2464 3229 ipsi
2513 3159 2777 3213 validiore
2825 3174 3058 3230 corpore
3096 3160 3445 3227 obsistente;

176 3231 414 3299 μηδενός
444 3231 870 3300 ἐπιτειχίζοντος
926 3233 1291 3302 σφοδροτέρου
1327 3231 1622 3301 σώματος;
1666 3232 1754 3303 Τᾦ

181 3324 291 3390 γὰρ
326 3321 591 3391 εύκινήτῳ
634 3323 741 3375 τῶν
790 3323 1000 3375 ὑδάτων
1051 3325 1110 3374 τό
1162 3325 1380 3394 πνεύμα
1417 3325 1752 3380 πλεονεκτεῖ,

174 3417 293 3466 Καὶ
321 3413 415 3465 τοῦ
451 3413 688 3482 φανῆναι
743 3415 842 3482 τὴν
884 3416 942 3464 ὲν
973 3414 1048 3482 τῷ
1084 3414 1323 3483 πυθμένι
1354 3415 1452 3484 τῆς
1485 3415 1758 3486 Θαλάττης

171 3509 411 3576 ἡπειρον
471 3506 675 3574 ταύτης
739 3506 1060 3576 διαστάσης,
1125 3505 1186 3558 τὸ
1247 3507 1522 3576 θαλάττης
1589 3507 1758 3576 ρυτὴν

176 3598 527 3663 ἐπιφάνειαν,
565 3598 883 3668 στερέμνιον
934 3599 1033 3651 ὅσα
1069 3601 1162 3650 καὶ
1196 3600 1423 3669 ἧπειρον
1479 3601 1754 3668 γενέσθαι,

174 3685 463 3752 θαύματος
486 3687 586 3740 οὐκ
620 3688 826 3740 ὲλὰττω
863 3689 1088 3758 φέρεται
1121 3689 1276 3753 δόξαν
1301 3707 1313 3721 ν
1345 3690 1544 3742 οϋκοῦν
1581 3709 1757 3760 προσ-

173 3777 368 3830 θετέον
417 3777 574 3831 τοῦτο
625 3781 741 3841 τοῖς
786 3770 1036 3844 παλαιοῖς
1095 3781 1460 3852 Θαυμασίοις,
1534 3784 1630 3835 καὶ
1678 3785 1759 3836 δι-

174 3871 423 3938 ηγητέον
451 3871 547 3939 οὐχ
583 3865 745 3943 ἦττον
784 3871 1034 3938 ἐκείνων,
1063 3875 1158 3926 καὶ
1177 3874 1446 3942 ὑμνητέον
1469 3876 1560 3938 ἐπὶ
1587 3875 1760 3945 τούτῳ

174 3955 409 4028 θεὸν,ᾧ
461 3962 626 4032 μηδὲν
673 3955 748 4019 ὧν
788 3963 855 4017 ἂν
904 3964 1170 4036 βούλοιτο,
1203 3965 1265 4018 τὸ
1312 3967 1578 4035 παράπαν
1625 3969 1757 4038 ἀνή-

176 4073 366 4108 νυτον.

260 4149 345 4209 ιζ’.
399 4145 538 4199 Ἀλλ’
565 4145 737 4208 οὕτως
771 4149 797 4198 ὁ
830 4145 905 4213 τῷ
941 4145 1129 4215 Πέτρῳ
1173 4144 1453 4215 σύμπλους
1477 4147 1663 4214 ὅμιλος
1692 4150 1758 4218 τῇ

176 4241 255 4306 γῇ
294 4237 798 4303 προσπελάσαντες,
827 4235 963 4297 πρὸς
1012 4237 1110 4303 τὴν
1159 4235 1445 4305 ὑπώρειαν
1491 4237 1760 4291 ἀποϐιϐά-

177 4331 372 4393 ζουσιν
405 4329 506 4381 οὐκ
535 4327 805 4397 ἀδακρυτὶ
851 4329 944 4379 τὸν
979 4327 1210 4393 γεννάδα
1232 4345 1244 4358 ·
1277 4328 1335 4390 ὃς
1372 4328 1469 4380 xui
1501 4329 1762 4384 ἀνέλαϐεν

177 4422 288 4492 ἢδη
332 4419 832 4481 καταπεπτωκότας
863 4421 951 4471 ὑπ’
997 4420 1186 4482 ἀνοίας
1223 4420 1445 4486 αὐτοὺς,
1480 4422 1762 4490 προειπὼν

1859 3262 2053 3307 ventus
2081 3252 2224 3305 enim
2254 3252 2517 3306 facilitate
2561 3259 2738 3304 motus
2762 3266 2959 3320 aquam
3023 3254 3321 3307 antecedit.
3348 3251 3453 3307 Ne-

1857 3357 1966 3412 que
2018 3357 2147 3396 vero
2209 3341 2436 3393 minoris
2490 3340 2737 3393 miraculi
2791 3337 3019 3407 gloriam
3073 3341 3258 3406 habet,
3302 3342 3451 3412 (ιιιιό

1857 3435 2022 3489 fluida
2045 3424 2216 3486 maris
2250 3431 2590 3500 superficies,
2642 3432 2672 3483 ti
2687 3448 2707 3482 r
2723 3447 2809 3484 ma
2839 3432 3085 3486 adinstar
3116 3433 3452 3488 continentis

1859 3526 2002 3580 facta
2035 3524 2140 3588 sit;
2172 3538 2333 3592 quam
2366 3523 2508 3590 quod
2540 3522 2732 3574 divisis
2764 3523 2946 3591 aquis,
2990 3523 3041 3576 in
3069 3522 3239 3578 ίῒιηηίο
3261 3524 3450 3592 maris,

1861 3618 2144 3672 continens
2181 3617 2495 3684 apparuerit
2529 3615 2846 3684 aliquando.
2887 3616 3251 3681 Quamobrem
3285 3618 3454 3672 hocce

1861 3710 2025 3765 etiam
2051 3708 2287 3776 antiquis
2317 3706 2815 3770 aunumerandum,
2843 3721 2942 3759 nec
2970 3707 3147 3760 minus
3179 3724 3342 3776 quam
3365 3709 3459 3763 illa

1862 3801 2244 3870 divulgandum
2285 3801 2435 3852 venit
2474 3797 2836 3852 miraculum:
2878 3799 2929 3851 iu
2953 3815 3128 3866 eoque
3161 3801 3324 3864 Deus,
3359 3803 3452 3871 qui

1863 3892 2127 3962 quidquid
2155 3890 2378 3947 libuerit
2404 3899 2514 3944 tam
2552 3890 2706 3945 facile
2746 3890 2982 3960 perﬁcit.
3010 3890 3220 3947 laudari
3252 3893 3447 3962 praci-

1865 3999 1967 4054 pue
1995 3984 2182 4042 debet.

1937 4153 2026 4206 l7.
2060 4151 2243 4222 Itaque
2281 4153 2372 4222 qui
2405 4169 2528 4207 cum
2581 4153 2741 4207 Petro
2787 4152 3119 4224 navigabant
3172 4164 3444 4218 vectores.

1864 4246 1987 4300 navi
2026 4254 2184 4299 terrae
2210 4243 2452 4307 admota,
2488 4244 2553 4296 ad
2605 4245 2842 4296 radicem
2889 4245 3095 4299 montis
3123 4259 3449 4315 generosum

1867 4338 2039 4392 virum
2077 4352 2183 4390 non
2231 4337 2350 4390 sine
2395 4337 2651 4405 lacrymis
2698 4334 3027 4392 dimiserunt
3067 4353 3081 4390 :
3125 4352 3263 4404 quos
3317 4339 3451 4406 ipse,

1869 4445 1978 4502 Prae
2006 4429 2231 4482 tristitia
2251 4427 2451 4481 animis
2477 4429 2848 4492 concidentes.
2870 4427 3067 4484 blande
3088 4431 3264 4485 erevit
3285 4447 3298 4495 ;
3321 4445 3456 4498 pra?

179 4515 372 4574 αὐτοῖς
405 4513 494 4564 τόν
547 4527 607 4563 τε
643 4511 811 4562 πλοῦν
864 4511 1172 4576 ἀκίνδυνον,
1214 4513 1309 4564 xui
1344 4513 1445 4582 τὴν
1500 4514 1759 4584 πρόθεσιν

1870 4522 2057 4576 dicens
2098 4519 2214 4574 fore
2271 4531 2327 4572 ut
2370 4521 2722 4588 imposlernm
2755 4536 2946 4575 secure
2975 4521 3255 4591 navigant,
3295 4533 3457 4590 atque

180 4602 453 4671 ἀνύσιμον
504 4600 670 4667 ἕξειν.
709 4603 770 4654 Οί
828 4606 924 4673 μὲν
973 4603 1068 4657 οῦν
1107 4604 1421 4657 ἐστέλλοντο
1455 4605 1575 4674 μετ’
1617 4608 1762 4672 ἀγα-

181 4697 296 4751 Θῶν
327 4695 435 4747 τῶν
477 4695 710 4749 ἐλπίδων
732 4709 746 4723 ⁸
783 4697 809 4750 ὁ
855 4697 910 4749 δὲ
963 4696 1056 4768 βίᾳ
1090 4696 1209 4765 μὲν,
1240 4697 1503 4749 ἐπέὗαινε
1532 4698 1587 4750 δὲ
1614 4699 1764 4767 ὅμως

180 4789 297 4841 τῶν
351 4787 594 4850 ἀϐάτων,
629 4791 722 4840 καὶ
782 4788 949 4856 ἀνέϐη
1016 4789 1076 4840 τὸ
1120 4788 1266 4857 ὅρος,
1316 4789 1409 4840 καὶ
1465 4789 1643 4841 εἰσέδν
1695 4789 1763 4842 τὰ.

186 4884 379 4944 ἄδντα,
407 4880 525 4951 Θεῷ
559 4882 701 4949 μόνῳ
732 4882 800 4933 τὰ
831 4879 955 4933 καθ’
994 4881 1189 4936 ἑαυτὸν
1235 4882 1559 4952 ἐπιτρέψας,
1596 4876 1638 4950 ᾧ
1671 4883 1765 4934 xui

189 4973 338 5047 μόνῳ
372 4971 730 5040 προεθυμήθη
762 4987 821 5022 τε
860 4970 954 5025 xui
1004 4971 1216 5040 ὑπέστη
1257 4973 1463 5042 ζήσειν,
1499 4973 1527 5024 ὂ
1561 4973 1656 5026 καὶ
1685 4975 1764 5036 εἰς

181 5064 338 5123 τέλος
390 5065 618 5129 ἀγαγεῖν
668 5061 1025 5126 ἐσπούδασεν,
1060 5062 1120 5114 ού
1181 5063 1342 5130 μόνον
1396 5065 1655 5126 ἀπόσιτος
1688 5064 1764 5116 ὢν

185 5156 398 5225 σχεδόν,
428 5155 538 5206 τῶν
585 5155 686 5206 ὅσα
741 5153 984 5224 πέφυκεν
1037 5154 1344 5224 ἀνθρώπων
1385 5158 1631 5225 συνέχειν
1669 5157 1767 5225 φύ-

185 5266 312 5314 σιν,
370 5251 464 5299 κα“ι
521 5246 691 5315 βραχύ
757 5265 810 5298 τι
868 5246 996 5316 παρ’
1059 5245 1326 5314 ἀγγέλους
1376 5248 1764 5317 ἡλαττωμένος

179 5341 337 5394 ’τουτὶ
363 5340 422 5392 τι,
466 5339 652 5410 μέρος,
680 5336 817 5393 ἀλλὰ
863 5339 957 5391 xui
1011 5339 1176 5408 ψύχει
1229 5339 1324 5393 καὶ
1375 5341 1617 5395 καύσωνι
1670 5344 1765 5396 καὶ

181 5434 449 5500 παγετοῖς
506 5432 602 5482 xui
651 5430 797 5500 χιόσι
847 5431 940 5484 καὶ
994 5431 1244 5501 ὄμϐροις,
1293 5431 1500 5500 γυμνός
1554 5449 1614 5484 τε
1673 5436 1764 5486 καὶ

184 5524 489 5594 ὕπαιθρος,
547 5522 593 5575 ὢ
655 5525 756 5591 τῆς
819 5524 1151 5595 καρτερίαςῐ
1218 5525 1762 5598 ταλαιπωρούμενος.

197 5615 358 5686 Ἀνὴρ
384 5615 492 5684 γὰρ
522 5614 746 5680 ἐκεῖνος,
785 5616 942 5683 εἴπερ
969 5633 1072 5679 τις,
1101 5615 1225 5669 νοῦν
1256 5615 1414 5685 ἔχων,
1461 5618 1554 5668 xui
1585 5621 1764 5679 συνε“·ς

185 5712 288 5773 τὴν
336 5709 430 5759 τοῦ
489 5707 649 5774 γηΐου
672 5708 825 5772 τοῦδε
876 5699 1254 5778 συγκρίματος
1309 5710 1492 5777 φύσιν,
1541 5709 1616 5769 ὡς
1669 5710 1764 5762 καὶ

187 5799 356 5859 αὑτὸν
391 5800 565 5874 βρίθει
611 5801 705 5854 τὸν
752 5801 898 5867 νοῦν,
950 5802 1042 5855 καὶ
1077 5802 1216 5872 πρὸς
1260 5801 1363 5872 γῆν
1398 5801 1760 5871 κατασπῶσα,

1870 4613 1937 4666 ad
1989 4611 2280 4666 terminum
2338 4611 2570 4666 feliciter
2626 4612 2968 4680 perveniant.
3004 4609 3097 4671 ΙΙΙί,
3126 4613 3312 4678 igitur,
3360 4628 3459 4682 spe

1870 4703 2008 4757 bona
2038 4703 2203 4772 pleni,
2231 4714 2468 4772 coeptum
2503 4705 2608 4757 iter
2655 4712 3062 4772 prosequuntur
3100 4720 3116 4760 :
3145 4703 3263 4773 ipse
3299 4719 3452 4772 vero,

1869 4809 2068 4863 magno
2107 4795 2325 4864 quidem
2355 4796 2540 4849 labore
2565 4834 2580 4860 ,
2613 4795 2710 4849 sed
2741 4807 2921 4850 tamen
2951 4796 3224 4850 contendit
3251 4811 3347 4865 per
3375 4795 3460 4853 in-

1868 4884 1952 4938 via
1985 4883 2228 4938 lucorum
2252 4923 2266 4947 ,
2303 4887 2624 4960 conscendit
2657 4894 2893 4939 montem
2917 4926 2932 4948 ,
2973 4886 3250 4946 inaccessa
3292 4901 3458 4963 pene-

1871 4986 2001 5040 trat,
2041 4979 2138 5032 soli
2191 4979 2298 5031 Deo
2351 4991 2408 5030 se
2447 4993 2655 5045 suaque
2694 4977 3078 5043 committens;
3113 4981 3196 5032 cui
3252 4979 3460 5047 pariter

1869 5067 1971 5120 soli
1996 5068 2176 5122 vivere
2200 5075 2534 5140 "tnaguopere
2563 5069 2816 5136 cupiebat
2843 5107 2858 5135 ,
2895 5085 2958 5123 ac
2996 5069 3265 5122 victurum
3300 5071 3459 5138 polli~

1872 5159 2013 5211 citus
2043 5160 2240 5213 fuerat.
2276 5157 2388 5218 lloc
2414 5170 2593 5213 autem
2634 5161 2806 5228 ipsum
2837 5160 3079 5219 studiose
3129 5164 3194 5213 ad
3247 5161 3454 5218 exitum

1871 5251 2143 5323 perduxit,
2195 5266 2299 5304 non
2353 5253 2513 5304 modo
2571 5251 2854 5305 abstinens
2913 5252 2981 5304 ab
3041 5251 3294 5305 ()IIIIIllJIlS
3342 5253 3458 5307 fere

1870 5343 2124 5413 cibis,qui
2164 5344 2452 5396 humanam
2485 5353 2796 5399 sustentare
2854 5351 3104 5399 naturam
3163 5357 3458 5397 consueve-

1871 5444 2014 5500 runt,
2043 5434 2221 5488 factus
2247 5437 2348 5489 hac
2377 5444 2530 5504 parte
2561 5433 2719 5504 paulo
2754 5434 2982 5490 inferior
3009 5434 3242 5503 angelis;
3264 5449 3455 5490 verum

1868 5527 2033 5580 etiam
2068 5526 2255 5598 frigus,
2295 5538 2511 5591 aestum,
2545 5528 2806 5596 glaciem,
2833 5528 2983 5581 nives
3021 5544 3081 5579 ac
3122 5527 3325 5580 imbres
3356 5541 3457 5579 nuo

1877 5616 2000 5679 dus,
2044 5617 2145 5669 sub
2184 5617 2272 5669 dio
2304 5621 2356 5686 (ο
2379 5617 2755 5672 tolerantiam!
2786 5619 2804 5687 )
2834 5621 3151 5672 constanter
3181 5616 3326 5669 tulit.
3355 5615 3452 5670 Vir

1868 5706 2067 5774 quippe
2105 5719 2242 5773 erat,
2272 5713 2316 5761 sl
2355 5709 2474 5776 quis
2513 5710 2650 5763 alius
2679 5751 2691 5773 ,
2745 5711 3027 5777 perspicax
3057 5725 3071 5773 ;
3107 5714 3272 5775 atque
3295 5706 3454 5762 intel-

1871 5798 2089 5869 figebat,
2141 5801 2413 5867 quomodo
2450 5809 2681 5856 terrena:
2729 5799 2890 5870 hujus
2935 5797 3306 5856 concrctionis
3342 5811 3449 5854 tut:-
