4106 6328
143 417 278 484 1057

1241 414 1332 473 DE
1381 415 1727 505 nexum
1775 413 2299 487 QUlETUDlNE.

3257 406 3396 472 1038

142 527 510 594 νυμφοστόλος
534 526 626 582 τοῦ
671 529 1039 599 πνευματικοῦ
1074 529 1379 598 νυμφῶνος.
1403 529 1610 581 Οὐκοῦν
1638 528 1696 580 οὐ

1817 532 2066 587 remissio
2122 529 2478 585 concedatur.
2537 527 2922 581 Verumtamen
2965 530 3021 579 et
3074 523 3396 594 conjt‘tgatos

140 616 459 685 διαζυγῆναι
514 619 846 672 κινδυνεύσει
884 621 1062 689 μόνον,
1084 620 1219 673 ἀλλά
1262 622 1355 672 καὶ
1387 622 1466 681 είς
1502 619 1701 689 ἔχθραν

140 710 239 762 τοῦ
266 710 635 778 ύπερκοσμίου
672 710 903 780 νυμφίου
935 712 1289 781 καταστῆναι.
1326 713 1433 765 Καὶ
1462 711 1535 781 μὴ
1570 710 1701 763 θαυ-

144 799 345 866 μάσῃς,
375 798 496 867 μηδ’
547 782 793 870 ἀνιαθῇς,
836 802 884 853 εί
936 803 1056 863 ταῖς
1093 802 1189 871 μὲν
1212 802 1267 853 ὲν
1293 799 1520 867 συζυγίᾳ
1553 799 1702 870 παρὰ

138 878 240 954 τῆς
261 886 481 955 Γραφῆς
510 887 712 958 μέμψις
756 888 817 941 ού
860 890 1207 958 προσγίνεται
1241 886 1610 960 μεριμνώσαις
1635 887 1705 938 τὰ

136 974 233 1027 τοῦ
277 975 505 1046 κόσμου,
546 978 659 1029 ἀλλ’
689 978 749 1030 οὐ
794 978 859 1031 τὰ
899 979 991 1033 τοῦ
1037 980 1261 1050 Κυρίου.
1315 980 1446 1041 Ταῖς
1498 977 1556 1030 δὲ
1608 976 1703 1045 τὴν

140 1068 439 1137 παρθενίαν
492 1069 985 1139 ὲπαγγειλαμέναις
1037 1071 1114 1139 τῷ
1160 1071 1299 1142 Θεῷ,
1351 1070 1448 1122 καὶ
1506 1069 1702 1139 ψαύειν

137 1159 274 1222 ὅλως
326 1160 433 1213 τῶν
486 1162 543 1214 ὲν
574 1163 765 1233 κόσμῳ
795 1164 1186 1233 ἀπηγόρευται,
1211 1164 1309 1215 καὶ
1351 1163 1448 1231 ζῇν
1482 1162 1617 1222 ὅλως
1645 1161 1703 1212 ὲν

136 1249 319 1301 ἀνέσει
341 1249 440 1302 οὐκ
460 1251 693 1320 ἐφεῖται.
734 1254 923 1305 Καίτοι
956 1254 1174 1314 καὶτοῖς
1197 1254 1254 1303 ἐν
1285 1249 1515 1321 συζυγίᾳ
1538 1265 1703 1318 προσ-

136 1342 308 1407 φωνεῖ
341 1341 581 1405 Παῦλοςο
628 1361 648 1393 ι
697 1342 755 1396 Ὀ
789 1344 976 1412 καιρὸς
1024 1341 1451 1411 συνεσταλμένος
1493 1339 1554 1393 τὸ
1589 1339 1700 1391 λοιο

134 1433 236 1485 πόν
266 1434 437 1495 ἐστιν,
468 1433 555 1486 ἵνα
595 1434 690 1487 καὶ
714 1434 762 1487 οί
784 1433 998 1503 ἔχοντες
1034 1434 1317 1502 γυναῖκας,
1342 1433 1416 1494 ὡς
1447 1430 1521 1502 μὴ
1549 1430 1700 1500 ἔχον-

133 1541 227 1587 τες
253 1519 375 1587 ὦσι,
406 1526 498 1577 καὶ
551 1526 601 1577 οί
658 1525 929 1594 χρώμενοι
960 1525 1038 1592 τῷ
1072 1525 1260 1594 κόσμῳ
1304 1523 1495 1590 τούτῳ,
1526 1523 1601 1585 ὡς
1628 1520 1701 1591 μὴ

1812 624 1893 677 sic
1920 622 2117 675 affatur
2153 620 2358 683 Paulus
2394 636 2408 674 :
2441 637 2459 671 t
2508 619 2743 685 Tempus
2774 618 2940 671 breve
2965 625 3085 670 est:
3122 616 3393 683 reliquum

1812 723 1917 777 est,
1948 724 2003 767 ιιι
2034 724 2091 768 et
2127 713 2217 778 qui
2263 712 2463 767 habent
2498 725 2716 775 uxores,
2751 718 3009 777 tanquam
3045 722 3152 760 non
3192 707 3401 760 habena

1813 815 1896 861 tes
1929 806 2066 868 sint,
2096 814 2150 860 et
2179 806 2271 875 qui
2307 814 2531 858 utuntur
2578 804 2679 856 ltoc
2723 802 2943 863 mundo,
2978 810 3234 868 tanquam
3288 812 3401 850 non
3456 792 3459 795 ’

1812 908 2039 953 utantur
2094 899 2158 952 ".
2202 916 2220 949 ι
2281 895 2437 963 Quod
2479 895 2750 950 dillicilins
2805 910 2905 963 ego
2958 891 3195 947 arbitror
3228 905 3391 958 qnam

1812 1005 2036 1046 servare
2076 989 2468 1064 virginitatem.
2519 985 2652 1040 Nam
2696 984 2963 1055 jejunium
3026 981 3239 1035 facilius
3273 990 3404 1033 esse'

1811 1097 1974 1151 quam
2005 1081 2112 1135 cibi
2157 1088 2424 1150 potusque
2462 1079 2877 1148 temperantiam
2914 1077 3071 1130 docet
3104 1072 3391 1140 experien-

1811 1169 1911 1223 tia.
1955 1167 2159 1221 Forsan
2216 1168 2414 1236 aliqnis
2458 1179 2604 1223 recte
2654 1176 2707 1220 et
2760 1181 2886 1220 vere
2936 1163 3155 1225 dixerit,
3186 1161 3237 1216 si
3270 1159 3401 1226 quis

1812 1258 1946 1313 nolit
1975 1259 2195 1321 salvari,
2218 1259 2423 1315 nullum
2452 1275 2549 1313 nos
2566 1259 2632 1312 ad
2666 1258 2811 1311 hunc
2837 1257 3036 1309 habere
3061 1266 3391 1313 sermonem,

1811 1350 1857 1404 si
1891 1349 1976 1403 cui
2010 1364 2137 1403 vero
2166 1366 2293 1405 cura
2331 1361 2413 1404 est
2455 1350 2522 1404 de
2559 1366 2655 1401 sua
2690 1350 2884 1411 salute,
2910 1349 3046 1400 sciat
3075 1346 3160 1397 hic
3192 1352 3391 1396 statum

1810 1441 2140 1510 virginitatis
2169 1443 2435 1511 conjugali
2485 1443 2650 1494 multo
2694 1441 2969 1493 utiliorem
3002 1450 3127 1491 esse
3158 1445 3211 1489 et
3256 1434 3403 1489 facie

1810 1530 2030 1588 liorem.

135 1605 579 1675 καταχρώμενοι.
620 1620 639 1655 ι
676 1603 743 1655 ’0
771 1600 865 1655 τοῦ
896 1601 1038 1655 κατά
1066 1599 1166 1671 τὴν
1198 1598 1509 1669 παρθενίαν
1541 1598 1750 1665 ἀγῶνος
1784 1595 2256 1665 δυσανυστότερον
2301 1596 2413 1663 εγω
2436 1596 2665 1666 νομίζω.
2697 1595 2809 1649 Καὶ
2840 1596 2942 1658 τὴν
2971 1598 3224 1664 νηστείαν
3260 1600 3396 1663 γὰρ.

133 1704 234 1771 τῆς
266 1702 395 1771 περὶ
422 1700 633 1770 τρυφὴν
661 1699 755 1753 καὶ
778 1697 939 1750 πόσιν
963 1693 1311 1766 ἐγκρατείας,
1340 1689 1737 1761 εὐχερεστέραν
1758 1689 2039 1742 δείκνυσιν
2066 1688 2099 1759 ἠ
2126 1690 2315 1757 πεῖρα.
2348 1688 2455 1741 Καὶ
2476 1689 2609 1758 φαίη
2639 1689 2705 1743 ἄν
2729 1706 2811 1752 τις
2826 1688 3038 1757 δίκαια,
3071 1693 3163 1743 καὶ
3180 1687 3355 1759 ἀληθῇ

132 1794 207 1855 ὼς
251 1794 301 1845 εί
339 1793 437 1861 μὲν
472 1792 546 1862 μὴ
569 1792 745 1845 ἓλοιτό
780 1807 864 1854 τις
894 1776 1189 1855 σώζεσθαι,
1219 1788 1379 1853 λόγος
1411 1784 1549 1856 πρὸς
1572 1785 1736 1837 αὑτὸν
1769 1785 1899 1856 ημῖν
1928 1784 2127 1847 οὐδεῖς.
2166 1783 2228 1836 Εἰ
2261 1784 2319 1837 δέ
2364 1800 2470 1835 τινι
2515 1783 2801 1853 μέλει-τῆς
2849 1782 3062 1846 οίκείας
3093 1785 3412 1846 σωτηρίας..

133 1888 291 1949 οὗτος
323 1886 457 1941 ῐστω
481 1886 573 1939 τὸν
608 1888 668 1939 ὲν
706 1885 976 1956 παρθενίᾳ
1008 1885 1124 1955 βίον
1151 1882 1328 1950 πολλῷ
1358 1880 1453 1935 τοῦ
1492 1881 1719 1950 μιγὰδος
1750 1880 2167 1949 ἀνυσιμώτερον
2198 1880 2327 1933 ὄντα
2352 1880 2447 1933 καὶ
2471 1880 2837 1947 ἀπονώτερον.

214 1970 375 2023 Ἀλλά
400 1972 572 2023 ταῦτα
601 1970 699 2039 μὲν
727 1970 973 2038 ἀφῶμεν,
1017 1971 1191 2021 έκεῖνο
1215 1969 1269 2021 δὲ
1294 1968 1386 2021 ἐπὶ
1411 1967 1536 2021 νοῦν
1564 1967 1695 2020 λάϐε

132 2080 249 2133 μοι,
280 2060 535 2132 παρθένε,
569 2062 755 2131 νύμφη
794 2060 1051 2130 Χριστοῦ,
1087 2060 1271 2129 κλῆμα
1308 2059 1407 2128 τῆς
1448 2057 1693 2127 ἀμπέλου

127 2156 231 2222 τῆς
251 2152 419 2221 ζωῆς,
439 2152 576 2220 ὅπερ
595 2152 848 2222 ἀνωτέρω
868 2149 1101 2222 εἴρηται.
1127 2150 1264 2219 Φησὶ
1286 2149 1393 2219 γὰρ
1422 2148 1451 2200 6
1468 2147 1692 2218 Κύριος

134 2262 153 2295 ι
205 2244 347 2310 Ἐγώ
371 2244 486 2313 ειμι
512 2242 545 2312 ἡ
574 2241 839 2313 ἄμπελος,
875 2243 1030 2310 ὑμεῖς
1054 2241 1123 2294 τὰ
1149 2241 1423 2311 κλήματα,
1449 2239 1477 2290 6
1504 2238 1695 2307 Πατήρ

128 2354 238 2408 μου
266 2339 295 2390 6
322 2336 565 2407 γεωργός
591 2338 727 2388 ἐστι.
756 2336 871 2388 Πᾶν
899 2333 1081 2403 κλῆμα
1118 2336 1175 2387 ὲν
1219 2334 1341 2401 ἔμοι
1365 2330 1575 2401 καρπὸν
1602 2329 1694 2398 φέο

127 2444 245 2499 ρον,
306 2425 561 2497 καθαίρει
613 2425 769 2489 αὐτὸ,
817 2425 906 2478 ἵνα
961 2422 1181 2477 πλείονα
1227 2421 1437 2493 καρπδν
1472 2421 1633 2492 φέρῃ.
1669 2438 1687 2471 ι

122 2522 340 2590 Δεῖγμα
358 2518 537 2572 τοίνυν
565 2517 716 2570 ποιοῦ
740 2516 839 2586 τὴν
872 2516 998 2586 περὶ
1030 2514 1088 2567 σὲ
1121 2512 1323 2580 ταύτην
1352 2512 1692 2581 ἐπιμέλειαν,

121 2610 224 2665 τοῦ
281 2610 381 2677 τῆς
429 2607 725 2678 παρθενίας
779 2623 873 2659 σου
926 2604 1159 2674 καρποῦ,
1205 2604 1297 2656 καὶ
1340 2602 1431 2657 τοῦ
1476 2603 1611 2672 πρὸς
1636 2604 1694 2654 σὲ

121 2704 353 2773 φίλτρου
384 2701 479 2754 τοῦ
527 2699 783 2769 νυμφίου.
818 2692 927 2751 Καὶ
957 2699 1112 2766 χαῖρε
1148 2696 1367 2765 μᾶλλον,
1400 2696 1495 2749 καὶ
1542 2696 1693 2747 ἀντι-

122 2793 413 2865 φιλοτιμοῦ
462 2791 560 2862 τὴν
605 2791 743 2862 ,πρὸς
782 2788 942 2841 αὐτὸν
969 2786 1294 2841 εὐπείθειαν.
1354 2786 1564 2848 Ἀλλως
1592 2802 1652 2837 τε

121 2888 222 2939 καὶ
277 2882 475 2955 χρυσὸς
529 2882 627 2950 μὲν
669 2879 904 2951 χαλκοῦν
953 2895 1006 2931 τι
1065 2878 1337 2948 συμμιγὲς
1379 2877 1689 2947 δεξάμενος,

118 2975 381 3045 κίϐδηλος
430 2974 689 3039 καλεῖται,
780 2972 978 3042 χαλκὸς
1028 2970 1083 3023 δὲ
1144 2969 1435 3040 περιτακὲν
1498 2968 1694 3038 ψῆγμα

116 3069 417 3139 δεξάμενος
438 3067 663 3138 χρυσοῦ,
687 3065 1063 3137 λαμπρότερος
1113 3063 1307 3117 ἑαυτοῦ
1332 3066 1579 3132 φανεῖται
1604 3065 1695 3116 καὶ

120 3160 505 3229 στιλπνότερος
584 3157 724 3211 οὕτω
771 3156 830 3209 σὲ
863 3155 965 3226 μὲν
996 3155 1091 3209 καὶ
1136 3154 1202 3209 τά
1230 3154 1297 3207 σὰ
1342 3154 1527 3208 ποθεῖν
1554 3154 1695 3205 ὲκεί-

1903 1958 2009 2013 Sed
2054 1959 2171 2013 haec
2227 1963 2620 2029 relinquamus.
2667 1961 2798 2014 lllttd
2834 1971 3013 2014 autem
3064 1966 3116 2015 in
3167 1970 3417 2015 mentem:

1831 2048 2012 2121 inﬁge,
2035 2052 2186 2120 virgo
2214 2050 2419 2106 Christi
2448 2067 2669 2121 sponsa,
2702 2056 2846 2122 quod
2876 2068 3037 2122 supra
3068 2055 3272 2107 dictum
3297 2064 3415 2109 este

1827 2143 1919 2197 Ait
1945 2145 2087 2197 enim
2118 2145 2381 2201 Dominus
2413 2160 2433 2200 ι
2459 2163 2478 2196 ι
2518 2144 2628 2214 Egit
2661 2160 2781 2199 sum
2815 2146 2961 2209 vitis,
2994 2159 3093 2197 vos
3131 2144 3415 2212 palmites,

1827 2240 1883 2285 et
1951 2232 2121 2294 Pater:
2150 2248 2306 2287 meus
2330 2234 2569 2302 agricola
2605 2245 2711 2288 est.
2746 2232 2976 2288 Omnem
3034 2232 3403 2309 palmitem/in

1826 2336 1916 2375 me
1970 2323 2233 2377 ferentem
2285 2323 2548 2387 fructum,
2577 2323 2831 2394 purgabit
2878 2339 3026 2388 eum,
3059 2333 3118 2378 ιιι
3165 2323 3401 2380 fructum

1824 2411 1946 2479 plus
1982 2412 2174 2467 atterat
2200 2412 2267 2468 ".
2318 2432 2337 2467 ι
2370 2413 2519 2487 llapc
2557 2419 2623 2467 de
2654 2424 2705 2468 te
2737 2429 2924 2469 curam
2960 2415 3097 2468 habe
3129 2423 3188 2468 ut
3223 2416 3421 2483 Specie

1825 2517 1946 2556 men
1981 2502 2192 2558 fruetus
2226 2513 2332 2558 tum
2364 2505 2710 2576 virginitatis,
2730 2514 2785 2559 et
2807 2508 2990 2574 sponsi
3017 2521 3144 2576 erga
3172 2518 3223 2560 te
3252 2524 3419 2560 anton-

1825 2595 1939 2661 ris;
1971 2606 2023 2650 et
2057 2598 2268 2651 exsulta
2334 2600 2523 2666 magis,
2546 2608 2595 2653 et
2628 2600 2862 2653 retribue
2890 2600 2941 2653 iit
2973 2615 3093 2654 enin
3124 2600 3415 2654 c’onﬁdenw

1824 2685 1973 2739 tiam.
2017 2686 2173 2739 Aliud
2227 2688 2444 2744 dicant:
2479 2704 2670 2742 aurum
2713 2689 2932 2759 quidem
2964 2705 3070 2744 tere
3105 2692 3275 2745 ascito
3305 2694 3422 2743 ιιιιδιλ

1831 2786 2002 2843 stum,
2050 2778 2376 2837 adulterium
2456 2794 2724 2847 vocatur;
2767 2796 2841 2835 aes
2888 2796 3018 2835 vero
3072 2774 3419 2836 circumfusa-

1820 2864 2670 2934 lamina-bracteatum,nitidius
2718 2872 2896 2940 seipso
2943 2872 3419 2942 videturetiulgl-~

1818 2958 1965 3012 dius.
1997 2959 2089 3014 Sic
2146 2968 2197 3015 te
2246 2962 2487 3030 quidem,
2517 2964 2690 3032 virgo,
2729 2974 2784 3019 et
2816 2973 2904 3017 tua
2951 2966 3304 3031 desiderare;
3332 2966 3400 3019 iis

1817 3067 1939 3116 qua:
1970 3065 2074 3105 non
2118 3062 2245 3107 sunt
2298 3054 2556 3122 virgines,
2587 3057 2760 3125 gloria
2793 3066 2880 3112 est
2911 3074 2927 3124 ;
2960 3062 3062 3113 bas
3094 3072 3225 3112 vero
3259 3060 3401 3111 desi-

1817 3144 2030 3208 derare,
2060 3144 2154 3198 tibi
2191 3145 2429 3201 dedecus
2452 3147 2649 3202 aﬂert:
2681 3165 2803 3202 nam
2835 3161 2889 3204 te
2934 3152 3262 3204 desiderium
3314 3165 3401 3203 re-

118 3269 267 3317 ναις,
322 3245 368 3304 ὦ
421 3248 680 3319 παρθένε,
713 3248 831 3309 ταῖς
860 3247 934 3316 μὴ
975 3247 1286 3316 παρθένοις,
1321 3244 1449 3309 δόξα
1523 3248 1605 3299 σοι
1641 3246 1695 3298 δὲ

1816 3236 1979 3288 trahit
2008 3238 2075 3289 ad
2130 3238 2415 3303 mundum,
2454 3249 2562 3292 tum
2601 3240 2727 3310 quia
2767 3236 3093 3311 respectum
3124 3243 3295 3298 habes
3330 3244 3396 3295 ad

116 3344 350 3414 ἀτιμίαν
397 3342 550 3413 φέρει
587 3340 770 3393 ποθεῖν
810 3338 1034 3401 ὲκείνας
1126 3338 1448 3407 ἐπιστρέφει
1481 3339 1588 3407 γάρ
1634 3355 1691 3388 σε

119 3435 291 3489 πάλιν
321 3435 350 3487 6
380 3432 543 3494 πόθος
569 3434 646 3493 εἰς
677 3431 769 3485 τὸν
801 3430 1001 3500 κόσμον
1093 3429 1250 3483 τοῦτο
1281 3429 1399 3499 μὲν,
1436 3430 1511 3492 ὼς
1560 3429 1696 3498 πρὸς

117 3524 253 3586 τοὺς
281 3524 339 3576 ἐν
363 3522 552 3591 κόσμῳ
586 3520 790 3583 ζῶντας
820 3518 1002 3589 σχέσιν
1040 3518 1285 3587 ἔχουσαν,
1315 3518 1407 3570 καὶ
1445 3518 1694 3581 συξῶσαν

118 3613 359 3675 ἐκείνοις
408 3612 506 3679 τὴν
543 3609 623 3679 τῷ
674 3609 864 3679 κόσμῳ
909 3608 1175 3662 θανοῦσαν
1266 3610 1425 3662 τοῦτο
1472 3610 1566 3674 δὲ,
1620 3610 1693 3673 ὡς

118 3704 408 3774 προσεῖναι
436 3698 643 3762 τούτοις
673 3699 1022 3768 βουλομένην,
1049 3699 1084 3752 ἃ.
1110 3700 1199 3751 καὶ
1226 3699 1381 3751 αὐτοὶ
1434 3698 1692 3767 βούλοιντ’

114 3794 211 3859 ἂν,
255 3792 487 3851 ἑαυτοῖς,
524 3790 754 3853 καὶτοῖς
790 3789 1107 3857 συγγενέσιν
1152 3791 1356 3843 ἑαυτῶν
1381 3807 1393 3822 ·
1439 3792 1692 3859 εὐθηνίαν

115 3883 394 3938 παντοίων
413 3880 523 3933 τῶν
556 3882 695 3934 κατὰ
724 3880 818 3934 τὸν
871 3880 1004 3950 βίον,
1036 3880 1286 3945 πλοῦτον,
1312 3883 1687 3951 περιφάνειαν,

112 3975 303 4040 δόξαν,
338 3972 429 4026 καὶ
453 3971 551 4042 τὴν
579 3972 671 4025 ἐπὶ
691 3972 899 4036 τούτοις
930 3971 1195 4041 εὐθυμίαν
1253 3974 1345 4025 καὶ
1382 3972 1524 4025 οὕτω
1555 3989 1690 4042 συμο

114 4060 350 4130 ϐήσεται
377 4076 482 4125 σοι,
511 4058 604 4111 τοῦ
641 4058 974 4130 βουλήματος
1007 4059 1101 4113 τοῦ
1138 4060 1231 4113 σοῦ
1259 4062 1492 4131 νυμφίου
1523 4064 1690 4117 ὲκπε-
1724 4074 1729 4075 ⁷

115 4151 257 4202 σεῖν.
283 4148 467 4202 Ταῦτα
498 4148 603 4216 γὰρ
630 4147 807 4201 πάντα
854 4147 1065 4217 τρανῶς
1110 4151 1314 4211 ἐκεῖνος
1347 4151 1404 4201 ἐν
1444 4150 1687 4217 Εὑαγγε-

111 4240 253 4302 λίοις
277 4234 573 4300 ταλανίζει,
601 4236 775 4305 λέγων
794 4253 808 4267 ·
844 4254 861 4287 ι
897 4238 1033 4290 Ούαδ⁹
1056 4240 1104 4290 οἰ
1137 4238 1492 4302 πλουτοῦντες
1511 4241 1532 4293 ί
1568 4242 1689 4292 οὐαὶ

111 4332 166 4384 οί
189 4330 456 4398 γελῶντες
480 4330 494 4382 l
527 4328 648 4380 οιαὶ
660 4329 707 4380 οί
732 4328 1177 4397 ἐμπεπλησμένοι
1196 4330 1207 4381 !
1227 4331 1347 4380 οὐαὶ
1366 4329 1493 4382 ὅταν
1510 4330 1688 4392 καλῶς

112 4424 267 4493 ὑμᾶς
288 4422 483 4475 εἴπωσι
505 4421 704 4483 πάντες
752 4422 801 4472 οί
853 4420 1160 4488 ἀνθρωποιί
1195 4440 1213 4472 ι
1250 4422 1370 4484 Πῶς
1398 4422 1491 4475 οῦν
1524 4424 1687 4474 ταλα-

110 4515 256 4578 νίζει
284 4508 547 4577 ¹τούτουςς
580 4511 692 4580 Οὐχ
738 4510 813 4574 ὡς
851 4511 950 4581 τὴν
994 4511 1170 4581 ψυχὴν
1214 4514 1687 4582 νενεκρωμένους;

112 4604 213 4667 Τίς
262 4598 357 4656 οῦν
404 4603 472 4671 τῇ
520 4600 703 4671 νύμφῃ
731 4601 829 4671 τῆς
861 4600 1006 4670 ζωῆς
1053 4602 1339 4669 συγγένεια
1390 4602 1526 4673 πρὸς
1565 4604 1688 4665 τοὺς

114 4694 346 4764 νεκρούς
373 4680 399 4758 ;Δ
418 4694 500 4755 τίς
530 4692 796 4761 συνάφεια
822 4694 935 4756 τοῖς
979 4694 1076 4756 τὰς
1107 4695 1355 4756 ἐναντίας
1380 4692 1691 4763 βαδίζουσιν

114 4783 307 4851 όόούς;
342 4783 579 4835 Πλατεῖα
609 4781 717 4850 γὰρ
759 4782 853 4835 καὶ
904 4781 1232 4852 εὐρύχωρος,
1272 4783 1337 4834 δι’
1384 4778 1451 4853 ἦς
1493 4786 1690 4842 ἐκεῖνοι

115 4878 377 4948 φέρονται
440 4873 545 4928 κᾶν
588 4875 661 4945 μὴ
722 4875 1221 4946 παρακατάσχωσιν
1272 4876 1519 4939 ἑαυτοὺς,
1582 4876 1691 4930 τῶν

116 4966 229 5019 σῶν
252 4981 306 5017 τι
342 4962 615 5032 μίξαντες,
645 4962 1000 5016 ἐκπεσοῦνται
1031 4963 1228 5025 τελέως
1264 4966 1342 5025 είς
1372 4964 1646 5017 ἀπώλειαν

128 5060 196 5112 σὺ
221 5059 277 5111 δὲ
308 5058 395 5112 διὰ
439 5060 536 5128 τῆς
586 5060 776 5130 στενῆς
823 5064 916 5114 καὶ
969 5062 1335 5133 τεθλιμμένης
1381 5065 1555 5136 πύλης
1605 5066 1700 5119 καί

123 5146 251 5202 ὁδοῦ
279 5148 413 5215 πρὸς
457 5148 555 5218 τὴν
603 5151 747 5219 ζωὴν
797 5153 1040 5222 είσέρχῃ.
1081 5153 1178 5206 Διά
1208 5153 1401 5223 στενῆς
1434 5154 1491 5207 δὲ
1530 5154 1703 5223 πύλης

126 5238 226 5289 καὶ
254 5237 394 5304 ὀδοῦ,
428 5239 528 5292 οὐκ
552 5239 715 5307 ὄγκον
752 5239 931 5311 δόξης,
972 5242 1068 5312 οὐχ
1116 5242 1306 5312 ἡδονῆς
1334 5244 1599 5313 διάχυσιν,
1642 5246 1702 5297 οὐ

131 5327 335 5396 φόρτον
374 5328 671 5409 χρημάτων
719 5330 813 5383 καὶ⁵
868 5331 1164 5401 κτημάτων
1214 5332 1542 5402 ἀναθέμενός
1596 5352 1700 5397 τις,

128 5418 325 5472 διιέναι
377 5418 576 5474 δύναιτ’
630 5421 698 5476 ἄν
786 5423 921 5476 ἀλλὰ
972 5424 1046 5494 μὴ
1096 5425 1357 5479 πλατεῖαν
1401 5427 1701 5489 ἀκούσασα,

128 5511 353 5581 ἐκείνην
374 5511 472 5583 τὴν
508 5513 626 5569 ὁδὸν
657 5513 752 5568 τοῦ
803 5514 942 5585 βίου,
984 5516 1187 5570 ἄλυπον
1217 5517 1380 5587 ἡγοῦ·
1430 5518 1705 5587 πολυσυμ·

131 5602 424 5673 φορωτάτη
485 5604 594 5677 γάρ
650 5607 766 5661 ἔστι
826 5608 920 5662 καὶ
958 5608 1523 5680 βαρυσυμφορωτάτη.
1566 5612 1704 5662 Πλα-

1816 3326 2058 3382 viventes
2098 3328 2150 3382 in
2212 3331 2434 3397 mundo,
2460 3341 2513 3385 et
2546 3348 2668 3386 cum
2700 3333 2782 3387 eis
2828 3335 2988 3396 vivis,
3022 3335 3147 3389 licet
3197 3336 3400 3387 mundo

1812 3426 2066 3483 mortua;
2102 3427 2211 3471 tum
2245 3419 2369 3488 quia
2407 3421 2597 3475 eadem
2635 3422 2716 3477 eis
2750 3432 2926 3491 optas,
2954 3438 3075 3493 qua:
3118 3425 3218 3493 ipsi
3267 3426 3403 3479 sibi-

1820 3516 1931 3562 tnet
1985 3510 2205 3580 suisque
2242 3514 2488 3582 cognatis
2522 3524 2733 3583 optant,
2778 3532 2973 3586 nempe
3030 3517 3398 3571 omnimodatn

1813 3600 1937 3653 vita:
1971 3603 2412 3670 prosperitatem,
2453 3604 2698 3667 divitias,
2743 3606 3027 3673 honorem,
3067 3608 3317 3677 gloriam,
3348 3621 3403 3661 et

1812 3691 1865 3742 in
1920 3691 2005 3746 his
2049 3692 2314 3761 laetitiam,
2346 3704 2401 3749 et
2458 3696 2537 3750 sic
2590 3697 2687 3752 tibi
2746 3699 2957 3752 accidet
3009 3710 3067 3753 ut
3124 3701 3401 3755 voluntate

1810 3786 1995 3851 sponsi
2028 3788 2267 3841 excidas.
2295 3787 2419 3843 Haec
2454 3791 2597 3843 enim
2638 3792 2824 3845 omnia
2861 3792 2954 3846 ille
3018 3794 3073 3847 in
3106 3795 3405 3864 Evangelii»

1810 3872 1960 3929 clare
1993 3875 2299 3943 infelicitat,
2333 3879 2522 3933 dicens
2556 3896 2571 3935 :
2607 3899 2626 3932 ι
2666 3880 2757 3935 Vae
2784 3884 2941 3937 vobis
2978 3884 3241 3940 divitibus
3273 3886 3286 3939 ι
3321 3903 3407 3939 v.1:

1812 3966 1973 4021 vobis
2008 3965 2100 4036 qui
2136 3968 2374 4024 videtis!
2413 3987 2491 4025 vae
2519 3971 2675 4028 vobis
2723 3973 2813 4041 qui
2858 3975 3086 4029 saturati
3118 3977 3294 4032 estisl
3326 3993 3407 4030 va:

1811 4072 1933 4110 cum
1956 4057 2330 4114 benedixerint
2350 4062 2502 4117 vobis
2526 4079 2712 4118 omnes
2739 4064 3024 4119 homines!
3059 4084 3077 4117 ι
3109 4065 3398 4133 Quomodo

1814 4150 1976 4218 igitur
2028 4151 2126 4205 hos
2178 4152 2311 4207 dicit
2363 4153 2654 4210 infelices?
2688 4155 2876 4211 Nonne
2918 4168 3176 4227 tanquam
3216 4160 3404 4211 anitum

1814 4252 2055 4297 mortuos
2082 4243 2105 4294 ?
2132 4242 2265 4309 Quae
2305 4244 2469 4313 igitur
2495 4262 2706 4313 sponsae
2740 4249 3089 4319 participatio
3127 4251 3249 4304 vitae
3277 4264 3403 4304 cuin

1813 4335 2046 4387 mortuis
2074 4334 2094 4385 ?
2130 4336 2233 4388 Aut
2274 4351 2395 4405 quae
2429 4339 2662 4394 societas
2696 4341 2763 4395 ad
2811 4343 3087 4396 contraria
3116 4342 3397 4397 ambulan-

1815 4430 1895 4475 tes
1914 4424 1995 4475 via
2027 4424 2115 4477 "?
2150 4424 2282 4480 Nam
2316 4428 2422 4482 lata
2448 4438 2502 4483 et
2529 4432 2765 4497 spatiosa
2798 4434 2882 4488 via
2905 4444 2989 4488 est
3013 4434 3391 4503 '°,[~,uaittce-

1814 4517 1948 4567 dunt
1980 4532 1997 4582 ;
2031 4527 2084 4571 et
2120 4518 2221 4572 nisi
2285 4520 2471 4588 pedem
2505 4522 2727 4587 sistant,
2762 4533 2819 4579 et
2874 4526 3005 4593 quid
3052 4526 3117 4580 de
3160 4527 3268 4582 tuis
3294 4528 3403 4581 sibi

1816 4607 2175 4675 admisceant,
2204 4612 2443 4668 incident
2498 4614 2741 4684 profecto
2793 4616 2846 4669 in
2902 4616 3286 4683 perditionem,
3344 4629 3402 4671 tu

1815 4712 1946 4753 vero
1978 4715 2074 4768 per
2104 4712 2390 4773 angustam
2444 4717 2656 4775 portam
2687 4716 2742 4762 et
2771 4716 2976 4763 arctam
3031 4708 3170 4762 viam
3225 4709 3401 4763 intras

1814 4790 1883 4845 ad
1928 4792 2116 4846 vitam.
2167 4792 2271 4849 Per
2324 4804 2607 4865 angustam
2669 4809 2848 4852 autem
2902 4806 3119 4868 portam
3169 4809 3225 4855 et
3257 4802 3400 4855 viam

1816 4897 1976 4937 nemo
2028 4894 2242 4941 tumens
2280 4887 2474 4957 gloria,
2505 4894 2598 4941 aut
2653 4888 2929 4959 voluptate
2985 4891 3255 4959 dilﬂuens,
3305 4904 3399 4945 aut

1810 4988 1974 5042 opum
2039 4974 2461 5047 divitiarumque
2509 4977 2689 5033 ferens
2726 4992 2884 5044 onus,
2907 4979 3144 5035 transire
3182 4997 3391 5051 posset.

1812 5063 1969 5128 Quod
2005 5073 2186 5121 autem
2223 5067 2331 5121 lata
2368 5068 2584 5124 dicatur
2630 5070 2732 5124 ista
2790 5070 2977 5127 mundi
3028 5073 3138 5138 via,
3167 5088 3274 5127 non
3317 5084 3399 5126 ta-

1812 5168 1935 5211 men
1961 5170 2079 5210 eam
2114 5158 2233 5213 sine
2264 5160 2509 5215 molestia
2562 5175 2684 5216 esse
2737 5172 2957 5230 reputes
2982 5179 3002 5220 ι
3030 5181 3154 5219 nam
3209 5169 3399 5221 multis

1808 5256 1863 5302 et
1911 5250 2169 5319 gravibus
2218 5251 2375 5321 plena
2436 5264 2519 5308 est
2559 5254 2983 5311 calamitatibus.
3020 5255 3124 5312 Sed
3180 5256 3287 5312 lata
3339 5270 3395 5314 et

1810 5340 2049 5410 spatiosa
2095 5351 2336 5409 vocatur,
2377 5346 2504 5412 quia
2557 5347 2711 5402 multi
2760 5358 2888 5404 sunt
2920 5349 3011 5417 qui
3053 5348 3261 5403 intrant
3298 5366 3395 5421 per

1810 5444 1954 5496 eam,
1983 5441 2036 5486 et
2068 5434 2297 5503 quisque
2327 5434 2539 5489 illorum
2564 5436 2769 5506 ingenti
2803 5446 3031 5493 onustus
3057 5450 3140 5493 est
3169 5441 3389 5496 caducae

1812 5520 2053 5574 materia:
2086 5536 2304 5577 acervo.
2342 5523 2453 5579 Tua
2487 5534 2691 5592 autem,
2724 5526 2896 5597 virgo,
2931 5528 3240 5583 arctissitna
3304 5538 3390 5586 est

1810 5606 1896 5661 via
1928 5624 1941 5661 :
1978 5625 2098 5665 nam
2132 5612 2270 5668 duos
2302 5613 2461 5668 simul
2502 5624 2850 5672 transeuntes
2884 5616 3028 5671 haud
3060 5616 3227 5686 capit.

201 5756 249 5786 ’⁵
307 5754 323 5807 1
364 5755 487 5810 Cor.
528 5772 645 5821 vttt,
678 5756 768 5823 ‘29,
818 5758 908 5813 3i.
986 5758 1033 5791 ²⁶
1066 5757 1225 5814 Joan.
1256 5774 1347 5825 xv,
1374 5760 1424 5826 1,
1453 5760 1508 5825 2,
1533 5760 1585 5816 5.
1659 5764 1696 5794 ’τ

1815 5764 1935 5821 Cor.
1965 5781 2036 5829 τι,
2072 5769 2154 5823 Μ.
2233 5770 2277 5799 ἐ’
2316 5768 2503 5826 Matth.
2531 5787 2628 5838 vti,
2678 5774 2764 5829 15.
