  <div class='ocr_page' id='page_1' title='image "/cluster/home/n/w/nwhite01/storage/ocr_20150623/150/pst.000005714704/578.png"; bbox 0 0 4106 6328; ppageno 0'>
   <div class='ocr_carea' id='block_1_1' title="bbox 135 406 281 469">
    <p class='ocr_par' dir='ltr' id='par_1_1' title="bbox 135 406 281 469">
     <span class='ocr_line' id='line_1_1' title="bbox 135 406 281 469; baseline -0.021 0"><span class='ocrx_word' id='word_1_1' title='bbox 135 406 281 469; x_wconf 70' lang='lat'><strong>1073</strong></span> 
     </span>
    </p>
   </div>
   <div class='ocr_carea' id='block_1_2' title="bbox 1242 381 2300 459">
    <p class='ocr_par' dir='ltr' id='par_1_2' title="bbox 1242 381 2300 459">
     <span class='ocr_line' id='line_1_2' title="bbox 1242 381 2300 459; baseline -0.009 -6"><span class='ocrx_word' id='word_1_2' title='bbox 1242 395 1338 453; x_wconf 88' lang='lat' dir='ltr'><strong>DE</strong></span> <span class='ocrx_word' id='word_1_3' title='bbox 1380 389 1723 453; x_wconf 69' lang='lat' dir='ltr'><strong>MENTALI</strong></span> <span class='ocrx_word' id='word_1_4' title='bbox 1770 381 2300 459; x_wconf 72' lang='lat' dir='ltr'><strong>QUIETUDINE.</strong></span> 
     </span>
    </p>
   </div>
   <div class='ocr_carea' id='block_1_3' title="bbox 3263 371 3402 438">
    <p class='ocr_par' dir='ltr' id='par_1_3' title="bbox 3263 371 3402 438">
     <span class='ocr_line' id='line_1_3' title="bbox 3263 371 3402 438; baseline 0.014 -2"><span class='ocrx_word' id='word_1_5' title='bbox 3263 371 3402 438; x_wconf 69' lang='grc'><strong>1074</strong></span> 
     </span>
    </p>
   </div>
   <div class='ocr_carea' id='block_1_4' title="bbox 141 487 1734 591">
    <p class='ocr_par' dir='ltr' id='par_1_4' title="bbox 141 514 1714 591">
     <span class='ocr_line' id='line_1_4' title="bbox 141 514 1714 591; baseline -0.009 -13"><span class='ocrx_word' id='word_1_6' title='bbox 141 527 332 579; x_wconf 74' lang='grc' dir='ltr'>θάλλει</span> <span class='ocrx_word' id='word_1_7' title='bbox 363 526 454 578; x_wconf 72' lang='grc' dir='ltr'><strong>καὶ</strong></span> <span class='ocrx_word' id='word_1_8' title='bbox 494 524 648 578; x_wconf 84' lang='grc' dir='ltr'>ἀνθεῖ</span> <span class='ocrx_word' id='word_1_9' title='bbox 698 525 794 576; x_wconf 78' lang='grc' dir='ltr'><strong>καὶ</strong></span> <span class='ocrx_word' id='word_1_10' title='bbox 825 521 972 591; x_wconf 73' lang='grc' dir='ltr'><strong>κομᾷ⁵</strong></span> <span class='ocrx_word' id='word_1_11' title='bbox 1004 519 1241 588; x_wconf 84' lang='grc' dir='ltr'>φύλλοις,</span> <span class='ocrx_word' id='word_1_12' title='bbox 1281 518 1370 568; x_wconf 72' lang='grc' dir='ltr'><strong>καὶ</strong></span> <span class='ocrx_word' id='word_1_13' title='bbox 1417 514 1714 584; x_wconf 76' lang='grc' dir='ltr'>προϐάλλε-</span> 
     </span>
    </p>
   </div>
   <div class='ocr_carea' id='block_1_5' title="bbox 1843 487 3405 591">
    <p class='ocr_par' dir='ltr' id='par_1_5' title="bbox 1843 487 3405 567">
     <span class='ocr_line' id='line_1_5' title="bbox 1843 487 3405 567; baseline -0.006 -18"><span class='ocrx_word' id='word_1_14' title='bbox 1843 500 2025 554; x_wconf 83' lang='lat' dir='ltr'><strong>.tribus</strong></span> <span class='ocrx_word' id='word_1_15' title='bbox 2073 498 2296 567; x_wconf 89' lang='lat' dir='ltr'><strong>plantis,</strong></span> <span class='ocrx_word' id='word_1_16' title='bbox 2335 504 2446 548; x_wconf 91' lang='lat' dir='ltr'><strong>tum</strong></span> <span class='ocrx_word' id='word_1_17' title='bbox 2499 506 2564 546; x_wconf 77' lang='lat' dir='ltr'><strong>ex</strong></span> <span class='ocrx_word' id='word_1_18' title='bbox 2624 499 2840 554; x_wconf 77' lang='lat' dir='ltr'><strong>natura,</strong></span> <span class='ocrx_word' id='word_1_19' title='bbox 2880 499 2990 543; x_wconf 92' lang='lat' dir='ltr'><strong>tum</strong></span> <span class='ocrx_word' id='word_1_20' title='bbox 3026 503 3089 543; x_wconf 76' lang='lat' dir='ltr'><strong>cx</strong></span> <span class='ocrx_word' id='word_1_21' title='bbox 3135 487 3405 541; x_wconf 79' lang='lat' dir='ltr'><strong>industria</strong></span> 
     </span>
    </p>
   </div>
   <div class='ocr_carea' id='block_1_6' title="bbox 141 601 1710 685">
    <p class='ocr_par' dir='ltr' id='par_1_6' title="bbox 141 601 1710 685">
     <span class='ocr_line' id='line_1_6' title="bbox 141 601 1710 685; baseline -0.011 -17"><span class='ocrx_word' id='word_1_22' title='bbox 141 634 237 668; x_wconf 77' lang='lat' dir='ltr'><strong>&#39;ut</strong></span> <span class='ocrx_word' id='word_1_23' title='bbox 268 616 408 685; x_wconf 83' lang='grc' dir='ltr'>μετὰ</span> <span class='ocrx_word' id='word_1_24' title='bbox 433 615 540 666; x_wconf 89' lang='grc' dir='ltr'><strong>τῶν</strong></span> <span class='ocrx_word' id='word_1_25' title='bbox 584 612 767 664; x_wconf 88' lang='grc' dir='ltr'>καλῶν</span> <span class='ocrx_word' id='word_1_26' title='bbox 817 611 1039 663; x_wconf 74' lang='grc' dir='ltr'>ἐκείνων</span> <span class='ocrx_word' id='word_1_27' title='bbox 1080 607 1384 676; x_wconf 80' lang='grc' dir='ltr'>τεθηλὸτων</span> <span class='ocrx_word' id='word_1_28' title='bbox 1445 601 1710 670; x_wconf 80' lang='grc' dir='ltr'>βλαστῶν,</span> 
     </span>
    </p>
   </div>
   <div class='ocr_carea' id='block_1_7' title="bbox 144 696 1717 775">
    <p class='ocr_par' dir='ltr' id='par_1_7' title="bbox 144 696 1717 775">
     <span class='ocr_line' id='line_1_7' title="bbox 144 696 1717 775; baseline -0.009 -17"><span class='ocrx_word' id='word_1_29' title='bbox 144 709 244 758; x_wconf 76' lang='grc' dir='ltr'>καὶ</span> <span class='ocrx_word' id='word_1_30' title='bbox 275 709 401 770; x_wconf 85' lang='grc' dir='ltr'>τοὺς</span> <span class='ocrx_word' id='word_1_31' title='bbox 427 706 680 775; x_wconf 75' lang='grc' dir='ltr'>δμφακας</span> <span class='ocrx_word' id='word_1_32' title='bbox 704 718 718 732; x_wconf 76' lang='grc' dir='ltr'>ο</span> <span class='ocrx_word' id='word_1_33' title='bbox 746 703 818 766; x_wconf 84' lang='grc' dir='ltr'>οἶ,</span> <span class='ocrx_word' id='word_1_34' title='bbox 853 701 994 755; x_wconf 89' lang='grc' dir='ltr'><strong>κατά</strong></span> <span class='ocrx_word' id='word_1_35' title='bbox 1035 699 1229 771; x_wconf 78' lang='grc' dir='ltr'>μικρὸν</span> <span class='ocrx_word' id='word_1_36' title='bbox 1257 696 1570 766; x_wconf 81' lang='grc' dir='ltr'><strong>ὁμιλοῦντες</strong></span> <span class='ocrx_word' id='word_1_37' title='bbox 1601 697 1717 756; x_wconf 87' lang='grc' dir='ltr'>ταῖς</span> 
     </span>
    </p>
   </div>
   <div class='ocr_carea' id='block_1_8' title="bbox 145 786 1719 868">
    <p class='ocr_par' dir='ltr' id='par_1_8' title="bbox 145 786 1719 868">
     <span class='ocr_line' id='line_1_8' title="bbox 145 786 1719 868; baseline -0.011 -15"><span class='ocrx_word' id='word_1_38' title='bbox 145 799 302 868; x_wconf 72' lang='grc' dir='ltr'>ἡλίου</span> <span class='ocrx_word' id='word_1_39' title='bbox 333 797 718 867; x_wconf 79' lang='grc' dir='ltr'>σφοδροτέραις</span> <span class='ocrx_word' id='word_1_40' title='bbox 741 795 939 864; x_wconf 85' lang='grc' dir='ltr'>βολαῖς,</span> <span class='ocrx_word' id='word_1_41' title='bbox 963 792 1269 862; x_wconf 74' lang='grc' dir='ltr'>ἀκμάζουσι</span> <span class='ocrx_word' id='word_1_42' title='bbox 1302 790 1396 842; x_wconf 74' lang='grc' dir='ltr'>καὶ</span> <span class='ocrx_word' id='word_1_43' title='bbox 1427 786 1719 839; x_wconf 83' lang='grc' dir='ltr'>πεπαίνον-</span> 
     </span>
    </p>
   </div>
   <div class='ocr_carea' id='block_1_9' title="bbox 142 881 1716 956">
    <p class='ocr_par' dir='ltr' id='par_1_9' title="bbox 142 881 1716 956">
     <span class='ocr_line' id='line_1_9' title="bbox 142 881 1716 956; baseline -0.008 -13"><span class='ocrx_word' id='word_1_44' title='bbox 142 906 262 951; x_wconf 90' lang='grc' dir='ltr'>ται,</span> <span class='ocrx_word' id='word_1_45' title='bbox 316 890 410 942; x_wconf 77' lang='grc' dir='ltr'><strong>καὶ</strong></span> <span class='ocrx_word' id='word_1_46' title='bbox 463 888 599 952; x_wconf 80' lang='grc' dir='ltr'>πρὸς</span> <span class='ocrx_word' id='word_1_47' title='bbox 649 886 857 956; x_wconf 83' lang='grc' dir='ltr'>τροφὴν</span> <span class='ocrx_word' id='word_1_48' title='bbox 903 886 1198 953; x_wconf 78' lang='grc' dir='ltr'><strong>εὐπρεπεῖς</strong></span> <span class='ocrx_word' id='word_1_49' title='bbox 1253 881 1716 936; x_wconf 86' lang='grc' dir='ltr'>ἀποκαθίστανται</span> 
     </span>
    </p>
   </div>
   <div class='ocr_carea' id='block_1_10' title="bbox 143 972 1717 1047">
    <p class='ocr_par' dir='ltr' id='par_1_10' title="bbox 143 972 1717 1047">
     <span class='ocr_line' id='line_1_10' title="bbox 143 972 1717 1047; baseline -0.007 -14"><span class='ocrx_word' id='word_1_50' title='bbox 143 980 247 1033; x_wconf 69' lang='grc' dir='ltr'>καὶ</span> <span class='ocrx_word' id='word_1_51' title='bbox 285 979 617 1047; x_wconf 78' lang='grc' dir='ltr'>συγκομιδήν</span> <span class='ocrx_word' id='word_1_52' title='bbox 640 995 654 1008; x_wconf 89' lang='grc'><strong>·</strong></span> <span class='ocrx_word' id='word_1_53' title='bbox 686 977 859 1039; x_wconf 73' lang='grc' dir='ltr'>οὕτως</span> <span class='ocrx_word' id='word_1_54' title='bbox 885 977 913 1028; x_wconf 87' lang='grc' dir='ltr'><strong>ὁ</strong></span> <span class='ocrx_word' id='word_1_55' title='bbox 939 976 1015 1045; x_wconf 83' lang='grc' dir='ltr'>μὴ</span> <span class='ocrx_word' id='word_1_56' title='bbox 1053 977 1113 1028; x_wconf 71' lang='grc' dir='ltr'>τὸ</span> <span class='ocrx_word' id='word_1_57' title='bbox 1142 975 1418 1026; x_wconf 80' lang='grc' dir='ltr'><strong>δύσοιστον</strong></span> <span class='ocrx_word' id='word_1_58' title='bbox 1457 972 1566 1024; x_wconf 86' lang='grc' dir='ltr'><strong>τῶν</strong></span> <span class='ocrx_word' id='word_1_59' title='bbox 1600 989 1717 1022; x_wconf 82' lang='grc' dir='ltr'>πει-</span> 
     </span>
    </p>
   </div>
   <div class='ocr_carea' id='block_1_11' title="bbox 143 1061 1718 1140">
    <p class='ocr_par' dir='ltr' id='par_1_11' title="bbox 143 1061 1718 1140">
     <span class='ocr_line' id='line_1_11' title="bbox 143 1061 1718 1140; baseline -0.008 -17"><span class='ocrx_word' id='word_1_60' title='bbox 143 1069 378 1140; x_wconf 84' lang='grc' dir='ltr'>ρασμῶν</span> <span class='ocrx_word' id='word_1_61' title='bbox 408 1068 572 1139; x_wconf 79' lang='grc' dir='ltr'>ἄχθος</span> <span class='ocrx_word' id='word_1_62' title='bbox 613 1068 876 1134; x_wconf 75' lang='grc' dir='ltr'><strong>γενναίως</strong></span> <span class='ocrx_word' id='word_1_63' title='bbox 915 1067 1222 1134; x_wconf 82' lang='grc' dir='ltr'><strong>ὑποφέρων,</strong></span> <span class='ocrx_word' id='word_1_64' title='bbox 1280 1064 1380 1116; x_wconf 77' lang='grc' dir='ltr'>κᾶν</span> <span class='ocrx_word' id='word_1_65' title='bbox 1407 1064 1514 1114; x_wconf 85' lang='grc' dir='ltr'><strong>τῶν</strong></span> <span class='ocrx_word' id='word_1_66' title='bbox 1547 1061 1718 1114; x_wconf 78' lang='grc' dir='ltr'>ἄλλων</span> 
     </span>
    </p>
   </div>
   <div class='ocr_carea' id='block_1_12' title="bbox 144 1150 1718 1228">
    <p class='ocr_par' dir='ltr' id='par_1_12' title="bbox 144 1150 1718 1228">
     <span class='ocr_line' id='line_1_12' title="bbox 144 1150 1718 1228; baseline -0.01 -14"><span class='ocrx_word' id='word_1_67' title='bbox 144 1159 376 1214; x_wconf 82' lang='grc' dir='ltr'>ἁπασῶν</span> <span class='ocrx_word' id='word_1_68' title='bbox 404 1158 616 1228; x_wconf 79' lang='grc' dir='ltr'>ἀρετῶν</span> <span class='ocrx_word' id='word_1_69' title='bbox 649 1158 920 1227; x_wconf 79' lang='grc' dir='ltr'><strong>μηδεμιᾶς</strong></span> <span class='ocrx_word' id='word_1_70' title='bbox 943 1154 1159 1224; x_wconf 80' lang='grc' dir='ltr'>λειφθῇ,</span> <span class='ocrx_word' id='word_1_71' title='bbox 1197 1153 1408 1222; x_wconf 84' lang='grc' dir='ltr'>καρπὸν</span> <span class='ocrx_word' id='word_1_72' title='bbox 1428 1151 1596 1206; x_wconf 76' lang='grc' dir='ltr'>,θείων</span> <span class='ocrx_word' id='word_1_73' title='bbox 1625 1150 1718 1218; x_wconf 80' lang='grc' dir='ltr'>λη-</span> 
     </span>
    </p>
   </div>
   <div class='ocr_carea' id='block_1_13' title="bbox 143 1241 1716 1320">
    <p class='ocr_par' dir='ltr' id='par_1_13' title="bbox 143 1241 1716 1320">
     <span class='ocr_line' id='line_1_13' title="bbox 143 1241 1716 1320; baseline -0.006 -18"><span class='ocrx_word' id='word_1_74' title='bbox 143 1251 277 1311; x_wconf 87' lang='grc' dir='ltr'>νῶν,</span> <span class='ocrx_word' id='word_1_75' title='bbox 297 1249 391 1301; x_wconf 79' lang='grc' dir='ltr'>καὶ</span> <span class='ocrx_word' id='word_1_76' title='bbox 405 1249 690 1320; x_wconf 82' lang='grc' dir='ltr'>ἀποθήκης</span> <span class='ocrx_word' id='word_1_77' title='bbox 718 1247 944 1310; x_wconf 86' lang='grc' dir='ltr'>αίωνίας</span> <span class='ocrx_word' id='word_1_78' title='bbox 965 1246 1137 1312; x_wconf 76' lang='grc' dir='ltr'>ἀξιον,</span> <span class='ocrx_word' id='word_1_79' title='bbox 1157 1246 1215 1297; x_wconf 87' lang='grc' dir='ltr'><strong>οὐ</strong></span> <span class='ocrx_word' id='word_1_80' title='bbox 1241 1245 1316 1314; x_wconf 88' lang='grc' dir='ltr'>μή</span> <span class='ocrx_word' id='word_1_81' title='bbox 1341 1259 1469 1295; x_wconf 86' lang='grc' dir='ltr'>ποτε</span> <span class='ocrx_word' id='word_1_82' title='bbox 1497 1241 1716 1310; x_wconf 82' lang='grc' dir='ltr'>ὲνέγκῃ.</span> 
     </span>
    </p>
   </div>
   <div class='ocr_carea' id='block_1_14' title="bbox 143 1335 1717 1411">
    <p class='ocr_par' dir='ltr' id='par_1_14' title="bbox 143 1335 1717 1411">
     <span class='ocr_line' id='line_1_14' title="bbox 143 1335 1717 1411; baseline -0.008 -15"><span class='ocrx_word' id='word_1_83' title='bbox 143 1342 227 1396; x_wconf 78' lang='grc' dir='ltr'><strong>Δι’</strong></span> <span class='ocrx_word' id='word_1_84' title='bbox 259 1343 533 1411; x_wconf 79' lang='grc' dir='ltr'>ὑπομονῆς</span> <span class='ocrx_word' id='word_1_85' title='bbox 563 1343 693 1410; x_wconf 78' lang='grc' dir='ltr'>γὰρ,</span> <span class='ocrx_word' id='word_1_86' title='bbox 725 1341 987 1403; x_wconf 75' lang='grc' dir='ltr'><strong>ἑκουσίων</strong></span> <span class='ocrx_word' id='word_1_87' title='bbox 1010 1357 1068 1392; x_wconf 87' lang='grc' dir='ltr'><strong>τε</strong></span> <span class='ocrx_word' id='word_1_88' title='bbox 1090 1340 1184 1392; x_wconf 76' lang='grc' dir='ltr'><strong>καὶ</strong></span> <span class='ocrx_word' id='word_1_89' title='bbox 1215 1338 1488 1392; x_wconf 82' lang='grc' dir='ltr'><strong>ἀκουσίων</strong></span> <span class='ocrx_word' id='word_1_90' title='bbox 1522 1335 1717 1395; x_wconf 84' lang='grc' dir='ltr'>πόνων,</span> 
     </span>
    </p>
   </div>
   <div class='ocr_carea' id='block_1_15' title="bbox 145 1425 1720 1497">
    <p class='ocr_par' dir='ltr' id='par_1_15' title="bbox 145 1425 1720 1497">
     <span class='ocr_line' id='line_1_15' title="bbox 145 1425 1720 1497; baseline -0.005 -13"><span class='ocrx_word' id='word_1_91' title='bbox 145 1433 260 1494; x_wconf 80' lang='grc' dir='ltr'>πᾶς</span> <span class='ocrx_word' id='word_1_92' title='bbox 315 1429 599 1492; x_wconf 84' lang='grc' dir='ltr'>σπουδαῖος</span> <span class='ocrx_word' id='word_1_93' title='bbox 645 1428 974 1494; x_wconf 80' lang='grc' dir='ltr'>τελειοῦται,</span> <span class='ocrx_word' id='word_1_94' title='bbox 1027 1429 1136 1481; x_wconf 89' lang='grc' dir='ltr'><strong>τῶν</strong></span> <span class='ocrx_word' id='word_1_95' title='bbox 1192 1428 1290 1497; x_wconf 82' lang='grc' dir='ltr'>μὲν</span> <span class='ocrx_word' id='word_1_96' title='bbox 1328 1425 1720 1494; x_wconf 70' lang='grc' dir='ltr'><strong>ἐπιτιθεμένων</strong></span> 
     </span>
    </p>
   </div>
   <div class='ocr_carea' id='block_1_16' title="bbox 143 1518 1722 1590">
    <p class='ocr_par' dir='ltr' id='par_1_16' title="bbox 143 1518 1722 1590">
     <span class='ocr_line' id='line_1_16' title="bbox 143 1518 1722 1590; baseline -0.004 -16"><span class='ocrx_word' id='word_1_97' title='bbox 143 1522 368 1588; x_wconf 68' lang='grc' dir='ltr'>ἔξωθεν,</span> <span class='ocrx_word' id='word_1_98' title='bbox 419 1521 528 1575; x_wconf 88' lang='grc' dir='ltr'><strong>τῶν</strong></span> <span class='ocrx_word' id='word_1_99' title='bbox 556 1521 612 1574; x_wconf 84' lang='grc' dir='ltr'>δὲ</span> <span class='ocrx_word' id='word_1_100' title='bbox 641 1518 1054 1590; x_wconf 74' lang='grc' dir='ltr'><strong>ἐπιφερομένων</strong></span> <span class='ocrx_word' id='word_1_101' title='bbox 1086 1519 1316 1572; x_wconf 76' lang='grc' dir='ltr'>οἴκοθεν.</span> <span class='ocrx_word' id='word_1_102' title='bbox 1359 1519 1424 1570; x_wconf 81' lang='grc' dir='ltr'><strong>’Ἀ</strong></span> <span class='ocrx_word' id='word_1_103' title='bbox 1475 1518 1582 1585; x_wconf 84' lang='grc' dir='ltr'>γὰρ</span> <span class='ocrx_word' id='word_1_104' title='bbox 1609 1519 1722 1579; x_wconf 89' lang='grc' dir='ltr'>τοῖς</span> 
     </span>
    </p>
   </div>
   <div class='ocr_carea' id='block_1_17' title="bbox 145 1610 1721 1681">
    <p class='ocr_par' dir='ltr' id='par_1_17' title="bbox 145 1610 1721 1681">
     <span class='ocr_line' id='line_1_17' title="bbox 145 1610 1721 1681; baseline -0.004 -14"><span class='ocrx_word' id='word_1_105' title='bbox 145 1613 247 1681; x_wconf 81' lang='grc' dir='ltr'>τῆς</span> <span class='ocrx_word' id='word_1_106' title='bbox 282 1612 386 1680; x_wconf 79' lang='grc' dir='ltr'><strong>γῆς</strong></span> <span class='ocrx_word' id='word_1_107' title='bbox 415 1615 604 1680; x_wconf 82' lang='grc' dir='ltr'><strong>φυτοῖς</strong></span> <span class='ocrx_word' id='word_1_108' title='bbox 634 1614 700 1665; x_wconf 83' lang='grc' dir='ltr'>ὲκ</span> <span class='ocrx_word' id='word_1_109' title='bbox 732 1612 952 1680; x_wconf 85' lang='grc' dir='ltr'>φύσεως</span> <span class='ocrx_word' id='word_1_110' title='bbox 982 1611 1355 1680; x_wconf 88' lang='grc' dir='ltr'>προσγίνεται,</span> <span class='ocrx_word' id='word_1_111' title='bbox 1389 1610 1721 1678; x_wconf 77' lang='grc' dir='ltr'><strong>γεωργικαῖς</strong></span> 
     </span>
    </p>
   </div>
   <div class='ocr_carea' id='block_1_18' title="bbox 149 1697 1724 1772">
    <p class='ocr_par' dir='ltr' id='par_1_18' title="bbox 149 1697 1724 1772">
     <span class='ocr_line' id='line_1_18' title="bbox 149 1697 1724 1772; baseline -0.004 -15"><span class='ocrx_word' id='word_1_112' title='bbox 149 1722 214 1757; x_wconf 90' lang='grc' dir='ltr'><strong>τε</strong></span> <span class='ocrx_word' id='word_1_113' title='bbox 248 1704 536 1766; x_wconf 72' lang='grc' dir='ltr'>ἐπινοίαις,</span> <span class='ocrx_word' id='word_1_114' title='bbox 565 1706 659 1756; x_wconf 80' lang='grc' dir='ltr'>καὶ</span> <span class='ocrx_word' id='word_1_115' title='bbox 686 1706 808 1766; x_wconf 85' lang='grc' dir='ltr'>ταῖς</span> <span class='ocrx_word' id='word_1_116' title='bbox 839 1702 948 1756; x_wconf 88' lang='grc' dir='ltr'><strong>τῶν</strong></span> <span class='ocrx_word' id='word_1_117' title='bbox 971 1701 1130 1772; x_wconf 83' lang='grc' dir='ltr'>ὡρῶν</span> <span class='ocrx_word' id='word_1_118' title='bbox 1160 1703 1538 1771; x_wconf 80' lang='grc' dir='ltr'>περιτροπαῖς,</span> <span class='ocrx_word' id='word_1_119' title='bbox 1573 1697 1724 1752; x_wconf 77' lang='grc' dir='ltr'>ταῦθ’</span> 
     </span>
    </p>
   </div>
   <div class='ocr_carea' id='block_1_19' title="bbox 105 1789 1726 1865">
    <p class='ocr_par' dir='ltr' id='par_1_19' title="bbox 105 1789 1726 1865">
     <span class='ocr_line' id='line_1_19' title="bbox 105 1789 1726 1865; baseline -0.005 -17"><span class='ocrx_word' id='word_1_120' title='bbox 105 1789 111 1794; x_wconf 66' lang='grc'><strong>’</strong></span> <span class='ocrx_word' id='word_1_121' title='bbox 143 1798 284 1865; x_wconf 81' lang='grc' dir='ltr'>ἡμῖν</span> <span class='ocrx_word' id='word_1_122' title='bbox 312 1799 424 1858; x_wconf 88' lang='grc' dir='ltr'>τοῖς</span> <span class='ocrx_word' id='word_1_123' title='bbox 452 1795 690 1863; x_wconf 79' lang='grc' dir='ltr'>λογικοῖς</span> <span class='ocrx_word' id='word_1_124' title='bbox 722 1795 963 1864; x_wconf 71' lang='grc' dir='ltr'>κλήμασι</span> <span class='ocrx_word' id='word_1_125' title='bbox 985 1793 1246 1862; x_wconf 81' lang='grc' dir='ltr'><strong>Χριστοῦ,</strong></span> <span class='ocrx_word' id='word_1_126' title='bbox 1281 1792 1626 1860; x_wconf 80' lang='grc' dir='ltr'>πειθομένοις</span> <span class='ocrx_word' id='word_1_127' title='bbox 1648 1790 1726 1860; x_wconf 83' lang='grc' dir='ltr'>τῷ</span> 
     </span>
    </p>
   </div>
   <div class='ocr_carea' id='block_1_20' title="bbox 143 1883 1727 1954">
    <p class='ocr_par' dir='ltr' id='par_1_20' title="bbox 143 1883 1727 1954">
     <span class='ocr_line' id='line_1_20' title="bbox 143 1883 1727 1954; baseline 0.001 -19"><span class='ocrx_word' id='word_1_128' title='bbox 143 1885 260 1936; x_wconf 83' lang='grc' dir='ltr'><strong>τῶν</strong></span> <span class='ocrx_word' id='word_1_129' title='bbox 285 1883 477 1954; x_wconf 76' lang='grc' dir='ltr'>ψυχῶν</span> <span class='ocrx_word' id='word_1_130' title='bbox 520 1885 694 1952; x_wconf 82' lang='grc' dir='ltr'>τούτῳ</span> <span class='ocrx_word' id='word_1_131' title='bbox 726 1884 978 1954; x_wconf 85' lang='grc' dir='ltr'>γεωργῷ,</span> <span class='ocrx_word' id='word_1_132' title='bbox 1038 1885 1330 1952; x_wconf 78' lang='grc' dir='ltr'>πρόσεστιν</span> <span class='ocrx_word' id='word_1_133' title='bbox 1364 1885 1428 1936; x_wconf 84' lang='grc' dir='ltr'><strong>ἐκ</strong></span> <span class='ocrx_word' id='word_1_134' title='bbox 1464 1885 1727 1952; x_wconf 83' lang='grc' dir='ltr'>προαιρέ-</span> 
     </span>
    </p>
   </div>
   <div class='ocr_carea' id='block_1_21' title="bbox 147 1975 1723 2046">
    <p class='ocr_par' dir='ltr' id='par_1_21' title="bbox 147 1975 1723 2046">
     <span class='ocr_line' id='line_1_21' title="bbox 147 1975 1723 2046; baseline -0.001 -18"><span class='ocrx_word' id='word_1_135' title='bbox 147 1986 292 2037; x_wconf 73' lang='grc' dir='ltr'>σεώς</span> <span class='ocrx_word' id='word_1_136' title='bbox 341 1975 702 2040; x_wconf 78' lang='grc' dir='ltr'>αὐτεξουσίως</span> <span class='ocrx_word' id='word_1_137' title='bbox 760 1975 928 2038; x_wconf 75' lang='grc' dir='ltr'>ζῶσιο</span> <span class='ocrx_word' id='word_1_138' title='bbox 969 1975 1139 2046; x_wconf 79' lang='grc' dir='ltr'>χωρὶς</span> <span class='ocrx_word' id='word_1_139' title='bbox 1175 1975 1234 2027; x_wconf 66' lang='grc' dir='ltr'>δὲ</span> <span class='ocrx_word' id='word_1_140' title='bbox 1270 1975 1371 2041; x_wconf 84' lang='grc' dir='ltr'>τῆς</span> <span class='ocrx_word' id='word_1_141' title='bbox 1425 1975 1723 2043; x_wconf 77' lang='grc' dir='ltr'>ὑπομονῆς,</span> 
     </span>
    </p>
   </div>
   <div class='ocr_carea' id='block_1_22' title="bbox 146 2059 1726 2131">
    <p class='ocr_par' dir='ltr' id='par_1_22' title="bbox 146 2059 1726 2131">
     <span class='ocr_line' id='line_1_22' title="bbox 146 2059 1726 2131; baseline 0.002 -21"><span class='ocrx_word' id='word_1_142' title='bbox 146 2059 262 2112; x_wconf 89' lang='grc' dir='ltr'><strong>τῶν</strong></span> <span class='ocrx_word' id='word_1_143' title='bbox 295 2059 564 2122; x_wconf 80' lang='grc' dir='ltr'>ἀκουσίως</span> <span class='ocrx_word' id='word_1_144' title='bbox 595 2061 730 2130; x_wconf 74' lang='grc' dir='ltr'>ημῖν</span> <span class='ocrx_word' id='word_1_145' title='bbox 767 2061 1175 2131; x_wconf 64' lang='grc' dir='ltr'>ἐπερχομένων,</span> <span class='ocrx_word' id='word_1_146' title='bbox 1207 2063 1329 2114; x_wconf 78' lang='grc' dir='ltr'>οὐδὲ</span> <span class='ocrx_word' id='word_1_147' title='bbox 1361 2063 1430 2114; x_wconf 88' lang='grc' dir='ltr'><strong>τά</strong></span> <span class='ocrx_word' id='word_1_148' title='bbox 1465 2063 1726 2125; x_wconf 74' lang='grc' dir='ltr'>ἑκουσίως</span> 
     </span>
    </p>
   </div>
   <div class='ocr_carea' id='block_1_23' title="bbox 147 2152 1728 2222">
    <p class='ocr_par' dir='ltr' id='par_1_23' title="bbox 147 2152 1728 2222">
     <span class='ocr_line' id='line_1_23' title="bbox 147 2152 1728 2222; baseline 0.003 -21"><span class='ocrx_word' id='word_1_149' title='bbox 147 2153 517 2219; x_wconf 78' lang='grc' dir='ltr'>πεπραγμένα</span> <span class='ocrx_word' id='word_1_150' title='bbox 574 2152 823 2217; x_wconf 81' lang='grc' dir='ltr'>τεύξεται</span> <span class='ocrx_word' id='word_1_151' title='bbox 871 2152 970 2221; x_wconf 85' lang='grc' dir='ltr'>τῆς</span> <span class='ocrx_word' id='word_1_152' title='bbox 1003 2152 1154 2215; x_wconf 88' lang='grc' dir='ltr'>θείας</span> <span class='ocrx_word' id='word_1_153' title='bbox 1207 2153 1478 2220; x_wconf 80' lang='grc' dir='ltr'>εὐλογίας.</span> <span class='ocrx_word' id='word_1_154' title='bbox 1527 2153 1728 2222; x_wconf 61' lang='grc' dir='ltr'>Ὴνγάρ</span> 
     </span>
    </p>
   </div>
   <div class='ocr_carea' id='block_1_24' title="bbox 152 2240 1726 2311">
    <p class='ocr_par' dir='ltr' id='par_1_24' title="bbox 152 2240 1726 2311">
     <span class='ocr_line' id='line_1_24' title="bbox 152 2240 1726 2311; baseline 0.001 -19"><span class='ocrx_word' id='word_1_155' title='bbox 152 2241 294 2310; x_wconf 70' lang='grc' dir='ltr'>πρὸς</span> <span class='ocrx_word' id='word_1_156' title='bbox 333 2240 463 2293; x_wconf 82' lang='grc' dir='ltr'>Θεδν</span> <span class='ocrx_word' id='word_1_157' title='bbox 491 2243 700 2309; x_wconf 77' lang='grc' dir='ltr'>ἀγάπη,</span> <span class='ocrx_word' id='word_1_158' title='bbox 733 2241 822 2295; x_wconf 81' lang='grc' dir='ltr'><strong>διὰ</strong></span> <span class='ocrx_word' id='word_1_159' title='bbox 848 2243 950 2310; x_wconf 79' lang='grc' dir='ltr'>τῆς</span> <span class='ocrx_word' id='word_1_160' title='bbox 976 2243 1088 2294; x_wconf 91' lang='grc' dir='ltr'><strong>τῶν</strong></span> <span class='ocrx_word' id='word_1_161' title='bbox 1121 2243 1446 2311; x_wconf 81' lang='grc' dir='ltr'>πειρασμῶν</span> <span class='ocrx_word' id='word_1_162' title='bbox 1473 2241 1726 2311; x_wconf 79' lang='grc' dir='ltr'>θλίψεως,</span> 
     </span>
    </p>
   </div>
   <div class='ocr_carea' id='block_1_25' title="bbox 152 2324 1729 2404">
    <p class='ocr_par' dir='ltr' id='par_1_25' title="bbox 152 2324 1729 2404">
     <span class='ocr_line' id='line_1_25' title="bbox 152 2324 1729 2404; baseline 0 -18"><span class='ocrx_word' id='word_1_163' title='bbox 152 2324 396 2404; x_wconf 76' lang='grc' dir='ltr'>μάλιστα</span> <span class='ocrx_word' id='word_1_164' title='bbox 421 2334 704 2402; x_wconf 78' lang='grc' dir='ltr'>κομίζεται</span> <span class='ocrx_word' id='word_1_165' title='bbox 733 2334 796 2386; x_wconf 84' lang='grc' dir='ltr'>τὸ</span> <span class='ocrx_word' id='word_1_166' title='bbox 821 2335 1090 2403; x_wconf 84' lang='grc' dir='ltr'>δοκίμιον.</span> <span class='ocrx_word' id='word_1_167' title='bbox 1138 2336 1230 2386; x_wconf 85' lang='grc' dir='ltr'>Δεῖ</span> <span class='ocrx_word' id='word_1_168' title='bbox 1262 2335 1448 2404; x_wconf 81' lang='grc' dir='ltr'>μέντοι</span> <span class='ocrx_word' id='word_1_169' title='bbox 1485 2351 1729 2404; x_wconf 89' lang='grc' dir='ltr'>προκατ-</span> 
     </span>
    </p>
   </div>
   <div class='ocr_carea' id='block_1_26' title="bbox 149 2423 1731 2496">
    <p class='ocr_par' dir='ltr' id='par_1_26' title="bbox 149 2423 1731 2496">
     <span class='ocr_line' id='line_1_26' title="bbox 149 2423 1731 2496; baseline 0 -20"><span class='ocrx_word' id='word_1_170' title='bbox 149 2423 465 2493; x_wconf 87' lang='grc' dir='ltr'>ορθωθῆναι</span> <span class='ocrx_word' id='word_1_171' title='bbox 521 2428 586 2495; x_wconf 80' lang='grc' dir='ltr'>τῇ</span> <span class='ocrx_word' id='word_1_172' title='bbox 619 2425 763 2496; x_wconf 78' lang='grc' dir='ltr'>ψυχῇ</span> <span class='ocrx_word' id='word_1_173' title='bbox 797 2426 868 2478; x_wconf 84' lang='grc' dir='ltr'><strong>τά</strong></span> <span class='ocrx_word' id='word_1_174' title='bbox 897 2425 1144 2487; x_wconf 78' lang='grc' dir='ltr'>ἑκούσια,</span> <span class='ocrx_word' id='word_1_175' title='bbox 1169 2427 1262 2478; x_wconf 76' lang='grc' dir='ltr'>καὶ</span> <span class='ocrx_word' id='word_1_176' title='bbox 1309 2426 1377 2478; x_wconf 85' lang='grc' dir='ltr'>δι’</span> <span class='ocrx_word' id='word_1_177' title='bbox 1400 2425 1581 2478; x_wconf 90' lang='grc' dir='ltr'>αὐτῶν</span> <span class='ocrx_word' id='word_1_178' title='bbox 1610 2426 1731 2494; x_wconf 46' lang='lat' dir='ltr'><strong>hac-</strong></span> 
     </span>
    </p>
   </div>
   <div class='ocr_carea' id='block_1_27' title="bbox 151 2516 1732 2588">
    <p class='ocr_par' dir='ltr' id='par_1_27' title="bbox 151 2516 1732 2588">
     <span class='ocr_line' id='line_1_27' title="bbox 151 2516 1732 2588; baseline -0.001 -20"><span class='ocrx_word' id='word_1_179' title='bbox 151 2517 259 2585; x_wconf 78' lang='grc' dir='ltr'><strong>γῆς</strong></span> <span class='ocrx_word' id='word_1_180' title='bbox 293 2517 384 2568; x_wconf 70' lang='grc' dir='ltr'><strong>καὶ</strong></span> <span class='ocrx_word' id='word_1_181' title='bbox 427 2516 588 2586; x_wconf 80' lang='grc' dir='ltr'><strong>δόξης</strong></span> <span class='ocrx_word' id='word_1_182' title='bbox 633 2517 946 2580; x_wconf 78' lang='grc' dir='ltr'>ἐθισθέντες</span> <span class='ocrx_word' id='word_1_183' title='bbox 973 2519 1359 2588; x_wconf 83' lang='grc' dir='ltr'>καταφρονεῖν,</span> <span class='ocrx_word' id='word_1_184' title='bbox 1411 2517 1609 2587; x_wconf 81' lang='grc' dir='ltr'>ῥᾳδίως</span> <span class='ocrx_word' id='word_1_185' title='bbox 1640 2519 1732 2568; x_wconf 74' lang='grc' dir='ltr'>καὶ</span> 
     </span>
    </p>
   </div>
   <div class='ocr_carea' id='block_1_28' title="bbox 153 2597 1733 2678">
    <p class='ocr_par' dir='ltr' id='par_1_28' title="bbox 153 2597 1733 2678">
     <span class='ocr_line' id='line_1_28' title="bbox 153 2597 1733 2678; baseline 0.001 -22"><span class='ocrx_word' id='word_1_186' title='bbox 153 2607 255 2668; x_wconf 87' lang='grc' dir='ltr'><strong>τάς</strong></span> <span class='ocrx_word' id='word_1_187' title='bbox 303 2597 592 2668; x_wconf 80' lang='grc' dir='ltr'>ἀκουσίους</span> <span class='ocrx_word' id='word_1_188' title='bbox 624 2608 844 2678; x_wconf 82' lang='grc' dir='ltr'>οίσομεν</span> <span class='ocrx_word' id='word_1_189' title='bbox 892 2608 1179 2677; x_wconf 79' lang='grc' dir='ltr'>ἐπιφοράς.</span> <span class='ocrx_word' id='word_1_190' title='bbox 1228 2607 1286 2661; x_wconf 88' lang='lat'><strong>&#39;0</strong></span> <span class='ocrx_word' id='word_1_191' title='bbox 1321 2607 1377 2660; x_wconf 83' lang='grc' dir='ltr'>δὲ</span> <span class='ocrx_word' id='word_1_192' title='bbox 1411 2607 1501 2660; x_wconf 75' lang='grc' dir='ltr'>διὰ</span> <span class='ocrx_word' id='word_1_193' title='bbox 1544 2607 1640 2678; x_wconf 79' lang='grc' dir='ltr'>τὴν</span> <span class='ocrx_word' id='word_1_194' title='bbox 1677 2609 1733 2658; x_wconf 85' lang='grc' dir='ltr'><strong>ὲν</strong></span> 
     </span>
    </p>
   </div>
   <div class='ocr_carea' id='block_1_29' title="bbox 156 2694 1733 2767">
    <p class='ocr_par' dir='ltr' id='par_1_29' title="bbox 156 2694 1733 2767">
     <span class='ocr_line' id='line_1_29' title="bbox 156 2694 1733 2767; baseline 0 -20"><span class='ocrx_word' id='word_1_195' title='bbox 156 2695 433 2764; x_wconf 83' lang='grc' dir='ltr'>πνεύματι</span> <span class='ocrx_word' id='word_1_196' title='bbox 497 2697 768 2766; x_wconf 77' lang='grc' dir='ltr'>πτωχείαν</span> <span class='ocrx_word' id='word_1_197' title='bbox 818 2698 1043 2751; x_wconf 72' lang='grc' dir='ltr'>ἐκείνων</span> <span class='ocrx_word' id='word_1_198' title='bbox 1089 2714 1149 2748; x_wconf 90' lang='grc' dir='ltr'><strong>τε</strong></span> <span class='ocrx_word' id='word_1_199' title='bbox 1199 2694 1584 2767; x_wconf 75' lang='grc' dir='ltr'>καταφρονῶν,</span> <span class='ocrx_word' id='word_1_200' title='bbox 1638 2694 1733 2748; x_wconf 85' lang='grc' dir='ltr'><strong>καὶ</strong></span> 
     </span>
    </p>
   </div>
   <div class='ocr_carea' id='block_1_30' title="bbox 156 2792 1732 2868">
    <p class='ocr_par' dir='ltr' id='par_1_30' title="bbox 156 2792 1732 2868">
     <span class='ocr_line' id='line_1_30' title="bbox 156 2792 1732 2868; baseline 0.003 -24"><span class='ocrx_word' id='word_1_201' title='bbox 156 2792 463 2846; x_wconf 85' lang='grc' dir='ltr'>ὑπεύθυνον</span> <span class='ocrx_word' id='word_1_202' title='bbox 494 2796 605 2857; x_wconf 88' lang='grc' dir='ltr'>τοῖς</span> <span class='ocrx_word' id='word_1_203' title='bbox 649 2794 1106 2866; x_wconf 74' lang='grc' dir='ltr'>δραστικωτέροις</span> <span class='ocrx_word' id='word_1_204' title='bbox 1157 2799 1474 2868; x_wconf 82' lang='grc' dir='ltr'>φαρμάκοις</span> <span class='ocrx_word' id='word_1_205' title='bbox 1505 2800 1602 2868; x_wconf 83' lang='grc' dir='ltr'><strong>τῆς</strong></span> <span class='ocrx_word' id='word_1_206' title='bbox 1634 2814 1732 2868; x_wconf 79' lang='grc' dir='ltr'>με·</span> 
     </span>
    </p>
   </div>
   <div class='ocr_carea' id='block_1_31' title="bbox 157 2885 1732 2959">
    <p class='ocr_par' dir='ltr' id='par_1_31' title="bbox 157 2885 1732 2959">
     <span class='ocr_line' id='line_1_31' title="bbox 157 2885 1732 2959; baseline 0.003 -22"><span class='ocrx_word' id='word_1_207' title='bbox 157 2886 380 2947; x_wconf 84' lang='grc' dir='ltr'>τανοίας</span> <span class='ocrx_word' id='word_1_208' title='bbox 415 2885 608 2939; x_wconf 78' lang='grc' dir='ltr'>ἑαυτὸν</span> <span class='ocrx_word' id='word_1_209' title='bbox 641 2887 965 2957; x_wconf 72' lang='grc' dir='ltr'>ἡγούμενος,</span> <span class='ocrx_word' id='word_1_210' title='bbox 1017 2889 1382 2959; x_wconf 86' lang='grc' dir='ltr'>προσδόκιμον</span> <span class='ocrx_word' id='word_1_211' title='bbox 1414 2890 1524 2959; x_wconf 79' lang='grc' dir='ltr'>ἔχει</span> <span class='ocrx_word' id='word_1_212' title='bbox 1553 2890 1732 2959; x_wconf 87' lang='grc' dir='ltr'>διηνε-</span> 
     </span>
    </p>
   </div>
   <div class='ocr_carea' id='block_1_32' title="bbox 157 2975 1735 3050">
    <p class='ocr_par' dir='ltr' id='par_1_32' title="bbox 157 2975 1735 3050">
     <span class='ocr_line' id='line_1_32' title="bbox 157 2975 1735 3050; baseline 0.003 -23"><span class='ocrx_word' id='word_1_213' title='bbox 157 2976 276 3038; x_wconf 85' lang='grc' dir='ltr'><strong>κῶς</strong></span> <span class='ocrx_word' id='word_1_214' title='bbox 317 2975 496 3045; x_wconf 87' lang='grc' dir='ltr'>θλίψιν</span> <span class='ocrx_word' id='word_1_215' title='bbox 549 2975 802 3030; x_wconf 74' lang='grc' dir='ltr'>ἅπασαν·</span> <span class='ocrx_word' id='word_1_216' title='bbox 844 2981 936 3034; x_wconf 84' lang='grc' dir='ltr'>καὶ</span> <span class='ocrx_word' id='word_1_217' title='bbox 985 2981 1341 3050; x_wconf 80' lang='grc' dir='ltr'>καταδέχεται</span> <span class='ocrx_word' id='word_1_218' title='bbox 1391 2981 1570 3033; x_wconf 83' lang='grc' dir='ltr'>πάντα</span> <span class='ocrx_word' id='word_1_219' title='bbox 1614 2997 1735 3031; x_wconf 89' lang='grc' dir='ltr'>πει-</span> 
     </span>
    </p>
   </div>
   <div class='ocr_carea' id='block_1_33' title="bbox 163 3058 1734 3140">
    <p class='ocr_par' dir='ltr' id='par_1_33' title="bbox 163 3058 1734 3140">
     <span class='ocr_line' id='line_1_33' title="bbox 163 3058 1734 3140; baseline 0.003 -22"><span class='ocrx_word' id='word_1_220' title='bbox 163 3067 395 3135; x_wconf 78' lang='grc' dir='ltr'>ρασμὸν,</span> <span class='ocrx_word' id='word_1_221' title='bbox 424 3065 498 3129; x_wconf 82' lang='grc' dir='ltr'>ὡς</span> <span class='ocrx_word' id='word_1_222' title='bbox 530 3068 732 3120; x_wconf 87' lang='grc' dir='ltr'>οίκεῖον</span> <span class='ocrx_word' id='word_1_223' title='bbox 764 3069 946 3140; x_wconf 81' lang='grc' dir='ltr'>ἑαυτῷ</span> <span class='ocrx_word' id='word_1_224' title='bbox 996 3071 1342 3139; x_wconf 81' lang='grc' dir='ltr'>προσήκοντα</span> <span class='ocrx_word' id='word_1_225' title='bbox 1367 3058 1510 3122; x_wconf 62' lang='lat' dir='ltr'><strong>&quot;xui.</strong></span> <span class='ocrx_word' id='word_1_226' title='bbox 1557 3070 1734 3140; x_wconf 86' lang='grc' dir='ltr'>χαίρει</span> 
     </span>
    </p>
   </div>
   <div class='ocr_carea' id='block_1_34' title="bbox 159 3155 1734 3236">
    <p class='ocr_par' dir='ltr' id='par_1_34' title="bbox 159 3155 1734 3236">
     <span class='ocr_line' id='line_1_34' title="bbox 159 3155 1734 3236; baseline 0.003 -30"><span class='ocrx_word' id='word_1_227' title='bbox 159 3155 496 3224; x_wconf 84' lang='grc' dir='ltr'>περιπεσὼν,</span> <span class='ocrx_word' id='word_1_228' title='bbox 526 3155 602 3219; x_wconf 88' lang='grc' dir='ltr'>ὡς</span> <span class='ocrx_word' id='word_1_229' title='bbox 636 3158 944 3236; x_wconf 86' lang='grc' dir='ltr'>περιτυχὼν</span> <span class='ocrx_word' id='word_1_230' title='bbox 977 3159 1056 3226; x_wconf 82' lang='grc' dir='ltr'>τῷ</span> <span class='ocrx_word' id='word_1_231' title='bbox 1083 3160 1181 3228; x_wconf 85' lang='grc' dir='ltr'><strong>τῆς</strong></span> <span class='ocrx_word' id='word_1_232' title='bbox 1213 3160 1391 3230; x_wconf 78' lang='grc' dir='ltr'>ψυχῆς</span> <span class='ocrx_word' id='word_1_233' title='bbox 1432 3160 1734 3228; x_wconf 75' lang='grc' dir='ltr'>καθαρσίῳο</span> 
     </span>
    </p>
   </div>
   <div class='ocr_carea' id='block_1_35' title="bbox 160 3246 1738 3320">
    <p class='ocr_par' dir='ltr' id='par_1_35' title="bbox 160 3246 1738 3320">
     <span class='ocr_line' id='line_1_35' title="bbox 160 3246 1738 3320; baseline 0.003 -22"><span class='ocrx_word' id='word_1_234' title='bbox 160 3247 254 3299; x_wconf 77' lang='grc' dir='ltr'><strong>καὶ</strong></span> <span class='ocrx_word' id='word_1_235' title='bbox 284 3246 416 3316; x_wconf 84' lang='grc' dir='ltr'>ὓλην</span> <span class='ocrx_word' id='word_1_236' title='bbox 444 3247 600 3300; x_wconf 82' lang='grc' dir='ltr'>τοῦτο</span> <span class='ocrx_word' id='word_1_237' title='bbox 630 3252 863 3303; x_wconf 80' lang='grc' dir='ltr'>ποιεῖται</span> <span class='ocrx_word' id='word_1_238' title='bbox 894 3250 993 3319; x_wconf 81' lang='grc' dir='ltr'>τῆς</span> <span class='ocrx_word' id='word_1_239' title='bbox 1018 3250 1152 3320; x_wconf 85' lang='grc' dir='ltr'>πρὸς</span> <span class='ocrx_word' id='word_1_240' title='bbox 1182 3251 1318 3303; x_wconf 86' lang='grc' dir='ltr'>Θεὸν</span> <span class='ocrx_word' id='word_1_241' title='bbox 1350 3253 1738 3320; x_wconf 74' lang='grc' dir='ltr'>πεπονημένης</span> 
     </span>
    </p>
   </div>
   <div class='ocr_carea' id='block_1_36' title="bbox 159 3340 1735 3412">
    <p class='ocr_par' dir='ltr' id='par_1_36' title="bbox 159 3340 1735 3412">
     <span class='ocr_line' id='line_1_36' title="bbox 159 3340 1735 3412; baseline 0.002 -22"><span class='ocrx_word' id='word_1_242' title='bbox 159 3356 220 3390; x_wconf 88' lang='grc' dir='ltr'><strong>τε</strong></span> <span class='ocrx_word' id='word_1_243' title='bbox 251 3340 346 3390; x_wconf 79' lang='grc' dir='ltr'><strong>καὶ</strong></span> <span class='ocrx_word' id='word_1_244' title='bbox 373 3341 792 3410; x_wconf 84' lang='grc' dir='ltr'>ἀνυσιμωτάτης</span> <span class='ocrx_word' id='word_1_245' title='bbox 823 3343 1060 3408; x_wconf 81' lang='grc' dir='ltr'>δεήσεως</span> <span class='ocrx_word' id='word_1_246' title='bbox 1080 3382 1095 3405; x_wconf 93' lang='grc'><strong>,</strong></span> <span class='ocrx_word' id='word_1_247' title='bbox 1128 3343 1220 3394; x_wconf 70' lang='grc' dir='ltr'><strong>καὶ</strong></span> <span class='ocrx_word' id='word_1_248' title='bbox 1252 3343 1588 3412; x_wconf 83' lang='grc' dir='ltr'>παρεκτικὸν</span> <span class='ocrx_word' id='word_1_249' title='bbox 1618 3343 1735 3408; x_wconf 72' lang='grc' dir='ltr'><strong>ἅμα</strong></span> 
     </span>
    </p>
   </div>
   <div class='ocr_carea' id='block_1_37' title="bbox 161 3431 1736 3506">
    <p class='ocr_par' dir='ltr' id='par_1_37' title="bbox 161 3431 1736 3506">
     <span class='ocr_line' id='line_1_37' title="bbox 161 3431 1736 3506; baseline 0.003 -24"><span class='ocrx_word' id='word_1_250' title='bbox 161 3432 256 3484; x_wconf 75' lang='grc' dir='ltr'>καὶ</span> <span class='ocrx_word' id='word_1_251' title='bbox 272 3431 604 3500; x_wconf 78' lang='grc' dir='ltr'>φυλακτικὸν</span> <span class='ocrx_word' id='word_1_252' title='bbox 629 3434 842 3504; x_wconf 77' lang='grc' dir='ltr'>ἡγεῖται</span> <span class='ocrx_word' id='word_1_253' title='bbox 860 3434 960 3502; x_wconf 84' lang='grc' dir='ltr'><strong>τῆς</strong></span> <span class='ocrx_word' id='word_1_254' title='bbox 988 3435 1131 3487; x_wconf 87' lang='grc' dir='ltr'><strong>κατά</strong></span> <span class='ocrx_word' id='word_1_255' title='bbox 1157 3435 1334 3506; x_wconf 74' lang='grc' dir='ltr'>ψυχὴν</span> <span class='ocrx_word' id='word_1_256' title='bbox 1366 3434 1576 3498; x_wconf 77' lang='grc' dir='ltr'>εὐεξίας</span> <span class='ocrx_word' id='word_1_257' title='bbox 1606 3451 1617 3464; x_wconf 91' lang='grc'><strong>·</strong></span> <span class='ocrx_word' id='word_1_258' title='bbox 1645 3437 1736 3487; x_wconf 70' lang='grc' dir='ltr'><strong>καὶ</strong></span> 
     </span>
    </p>
   </div>
   <div class='ocr_carea' id='block_1_38' title="bbox 160 3523 1739 3594">
    <p class='ocr_par' dir='ltr' id='par_1_38' title="bbox 160 3523 1739 3594">
     <span class='ocr_line' id='line_1_38' title="bbox 160 3523 1739 3594; baseline 0.001 -20"><span class='ocrx_word' id='word_1_259' title='bbox 160 3523 263 3574; x_wconf 83' lang='grc' dir='ltr'><strong>οὐκ</strong></span> <span class='ocrx_word' id='word_1_260' title='bbox 295 3523 486 3592; x_wconf 74' lang='grc' dir='ltr'>ἀφίησι</span> <span class='ocrx_word' id='word_1_261' title='bbox 523 3524 688 3592; x_wconf 73' lang='grc' dir='ltr'>μόνον</span> <span class='ocrx_word' id='word_1_262' title='bbox 716 3526 1108 3594; x_wconf 88' lang='grc' dir='ltr'>ἀμνησικάκως</span> <span class='ocrx_word' id='word_1_263' title='bbox 1141 3525 1303 3594; x_wconf 74' lang='grc' dir='ltr'>ἔχων,</span> <span class='ocrx_word' id='word_1_264' title='bbox 1341 3525 1480 3578; x_wconf 84' lang='grc' dir='ltr'>ἀλλὰ</span> <span class='ocrx_word' id='word_1_265' title='bbox 1513 3526 1604 3577; x_wconf 68' lang='grc' dir='ltr'><strong>καὶ</strong></span> <span class='ocrx_word' id='word_1_266' title='bbox 1637 3526 1739 3593; x_wconf 82' lang='grc' dir='ltr'><strong>χὰ-</strong></span> 
     </span>
    </p>
   </div>
   <div class='ocr_carea' id='block_1_39' title="bbox 165 3615 1739 3686">
    <p class='ocr_par' dir='ltr' id='par_1_39' title="bbox 165 3615 1739 3686">
     <span class='ocr_line' id='line_1_39' title="bbox 165 3615 1739 3686; baseline 0 -22"><span class='ocrx_word' id='word_1_267' title='bbox 165 3630 322 3682; x_wconf 88' lang='grc' dir='ltr'>ριτας</span> <span class='ocrx_word' id='word_1_268' title='bbox 351 3615 604 3683; x_wconf 83' lang='grc' dir='ltr'>ὁμολογεῖ</span> <span class='ocrx_word' id='word_1_269' title='bbox 625 3617 1102 3686; x_wconf 72' lang='grc' dir='ltr'>τοῖςιπειράζουσι,</span> <span class='ocrx_word' id='word_1_270' title='bbox 1123 3617 1218 3668; x_wconf 79' lang='grc' dir='ltr'><strong>καὶ</strong></span> <span class='ocrx_word' id='word_1_271' title='bbox 1243 3617 1318 3677; x_wconf 87' lang='grc' dir='ltr'>ὼς</span> <span class='ocrx_word' id='word_1_272' title='bbox 1346 3616 1739 3684; x_wconf 78' lang='grc' dir='ltr'>εὐεργετησάν-</span> 
     </span>
    </p>
   </div>
   <div class='ocr_carea' id='block_1_40' title="bbox 164 3706 1739 3778">
    <p class='ocr_par' dir='ltr' id='par_1_40' title="bbox 164 3706 1739 3778">
     <span class='ocr_line' id='line_1_40' title="bbox 164 3706 1739 3778; baseline 0.001 -20"><span class='ocrx_word' id='word_1_273' title='bbox 164 3723 273 3758; x_wconf 90' lang='grc' dir='ltr'><strong>των</strong></span> <span class='ocrx_word' id='word_1_274' title='bbox 305 3706 668 3777; x_wconf 88' lang='grc' dir='ltr'>ὐπερεύχεται</span> <span class='ocrx_word' id='word_1_275' title='bbox 689 3725 703 3739; x_wconf 89' lang='grc'><strong>·</strong></span> <span class='ocrx_word' id='word_1_276' title='bbox 740 3707 821 3760; x_wconf 82' lang='grc' dir='ltr'><strong>διὸ</strong></span> <span class='ocrx_word' id='word_1_277' title='bbox 854 3710 950 3761; x_wconf 81' lang='grc' dir='ltr'>καὶ</span> <span class='ocrx_word' id='word_1_278' title='bbox 982 3708 1145 3770; x_wconf 82' lang='grc' dir='ltr'>αὐτὸς</span> <span class='ocrx_word' id='word_1_279' title='bbox 1175 3708 1235 3760; x_wconf 90' lang='grc' dir='ltr'><strong>οὐ</strong></span> <span class='ocrx_word' id='word_1_280' title='bbox 1265 3707 1366 3778; x_wconf 81' lang='grc' dir='ltr'>τὴν</span> <span class='ocrx_word' id='word_1_281' title='bbox 1398 3710 1506 3759; x_wconf 90' lang='grc' dir='ltr'><strong>τῶν</strong></span> <span class='ocrx_word' id='word_1_282' title='bbox 1555 3709 1739 3776; x_wconf 77' lang='grc' dir='ltr'>ἡμαρ-</span> 
     </span>
    </p>
   </div>
   <div class='ocr_carea' id='block_1_41' title="bbox 161 3796 1741 3867">
    <p class='ocr_par' dir='ltr' id='par_1_41' title="bbox 161 3796 1741 3867">
     <span class='ocr_line' id='line_1_41' title="bbox 161 3796 1741 3867; baseline 0.001 -20"><span class='ocrx_word' id='word_1_283' title='bbox 161 3796 415 3865; x_wconf 66' lang='grc' dir='ltr'>τημένων</span> <span class='ocrx_word' id='word_1_284' title='bbox 471 3798 632 3865; x_wconf 80' lang='grc' dir='ltr'>μόνον</span> <span class='ocrx_word' id='word_1_285' title='bbox 701 3798 1053 3867; x_wconf 77' lang='grc' dir='ltr'>συγχώρησιν</span> <span class='ocrx_word' id='word_1_286' title='bbox 1106 3796 1371 3866; x_wconf 71' lang='grc' dir='ltr'>λαμϐάνει</span> <span class='ocrx_word' id='word_1_287' title='bbox 1438 3796 1581 3849; x_wconf 85' lang='grc' dir='ltr'><strong>κατά</strong></span> <span class='ocrx_word' id='word_1_288' title='bbox 1643 3797 1741 3866; x_wconf 83' lang='grc' dir='ltr'><strong>τὴν</strong></span> 
     </span>
    </p>
   </div>
   <div class='ocr_carea' id='block_1_42' title="bbox 163 3886 1739 3958">
    <p class='ocr_par' dir='ltr' id='par_1_42' title="bbox 163 3886 1739 3958">
     <span class='ocr_line' id='line_1_42' title="bbox 163 3886 1739 3958; baseline 0 -20"><span class='ocrx_word' id='word_1_289' title='bbox 163 3887 524 3954; x_wconf 74' lang='grc' dir='ltr'>ἐπαγγελίαν,</span> <span class='ocrx_word' id='word_1_290' title='bbox 553 3886 688 3940; x_wconf 80' lang='grc' dir='ltr'>ἀλλὰ</span> <span class='ocrx_word' id='word_1_291' title='bbox 727 3888 822 3942; x_wconf 76' lang='grc' dir='ltr'><strong>καὶ</strong></span> <span class='ocrx_word' id='word_1_292' title='bbox 851 3891 950 3958; x_wconf 79' lang='grc' dir='ltr'><strong>τῆς</strong></span> <span class='ocrx_word' id='word_1_293' title='bbox 977 3888 1087 3940; x_wconf 88' lang='grc' dir='ltr'><strong>τῶν</strong></span> <span class='ocrx_word' id='word_1_294' title='bbox 1137 3887 1385 3958; x_wconf 82' lang='grc' dir='ltr'>οὐρανῶν</span> <span class='ocrx_word' id='word_1_295' title='bbox 1441 3887 1739 3956; x_wconf 75' lang='grc' dir='ltr'>βασιλείας,</span> 
     </span>
    </p>
   </div>
   <div class='ocr_carea' id='block_1_43' title="bbox 164 3977 1742 4049">
    <p class='ocr_par' dir='ltr' id='par_1_43' title="bbox 164 3977 1742 4049">
     <span class='ocr_line' id='line_1_43' title="bbox 164 3977 1742 4049; baseline -0.001 -17"><span class='ocrx_word' id='word_1_296' title='bbox 164 3979 261 4032; x_wconf 80' lang='grc' dir='ltr'>καὶ</span> <span class='ocrx_word' id='word_1_297' title='bbox 291 3979 391 4047; x_wconf 82' lang='grc' dir='ltr'>τῆς</span> <span class='ocrx_word' id='word_1_298' title='bbox 433 3977 586 4040; x_wconf 86' lang='grc' dir='ltr'>θείας</span> <span class='ocrx_word' id='word_1_299' title='bbox 639 3979 890 4048; x_wconf 83' lang='grc' dir='ltr'>εὐλογίας</span> <span class='ocrx_word' id='word_1_300' title='bbox 942 3981 1320 4049; x_wconf 78' lang='grc' dir='ltr'>ἐπιτυγχάνει,</span> <span class='ocrx_word' id='word_1_301' title='bbox 1382 3979 1742 4049; x_wconf 79' lang='grc' dir='ltr'>μακαρισθεὶς</span> 
     </span>
    </p>
   </div>
   <div class='ocr_carea' id='block_1_44' title="bbox 166 4052 1744 4137">
    <p class='ocr_par' dir='ltr' id='par_1_44' title="bbox 166 4052 1744 4137">
     <span class='ocr_line' id='line_1_44' title="bbox 166 4052 1744 4137; baseline 0.003 -19"><span class='ocrx_word' id='word_1_302' title='bbox 166 4066 275 4118; x_wconf 71' lang='grc' dir='ltr'><strong>ὑπὸ</strong></span> <span class='ocrx_word' id='word_1_303' title='bbox 311 4065 405 4117; x_wconf 83' lang='grc' dir='ltr'><strong>τοῦ</strong></span> <span class='ocrx_word' id='word_1_304' title='bbox 437 4052 664 4136; x_wconf 82' lang='grc' dir='ltr'>Κυρίου,</span> <span class='ocrx_word' id='word_1_305' title='bbox 701 4067 787 4120; x_wconf 80' lang='grc' dir='ltr'>διὰ</span> <span class='ocrx_word' id='word_1_306' title='bbox 818 4068 917 4136; x_wconf 82' lang='grc' dir='ltr'><strong>τὴν</strong></span> <span class='ocrx_word' id='word_1_307' title='bbox 949 4071 1006 4120; x_wconf 87' lang='grc' dir='ltr'>ὲν</span> <span class='ocrx_word' id='word_1_308' title='bbox 1046 4057 1321 4137; x_wconf 76' lang='grc' dir='ltr'>πνεύματι</span> <span class='ocrx_word' id='word_1_309' title='bbox 1360 4069 1744 4133; x_wconf 85' lang='grc' dir='ltr'>ταπεινώσεως</span> 
     </span>
    </p>
   </div>
   <div class='ocr_carea' id='block_1_45' title="bbox 165 4155 1744 4230">
    <p class='ocr_par' dir='ltr' id='par_1_45' title="bbox 165 4155 1744 4230">
     <span class='ocr_line' id='line_1_45' title="bbox 165 4155 1744 4230; baseline 0.004 -22"><span class='ocrx_word' id='word_1_310' title='bbox 165 4158 245 4220; x_wconf 88' lang='grc' dir='ltr'><strong>είς</strong></span> <span class='ocrx_word' id='word_1_311' title='bbox 285 4155 437 4220; x_wconf 83' lang='grc' dir='ltr'>τέλος</span> <span class='ocrx_word' id='word_1_312' title='bbox 489 4158 895 4228; x_wconf 78' lang='grc' dir='ltr'>μακροθυμίαν.</span> <span class='ocrx_word' id='word_1_313' title='bbox 944 4160 1133 4228; x_wconf 83' lang='grc' dir='ltr'>Ἡμεῖς</span> <span class='ocrx_word' id='word_1_314' title='bbox 1165 4161 1220 4214; x_wconf 85' lang='grc' dir='ltr'>δὲ</span> <span class='ocrx_word' id='word_1_315' title='bbox 1247 4161 1314 4213; x_wconf 82' lang='grc' dir='ltr'>δι’</span> <span class='ocrx_word' id='word_1_316' title='bbox 1347 4161 1540 4226; x_wconf 69' lang='grc' dir='ltr'>λιλίγων</span> <span class='ocrx_word' id='word_1_317' title='bbox 1587 4163 1744 4230; x_wconf 82' lang='grc' dir='ltr'>ὀλίγα</span> 
     </span>
    </p>
   </div>
   <div class='ocr_carea' id='block_1_46' title="bbox 164 4253 1745 4326">
    <p class='ocr_par' dir='ltr' id='par_1_46' title="bbox 164 4253 1745 4326">
     <span class='ocr_line' id='line_1_46' title="bbox 164 4253 1745 4326; baseline 0.003 -21"><span class='ocrx_word' id='word_1_318' title='bbox 164 4253 271 4321; x_wconf 83' lang='grc' dir='ltr'>τῆς</span> <span class='ocrx_word' id='word_1_319' title='bbox 298 4255 678 4324; x_wconf 82' lang='grc' dir='ltr'>πνευματικῆς</span> <span class='ocrx_word' id='word_1_320' title='bbox 708 4255 1090 4320; x_wconf 81' lang='grc' dir='ltr'>ύποδείξαντες</span> <span class='ocrx_word' id='word_1_321' title='bbox 1137 4258 1466 4326; x_wconf 79' lang='grc' dir='ltr'>περιτομῆς,</span> <span class='ocrx_word' id='word_1_322' title='bbox 1504 4257 1596 4310; x_wconf 87' lang='grc' dir='ltr'><strong>καί</strong></span> <span class='ocrx_word' id='word_1_323' title='bbox 1622 4275 1745 4310; x_wconf 90' lang='grc' dir='ltr'>τινα</span> 
     </span>
    </p>
   </div>
   <div class='ocr_carea' id='block_1_47' title="bbox 167 4345 1745 4418">
    <p class='ocr_par' dir='ltr' id='par_1_47' title="bbox 167 4345 1745 4418">
     <span class='ocr_line' id='line_1_47' title="bbox 167 4345 1745 4418; baseline 0.004 -23"><span class='ocrx_word' id='word_1_324' title='bbox 167 4345 467 4414; x_wconf 84' lang='grc' dir='ltr'>προθῶμεν</span> <span class='ocrx_word' id='word_1_325' title='bbox 513 4348 617 4416; x_wconf 73' lang='grc' dir='ltr'>ήδη</span> <span class='ocrx_word' id='word_1_326' title='bbox 661 4347 759 4418; x_wconf 83' lang='grc' dir='ltr'>τῆς</span> <span class='ocrx_word' id='word_1_327' title='bbox 799 4348 887 4400; x_wconf 83' lang='grc' dir='ltr'>διὰ</span> <span class='ocrx_word' id='word_1_328' title='bbox 923 4347 1127 4416; x_wconf 84' lang='grc' dir='ltr'>ταύτην</span> <span class='ocrx_word' id='word_1_329' title='bbox 1175 4349 1454 4418; x_wconf 81' lang='grc' dir='ltr'>εὐφορίας.</span> <span class='ocrx_word' id='word_1_330' title='bbox 1515 4349 1745 4418; x_wconf 79' lang='grc' dir='ltr'><strong>Ἔφεξῆς</strong></span> 
     </span>
    </p>
   </div>
   <div class='ocr_carea' id='block_1_48' title="bbox 166 4437 1745 4508">
    <p class='ocr_par' dir='ltr' id='par_1_48' title="bbox 166 4437 1745 4508">
     <span class='ocr_line' id='line_1_48' title="bbox 166 4437 1745 4508; baseline 0.003 -20"><span class='ocrx_word' id='word_1_331' title='bbox 166 4437 350 4490; x_wconf 87' lang='grc' dir='ltr'>τοίνυν</span> <span class='ocrx_word' id='word_1_332' title='bbox 379 4440 493 4499; x_wconf 89' lang='grc' dir='ltr'>τοῖς</span> <span class='ocrx_word' id='word_1_333' title='bbox 520 4437 609 4490; x_wconf 81' lang='grc' dir='ltr'>διὰ</span> <span class='ocrx_word' id='word_1_334' title='bbox 637 4438 736 4507; x_wconf 84' lang='grc' dir='ltr'>τὴν</span> <span class='ocrx_word' id='word_1_335' title='bbox 765 4439 823 4490; x_wconf 77' lang='grc' dir='ltr'><strong>ὲν</strong></span> <span class='ocrx_word' id='word_1_336' title='bbox 849 4439 1122 4508; x_wconf 82' lang='grc' dir='ltr'>πνεύματι</span> <span class='ocrx_word' id='word_1_337' title='bbox 1169 4440 1464 4508; x_wconf 87' lang='grc' dir='ltr'>πτωχείαν,</span> <span class='ocrx_word' id='word_1_338' title='bbox 1495 4440 1586 4491; x_wconf 74' lang='grc' dir='ltr'>τὸν</span> <span class='ocrx_word' id='word_1_339' title='bbox 1613 4442 1745 4494; x_wconf 84' lang='grc' dir='ltr'>ἁνα-</span> 
     </span>
    </p>
   </div>
   <div class='ocr_carea' id='block_1_49' title="bbox 170 4526 1739 4600">
    <p class='ocr_par' dir='ltr' id='par_1_49' title="bbox 170 4526 1739 4600">
     <span class='ocr_line' id='line_1_49' title="bbox 170 4526 1739 4600; baseline 0.002 -20"><span class='ocrx_word' id='word_1_340' title='bbox 170 4528 429 4598; x_wconf 84' lang='grc' dir='ltr'>φαίρετον</span> <span class='ocrx_word' id='word_1_341' title='bbox 487 4526 718 4582; x_wconf 83' lang='grc' dir='ltr'>πλοῦτον</span> <span class='ocrx_word' id='word_1_342' title='bbox 766 4530 1154 4600; x_wconf 86' lang='grc' dir='ltr'>κτησαμένοις,</span> <span class='ocrx_word' id='word_1_343' title='bbox 1186 4532 1213 4583; x_wconf 85' lang='grc' dir='ltr'>ὁ</span> <span class='ocrx_word' id='word_1_344' title='bbox 1243 4532 1405 4598; x_wconf 89' lang='grc' dir='ltr'>μόνος</span> <span class='ocrx_word' id='word_1_345' title='bbox 1448 4534 1739 4600; x_wconf 84' lang='grc' dir='ltr'>μακάριος,</span> 
     </span>
    </p>
   </div>
   <div class='ocr_carea' id='block_1_50' title="bbox 169 4621 1747 4694">
    <p class='ocr_par' dir='ltr' id='par_1_50' title="bbox 169 4621 1747 4694">
     <span class='ocr_line' id='line_1_50' title="bbox 169 4621 1747 4694; baseline 0.002 -20"><span class='ocrx_word' id='word_1_346' title='bbox 169 4623 300 4684; x_wconf 78' lang='grc' dir='ltr'>τοὺς</span> <span class='ocrx_word' id='word_1_347' title='bbox 322 4621 654 4684; x_wconf 77' lang='grc' dir='ltr'>πενθοῦντας</span> <span class='ocrx_word' id='word_1_348' title='bbox 692 4625 978 4685; x_wconf 83' lang='grc' dir='ltr'>κοινωνοὺς</span> <span class='ocrx_word' id='word_1_349' title='bbox 1009 4627 1240 4678; x_wconf 86' lang='grc' dir='ltr'>ποιεῖται</span> <span class='ocrx_word' id='word_1_350' title='bbox 1275 4625 1372 4693; x_wconf 87' lang='grc' dir='ltr'>τῆς</span> <span class='ocrx_word' id='word_1_351' title='bbox 1402 4625 1608 4686; x_wconf 77' lang='grc' dir='ltr'>οἰκείας</span> <span class='ocrx_word' id='word_1_352' title='bbox 1641 4644 1747 4694; x_wconf 81' lang='grc' dir='ltr'>μα-</span> 
     </span>
    </p>
   </div>
   <div class='ocr_carea' id='block_1_51' title="bbox 171 4715 1746 4787">
    <p class='ocr_par' dir='ltr' id='par_1_51' title="bbox 171 4715 1746 4787">
     <span class='ocr_line' id='line_1_51' title="bbox 171 4715 1746 4787; baseline 0.002 -19"><span class='ocrx_word' id='word_1_353' title='bbox 171 4715 546 4787; x_wconf 73' lang='grc' dir='ltr'>καριότητος,ι</span> <span class='ocrx_word' id='word_1_354' title='bbox 575 4716 876 4786; x_wconf 79' lang='grc' dir='ltr'>Μακάριοι,</span> <span class='ocrx_word' id='word_1_355' title='bbox 897 4718 1090 4785; x_wconf 82' lang='grc' dir='ltr'>λέγων,</span> <span class='ocrx_word' id='word_1_356' title='bbox 1121 4719 1169 4770; x_wconf 76' lang='grc' dir='ltr'>οἱ</span> <span class='ocrx_word' id='word_1_357' title='bbox 1193 4718 1533 4780; x_wconf 80' lang='grc' dir='ltr'>πενθοῦντες,</span> <span class='ocrx_word' id='word_1_358' title='bbox 1551 4719 1631 4770; x_wconf 83' lang='grc' dir='ltr'><strong>ὅτι</strong></span> <span class='ocrx_word' id='word_1_359' title='bbox 1651 4721 1746 4771; x_wconf 88' lang='grc' dir='ltr'>αὐ-</span> 
     </span>
    </p>
   </div>
   <div class='ocr_carea' id='block_1_52' title="bbox 172 4805 1747 4877">
    <p class='ocr_par' dir='ltr' id='par_1_52' title="bbox 172 4805 1747 4877">
     <span class='ocr_line' id='line_1_52' title="bbox 172 4805 1747 4877; baseline 0.002 -20"><span class='ocrx_word' id='word_1_360' title='bbox 172 4808 256 4858; x_wconf 77' lang='grc' dir='ltr'>τοὶ</span> <span class='ocrx_word' id='word_1_361' title='bbox 284 4805 820 4875; x_wconf 79' lang='grc' dir='ltr'>παρακληθήσονται.</span> <span class='ocrx_word' id='word_1_362' title='bbox 861 4825 878 4855; x_wconf 72' lang='grc' dir='ltr'><strong>ι</strong></span> <span class='ocrx_word' id='word_1_363' title='bbox 911 4808 1064 4858; x_wconf 81' lang='grc' dir='ltr'>Διατί</span> <span class='ocrx_word' id='word_1_364' title='bbox 1095 4809 1148 4859; x_wconf 83' lang='grc' dir='ltr'>δὲ</span> <span class='ocrx_word' id='word_1_365' title='bbox 1188 4809 1424 4877; x_wconf 75' lang='grc' dir='ltr'>συνῆψεν</span> <span class='ocrx_word' id='word_1_366' title='bbox 1451 4811 1480 4861; x_wconf 86' lang='grc' dir='ltr'>ὁ</span> <span class='ocrx_word' id='word_1_367' title='bbox 1511 4810 1747 4876; x_wconf 74' lang='grc' dir='ltr'>Χριστὸς</span> 
     </span>
    </p>
   </div>
   <div class='ocr_carea' id='block_1_53' title="bbox 172 4898 1747 4971">
    <p class='ocr_par' dir='ltr' id='par_1_53' title="bbox 172 4898 1747 4971">
     <span class='ocr_line' id='line_1_53' title="bbox 172 4898 1747 4971; baseline 0.002 -23"><span class='ocrx_word' id='word_1_368' title='bbox 172 4901 235 4949; x_wconf 82' lang='grc' dir='ltr'>τὸ</span> <span class='ocrx_word' id='word_1_369' title='bbox 264 4899 458 4959; x_wconf 81' lang='grc' dir='ltr'>πένθος</span> <span class='ocrx_word' id='word_1_370' title='bbox 483 4899 548 4966; x_wconf 77' lang='grc' dir='ltr'>τῇ</span> <span class='ocrx_word' id='word_1_371' title='bbox 581 4898 858 4966; x_wconf 63' lang='grc' dir='ltr'>πτωχείας</span> <span class='ocrx_word' id='word_1_372' title='bbox 897 4899 1084 4968; x_wconf 73' lang='grc' dir='ltr'>ἐπειδὴ</span> <span class='ocrx_word' id='word_1_373' title='bbox 1133 4901 1225 4952; x_wconf 74' lang='grc' dir='ltr'><strong>καὶ</strong></span> <span class='ocrx_word' id='word_1_374' title='bbox 1272 4901 1446 4971; x_wconf 84' lang='grc' dir='ltr'>ταύτῃ</span> <span class='ocrx_word' id='word_1_375' title='bbox 1498 4901 1747 4955; x_wconf 86' lang='grc' dir='ltr'>σύνεστιν</span> 
     </span>
    </p>
   </div>
   <div class='ocr_carea' id='block_1_54' title="bbox 173 4987 1746 5061">
    <p class='ocr_par' dir='ltr' id='par_1_54' title="bbox 173 4987 1746 5061">
     <span class='ocr_line' id='line_1_54' title="bbox 173 4987 1746 5061; baseline -0.001 -18"><span class='ocrx_word' id='word_1_376' title='bbox 173 4989 282 5043; x_wconf 83' lang='grc' dir='ltr'>ἀεί.</span> <span class='ocrx_word' id='word_1_377' title='bbox 301 4987 495 5053; x_wconf 79' lang='grc' dir='ltr'>’Δλλ’,ι</span> <span class='ocrx_word' id='word_1_378' title='bbox 517 4989 578 5040; x_wconf 85' lang='lat' dir='ltr'><strong>&#39;H</strong></span> <span class='ocrx_word' id='word_1_379' title='bbox 611 4990 710 5057; x_wconf 84' lang='grc' dir='ltr'>μὲν</span> <span class='ocrx_word' id='word_1_380' title='bbox 734 4991 826 5041; x_wconf 69' lang='grc' dir='ltr'>ἐπὶ</span> <span class='ocrx_word' id='word_1_381' title='bbox 848 4993 912 5059; x_wconf 84' lang='grc' dir='ltr'>τῇ</span> <span class='ocrx_word' id='word_1_382' title='bbox 937 4990 1079 5042; x_wconf 83' lang='grc' dir='ltr'><strong>κατά</strong></span> <span class='ocrx_word' id='word_1_383' title='bbox 1097 4992 1300 5058; x_wconf 78' lang='grc' dir='ltr'>κόσμον</span> <span class='ocrx_word' id='word_1_384' title='bbox 1320 4993 1562 5061; x_wconf 80' lang='grc' dir='ltr'>πτωχείᾳ</span> <span class='ocrx_word' id='word_1_385' title='bbox 1579 4991 1746 5058; x_wconf 84' lang='grc' dir='ltr'>λύπη,</span> 
     </span>
    </p>
   </div>
   <div class='ocr_carea' id='block_1_55' title="bbox 179 5077 1748 5150">
    <p class='ocr_par' dir='ltr' id='par_1_55' title="bbox 179 5077 1748 5150">
     <span class='ocr_line' id='line_1_55' title="bbox 179 5077 1748 5150; baseline 0 -18"><span class='ocrx_word' id='word_1_386' title='bbox 179 5081 414 5132; x_wconf 84' lang='grc' dir='ltr'>θάνατον</span> <span class='ocrx_word' id='word_1_387' title='bbox 441 5077 618 5148; x_wconf 86' lang='grc' dir='ltr'>ψυχῆς</span> <span class='ocrx_word' id='word_1_388' title='bbox 658 5079 1300 5149; x_wconf 78' lang='grc' dir='ltr'>κατεργάζεται,φησ“ινδ</span> <span class='ocrx_word' id='word_1_389' title='bbox 1331 5083 1649 5142; x_wconf 83' lang='grc' dir='ltr'>Ἀπόστολος</span> <span class='ocrx_word' id='word_1_390' title='bbox 1671 5095 1682 5107; x_wconf 90' lang='grc'><strong>·</strong></span> <span class='ocrx_word' id='word_1_391' title='bbox 1715 5083 1748 5150; x_wconf 79' lang='grc' dir='ltr'>ἡ</span> 
     </span>
    </p>
   </div>
   <div class='ocr_carea' id='block_1_56' title="bbox 177 5170 1748 5241">
    <p class='ocr_par' dir='ltr' id='par_1_56' title="bbox 177 5170 1748 5241">
     <span class='ocr_line' id='line_1_56' title="bbox 177 5170 1748 5241; baseline 0.001 -19"><span class='ocrx_word' id='word_1_392' title='bbox 177 5171 233 5223; x_wconf 78' lang='grc' dir='ltr'>δὲ</span> <span class='ocrx_word' id='word_1_393' title='bbox 265 5171 358 5223; x_wconf 79' lang='grc' dir='ltr'><strong>ἐπὶ</strong></span> <span class='ocrx_word' id='word_1_394' title='bbox 382 5173 445 5240; x_wconf 77' lang='grc' dir='ltr'>τῇ</span> <span class='ocrx_word' id='word_1_395' title='bbox 466 5173 605 5223; x_wconf 86' lang='grc' dir='ltr'><strong>κατά</strong></span> <span class='ocrx_word' id='word_1_396' title='bbox 619 5170 752 5222; x_wconf 75' lang='grc' dir='ltr'>Θεδν</span> <span class='ocrx_word' id='word_1_397' title='bbox 785 5172 1023 5241; x_wconf 79' lang='grc' dir='ltr'>πτωχείᾳ</span> <span class='ocrx_word' id='word_1_398' title='bbox 1040 5171 1207 5239; x_wconf 82' lang='grc' dir='ltr'>λύπη,</span> <span class='ocrx_word' id='word_1_399' title='bbox 1226 5174 1511 5240; x_wconf 86' lang='grc' dir='ltr'>μετάνοιαν</span> <span class='ocrx_word' id='word_1_400' title='bbox 1541 5175 1748 5241; x_wconf 80' lang='grc' dir='ltr'>ἀμετα-</span> 
     </span>
    </p>
   </div>
   <div class='ocr_carea' id='block_1_57' title="bbox 183 5260 1748 5332">
    <p class='ocr_par' dir='ltr' id='par_1_57' title="bbox 183 5260 1748 5332">
     <span class='ocr_line' id='line_1_57' title="bbox 183 5260 1748 5332; baseline 0.001 -22"><span class='ocrx_word' id='word_1_401' title='bbox 183 5261 415 5330; x_wconf 60' lang='grc' dir='ltr'>μέλητιΝ</span> <span class='ocrx_word' id='word_1_402' title='bbox 437 5261 518 5324; x_wconf 84' lang='grc' dir='ltr'>εἰς</span> <span class='ocrx_word' id='word_1_403' title='bbox 545 5260 722 5330; x_wconf 81' lang='grc' dir='ltr'>ψυχῆς</span> <span class='ocrx_word' id='word_1_404' title='bbox 749 5262 1042 5331; x_wconf 87' lang='grc' dir='ltr'>σωτηρίαν.</span> <span class='ocrx_word' id='word_1_405' title='bbox 1079 5281 1096 5310; x_wconf 78' lang='grc' dir='ltr'><strong>ι</strong></span> <span class='ocrx_word' id='word_1_406' title='bbox 1135 5264 1242 5314; x_wconf 75' lang='grc' dir='ltr'><strong>Καὶ</strong></span> <span class='ocrx_word' id='word_1_407' title='bbox 1267 5266 1332 5332; x_wconf 76' lang='grc' dir='ltr'>τῇ</span> <span class='ocrx_word' id='word_1_408' title='bbox 1366 5263 1464 5329; x_wconf 74' lang='grc' dir='ltr'>μὲν</span> <span class='ocrx_word' id='word_1_409' title='bbox 1505 5264 1748 5332; x_wconf 83' lang='grc' dir='ltr'>ἀκουσίῳ</span> 
     </span>
    </p>
   </div>
   <div class='ocr_carea' id='block_1_58' title="bbox 177 5353 1750 5423">
    <p class='ocr_par' dir='ltr' id='par_1_58' title="bbox 177 5353 1750 5423">
     <span class='ocr_line' id='line_1_58' title="bbox 177 5353 1750 5423; baseline 0 -17"><span class='ocrx_word' id='word_1_410' title='bbox 177 5355 321 5422; x_wconf 62' lang='lat' dir='ltr'><strong>ebori</strong></span> <span class='ocrx_word' id='word_1_411' title='bbox 345 5353 406 5405; x_wconf 85' lang='grc' dir='ltr'>τὸ</span> <span class='ocrx_word' id='word_1_412' title='bbox 432 5353 706 5418; x_wconf 88' lang='grc' dir='ltr'>ἀκούσιον,</span> <span class='ocrx_word' id='word_1_413' title='bbox 731 5356 795 5420; x_wconf 79' lang='grc' dir='ltr'>τῇ</span> <span class='ocrx_word' id='word_1_414' title='bbox 820 5353 874 5406; x_wconf 83' lang='grc' dir='ltr'>δὲ</span> <span class='ocrx_word' id='word_1_415' title='bbox 895 5354 1129 5423; x_wconf 79' lang='grc' dir='ltr'>ἑκουσίῳ</span> <span class='ocrx_word' id='word_1_416' title='bbox 1155 5355 1216 5408; x_wconf 77' lang='grc' dir='ltr'><strong>τὸ</strong></span> <span class='ocrx_word' id='word_1_417' title='bbox 1237 5355 1484 5407; x_wconf 80' lang='grc' dir='ltr'>ἑκουσίον</span> <span class='ocrx_word' id='word_1_418' title='bbox 1508 5354 1565 5418; x_wconf 80' lang='grc' dir='ltr'><strong>ἐξ</strong></span> <span class='ocrx_word' id='word_1_419' title='bbox 1585 5355 1750 5421; x_wconf 87' lang='grc' dir='ltr'>ἀνάγ-</span> 
     </span>
    </p>
   </div>
   <div class='ocr_carea' id='block_1_59' title="bbox 184 5444 1750 5516">
    <p class='ocr_par' dir='ltr' id='par_1_59' title="bbox 184 5444 1750 5516">
     <span class='ocr_line' id='line_1_59' title="bbox 184 5444 1750 5516; baseline 0 -18"><span class='ocrx_word' id='word_1_420' title='bbox 184 5463 288 5514; x_wconf 87' lang='grc' dir='ltr'><strong>κης</strong></span> <span class='ocrx_word' id='word_1_421' title='bbox 306 5444 496 5497; x_wconf 75' lang='grc' dir='ltr'>ἕπεται</span> <span class='ocrx_word' id='word_1_422' title='bbox 523 5445 739 5507; x_wconf 82' lang='grc' dir='ltr'>πένθος.</span> <span class='ocrx_word' id='word_1_423' title='bbox 758 5445 910 5498; x_wconf 70' lang='grc' dir='ltr'>Ἐπεὶ</span> <span class='ocrx_word' id='word_1_424' title='bbox 930 5447 985 5499; x_wconf 82' lang='grc' dir='ltr'>δὲ</span> <span class='ocrx_word' id='word_1_425' title='bbox 1013 5447 1072 5497; x_wconf 74' lang='grc' dir='ltr'>τὸ</span> <span class='ocrx_word' id='word_1_426' title='bbox 1099 5448 1537 5516; x_wconf 78' lang='grc' dir='ltr'>μακαριζόμενον</span> <span class='ocrx_word' id='word_1_427' title='bbox 1555 5447 1750 5510; x_wconf 82' lang='grc' dir='ltr'>πένθος</span> 
     </span>
    </p>
   </div>
   <div class='ocr_carea' id='block_1_60' title="bbox 184 5537 1749 5607">
    <p class='ocr_par' dir='ltr' id='par_1_60' title="bbox 184 5537 1749 5607">
     <span class='ocr_line' id='line_1_60' title="bbox 184 5537 1749 5607; baseline -0.003 -15"><span class='ocrx_word' id='word_1_428' title='bbox 184 5537 432 5592; x_wconf 71' lang='grc' dir='ltr'>ἐνταυθοῖ</span> <span class='ocrx_word' id='word_1_429' title='bbox 469 5540 530 5605; x_wconf 81' lang='grc' dir='ltr'>τῇ</span> <span class='ocrx_word' id='word_1_430' title='bbox 571 5538 711 5589; x_wconf 87' lang='grc' dir='ltr'><strong>κατά</strong></span> <span class='ocrx_word' id='word_1_431' title='bbox 772 5537 902 5589; x_wconf 84' lang='grc' dir='ltr'>Θεὸν</span> <span class='ocrx_word' id='word_1_432' title='bbox 959 5538 1227 5605; x_wconf 83' lang='grc' dir='ltr'>συνῆπται</span> <span class='ocrx_word' id='word_1_433' title='bbox 1267 5541 1525 5607; x_wconf 80' lang='grc' dir='ltr'>πτωχεία,</span> <span class='ocrx_word' id='word_1_434' title='bbox 1560 5539 1655 5591; x_wconf 70' lang='grc' dir='ltr'>καὶ</span> <span class='ocrx_word' id='word_1_435' title='bbox 1683 5538 1749 5589; x_wconf 81' lang='grc' dir='ltr'>δι’</span> 
     </span>
    </p>
   </div>
   <div class='ocr_carea' id='block_1_61' title="bbox 185 5630 1754 5699">
    <p class='ocr_par' dir='ltr' id='par_1_61' title="bbox 185 5630 1754 5699">
     <span class='ocr_line' id='line_1_61' title="bbox 185 5630 1754 5699; baseline 0.001 -16"><span class='ocrx_word' id='word_1_436' title='bbox 185 5631 398 5699; x_wconf 68' lang='grc' dir='ltr'>ἐκείνην</span> <span class='ocrx_word' id='word_1_437' title='bbox 415 5631 472 5696; x_wconf 78' lang='grc' dir='ltr'>ἐξ</span> <span class='ocrx_word' id='word_1_438' title='bbox 487 5633 732 5697; x_wconf 84' lang='grc' dir='ltr'>ἀνάγκης</span> <span class='ocrx_word' id='word_1_439' title='bbox 753 5647 810 5681; x_wconf 87' lang='grc' dir='ltr'><strong>τε</strong></span> <span class='ocrx_word' id='word_1_440' title='bbox 828 5630 1053 5697; x_wconf 90' lang='grc' dir='ltr'>γίνεται,</span> <span class='ocrx_word' id='word_1_441' title='bbox 1077 5631 1333 5698; x_wconf 77' lang='grc' dir='ltr'>κάκείνης</span> <span class='ocrx_word' id='word_1_442' title='bbox 1352 5632 1425 5693; x_wconf 84' lang='grc' dir='ltr'>ὡς</span> <span class='ocrx_word' id='word_1_443' title='bbox 1438 5633 1610 5693; x_wconf 75' lang='grc' dir='ltr'>αἰτίας</span> <span class='ocrx_word' id='word_1_444' title='bbox 1634 5631 1754 5684; x_wconf 74' lang='grc' dir='ltr'>ὅλον</span> 
     </span>
    </p>
   </div>
   <div class='ocr_carea' id='block_1_62' title="bbox 303 5810 1345 5877">
    <p class='ocr_par' dir='ltr' id='par_1_62' title="bbox 303 5810 1345 5877">
     <span class='ocr_line' id='line_1_62' title="bbox 303 5810 1345 5877; baseline -0.004 -11"><span class='ocrx_word' id='word_1_445' title='bbox 303 5813 353 5846; x_wconf 83' lang='grc'><strong><em>⁸⁸</em></strong></span> <span class='ocrx_word' id='word_1_446' title='bbox 374 5813 561 5869; x_wconf 71' lang='lat' dir='ltr'><strong>Matth.</strong></span> <span class='ocrx_word' id='word_1_447' title='bbox 597 5829 647 5877; x_wconf 76' lang='grc' dir='ltr'>ν,</span> <span class='ocrx_word' id='word_1_448' title='bbox 680 5814 732 5866; x_wconf 86' lang='grc'>5.</span> <span class='ocrx_word' id='word_1_449' title='bbox 810 5815 854 5844; x_wconf 78' lang='grc'><strong>⁸⁸</strong></span> <span class='ocrx_word' id='word_1_450' title='bbox 889 5813 930 5867; x_wconf 83' lang='grc' dir='ltr'><strong>ιι</strong></span> <span class='ocrx_word' id='word_1_451' title='bbox 970 5814 1094 5866; x_wconf 75' lang='lat' dir='ltr'><strong>(lor.</strong></span> <span class='ocrx_word' id='word_1_452' title='bbox 1126 5826 1218 5876; x_wconf 82' lang='grc' dir='ltr'>νιι,</span> <span class='ocrx_word' id='word_1_453' title='bbox 1266 5810 1345 5862; x_wconf 84' lang='lat' dir='ltr'><strong>l0.</strong></span> 
     </span>
    </p>
   </div>
   <div class='ocr_carea' id='block_1_63' title="bbox 1814 579 3409 662">
    <p class='ocr_par' dir='ltr' id='par_1_63' title="bbox 1814 579 3409 662">
     <span class='ocr_line' id='line_1_63' title="bbox 1814 579 3409 662; baseline -0.009 -18"><span class='ocrx_word' id='word_1_454' title='bbox 1814 592 2087 662; x_wconf 65' lang='lat' dir='ltr'><strong>agricolae,</strong></span> <span class='ocrx_word' id='word_1_455' title='bbox 2123 601 2237 645; x_wconf 90' lang='lat' dir='ltr'><strong>tum</strong></span> <span class='ocrx_word' id='word_1_456' title='bbox 2271 604 2336 642; x_wconf 79' lang='lat' dir='ltr'><strong>ex</strong></span> <span class='ocrx_word' id='word_1_457' title='bbox 2375 594 2762 654; x_wconf 71' lang='lat' dir='ltr'><strong>tempestatum</strong></span> <span class='ocrx_word' id='word_1_458' title='bbox 2797 581 3274 637; x_wconf 78' lang='lat' dir='ltr'><strong>vicissitudinibus</strong></span> <span class='ocrx_word' id='word_1_459' title='bbox 3305 579 3409 631; x_wconf 78' lang='lat' dir='ltr'><strong>ad-</strong></span> 
     </span>
    </p>
   </div>
   <div class='ocr_carea' id='block_1_64' title="bbox 1815 670 3405 747">
    <p class='ocr_par' dir='ltr' id='par_1_64' title="bbox 1815 670 3405 747">
     <span class='ocr_line' id='line_1_64' title="bbox 1815 670 3405 747; baseline -0.011 -10"><span class='ocrx_word' id='word_1_460' title='bbox 1815 683 2069 747; x_wconf 87' lang='lat' dir='ltr'><strong>veniunt,</strong></span> <span class='ocrx_word' id='word_1_461' title='bbox 2106 681 2223 735; x_wconf 67' lang='lat' dir='ltr'><strong>hinc</strong></span> <span class='ocrx_word' id='word_1_462' title='bbox 2248 677 2403 733; x_wconf 89' lang='lat' dir='ltr'><strong>nobis</strong></span> <span class='ocrx_word' id='word_1_463' title='bbox 2435 675 2790 730; x_wconf 76' lang='lat' dir='ltr'><strong>rationalibus</strong></span> <span class='ocrx_word' id='word_1_464' title='bbox 2820 671 3025 727; x_wconf 81' lang='lat' dir='ltr'><strong>Christi</strong></span> <span class='ocrx_word' id='word_1_465' title='bbox 3069 670 3405 740; x_wconf 82' lang='lat' dir='ltr'><strong>palmitibus,</strong></span> 
     </span>
    </p>
   </div>
   <div class='ocr_carea' id='block_1_65' title="bbox 1816 763 3408 834">
    <p class='ocr_par' dir='ltr' id='par_1_65' title="bbox 1816 763 3408 834">
     <span class='ocr_line' id='line_1_65' title="bbox 1816 763 3408 834; baseline -0.009 -6"><span class='ocrx_word' id='word_1_466' title='bbox 1816 774 2164 829; x_wconf 84' lang='lat' dir='ltr'><strong>credentibus</strong></span> <span class='ocrx_word' id='word_1_467' title='bbox 2178 771 2302 824; x_wconf 92' lang='lat' dir='ltr'><strong>huic</strong></span> <span class='ocrx_word' id='word_1_468' title='bbox 2328 770 2633 822; x_wconf 87' lang='lat' dir='ltr'><strong>auimarmn</strong></span> <span class='ocrx_word' id='word_1_469' title='bbox 2694 765 2970 834; x_wconf 68' lang='lat' dir='ltr'><strong>agricolae,</strong></span> <span class='ocrx_word' id='word_1_470' title='bbox 2995 763 3315 830; x_wconf 83' lang='lat' dir='ltr'><strong>contingunt</strong></span> <span class='ocrx_word' id='word_1_471' title='bbox 3341 774 3408 813; x_wconf 77' lang='lat' dir='ltr'><strong>ex</strong></span> 
     </span>
    </p>
   </div>
   <div class='ocr_carea' id='block_1_66' title="bbox 1817 855 3409 930">
    <p class='ocr_par' dir='ltr' id='par_1_66' title="bbox 1817 855 3409 930">
     <span class='ocr_line' id='line_1_66' title="bbox 1817 855 3409 930; baseline -0.01 -12"><span class='ocrx_word' id='word_1_472' title='bbox 1817 863 1973 918; x_wconf 86' lang='lat' dir='ltr'><strong>liberi</strong></span> <span class='ocrx_word' id='word_1_473' title='bbox 1993 861 2201 916; x_wconf 88' lang='lat' dir='ltr'><strong>arbitrii</strong></span> <span class='ocrx_word' id='word_1_474' title='bbox 2238 875 2350 930; x_wconf 85' lang='lat' dir='ltr'><strong>quo</strong></span> <span class='ocrx_word' id='word_1_475' title='bbox 2380 859 2703 929; x_wconf 75' lang='lat' dir='ltr'><strong>gaudemus,</strong></span> <span class='ocrx_word' id='word_1_476' title='bbox 2737 855 3026 910; x_wconf 84' lang='lat' dir='ltr'><strong>electione.</strong></span> <span class='ocrx_word' id='word_1_477' title='bbox 3053 855 3118 905; x_wconf 80' lang='lat' dir='ltr'><strong>At</strong></span> <span class='ocrx_word' id='word_1_478' title='bbox 3151 855 3270 906; x_wconf 83' lang='lat' dir='ltr'><strong>sine</strong></span> <span class='ocrx_word' id='word_1_479' title='bbox 3309 868 3409 920; x_wconf 83' lang='lat' dir='ltr'><strong>pa-</strong></span> 
     </span>
    </p>
   </div>
   <div class='ocr_carea' id='block_1_67' title="bbox 1819 947 3414 1022">
    <p class='ocr_par' dir='ltr' id='par_1_67' title="bbox 1819 947 3414 1022">
     <span class='ocr_line' id='line_1_67' title="bbox 1819 947 3414 1022; baseline -0.007 -13"><span class='ocrx_word' id='word_1_480' title='bbox 1819 954 2010 1009; x_wconf 85' lang='lat' dir='ltr'><strong>tientia</strong></span> <span class='ocrx_word' id='word_1_481' title='bbox 2048 969 2238 1008; x_wconf 89' lang='lat' dir='ltr'><strong>eorum</strong></span> <span class='ocrx_word' id='word_1_482' title='bbox 2273 968 2394 1022; x_wconf 67' lang='lat' dir='ltr'><strong>quae</strong></span> <span class='ocrx_word' id='word_1_483' title='bbox 2413 961 2618 1020; x_wconf 64' lang='lat' dir='ltr'><strong>praeter</strong></span> <span class='ocrx_word' id='word_1_484' title='bbox 2657 948 2990 1001; x_wconf 78' lang='lat' dir='ltr'><strong>voluntatem</strong></span> <span class='ocrx_word' id='word_1_485' title='bbox 3025 947 3182 1000; x_wconf 87' lang='lat' dir='ltr'><strong>nobis</strong></span> <span class='ocrx_word' id='word_1_486' title='bbox 3219 960 3414 1012; x_wconf 87' lang='lat' dir='ltr'><strong>supcr-</strong></span> 
     </span>
    </p>
   </div>
   <div class='ocr_carea' id='block_1_68' title="bbox 1822 1040 3416 1115">
    <p class='ocr_par' dir='ltr' id='par_1_68' title="bbox 1822 1040 3416 1115">
     <span class='ocr_line' id='line_1_68' title="bbox 1822 1040 3416 1115; baseline -0.006 -15"><span class='ocrx_word' id='word_1_487' title='bbox 1822 1049 2070 1114; x_wconf 87' lang='lat' dir='ltr'><strong>veniunt,</strong></span> <span class='ocrx_word' id='word_1_488' title='bbox 2121 1063 2188 1102; x_wconf 89' lang='lat' dir='ltr'><strong>ne</strong></span> <span class='ocrx_word' id='word_1_489' title='bbox 2225 1054 2420 1115; x_wconf 89' lang='lat' dir='ltr'><strong>sponte</strong></span> <span class='ocrx_word' id='word_1_490' title='bbox 2483 1043 2701 1113; x_wconf 84' lang='lat' dir='ltr'><strong>quidem</strong></span> <span class='ocrx_word' id='word_1_491' title='bbox 2754 1041 2896 1096; x_wconf 76' lang='lat' dir='ltr'><strong>facta</strong></span> <span class='ocrx_word' id='word_1_492' title='bbox 2931 1040 3172 1092; x_wconf 74' lang='lat' dir='ltr'><strong>divinam</strong></span> <span class='ocrx_word' id='word_1_493' title='bbox 3218 1050 3416 1092; x_wconf 89' lang='lat' dir='ltr'><strong>consc-</strong></span> 
     </span>
    </p>
   </div>
   <div class='ocr_carea' id='block_1_69' title="bbox 1821 1127 3414 1208">
    <p class='ocr_par' dir='ltr' id='par_1_69' title="bbox 1821 1127 3414 1208">
     <span class='ocr_line' id='line_1_69' title="bbox 1821 1127 3414 1208; baseline -0.009 -13"><span class='ocrx_word' id='word_1_494' title='bbox 1821 1151 2059 1208; x_wconf 86' lang='lat' dir='ltr'><strong>quentur</strong></span> <span class='ocrx_word' id='word_1_495' title='bbox 2091 1138 2552 1192; x_wconf 79' lang='lat' dir='ltr'><strong>benedictionem.</strong></span> <span class='ocrx_word' id='word_1_496' title='bbox 2596 1137 2763 1187; x_wconf 84' lang='lat' dir='ltr'><strong>Amor</strong></span> <span class='ocrx_word' id='word_1_497' title='bbox 2787 1133 2934 1187; x_wconf 89' lang='lat' dir='ltr'><strong>enim</strong></span> <span class='ocrx_word' id='word_1_498' title='bbox 2987 1131 3080 1184; x_wconf 86' lang='lat' dir='ltr'><strong>Dei</strong></span> <span class='ocrx_word' id='word_1_499' title='bbox 3111 1127 3414 1199; x_wconf 64' lang='lat' dir='ltr'><strong>prmsertim</strong></span> 
     </span>
    </p>
   </div>
   <div class='ocr_carea' id='block_1_70' title="bbox 1825 1223 3415 1294">
    <p class='ocr_par' dir='ltr' id='par_1_70' title="bbox 1825 1223 3415 1294">
     <span class='ocr_line' id='line_1_70' title="bbox 1825 1223 3415 1294; baseline -0.009 -6"><span class='ocrx_word' id='word_1_500' title='bbox 1825 1248 1890 1288; x_wconf 81' lang='lat' dir='ltr'><strong>ex</strong></span> <span class='ocrx_word' id='word_1_501' title='bbox 1946 1231 2315 1285; x_wconf 87' lang='lat' dir='ltr'><strong>tentationum</strong></span> <span class='ocrx_word' id='word_1_502' title='bbox 2360 1227 2714 1292; x_wconf 64' lang='lat' dir='ltr'><strong>tribulatione</strong></span> <span class='ocrx_word' id='word_1_503' title='bbox 2760 1225 3136 1294; x_wconf 72' lang='lat' dir='ltr'><strong>probationem</strong></span> <span class='ocrx_word' id='word_1_504' title='bbox 3195 1223 3415 1290; x_wconf 80' lang='lat' dir='ltr'><strong>accipit.</strong></span> 
     </span>
    </p>
   </div>
   <div class='ocr_carea' id='block_1_71' title="bbox 1895 1313 3406 1390">
    <p class='ocr_par' dir='ltr' id='par_1_71' title="bbox 1895 1313 3406 1390">
     <span class='ocr_line' id='line_1_71' title="bbox 1895 1313 3406 1390; baseline -0.009 -10"><span class='ocrx_word' id='word_1_505' title='bbox 1895 1323 2123 1390; x_wconf 76' lang='lat' dir='ltr'><strong>Oportet</strong></span> <span class='ocrx_word' id='word_1_506' title='bbox 2159 1332 2340 1376; x_wconf 88' lang='lat' dir='ltr'><strong>tamen</strong></span> <span class='ocrx_word' id='word_1_507' title='bbox 2385 1319 2469 1374; x_wconf 82' lang='lat' dir='ltr'><strong>vel</strong></span> <span class='ocrx_word' id='word_1_508' title='bbox 2521 1317 2842 1372; x_wconf 84' lang='lat' dir='ltr'><strong>voluntariis</strong></span> <span class='ocrx_word' id='word_1_509' title='bbox 2873 1318 3110 1368; x_wconf 86' lang='lat' dir='ltr'><strong>animam</strong></span> <span class='ocrx_word' id='word_1_510' title='bbox 3141 1313 3406 1381; x_wconf 78' lang='lat' dir='ltr'><strong>operibus</strong></span> 
     </span>
    </p>
   </div>
   <div class='ocr_carea' id='block_1_72' title="bbox 1826 1407 3420 1481">
    <p class='ocr_par' dir='ltr' id='par_1_72' title="bbox 1826 1407 3420 1481">
     <span class='ocr_line' id='line_1_72' title="bbox 1826 1407 3420 1481; baseline -0.009 -10"><span class='ocrx_word' id='word_1_511' title='bbox 1826 1418 1978 1480; x_wconf 79' lang='lat' dir='ltr'><strong>dare,</strong></span> <span class='ocrx_word' id='word_1_512' title='bbox 2021 1424 2077 1469; x_wconf 91' lang='lat' dir='ltr'><strong>et</strong></span> <span class='ocrx_word' id='word_1_513' title='bbox 2121 1416 2203 1469; x_wconf 90' lang='lat' dir='ltr'><strong>sic</strong></span> <span class='ocrx_word' id='word_1_514' title='bbox 2244 1412 2507 1481; x_wconf 83' lang='lat' dir='ltr'><strong>voluptati</strong></span> <span class='ocrx_word' id='word_1_515' title='bbox 2537 1421 2591 1464; x_wconf 89' lang='lat' dir='ltr'><strong>et</strong></span> <span class='ocrx_word' id='word_1_516' title='bbox 2645 1409 2830 1480; x_wconf 68' lang='lat' dir='ltr'><strong>gloriae</strong></span> <span class='ocrx_word' id='word_1_517' title='bbox 2863 1407 3229 1475; x_wconf 77' lang='lat' dir='ltr'><strong>despiciendis</strong></span> <span class='ocrx_word' id='word_1_518' title='bbox 3279 1419 3420 1458; x_wconf 82' lang='lat' dir='ltr'><strong>con-</strong></span> 
     </span>
    </p>
   </div>
   <div class='ocr_carea' id='block_1_73' title="bbox 1827 1503 3416 1573">
    <p class='ocr_par' dir='ltr' id='par_1_73' title="bbox 1827 1503 3416 1573">
     <span class='ocr_line' id='line_1_73' title="bbox 1827 1503 3416 1573; baseline -0.007 -9"><span class='ocrx_word' id='word_1_519' title='bbox 1827 1510 1991 1573; x_wconf 87' lang='lat' dir='ltr'><strong>sueti,</strong></span> <span class='ocrx_word' id='word_1_520' title='bbox 2020 1506 2179 1562; x_wconf 80' lang='lat' dir='ltr'><strong>facile</strong></span> <span class='ocrx_word' id='word_1_521' title='bbox 2204 1505 2598 1560; x_wconf 87' lang='lat' dir='ltr'><strong>involuntarios</strong></span> <span class='ocrx_word' id='word_1_522' title='bbox 2622 1503 2788 1557; x_wconf 83' lang='lat' dir='ltr'><strong>etiam</strong></span> <span class='ocrx_word' id='word_1_523' title='bbox 2814 1503 3085 1570; x_wconf 86' lang='lat' dir='ltr'><strong>patiemur</strong></span> <span class='ocrx_word' id='word_1_524' title='bbox 3104 1514 3416 1570; x_wconf 76' lang='lat' dir='ltr'><strong>aggressus.</strong></span> 
     </span>
    </p>
   </div>
   <div class='ocr_carea' id='block_1_74' title="bbox 1829 1595 3419 1670">
    <p class='ocr_par' dir='ltr' id='par_1_74' title="bbox 1829 1595 3419 1670">
     <span class='ocr_line' id='line_1_74' title="bbox 1829 1595 3419 1670; baseline -0.006 -16"><span class='ocrx_word' id='word_1_525' title='bbox 1829 1602 1929 1667; x_wconf 87' lang='lat' dir='ltr'><strong>Qui</strong></span> <span class='ocrx_word' id='word_1_526' title='bbox 1966 1615 2128 1669; x_wconf 90' lang='lat' dir='ltr'><strong>porro</strong></span> <span class='ocrx_word' id='word_1_527' title='bbox 2158 1615 2254 1670; x_wconf 89' lang='lat' dir='ltr'><strong>per</strong></span> <span class='ocrx_word' id='word_1_528' title='bbox 2278 1598 2616 1667; x_wconf 87' lang='lat' dir='ltr'><strong>spiritualem</strong></span> <span class='ocrx_word' id='word_1_529' title='bbox 2650 1605 3026 1666; x_wconf 83' lang='lat' dir='ltr'><strong>paupertatem</strong></span> <span class='ocrx_word' id='word_1_530' title='bbox 3073 1595 3192 1646; x_wconf 78' lang='lat' dir='ltr'><strong>illas</strong></span> <span class='ocrx_word' id='word_1_531' title='bbox 3226 1607 3419 1662; x_wconf 87' lang='lat' dir='ltr'><strong>asper-</strong></span> 
     </span>
    </p>
   </div>
   <div class='ocr_carea' id='block_1_75' title="bbox 1832 1684 3413 1760">
    <p class='ocr_par' dir='ltr' id='par_1_75' title="bbox 1832 1684 3413 1760">
     <span class='ocr_line' id='line_1_75' title="bbox 1832 1684 3413 1760; baseline -0.008 -13"><span class='ocrx_word' id='word_1_532' title='bbox 1832 1704 2015 1757; x_wconf 87' lang='lat' dir='ltr'><strong>natur,</strong></span> <span class='ocrx_word' id='word_1_533' title='bbox 2077 1701 2133 1746; x_wconf 89' lang='lat' dir='ltr'><strong>et</strong></span> <span class='ocrx_word' id='word_1_534' title='bbox 2193 1693 2419 1760; x_wconf 81' lang='lat' dir='ltr'><strong>dignum</strong></span> <span class='ocrx_word' id='word_1_535' title='bbox 2479 1688 2687 1742; x_wconf 80' lang='lat' dir='ltr'><strong>eﬂicaci</strong></span> <span class='ocrx_word' id='word_1_536' title='bbox 2747 1687 3080 1758; x_wconf 71' lang='lat' dir='ltr'><strong>pceuitentia:</strong></span> <span class='ocrx_word' id='word_1_537' title='bbox 3145 1684 3413 1738; x_wconf 67' lang='lat' dir='ltr'><strong>medii-ina</strong></span> 
     </span>
    </p>
   </div>
   <div class='ocr_carea' id='block_1_76' title="bbox 1832 1777 3416 1855">
    <p class='ocr_par' dir='ltr' id='par_1_76' title="bbox 1832 1777 3416 1855">
     <span class='ocr_line' id='line_1_76' title="bbox 1832 1777 3416 1855; baseline -0.01 -16"><span class='ocrx_word' id='word_1_538' title='bbox 1832 1786 2072 1855; x_wconf 82' lang='lat' dir='ltr'><strong>seipsum</strong></span> <span class='ocrx_word' id='word_1_539' title='bbox 2107 1784 2282 1850; x_wconf 89' lang='lat' dir='ltr'><strong>ducit,</strong></span> <span class='ocrx_word' id='word_1_540' title='bbox 2314 1781 2685 1851; x_wconf 77' lang='lat' dir='ltr'><strong>exspectatam</strong></span> <span class='ocrx_word' id='word_1_541' title='bbox 2719 1793 2936 1847; x_wconf 83' lang='lat' dir='ltr'><strong>semper</strong></span> <span class='ocrx_word' id='word_1_542' title='bbox 2972 1777 3133 1830; x_wconf 83' lang='lat' dir='ltr'><strong>habet</strong></span> <span class='ocrx_word' id='word_1_543' title='bbox 3161 1783 3416 1829; x_wconf 86' lang='lat' dir='ltr'><strong>cunctam</strong></span> 
     </span>
    </p>
   </div>
   <div class='ocr_carea' id='block_1_77' title="bbox 1837 1867 3422 1942">
    <p class='ocr_par' dir='ltr' id='par_1_77' title="bbox 1837 1867 3422 1942">
     <span class='ocr_line' id='line_1_77' title="bbox 1837 1867 3422 1942; baseline -0.008 -11"><span class='ocrx_word' id='word_1_544' title='bbox 1837 1878 2293 1939; x_wconf 85' lang='lat' dir='ltr'><strong>tribulationem,</strong></span> <span class='ocrx_word' id='word_1_545' title='bbox 2376 1889 2709 1942; x_wconf 83' lang='lat' dir='ltr'><strong>omnemque</strong></span> <span class='ocrx_word' id='word_1_546' title='bbox 2789 1871 3148 1926; x_wconf 85' lang='lat' dir='ltr'><strong>tentatiouem</strong></span> <span class='ocrx_word' id='word_1_547' title='bbox 3220 1867 3422 1936; x_wconf 89' lang='lat' dir='ltr'><strong>accipit</strong></span> 
     </span>
    </p>
   </div>
   <div class='ocr_carea' id='block_1_78' title="bbox 1835 1960 3422 2038">
    <p class='ocr_par' dir='ltr' id='par_1_78' title="bbox 1835 1960 3422 2038">
     <span class='ocr_line' id='line_1_78' title="bbox 1835 1960 3422 2038; baseline -0.006 -15"><span class='ocrx_word' id='word_1_548' title='bbox 1835 1981 2095 2038; x_wconf 81' lang='lat' dir='ltr'><strong>tanquam</strong></span> <span class='ocrx_word' id='word_1_549' title='bbox 2138 1969 2356 2037; x_wconf 88' lang='lat' dir='ltr'><strong>proprie</strong></span> <span class='ocrx_word' id='word_1_550' title='bbox 2393 1967 2497 2022; x_wconf 83' lang='lat' dir='ltr'><strong>sibi</strong></span> <span class='ocrx_word' id='word_1_551' title='bbox 2531 1967 2809 2028; x_wconf 84' lang='lat' dir='ltr'><strong>debitam;</strong></span> <span class='ocrx_word' id='word_1_552' title='bbox 2850 1973 2904 2018; x_wconf 87' lang='lat' dir='ltr'><strong>et</strong></span> <span class='ocrx_word' id='word_1_553' title='bbox 2937 1963 2994 2016; x_wconf 85' lang='lat' dir='ltr'><strong>in</strong></span> <span class='ocrx_word' id='word_1_554' title='bbox 3027 1976 3143 2014; x_wconf 89' lang='lat' dir='ltr'><strong>eam</strong></span> <span class='ocrx_word' id='word_1_555' title='bbox 3174 1960 3422 2014; x_wconf 86' lang='lat' dir='ltr'><strong>incidens</strong></span> 
     </span>
    </p>
   </div>
   <div class='ocr_carea' id='block_1_79' title="bbox 1836 2054 3421 2131">
    <p class='ocr_par' dir='ltr' id='par_1_79' title="bbox 1836 2054 3421 2131">
     <span class='ocr_line' id='line_1_79' title="bbox 1836 2054 3421 2131; baseline -0.004 -18"><span class='ocrx_word' id='word_1_556' title='bbox 1836 2065 2056 2131; x_wconf 78' lang='lat' dir='ltr'><strong>gaudet,</strong></span> <span class='ocrx_word' id='word_1_557' title='bbox 2087 2071 2146 2113; x_wconf 88' lang='lat' dir='ltr'><strong>ut</strong></span> <span class='ocrx_word' id='word_1_558' title='bbox 2169 2061 2367 2113; x_wconf 77' lang='lat' dir='ltr'><strong>anima:</strong></span> <span class='ocrx_word' id='word_1_559' title='bbox 2397 2070 2596 2114; x_wconf 86' lang='lat' dir='ltr'><strong>nactus</strong></span> <span class='ocrx_word' id='word_1_560' title='bbox 2617 2058 3035 2128; x_wconf 78' lang='lat' dir='ltr'><strong>purgatorium;</strong></span> <span class='ocrx_word' id='word_1_561' title='bbox 3074 2054 3421 2122; x_wconf 77' lang='lat' dir='ltr'><strong>atque-illam</strong></span> 
     </span>
    </p>
   </div>
   <div class='ocr_carea' id='block_1_80' title="bbox 1839 2145 3424 2216">
    <p class='ocr_par' dir='ltr' id='par_1_80' title="bbox 1839 2145 3424 2216">
     <span class='ocr_line' id='line_1_80' title="bbox 1839 2145 3424 2216; baseline -0.004 -10"><span class='ocrx_word' id='word_1_562' title='bbox 1839 2165 1896 2207; x_wconf 88' lang='lat' dir='ltr'><strong>ut</strong></span> <span class='ocrx_word' id='word_1_563' title='bbox 1949 2157 2374 2207; x_wconf 85' lang='lat' dir='ltr'><strong>instrumentum</strong></span> <span class='ocrx_word' id='word_1_564' title='bbox 2432 2152 2588 2206; x_wconf 88' lang='lat' dir='ltr'><strong>ducit</strong></span> <span class='ocrx_word' id='word_1_565' title='bbox 2631 2159 2690 2204; x_wconf 91' lang='lat' dir='ltr'><strong>et</strong></span> <span class='ocrx_word' id='word_1_566' title='bbox 2743 2151 2970 2202; x_wconf 63' lang='lat' dir='ltr'><strong>adhibet</strong></span> <span class='ocrx_word' id='word_1_567' title='bbox 3010 2162 3122 2216; x_wconf 86' lang='lat' dir='ltr'><strong>quo</strong></span> <span class='ocrx_word' id='word_1_568' title='bbox 3152 2147 3216 2201; x_wconf 85' lang='lat' dir='ltr'><strong>ad</strong></span> <span class='ocrx_word' id='word_1_569' title='bbox 3255 2145 3424 2200; x_wconf 84' lang='lat' dir='ltr'><strong>Deum</strong></span> 
     </span>
    </p>
   </div>
   <div class='ocr_carea' id='block_1_81' title="bbox 1838 2240 3430 2308">
    <p class='ocr_par' dir='ltr' id='par_1_81' title="bbox 1838 2240 3430 2308">
     <span class='ocr_line' id='line_1_81' title="bbox 1838 2240 3430 2308; baseline -0.006 -9"><span class='ocrx_word' id='word_1_570' title='bbox 1838 2246 2102 2299; x_wconf 66' lang='lat' dir='ltr'><strong>ascendat</strong></span> <span class='ocrx_word' id='word_1_571' title='bbox 2155 2244 2442 2297; x_wconf 84' lang='lat' dir='ltr'><strong>laboriosis</strong></span> <span class='ocrx_word' id='word_1_572' title='bbox 2497 2255 2551 2297; x_wconf 90' lang='lat' dir='ltr'><strong>et</strong></span> <span class='ocrx_word' id='word_1_573' title='bbox 2605 2241 3000 2297; x_wconf 77' lang='lat' dir='ltr'><strong>eﬂicacissimis</strong></span> <span class='ocrx_word' id='word_1_574' title='bbox 3068 2240 3343 2308; x_wconf 82' lang='lat' dir='ltr'><strong>precibus,</strong></span> <span class='ocrx_word' id='word_1_575' title='bbox 3375 2251 3430 2290; x_wconf 86' lang='lat' dir='ltr'><strong>et</strong></span> 
     </span>
    </p>
   </div>
   <div class='ocr_carea' id='block_1_82' title="bbox 1841 2331 3432 2405">
    <p class='ocr_par' dir='ltr' id='par_1_82' title="bbox 1841 2331 3432 2405">
     <span class='ocr_line' id='line_1_82' title="bbox 1841 2331 3432 2405; baseline -0.005 -17"><span class='ocrx_word' id='word_1_576' title='bbox 1841 2351 1947 2404; x_wconf 85' lang='lat' dir='ltr'><strong>quo</strong></span> <span class='ocrx_word' id='word_1_577' title='bbox 2000 2336 2336 2405; x_wconf 81' lang='lat' dir='ltr'><strong>adipiscatur</strong></span> <span class='ocrx_word' id='word_1_578' title='bbox 2385 2345 2442 2390; x_wconf 87' lang='lat' dir='ltr'><strong>et</strong></span> <span class='ocrx_word' id='word_1_579' title='bbox 2491 2344 2788 2390; x_wconf 83' lang='lat' dir='ltr'><strong>conservet</strong></span> <span class='ocrx_word' id='word_1_580' title='bbox 2833 2335 3030 2386; x_wconf 73' lang='lat' dir='ltr'><strong>anima:</strong></span> <span class='ocrx_word' id='word_1_581' title='bbox 3088 2331 3432 2396; x_wconf 82' lang='lat' dir='ltr'><strong>sanitatem;</strong></span> 
     </span>
    </p>
   </div>
   <div class='ocr_carea' id='block_1_83' title="bbox 1843 2421 3433 2494">
    <p class='ocr_par' dir='ltr' id='par_1_83' title="bbox 1843 2421 3433 2494">
     <span class='ocr_line' id='line_1_83' title="bbox 1843 2421 3433 2494; baseline -0.001 -17"><span class='ocrx_word' id='word_1_582' title='bbox 1843 2443 1941 2481; x_wconf 85' lang='lat' dir='ltr'><strong>nec</strong></span> <span class='ocrx_word' id='word_1_583' title='bbox 1986 2436 2194 2480; x_wconf 87' lang='lat' dir='ltr'><strong>tantum</strong></span> <span class='ocrx_word' id='word_1_584' title='bbox 2250 2428 2480 2494; x_wconf 85' lang='lat' dir='ltr'><strong>injurias</strong></span> <span class='ocrx_word' id='word_1_585' title='bbox 2535 2425 2762 2479; x_wconf 87' lang='lat' dir='ltr'><strong>dimittit</strong></span> <span class='ocrx_word' id='word_1_586' title='bbox 2820 2431 2873 2478; x_wconf 89' lang='lat' dir='ltr'><strong>et</strong></span> <span class='ocrx_word' id='word_1_587' title='bbox 2929 2422 3300 2486; x_wconf 79' lang='lat' dir='ltr'><strong>obliviscitur,</strong></span> <span class='ocrx_word' id='word_1_588' title='bbox 3336 2421 3433 2475; x_wconf 85' lang='lat' dir='ltr'><strong>sed</strong></span> 
     </span>
    </p>
   </div>
   <div class='ocr_carea' id='block_1_84' title="bbox 1841 2514 3432 2588">
    <p class='ocr_par' dir='ltr' id='par_1_84' title="bbox 1841 2514 3432 2588">
     <span class='ocr_line' id='line_1_84' title="bbox 1841 2514 3432 2588; baseline -0.004 -16"><span class='ocrx_word' id='word_1_589' title='bbox 1841 2520 2294 2588; x_wconf 75' lang='lat' dir='ltr'><strong>persequentibus</strong></span> <span class='ocrx_word' id='word_1_590' title='bbox 2326 2522 2529 2587; x_wconf 82' lang='lat' dir='ltr'><strong>gratias</strong></span> <span class='ocrx_word' id='word_1_591' title='bbox 2556 2521 2661 2586; x_wconf 80' lang='lat' dir='ltr'><strong>agit</strong></span> <span class='ocrx_word' id='word_1_592' title='bbox 2694 2532 2757 2569; x_wconf 81' lang='lat' dir='ltr'><strong>ac</strong></span> <span class='ocrx_word' id='word_1_593' title='bbox 2795 2533 2893 2585; x_wconf 89' lang='lat' dir='ltr'><strong>pro</strong></span> <span class='ocrx_word' id='word_1_594' title='bbox 2922 2516 3003 2570; x_wconf 88' lang='lat' dir='ltr'><strong>eis</strong></span> <span class='ocrx_word' id='word_1_595' title='bbox 3057 2514 3201 2569; x_wconf 84' lang='lat' dir='ltr'><strong>velut</strong></span> <span class='ocrx_word' id='word_1_596' title='bbox 3263 2514 3432 2567; x_wconf 82' lang='lat' dir='ltr'><strong>benc-</strong></span> 
     </span>
    </p>
   </div>
   <div class='ocr_carea' id='block_1_85' title="bbox 1841 2609 3434 2682">
    <p class='ocr_par' dir='ltr' id='par_1_85' title="bbox 1841 2609 3434 2682">
     <span class='ocr_line' id='line_1_85' title="bbox 1841 2609 3434 2682; baseline -0.002 -18"><span class='ocrx_word' id='word_1_597' title='bbox 1841 2611 2140 2667; x_wconf 71' lang='lat' dir='ltr'><strong>tattoribus</strong></span> <span class='ocrx_word' id='word_1_598' title='bbox 2179 2621 2452 2682; x_wconf 88' lang='lat' dir='ltr'><strong>precatur.</strong></span> <span class='ocrx_word' id='word_1_599' title='bbox 2481 2609 2778 2679; x_wconf 83' lang='lat' dir='ltr'><strong>Propterea</strong></span> <span class='ocrx_word' id='word_1_600' title='bbox 2810 2609 2926 2678; x_wconf 90' lang='lat' dir='ltr'><strong>ipse</strong></span> <span class='ocrx_word' id='word_1_601' title='bbox 2949 2621 3165 2678; x_wconf 88' lang='lat' dir='ltr'><strong>quoque</strong></span> <span class='ocrx_word' id='word_1_602' title='bbox 3187 2621 3294 2660; x_wconf 92' lang='lat' dir='ltr'><strong>non</strong></span> <span class='ocrx_word' id='word_1_603' title='bbox 3319 2622 3434 2661; x_wconf 90' lang='lat' dir='ltr'><strong>mo-</strong></span> 
     </span>
    </p>
   </div>
   <div class='ocr_carea' id='block_1_86' title="bbox 1841 2701 3433 2772">
    <p class='ocr_par' dir='ltr' id='par_1_86' title="bbox 1841 2701 3433 2772">
     <span class='ocr_line' id='line_1_86' title="bbox 1841 2701 3433 2772; baseline -0.003 -15"><span class='ocrx_word' id='word_1_604' title='bbox 1841 2705 1910 2758; x_wconf 92' lang='lat' dir='ltr'><strong>do</strong></span> <span class='ocrx_word' id='word_1_605' title='bbox 1946 2714 2290 2771; x_wconf 78' lang='lat' dir='ltr'><strong>peccatorum</strong></span> <span class='ocrx_word' id='word_1_606' title='bbox 2343 2704 2717 2758; x_wconf 83' lang='lat' dir='ltr'><strong>remissiOnem</strong></span> <span class='ocrx_word' id='word_1_607' title='bbox 2779 2704 3113 2772; x_wconf 82' lang='lat' dir='ltr'><strong>promissam</strong></span> <span class='ocrx_word' id='word_1_608' title='bbox 3181 2701 3433 2769; x_wconf 88' lang='lat' dir='ltr'><strong>recipit,</strong></span> 
     </span>
    </p>
   </div>
   <div class='ocr_carea' id='block_1_87' title="bbox 1842 2793 3435 2867">
    <p class='ocr_par' dir='ltr' id='par_1_87' title="bbox 1842 2793 3435 2867">
     <span class='ocr_line' id='line_1_87' title="bbox 1842 2793 3435 2867; baseline -0.001 -19"><span class='ocrx_word' id='word_1_609' title='bbox 1842 2812 2029 2850; x_wconf 85' lang='lat' dir='ltr'><strong>verum</strong></span> <span class='ocrx_word' id='word_1_610' title='bbox 2062 2796 2224 2851; x_wconf 88' lang='lat' dir='ltr'><strong>etiam</strong></span> <span class='ocrx_word' id='word_1_611' title='bbox 2287 2811 2513 2867; x_wconf 75' lang='lat' dir='ltr'><strong>regnum</strong></span> <span class='ocrx_word' id='word_1_612' title='bbox 2570 2797 2834 2849; x_wconf 77' lang='lat' dir='ltr'><strong>cmlurum</strong></span> <span class='ocrx_word' id='word_1_613' title='bbox 2875 2803 2929 2849; x_wconf 90' lang='lat' dir='ltr'><strong>et</strong></span> <span class='ocrx_word' id='word_1_614' title='bbox 2992 2795 3233 2849; x_wconf 85' lang='lat' dir='ltr'><strong>divinam</strong></span> <span class='ocrx_word' id='word_1_615' title='bbox 3266 2793 3435 2847; x_wconf 69' lang='lat' dir='ltr'><strong>bene:-</strong></span> 
     </span>
    </p>
   </div>
   <div class='ocr_carea' id='block_1_88' title="bbox 1843 2885 3439 2957">
    <p class='ocr_par' dir='ltr' id='par_1_88' title="bbox 1843 2885 3439 2957">
     <span class='ocr_line' id='line_1_88' title="bbox 1843 2885 3439 2957; baseline -0.003 -14"><span class='ocrx_word' id='word_1_616' title='bbox 1843 2890 2149 2943; x_wconf 72' lang='lat' dir='ltr'><strong>dit-tionem</strong></span> <span class='ocrx_word' id='word_1_617' title='bbox 2193 2889 2570 2957; x_wconf 83' lang='lat' dir='ltr'><strong>consequitur,</strong></span> <span class='ocrx_word' id='word_1_618' title='bbox 2616 2888 2809 2942; x_wconf 83' lang='lat' dir='ltr'><strong>beatus</strong></span> <span class='ocrx_word' id='word_1_619' title='bbox 2840 2903 2868 2940; x_wconf 89' lang='lat' dir='ltr'><strong>a</strong></span> <span class='ocrx_word' id='word_1_620' title='bbox 2902 2889 3130 2942; x_wconf 89' lang='lat' dir='ltr'><strong>Domino</strong></span> <span class='ocrx_word' id='word_1_621' title='bbox 3171 2885 3439 2957; x_wconf 64' lang='lat' dir='ltr'><strong>praedica-</strong></span> 
     </span>
    </p>
   </div>
   <div class='ocr_carea' id='block_1_89' title="bbox 1847 2980 3437 3051">
    <p class='ocr_par' dir='ltr' id='par_1_89' title="bbox 1847 2980 3437 3051">
     <span class='ocr_line' id='line_1_89' title="bbox 1847 2980 3437 3051; baseline -0.001 -19"><span class='ocrx_word' id='word_1_622' title='bbox 1847 2994 1950 3045; x_wconf 86' lang='lat' dir='ltr'><strong>tus,</strong></span> <span class='ocrx_word' id='word_1_623' title='bbox 1991 2983 2174 3050; x_wconf 84' lang='lat' dir='ltr'><strong>utpote</strong></span> <span class='ocrx_word' id='word_1_624' title='bbox 2219 2981 2275 3035; x_wconf 91' lang='lat' dir='ltr'><strong>in</strong></span> <span class='ocrx_word' id='word_1_625' title='bbox 2327 2983 2521 3050; x_wconf 79' lang='lat' dir='ltr'><strong>Spiritu</strong></span> <span class='ocrx_word' id='word_1_626' title='bbox 2559 2982 2884 3036; x_wconf 77' lang='lat' dir='ltr'><strong>humilitatis</strong></span> <span class='ocrx_word' id='word_1_627' title='bbox 2943 2995 3116 3051; x_wconf 76' lang='lat' dir='ltr'><strong>usque</strong></span> <span class='ocrx_word' id='word_1_628' title='bbox 3179 2980 3248 3035; x_wconf 86' lang='lat' dir='ltr'><strong>ad</strong></span> <span class='ocrx_word' id='word_1_629' title='bbox 3274 2981 3437 3034; x_wconf 85' lang='lat' dir='ltr'><strong>linem</strong></span> 
     </span>
    </p>
   </div>
   <div class='ocr_carea' id='block_1_90' title="bbox 1845 3077 2542 3145">
    <p class='ocr_par' dir='ltr' id='par_1_90' title="bbox 1845 3077 2542 3145">
     <span class='ocr_line' id='line_1_90' title="bbox 1845 3077 2542 3145; baseline 0.003 -19"><span class='ocrx_word' id='word_1_630' title='bbox 1845 3077 2276 3144; x_wconf 82' lang='lat' dir='ltr'><strong>persecutionem</strong></span> <span class='ocrx_word' id='word_1_631' title='bbox 2307 3077 2542 3145; x_wconf 77' lang='lat' dir='ltr'><strong>patiens.</strong></span> 
     </span>
    </p>
   </div>
   <div class='ocr_carea' id='block_1_91' title="bbox 1776 3169 3439 3243">
    <p class='ocr_par' dir='ltr' id='par_1_91' title="bbox 1776 3169 3439 3243">
     <span class='ocr_line' id='line_1_91' title="bbox 1776 3169 3439 3243; baseline -0.001 -22"><span class='ocrx_word' id='word_1_632' title='bbox 1776 3184 1823 3243; x_wconf 74' lang='grc' dir='ltr'>ο</span> <span class='ocrx_word' id='word_1_633' title='bbox 1925 3169 2035 3224; x_wconf 81' lang='lat' dir='ltr'><strong>Nos</strong></span> <span class='ocrx_word' id='word_1_634' title='bbox 2075 3183 2204 3223; x_wconf 85' lang='lat' dir='ltr'><strong>vero</strong></span> <span class='ocrx_word' id='word_1_635' title='bbox 2235 3170 2427 3239; x_wconf 88' lang='lat' dir='ltr'><strong>paucis</strong></span> <span class='ocrx_word' id='word_1_636' title='bbox 2455 3186 2628 3240; x_wconf 80' lang='lat' dir='ltr'><strong>pauca</strong></span> <span class='ocrx_word' id='word_1_637' title='bbox 2670 3170 2767 3223; x_wconf 83' lang='lat' dir='ltr'><strong>fati</strong></span> <span class='ocrx_word' id='word_1_638' title='bbox 2797 3171 2866 3224; x_wconf 91' lang='lat' dir='ltr'><strong>de</strong></span> <span class='ocrx_word' id='word_1_639' title='bbox 2894 3170 3166 3240; x_wconf 88' lang='lat' dir='ltr'><strong>spirituali</strong></span> <span class='ocrx_word' id='word_1_640' title='bbox 3201 3170 3439 3225; x_wconf 81' lang='lat' dir='ltr'><strong>circum-</strong></span> 
     </span>
    </p>
   </div>
   <div class='ocr_carea' id='block_1_92' title="bbox 1849 3263 3439 3335">
    <p class='ocr_par' dir='ltr' id='par_1_92' title="bbox 1849 3263 3439 3335">
     <span class='ocr_line' id='line_1_92' title="bbox 1849 3263 3439 3335; baseline 0.001 -21"><span class='ocrx_word' id='word_1_641' title='bbox 1849 3264 2082 3329; x_wconf 62' lang='lat' dir='ltr'><strong>cisione,</strong></span> <span class='ocrx_word' id='word_1_642' title='bbox 2119 3264 2411 3319; x_wconf 88' lang='lat' dir='ltr'><strong>nonnullos</strong></span> <span class='ocrx_word' id='word_1_643' title='bbox 2436 3263 2548 3331; x_wconf 82' lang='lat' dir='ltr'><strong>jam</strong></span> <span class='ocrx_word' id='word_1_644' title='bbox 2609 3267 3010 3335; x_wconf 64' lang='lat' dir='ltr'><strong>prieloquamur</strong></span> <span class='ocrx_word' id='word_1_645' title='bbox 3055 3265 3170 3332; x_wconf 83' lang='lat' dir='ltr'><strong>ejus</strong></span> <span class='ocrx_word' id='word_1_646' title='bbox 3204 3264 3439 3318; x_wconf 77' lang='lat' dir='ltr'><strong>frrictus.</strong></span> 
     </span>
    </p>
   </div>
   <div class='ocr_carea' id='block_1_93' title="bbox 1856 3354 3442 3426">
    <p class='ocr_par' dir='ltr' id='par_1_93' title="bbox 1856 3354 3442 3426">
     <span class='ocr_line' id='line_1_93' title="bbox 1856 3354 3442 3426; baseline 0.003 -21"><span class='ocrx_word' id='word_1_647' title='bbox 1856 3354 1985 3407; x_wconf 76' lang='lat' dir='ltr'><strong>l’ust</strong></span> <span class='ocrx_word' id='word_1_648' title='bbox 2015 3364 2349 3409; x_wconf 89' lang='lat' dir='ltr'><strong>consecutos</strong></span> <span class='ocrx_word' id='word_1_649' title='bbox 2387 3356 2661 3425; x_wconf 88' lang='lat' dir='ltr'><strong>spirituali</strong></span> <span class='ocrx_word' id='word_1_650' title='bbox 2695 3367 3018 3426; x_wconf 84' lang='lat' dir='ltr'><strong>paupertate</strong></span> <span class='ocrx_word' id='word_1_651' title='bbox 3051 3356 3442 3411; x_wconf 74' lang='lat' dir='ltr'><strong>iuamissibiles</strong></span> 
     </span>
    </p>
   </div>
   <div class='ocr_carea' id='block_1_94' title="bbox 1853 3447 3485 3520">
    <p class='ocr_par' dir='ltr' id='par_1_94' title="bbox 1853 3447 3485 3520">
     <span class='ocr_line' id='line_1_94' title="bbox 1853 3447 3485 3520; baseline 0.005 -24"><span class='ocrx_word' id='word_1_652' title='bbox 1853 3447 2094 3510; x_wconf 80' lang='lat' dir='ltr'><strong>divitias,</strong></span> <span class='ocrx_word' id='word_1_653' title='bbox 2125 3447 2280 3502; x_wconf 86' lang='lat' dir='ltr'><strong>solus</strong></span> <span class='ocrx_word' id='word_1_654' title='bbox 2309 3448 2501 3504; x_wconf 88' lang='lat' dir='ltr'><strong>beatus</strong></span> <span class='ocrx_word' id='word_1_655' title='bbox 2546 3450 2794 3520; x_wconf 84' lang='lat' dir='ltr'><strong>lugentes</strong></span> <span class='ocrx_word' id='word_1_656' title='bbox 2828 3449 2962 3503; x_wconf 71' lang='lat' dir='ltr'><strong>facit</strong></span> <span class='ocrx_word' id='word_1_657' title='bbox 2995 3464 3109 3504; x_wconf 71' lang='lat' dir='ltr'><strong>sua:</strong></span> <span class='ocrx_word' id='word_1_658' title='bbox 3163 3447 3446 3504; x_wconf 78' lang='lat' dir='ltr'><strong>felicitatis</strong></span> <span class='ocrx_word' id='word_1_659' title='bbox 3482 3486 3485 3487; x_wconf 51' lang='grc' dir='ltr'><em>ν</em></span> 
     </span>
    </p>
   </div>
   <div class='ocr_carea' id='block_1_95' title="bbox 1855 3539 3443 3616">
    <p class='ocr_par' dir='ltr' id='par_1_95' title="bbox 1855 3539 3443 3616">
     <span class='ocr_line' id='line_1_95' title="bbox 1855 3539 3443 3616; baseline 0.003 -25"><span class='ocrx_word' id='word_1_660' title='bbox 1855 3539 2172 3609; x_wconf 80' lang='lat' dir='ltr'><strong>participes,</strong></span> <span class='ocrx_word' id='word_1_661' title='bbox 2225 3542 2464 3598; x_wconf 84' lang='lat' dir='ltr'><strong>dicetis:</strong></span> <span class='ocrx_word' id='word_1_662' title='bbox 2528 3562 2546 3594; x_wconf 76' lang='grc' dir='ltr'><strong>ι</strong></span> <span class='ocrx_word' id='word_1_663' title='bbox 2586 3542 2739 3596; x_wconf 79' lang='lat' dir='ltr'><strong>Beati</strong></span> <span class='ocrx_word' id='word_1_664' title='bbox 2796 3543 2888 3613; x_wconf 88' lang='lat' dir='ltr'><strong>qui</strong></span> <span class='ocrx_word' id='word_1_665' title='bbox 2925 3543 3134 3613; x_wconf 81' lang='lat' dir='ltr'><strong>lugent,</strong></span> <span class='ocrx_word' id='word_1_666' title='bbox 3182 3543 3443 3616; x_wconf 83' lang='lat' dir='ltr'><strong>quoniam</strong></span> 
     </span>
    </p>
   </div>
   <div class='ocr_carea' id='block_1_96' title="bbox 1857 3632 3447 3708">
    <p class='ocr_par' dir='ltr' id='par_1_96' title="bbox 1857 3632 3447 3708">
     <span class='ocr_line' id='line_1_96' title="bbox 1857 3632 3447 3708; baseline 0.004 -25"><span class='ocrx_word' id='word_1_667' title='bbox 1857 3634 1959 3702; x_wconf 86' lang='lat' dir='ltr'><strong>ipsi</strong></span> <span class='ocrx_word' id='word_1_668' title='bbox 2023 3632 2460 3689; x_wconf 79' lang='lat' dir='ltr'><strong>causolabuntur</strong></span> <span class='ocrx_word' id='word_1_669' title='bbox 2515 3635 2585 3690; x_wconf 79' lang='lat'><strong>&quot;.</strong></span> <span class='ocrx_word' id='word_1_670' title='bbox 2657 3655 2676 3687; x_wconf 67' lang='grc' dir='ltr'><em>θ</em></span> <span class='ocrx_word' id='word_1_671' title='bbox 2736 3636 2850 3692; x_wconf 87' lang='lat' dir='ltr'><strong>Cur</strong></span> <span class='ocrx_word' id='word_1_672' title='bbox 2907 3651 3088 3691; x_wconf 78' lang='lat' dir='ltr'><strong>autem</strong></span> <span class='ocrx_word' id='word_1_673' title='bbox 3163 3638 3447 3708; x_wconf 58' lang='lat' dir='ltr'><strong>conjunxit</strong></span> 
     </span>
    </p>
   </div>
   <div class='ocr_carea' id='block_1_97' title="bbox 1854 3721 3449 3801">
    <p class='ocr_par' dir='ltr' id='par_1_97' title="bbox 1854 3721 3449 3801">
     <span class='ocr_line' id='line_1_97' title="bbox 1854 3721 3449 3801; baseline 0.004 -22"><span class='ocrx_word' id='word_1_674' title='bbox 1854 3725 2107 3780; x_wconf 76' lang='lat' dir='ltr'><strong>Christus</strong></span> <span class='ocrx_word' id='word_1_675' title='bbox 2152 3727 2352 3780; x_wconf 87' lang='lat' dir='ltr'><strong>luetutn</strong></span> <span class='ocrx_word' id='word_1_676' title='bbox 2420 3721 2769 3798; x_wconf 64' lang='lat' dir='ltr'><strong>paupertati?</strong></span> <span class='ocrx_word' id='word_1_677' title='bbox 2824 3732 2953 3801; x_wconf 86' lang='lat' dir='ltr'><strong>quia</strong></span> <span class='ocrx_word' id='word_1_678' title='bbox 3007 3747 3132 3785; x_wconf 80' lang='lat' dir='ltr'><strong>cum</strong></span> <span class='ocrx_word' id='word_1_679' title='bbox 3191 3732 3306 3800; x_wconf 82' lang='lat' dir='ltr'><strong>ipsa</strong></span> <span class='ocrx_word' id='word_1_680' title='bbox 3363 3741 3449 3785; x_wconf 70' lang='lat' dir='ltr'><strong>est</strong></span> 
     </span>
    </p>
   </div>
   <div class='ocr_carea' id='block_1_98' title="bbox 1855 3817 3445 3892">
    <p class='ocr_par' dir='ltr' id='par_1_98' title="bbox 1855 3817 3445 3892">
     <span class='ocr_line' id='line_1_98' title="bbox 1855 3817 3445 3892; baseline 0.004 -20"><span class='ocrx_word' id='word_1_681' title='bbox 1855 3833 2096 3888; x_wconf 84' lang='lat' dir='ltr'><strong>semper.</strong></span> <span class='ocrx_word' id='word_1_682' title='bbox 2123 3817 2424 3887; x_wconf 76' lang='lat' dir='ltr'><strong>Sed,juxta</strong></span> <span class='ocrx_word' id='word_1_683' title='bbox 2453 3821 2794 3890; x_wconf 79' lang='lat' dir='ltr'><strong>Aposwlttttt,</strong></span> <span class='ocrx_word' id='word_1_684' title='bbox 2839 3822 3061 3875; x_wconf 86' lang='lat' dir='ltr'><strong>tristitia</strong></span> <span class='ocrx_word' id='word_1_685' title='bbox 3103 3826 3168 3877; x_wconf 75' lang='lat' dir='ltr'><strong>de</strong></span> <span class='ocrx_word' id='word_1_686' title='bbox 3209 3839 3445 3892; x_wconf 80' lang='lat' dir='ltr'><strong>pauper-</strong></span> 
     </span>
    </p>
   </div>
   <div class='ocr_carea' id='block_1_99' title="bbox 1857 3914 3442 3986">
    <p class='ocr_par' dir='ltr' id='par_1_99' title="bbox 1857 3914 3442 3986">
     <span class='ocr_line' id='line_1_99' title="bbox 1857 3914 3442 3986; baseline 0.004 -23"><span class='ocrx_word' id='word_1_687' title='bbox 1857 3920 1970 3966; x_wconf 84' lang='lat' dir='ltr'><strong>tate</strong></span> <span class='ocrx_word' id='word_1_688' title='bbox 1993 3921 2114 3981; x_wconf 69' lang='lat' dir='ltr'><strong>quat</strong></span> <span class='ocrx_word' id='word_1_689' title='bbox 2144 3922 2228 3966; x_wconf 91' lang='lat' dir='ltr'><strong>est</strong></span> <span class='ocrx_word' id='word_1_690' title='bbox 2252 3914 2555 3966; x_wconf 85' lang='lat' dir='ltr'><strong>secundum</strong></span> <span class='ocrx_word' id='word_1_691' title='bbox 2584 3916 2868 3980; x_wconf 84' lang='lat' dir='ltr'><strong>mundum,</strong></span> <span class='ocrx_word' id='word_1_692' title='bbox 2893 3923 3123 3968; x_wconf 90' lang='lat' dir='ltr'><strong>mortem</strong></span> <span class='ocrx_word' id='word_1_693' title='bbox 3146 3926 3442 3986; x_wconf 79' lang='lat' dir='ltr'><strong>operatur;</strong></span> 
     </span>
    </p>
   </div>
   <div class='ocr_carea' id='block_1_100' title="bbox 1857 4004 3444 4075">
    <p class='ocr_par' dir='ltr' id='par_1_100' title="bbox 1857 4004 3444 4075">
     <span class='ocr_line' id='line_1_100' title="bbox 1857 4004 3444 4075; baseline 0.002 -18"><span class='ocrx_word' id='word_1_694' title='bbox 1857 4004 2078 4058; x_wconf 85' lang='lat' dir='ltr'><strong>tristitia</strong></span> <span class='ocrx_word' id='word_1_695' title='bbox 2108 4018 2251 4069; x_wconf 78' lang='lat' dir='ltr'><strong>vero</strong></span> <span class='ocrx_word' id='word_1_696' title='bbox 2303 4005 2369 4058; x_wconf 90' lang='lat' dir='ltr'><strong>de</strong></span> <span class='ocrx_word' id='word_1_697' title='bbox 2419 4014 2738 4074; x_wconf 85' lang='lat' dir='ltr'><strong>paupertate</strong></span> <span class='ocrx_word' id='word_1_698' title='bbox 2807 4021 2928 4075; x_wconf 73' lang='lat' dir='ltr'><strong>qua:</strong></span> <span class='ocrx_word' id='word_1_699' title='bbox 2987 4015 3074 4061; x_wconf 87' lang='lat' dir='ltr'><strong>est</strong></span> <span class='ocrx_word' id='word_1_700' title='bbox 3141 4009 3444 4063; x_wconf 85' lang='lat' dir='ltr'><strong>secundum</strong></span> 
     </span>
    </p>
   </div>
   <div class='ocr_carea' id='block_1_101' title="bbox 1863 4097 3445 4166">
    <p class='ocr_par' dir='ltr' id='par_1_101' title="bbox 1863 4097 3445 4166">
     <span class='ocr_line' id='line_1_101' title="bbox 1863 4097 3445 4166; baseline 0.004 -17"><span class='ocrx_word' id='word_1_701' title='bbox 1863 4097 2052 4161; x_wconf 85' lang='lat' dir='ltr'><strong>Deum,</strong></span> <span class='ocrx_word' id='word_1_702' title='bbox 2089 4098 2472 4166; x_wconf 62' lang='lat' dir='ltr'><strong>penitentiam</strong></span> <span class='ocrx_word' id='word_1_703' title='bbox 2504 4111 2771 4166; x_wconf 81' lang='lat' dir='ltr'><strong>operatur</strong></span> <span class='ocrx_word' id='word_1_704' title='bbox 2801 4101 2850 4151; x_wconf 85' lang='lat' dir='ltr'><strong>in</strong></span> <span class='ocrx_word' id='word_1_705' title='bbox 2885 4100 3084 4154; x_wconf 76' lang='lat' dir='ltr'><strong>anima:</strong></span> <span class='ocrx_word' id='word_1_706' title='bbox 3113 4101 3347 4154; x_wconf 84' lang='lat' dir='ltr'><strong>salutem</strong></span> <span class='ocrx_word' id='word_1_707' title='bbox 3375 4101 3445 4155; x_wconf 83' lang='lat'><strong>&quot;.</strong></span> 
     </span>
    </p>
   </div>
   <div class='ocr_carea' id='block_1_102' title="bbox 1859 4189 3448 4262">
    <p class='ocr_par' dir='ltr' id='par_1_102' title="bbox 1859 4189 3448 4262">
     <span class='ocr_line' id='line_1_102' title="bbox 1859 4189 3448 4262; baseline 0.004 -20"><span class='ocrx_word' id='word_1_708' title='bbox 1859 4189 1926 4243; x_wconf 85' lang='lat' dir='ltr'><strong>Et</strong></span> <span class='ocrx_word' id='word_1_709' title='bbox 1962 4191 2388 4252; x_wconf 74' lang='lat' dir='ltr'><strong>involuutarism</strong></span> <span class='ocrx_word' id='word_1_710' title='bbox 2431 4191 2651 4262; x_wconf 79' lang='lat' dir='ltr'><strong>quidem</strong></span> <span class='ocrx_word' id='word_1_711' title='bbox 2719 4201 3096 4260; x_wconf 86' lang='lat' dir='ltr'><strong>paupertatem</strong></span> <span class='ocrx_word' id='word_1_712' title='bbox 3137 4195 3448 4248; x_wconf 72' lang='lat' dir='ltr'><strong>involuuta-</strong></span> 
     </span>
    </p>
   </div>
   <div class='ocr_carea' id='block_1_103' title="bbox 1863 4281 3445 4352">
    <p class='ocr_par' dir='ltr' id='par_1_103' title="bbox 1863 4281 3445 4352">
     <span class='ocr_line' id='line_1_103' title="bbox 1863 4281 3445 4352; baseline 0.004 -20"><span class='ocrx_word' id='word_1_713' title='bbox 1863 4281 1995 4344; x_wconf 89' lang='lat' dir='ltr'><strong>rius,</strong></span> <span class='ocrx_word' id='word_1_714' title='bbox 2028 4281 2392 4333; x_wconf 86' lang='lat' dir='ltr'><strong>voluntariam</strong></span> <span class='ocrx_word' id='word_1_715' title='bbox 2436 4297 2567 4335; x_wconf 87' lang='lat' dir='ltr'><strong>vero</strong></span> <span class='ocrx_word' id='word_1_716' title='bbox 2599 4283 2937 4336; x_wconf 84' lang='lat' dir='ltr'><strong>voluntarius</strong></span> <span class='ocrx_word' id='word_1_717' title='bbox 2961 4285 3209 4352; x_wconf 83' lang='lat' dir='ltr'><strong>sequitur</strong></span> <span class='ocrx_word' id='word_1_718' title='bbox 3239 4285 3445 4352; x_wconf 73' lang='lat' dir='ltr'><strong>luctus.</strong></span> 
     </span>
    </p>
   </div>
   <div class='ocr_carea' id='block_1_104' title="bbox 1865 4370 3448 4447">
    <p class='ocr_par' dir='ltr' id='par_1_104' title="bbox 1865 4370 3448 4447">
     <span class='ocr_line' id='line_1_104' title="bbox 1865 4370 3448 4447; baseline 0.003 -21"><span class='ocrx_word' id='word_1_719' title='bbox 1865 4370 2000 4439; x_wconf 74' lang='lat' dir='ltr'><strong>Quia</strong></span> <span class='ocrx_word' id='word_1_720' title='bbox 2050 4389 2183 4428; x_wconf 84' lang='lat' dir='ltr'><strong>vero</strong></span> <span class='ocrx_word' id='word_1_721' title='bbox 2236 4373 2579 4428; x_wconf 81' lang='lat' dir='ltr'><strong>beatiﬁcatus</strong></span> <span class='ocrx_word' id='word_1_722' title='bbox 2607 4376 2695 4428; x_wconf 89' lang='lat' dir='ltr'><strong>hic</strong></span> <span class='ocrx_word' id='word_1_723' title='bbox 2729 4376 2906 4430; x_wconf 90' lang='lat' dir='ltr'><strong>luctus</strong></span> <span class='ocrx_word' id='word_1_724' title='bbox 2930 4377 3280 4447; x_wconf 76' lang='lat' dir='ltr'><strong>conjungitur</strong></span> <span class='ocrx_word' id='word_1_725' title='bbox 3313 4394 3448 4447; x_wconf 86' lang='lat' dir='ltr'><strong>pau-</strong></span> 
     </span>
    </p>
   </div>
   <div class='ocr_carea' id='block_1_105' title="bbox 1861 4466 3448 4540">
    <p class='ocr_par' dir='ltr' id='par_1_105' title="bbox 1861 4466 3448 4540">
     <span class='ocr_line' id='line_1_105' title="bbox 1861 4466 3448 4540; baseline 0.003 -22"><span class='ocrx_word' id='word_1_726' title='bbox 1861 4466 2056 4533; x_wconf 87' lang='lat' dir='ltr'><strong>pertati</strong></span> <span class='ocrx_word' id='word_1_727' title='bbox 2116 4481 2234 4534; x_wconf 76' lang='lat' dir='ltr'><strong>qua:</strong></span> <span class='ocrx_word' id='word_1_728' title='bbox 2281 4476 2362 4521; x_wconf 87' lang='lat' dir='ltr'><strong>est</strong></span> <span class='ocrx_word' id='word_1_729' title='bbox 2412 4471 2712 4523; x_wconf 86' lang='lat' dir='ltr'><strong>secundum</strong></span> <span class='ocrx_word' id='word_1_730' title='bbox 2769 4469 2964 4537; x_wconf 84' lang='lat' dir='ltr'><strong>Deum,</strong></span> <span class='ocrx_word' id='word_1_731' title='bbox 3025 4483 3248 4540; x_wconf 91' lang='lat' dir='ltr'><strong>propter</strong></span> <span class='ocrx_word' id='word_1_732' title='bbox 3305 4472 3448 4526; x_wconf 76' lang='lat' dir='ltr'><strong>lianc</strong></span> 
     </span>
    </p>
   </div>
   <div class='ocr_carea' id='block_1_106' title="bbox 1863 4559 3448 4631">
    <p class='ocr_par' dir='ltr' id='par_1_106' title="bbox 1863 4559 3448 4631">
     <span class='ocr_line' id='line_1_106' title="bbox 1863 4559 3448 4631; baseline 0.007 -23"><span class='ocrx_word' id='word_1_733' title='bbox 1863 4559 2172 4612; x_wconf 84' lang='lat' dir='ltr'><strong>necessario</strong></span> <span class='ocrx_word' id='word_1_734' title='bbox 2233 4561 2520 4628; x_wconf 76' lang='lat' dir='ltr'><strong>contingit,</strong></span> <span class='ocrx_word' id='word_1_735' title='bbox 2579 4577 2643 4614; x_wconf 76' lang='lat' dir='ltr'><strong>ex</strong></span> <span class='ocrx_word' id='word_1_736' title='bbox 2699 4578 2872 4631; x_wconf 84' lang='lat' dir='ltr'><strong>eaque</strong></span> <span class='ocrx_word' id='word_1_737' title='bbox 2938 4564 3088 4617; x_wconf 85' lang='lat' dir='ltr'><strong>velut</strong></span> <span class='ocrx_word' id='word_1_738' title='bbox 3137 4580 3205 4617; x_wconf 77' lang='lat' dir='ltr'><strong>ex</strong></span> <span class='ocrx_word' id='word_1_739' title='bbox 3280 4579 3448 4620; x_wconf 79' lang='lat' dir='ltr'><strong>causa</strong></span> 
     </span>
    </p>
   </div>
   <div class='ocr_carea' id='block_1_107' title="bbox 1860 4649 3446 4725">
    <p class='ocr_par' dir='ltr' id='par_1_107' title="bbox 1860 4649 3446 4725">
     <span class='ocr_line' id='line_1_107' title="bbox 1860 4649 3446 4725; baseline 0.006 -23"><span class='ocrx_word' id='word_1_740' title='bbox 1860 4651 2083 4702; x_wconf 87' lang='lat' dir='ltr'><strong>omnino</strong></span> <span class='ocrx_word' id='word_1_741' title='bbox 2106 4649 2398 4719; x_wconf 64' lang='lat' dir='ltr'><strong>dependet,</strong></span> <span class='ocrx_word' id='word_1_742' title='bbox 2425 4667 2478 4704; x_wconf 89' lang='lat' dir='ltr'><strong>ct</strong></span> <span class='ocrx_word' id='word_1_743' title='bbox 2500 4655 2716 4707; x_wconf 85' lang='lat' dir='ltr'><strong>nonnisi</strong></span> <span class='ocrx_word' id='word_1_744' title='bbox 2744 4670 2848 4706; x_wconf 83' lang='lat' dir='ltr'><strong>una</strong></span> <span class='ocrx_word' id='word_1_745' title='bbox 2873 4670 2996 4709; x_wconf 88' lang='lat' dir='ltr'><strong>cum</strong></span> <span class='ocrx_word' id='word_1_746' title='bbox 3024 4656 3125 4708; x_wconf 87' lang='lat' dir='ltr'><strong>hac</strong></span> <span class='ocrx_word' id='word_1_747' title='bbox 3146 4657 3446 4725; x_wconf 79' lang='lat' dir='ltr'><strong>spiritualis</strong></span> 
     </span>
    </p>
   </div>
   <div class='ocr_carea' id='block_1_108' title="bbox 1859 4745 3444 4817">
    <p class='ocr_par' dir='ltr' id='par_1_108' title="bbox 1859 4745 3444 4817">
     <span class='ocr_line' id='line_1_108' title="bbox 1859 4745 3444 4817; baseline 0.009 -25"><span class='ocrx_word' id='word_1_748' title='bbox 1859 4750 1942 4794; x_wconf 86' lang='lat' dir='ltr'><strong>est</strong></span> <span class='ocrx_word' id='word_1_749' title='bbox 1994 4749 2048 4794; x_wconf 84' lang='lat' dir='ltr'><strong>et</strong></span> <span class='ocrx_word' id='word_1_750' title='bbox 2093 4745 2423 4801; x_wconf 85' lang='lat' dir='ltr'><strong>voluntaria.</strong></span> <span class='ocrx_word' id='word_1_751' title='bbox 2461 4747 2565 4799; x_wconf 75' lang='lat' dir='ltr'><strong>Sed</strong></span> <span class='ocrx_word' id='word_1_752' title='bbox 2611 4749 2892 4802; x_wconf 76' lang='lat' dir='ltr'><strong>videmnus</strong></span> <span class='ocrx_word' id='word_1_753' title='bbox 2946 4753 3222 4817; x_wconf 78' lang='lat' dir='ltr'><strong>quomodo</strong></span> <span class='ocrx_word' id='word_1_754' title='bbox 3288 4753 3444 4806; x_wconf 70' lang='lat' dir='ltr'><strong>beata</strong></span> 
     </span>
    </p>
   </div>
   <div class='ocr_carea' id='block_1_109' title="bbox 1861 4836 2895 4906">
    <p class='ocr_par' dir='ltr' id='par_1_109' title="bbox 1861 4836 2895 4906">
     <span class='ocr_line' id='line_1_109' title="bbox 1861 4836 2895 4906; baseline 0.01 -22"><span class='ocrx_word' id='word_1_755' title='bbox 1861 4845 2152 4903; x_wconf 84' lang='lat' dir='ltr'><strong>paupertas</strong></span> <span class='ocrx_word' id='word_1_756' title='bbox 2184 4836 2404 4890; x_wconf 85' lang='lat' dir='ltr'><strong>beatum</strong></span> <span class='ocrx_word' id='word_1_757' title='bbox 2441 4839 2618 4906; x_wconf 87' lang='lat' dir='ltr'><strong>pariat</strong></span> <span class='ocrx_word' id='word_1_758' title='bbox 2658 4839 2895 4894; x_wconf 85' lang='lat' dir='ltr'><strong>luctum.</strong></span> 
     </span>
    </p>
   </div>
   <div class='ocr_carea' id='block_1_110' title="bbox 1933 4925 3446 5005">
    <p class='ocr_par' dir='ltr' id='par_1_110' title="bbox 1933 4925 3446 5005">
     <span class='ocr_line' id='line_1_110' title="bbox 1933 4925 3446 5005; baseline 0.009 -27"><span class='ocrx_word' id='word_1_759' title='bbox 1933 4927 2067 4978; x_wconf 70' lang='lat' dir='ltr'><strong>tium</strong></span> <span class='ocrx_word' id='word_1_760' title='bbox 2101 4925 2264 4996; x_wconf 80' lang='lat' dir='ltr'><strong>igitur</strong></span> <span class='ocrx_word' id='word_1_761' title='bbox 2288 4940 2524 4996; x_wconf 73' lang='lat' dir='ltr'><strong>quatuor</strong></span> <span class='ocrx_word' id='word_1_762' title='bbox 2547 4932 2846 5000; x_wconf 77' lang='lat' dir='ltr'><strong>spiritualis</strong></span> <span class='ocrx_word' id='word_1_763' title='bbox 2870 4936 3207 5003; x_wconf 83' lang='lat' dir='ltr'><strong>paupertatis</strong></span> <span class='ocrx_word' id='word_1_764' title='bbox 3233 4938 3446 5005; x_wconf 75' lang='lat' dir='ltr'><strong>species</strong></span> 
     </span>
    </p>
   </div>
   <div class='ocr_carea' id='block_1_111' title="bbox 1861 5019 3448 5098">
    <p class='ocr_par' dir='ltr' id='par_1_111' title="bbox 1861 5019 3448 5098">
     <span class='ocr_line' id='line_1_111' title="bbox 1861 5019 3448 5098; baseline 0.009 -30"><span class='ocrx_word' id='word_1_765' title='bbox 1861 5029 2110 5071; x_wconf 85' lang='lat' dir='ltr'><strong>sermone</strong></span> <span class='ocrx_word' id='word_1_766' title='bbox 2140 5019 2301 5081; x_wconf 81' lang='lat' dir='ltr'><strong>paulo</strong></span> <span class='ocrx_word' id='word_1_767' title='bbox 2331 5021 2600 5089; x_wconf 84' lang='lat' dir='ltr'><strong>superiori</strong></span> <span class='ocrx_word' id='word_1_768' title='bbox 2632 5025 3060 5089; x_wconf 78' lang='lat' dir='ltr'><strong>Ostenderiiiius,</strong></span> <span class='ocrx_word' id='word_1_769' title='bbox 3087 5045 3207 5098; x_wconf 82' lang='lat' dir='ltr'><strong>qua:</strong></span> <span class='ocrx_word' id='word_1_770' title='bbox 3237 5031 3448 5086; x_wconf 72' lang='lat' dir='ltr'><strong>scilitet</strong></span> 
     </span>
    </p>
   </div>
   <div class='ocr_carea' id='block_1_112' title="bbox 1864 5107 3447 5189">
    <p class='ocr_par' dir='ltr' id='par_1_112' title="bbox 1864 5107 3447 5189">
     <span class='ocr_line' id='line_1_112' title="bbox 1864 5107 3447 5189; baseline 0.01 -31"><span class='ocrx_word' id='word_1_771' title='bbox 1864 5107 1935 5159; x_wconf 80' lang='lat' dir='ltr'><strong>in‘</strong></span> <span class='ocrx_word' id='word_1_772' title='bbox 1974 5110 2304 5178; x_wconf 72' lang='lat' dir='ltr'><strong>cogitatione</strong></span> <span class='ocrx_word' id='word_1_773' title='bbox 2363 5122 2632 5182; x_wconf 60' lang='grc' dir='ltr'>θείς-ωηο</span> <span class='ocrx_word' id='word_1_774' title='bbox 2670 5117 2721 5169; x_wconf 91' lang='lat' dir='ltr'><strong>in</strong></span> <span class='ocrx_word' id='word_1_775' title='bbox 2758 5133 3018 5186; x_wconf 71' lang='lat' dir='ltr'><strong>corpore,</strong></span> <span class='ocrx_word' id='word_1_776' title='bbox 3055 5136 3178 5189; x_wconf 67' lang='lat' dir='ltr'><strong>qua:</strong></span> <span class='ocrx_word' id='word_1_777' title='bbox 3225 5123 3278 5174; x_wconf 91' lang='lat' dir='ltr'><strong>in</strong></span> <span class='ocrx_word' id='word_1_778' title='bbox 3326 5125 3447 5175; x_wconf 70' lang='lat' dir='ltr'><strong>vitae</strong></span> 
     </span>
    </p>
   </div>
   <div class='ocr_carea' id='block_1_113' title="bbox 1864 5196 3447 5279">
    <p class='ocr_par' dir='ltr' id='par_1_113' title="bbox 1864 5196 3447 5279">
     <span class='ocr_line' id='line_1_113' title="bbox 1864 5196 3447 5279; baseline 0.012 -31"><span class='ocrx_word' id='word_1_779' title='bbox 1864 5196 2092 5262; x_wconf 88' lang='lat' dir='ltr'><strong>divitiis,</strong></span> <span class='ocrx_word' id='word_1_780' title='bbox 2129 5210 2184 5252; x_wconf 86' lang='lat' dir='ltr'><strong>et</strong></span> <span class='ocrx_word' id='word_1_781' title='bbox 2214 5217 2333 5269; x_wconf 72' lang='lat' dir='ltr'><strong>qua:</strong></span> <span class='ocrx_word' id='word_1_782' title='bbox 2365 5201 2419 5258; x_wconf 88' lang='lat' dir='ltr'><strong>in</strong></span> <span class='ocrx_word' id='word_1_783' title='bbox 2453 5207 2818 5260; x_wconf 84' lang='lat' dir='ltr'><strong>exterioribus</strong></span> <span class='ocrx_word' id='word_1_784' title='bbox 2842 5210 3447 5279; x_wconf 84' lang='lat' dir='ltr'><strong>teutationibus,.nemo</strong></span> 
     </span>
    </p>
   </div>
   <div class='ocr_carea' id='block_1_114' title="bbox 1858 5283 3446 5371">
    <p class='ocr_par' dir='ltr' id='par_1_114' title="bbox 1858 5283 3446 5371">
     <span class='ocr_line' id='line_1_114' title="bbox 1858 5283 3446 5371; baseline 0.009 -29"><span class='ocrx_word' id='word_1_785' title='bbox 1858 5290 2086 5346; x_wconf 85' lang='lat' dir='ltr'><strong>audiens</strong></span> <span class='ocrx_word' id='word_1_786' title='bbox 2128 5292 2248 5360; x_wconf 43' lang='lat' dir='ltr'><strong>,has</strong></span> <span class='ocrx_word' id='word_1_787' title='bbox 2304 5283 2478 5350; x_wconf 73' lang='lat' dir='ltr'><strong>divise</strong></span> <span class='ocrx_word' id='word_1_788' title='bbox 2530 5309 2911 5366; x_wconf 84' lang='lat' dir='ltr'><strong>proponentes,</strong></span> <span class='ocrx_word' id='word_1_789' title='bbox 2979 5317 3167 5355; x_wconf 80' lang='lat' dir='ltr'><strong>carum</strong></span> <span class='ocrx_word' id='word_1_790' title='bbox 3233 5307 3446 5371; x_wconf 62' lang='lat' dir='ltr'><strong>prasini</strong></span> 
     </span>
    </p>
   </div>
   <div class='ocr_carea' id='block_1_115' title="bbox 1861 5381 3445 5446">
    <p class='ocr_par' dir='ltr' id='par_1_115' title="bbox 1861 5381 3445 5446">
     <span class='ocr_line' id='line_1_115' title="bbox 1861 5381 3445 5446; baseline 0.008 -13"><span class='ocrx_word' id='word_1_791' title='bbox 1861 5396 1980 5434; x_wconf 78' lang='lat' dir='ltr'><strong>esse</strong></span> <span class='ocrx_word' id='word_1_792' title='bbox 2010 5381 2240 5436; x_wconf 82' lang='lat' dir='ltr'><strong>divisam</strong></span> <span class='ocrx_word' id='word_1_793' title='bbox 2293 5387 2590 5441; x_wconf 57' lang='lat' dir='ltr'><strong>existimet.</strong></span> <span class='ocrx_word' id='word_1_794' title='bbox 2622 5387 2756 5441; x_wconf 80' lang='lat' dir='ltr'><strong>Nam</strong></span> <span class='ocrx_word' id='word_1_795' title='bbox 2790 5406 2894 5442; x_wconf 78' lang='lat' dir='ltr'><strong>una</strong></span> <span class='ocrx_word' id='word_1_796' title='bbox 2944 5403 3135 5446; x_wconf 86' lang='lat' dir='ltr'><strong>Omnes</strong></span> <span class='ocrx_word' id='word_1_797' title='bbox 3167 5392 3445 5445; x_wconf 74' lang='lat' dir='ltr'><strong>observari</strong></span> 
     </span>
    </p>
   </div>
   <div class='ocr_carea' id='block_1_116' title="bbox 1863 5476 3445 5549">
    <p class='ocr_par' dir='ltr' id='par_1_116' title="bbox 1863 5476 3445 5549">
     <span class='ocr_line' id='line_1_116' title="bbox 1863 5476 3445 5549; baseline 0.008 -23"><span class='ocrx_word' id='word_1_798' title='bbox 1863 5478 2060 5539; x_wconf 73' lang='lat' dir='ltr'><strong>solent;</strong></span> <span class='ocrx_word' id='word_1_799' title='bbox 2087 5476 2320 5546; x_wconf 68' lang='lat' dir='ltr'><strong>ideoque</strong></span> <span class='ocrx_word' id='word_1_800' title='bbox 2346 5496 2450 5532; x_wconf 91' lang='lat' dir='ltr'><strong>una</strong></span> <span class='ocrx_word' id='word_1_801' title='bbox 2483 5483 2895 5549; x_wconf 72' lang='lat' dir='ltr'><strong>comprehensa:</strong></span> <span class='ocrx_word' id='word_1_802' title='bbox 2925 5494 3054 5536; x_wconf 85' lang='lat' dir='ltr'><strong>sunt</strong></span> <span class='ocrx_word' id='word_1_803' title='bbox 3089 5484 3445 5544; x_wconf 86' lang='lat' dir='ltr'><strong>beatitudine.</strong></span> 
     </span>
    </p>
   </div>
   <div class='ocr_carea' id='block_1_117' title="bbox 1860 5568 3450 5642">
    <p class='ocr_par' dir='ltr' id='par_1_117' title="bbox 1860 5568 3450 5642">
     <span class='ocr_line' id='line_1_117' title="bbox 1860 5568 3450 5642; baseline 0.008 -25"><span class='ocrx_word' id='word_1_804' title='bbox 1860 5580 1982 5631; x_wconf 68' lang='lat' dir='ltr'><strong>(tua:</strong></span> <span class='ocrx_word' id='word_1_805' title='bbox 2044 5568 2367 5622; x_wconf 87' lang='lat' dir='ltr'><strong>mirabiliter</strong></span> <span class='ocrx_word' id='word_1_806' title='bbox 2426 5573 2589 5626; x_wconf 88' lang='lat' dir='ltr'><strong>simul</strong></span> <span class='ocrx_word' id='word_1_807' title='bbox 2641 5575 2882 5626; x_wconf 79' lang='lat' dir='ltr'><strong>ostendit</strong></span> <span class='ocrx_word' id='word_1_808' title='bbox 2932 5576 3113 5642; x_wconf 89' lang='lat' dir='ltr'><strong>qualis</strong></span> <span class='ocrx_word' id='word_1_809' title='bbox 3175 5576 3247 5628; x_wconf 88' lang='lat' dir='ltr'><strong>sit</strong></span> <span class='ocrx_word' id='word_1_810' title='bbox 3303 5577 3450 5630; x_wconf 82' lang='lat' dir='ltr'><strong>velut</strong></span> 
     </span>
    </p>
   </div>
   <div class='ocr_carea' id='block_1_118' title="bbox 1865 5660 3451 5741">
    <p class='ocr_par' dir='ltr' id='par_1_118' title="bbox 1865 5660 3451 5741">
     <span class='ocr_line' id='line_1_118' title="bbox 1865 5660 3451 5741; baseline 0.01 -31"><span class='ocrx_word' id='word_1_811' title='bbox 1865 5660 2019 5711; x_wconf 75' lang='lat' dir='ltr'><strong>radix</strong></span> <span class='ocrx_word' id='word_1_812' title='bbox 2064 5672 2115 5716; x_wconf 89' lang='lat' dir='ltr'><strong>et</strong></span> <span class='ocrx_word' id='word_1_813' title='bbox 2145 5660 2266 5716; x_wconf 77' lang='lat' dir='ltr'><strong>fons</strong></span> <span class='ocrx_word' id='word_1_814' title='bbox 2297 5663 2553 5731; x_wconf 77' lang='lat' dir='ltr'><strong>aliorum,</strong></span> <span class='ocrx_word' id='word_1_815' title='bbox 2589 5679 2788 5721; x_wconf 86' lang='lat' dir='ltr'><strong>nemoe</strong></span> <span class='ocrx_word' id='word_1_816' title='bbox 2832 5668 3063 5741; x_wconf 78' lang='lat' dir='ltr'><strong>Spiritus</strong></span> <span class='ocrx_word' id='word_1_817' title='bbox 3102 5683 3304 5725; x_wconf 72' lang='lat' dir='ltr'><strong>noSter.</strong></span> <span class='ocrx_word' id='word_1_818' title='bbox 3351 5669 3451 5726; x_wconf 83' lang='lat' dir='ltr'><strong>llic</strong></span> 
     </span>
    </p>
   </div>
  </div>
