4106 6328
145 392 294 458 1039

1163 402 1353 464 DECA
1366 405 1506 465 LOG
1521 405 1614 465 US
1648 403 2140 469 Cl—IRISTlAN/E
2183 407 2425 470 LEGIS.

3287 414 3427 479 1090

150 547 3378 588 MM

1276 724 1628 858 ΤΟΥ
1709 723 2310 864 ΑΥΤΟΥ

427 957 1093 1051 ΔΕΚΑΛΟΓΟΣ
1152 967 1371 1058 ΤΗΣ
1447 968 1748 1055 ΚΑΤΑ
1813 971 2297 1062 ΧΡΙΣΤΟΝ
2365 976 3125 1067 ΝΟΜΟΘΕΣΙΑΣ.

1349 1310 2231 1472 EJUSDEM

573 1609 1411 1725 DECALOGUS
1475 1612 2420 1794 CHRISTIAN/E
2513 1621 2970 1737 LEGIS.

217 1969 420 2039 Κύριος
458 1971 486 2021 6
511 1971 640 2034 Θεός
688 1991 781 2026 σου
823 1974 1027 2046 Κύριος
1055 1971 1135 2041 εἷς
1169 1979 1338 2045 ἐστιν,
1373 1981 1400 2033 6
1426 1981 1487 2034 ἐν
1513 1980 1715 2053 Πατρὶ,

1912 1991 1929 2022 ι
1975 1971 2238 2030 Dominus
2298 1975 2440 2031 Dens
2497 1988 2622 2034 tuus
2678 1980 2940 2040 Dominus
2989 1999 3129 2040 unus
3159 1995 3260 2054 est,
3303 2005 3321 2038 ι
3361 1989 3413 2042 itt

136 2062 238 2113 atat
274 2062 407 2130 Υῖῷ,
459 2066 553 2117 καὶ
603 2067 742 2138 ἁγίῳ
771 2069 1049 2150 Πνεῦματι
1080 2075 1476 2144 γνωριζόμενος
1500 2091 1512 2104 ·
1548 2062 1724 2147 Πατρὶ

137 2157 446 2226 άγεννήτῳ,
501 2158 612 2228 Υἰῷ
664 2164 930 2232 γεννητῷ,
983 2164 1264 2234 άνάρχως,
1295 2169 1407 2221 ικαὶ
1453 2170 1720 2238 ἁχρόνως,

139 2251 242 2300 καὶ
296 2249 543 2316 ἀπαθῶς,
575 2254 648 2316 ὡς
699 2254 858 2324 Λόγῳ
882 2274 895 2286 ·
927 2258 985 2319 ὃς
1034 2258 1102 2311 δι’
1145 2261 1336 2313 ἑαυτοῦ
1369 2260 1428 2313 16
1468 2261 1525 2326 ἐξ
1564 2262 1723 2331 ἡμῶν

139 2341 341 2408 χρίσας
400 2343 758 2415 πρόσλημμα,
805 2349 1068 2419 κέκληται
1115 2352 1370 2420 Χριστὸς,
1407 2354 1501 2405 καὶ
1554 2352 1721 2407 Ilva}.

143 2450 282 2500 ματι
310 2433 468 2505 ἁγίῳ,
503 2437 593 2490 καὶ
624 2437 774 2507 αὐτῷ
815 2441 878 2493 ὲκ
926 2442 1020 2494 τοῦ
1059 2443 1290 2514 Πατρὸς,
1326 2447 1386 2497 οὐ
1423 2447 1719 2515 γεννητῶς,

135 2525 260 2576 ἀλλ’
308 2529 654 2597 ἐκπορευτῶς
691 2535 1098 2605 προερχομένῳ.
1147 2532 1314 2600 Οὗτος
1358 2539 1517 2607 μόνος
1565 2540 1720 2603 Θεὸς,

139 2619 240 2669 καὶ
299 2613 451 2682 οὗτος
498 2620 628 2684 Θεὸς
661 2623 930 2693 ἀληθινὸς,
967 2628 994 2680 6
1048 2628 1106 2680 ὲν
1155 2629 1344 2696 Τριάδι
1376 2631 1723 2685 ὑποστάσεων

139 2709 350 2778 Κύριος
381 2706 462 2772 εἷς
485 2729 496 2742 ·
535 2713 717 2781 φύσει,
749 2717 840 2768 καὶ
873 2717 1057 2788 βουλῇ,
1085 2722 1175 2772 καὶ
1204 2722 1350 2792 δόξῃ.
1403 2723 1629 2792 δυνάμει
1662 2742 1720 2777 1s

137 2799 234 2849 καὶ
281 2800 548 2870 ἐνεργείᾳ,
610 2804 703 2854 καὶ
747 2807 906 2858 πᾶσιν
943 2811 1053 2870 τοῖς
1099 2810 1199 2878 τῆς
1241 2812 1487 2882 θεότητος
1524 2816 1723 2885 γνωρί-

139 2905 316 2955 σμασι
359 2891 433 2961 μὴ
455 2892 852 2962 διαιρούμενος.
871 2899 1042 2951 Αὐτὸν
1067 2902 1226 2968 μόνον
1258 2904 1590 2974 ἀγαπήσεις,
1625 2906 1721 2959 καὶ

137 2976 294 3043 αὑτῷ
342 2978 485 3047 μόνῳ
532 2982 881 3052 λατρεύσεις,
919 2986 978 3051 ἐξ
1018 2982 1145 3053 ὅλης
1185 2991 1280 3057 τῆς
1323 2991 1560 3056 διανοίας
1599 3012 1716 3058 σου,

135 3068 237 3118 καὶ
268 3066 326 3131 ἐξ
359 3069 488 3139 ὅλης
532 3073 631 3143 τῆς
679 3077 926 3145 καρδίας,
976 3081 1068 3132 καὶ
1121 3080 1181 3144 ἐξ
1223 3083 1350 3151 ὅλης
1380 3087 1476 3154 τῆς
1537 3087 1720 3156 ἰσχύος

139 3177 260 3221 σου,
295 3162 385 3214 καὶ
423 3164 574 3218 ἔσται
608 3169 677 3220 τά
719 3170 941 3240 ῥήματα
981 3174 1151 3228 αὐτοῦ
1196 3180 1288 3230 καὶ
1338 3180 1404 3231 τὰ
1441 3182 1719 3249 προστάγ-

1832 2061 1995 2120 Patre
2055 2079 2109 2121 et
2163 2070 2214 2121 in
2284 2069 2418 2124 Filio
2484 2080 2537 2126 et
2586 2073 2639 2126 in
2708 2073 2916 2142 Spiritu
2967 2087 3159 2133 sancto
3223 2082 3413 2150 cogni-

1832 2168 1968 2216 tus:
2033 2160 2086 2214 in
2135 2163 2299 2219 Patre
2347 2166 2616 2236 ingenito;
2656 2170 2712 2224 in
2748 2167 2888 2225 Filio
2935 2172 3142 2240 genito,
3197 2174 3290 2243 qui
3323 2183 3408 2229 est

1831 2252 1954 2306 sine
1999 2253 2290 2320 principio,
2336 2267 2594 2321 aeternus,
2645 2270 2700 2315 et
2753 2261 3125 2331 impassiltilis,
3188 2278 3246 2319 ut
3278 2265 3408 2320 Ver-

1831 2345 1981 2410 bum,
2009 2347 2100 2416 qui
2133 2355 2386 2403 naturam
2425 2361 2670 2406 nostram
2721 2354 2789 2408 de
2842 2355 3023 2424 scipso
3065 2358 3243 2422 unxit,
3272 2363 3416 2413 unde

1831 2448 2055 2494 meatus
2081 2451 2164 2495 est
2196 2440 2474 2510 Christus;
2508 2454 2562 2499 et
2600 2446 2654 2499 in
2687 2443 2894 2516 Spiritu
2943 2458 3153 2517 sancto,
3188 2452 3282 2520 qui
3324 2461 3414 2506 est

1831 2529 1948 2600 ipse
1969 2532 2036 2587 de
2064 2531 2244 2598 Patre,
2275 2550 2379 2589 non
2408 2551 2502 2604 per
2533 2537 2876 2604 ﬁliationem,
2896 2543 2988 2596 sed
3031 2559 3130 2612 per
3155 2544 3417 2611 spiratio-

1831 2638 1951 2678 nem
1990 2626 2257 2692 procedit.
2297 2625 2394 2681 llic
2448 2638 2532 2683 est
2576 2645 2718 2686 unus
2753 2632 2914 2695 Deus.
2947 2643 3002 2688 et
3041 2633 3129 2690 hic
3158 2645 3243 2690 est
3273 2634 3417 2690 Deus

1829 2729 2012 2780 verus,
2041 2726 2099 2772 et
2147 2720 2199 2773 in
2247 2719 2494 2776 trinitate
2529 2736 2885 2792 personarmn
2924 2724 3188 2780 Dominus
3227 2741 3415 2785 unus:

1829 2815 2049 2873 natura,
2107 2808 2404 2876 voluntate,
2439 2813 2631 2881 gloria,
2659 2824 2952 2884 potestate,
2986 2816 3328 2885 operatione,
3359 2827 3414 2871 et

1829 2898 2082 2953 omnibus
2126 2899 2425 2958 divinitatis
2488 2907 2918 2974 proprietatibus
3002 2923 3108 2962 non
3176 2909 3410 2964 divisus.

1827 2987 1979 3043 Illum
2017 2991 2190 3045 solum
2211 2993 2428 3064 diliges,
2450 2997 2597 3049 etilli
2632 2999 2730 3052 soli
2755 3001 2964 3054 servies
2984 3016 3050 3054 ex
3080 3009 3191 3055 tota
3231 3010 3413 3057 mente

1829 3089 2012 3145 tua,et
2044 3099 2109 3137 ex
2130 3093 2242 3138 toto
2272 3091 2438 3140 corde
2462 3096 2573 3155 tuo,
2598 3097 2652 3141 ct
2679 3105 2741 3142 ex
2775 3100 2885 3144 tota
2919 3090 3240 3148 fortitudine
3274 3105 3360 3145 tua
3393 3109 3411 3158 ;

1829 3185 2102 3245 eruntque
2136 3179 2301 3233 verba
2334 3179 2453 3247 ejus
2481 3191 2530 3235 et
2560 3196 2830 3252 praecepta
2855 3182 2970 3250 ejus
3005 3185 3057 3238 in
3099 3186 3267 3240 corde
3298 3196 3411 3248 tun,

137 3269 292 3319 ματα
315 3255 477 3308 αὐτοῦ
505 3259 561 3309 ὲν
587 3261 650 3330 τῇ
689 3262 888 3333 καρδία
932 3282 1044 3332 σου,
1078 3270 1157 3330 εἰς
1185 3269 1244 3321 16
1272 3272 1534 3339 πράττειν
1556 3273 1714 3325 αὐτὰ.

137 3345 229 3372 ..-ι
277 3345 502 3372 ..-‘.--z_.
575 3351 662 3372 --Α
700 3351 852 3372 πηοεν
935 3357 947 3372 ο
1091 3359 1104 3372 .
1179 3362 1200 3372 -
1377 3361 1432 3372 Α.
1563 3364 1574 3372 .

1830 3281 1891 3322 ttt
1919 3269 2090 3325 facins
2128 3286 2213 3334 ea,
2251 3281 2308 3326 et.
2341 3274 2622 3327 mediteris
2665 3275 2717 3328 in
2766 3276 2847 3330 eis
2885 3279 3082 3331 sedens
3126 3287 3182 3333 et
3215 3276 3413 3332 ambu-

135 3345 235 3396 καὶ
274 3345 524 3416 μελετᾷν,
575 3351 669 3403 καὶ
700 3351 880 3406 λαλεῖν
929 3357 988 3409 ὲν
1045 3359 1249 3426 αὐτοῖς,
1301 3361 1607 3433 καθήμενόν
1656 3379 1715 3417 τε

135 3438 232 3488 καὶ
285 3441 670 3510 πορευόμενον,
724 3449 1129 3519 κοιταζὸμενον,
1184 3455 1279 3506 καὶ
1335 3455 1715 3524 ἀνιστάμενον.

132 3529 250 3581 Καὶ
286 3532 572 3619 μνησθήσῃ
600 3535 891 3619 διαπαντὸς
941 3542 1146 3610 Κυρίου
1175 3545 1267 3597 τοῦ
1295 3547 1430 3599 Θεοῦ
1469 3564 1586 3611 σου,
1623 3550 1719 3600 καὶ

132 3611 424 3693 φοϐηθήσῂ
487 3626 649 3680 αὐτὸν
710 3611 876 3697 μόνον
910 3647 922 3660 ⁸
952 3635 1047 3687 καὶ
1102 3636 1200 3687 οὐκ
1240 3637 1476 3710 ἐπιλήσῃ
1525 3637 1716 3707 αὑτοῦ,

130 3712 260 3764 οὐδὲ
294 3712 402 3765 τῶν
425 3716 655 3770 ἐντολῶν
688 3721 878 3774 αὑτοῦ·
925 3723 1075 3777 οὕτω
1103 3727 1210 3794 γὰρ
1244 3725 1402 3779 δώσει
1436 3745 1517 3781 σοι
1556 3730 1716 3794 αὐτὸς

133 3804 295 3871 ἰσχὺν
315 3805 409 3857 τοῦ
441 3811 614 3860 ποιεῖν
630 3809 690 3861 16
725 3810 936 3880 θέλημα
974 3815 1138 3868 αὐτοῦ
1161 3829 1176 3846 ⁶
1203 3817 1356 3870 οὐδὲν
1381 3819 1488 3888 γάρ
1531 3820 1716 3891 ἕτερον

131 3894 361 3965 ὲκζητεῖ
376 3899 524 3967 παρὰ
550 3899 666 3965 σοῦ,
687 3902 801 3954 ἀλλ’
823 3902 855 3973 ἢ
874 3904 1152 3972 φοϐεῖσθαι
1171 3909 1263 3960 καὶ
1283 3912 1501 3981 ἀγαπᾷν
1531 3912 1714 3978 αὐτὸν,

129 3988 234 4039 καὶ
283 3988 615 4056 πορεύεσθαι
647 3994 704 4044 ὲν
749 3994 951 4058 πάσαις
983 4001 1104 4061 ταῖς
1143 4000 1281 4063 ὁδοῖς
1313 4001 1502 4056 αὐτοῦ.
1543 3995 1716 4070 Οὗτος

129 4078 402 4149 καύχημά
426 4099 539 4147 σου,
583 4084 675 4137 καὶ
709 4080 862 4149 οὗτος
896 4087 1026 4152 Θεός
1061 4107 1175 4144 σου.
1207 4092 1299 4163 Μὴ
1329 4094 1570 4168 ἀκούσῃς
1605 4086 1715 4150 τῶν

128 4170 525 4240 ὐπερκοσμὶων
574 4175 821 4242 ἀγγέλων
865 4179 927 4232 16
967 4180 1177 4244 ἀπαθὲς
1218 4185 1308 4236 καὶ
1335 4186 1584 4256 ἀόρατον,
1622 4189 1716 4242 καὶ

125 4260 228 4312 τοῦ
277 4262 604 4327 ἐκπεσόντος
635 4267 845 4321 ἐκεῖθεν
875 4271 936 4323 τὸ
985 4271 1106 4326 λίαν
1156 4277 1409 4347 πονηρὸν,
1438 4280 1532 4332 καὶ
1577 4281 1714 4350 πρὸς

124 4352 234 4420 τὴν
288 4355 498 4425 πλάνην
532 4360 712 4426 σοφὸν,
761 4361 858 4413 καὶ⁸
912 4363 1027 4429 ὀξὺ,
1059 4366 1152 4418 καὶ
1183 4371 1575 4440 παμμήχανον,
1619 4373 1712 4426 καὶ

124 4445 397 4513 ὁμότιμόν
422 4465 474 4500 τι
504 4449 710 4503 τούτων
747 4451 825 4521 τῷ
869 4454 988 4524 Θεῴ
1025 4457 1254 4530 δοξάσῃς
1280 4478 1294 4493 ·
1336 4464 1412 4532 μὴ
1466 4463 1580 4536 ἴδῃς
1615 4465 1710 4519 τοῦ

126 4537 366 4606 οὐρανοῦ
417 4539 477 4591 16
523 4541 779 4609 μέγεθος,
817 4546 914 4598 καὶ
962 4547 1022 4600 16
1054 4551 1331 4616 πολυειδὲς
1373 4555 1474 4624 τῆς
1517 4556 1710 4611 τούτου

1833 3362 1970 3426 lans,
1987 3363 2262 3418 dormiens
2284 3375 2443 3434 atque
2464 3380 2804 3434 consurgens
2833 3369 2876 3402 “
2899 3370 2938 3422 ‘.
2973 3368 3036 3423 Et
3076 3369 3370 3424 recordabc
3386 3399 3414 3408 ς

1830 3455 1906 3510 ris
1933 3470 2154 3525 semper
2187 3457 2398 3510 Domini
2445 3457 2536 3512 Dei
2570 3459 2672 3524 tui,
2701 3470 2756 3513 et
2795 3462 3009 3515 timebis
3060 3477 3184 3516 eum
3212 3462 3410 3526 solum,

1830 3551 1928 3601 nec
1952 3547 2292 3604 obliviscaris
2319 3549 2436 3619 ejus
2467 3560 2520 3605 et
2548 3551 2930 3605 mandatorum
2961 3553 3078 3623 ejus
3107 3570 3120 3608 ι
3147 3554 3226 3608 sic
3267 3554 3410 3607 enim

1828 3641 2107 3696 dabit‘tibi
2161 3641 2269 3695 vim
2329 3643 2560 3697 faciendi
2617 3643 2954 3700 voluntatem
3008 3647 3212 3715 ipsius;
3274 3647 3409 3700 nihil

1827 3736 1974 3787 enim
2009 3733 2147 3803 petit
2181 3749 2208 3786 a
2261 3743 2336 3800 te,
2374 3736 2473 3789 nisi
2526 3748 2585 3789 ιιι
2619 3736 2811 3792 timeas
2840 3750 2893 3792 et
2944 3739 3136 3808 diligas
3176 3754 3320 3802 eum,
3352 3749 3407 3793 cl.

1829 3825 2078 3881 ambules
2108 3827 2162 3881 in
2187 3827 2442 3881 omnibus
2473 3829 2576 3883 viis
2605 3827 2726 3894 ejus
2750 3828 2815 3884 “.
2853 3828 2952 3884 llic
2977 3841 3061 3884 est
3093 3830 3258 3899 gloria
3295 3840 3407 3896 tua,

1828 3929 1881 3969 et
1916 3919 2004 3972 hic
2029 3918 2171 3973 Detts
2209 3931 2353 3971 tuus.
2383 3919 2461 3972 l‘Ie
2512 3937 2543 3974 a
2564 3923 2756 3976 stimes
2786 3939 3144 3988 supernorum
3183 3927 3404 3994 angelo-

1828 4024 1944 4060 rum
1983 4008 2495 4077 impassibilitatetn,
2541 4020 2596 4064 et
2645 4011 2848 4080 delapsi
2880 4012 3026 4067 illinc
3079 4015 3399 4081 nequitiam,

1826 4100 1934 4162 doli
1969 4100 2199 4167 peritam
2222 4099 2583 4170 callidamque
2605 4110 2661 4154 et
2691 4102 3068 4167 artiﬁciosam,
3101 4119 3201 4159 ncc
3242 4104 3407 4158 ullum

1825 4206 2013 4246 eorum
2037 4192 2228 4246 eodem
2269 4207 2378 4261 quo
2409 4192 2578 4246 Deum
2607 4194 2814 4249 honore
2841 4194 3127 4262 glorilices.
3157 4194 3237 4250 Ne
3268 4210 3404 4251 con-

1825 4284 2032 4338 sideres
2059 4285 2184 4340 cmli
2234 4286 2685 4353 magnitudinem,
2738 4287 3100 4342 multiformes
3130 4278 3404 4358 ejusmo-

1823 4387 1934 4441 tns,
1979 4377 2324 4446 splendorem
2362 4379 2513 4441 solis.
2547 4382 2775 4434 nitorem
2839 4381 3002 4445 lunas,
3057 4381 3406 4450 aliorumque

1824 4471 2065 4524 siderum
2093 4467 2377 4537 fulgorem,
2409 4483 2509 4522 nec
2535 4468 2823 4523 utilitatem
2858 4468 3080 4538 aspirati
3109 4469 3274 4534 aeris,
3303 4483 3405 4522 nt-c

1826 4562 1995 4615 maris
2045 4574 2110 4614 ac
2162 4569 2322 4614 terrae
2377 4557 2796 4626 fecunditatem,
2836 4576 2936 4614 nec
2974 4561 3179 4628 aliquid
3209 4561 3403 4615 horum

128 4632 424 4701 κινήσεως,
447 4635 506 4686 16
534 4636 878 4714 περιλαμπὲς
900 4641 994 4695 τοῦ
1025 4643 1199 4711 ἡλίου,
1230 4647 1328 4715 τὴν
1360 4647 1459 4717 τῆς
1481 4649 1712 4722 σελήνης

1825 4651 2066 4705 deilices.
2104 4649 2239 4703 Nam
2275 4659 2484 4706 cuncta:
2536 4667 2623 4706 res
2668 4653 2830 4706 unius
2880 4653 2973 4706 Dei
3007 4660 3135 4706 sunt
3190 4651 3405 4705 famula!

129 4723 435 4792 φανότητα,
485 4726 594 4778 τῶν
637 4727 814 4781 ἄλλων
863 4733 1113 4802 ἀστέρων
1142 4737 1202 4788 16
1250 4738 1487 4806 διαυγὲς,
1538 4741 1600 4795 16
1631 4744 1712 4809 εἰς

1825 4759 1890 4798 ac
1923 4750 2208 4807 creaturae,
2243 4743 2410 4798 verbo
2446 4743 2567 4811 ejus
2597 4760 2627 4799 e
2655 4746 2826 4799 nihilo
2853 4747 3152 4815 productae.
3200 4765 3218 4796 ι
3259 4745 3404 4810 Qun-

126 4817 410 4879 ἀναπνοὰς
454 4818 547 4870 τοῦ
587 4821 1109 4893 άέροςκεῠχρηστον,
1156 4829 1256 4898 τῆς
1294 4831 1572 4901 θαλάσσης
1618 4837 1710 4889 καὶ

126 4905 356 4975 τῆςγῆς
383 4908 444 4961 16
475 4911 786 4980 πάμφορον,
819 4917 909 4967 καὶ
950 4915 1277 4993 θεοποιήσῃς
1309 4940 1359 4975 τι
1389 4925 1495 4977 τῶν
1529 4928 1710 4979 τοιού-

126 5013 262 5051 των.
319 4999 506 5055 Πάντα
554 5005 665 5072 γὰρ
715 5004 809 5057 τοῦ
866 5007 1028 5076 μόνου
1074 5009 1207 5063 Θεοῦ
1254 5013 1360 5065 είσι
1405 5014 1570 5070 δοῦλα
1612 5022 1708 5074 καὶ

129 5087 431 5156 κτίσματα,
464 5091 540 5162 τῷ
589 5094 734 5166 λόγῳ
779 5097 943 5152 αὐτοῦ
988 5101 1052 5152 ἐκ
1099 5101 1175 5170 μὴ
1221 5103 1387 5156 ὄντων
1417 5109 1703 5177 γενόμενα.

135 5181 339 5244 (Αὐτὸς
369 5182 478 5252 γὰρ
517 5180 660 5249 εἷπε,
687 5188 780 5240 καὶ
805 5190 1166 5261 ἐγενήθησαν
1187 5195 1350 5258 αὐτὸς
1381 5199 1706 5269 ἐνετείλατο,

126 5272 225 5322 καὶ
257 5271 638 5342 ἐκτίσθησαν.»
667 5275 868 5330 Τοῦτον
895 5276 986 5333 οὖν
1016 5284 1178 5351 μόνον
1199 5285 1287 5337 τὸν
1311 5288 1588 5360 Δεσπότην
1614 5292 1706 5344 καὶ

127 5364 475 5433 Δημιουργὺν
513 5357 609 5418 τοῦ
641 5371 843 5432 παντὸς
872 5372 946 5436 ὡς
980 5373 1112 5427 Θεὸν
1141 5377 1408 5445 δοξάσεις,
1444 5357 1725 5454 καὶνπρδς

127 5456 298 5550 αὐτὸν
333 5456 400 5509 δι’
447 5460 1008 5539 άγάπηςκολληθήση
1043 5470 1138 5524 καὶ
1168 5473 1315 5544 αὐτῷ
1347 5478 1704 5550 μετανοήσεις

126 5546 348 5616 ἡμέρας
391 5549 487 5601 καὶ⁹
527 5553 740 5618 νυκτὸς,
770 5556 865 5608 ἐπὶ
912 5560 1026 5622 τοῖς
1085 5561 1358 5629 ἑκουσίοις
1408 5567 1502 5618 καὶ
1543 5546 1706 5622 άκου-

127 5636 269 5698 σίοις
322 5640 763 5709 παραπτώμασιν
789 5663 803 5677 ο
855 5647 1021 5727 αὐτὸς
1064 5653 1171 5719 γάρ
1211 5654 1357 5706 ἐστιν
1403 5657 1704 5723 οἰκτίρμων

205 5749 323 5874 σις’
349 5751 515 5811 Marc.
546 5772 640 5822 xu,
669 5755 758 5813 l9.
859 5759 906 5793 “
927 5759 1083 5820 Deut.
1113 5780 1192 5834 Vt,
1214 5765 1333 5824 5-7.

145 5837 217 5887 ιν,
253 5837 307 5875 z.

1823 4835 1970 4887 niam
2009 4834 2126 4903 ipse
2180 4834 2341 4898 dixit,
2375 4843 2430 4888 et
2475 4834 2619 4890 facta
2652 4845 2818 4902 sunt;
2870 4837 2982 4905 ipse
3020 4837 3316 4898 mandatit.
3351 4849 3406 4890 et

1817 4939 2004 4981 creata
2053 4937 2177 4981 sunt
2211 4927 2278 4980 ⁸⁷.
2336 4947 2355 4979 ι
2395 4928 2548 4982 Ilunc
2599 4929 2762 4997 igitur
2799 4930 2973 4983 solum
3029 4929 3316 4982 Dominum
3350 4939 3399 4981 et

1819 5019 2138 5074 Creatorem
2174 5021 2557 5076 universorum
2586 5032 2643 5075 ut
2675 5019 2839 5077 Deum
2867 5024 3038 5081 coles.
3071 5024 3230 5092 eique
3267 5024 3400 5077 chao

1821 5111 1978 5166 ritate
2013 5111 2386 5182 conjungeris,
2419 5114 2476 5168 δι
2531 5113 2695 5169 ab'e'o
2735 5116 2827 5169 diu
2860 5127 3132 5185 noctuque
3185 5117 3401 5169 veniam

1818 5214 1971 5267 petes
2029 5204 2359 5260 offensarum
2411 5216 2606 5276 sponte
2663 5218 2757 5261 aut
2810 5219 3008 5276 praeter
3067 5210 3400 5263 voluntatem

1812 5295 2235 5351 commissarum
2270 5315 2284 5352 :
2321 5299 2433 5367 ipse
2484 5300 2630 5352 enim
2663 5307 2749 5353 est
2809 5300 3101 5353 miseratur
3149 5309 3203 5354 et
3236 5301 3403 5376 misi}-

1815 5386 1991 5443 ricors
2018 5389 2085 5454 ⁸³,
2121 5390 2340 5464 patiens
2355 5401 2409 5444 et
2437 5391 2622 5445 multe
2648 5392 3019 5446 miserationis
3052 5391 3119 5453 ".
3146 5399 3200 5445 et
3237 5391 3404 5445 bene-

1812 5477 1988 5534 factor
2044 5467 2452 5550 setttpitet‘ntts;
2508 5487 2838 5553 promittens
2866 5492 2921 5536 ut
2976 5483 3116 5537 dans
3169 5499 3397 5550 regttttttt

1813 5568 2041 5625 cteleste
2071 5582 2127 5626 et
2160 5584 2446 5637 aeternum,
2477 5586 2530 5629 et
2561 5575 2727 5628 vitam
2762 5574 2970 5629 doloris
3001 5589 3064 5628 ac
3099 5575 3288 5628 mortis
3314 5573 3401 5627 iu-

1812 5661 1981 5716 sciam
2004 5675 2060 5718 et
2077 5664 2214 5719 lucis
2243 5667 2362 5721 sine
2387 5681 2608 5738 vespera
2630 5667 3058 5737 possessionem,
3083 5665 3398 5722 verentibus

1433 5774 1480 5806 ⁶⁶
1499 5774 1655 5834 Deut.
1692 5791 1715 5831 ι

1825 5775 1878 5836 3.
1953 5778 1999 5810 "
2031 5778 2179 5835 Psal.
2207 5797 2378 5848 um.
2417 5783 2471 5839 9.
2549 5783 2595 5815 ⁸⁸
2619 5783 2764 5840 Psal.
2808 5797 3009 5851 uuv,
3037 5782 3126 5838 15.
3197 5778 3393 5838 “lett.
