4106 6328
158 423 305 486 1101

1454 434 1551 492 DE
1592 436 2134 495 HESYCHASTIS.

3290 443 3437 507 1102

151 537 381 599 γένοιτο
414 536 621 597 πάντας
656 538 804 607 ἡμᾶς
841 540 1141 609 ἐπιτυχεῖν,
1178 520 1364 613 χ’έιριτι
1406 545 1502 598 κα)⁸
1547 546 1740 614 φιλαν-

1845 558 1899 602 et
1933 550 2132 614 honor,
2166 558 2219 603 et
2252 549 2521 614 adormio,
2565 568 2689 606 cum
2726 555 2970 623 ingenito
3009 554 3129 624 ejus
3159 554 3336 620 Patre,
3377 571 3431 612 et

151 623 389 695 θρωπίᾳ
432 626 526 680 τοῦ
572 629 803 698 Κυρίου,
835 632 927 685 καὶ
963 631 1099 684 Θεοῦ
1150 635 1243 685 καὶ
1293 634 1543 704 Σωτῆρος
1576 637 1733 707 ἡμῶν

164 715 358 782 Ἰησοῦ
379 717 635 787 Χριστοῦ,
656 714 699 788 ᾧ
720 724 921 791 πρέπει
944 726 1095 778 πάσα
1112 725 1256 791 δόξα,
1275 728 1436 798 τιμὴ,
1456 730 1552 781 καὶ
1566 746 1734 798 προσ-

1846 640 2218 705 sanctissimo,
2256 644 2464 711 optimo
2496 654 2551 698 et
2589 646 2808 699 viviﬁco
2865 645 3109 715 Spiritu,
3147 662 3335 708 nunc.
3374 660 3431 702 et

1842 746 2087 800 semper,
2118 742 2172 785 et
2215 733 2268 786 in
2305 736 2503 789 amula
2527 738 2877 791 smeulorum.
2914 739 3113 792 Amen.

159 808 422 879 κύνησις,
455 815 551 867 σὺν
582 817 659 885 τῷ
683 818 904 888 ἀνάρχῳ
930 820 1098 875 αὐτοῦ
1128 824 1327 893 Πατρὶ,
1365 824 1459 877 καὶ⁵
1506 824 1583 893 τῷ
1613 827 1868 897 παναγίῳ
1911 829 2004 882 καὶ
2040 829 2232 898 ἀγαθῴ
2282 833 2383 885 καὶ
2416 831 2671 904 ζωοποιῷ
2696 835 3002 904 Πνεύματι,
3034 838 3150 902 νῦν,
3176 838 3270 893 καὶ
3303 838 3413 905 ἀεὶ,

162 900 272 952 καὶ
305 906 385 965 εἰς
409 906 536 969 τοὺς
567 909 767 970 αἰῶνας
795 910 905 963 τῶν
935 911 1169 967 αἰώνων.
1215 915 1409 987 Ἀμήν.

187 1032 461 1061 mar-“'—

428 1037 2104 1073 ΞΜ

2106 1064 2503 1074 .____..______
2516 1066 2522 1075 ,
3066 1064 3099 1066 ἡ
3110 1064 3117 1065 κ
3246 1068 3257 1073 ,
3354 1064 3423 1065 7i,

1658 1181 1751 1235 EK
1803 1185 1943 1235 ΤΩΝ

1024 1334 1254 1427 ΤΟΥ
1326 1344 1717 1429 ΑΥΤΟΥ
1784 1346 2123 1431 ΑΓΙΟΥ
2200 1348 2577 1433 ΛΟΓΩΝ

1746 1546 1860 1584 run

761 1689 1059 1800 ΤΩΝ
1153 1657 1580 1801 ΙΕΡΩΣ
1653 1690 2835 1813 ΗΣΥΧΑΖΟΝΤΩΝ.

846 2054 1034 2165 EX
1111 2052 1740 2168 EJUSDEM

1836 1964 2748 2176 SERMONIBUS

1698 2280 1762 2321 DE
1810 2280 1879 2319 IIS

609 2426 816 2531 QUI
893 2423 1290 2515 SAaM;
1368 2425 2079 2516 INDULGENT
2172 2372 2967 2535 QUIETUDI’NI.

586 2735 902 2800 Ἐρωτησις
930 2738 1079 2802 πρὸς
1102 2738 1308 2792 αὐτόν.

228 2864 425 2928 Καλῶς
446 2865 725 2936 ἐποίησας,
759 2868 963 2939 Πάτερ,
991 2876 1086 2923 καὶ
1109 2874 1235 2935 τοὺς
1272 2872 1380 2926 τῶν
1405 2876 1571 2942 ἁγίων
1600 2880 1730 2948 περὶ

150 2958 255 3011 τοῦ
304 2950 613 3027 ζητήματος
667 2976 755 3028 μοι
806 2959 1001 3027 λόγους
1055 2964 1405 3034 προθέμενος.
1467 2969 1567 3020 Σοῦ
1620 2972 1729 3039 γὰρ

148 3048 373 3102 ἀκούων
392 3048 605 3113 λύοντός
639 3067 729 3117 μοι
759 3050 827 3103 τὰ
858 3052 1254 3123 διηπορημένα,
1292 3055 1603 3127 ἐθαύμαζον
1634 3062 1732 3129 μὲν

152 3140 263 3206 ’τῆς
294 3139 553 3208 ἀληθείας
608 3141 667 3192 τὸ
702 3142 986 3211 ἐμφανές-ο
1020 3146 1197 3199 ἐκεῖνο
1224 3148 1281 3201 δέ
1324 3166 1428 3218 μου
1477 3151 1730 3225 ὑπεισῄει

155 3229 230 3294 τῇ
265 3225 490 3296 διανοίᾳ,
524 3228 597 3290 ὡς
621 3228 850 3298 ἐπείπερ
871 3230 1010 3302 λόγῳ
1044 3233 1261 3287 παλαίει
1293 3238 1401 3298 πᾶς
1430 3236 1584 3306 λόγος
1615 3257 1630 3272 ο
1656 3241 1732 3304 ὡς

154 3314 261 3367 καὶ
286 3315 444 3378 αὐτὸς
470 3316 697 3386 εἴρηκας
719 3333 737 3351 ο
764 3318 837 3388 μὴ
860 3320 953 3371 καὶ
980 3323 1094 3384 τοῖς
1126 3323 1231 3375 ὑπὸ
1261 3324 1355 3377 σοῦ
1386 3325 1725 3397 λεγομένοις,

140 3401 314 3467 αὖθις
335 3406 419 3475 εἴη
450 3425 533 3469 τις
583 3411 864 3477 ἀντιλογία
890 3428 904 3442 ο
936 3413 1061 3465 ἐπεὶ
1101 3415 1158 3466 δὲ
1185 3416 1283 3486 τὴν
1306 3418 1395 3470 διὰ
1418 3419 1525 3472 τῶν
1552 3419 1737 3491 ἔργων

149 3496 464 3564 μαρτυρίαν
517 3497 686 3568 μόνην
734 3501 905 3569 ἔγνων
956 3502 1120 3557 οὖσαν
1154 3505 1575 3576 ἀναμφίλεκτον,
1635 3510 1731 3566 καὶ

147 3582 281 3642 τοὺς
302 3583 492 3650 ἁγίους
520 3586 587 3637 τὰ
615 3589 753 3641 αὐτά
792 3586 874 3644 σοι
907 3591 1163 3659 λέγοντας
1193 3596 1426 3665 ἀκήκοα,
1452 3599 1601 3652 οὐδὲν
1627 3618 1730 3653 τοι·

153 3672 320 3723 οῦτον
371 3673 452 3725 ἔτι
505 3675 718 3730 δέδοικα
745 3695 760 3711 ο
794 3681 821 3732 ὁ
875 3684 981 3753 γὰρ
1009 3684 1217 3748 τούτοις
1271 3688 1344 3757 μὴ
1385 3691 1724 3760 πειθόμενος.

152 3761 278 3823 πῶς
312 3762 378 3815 ἂν
410 3766 573 3830 αὐτὸς
596 3768 906 3835 ἀξιόπιστος
942 3776 1023 3843 εἴη
1048 3792 1061 3840 ;
1088 3775 1204 3839 πῶς
1226 3776 1271 3829 δ’
1305 3779 1404 3831 οὐκ
1420 3778 1488 3832 ἂν
1509 3780 1723 3850 ἁθετοίη

145 3852 246 3904 τὸν
269 3853 376 3904 τῶν
398 3856 570 3924 ἁγίων
599 3860 732 3912 Θεόν
753 3879 766 3926 ;
792 3862 967 3916 Αὑτοῦ
994 3866 1103 3935 γάρ
1130 3868 1245 3921 ἐστι
1265 3868 1421 3936 λόγος
1444 3871 1579 3941 πρὸς
1602 3875 1727 3936 τοὺς

148 3944 512 4011 ἀποστόλους,
549 3950 643 3999 καὶ
704 3950 771 4002 δι’
805 3952 984 4005 αὐτῶν
1021 3955 1156 4023 πρὸς
1209 3958 1333 4021 τοὺς
1364 3958 1481 4027 μετέ
1529 3961 1727 4025 αὐτοὺς

146 4032 342 4099 ἁγίους
396 4037 704 4105 εἰρημένος,
754 4041 833 4094 ὅτι
870 4062 890 4093 ‹
943 4043 1001 4095 Ὀ
1028 4045 1235 4097 ἀθετῶν
1277 4048 1441 4116 ὑμᾶς,
1474 4052 1575 4120 ἐμὲ
1602 4054 1699 4107 ἀθε

146 4127 240 4175 τεῖ
281 4142 293 4154 ·
329 4145 348 4175 ι
383 4129 587 4180 ταυτὸν
640 4130 685 4181 δ’
716 4133 908 4198 εἰπεῖν,
938 4136 1115 4205 αὐτὴν
1135 4137 1232 4208 τὴν
1286 4140 1564 4210 ἀλήθειαν.
1598 4147 1720 4210 Πῶς

141 4216 245 4269 οῦν
268 4218 589 4292 ἀποδεχθείη
618 4223 768 4290 παρὰ
806 4225 913 4277 τῶν
956 4228 1259 4296 ζητούντων
1283 4233 1380 4302 τὴν
1410 4233 1664 4305 ἀλήθειαν
1695 4243 1722 4291 ὁ

142 4307 529 4375 ἀντικείμενος
560 4314 624 4381 τῇ
660 4312 918 4385 ἀληθείᾳ;
944 4317 1033 4368 Διὸ
1065 4322 1369 4388 παρακαλῶ
1401 4339 1483 4385 σε,
1517 4326 1717 4403 Πάτερ,

141 4398 380 4451 ἀκοῦσαί
427 4418 529 4469 μου
564 4404 656 4454 καὶ
702 4404 812 4456 τῶν
842 4405 1016 4459 ἄλλων
1053 4408 1283 4463 ἕκαστον
1311 4412 1619 4481 διεξιόντος,
1646 4411 1720 4471 ὧν

139 4489 300 4558 παρά
319 4489 427 4541 τῶν
455 4491 544 4543 διὰ
571 4492 685 4560 βίου
720 4494 826 4563 τὴν
858 4496 1174 4568 Ἑλληνικὴν
1203 4502 1455 4558 παιδείαν
1507 4509 1719 4575 μετιόν-

139 4598 255 4635 των
307 4582 539 4651 ἀνδρῶν,
579 4586 794 4670 ἀκήκοα
843 4589 1087 4657 ἐκείνων,
1136 4595 1231 4647 καὶ
1268 4598 1443 4649 εἰπεῖν
1491 4601 1590 4667 μέν
1627 4618 1716 4670 μοι

138 4672 240 4725 καί
285 4689 337 4725 τι
388 4674 495 4727 τῶν
536 4667 836 4731 δοκούντων
868 4682 1017 4749 παρά
1043 4685 1271 4738 σεαυτοῦ
1304 4689 1443 4758 πρὸς
1493 4692 1667 4747 ταῦτα
1697 4709 1712 4724 ·

138 4764 457 4832 προσθεῖναι
487 4766 543 4818 δὲ
568 4768 664 4820 καὶ
689 4770 786 4831 τὰς
810 4771 917 4824 τῶν
943 4772 1115 4840 ἁγίων
1145 4779 1276 4847 ’περὶ⁵
1299 4768 1505 4834 τούτων
1535 4783 1712 4849 δόξας.

138 4854 374 4920 Λέγουσι
397 4856 506 4923 γὰρ
526 4859 672 4927 ἡμᾶς
701 4860 887 4924 κακῶς
916 4866 1114 4928 ποιεῖν,
1141 4866 1290 4921 ἔνδον
1330 4871 1424 4924 τοῦ
1462 4872 1717 4943 σώματος

139 4945 624 5011 σπεύδοντας-,στὸν
652 4951 919 5021 ἡμέτερον
954 4956 1364 5028 ὲμπερικλείειν
1409 4962 1532 5015 νοῦν
1560 4981 1572 4994 ·
1609 4965 1716 5031 ἔξω

135 5037 252 5104 γὰρ
284 5037 377 5090 τοῦ
403 5039 678 5109 σώματος,
708 5045 859 5110 φασὶ,
889 5046 1090 5115 μᾶλλον
1113 5050 1330 5120 χρῆναι,
1351 5056 1514 5131 παντὶ
1531 5058 1714 5130 τρόπῳ

135 5126 330 5179 τοῦτον
371 5128 641 5193 ἐξωθεῖν·
700 5133 781 5186 διὸ
812 5136 903 5188 καὶ
927 5136 1245 5211 διασύρουσι
1310 5126 1515 5214 σφόδρα
1561 5126 1714 5213 τινὰς

134 5219 252 5270 τῶν
276 5219 581 5290 ήμέτερων,
614 5225 735 5276 κατ’
764 5226 943 5280 αὐτῶν
981 5230 1314 5298 γράφοντες,
1343 5235 1418 5297 ὼς
1444 5240 1555 5300 τοῖς
1612 5240 1712 5309 ἀρ-

134 5306 351 5378 χαρίοις
389 5311 787 5381 παραινοῦντας
846 5317 930 5383 ἐφ’
963 5318 1191 5382 ἑαυτοὺς
1242 5321 1480 5390 βλέπειν,
1509 5329 1602 5394 καὶ
1622 5306 1711 5382 διά

1761 2755 1810 2816 Β

1742 4090 1789 4153 C

2350 2761 2584 2826 Quinctio
2618 2766 2688 2817 ad
2722 2764 2895 2821 illum.

1908 2849 2268 2915 Benel‘ecisti,
2292 2851 2474 2917 Pater,
2514 2865 2829 2909 sanctorum
2860 2862 3122 2926 quaerenti
3157 2863 3286 2917 mihi
3309 2878 3420 2921 ser-

1837 2954 2029 2996 mones
2073 2957 2410 3011 proponens.
2448 2944 2582 2997 Nam
2621 2957 2672 3000 te
2706 2947 2933 3002 audiens
2970 2966 3087 3005 mea
3136 2951 3297 3007 dubia
3333 2970 3421 3011 re-

1833 3034 2132 3087 solventem
2156 3074 2170 3098 ,
2208 3035 2450 3090 mirabar
2500 3040 2746 3095 veritatis
2786 3041 3141 3100 evidentiam.
3185 3044 3312 3100 Mihi
3344 3058 3422 3100 ta-

1834 3138 1957 3178 men
1996 3126 2160 3179 timor
2183 3127 2422 3180 animqu
2454 3130 2696 3183 subierat
2720 3145 2808 3195 ne,
2833 3135 2957 3201 quia
2997 3136 3163 3189 verbo
3188 3138 3415 3191 verbum

1832 3231 2049 3285 semper
2070 3220 2387 3287 Opponitur,
2437 3230 2494 3275 ut
2530 3221 2643 3289 ipse
2688 3225 2975 3280 confessus
3030 3242 3110 3290 es,
3145 3233 3420 3286 sermoni-

1833 3308 1931 3361 bus
1952 3309 2059 3363 tuis
2083 3308 2287 3377 aliquid
2310 3314 3004 3370 rursuscontradiceretur.
3031 3318 3137 3372 Sed
3157 3322 3413 3388 quoniam

1830 3400 2007 3453 solum
2042 3416 2109 3455 ex
2136 3402 2397 3469 operibus
2423 3404 2799 3458 testimonium
2824 3407 2940 3461 scio
2964 3408 3247 3463 indubium
3272 3428 3411 3478 esse,

1829 3499 1886 3545 et
1919 3501 2137 3547 sanctos
2170 3492 2359 3547 eadem
2410 3508 2474 3548 ac
2507 3506 2558 3549 te
2603 3496 2849 3552 dicentes
2899 3499 3104 3566 audivi,
3134 3503 3244 3571 jam
3279 3507 3410 3559 nihil

1830 3580 2137 3648 huiusmodi
2158 3582 2476 3648 metuo.Qui
2496 3585 2637 3638 enim
2658 3586 2760 3641 hos
2781 3603 2885 3641 non
2923 3590 3117 3655 credit,
3138 3597 3412 3661 quomodo

1829 3671 1945 3741 ipse
2000 3672 2194 3742 dignus
2251 3675 2357 3729 [ide
2426 3677 2606 3732 esset?
2656 3678 2849 3734 Nonne
2911 3685 3125 3750 spernit
3181 3698 3409 3741 sancto~

1828 3780 1949 3818 rum
1989 3766 2190 3820 Deum?
2254 3768 2355 3822 llic
2417 3771 2563 3823 enim
2618 3773 2683 3825 ad
2736 3775 3032 3839 apostolos,
3088 3786 3144 3832 et
3194 3795 3291 3848 per
3318 3797 3411 3836 eos

1828 3859 1893 3911 ad
1951 3860 2276 3926 posteriores
2326 3863 2404 3916 eis
2443 3872 2664 3919 sanctos
2689 3866 2858 3920 dixit:
2901 3885 2917 3917 ι
2951 3869 3050 3934 Qui
3079 3885 3175 3923 vos
3201 3875 3409 3940 spernit

1827 3965 1914 4004 me
1958 3953 2289 4021 speruit‘",
2332 3971 2351 4004 ι
2412 3955 2515 4019 vel,
2552 3956 2694 4023 quod
2731 3957 2868 4011 idem
2911 3971 3017 4025 est,
3082 3963 3254 4031 ipsam
3314 3982 3405 4021 ve-

1829 4046 2065 4097 ritatem.
2128 4045 2415 4110 Quomodo
2472 4062 2597 4115 ergo
2653 4050 2987 4118 reciperetur
3032 4056 3407 4111 a‘veritatcm

1823 4138 2190 4205 quaerentibus
2251 4139 2343 4207 qui
2402 4128 2728 4195 contradicit
2788 4144 3056 4197 veritati?
3126 4145 3249 4200 Ideo
3287 4165 3408 4216 prc-

1822 4243 1920 4283 cor
1983 4240 2057 4293 te,
2130 4226 2330 4296 Pater,
2402 4242 2459 4285 ut
2525 4233 2715 4287 audias
2772 4250 2859 4289 me
2917 4238 3130 4307 singula
3181 4253 3403 4307 percur-

1822 4330 2030 4374 rentetn
2075 4322 2174 4375 alia
2249 4337 2367 4390 qua)
2415 4326 2596 4380 audivi
2653 4342 2682 4380 a
2735 4328 2866 4382 viris
2899 4330 3003 4384 illis
3031 4332 3119 4399 qui
3152 4334 3315 4387 vitam
3348 4337 3401 4387 iu

1820 4412 2038 4466 ethnica
2074 4414 2680 4489 disciplinaperagunt,
2726 4429 2891 4487 utque
2919 4423 3049 4476 mihi
3083 4425 3235 4480 dicas
3274 4429 3400 4495 quid

1823 4501 1924 4553 ista
1956 4503 2240 4555 vidcantur
2264 4513 2314 4555 et
2341 4506 2508 4559 addas
2528 4516 2843 4563 sanctorum
2871 4510 3045 4565 dehis
3073 4518 3396 4572 sententias.

1821 4590 1952 4645 Nam
1979 4593 2167 4647 dicunt
2195 4607 2293 4647 nos
2328 4593 2466 4647 male
2499 4594 2678 4650 facere
2726 4598 2869 4651 intra
2906 4615 3104 4669 corpus
3134 4606 3409 4659 studendu-

1821 4694 2062 4738 nostram
2089 4684 2365 4740 includere
2385 4696 2621 4741 mentem
2654 4705 2668 4742 :
2694 4687 2963 4758 siquidem
2991 4702 3142 4747 extra
3175 4709 3397 4765 corpus,

1819 4771 2092 4842 inquiunt,
2125 4775 2304 4848 potius
2332 4785 2548 4845 oportet
2575 4791 2694 4831 eam
2724 4780 2872 4833 omni
2909 4783 3070 4836 modo
3102 4788 3397 4851 expellere.

1820 4865 2009 4933 Itaque
2062 4866 2322 4934 quosdam
2383 4879 2696 4922 nostrorum
2755 4872 2956 4926 acriter
2999 4878 3301 4931 dilacemut
3345 4891 3399 4932 et

1816 4959 2034 5027 scriptis
2068 4969 2304 5027 arguunt
2332 4962 2564 5013 suadere
2588 4963 2974 5031 incipientibus
3009 4978 3067 5020 ut
3104 4970 3156 5021 iu
3189 4973 3397 5039 scipsos

1818 5049 2129 5118 inspiciam,
2161 5059 2215 5104 et
2250 5067 2346 5118 per
2380 5053 2794 5120 respirationem
2836 5059 3205 5114 intromittaut
3239 5078 3392 5117 suam

1817 5154 2076 5207 tuentem,
2120 5142 2365 5197 dicentes
2406 5159 2510 5197 non
2551 5157 2859 5213 separatam
2897 5164 3019 5203 esse
3056 5164 3290 5207 mentem
3321 5159 3390 5210 ab

1813 5231 1992 5285 anima
2028 5249 2043 5289 :
2088 5248 2192 5286 non
2224 5224 2526 5301 separatam
2562 5238 2746 5305 igitur,
2781 5241 2874 5294 sed
2910 5244 3226 5308 adunalam,
3262 5264 3395 5311 quo.

1819 5324 1979 5377 modo
2000 5326 2121 5393 quis
2148 5327 2287 5379 intro
2321 5328 2602 5384 mitteret?
2647 5332 2753 5385 Eos
2785 5336 2949 5387 etiam
2980 5348 3241 5391 accusant
3273 5350 3393 5393 tan-

132 5398 238 5464 τῆς
258 5398 534 5466 ἀναπνοῆς
568 5401 700 5455 εἵσω
752 5406 992 5472 πέμπειν
1033 5408 1124 5461 τὸν
1182 5412 1378 5464 οἰκεῖον
1424 5415 1568 5481 νοῦν,
1602 5420 1756 5487 ιρὰ-1

1824 5432 1976 5484 quam
1998 5418 2243 5472 dicen’tes
2270 5419 2509 5475 divinam
2530 5425 2760 5492 gratiam
2786 5442 2880 5493 per
2897 5442 3061 5481 nares
3095 5430 3387 5487 introduci.

136 5501 362 5546 σκοντες
389 5486 464 5555 μὴ
494 5494 897 5561 κεχωρισμένον
936 5490 1074 5549 εἶναι
1104 5499 1201 5568 τῆς
1232 5502 1408 5571 ψυχῆς
1438 5506 1527 5557 τὸν
1560 5486 1704 5565 νοῦν.

133 5576 239 5627 Τὸν
266 5575 357 5627 οὖν
387 5579 460 5646 μὴ
497 5585 921 5653 κεχωρισμένον,
957 5589 1071 5641 ἀλλ’
1095 5590 1305 5656 ἐνόντα,
1338 5596 1455 5659 πῶς
1499 5598 1564 5651 ἂν
1606 5601 1704 5655 αὒ-

134 5678 216 5735 Οις
250 5671 380 5724 εἴσω
412 5672 616 5739 πέμποι
643 5693 760 5742 mg;
793 5680 929 5732 Φασὶ
968 5680 1044 5750 δὲ,
1081 5684 1173 5736 καὶ
1229 5684 1324 5755 τὴν
1352 5687 1503 5743 θείαν
1544 5693 1706 5764 χάριν

202 5815 272 5847 ε’·
306 5812 447 5867 Luc.
482 5810 638 5877 x,16

1814 5506 1919 5562 Sed
1949 5511 2061 5564 seio
2093 5526 2191 5579 ego
2225 5512 2340 5565 lia-c
2370 5515 2433 5568 ab
2469 5515 2574 5570 illis
2604 5517 2933 5573 calumniose
2964 5525 3131 5575 asseri
3184 5526 3329 5592 (nam
3363 5543 3392 5581 a

1814 5601 1965 5653 nullo
1998 5613 2305 5656 nostrorum
2338 5607 2519 5662 audivi
2557 5608 2729 5678 talia),
2766 5622 2820 5664 et
2850 5614 3079 5679 proinde
3112 5615 3226 5670 haec
3261 5633 3395 5683 quo-

1814 5702 1918 5757 que
1941 5693 2006 5744 al:
2412 5698 2517 5751 “iri
2550 5716 2561 5751 :
2595 5699 2739 5754 idem
2764 5703 2909 5758 enim
2937 5713 3019 5758 est
3052 5721 3113 5759 ea
3142 5722 3263 5775 quae
3286 5724 3392 5763 non
