4106 6328
120 481 271 544 1101

113 595 347 658 γένοιτο
382 592 589 652 πάντας
624 592 771 661 ἡμᾶς
808 593 1109 662 ἐπιτυχεῖν,
1146 572 1333 664 χ’ἀριτι
1374 594 1471 647 καὶ
1516 594 1741 662 φιλανο,

1821 603 1867 647 et
1902 595 2099 657 honor,
2134 602 2188 646 et
2220 591 2490 654 adorazin,
2534 608 2658 645 cum
2695 593 2938 661 ingenito
2978 591 3097 660 ejus
3127 590 3304 654 Patre,
3345 605 3399 646 et

112 682 358 752 θρωπίᾳ
400 682 495 736 τοῦ
541 684 771 753 Κυρίου,
802 685 896 738 καὶ
930 683 1067 736 Θεοῦ
1118 685 1211 737 καὶ
1262 684 1512 753 Σωτῆρος
1545 684 1703 754 ήμῶν

128 774 327 840 Ἰησοῦ
348 774 605 844 Χριστοῦ,
625 769 668 843 ᾧ
690 777 890 845 πρέπει
914 778 1064 831 πάσα
1081 777 1226 842 δόξα,
1245 777 1406 847 τιμὴ,
1426 777 1521 830 καὶ
1536 794 1704 846 προσ-

1422 482 1519 540 DE
1560 482 1856 541 HESYCII
1871 486 1907 537 Α
1920 480 2101 540 STIS.

3257 478 3405 541 1102

1816 684 2187 748 sanctissimo,
2225 686 2434 753 optimo
2466 695 2519 739 et
2558 686 2778 738 viviﬁco
2834 684 3078 752 Spiritu,
3115 696 3304 743 nunc.
3342 694 3400 736 ct

1812 791 2057 844 semper,
2089 786 2142 829 et
2184 777 2237 829 in
2274 777 2473 831 saecula
2497 777 2847 830 saeculorum.
2884 777 3082 829 Amen.

123 866 393 937 κύνησις,
425 872 521 923 σὺν
653 872 874 942 ἁνάρχῳ
900 873 1069 927 αὑτοῦ
1100 874 1297 943 Πατρὶ,
1335 874 1429 926 καὶ
1477 871 1554 941 τῷ
1584 873 1839 942 παναγίῳ
1882 874 1975 926 καὶ
2010 872 2202 941 ἁγαθῷ
2252 876 2353 927 καὶ
2387 872 2642 943 ζωοποιῴ
2667 874 2972 942 Πνεύματι,
3005 874 3121 938 νῦν,
3146 874 3239 928 καὶ
3273 872 3383 939 ἀεὶ,

126 959 241 1011 καὶ
276 964 356 1023 εἰς
379 963 506 1025 τοὺς
538 964 737 1025 αἰῶνας
766 964 876 1016 τῶν
906 964 1139 1019 αἰώνων.
1186 965 1380 1036 Ἀμήν.

152 1092 433 1119 my:

2136 1086 3398 1115 _._________————.—————————_-==._

400 1087 3155 1119 πεπτω

1631 1228 1725 1282 ΕΚ
1777 1230 1915 1281 ΤΩΝ

999 1386 1228 1479 ΤΟΥ
1301 1392 1691 1478 ΑΥΤΟΥ·
1758 1392 2097 1475 ΛΓὶΟΥ
2175 1389 2551 1475 ΛΟΓΩΝ

1723 1592 1836 1630 mn

738 1742 1037 1854 ΤΩΝ
1130 1708 1557 1851 ΙΕΡΩΣ
1630 1735 2813 1852 ΗΣΥΧΑΖΟΝΤΩΝ.

826 2108 1015 2218 EX
1090 2101 1721 2219 EJUSDEM

1816 2100 2728 2216 SERMONIBUS

1680 2327 1743 2369 DE
1792 2326 1861 2365 118

592 2481 800 2586 QUI
876 2477 1273 2567 SACRIE
1351 2473 2063 2563 INDULGENT
2155 2414 2950 2578 QUIETUDINI.

572 2791 888 2856 Ἐρωτησις
915 2790 1065 2855 πρὸς
1088 2790 1295 2843 αὐτόν.

213 2922 411 2985 Καλῶς
432 2921 712 2992 ὶποίησας,
746 2922 950 2992 Πάτερ,
977 2928 1072 2975 καὶ
1096 2926 1222 2987 τοὺς
1259 2922 1367 2977 τῶν
1392 2925 1559 2991 ἁγίων
1587 2942 1651 2978 πε
1662 2928 1716 2995 pl.

138 3016 239 3069 τοῦ
290 3004 601 3085 ζητήματός
655 3030 743 3083 μοι
794 3012 988 3081 λόγους
1042 3015 1393 3085 προθέμενος.
1454 3017 1554 3069 Σοῦ
1607 3020 1716 3086 γὰρ

139 3106 360 3160 ἁκούων
380 3105 593 3169 λύοντός
627 3122 717 3173 μοι
747 3104 815 3157 τὰ
847 3105 1243 3175 διηπορημένα,
1281 3106 1591 3177 ἐθαύμαζον
1622 3110 1719 3177 μὲν

144 3199 248 3264 τῆς
281 3196 541 3265 ἀληθείας
596 3196 656 3247 τὸ
691 3197 974 3265 ἐμφανές-⁸
1008 3198 1187 3250 ἐκεῖνο
1212 3198 1270 3251 δέ
1312 3216 1416 3268 μου
1466 3200 1719 3273 ὑπεισῄει

148 3286 219 3352 τῇ
250 3282 479 3353 διανοίᾳ,
513 3283 586 3345 ὡς
610 3283 840 3352 ἐπείπερ
861 3283 1000 3354 λόγῳ
1034 3285 1251 3337 παλαίει
1283 3288 1391 3347 πᾶς
1420 3285 1574 3355 λόγος
1605 3305 1619 3319 ·
1645 3288 1721 3351 ὡς

148 3372 248 3425 καὶ
274 3372 434 3435 αὐτὸς
459 3372 688 3443 εἴρηκας
709 3387 727 3405 ο
755 3372 829 3443 μὴ
850 3373 943 3425 καὶ
970 3376 1084 3436 τοῖς
1117 3374 1222 3427 ὑπὸ
1252 3375 1346 3427 σοῦ
1376 3375 1715 3446 λεγομένοις,

137 3459 304 3525 αὖθις
326 3464 410 3533 εἴη
441 3482 523 3525 τις
574 3465 855 3531 ἀντιλογία
882 3481 895 3496 ·
927 3466 1052 3518 ἐπεὶ
1092 3466 1149 3519 δὲ
1176 3466 1275 3536 τὴν
1297 3467 1387 3520 διὰ
1410 3468 1516 3521 τῶν
1543 3468 1725 3539 ἔργων

147 3553 455 3621 μαρτυρίαν
508 3554 678 3624 μόνην
726 3555 897 3623 ἔγνων
948 3556 1113 3609 οῦσαν
1146 3556 1567 3627 ἀναμφίλεκτον,
1627 3558 1722 3613 καὶ

145 3640 270 3702 τοὺς
293 3642 484 3709 ἁγίους
512 3643 579 3694 τὰ
607 3644 745 3696 αὐτὰ
784 3640 866 3698 σοι
900 3645 1156 3711 λέγοντας
1186 3647 1419 3715 ἀκήκοα,
1444 3648 1594 3700 οὐδὲν
1620 3666 1721 3700 τοι-

150 3730 312 3782 οῦτον
365 3731 444 3783 Ετι
498 3732 752 3786 δέδοικα*
786 3736 814 3786 ὁ
868 3738 975 3806 γὰρ
1002 3736 1210 3799 τούτοις
1265 3738 1338 3807 μὴ
1378 3739 1717 3808 πειθόμενος.

150 3820 268 3883 πῶς
305 3820 372 3873 ἄν
404 3822 566 3886 αὐτὸς
590 3824 900 3888 ἀξιόπιστος
936 3828 1018 3895 εἴη
1042 3844 1055 3892 ;
1083 3827 1199 3889 πῶς
1221 3826 1265 3879 δ’
1299 3828 1398 3880 οὐκ
1415 3828 1483 3881 ἂν
1503 3829 1717 3897 ἁθετοίη

145 3911 236 3963 τὸν
259 3912 371 3964 τῶν
393 3913 564 3982 ἁγίων
594 3915 726 3967 Θεόν
747 3933 760 3981 ;
786 3916 961 3969 Αὑτοῦ
989 3918 1097 3987 γάρ
1125 3920 1240 3972 ἐστι
1260 3919 1415 3986 λόγος
1439 3920 1573 3990 πρὸς
1597 3923 1721 3983 τοὺς

149 4000 507 4068 ἀποστόλους,
544 4006 638 4056 καὶ
698 4005 766 4058 δι’
800 4006 979 4058 αὐτῶν
1016 4007 1152 4075 πρὸς
1204 4008 1329 4071 τοὺς
1360 4008 1476 4076 μετῗ
1524 4009 1722 4073 αὐτοὺς

148 4091 338 4158 ἁγίους
391 4093 700 4163 εἰρημένος,
750 4095 829 4148 ὅτι
866 4116 886 4147 ι
939 4096 997 4148 Ὀ
1024 4097 1232 4149 ἁοετῶν
1274 4098 1438 4167 ὑμᾶς,
1472 4100 1571 4169 ἐμὲ
1598 4102 1696 4155 ἀθε

148 4187 231 4235 τεῖ
273 4202 285 4214 ·
325 4203 344 4233 ι
379 4186 583 4237 ταυτὸν
636 4186 680 4237 δ’
712 4188 905 4251 εἰπεῖν,
935 4189 1113 4258 αὐτὴν
1132 4188 1229 4260 τὴν
1283 4190 1561 4260 ἀλήθειαν.
1595 4195 1718 4258 Πῶς

146 4274 237 4327 οῦν
259 4277 586 4348 ἀποδεχθείη
614 4278 765 4347 παρὰ
803 4280 910 4331 τῶν
954 4281 1257 4349 ζητούντων
1280 4283 1378 4352 τὴν
1408 4282 1663 4354 ἀλήθειαν
1692 4290 1720 4339 ὁ

147 4364 526 4433 ἀντικείμενος
557 4370 622 4437 τῇ
658 4368 916 4439 ἀληθείᾳ;
942 4370 1032 4421 Διὸ
1063 4372 1368 4440 παρακαλῶ
1400 4389 1482 4435 σε,
1514 4374 1715 4445 Πάτερ,

148 4457 378 4510 ἀκοῦσαί
425 4476 527 4527 μου
562 4460 655 4511 καὶ
700 4459 811 4511 τῶν
841 4459 1015 4513 ἄλλων
1053 4461 1283 4515 ’ἑκαστον
1310 4463 1618 4530 διεξιόντος,
1646 4460 1719 4519 ὧν

148 4549 295 4617 παρὰ
316 4546 426 4600 τῶν
453 4548 543 4600 διὰ
570 4548 684 4617 βίου
718 4550 825 4618 τὴν
858 4550 1174 4620 Ἑλληνικὴν
1203 4553 1455 4608 παιδείαν
1506 4556 1719 4624 μετιόνο

149 4654 249 4692 των
303 4640 539 4709 ἀνδρῶν,
579 4642 794 4709 ἀκήκοα
844 4643 1087 4709 ἐκείνων,
1137 4646 1232 4699 καὶ
1268 4649 1443 4699 εἰπεῖν
1492 4650 1591 4717 μέν
1628 4666 1717 4718 μοι

149 4731 236 4782 καί
281 4748 337 4784 τι
389 4732 496 4784 τῶν
536 4722 837 4787 δοκούντων
869 4735 1018 4802 παρὰ
1044 4736 1273 4790 σεαυτοῦ
1306 4740 1445 4809 πρὸς
1495 4740 1669 4795 ταῦτα
1698 4757 1713 4772 ο

151 4823 459 4889 προσθεῖναι
488 4823 545 4875 δὲ
569 4824 665 4876 καὶ
690 4826 788 4885 τὰς
812 4826 919 4877 τῶν
945 4826 1117 4893 ἁγίων
1148 4830 1278 4898 περὶ
1301 4820 1507 4884 τούτων
1537 4832 1714 4897 δόξας.

152 4912 377 4979 Λέγουσι
400 4913 508 4981 γὰρ
528 4916 675 4984 ἡμᾶς
704 4915 890 4978 κακῶς
918 4919 1116 4981 ποιεῖν,
1144 4918 1293 4973 ἔνδον
1333 4921 1427 4974 τοῦ
1466 4922 1720 4991 σώματος

154 5004 627 5068 σπεύδοντας,οτὸν
654 5007 923 5076 ἡμέτερον
958 5009 1368 5080 ὲμπερικλείειν
1412 5012 1535 5064 νοῦν
1564 5029 1575 5042 ·
1612 5013 1720 5079 ἔξω

152 5093 251 5163 γὰρ
284 5095 381 5147 τοῦ
407 5096 682 5166 σώματος,
711 5100 863 5165 φασὶ,
894 5100 1094 5169 μᾶλλον
1117 5102 1334 5171 χρῆναι,
1356 5105 1518 5180 παντὶ
1535 5105 1719 5177 τρόπῳ

155 5184 333 5238 τοῦτον
376 5186 645 5249 Rome-1v.-
705 5188 785 5240 διὸ
817 5190 908 5241 καὶ
932 5189 1249 5263 διασύρουσι
1314 5194 1521 5264 σφόδρα.
1566 5198 1719 5260 τινὰς

155 5274 254 5327 τῶν
278 5277 585 5347 ἡμέτερων,
620 5279 740 5332 κατ’
770 5280 949 5333 αὐτῶν
987 5282 1319 5350 γράφοντες,
1348 5285 1423 5347 ὡς
1450 5288 1561 5348 τοῖς
1618 5288 1718 5356 ἁρ-

157 5366 357 5435 χαρίοις
394 5366 793 5437 παραινοῦντας
853 5370 936 5437 ἐφ’
969 5371 1197 5434 ἑαυτοὺς
1248 5372 1486 5441 βλέπειν,
1515 5377 1609 5441 καὶ
1629 5377 1718 5429 διὰ

1746 2801 1796 2863 Β

2336 2803 2569 2868 Quaestio
2604 2805 2673 2857 ad
2707 2804 2881 2859 illum.

1895 2894 2036 2947 Bene
2054 2893 2255 2957 fecisti,
2279 2893 2461 2957 Pater,
2501 2905 2815 2950 sanctorum
2846 2898 3108 2963 quaerenti
3144 2898 3272 2953 mihi
3296 2913 3407 2955 ser-

1824 3000 2016 3040 mones
2060 3000 2397 3055 proponens.
2435 2986 2569 3038 Nam
2608 2996 2659 3039 te
2693 2986 2920 3040 audiens
2957 3002 3074 3042 mea
3122 2987 3285 3042 dubia
3321 3005 3408 3044 re-

1821 3079 2120 3132 solventem
2144 3118 2159 3141 ,
2196 3078 2437 3132 mirabar
2488 3079 2734 3133 veritatis
2773 3079 3129 3136 evidentiam.
3172 3079 3301 3135 Mihi
3332 3092 3409 3135 ta-

1822 3185 1946 3224 men
1984 3170 2149 3224 timor
2172 3170 2411 3223 animum
2442 3170 2683 3223 subierat
2708 3184 2797 3233 ne,
2821 3173 2946 3240 quia
2986 3172 3152 3226 verbo
3177 3174 3404 3226 verbum

1821 3277 2039 3329 semper
2060 3262 2376 3332 opponitur,
2426 3271 2483 3316 ut
2518 3263 2631 3329 ipse
2677 3264 2964 3317 confessus
3019 3278 3099 3326 es.
3134 3268 3409 3321 sermoni-

1823 3354 1922 3407 bus
1943 3354 2050 3408 tuis
2074 3353 2278 3421 aliquid
2300 3354 2993 3408 rursuscontradiceretur.
3021 3354 3127 3409 Sed
3147 3358 3403 3424 quoniam

1821 3447 1998 3499 solum
2034 3460 2099 3499 ex
2127 3445 2388 3513 operibus
2413 3446 2790 3498 testimonium
2814 3445 2930 3500 scio
2955 3445 3237 3499 indubiqu
3263 3463 3402 3513 esse,

1821 3545 1877 3591 et
1911 3546 2128 3591 sanctos
2162 3535 2351 3589 eadem
2401 3550 2465 3590 ac
2498 3546 2550 3590 te
2594 3537 2841 3591 dicentes
2890 3537 3095 3603 audivi,
3126 3539 3235 3608 jam
3270 3542 3401 3593 nihil

1822 3624 2130 3693 huiusmodi
2150 3624 2468 3690 metuo.Qui
2488 3626 2628 3679 enim
2650 3626 2752 3681 hos
2773 3642 2877 3679 non
2915 3628 3109 3692 credit,
3131 3632 3405 3697 quomodo

1821 3717 1939 3786 ipse
1993 3717 2187 3786 dignus
2244 3718 2349 3771 fide
2419 3718 2598 3772 esset?
2649 3718 2841 3773 Nonne
2904 3723 3118 3788 spernit
3174 3734 3403 3777 sancto-

1822 3826 1944 3864 rum
1982 3809 2183 3865 Deum?
2248 3811 2349 3865 llic
2410 3811 2556 3864 enim
2611 3813 2676 3864 ad
2729 3813 3025 3877 apostolos,
3082 3823 3137 3869 et
3188 3831 3284 3884 per
3312 3832 3404 3871 eos

1822 3906 1888 3957 ad
1945 3904 2271 3971 posteriores
2321 3905 2399 3957 eis
2437 3912 2657 3957 sanctos
2683 3904 2852 3958 dixit:
2895 3923 2912 3954 ι
2945 3907 3044 3971 Qui
3072 3922 3169 3959 vos
3195 3910 3403 3976 spernit

1822 4010 1909 4051 me
1954 3996 2285 4066 speruit‘”,
2328 4014 2346 4046 υ
2407 3996 2511 4059 vel,
2548 3996 2689 4063 quod
2726 3996 2863 4049 idem
2905 4008 3011 4062 est,
3077 4000 3249 4068 ipsam
3310 4017 3400 4056 ve-

1825 4091 2061 4144 ritatem.
2124 4088 2411 4155 Quomodo
2467 4103 2593 4155 ergo
2649 4089 2983 4157 reciperetur
3028 4106 3056 4143 a
3115 4092 3402 4146 veritatem

1820 4182 2187 4251 quazreutibns
2248 4182 2340 4249 qui
2398 4181 2725 4235 contradicit
2784 4182 3052 4235 veritati?
3121 4181 3245 4235 Ideo
3283 4200 3404 4251 pre-

1820 4290 1918 4330 cor
1980 4286 2054 4338 te,
2126 4270 2327 4338 Pater,
2400 4283 2457 4327 ut
2522 4273 2713 4327 audias
2770 4288 2857 4327 me
2914 4275 3127 4343 singula
3178 4288 3401 4342 percur-

1820 4376 2028 4421 rentem
2072 4366 2172 4419 alia
2246 4380 2364 4433 qua:
2414 4367 2594 4421 audivi
2652 4381 2680 4419 a
2733 4366 2865 4420 viris
2897 4367 3001 4421 illis
3029 4369 3117 4436 qui
3149 4369 3313 4421 vitam
3346 4372 3400 4421 in

1819 4458 2037 4512 ethnica
2072 4458 2679 4531 disciplinaperagunt,
2724 4467 2890 4526 utque
2918 4460 3047 4512 mihi
3081 4461 3233 4515 dicas
3272 4463 3399 4529 quid

1823 4548 1923 4600 ista
1956 4548 2239 4600 videantur
2263 4555 2314 4598 ct
2340 4548 2508 4600 addas
2528 4556 2843 4601 sanctorum
2870 4548 3044 4603 dehis
3072 4552 3396 4606 sententias.

1821 4637 1953 4691 Nam
1979 4637 2167 4691 dicunt
2195 4650 2293 4689 nos
2328 4635 2467 4689 male
2500 4635 2678 4691 facere
2727 4638 2869 4690 intra
2906 4653 3103 4705 corpus
3134 4642 3398 4693 studendn

1822 4740 2063 4784 nostram
2089 4727 2366 4783 includere
2387 4737 2622 4781 mentem
2655 4745 2669 4781 :
2695 4727 2964 4797 siquidem
2991 4738 3141 4783 extra
3176 4744 3397 4799 corpus,

1821 4818 2094 4888 inquiunt,
2125 4818 2306 4891 potius
2334 4826 2550 4887 oportet
2577 4832 2697 4871 eam
2726 4818 2873 4871 omni
2910 4819 3071 4872 modo
3103 4822 3398 4886 expellere.

1822 4912 2011 4979 Itaque
2064 4909 2325 4979 quosdam
2386 4920 2699 4962 nostrorum
2757 4911 2958 4964 acriter
3001 4913 3301 4966 dilacerant
3346 4924 3401 4965 et

1820 5005 2037 5073 scriptis
2071 5011 2307 5071 arguunt
2336 5004 2567 5055 suadere
2592 5003 2976 5070 incipientibus
3011 5014 3069 5056 ut
3107 5006 3158 5056 in
3191 5007 3399 5072 seipsos

1822 5095 2133 5163 inSpiciant,
2164 5102 2218 5147 et
2254 5109 2349 5161 per
2384 5094 2797 5161 respirationem
2840 5096 3208 5149 intromittaut
3242 5113 3396 5151 suam

1822 5200 2081 5250 mentem,
2124 5186 2370 5239 dicentes
2410 5200 2515 5238 non
2556 5195 2863 5253 separatam
2901 5201 3023 5239 esse
3060 5199 3293 5241 mentem
3325 5193 3394 5243 ab

1819 5278 1997 5330 anima
2033 5294 2047 5333 :
2092 5291 2197 5329 non
2228 5264 2531 5343 separatam
2568 5278 2752 5344 igitur,
2786 5278 2878 5331 sed
2914 5280 3230 5343 adunatam,
3267 5298 3399 5345 qm)-

1825 5370 1985 5423 modo
2006 5369 2125 5438 quis
2152 5370 2292 5421 intro
2326 5369 2608 5423 mitteret?
2653 5370 2758 5422 Eos
2790 5374 2954 5425 etiam
2985 5382 3245 5426 accusant
3278 5384 3399 5427 tan-

157 5452 245 5519 τῆς
263 5457 540 5523 ἀναπνοῆς
574 5457 707 5510 εἵσω
759 5460 999 5527 πέμπειν
1040 5459 1130 5512 τὸν
1188 5463 1385 5515 οίκεῐον
1431 5464 1576 5530 νοῦν,
1610 5468 1716 5535 φά-

1822 5478 1982 5531 quam
2004 5462 2249 5515 dicen’tes
2276 5460 2515 5515 divinam
2536 5464 2767 5531 gratiam
2791 5479 2885 5531 per
2904 5480 3067 5517 nares
3101 5465 3394 5519 introduci.

162 5554 370 5605 σκοντες
396 5544 471 5614 μὴ
502 5548 906 5617 κεχωρισμένον
945 5543 1082 5600 εἶναι
1111 5550 1209 5619 τῆς
1239 5552 1415 5623 ψυχῆς
1446 5555 1536 5607 τὸν
1568 5558 1712 5612 νοῦν.

160 5627 250 5684 Τὸν
274 5634 365 5686 οὖν
394 5636 468 5705 μὴ
504 5639 930 5707 κεχωρισμένον,
965 5640 1079 5692 ἀλλ’
1104 5642 1313 5708 ἐνόντα,
1347 5646 1463 5708 πῶς
1507 5647 1573 5699 ἂν
1615 5648 1713 5702 αὖ·

163 5728 231 5789 Θις
263 5729 387 5783 εἴσω
420 5730 625 5797 πέμποι
652 5748 769 5796 τις;
802 5733 939 5785 Φασὶ
977 5733 1053 5801 δὲ,
1090 5736 1183 5788 καὶ
1238 5736 1333 5807 τὴν
1362 5736 1512 5792 θείαν
1554 5742 1715 5811 χάριν

222 5869 285 5903 δ”
318 5870 455 5925 Luc.
491 5885 547 5934 ι,
581 5866 647 5923 16

1822 5553 1926 5608 Sed
1956 5556 2067 5608 scio
2099 5570 2198 5622 ego
2232 5555 2347 5607 haec
2377 5556 2441 5609 ab
2476 5554 2581 5609 illis
2611 5556 2939 5611 calumniose
2972 5560 3138 5611 asseri
3190 5561 3335 5627 (nam
3369 5576 3398 5613 a

1823 5647 1972 5697 nullo
2005 5656 2313 5699 nostrorum
2346 5648 2527 5701 audivi
2565 5646 2737 5717 talia),
2774 5660 2828 5702 et
2857 5651 3086 5717 proinde
3119 5652 3232 5705 haec
3268 5667 3401 5717 quo-

1823 5749 1927 5803 que
1949 5736 2014 5789 al:
2420 5738 2525 5791 "ini
2558 5756 2569 5789 ε
2603 5738 2747 5793 idem
2772 5741 2918 5795 enim
2946 5750 3027 5794 est
3060 5757 3121 5796 ea
3149 5757 3270 5810 quae
3293 5760 3399 5797 non

3600 68 3789 119 geuge:
3802 68 3827 103 δ,
3936 0 4007 89 5'5
4030 66 4045 85 ι

3612 132 3617 137 .
3648 112 3673 163 ’δι
3740 110 3777 139 μ’.
3806 108 3853 157 l'l
3884 122 3949 165 ,νῐιπ
4008 120 4031 147 τι,Δ

3644 202 3653 213 γ
3950 216 3953 219 η
3974 208 3975 211 η

3720 232 3721 239 ‘
3902 230 3911 247 Ἃ
3954 236 3991 247 ιιι.

4058 2968 4093 3007 1:.

4068 4036 4093 4069 ,ἓν
