4106 6328
131 406 272 469 Ηῖἳ

1032 418 1309 477 ΟΛῘἾΤΛ
1351 417 1708 483 PHYSI’CA,
1745 416 2264 494 THEOLOGICA,
2309 421 2448 481 ETC

3249 419 3384 482 H26

122 517 356 580 αὐτούς’
391 520 496 571 τῶν
519 518 785 587 κνώδαλα,
820 523 912 576 καὶ
937 522 1114 588 λίθους
1131 527 1520 582 θεοποιούντων
1553 531 1701 583 οὐδὲν

1808 532 2113 592 meliorem.
2157 535 2250 588 sed
2290 537 2468 603 potius
2519 535 2686 590 multo
2720 535 2958 605 pejorem
2991 537 3195 592 cultum
3250 554 3380 607 pro-

122 611 374 677 ἄμεινον,
409 612 606 678 μᾶλλον
634 611 690 664 δὲ
731 613 825 664 καὶ
858 615 1035 685 πολλῷ
1079 619 1264 688 χεῖρον
1293 620 1420 689 περὶ
1453 619 1514 673 τὸ
1540 622 1704 685 σέϐας

121 699 483 768 διακείμενοι.
544 701 806 755 Κνώδαλα
850 705 981 774 γὰρ,
1026 709 1121 760 καὶ
1147 709 1361 777 χρυσὸς,
1400 712 1494 763 καὶ
1531 711 1696 773 λίθος,

124 791 224 841 καὶ
254 789 452 874 χαλκὸς
498 789 628 843 ἔστι.
647 808 720 856 τι,
752 792 856 846 κᾶν
885 795 991 848 τῶν
1021 799 1081 850 ὲν
1119 800 1231 862 τοῖς
1267 804 1504 864 κτιστοίς
1541 799 1700 872 ἐσκά-

113 890 235 969 raw
257 895 272 908 ο
301 886 540 954 κοσμικὴ
573 887 627 940 δὲ
649 889 816 960 ψυχὴ,
858 896 951 947 καὶ
995 898 1357 969 ἁστροφόρος,
1385 902 1510 954 οὗτε
1541 905 1688 956 ἔστιν

115 963 246 1019 οὔτε
269 969 328 1065 τί
348 971 460 1065 ἐστι
493 978 717 1048 μηδαμῆ
745 978 878 1038 οὖσα
904 963 1192 1058 μηδαμῶς,
1227 963 1325 1044 ότι.
1346 995 1421 1065 μὴ
1451 997 1695 1050 ἀνάπλα-

115 1072 234 1122 σμα
265 1056 501 1127 διανοίας
533 1070 942 1141 κακοδαίμονος.

190 1151 254 1206 δ’.
300 1153 535 1227 Ἐπειδὴ,
566 1161 759 1226 φασιν,
816 1162 1024 1232 ἀνάγκη
1059 1165 1420 1219 κινεῖσθαιτὸ
1448 1166 1708 1234 οὐράνιον

118 1244 304 1311 σῶμα.
336 1250 647 1319 περαιτέρω
678 1251 734 1304 δὲ
781 1252 945 1330 τόπος
965 1253 1162 1317 οὐδεὶς,
1185 1256 1262 1318 εἰς
1293 1256 1354 1308 ὃν
1399 1255 1472 1308 ἂν
1496 1260 1694 1325 προῖη,

115 1335 529 1406 ἐπαναστρέφει
583 1340 718 1410 πρὸς
776 1343 956 1403 ἑαυτὸ,
1007 1344 1098 1396 καὶ
1139 1345 1198 1398 τδ
1241 1346 1481 1416 προϊέναι
1509 1349 1696 1400 τούτου

117 1425 452 1493 στρέφεσθαί
487 1432 653 1496 ἐστιν,
685 1428 835 1500 εὖγε·
895 1436 944 1485 εί
987 1435 1117 1501 γοῦν
1143 1431 1254 1504 εἶχε
1278 1439 1461 1500 τόπον,
1492 1439 1603 1492 ἄνω
1635 1441 1698 1491 ἂν

113 1515 368 1583 ἐφέρετο,
385 1520 633 1589 καθάπερ
655 1524 748 1576 καὶ
764 1525 822 1576 τὸ
837 1523 970 1595 πῦρ,
999 1528 1088 1578 καὶ
1108 1529 1272 1580 αὐτοῦ
1303 1529 1358 1581 δὲ
1379 1529 1578 1597 μᾶλλον
1605 1530 1696 1581 τοῦ

115 1609 314 1675 πυρὸς,
349 1610 472 1661 ἐπεὶ
503 1613 595 1664 καὶ
629 1613 829 1682 κοῦφον
861 1617 958 1681 τὴν
977 1617 1136 1684 φύσιν
1162 1618 1252 1671 τοῦ
1282 1621 1452 1688 πυρὸς
1474 1620 1696 1689 μᾶλλον.

115 1697 271 1768 Αὕτη
304 1701 356 1752 δὲ
385 1703 444 1753 οὑ
489 1703 704 1770 φύσεως
754 1705 932 1776 ψυχῆς
973 1711 1004 1777 ή
1053 1711 1296 1784 κίνησις,
1326 1711 1459 1763 ἀλλά
1482 1711 1698 1778 φύσεως

114 1789 456 1879 κουφότητος
479 1807 493 1821 ο
561 1795 609 1843 εί
644 1789 737 1845 οὖν
763 1795 825 1847 τὸ
866 1798 1111 1863 προϊέναι
1155 1799 1249 1852 τοῦ
1279 1800 1510 1880 οὐρανοῦ
1545 1803 1697 1872 στρέ-

112 1879 320 1943 φεσθαί
351 1867 488 1946 ἐστι,
517 1885 583 1946 τὸ,
608 1885 666 1937 δὲ
720 1889 786 1956 τῇ
829 1889 1021 1941 ἑαυτοῦ
1049 1892 1210 1957 φύσει
1238 1867 1370 1959 ἔχει,
1400 1868 1513 1945 ἀλλ’
1540 1867 1695 1962 οὺντῇ
1732 1868 1779 1927 Β

106 1970 211 2036 τῆς
240 1970 442 2039 ψυχῆς,
479 1975 772 2042 στρέφεται
821 1978 926 2046 ἄρα
955 1979 1014 2030 τὸ
1051 1970 1300 2049 οὐράνιον
1335 1983 1512 2052 σῶμα,
1547 1985 1606 2036 οὗ
1634 1989 1694 2054 τῇ

111 2057 280 2124 φύσει
313 2061 407 2128 τῆς
429 2057 629 2131 ψυχῆς,
663 2065 799 2118 ἀλλά
827 2071 891 2136 τῇ
919 2069 1131 2133 ἑαυτοῦ,
1160 2071 1356 2123 οὐκοῦν
1385 2074 1504 2125 οὐδὲ
1518 2075 1696 2144 ψυχὴν

106 2151 249 2218 εχει.
301 2152 420 2204 Οὐδ’
450 2153 565 2206 εστι
619 2172 702 2218 τις
751 2157 1021 2226 οὐράνιος,
1068 2162 1100 2230 ἢ
1140 2152 1480 2232 παγκόσμιος
1526 2165 1692 2234 ψυχὴ,

105 2243 251 2294 ἀλλὰ
287 2245 418 2313 μόνη
443 2245 634 2319 λογικὴ
665 2248 807 2319 ψυχή
856 2252 1002 2304 ἐστιν
1032 2255 1064 2322 ἡ
1093 2253 1406 2324 ἀνθρωπίνη
1434 2271 1448 2285 ·
1476 2256 1574 2309 οὐκ
1588 2259 1696 2313 too-

110 2336 323 2398 ράνιος,
349 2336 464 2391 ἀλλ’
481 2336 896 2412 ὐπερουρᾶνιος,
927 2345 987 2395 οὗ
1031 2346 1204 2414 τόπῳ,
1235 2345 1371 2400 ἀλλὰ
1397 2351 1463 2417 τῇ
1496 2351 1689 2416 ἑαυτῆς

113 2438 152 2489 φ
175 2427 306 2484 ’σει.
343 2429 436 2481 an:
470 2433 632 2499 νοερὰ
666 2433 987 2503 ὑπάρχουσα
1011 2435 1188 2489 οὐσία.

187 2563 256 2619 τ’.
286 2567 392 2618 Καὶ
420 2567 481 2619 τδ
519 2569 766 2636 προϊέναι
788 2569 879 2632 δὲ,
913 2570 1008 2623 καὶ
1035 2571 1170 2641 πρδς
1207 2572 1268 2623 τὸ
1317 2571 1429 2625 ἄνω
1457 2573 1698 2649 ἐπεκτεί-

114 2675 173 2710 νε
185 2657 309 2709 σοαι
338 2659 398 2709 τὸ
420 2659 477 2710 οὖ
489 2660 666 2726 ρᾶνιον
682 2661 782 2712 οὐκ
813 2660 924 2729 ἔχει
957 2663 1144 2730 σῶμα·
1167 2664 1265 2732 οὐχ
1288 2665 1367 2716 ὃτι
1391 2663 1703 2734 περαιτέρω

114 2749 285 2808 τόπο;
320 2749 420 2800 οὐκ
452 2749 565 2801 ἔστι
617 2751 734 2818 (καὶ
786 2753 818 2820 ὴ
875 2754 1012 2820 μετᾶ
1044 2752 1205 2804 τοῦτο
1224 2756 1332 2822 γὰρ
1377 2758 1583 2824 σφαῖρα
1610 2755 1701 2807 τοῦ

118 2835 350 2904 αἰθέρος
380 2838 910 2910 ἐμπεριιειλημμένη)
935 2839 1129 2908 τούτῳ,
1163 2841 1223 2892 οὗ
1261 2843 1506 2910 πρόεισιν
1530 2845 1620 2895 ἐπὶ
1645 2843 1703 2894 τὸ

113 2926 255 2980 ἄνω·
290 2925 386 2994 οὐχ
417 2929 497 2978 ὅτι
528 2922 688 2990 τόπος
726 2929 900 2990 οὐδεὶς
932 2931 1010 2992 εἰς
1032 2929 1091 2980 ὅν
1124 2929 1192 2982 ἂν
1225 2933 1433 3001 προῖοι·
1481 2933 1705 3002 περικέ·

114 3033 284 3086 χυται
319 3018 426 3087 γὰρ
458 3018 630 3090 ταύτῃ
653 3019 718 3071 τὸ
751 3021 1002 3089 οὐράνιον
1033 3022 1237 3083 πλάτος
1271 3041 1286 3054 ο
1324 3023 1707 3096 οὐκὲπεκτεί-

114 3121 276 3157 νεται
309 3105 365 3156 δὲ
393 3108 670 3177 ἀνωτέρω,
701 3109 822 3160 ἐπεὶ
837 3109 898 3160 τὸ
915 3111 1172 3180 ἀνωτέρω
1191 3111 1395 3181 ταύτης
1419 3113 1599 3173 τοῦτο,
1618 3113 1707 3164 λε-

115 3195 562 3266 πτότεροναῦτῆς
598 3199 712 3250 ἐστι
737 3212 749 3223 ·
774 3199 856 3251 διὸ
882 3201 975 3252 καὶ
997 3200 1250 3268 ἀνωτέρω
1271 3204 1473 3271 ταύτης
1501 3204 1616 3255 ἐστι
1639 3205 1702 3272 τῇ
1728 3218 1777 3278 Ε

116 3285 286 3354 φύσει
308 3287 642 3342 έαυτού.οὑκ
667 3289 774 3358 ἄρα
789 3291 869 3342 ὅτι
891 3290 964 3360 μὴ
991 3290 1100 3359 ἔχει
1125 3293 1288 3345 τόπον
1311 3295 1707 3362 ἀνωτέρωὲαυ-

113 3376 217 3430 τοῦ
241 3377 377 3446 πρὸς
400 3396 466 3431 τα
483 3378 594 3431 ἄνω
607 3379 667 3432 οὐ
689 3381 1013 3450 προέρχεται
1033 3385 1060 3434 6
1087 3384 1333 3452 οὐρανὸς,
1358 3385 1469 3436 ἀλλ’
1496 3386 1577 3437 ὅτι
1607 3404 1707 3456 μη-

112 3469 215 3522 δὲν
234 3468 403 3523 αὐτοῦ
429 3469 585 3539 σῶμα
618 3471 942 3541 λεπτότερόν
967 3491 1025 3526 τε
1057 3478 1154 3528 καὶ
1183 3477 1509 3547 κουφότερόν
1540 3481 1706 3533 ἐστιν.

197 3564 274 3622 ς’.
302 3559 468 3612 Οὐδὲν
501 3561 660 3630 σῶμα
711 3561 806 3614 τοῖΞ
859 3559 1112 3634 οὐρανίου
1152 3566 1408 3636 σώματος
1447 3570 1708 3639 ὑψηλότε-

119 3652 222 3720 ρὸν
257 3653 406 3703 ἐστιν
437 3665 450 3677 ·
506 3651 623 3704 ἀλλ’
676 3651 742 3705 οὐ
796 3655 947 3722 παρά
1001 3656 1158 3709 τοῦτο
1192 3657 1441 3712 δεκτικὸν
1471 3661 1571 3712 οὐκ
1594 3661 1709 3714 ἐστι

114 3742 376 3808 σώματος
398 3741 461 3793 τὸ
484 3742 764 3813 ἀνωτέρω,
802 3744 913 3797 ἀλλ’
940 3746 1021 3798 ὅτι
1053 3750 1160 3801 πᾶν
1195 3749 1354 3818 σῶμα
1386 3754 1709 3822 συμπεριεί-

113 3831 299 3900 ληφεν
341 3833 368 3884 6
395 3832 648 3901 οὐρανὸς,
695 3835 789 3886 καὶ
845 3836 1010 3904 μηδὲν
1054 3837 1240 3908 ’έτερόν
1281 3843 1426 3894 ἐστιν
1452 3844 1710 3898 ἐπέκεινα

115 3923 305 3992 σῶμα.
340 3922 400 3974 Εἰ
435 3922 480 3976 δ’
515 3917 583 3993 ἦν
613 3923 862 3990 διελθεῖν,
899 3925 1086 3998 ὥσπερ
1131 3930 1270 3998 ,ἡμῖν
1317 3935 1426 3996 τοῖς
1461 3936 1706 3990 εὐσεϐέσι

112 4014 218 4066 καὶ
271 4013 604 4077 πιστεύεται,
641 4032 741 4067 ουκ
777 4014 846 4067 ἂν
910 4013 979 4085 ἦν
1025 4019 1403 4089 ἀπαράδεκτον
1453 4026 1514 4077 τὺ
1567 4029 1706 4097 ὑπὲρ

111 4106 214 4156 τὸν
249 4103 480 4171 οὐρανὸν
507 4108 703 4158 ἐκεῖνο.
747 4107 806 4159 'O
845 4109 953 4177 γὰρ
982 4110 1048 4161 τὰ
1091 4111 1270 4167 πάντα
1297 4114 1518 4184 πληρῶν
1546 4119 1702 4183 Θεὸς,

110 4191 381 4260 καὶπρὸς
409 4194 477 4246 τά
540 4194 800 4248 ἐπέκεινα
845 4197 940 4250 τοῦ
982 4200 1212 4267 οὐρανοῦ
1257 4203 1702 4274 ἐπεκτεινόμενος

109 4280 210 4335 ἐπ’
246 4281 495 4354 ἄπειρον,
527 4279 594 4353 ἦν
623 4286 718 4337 καὶ
757 4288 865 4357 πρὸ
888 4288 981 4340 τοῦ
1016 4290 1220 4358 κόσμου
1259 4292 1482 4363 πληρῶν
1505 4298 1579 4358 ὡς
1611 4301 1703 4350 καὶ

109 4373 241 4437 νῦν·
266 4372 467 4440 πληροῖ
529 4375 621 4426 τὸν
660 4377 716 4428 ἐν
749 4376 826 4445 τῷ
876 4379 1064 4449 κόσμῳ
1114 4381 1276 4432 τόπον
1328 4383 1543 4438 ἅπαντα
1566 4401 1583 4417 ο
1609 4388 1702 4440 καὶ

106 4462 275 4516 οὐδὲν
305 4464 578 4533 προσέστη
609 4465 785 4528 τοῦτο,
812 4469 948 4522 ὥστε
971 4472 1128 4539 σῶμα
1162 4474 1219 4524 ἐν
1250 4473 1398 4542 αὐτῷ
1421 4478 1698 4541 γενέσθαι.

1810 627 2058 690 lltentur,
2098 641 2259 694 quam
2306 627 2396 693 qui
2449 627 2648 680 bestias
2701 637 2792 680 aut
2843 629 3050 696 lapides
3103 630 3380 702 deiﬁeant.

1804 715 1942 770 Nam
1969 717 2176 781 bestize,
2241 734 2472 781 aurum,
2529 734 2602 772 aes
2663 729 2716 772 et
2779 721 2916 785 lapis
2963 731 3094 773 sunt
3155 722 3378 788 aliquid,

1805 805 1934 862 licet
1966 816 2336 862 creaturarum
2371 809 2563 862 inﬁmae
2594 825 2610 875 ;
2648 810 2827 863 anima
2873 826 3000 863 vero
3035 812 3301 863 mundana
3329 819 3381 860 et

1805 897 2070 952 stellifera
2104 914 2276 967 neque
2303 901 2488 953 existit
2529 915 2703 967 neque
2734 900 2937 968 aliquid
2968 917 3193 967 prorsus
3229 903 3378 955 aliud

1807 996 1891 1044 est
1919 1006 2082 1060 quam
2119 992 2311 1046 mentis
2334 991 2530 1045 misere
2560 993 3181 1047 aherrantisinventum.

1875 1173 1928 1227 4.
1969 1174 2130 1250 Cum,
2169 1173 2439 1239 inquiunt,
2473 1187 2694 1226 necesse
2753 1183 2824 1228 sit
2895 1177 3101 1229 moveri
3158 1177 3381 1230 emleste

1770 1279 2026 1338 .eorpus.
2049 1279 2149 1318 nec
2180 1266 2409 1319 ulterior
2448 1266 2599 1318 locus
2659 1266 2728 1319 sit
2759 1266 2813 1319 in
2885 1282 3046 1334 quem
3100 1271 3379 1335 procedat,

1802 1358 2146 1425 convertitur
2183 1358 2236 1409 in
2264 1359 2522 1423 seipsnm,
2553 1367 2918 1425 etprueessus
2941 1359 3060 1427 ejus
3091 1361 3381 1412 conversio

1803 1449 2010 1515 optime
2041 1459 2123 1501 est
2150 1467 2163 1514 ;
2187 1451 2230 1502 si
2263 1465 2392 1517 ergo
2423 1451 2645 1503 haberet
2691 1452 2963 1517 spatium,
2986 1467 3201 1507 sursum
3271 1453 3382 1504 ler-

1805 1551 1977 1602 retur,
2011 1543 2152 1596 sicut
2181 1552 2234 1594 et
2265 1541 2431 1610 ignis,
2489 1555 2541 1594 et
2599 1545 2769 1610 magis
2822 1559 2982 1609 quam
3039 1545 3180 1612 ignis
3242 1545 3382 1613 ipse,

1804 1633 1930 1700 quia
1967 1642 2156 1686 natura
2184 1634 2354 1686 levius
2408 1636 2531 1701 igne
2585 1644 2777 1688 cst.—
2824 1635 2918 1688 llic
2967 1647 3144 1689 autem
3202 1648 3385 1692 motus

1805 1740 1913 1776 non
1953 1726 2189 1792 pertinet
2218 1726 2284 1778 ad
2321 1713 2570 1779 naturam
2625 1727 2842 1788 animze,
2889 1727 2981 1781 sed
3013 1729 3079 1780 ad
3130 1711 3383 1782 adiurant

1809 1818 2046 1872 levitatis
2070 1835 2084 1878 ;
2111 1821 2152 1872 si
2183 1821 2346 1888 igitur
2375 1835 2662 1888 processus
2693 1821 2811 1874 εαξη
2836 1830 2920 1874 est
2941 1822 3053 1889 ejus
3073 1823 3383 1886 conversio,

1811 1908 1959 1962 illum
1986 1921 2166 1962 autem
2224 1911 2386 1962 hahet
2437 1925 2465 1961 a
2502 1925 2600 1962 sua
2635 1922 2852 1973 natura,
2921 1897 3024 1962 non
3086 1925 3115 1963 a
3190 1923 3383 1964 natura

1809 2003 2028 2062 animm,
2073 2015 2200 2070 ergo
2229 2001 2459 2053 vertitur
2499 2001 2724 2054 ca-leste
2775 2017 2996 2069 corpus,
3032 2015 3135 2054 nou
3188 2011 3384 2056 natura

1809 2097 2029 2157 animm,
2082 2095 2176 2147 sed
2247 2105 2437 2162 suapte
2488 2104 2700 2157 natura,
2758 2110 2857 2149 nec
2889 2093 3113 2164 proinde
3142 2097 3408 2156 animam,

1810 2187 1992 2240 habet.
2025 2187 2210 2254 Neque
2241 2198 2324 2240 est
2352 2188 2526 2254 aliqua
2559 2187 2798 2241 cmlestis
2827 2197 2883 2263 et
2917 2188 3240 2243 universalis
3262 2189 3388 2242 ani-

1809 2294 1919 2337 ma,
1951 2279 2043 2330 sed
2071 2278 2184 2332 sola
2218 2278 2300 2331 eSt
2383 2279 2564 2330 anima
2628 2280 2914 2331 rationalis
2957 2279 3212 2343 humana,
3280 2295 3384 2331 non

1808 2367 2072 2430 cmlcstis,
2106 2368 2199 2421 sed
2235 2368 2661 2436 supercmlestis,
2721 2384 2828 2421 non
2884 2369 3024 2431 loco,
3073 2373 3165 2424 sed
3194 2381 3387 2438 suapte

1809 2470 2028 2521 natura,
2056 2470 2326 2530 quatenus
2360 2460 2742 2515 intellectualis
2768 2463 3076 2516 substantia
3110 2472 3214 2516 est.

1880 2551 1932 2603 5.
1959 2551 2073 2603 Non
2137 2551 2258 2604 ideo
2316 2564 2421 2604 non
2480 2551 2720 2618 procedit
2773 2566 2872 2605 nec
2937 2567 3153 2604 sursum
3218 2552 3388 2619 fertur

1809 2643 2033 2697 cmleste
2060 2657 2280 2710 corpus,
2301 2643 2423 2710 quia
2462 2641 2693 2694 ulterior
2723 2641 2878 2695 locus
2931 2657 3037 2694 non
3087 2652 3191 2694 est.
3250 2640 3385 2693 Nam

1808 2737 1923 2801 ipsa
1950 2735 2168 2788 aetheris
2195 2733 2404 2801 sphzera
2440 2732 2527 2785 illo
2577 2732 2800 2787 inlcrior
2851 2745 2900 2786 et
2927 2733 2979 2785 in
3033 2749 3098 2786 eo
3151 2735 3387 2787 circum-

1808 2828 2033 2894 scripta,
2074 2825 2440 2901 uee_itlt'irco
2502 2840 2719 2879 sursum
2773 2842 2880 2878 non
2940 2826 3204 2892 procedit,
3260 2828 3386 2892 quia

1810 2919 1994 2973 nullus
2021 2928 2104 2970 est
2137 2920 2288 2970 locus
2320 2917 2372 2971 in
2426 2932 2582 2984 quem
2633 2923 2912 2986 procedat,
2975 2935 3096 2971 eum
3149 2921 3385 2973 circum.

1809 3012 1993 3080 cingat
2025 3026 2142 3064 eam
2169 3010 2413 3064 coeleStis
2449 3010 2746 3078 amplitudo
2775 3014 2905 3075 ;sed
2949 3011 3070 3065 ideo
3129 3028 3231 3065 noo
3276 3011 3386 3066 “su-

1809 3105 1998 3173 peritis
2039 3103 2228 3162 tetulit,
2262 3102 2389 3170 quia
2452 3103 2711 3168 superius
2771 3103 2876 3156 hoc
2928 3103 3164 3170 Spatium
3217 3104 3388 3157 levius

1810 3211 1871 3248 ea
1896 3205 2003 3256 est,
2034 3210 2097 3247 ac
2122 3193 2350 3262 proinde
2381 3209 2542 3261 supra
2575 3195 2719 3245 illam
2777 3204 2860 3247 est
2911 3205 3102 3259 suapte
3168 3187 3384 3245 natura.

1809 3285 1929 3340 Non
1966 3287 2130 3355 igitur
2163 3287 2286 3354 quia
2323 3287 2658 3353 superiorem
2689 3286 2872 3354 seipse
2903 3285 3082 3338 locum
3147 3302 3250 3337 non
3295 3285 3390 3336 ha-

1801 3378 1924 3440 bet,
1961 3377 2165 3432 idcirco
2195 3390 2408 3430 sursum
2438 3368 2579 3428 haud
2615 3375 2785 3428 fertur
2822 3374 3042 3439 cadum,
3107 3374 3227 3428 sed-
3263 3376 3386 3442 quia

1809 3472 2018 3525 nullum
2049 3450 2248 3538 corpus
2285 3482 2350 3523 eo
2408 3467 2665 3521 subtilius
2698 3481 2760 3518 ac
2797 3469 2969 3519 levius
2998 3474 3103 3518 est.
3364 3513 3370 3520 .

1881 3561 1935 3614 6.
1990 3558 2203 3614 Nullum
2239 3573 2436 3627 corpus
2468 3572 2695 3626 corpore
2727 3557 2938 3610 cmlesti
2962 3555 3242 3610 sublimius
3272 3571 3302 3610 e
3324 3565 3382 3617 .t.

1809 3667 1916 3707 non
1950 3653 2074 3721 quia
2134 3650 2339 3704 nullum
2392 3657 2473 3704 est
2549 3651 2800 3717 superius
2855 3650 3094 3717 spatium
3149 3649 3384 3715 alicujus

1809 3723 2057 3812 corporis
2080 3757 2276 3810 capax,
2301 3744 2394 3795 sed
2428 3744 2553 3810 quia
2584 3755 2745 3795 omne
2777 3755 2978 3810 corpus
3032 3740 3174 3795 etelo
3236 3755 3387 3793 eom-

1799 3834 2196 3902 prehenditur,
2232 3848 2330 3886 nec
2347 3833 2494 3886 aliud
2529 3840 2612 3886 est
2642 3831 2872 3885 ulterius
2922 3845 3144 3899 corpus.
3171 3830 3229 3883 Si
3291 3845 3387 3883 au-

1809 3937 1917 3979 tem
1981 3925 2203 3980 transiri
2274 3935 2494 3994 posset,
2573 3923 2717 3977 sicut
2773 3937 2874 3976 nos
2933 3922 3020 3991 pie
3075 3922 3384 3991 credimus,

1809 4031 1919 4077 non
1956 4024 2103 4069 esset
2137 4013 2526 4069 inadmissibile
2579 4013 2709 4066 illud
2746 4013 2996 4081 superius
3053 4005 3194 4066 ecelo
3253 4028 3388 4080 spa-

1811 4110 1967 4161 tium.
2003 4105 2138 4160 Nam
2173 4107 2390 4174 replens
2451 4106 2631 4158 omnia
2683 4107 2846 4171 Deus,
2877 4113 2934 4158 et
2983 4105 3122 4158 ultra
3186 4105 3384 4159 caelum

1807 4209 2070 4253 extensus
2103 4199 2157 4251 in
2206 4199 2502 4261 inliuitum,
2552 4208 2668 4250 erat
2722 4196 2888 4250 etiam
2943 4205 3070 4249 aute
3117 4199 3379 4249 mundum

1806 4289 2053 4357 explens,
2087 4289 2225 4342 sicut
2250 4298 2304 4341 et
2333 4302 2477 4341 nunc
2510 4287 2692 4354 implet
2723 4301 2937 4340 omnem
2967 4285 3150 4339 muedi
3184 4286 3385 4350 locum,

1809 4390 1983 4443 neque
2009 4376 2060 4429 id
2083 4377 2298 4429 obstitit
2328 4378 2456 4444 quin
2515 4390 2714 4443 corpus
2745 4377 2796 4428 in
2863 4389 2928 4430 eo
2989 4375 3380 4429 collocaretur.

1807 4465 1949 4531 Ergo
1988 4482 2089 4521 nec
2126 4469 2422 4537 quidquam
2455 4468 2710 4536 impediet
2735 4468 2860 4536 quin
2895 4469 2967 4521 sit
2992 4478 3148 4522 extra
3180 4470 3381 4524 ecelnm

110 4553 334 4607 Οὐκοῦν
385 4555 504 4608 οὐδὲ
550 4558 706 4620 ἐκτὸς
753 4559 846 4611 τοῦ
881 4561 1110 4628 οὐρανοῦ
1155 4564 1412 4632 ἐμπόδιον
1440 4565 1594 4618 ἔσται
1625 4587 1697 4631 τι,

1807 4558 1979 4620 locus,
2025 4559 2202 4625 qualis
2227 4560 2372 4612 circa
2404 4559 2662 4612 mundum
2722 4567 2776 4611 et
2831 4557 2977 4612 intus
3030 4559 3217 4611 mundi
3278 4569 3382 4621 est,

113 4648 197 4714 μὴ
220 4639 365 4698 εἶναι
389 4647 576 4709 τόπον,
605 4643 714 4711 οἷος
737 4652 764 4702 6
787 4638 850 4701 πε
863 4653 1161 4722 ρικόσμιος,
1188 4655 1220 4722 ἢ
1253 4657 1279 4707 6
1297 4658 1536 4724 γεγονὼς
1550 4660 1700 4722 ἐντὸς

97 4736 213 4800 ,τοῦ
242 4737 469 4806 κόσμου,
490 4741 624 4810 πρὸς
657 4741 716 4793 τὸ
739 4739 877 4796 εἶναι
904 4744 1062 4814 σῶμα
1095 4748 1152 4796 ἐν
1177 4747 1345 4815 αὐτῷ.

197 4831 264 4892 ζ’.
284 4829 413 4899 ,Πῶς
444 4829 558 4895 οὖν,
591 4834 713 4886 ἐπεὶ
771 4835 937 4904 μηδὲν
976 4837 1230 4904 ἐμπόδιόν
1265 4839 1439 4905 ἐστινζ
1463 4841 1530 4902 οὐ
1563 4844 1694 4912 προ..

107 4927 171 4978 τὸ
211 4923 325 4975 ἄνω
379 4925 668 4994 φέρεταιή
724 4925 936 4995 κίνησις
989 4927 1081 4979 τοῦ
1127 4928 1381 4998 οὐρανίου
1419 4932 1694 5001 σώματος,

107 5014 233 5068 ἀλλ’
264 5014 678 5083 ὲπαναστρέφον
712 5017 790 5078 εἰς
833 5018 994 5070 ἑαυτὸ
1037 5023 1266 5074 κινεῖται
1308 5021 1529 5090 κύκλνος
1562 5023 1695 5078 διότι

108 5122 226 5175 περ
255 5104 582 5170 ιπιπολάζον
603 5106 679 5168 ὡς
712 5107 1037 5161 λεπτότατον
1060 5110 1336 5176 ἀπάντων,
1362 5115 1559 5178 παντὸς
1591 5116 1696 5169 σώ-

111 5214 291 5269 ματος
327 5197 602 5252 ἀνώτατόν
629 5200 799 5263 ἔστιν,
838 5199 973 5269 ἀλλά
1011 5204 1106 5256 καὶ
1141 5203 1587 5273 κινητικώτατον·
1618 5209 1694 5271 ὡς

83 5290 225 5358 ’γὰρ
290 5289 351 5340 τὸ
419 5291 903 5360 συμπεπιλημένον
964 5292 1171 5363 ἄκρως,
1224 5295 1318 5347 καὶ
1365 5295 1692 5365 βαρ-ὗτατον,

107 5380 430 5456 κατώτατον
482 5398 542 5434 τε
584 5382 680 5434 καὶ
736 5383 1085 5450 κουφότατον,
1151 5385 1423 5439 ἀνώτατόν
1459 5405 1517 5440 τε
1578 5389 1694 5458 ἅμα

108 5475 206 5530 καὶ
225 5473 655 5541 κινητικώτατον
683 5491 697 5504 ⁸
754 5476 874 5526 ἐπεὶ
910 5475 1001 5528 οὖν
1025 5477 1288 5530 κινεῖσθαι
1317 5477 1558 5548 πέφυκεν
1575 5478 1691 5534 ἔπι-

107 5558 495 5644 πολάςονανω
524 5565 702 5633 φύσει,
751 5568 810 5618 τὸ
839 5567 892 5618 δὲ
920 5567 1090 5631 οὕτως
1139 5571 1489 5634 ἐπιπολάζον,
1525 5591 1692 5643 χωρι-

109 5659 312 5729 σθῆναι
366 5661 431 5728 ιῇ
487 5659 682 5712 ἑαυτοῦ
729 5659 891 5728 φῦσει
925 5657 998 5712 ὧν
1050 5661 1688 5728 ἐπιπολάζει’ἁδυνάτως

108 5749 250 5817 ἔχει,
292 5750 560 5818 σφαιρικὰ
590 5748 647 5801 δέ
675 5752 842 5813 ἐστιν,
893 5744 973 5812 οἷς
1003 5752 1063 5802 τὸ
1091 5751 1338 5818 οὐράνιον
1369 5745 1688 5817 ἐπιπολάζει

109 5836 298 5906 σῶμα,
345 5839 462 5890 κατ’
529 5836 776 5907 ἀνᾲγκην
826 5837 909 5892 θεῖ
943 5841 1068 5911 περὶ
1105 5839 1243 5893 αὐτὰ
1275 5841 1588 5905 ἀπαύστως,
1625 5845 1684 5897 οὐ

1806 4659 1863 4700 ιιι
1891 4651 1962 4701 sit
1995 4650 2046 4701 in
2081 4664 2146 4703 eo
2170 4665 2389 4719 corpus.

1878 4829 1931 4883 7.
1961 4829 2142 4894 Quare
2167 4811 2353 4900 igitur,
2386 4844 2508 4884 cum
2535 4832 2716 4885 nullus
2748 4834 2822 4887 sit
2853 4834 3380 4896 obex,nousursum

1806 4923 1982 4977 fertur
2005 4935 2180 4978 motus
2213 4924 2451 4978 cmlestis
2476 4926 2744 4992 corporis,
2767 4925 2860 4979 sed
2898 4925 2951 4978 in
2987 4926 3229 4992 seipsnm
3274 4927 3381 4979 cir-

1803 5014 2025 5068 eulatim
2081 5016 2421 5092 convertitur
2451 5016 2473 5069 ‘l
2496 5014 2816 5085 Quiasupra
2838 5031 3000 5070 omne
3017 5031 3214 5084 corpus
3246 5032 3379 5084 qua-

1805 5107 1852 5159 si
1884 5117 2356 5177 supernatal,qua
2409 5108 2787 5161 tenuissimum
2850 5107 3099 5183 otnuium
3163 5117 3270 5171 est,
3321 5120 3378 5162 et

1804 5201 1968 5254 etiam
2020 5200 2436 5254 mobilissimum
2477 5217 2492 5254 :
2527 5189 2611 5254 est
2644 5201 2789 5253 enim
2843 5200 2994 5254 velut
3035 5200 3378 5254 involucrum

1805 5292 2204 5361 eirenmtegens
2229 5306 2400 5345 omne
2427 5291 2828 5360 gravissimum,
2896 5291 3142 5345 intimum
3198 5302 3254 5345 et
3302 5293 3376 5345 lc-

1803 5385 2109 5446 vissimunt,
2139 5382 2470 5436 altissimum
2490 5382 2651 5436 simul
2686 5391 2739 5436 et
2762 5383 3203 5436 mobilissimum.
3238 5382 3374 5436 Cum

1804 5475 1967 5543 igitur
2035 5475 2356 5528 naturaliter
2409 5483 2688 5546 Inov’eatnr
2748 5477 3174 5542 snpernatando,
3233 5478 3377 5541 quod

1800 5580 1980 5619 autem
2013 5566 2085 5619 ita
2110 5567 2413 5635 superﬂuit,
2449 5580 2546 5621 sua
2582 5567 2778 5620 natura
2835 5567 3082 5634 separari
3138 5581 3374 5634 nequeat

1798 5659 1866 5710 ab
1902 5657 1990 5710 his
2011 5673 2130 5726 qua:
2162 5660 2547 5726 superlabitur,
2571 5672 2806 5726 cumque
2824 5658 3085 5726 Sphmrica
3115 5657 3226 5711 sint
3254 5661 3376 5727 qui-

1796 5749 1900 5806 bus
1937 5752 2160 5807 eceleste
2197 5767 2394 5820 corpus
2441 5751 2854 5821 superlluctuat,
2903 5752 3214 5823 necessario
3269 5754 3377 5806 eir-

1799 5859 1921 5896 rum
1954 5858 2016 5898 ε..
2051 5839 2223 5905 currit
2255 5832 2645 5911 indi-sitienter,
2673 5859 2777 5898 non
2840 5854 3097 5911 tanquam
3153 5842 3375 5898 anima-
