4106 6328
141 437 298 508 1153

1075 446 1161 506 CA
1175 446 1346 506 PI'I'A
1374 443 1738 514 'PllYSICA,
1780 444 2294 512 TIIEOLOGICA,
2338 446 2499 507 ETC.

3275 443 3410 510 1154

141 555 270 601 ται,
304 537 477 590 καίτοι
537 537 680 607 ζωὴν
715 537 911 606 ἔχουσα
939 541 1018 613 ,τὸ
1047 540 1208 602 εἶναι,
1246 541 1448 603 Παῦλος
1480 544 1508 592 6
1558 541 1726 610 μέγας

1846 553 1958 605 ἱροί
2003 555 2169 606 vitam
2231 554 2600 607 essentialiter
2657 551 2878 617 habeat,
2945 568 3171 621 magnus
3207 557 3410 610 Paulus

143 630 304 697 ἡμᾶς
340 628 540 693 ἐδίδαξε
571 630 794 698 γράφων
821 647 834 660 ο
882 649 898 679 ι
926 631 986 681 Ἠ
1025 632 1353 684 σπαταλῶσα
1391 635 1532 702 χήρα
1582 633 1730 695 ζῶσα

142 719 441 783 τέθνηκεν.
488 736 504 767 ›
554 717 819 786 Είρῆσθαι
849 718 946 786 μὲν
965 715 1058 770 οὖν
1086 721 1278 789 ἐκείνῳ
1308 721 1464 772 τοῦτο
1493 722 1731 790 καὶπερὶ

142 807 252 859 τοῦ
283 807 644 878 προκειμένου
677 809 770 860 νῦν
796 810 893 875 τῆς
927 809 1152 878 λογικῆς
1183 811 1422 880 δηλονότι
1447 809 1646 879 ψυχῆς,
1669 811 1728 861 ού

141 898 336 965 χεῖρον
372 895 435 948 ἂν
470 899 646 948 εἰπεῖν
682 898 767 965 εἴη
793 913 803 926 -
859 900 890 966 ἡ
927 901 1034 966 γὰρ
1059 901 1397 970 ἐστερημένη
1445 899 1538 952 τοῦ
1572 917 1734 952 πνευ-

149 987 392 1056 ματικοῦ
457 988 694 1056 νυμφίου
751 988 919 1058 ψυχὴ,
958 991 1004 1041 εἱ
1050 989 1124 1059 μὴ
1172 990 1576 1060 συνεσταλμένη
1640 989 1734 1042 καὶ

150 1078 432 1130 πενθοῦσα
464 1081 570 1147 εἴη,
633 1078 728 1130 καὶ
763 1079 852 1130 τὸν
889 1081 1074 1130 στενὸν
1107 1081 1199 1132 καὶ
1229 1079 1588 1149 τεθλιμμὲνον
1620 1081 1734 1151 βίον

141 1170 250 1237 τῆ;
283 1171 575 1230 μετανοίας
627 1168 890 1235 ἀνύουσα,
926 1169 1060 1222 ἀλλὰ
1105 1171 1450 1241 διαχεομένη,
1495 1176 1588 1226 καὶ
1618 1177 1734 1236 ταῖς

140 1259 372 1328 ἡδοναῖς
404 1259 616 1329 ἑαυτὴν
645 1262 863 1328 ἐφιείσα
897 1262 990 1313 καὶ
1025 1263 1358 1315 σπαταλῶσα
1383 1301 1397 1326 ,
1434 1263 1582 1326 ζῶσα
1619 1264 1734 1332 (καὶ

143 1350 266 1418 γὰρ
294 1351 412 1402 κατ’
441 1350 628 1401 οὐσίαν
657 1351 806 1400 ἐστὶν
840 1351 1127 1418 ἀθάνατος)
1161 1354 1388 1420 τεθνηκε
1414 1369 1426 1381 ο
1477 1355 1568 1404 καὶ
1626 1352 1736 1420 γὰρ

147 1443 278 1490 ἐστι
306 1440 528 1507 δεκτικὴ
558 1441 790 1492 θανάτου
832 1441 923 1492 τοῦ
954 1443 1216 1511 χείρονος,
1247 1443 1434 1512 ὥσπερ
1471 1445 1559 1494 καὶ
1593 1446 1736 1514 ζωῆς

147 1532 255 1600 τῆς
290 1533 592 1599 ἀμείνονος.
626 1534 686 1583 iii
721 1533 890 1584 δὲκαὶ
923 1535 1094 1603 χήραν
1130 1535 1279 1602 λέγει
1309 1535 1405 1604 τὴν
1437 1537 1729 1604 ἐστερημέ-

145 1635 257 1686 νην
293 1622 385 1670 τοῦ
441 1621 754 1688 σωματικοῦ
788 1624 1042 1690 νυμφίου,
1096 1624 1426 1675 σπαταλῶσα
1464 1625 1738 1684 καὶκζώσα

147 1711 300 1762 κατὰ
349 1712 527 1778 σῶμα,
583 1712 799 1774 πάντως
849 1713 1097 1782 τέθνηκε,
1138 1715 1294 1783 φησι,
1346 1719 1485 1768 κατὰ
1537 1718 1736 1786 ψυχήν.

162 1800 324 1852 Ἐπεὶ
359 1803 450 1853 καὶ
482 1801 716 1871 ἀλλαχοῦ
749 1820 916 1872 φησιν
947 1807 972 1856 ὀ
1001 1805 1185 1870 αὐτὸς,
1223 1809 1303 1858 ὅτι
1331 1808 1571 1875 Νεκροὺς
1597 1810 1740 1877 ἡμᾶς

145 1892 319 1954 ὄντας
345 1895 454 1974 τοῖς
475 1893 909 1962 παραπτώμασι,
938 1896 1370 1967 συνεζωοποίησε
1393 1900 1471 1967 τῷ
1497 1900 1738 1968 Χριστῷ.
1766 1890 1800 1941 Β

148 1985 221 2036 Τί
257 1985 313 2035 δὲ
346 1984 616 2049 -ὁείπὼν,
645 1987 828 2038 Ἔστιν
871 1987 1114 2056 ἁμαρτία
1148 1988 1277 2056 πρὸς
1308 1989 1577 2055 θάνατον;
1604 1990 1740 2043 ἀλλὰ

149 2076 257 2128 καὶ
287 2079 314 2128 ὁ
351 2078 574 2146 Κύριος,
605 2079 823 2144 ἀφεῖναί
870 2095 977 2130 τινι
1027 2082 1332 2149 προσταξας
1360 2083 1484 2144 τοὺς
1513 2084 1740 2152 νεκροὺς

149 2168 385 2220 θάπτειν
437 2170 560 2229 τοὺς
612 2172 865 2241 νεκροὺς,
919 2173 1044 2233 τοὺς
1074 2175 1440 2240 ἐνταφιαστὰς
1503 2175 1742 2238 ἐκείνους

149 2261 302 2310 κατὰ
353 2258 513 2329 σῶμα
544 2259 781 2334 ζῶντας,
834 2263 1061 2334 νεκροὺς
1096 2263 1338 2329 πάντως,
1398 2265 1538 2316 κατὰ
1567 2264 1740 2336 ψυχὴν

151 2347 502 2416 απεφήνατο.

239 2445 355 2506 μς.
393 2439 794 2507 Ἐκστήσαντες
822 2441 1041 2504 ἑκόντες
1097 2443 1318 2505 ἑαυτοὺς
1349 2445 1396 2495 οἱ
1430 2445 1522 2497 τοῦ
1554 2447 1743 2512 γένους

151 2531 509 2597 προπάτορες
540 2530 762 2599 τῆςτοῦ
803 2532 939 2585 Θεοῦ
975 2535 1194 2604 μνήμης
1231 2539 1325 2587 καὶ
1362 2538 1616 2606 θεωρίας,
1650 2540 1744 2590 καὶ

150 2621 265 2687 τῆς
298 2621 509 2674 ἐκεῖθεν
535 2623 750 2690 ἐντολῆς
785 2623 1177 2694 ἀλογήσαντες,
1203 2627 1297 2679 καὶ
1329 2627 1405 2696 τῷ
1445 2629 1622 2696 νεκρῴ
1649 2628 1743 2678 τοῦ

153 2711 344 2764 Σατᾶν
381 2713 784 2782 ὁμονοήσαντες
811 2719 1107 2786 πνεύματι,
1168 2721 1262 2770 καὶ
1304 2718 1395 2771 τοῦ
1433 2723 1741 2788 ἀπηγορευ-

154 2802 332 2870 μένον
365 2800 520 2866 ξρλου
542 2806 810 2871 φαγόντες
850 2809 1000 2878 παρὰ
1054 2808 1284 2878 γνώμην
1316 2809 1403 2860 τοῦ
1437 2813 1741 2872 κτίσαντος,

150 2893 543 2961 γυμνωθέντες
577 2895 686 2947 τῶν
735 2899 800 2948 ἐκ
825 2897 923 2966 τῆς
976 2899 1181 2955 ἄνωθεν
1227 2900 1418 2968 αἴγλης
1467 2901 1745 2968 φωτεινῶν

154 2987 263 3036 καὶ
294 2986 539 3046 ζωτικῶν
568 2979 910 3057 ἐνδυμόιτων,
940 2993 1148 3058 νεκροὶ,
1185 2993 1318 3059 φεῡι
1349 2992 1422 3053 ώς
1473 2997 1500 3046 6
1545 2994 1742 3058 Σατᾶν,

153 3077 264 3128 καὶ
292 3078 444 3130 αὐτοὶ
477 3081 618 3130 κατὰ
649 3081 864 3150 πνεῦμα
883 3082 1191 3148 γεγόνασιν.
1237 3071 1386 3135 Ἐπεὶ
1413 3085 1468 3136 δὲ
1493 3087 1519 3136 ὁ
1547 3085 1742 3146 Σατᾶν,

153 3167 219 3219 οὑ
254 3170 449 3237 νεκρόν
481 3171 598 3220 ἐστι
632 3169 852 3238 πνεῦμα
880 3172 1061 3244 μόνον,
1091 3173 1228 3224 ἀλλὰ
1253 3175 1343 3224 καὶ
1374 3174 1602 3243 νεκροῦν
1621 3176 1745 3238 τοὺς
1769 3187 1813 3248 c

159 3256 510 3324 ἐγγίζοντας,
538 3261 647 3322 τοῖς
681 3259 737 3312 δὲ
775 3261 1106 3330 μετασχοῦσι
1136 3261 1235 3331 τῆς
1297 3265 1504 3317 ἐκείνου
1539 3265 1744 3333 νεκρώ-

161 3364 310 3410 σεως
332 3349 422 3400 καὶ
455 3350 614 3418 σῶμα
642 3350 845 3422 παρῆν,
877 3351 945 3403 δι’
971 3347 1030 3406 οὗ
1060 3354 1152 3405 καὶ
1186 3355 1559 3425 συνεπεράνθη
1607 3356 1746 3426 πρὸς

164 3442 334 3512 ἔργον
357 3439 584 3494 ἐλθοῦσα
612 3444 645 3511 ἡ
682 3443 1001 3511 νεκροποιδς
1043 3443 1349 3515 συμϐουλὴ,
1378 3447 1745 3514 μεταδιδόασι,
1783 3501 1786 3505 _

163 3529 313 3598 φεῦί
347 3532 442 3585 καὶ
475 3535 586 3594 τοῖς
610 3532 831 3595 οἰκείοις
855 3532 1094 3603 σώμασι,
1137 3538 1206 3587 τὰ
1235 3537 1407 3605 νεκρὰ
1437 3537 1529 3588 καὶ
1564 3554 1752 3608 νεκρο-

161 3623 303 3675 ποιά
331 3624 515 3675 ἐκεῖνα
542 3622 834 3692 πνεύματα
863 3627 961 3691 τῆς
1003 3628 1344 3697 νεκρώσεως,
1382 3626 1483 3678 κᾶν
1528 3626 1749 3695 διελύθη

161 3714 428 3782 παραυτὰ
449 3716 584 3784 πρὸς
611 3719 716 3786 γῆν
735 3715 1068 3785 ἐπιστρέψαν
1086 3716 1209 3768 ὅθεν
1232 3717 1439 3786 ὲλ.²,φθη
1466 3717 1525 3768 τὸ
1547 3717 1643 3768 ἀνθ
1654 3716 1752 3786 ρώο

163 3824 328 3862 πινον
360 3806 518 3876 σῶμα
539 3821 555 3836 ⁸
593 3809 641 3860 εἰ
670 3807 745 3876 μὴ
773 3809 1105 3879 προμηθείᾳ,
1143 3790 1241 3860 καὶ⁵
1273 3807 1498 3876 δυνάμει
1527 3808 1750 3877 συνεχό-

165 3915 337 3971 μενον
374 3898 664 3970 κρείττονι,
694 3902 793 3969 τὴν
831 3899 1108 3969 ἀπόφασιν
1139 3899 1458 3970 ἐκαρτέρειο
1503 3899 1597 3952 τοῦ
1655 3899 1750 3970 ρή-

169 4007 308 4062 ματι
348 3993 493 4062 μόνῳ
541 3992 611 4044 τὰ
638 3993 817 4044 πάντα
853 3989 1108 4059 φέροντος
1129 4006 1142 4020 ·
1183 3986 1250 4060 ἦς
1274 3991 1442 4060 χωρὶς
1473 3990 1624 4042 οὐδὲν
1657 3993 1751 4043 ἐκ·

163 4085 410 4136 τελεῖται
439 4083 546 4135 τῶν
573 4082 930 4151 τελουμένων.
974 4081 1300 4150 Ἐκφέρεται
1333 4079 1376 4132 δ’
1432 4079 1618 4147 ἐκείνη
1655 4081 1752 4132 σὺν

164 4175 298 4244 δίκῃ
333 4174 590 4231 πάντοτε.
615 4174 834 4234 Δίκαιος
861 4175 967 4245 γὰρ
989 4177 1016 4225 6
1053 4174 1281 4240 Κύριος,
1321 4173 1461 4224 κατὰ
1495 4173 1583 4224 τὸν
1609 4171 1751 4224 θεῖον

164 4265 480 4333 Ψαλμῳδὸν
510 4266 704 4325 εἰπεῖν,
737 4266 830 4316 καὶ
863 4264 1211 4326 δικαιοσύνας
1243 4265 1552 4333 ἠγάπησεν.

249 4351 360 4423 μετ’.
409 4354 468 4405 '0
495 4355 625 4416 Θεὸς
657 4353 886 4406 θάνατον
929 4357 1029 4408 οὐκ
1061 4357 1306 4427 ἐποίησε,
1338 4357 1488 4412 κατὰ
1540 4356 1602 4408 τὸ
1657 4374 1752 4425 γε·

168 4446 497 4516 γραμμένον
518 4459 531 4473 ⁸
571 4445 708 4498 ἀλλὰ
736 4448 828 4499 καὶ
853 4443 1104 4514 γενέσθαι
1127 4449 1314 4501 τοῦτον
1345 4449 1641 4514 ἐκώλυσεν,
1670 4451 1754 4519 ἐφ’

1830 659 1928 696 nos
1978 643 2163 698 docuit
2192 646 2482 699 scribens:
2525 665 2542 696 ι
2589 645 2762 698 Vidua
2820 660 2941 713 qua:
2999 645 3049 698 in
3084 638 3294 700 deliciis
3326 660 3408 700 est

1830 735 2038 800 vivens,
2069 745 2280 789 mortua
2312 746 2396 789 est
2424 737 2487 790 ²⁰.
2525 756 2542 789 ι
2591 735 2646 790 Id
2705 745 2882 789 autent
2916 737 2984 789 ab
3013 737 3106 790 illo
3153 752 3276 792 esse
3327 739 3410 791 di-

1828 839 1978 880 etum
2011 829 2077 879 de
2114 844 2174 882 re
2199 829 2358 882 nobis
2416 843 2564 883 nunc
2593 829 2892 898 proposita,
2941 829 3007 882 de
3055 830 3235 882 anima
3266 831 3412 883 scili-

1828 929 1914 970 cet
1948 919 2221 981 rationali,
2259 934 2362 972 non
2395 920 2530 974 male
2588 931 2929 975 asscreretur
2967 936 2982 974 :
3016 921 3232 974 viduata
3265 922 3407 975 enim

1830 1010 2102 1076 spirituali
2133 1025 2334 1078 sponso
2368 1015 2573 1075 anima,
2601 1012 2644 1065 si
2683 1027 2787 1066 non
2818 1013 2979 1065 anxia
3012 1012 3085 1065 sit
3114 1023 3166 1065 et
3196 1013 3410 1075 lugens,

1830 1112 1882 1155 et
1931 1111 2140 1154 arctam
2208 1101 2576 1171 aillictamque
2621 1105 2778 1171 degat
2820 1105 3157 1172 pugniteutia:
3219 1107 3409 1167 vitam,

1831 1193 1922 1246 sed
1959 1191 2166 1246 difﬂuat
2203 1193 2573 1272 voluptatibus
2600 1205 2653 1246 et
2685 1195 2961 1262 indulgeat
2985 1197 3213 1260 deliciis,
3241 1212 3410 1263 quau-

1830 1301 1990 1353 quam
2046 1286 2257 1348 vivens,
2281 1295 2462 1352 utpote
2492 1301 2585 1351 per
2619 1287 2907 1340 essentiam
2938 1297 3019 1340 est
3061 1286 3406 1347 immortalis,

1834 1386 2044 1428 mortua
2081 1386 2259 1428 tamen
2303 1386 2383 1429 est
2415 1393 2428 1431 :
2463 1378 2662 1444 quippe
2715 1393 2884 1443 capax
2918 1387 3000 1430 est
3045 1379 3253 1437 mortis,
3292 1393 3409 1444 qua:

1831 1476 1914 1521 est
1965 1461 2190 1531 malum,
2255 1469 2334 1520 vel
2397 1470 2541 1529 vine,
2585 1484 2704 1533 quae
2737 1479 2819 1521 est
2869 1469 3090 1521 bonum.
3139 1468 3194 1520 Si
3231 1478 3410 1520 autem

1835 1560 1922 1612 ille
1976 1560 2217 1628 loquitur
2275 1560 2342 1613 de
2395 1560 2553 1613 vidua
2591 1561 2862 1628 corporali
2917 1560 3147 1628 conjuge
3196 1560 3410 1621 orbata,

1833 1650 2316 1720 sicintelligeudus
2367 1660 2496 1706 est:
2542 1665 2662 1718 qua:
2725 1651 2774 1703 in
2812 1650 3023 1704 deliciis
3047 1661 3148 1711 est,
3188 1649 3289 1701 etsi
3335 1651 3414 1701 vi-

1835 1757 1967 1795 vens
2024 1758 2276 1811 corpore,
2337 1758 2560 1810 prorsus
2627 1753 2836 1796 mortua
2898 1753 2980 1796 cst
3035 1743 3240 1831 anima.
3278 1741 3410 1794 Nam

1834 1835 1974 1886 idem
2013 1835 2140 1887 alibi
2180 1835 2358 1888 dicit:
2403 1852 2420 1884 ι
2449 1834 2582 1887 Cum
2615 1849 2864 1887 essemus
2909 1835 3099 1886 mortui
3155 1835 3414 1901 peccatis,

1835 1925 2234 1978 convivificavit
2270 1941 2367 1979 nos
2423 1925 2473 1978 in
2525 1926 2744 1978 Christo
2773 1925 2838 1979 ".
2886 1943 2904 1976 ι
2939 1925 3064 1976 Item
3098 1925 3188 1990 qui
3229 1926 3363 1977 dixit
3395 1939 3412 1979 :

1840 2034 1856 2064 ι
1905 2015 1990 2068 E5!
2034 2028 2312 2084 peccatum
2363 2017 2426 2068 ad
2476 2027 2702 2070 mortem
2769 2017 2839 2068 ¹⁹.
2903 2035 2920 2066 ι
2988 2017 3109 2083 Ipse
3155 2016 3417 2068 Dominus

1834 2111 2046 2160 cuidam
2089 2109 2409 2176 praecipiens
2448 2117 2503 2158 ut
2538 2108 2832 2160 dimitteret
2879 2088 3122 2160 mortuos
3179 2105 3415 2172 sepelire

1842 2215 2086 2256 lum-tuos
2113 2216 2263 2266 suos,
2300 2201 2602 2270 sepultores
2632 2203 2754 2256 illos
2780 2216 3009 2270 corpore
3027 2201 3272 2256 viventes
3294 2213 3418 2255 esse

1841 2308 2063 2361 prorsus
2105 2299 2352 2352 mortuos
2383 2290 2564 2344 anima
2593 2288 3008 2345 demonstravit.

1920 2437 2010 2490 46.
2048 2437 2144 2490 Ubi
2213 2437 2357 2490 ultro
2403 2439 2727 2491 destiterunt
2782 2438 3002 2489 humani
3045 2439 3260 2504 generis
3309 2452 3431 2502 pro-

1847 2531 1932 2581 avi
1981 2546 2008 2581 ε)
2065 2529 2154 2581 Dci
2212 2531 2474 2582 memoria
2559 2539 2608 2584 et
2671 2530 3157 2595 Conletnplatione,
3202 2528 3428 2595 ejusque

1850 2621 2161 2673 mandatum
2195 2633 2538 2689 spreverunt,
2568 2631 2621 2674 et
2665 2633 2878 2676 mortuo
2924 2621 3144 2674 Salanze
3197 2637 3430 2676 consen-

1849 2721 2041 2764 smunt
2101 2711 2339 2778 spiritui,
2394 2727 2457 2764 ac
2510 2713 2574 2766 de
2618 2712 2796 2766 fructu
2860 2712 3029 2764 vetito
3079 2710 3434 2764 comederunt

1849 2812 2034 2855 contra
2078 2800 2358 2856 Creatoris
2409 2813 2698 2860 statutum.
2755 2804 2940 2856 nudati
3002 2802 3311 2870 splendoris
3339 2817 3432 2855 su-

1849 2893 2016 2959 rremi
2059 2893 2356 2948 lneidis'et
2407 2893 2659 2947 vitalibus
2721 2893 3077 2952 indumentis,
3111 2902 3167 2946 et
3215 2889 3432 2946 Sataua':

1850 2984 2021 3037 instar
2073 2994 2128 3037 et
2179 2967 2308 3052 ipsi,
2361 2985 2495 3038 heu”!
2545 2985 2735 3054 spiritu
2770 2985 2966 3040 mortui
3016 2993 3166 3038 sunt.
3202 2986 3272 3036 At
3303 2986 3431 3052 quia

1849 3075 2087 3128 Satanas
2147 3091 2256 3129 non
2308 3087 2554 3130 mortuus
2609 3077 2782 3130 solum
2815 3087 2898 3129 est
2956 3076 3206 3145 spiritus,
3242 3070 3335 3130 sed
3379 3085 3434 3128 et

1851 3168 2010 3220 morti
2043 3168 2182 3221 dans
2213 3168 2279 3221 ad
2337 3182 2394 3222 se
2427 3171 2775 3234 accedentes,
2807 3170 2965 3222 istius
2997 3179 3177 3222 autem
3213 3168 3434 3236 partici-

1853 3258 2012 3327 pibus
2046 3261 2208 3313 etiam
2235 3274 2434 3327 corpus
2465 3261 2637 3313 inerat
2682 3275 2778 3328 per
2841 3261 2981 3326 quod
3051 3269 3434 3314 consummata

1850 3358 2014 3409 estet
2063 3349 2224 3403 ducta
2268 3350 2336 3402 ad
2389 3365 2526 3417 opus
2574 3349 2850 3403 mortifera
2903 3350 3112 3412 suasio,
3178 3359 3430 3414 mortem,

1853 3439 1995 3494 heul
2026 3440 2277 3507 ipsismet
2315 3441 2636 3510 corporibus
2689 3442 2768 3494 illi
2832 3443 3028 3494 mortui
3063 3451 3118 3496 et
3166 3439 3433 3496 mortiferi

1859 3532 2084 3599 spiritus
2133 3515 2697 3599 communicaverunt,
2754 3542 2807 3585 et
2865 3534 3047 3588 statim
3107 3534 3434 3589 dissolutum

1854 3623 2109 3677 rediissct
2162 3625 2216 3677 in
2285 3635 2485 3678 terram
2538 3625 2680 3679 unde
2743 3637 3076 3693 assumptum
3125 3637 3211 3680 est
3247 3626 3439 3678 Imma.

1853 3731 1980 3768 num
2033 3730 2253 3783 corpus,
2275 3714 2319 3768 si
2383 3730 2487 3767 non
2555 3715 2892 3784 providentia
2935 3725 2989 3768 et
3042 3715 3284 3784 potentia
3342 3713 3435 3768 Dei

1851 3807 2040 3876 Optani
2069 3815 2472 3870 conservatum,
2493 3806 2609 3876 ejus
2630 3805 2721 3876 qui
2745 3807 2921 3860 munia
2937 3822 3042 3861 uno
3069 3807 3231 3861 verbo
3248 3806 3436 3870 satuit,

1855 3901 2185 3955 sententiam
2217 3901 2584 3968 opperiretur,
2629 3901 2751 3952 sine
2806 3915 2910 3968 qua
2949 3899 3084 3954 nihil
3130 3901 3188 3954 lit
3243 3913 3436 3953 eorum

1854 4005 1976 4059 quae
2031 3993 2186 4052 liunt,
2239 4000 2294 4044 et
2328 4005 2448 4059 quae
2510 3989 2684 4043 fertur
2719 3989 2866 4058 juste
2921 4003 3164 4057 semper,
3200 4003 3437 4056 namque

1851 4082 2003 4152 juxta
2036 4083 2218 4135 divum
2250 4079 2589 4136 Psalmistam
2621 4081 2671 4112 "
2703 4097 2716 4133 :
2764 4097 2783 4131 ι
2820 4079 3006 4134 Justus
3059 4079 3344 4147 Dominus,
3384 4089 3440 4136 et

1851 4172 2097 4242 justitias
2131 4171 2342 4225 dilexit.
2387 4191 2406 4223 ο
2967 4174 2970 4176 ⁷

1928 4354 2018 4407 47.
2053 4352 2193 4406 Deus
2229 4341 2456 4405 mortem
2493 4367 2598 4405 non
2651 4349 2797 4413 fecit,
2849 4360 2903 4404 ut
2936 4352 3202 4418 seriptnm
3259 4361 3341 4405 est
3367 4351 3438 4416 ⁸⁸,

1857 4445 1950 4497 sed
1976 4443 2104 4511 quin
2141 4443 2290 4496 lieret
2324 4441 2585 4509 impediit,
2617 4449 2880 4508 quantum
2938 4444 3222 4507 oportebat
3252 4451 3305 4495 et
3352 4442 3440 4507 lu-

171 4541 303 4592 ὃσον
338 4537 526 4608 ἐχρῆν,
559 4539 652 4589 καὶ
687 4538 824 4606 μετὰ
847 4538 1191 4608 δικαιοσύνης
1221 4541 1346 4608 ἐξῆν
1370 4539 1600 4593 κωλύειν
1631 4539 1749 4604 τοὺς

1859 4535 2008 4589 stitia
2027 4533 2233 4587 .licebat
2265 4533 2530 4601 impedire
2571 4532 2768 4585 liberos
2797 4534 2862 4584 ab
2902 4529 3021 4600 ipso
3079 4533 3271 4586 factos.
3303 4529 3440 4585 Nam

172 4628 559 4692 αὑτεξουσίους
617 4631 749 4699 παρ’
793 4628 960 4682 αὑτοῦ
1011 4631 1323 4697 γεγονότας.
1353 4631 1756 4702 Προεισήνεγκε

172 4723 289 4792 γᾲρ
320 4721 514 4791 βουλὴν
567 4719 1104 4784 ἁπαθανατίζουσαν,
1135 4722 1228 4773 καὶ
1276 4721 1756 4791 προασφαλιζὸμε-

174 4831 268 4873 νος
319 4811 458 4879 ἄγαν
489 4813 586 4880 τὴν
611 4810 874 4874 ζωοποιὸν
900 4812 1230 4882 συμϐουλὴν,
1261 4813 1467 4865 οἰκείαν
1499 4815 1758 4884 ἐποίησεν

174 4905 435 4975 ἐντολήν·
469 4907 562 4958 καὶ
606 4905 980 4974 προηγόρευσε
1023 4905 1274 4973 φανερῶς
1325 4907 1417 4957 καὶ
1469 4906 1757 4978 ἠπείλησε,

176 4993 409 5048 θάνατον
465 4991 606 5049 εἶναι
638 4997 1043 5063 διατεινάμενος
1087 4995 1186 5064 τῆς
1252 4995 1498 5066 ζωούσης
1538 4999 1760 5067 ἐντολῆς

177 5090 284 5156 τὴν
311 5085 598 5156 ἀθέτησινο
631 5087 705 5150 ώς
741 5088 865 5159 ἃνῆ
899 5089 1070 5160 πόθῳ,
1103 5089 1136 5161 ἦ
1168 5089 1392 5157 γνώσει,
1424 5092 1458 5160 ἡ
1489 5092 1640 5160 φόϐῳ
1659 5095 1760 5162 τὴν

183 5177 279 5229 τοῦ
313 5176 544 5231 θανάτου
575 5181 770 5248 πεῖραν
790 5179 1148 5247 φυλάξωνται.
1174 5182 1246 5232 Τὸ
1272 5183 1380 5251 γὰρ
1401 5183 1633 5236 ἑκάστου
1655 5186 1762 5236 τῶν

184 5271 506 5337 κτισμάτων
534 5270 817 5338 συμφέρον
841 5271 869 5322 6
894 5269 1026 5334 Θεὸς
1051 5271 1214 5339 φιλεῖ,
1244 5274 1337 5324 καὶ
1363 5274 1644 5340 γινώσκει,
1669 5277 1764 5328 καὶ

181 5361 429 5414 δύναται.
465 5361 526 5412 Εἰ
560 5363 657 5430 μὲν
689 5359 782 5436 οὖν
821 5363 1086 5430 ἐγίνωσκε
1114 5366 1297 5432 μόνον,
1347 5365 1448 5417 οὐκ
1477 5365 1651 5434 ἐφίλει
1682 5367 1761 5430 δὲ,

184 5453 308 5522 τάχ’
368 5453 433 5506 ἂν
484 5455 646 5518 αὐτὸς
703 5456 926 5526 εἵργων,
979 5455 1263 5510 ἀτέλεστον
1303 5458 1438 5526 ἡφίη
1493 5460 1551 5510 τὺ
1583 5459 1760 5521 καλῶς

187 5547 594 5617 γινωσκόμενον
620 5564 634 5578 θ
667 5550 716 5600 εἰ
739 5550 782 5601 δ’
813 5550 1041 5616 ἀγαπῶν
1073 5551 1173 5602 οὐκ
1230 5552 1543 5618 ἐγίνωσκεν,
1582 5553 1612 5621 ἢ
1666 5555 1763 5606 οὐκ

192 5636 439 5702 ἐδύνατο,
471 5637 590 5707 τάχ’
617 5638 683 5692 ἂν
703 5641 798 5691 καὶ
825 5642 897 5707 μὴ
923 5640 1114 5693 τούτου
1140 5643 1354 5704 ἑκόντος
1388 5639 1524 5696 εἶναι
1551 5645 1610 5695 τὸ
1636 5646 1763 5712 παρ’

268 5829 312 5862 ⁸³
345 5827 365 5884 ι
396 5830 532 5884 Tim.
569 5845 621 5894 ν,
658 5828 710 5882 6.
789 5829 831 5860 ἰ
860 5825 1057 5894 Epltes.
1099 5840 1158 5891 tt,
1191 5823 1244 5878 5.
1324 5822 1367 5854 “
1392 5822 1408 5876 l
1437 5821 1571 5878 Joan
1602 5837 1651 5886 ν,
1689 5823 1771 5880 16.

789 5829 831 5860 ἰ
860 5825 1057 5896 Ephes.
1099 5840 1158 5891 ιι,
1191 5823 1244 5878 5.

1863 4624 2119 4693 primitus
2153 4622 2301 4696 dedi}
2328 4621 2617 4675 consilium
2647 4636 2755 4684 quo
2783 4619 3170 4673 immortalitas
3204 4617 3442 4672 conferri

1861 4723 2065 4782 posset,
2096 4722 2150 4766 et
2183 4712 2358 4766 valide
2405 4712 2778 4781 pnemuniens
2821 4710 3098 4762 vivificum
3131 4711 3231 4764 hoc
3261 4712 3442 4764 consi-

1861 4804 1997 4858 lium
2030 4845 2045 4868 ,
2101 4804 2378 4872 peculiare
2429 4803 2635 4856 addidit
2671 4803 3014 4864 mandatum,
3067 4812 3122 4856 et
3158 4813 3346 4868 aperte
3371 4805 3445 4858 si-

1858 4901 2137 4967 gniﬁcavit
2205 4883 2366 4968 atque
2419 4900 2660 4952 minatus
2711 4907 2818 4959 est,
2874 4905 3105 4951 mortem
3141 4898 3259 4969 fore
3293 4896 3442 4950 amr-

1861 5008 2016 5050 mans
2057 4991 2382 5046 vivificantis
2413 4995 2664 5061 praecepti
2695 4977 3214 5059 transgressionem,
3242 4978 3445 5046 ut'sive

1859 5100 2068 5147 amore,
2100 5087 2217 5139 sive
2253 5085 2508 5148 scientia,
2564 5085 2680 5138 sive
2708 5093 2886 5136 -metu
2953 5097 2980 5135 a
3039 5084 3231 5138 mortis
3275 5099 3444 5151 expe-

1862 5177 2058 5231 rientia
2085 5185 2360 5231 caverent.
2399 5164 2530 5230 eum
2565 5175 2999 5244 uniuscujusque
3054 5184 3458 5229 creaturarum

1860 5268 2208 5324 commodum
2245 5266 2385 5322 Dens
2413 5257 2560 5322 amai
2592 5267 2804 5335 scitque
2836 5276 2890 5320 et
2928 5277 3125 5337 potest.
3183 5266 3240 5321 Si
3293 5268 3441 5322 enim

1859 5370 2215 5432 cognosceret
2285 5369 2517 5423 tantum,
2562 5358 2703 5412 haud
2735 5373 2865 5412 vero
2911 5359 3181 5429 diligeret,
3213 5357 3442 5413 forsitan

1855 5454 1975 5524 ipse
2031 5453 2346 5522 impediret,
2401 5466 2501 5506 nec
2537 5451 2658 5531 ﬁeri
2721 5452 2927 5507 sineret
2955 5452 3096 5520 quod
3161 5452 3298 5506 bene
3345 5467 3440 5506 co-

1854 5545 2086 5616 gnoscit.
2120 5543 2177 5597 Si
2231 5557 2362 5596 vero
2417 5555 2608 5594 amans
2661 5556 2768 5596 non
2813 5551 3165 5610 cognosceret
3195 5553 3288 5597 aut
3334 5557 3440 5597 non

1853 5646 2058 5708 posset,
2090 5635 2344 5697 fortasse,
2398 5637 2513 5704 ipso
2564 5637 2724 5690 etiam
2775 5635 2963 5702 invito,
2998 5636 3140 5705 quod
3195 5645 3339 5690 amat
3374 5649 3440 5691 ac

1862 5821 1907 5852 ”
1932 5817 2072 5872 f’sal.
2119 5833 2172 5878 κ.
2205 5817 2258 5872 8.
2339 5817 2382 5849 ⁸⁸
2423 5815 2548 5886 Sap.
2583 5831 2619 5882 ι,
2658 5817 2743 5870 13.
