4106 6328
176 476 321 541 ῙΠἹ

1096 461 1369 521 (ΖΑΓΙΤΛ
1412 460 1765 523 PIlYSICA.
1806 458 2324 524 TIIEOIDGICA,
2366 458 2529 521 E'I‘C.

3305 456 3444 519 H78

157 566 332 631 φύσιν
352 562 385 633 ἢ
406 560 529 624 ξένα
547 562 776 629 λέγεται·
792 567 996 620 att-casa
1018 569 1134 621 καθ’
1155 573 1294 624 αὐτὰ
1319 574 1477 640 φύσιν
1494 576 1733 635 ἅπαντα,

1858 567 2149 621 dissimiles
2182 566 2473 627 dicuntur;
2510 562 2602 615 sed
2636 562 2688 614 in
2723 561 2915 628 seipsis
2944 570 3223 630 spectate,
3254 576 3443 613 nﬂlllt’S

151 658 293 722 ξένα
328 660 445 712 ἐστὶ
466 661 621 714 Θεου.
661 661 825 716 [Ιλέον
852 664 961 733 γὰρ
992 665 1103 718 οὐδ’
1132 666 1255 719 ὅσον
1309 669 1484 723 εἰπεῖν
1510 675 1541 741 ἡ
1579 674 1741 744 νοερὰ

154 751 329 818 φύσις
373 754 562 823 πόρρω
593 754 710 806 ἐστὶ
738 755 897 818 Θεοῦ,
950 759 982 826 ἢ
1012 758 1137 810 ὅσον
1170 759 1422 827 αἴσθησίς
1448 780 1506 813 τε
1546 764 1642 817 καὶ
1674 765 1742 818 τὰ

155 842 263 893 ὑπ’
312 842 564 910 αἴσθησιν
613 844 721 897 τῶν
780 847 982 915 νοερῶν
1040 849 1254 918 ἀπέχει.
1306 851 1575 905 Τοσοῦτον
1648 856 1742 908 οῦν

161 934 472 1003 ἀπέχοντες
522 940 584 1007 τῇ
640 937 760 989 καυ’
795 940 942 1007 ἡμᾶς
994 940 1152 1009 φύσει
1196 942 1289 993 τοῦ
1324 943 1497 1009 Θεοῦ,
1550 946 1741 1011 ὅντως,

151 1028 289 1078 οὐαὶ
323 1030 473 1095 ἡμῖν,
502 1031 549 1081 εἰ
591 1030 665 1099 μὴ
688 1030 821 1095 γοῦν
861 1033 924 1084 ὲκ
971 1036 1343 1104 προαιρέσεως
1372 1040 1634 1108 χρηστῆς,
1676 1039 1743 1092 δι’

152 1121 344 1189 ἔργων
374 1123 468 1173 καὶ
490 1123 710 1191 τρόπων
750 1124 993 1191 ἀγαθῶν,
1035 1128 1200 1193 ἐγγὺς
1236 1129 1396 1180 αὐτοῦ
1429 1130 1741 1199 γενοίμεθα.

237 1216 311 1263 π’.
385 1211 445 1261 Ἠ
502 1210 608 1262 τῶν
658 1208 819 1263 θεεων
875 1212 1154 1282 Οεηγὸρων
1204 1215 1385 1275 ἔνθεος
1439 1217 1531 1269 καὶ
1590 1220 1743 1288 κοινὴ

153 1300 408 1366 γλῶσσα,
438 1301 796 1369 Δαμασκηνὸς
830 1303 859 1353 ὁ
886 1302 1143 1371 θεοφόρος
1200 1306 1364 1371 φησὶν
1405 1306 1462 1357 ὲν
1508 1306 1745 1382 δευτέρῳ

150 1390 274 1443 τῶν
311 1392 636 1459 θεολογικῶν
681 1393 843 1445 αὐτοῦ
885 1395 1197 1461 κεφαλαίων
1227 1410 1240 1423 ⁸
1273 1416 1289 1446 ι
1330 1398 1448 1466 Χρὴ
1494 1399 1583 1450 τὸν
1619 1401 1745 1469 περὶ

152 1482 301 1535 θεοῦ
330 1502 379 1534 τι
409 1485 589 1550 λέγειν
619 1486 649 1556 ἢ
684 1484 901 1537 ἀκούειν
936 1486 1279 1555 βουλόμενον,
1308 1484 1496 1556 σαὶρῶς
1521 1490 1742 1551 εἰδέναι,

154 1573 238 1635 ὡς
280 1573 401 1624 οὐδὲ
436 1575 612 1626 πάντα
642 1574 878 1643 ἄρρητα,
911 1576 1029 1627 οὐδὲ
1068 1577 1245 1628 πάντα
1273 1577 1433 1645 ῥητὰ,
1462 1579 1529 1630 τά
1556 1596 1615 1630 τε
1648 1580 1746 1649 τῆς

153 1664 465 1731 Οεολογίας,
511 1665 579 1716 τά
626 1682 683 1716 τε
734 1665 833 1734 τῆς
864 1666 1225 1735 οἰκονομίας⁸
1259 1667 1382 1719 οὗτε
1428 1668 1533 1737 μὴν
1566 1670 1746 1723 πάντα

153 1753 405 1820 γνωστὰ,
449 1753 573 1806 οὐδὲ
605 1754 781 1807 πάντα
811 1754 1086 1821 ἄγνωστα.
1124 1756 1297 1828 ’Υπὲρ
1327 1757 1482 1825 λόγον
1513 1758 1558 1811 δ’
1590 1760 1746 1828 ἴσμεν

154 1846 258 1897 καὶ
304 1847 402 1898 ὅσα
454 1847 638 1913 λέγειν
678 1848 890 1914 ἐφεῖται
929 1847 1036 1899 τῶν
1090 1848 1271 1914 θείων,
1302 1850 1377 1911 ὠς
1421 1850 1517 1903 καὶ
1568 1854 1744 1903 ταῦτα

154 1935 288 1988 καθ’
330 1938 668 2007 ὑπερέχοντα
694 1938 850 2005 λόγον
882 1936 962 2006 (οὐ
1003 1939 1112 2007 γὰρ
1158 1939 1263 2005 ἔξω
1302 1939 1461 2007 λόγου
1501 1942 1623 1993 κατ’
1654 1942 1742 1993 ἐλ-

153 2026 361 2094 λειψιν,
395 2026 511 2079 ἀλλ’
547 2030 703 2090 ὲκτὲς
739 2029 898 2096 λόγου
929 2030 1022 2082 τοῦ
1064 2032 1183 2083 καθ’
1213 2032 1403 2101 ἡμᾶς),
1437 2033 1494 2085 ὅν
1529 2033 1575 2085 θ’
1613 2036 1743 2103 ἡμῖν

154 2119 348 2179 αὐτοῖς
394 2118 805 2188 ὲνδιαιτώμενον
872 2118 1099 2188 ἔχομεν,
1156 2123 1247 2173 καὶ
1304 2122 1362 2174 ὃν
1424 2123 1551 2192 παρ’
1588 2124 1744 2193 ἡμῶν

154 2211 345 2263 αὐτῶν
370 2213 448 2273 εἰς
476 2212 656 2278 ἀκοὴν
693 2212 895 2282 ὲτὲρων
922 2212 1257 2282 προάγομεν.
1281 2212 1421 2265 Ούτε
1452 2215 1559 2283 γὰρ
1591 2210 1744 2278 οὗτος

156 2306 487 2375 ἑρμηνεύων
519 2304 876 2373 παραστῆσαι
906 2303 1109 2356 δύναιτ’
1147 2306 1235 2367 ἂν,
1268 2304 1378 2357 οὔτ’
1415 2309 1617 2367 ἐκεῖνος
1648 2325 1745 2359 πο-

154 2395 587 2465 λυπραγμονῶν,
620 2395 832 2447 οἴκοθεν
872 2394 1103 2464 ἐφίκοιτ⁹
1149 2396 1236 2450 ἄν.
1278 2414 1294 2445 t
1334 2396 1448 2449 Οὐκ
1494 2398 1581 2465 ἄρ’
1615 2398 1743 2465 ἡμῖν

156 2490 350 2551 αὐτοῖς
381 2488 740 2557 ἐπιτρεπτέον
781 2487 911 2555 περὶ
952 2487 1083 2539 Θεοῦ
1112 2506 1163 2539 τι
1202 2488 1411 2554 λέγειν·
1453 2488 1567 2541 ἀλλ’
1597 2490 1743 2557 ἡμᾶς

156 2582 367 2642 αὐτοὺς
400 2580 768 2648 ἐπιτρεπτέον
810 2579 945 2649 πρὸς
980 2580 1108 2641 τοὺς
1144 2582 1201 2631 ὲν
1231 2580 1501 2648 πνεύματι
1538 2581 1603 2633 τὰ
1648 2580 1742 2633 τοῦ

158 2673 477 2741 πνεύματος
513 2671 829 2736 λαλοῦντας,
862 2672 955 2724 καὶ
998 2672 1127 2725 ὅταν
1175 2672 1448 2725 ἀπαιτῶσι
1502 2672 1657 2741 λόγον
1693 2674 1742 2725 οἱ

156 2762 557 2830 ἀντικείμενοι.

233 2851 352 2907 πα’.
396 2853 563 2907 Φασὶν
603 2854 1011 2923 ἐπιγεγράφθαι
1038 2856 1151 2907 τῶν
1173 2839 1462 2923 προῡύρων
1487 2854 1585 2923 τῆς
1618 2872 1743 2924 σχο-

158 2951 264 3015 λῆς
300 2948 395 3000 τοῦ
422 2948 739 3014 Πλάτωνος·
774 2967 793 2997 ι
819 2949 1023 3017 Μηδεὶς
1049 2949 1235 3000 εἰσίτω
1257 2947 1696 3015 ἀγεωρέτρητος.
1719 2965 1736 2997 ι

160 3045 351 3110 "item
384 3042 441 3094 δέ
479 3042 627 3094 ἐστιν
656 3042 1101 3112 ἀγεωμέτρητος,
1125 3041 1151 3091 ὁ
1187 3040 1259 3109 μὴ
1290 3039 1587 3108 δυνάμενος
1616 3038 1741 3106 περὶ

156 3135 270 3187 τῶν
294 3135 617 3203 ἀχωρίστων
641 3134 716 3197 ὡς
745 3134 1170 3203 κεχωρισμένων
1199 3130 1531 3184 διανοεῖσθαί
1558 3148 1615 3181 τε
1647 3128 1741 3182 καὶ

156 3227 526 3295 διαλέγεσθαι.
555 3223 717 3278 -Εἷναι
747 3224 856 3293 γὰρ
910 3224 1087 3296 πέρας
1133 3223 1301 3294 χωρὶς
1348 3223 1441 3276 τοῦ
1477 3240 1742 3291 περατου-
1766 3266 1814 3327 C

162 3320 351 3385 μένου,
390 3319 495 3371 τῶν
526 3319 823 3371 ἀδυνάτων.
852 3319 1172 3386 Γεωμετρία
1221 3316 1298 3379 δὲ,
1334 3316 1463 3387 περὶ
1500 3315 1606 3367 τῶν
1646 3331 1743 3365 πε-

159 3411 346 3477 ράτων
389 3410 571 3479 σχεδὸν
611 3412 755 3472 ἄπας
786 3413 813 3462 ὁ
860 3410 1048 3477 λόγος’
1096 3409 1131 3463 ἃ
1175 3412 1271 3461 καὶ
1302 3410 1472 3477 χωρὶς
1507 3408 1614 3461 τῶν
1650 3424 1745 3458 πε-

160 3502 537 3570 ρατουμένων,
571 3502 683 3554 ἐσθ’
715 3504 804 3555 ὅτε
858 3501 981 3555 καθ’
1013 3500 1182 3555 ἑαυτὰ
1219 3503 1315 3554 καὶ
1353 3501 1594 3571 ὁρίζεται
1648 3500 1743 3552 καὶ¹

159 3593 548 3661 προῦάλλεται,
583 3593 677 3645 τοῦ
726 3594 819 3645 νοῦ
850 3592 1180 3662 χωρίζοντος
1219 3592 1292 3646 τὰ
1336 3593 1636 3663 ἀχώριστα.
1686 3592 1743 3645 ’0

157 3682 307 3735 δὲτὸ
340 3683 498 3747 σῶμα
525 3682 635 3734 τῶν
676 3683 805 3753 περὶ
836 3680 970 3735 αὐτὸ
1013 3682 1266 3754 χωρίζειν
1299 3681 1375 3751 τῷ
1404 3682 1479 3751 νῷ
1518 3680 1743 3751 μηδέπω

162 3774 387 3839 μαθὼν,
424 3774 541 3836 πῶς
587 3775 811 3827 ἀκούσει
862 3774 990 3843 περὶ
1044 3774 1261 3841 φύσεως
1320 3772 1443 3825 καθ’
1498 3774 1742 3841 έαυτήν;

160 3866 326 3928 "litt;
352 3866 411 3918 ού
445 3866 601 3933 μόνον
632 3864 932 3935 ἀχώριστός
963 3867 1078 3916 ἐστι
1098 3863 1207 3915 τῶν
1234 3863 1479 3931 φυσικῶν
1507 3864 1745 3932 ὲνυπάρ-

158 3975 336 4023 γουσα
375 3960 608 4018 τούτοις,
644 3958 758 4010 ἀλλ’
792 3957 900 4009 οὐδ’
944 3952 1084 4008 εἷναί
1131 3973 1261 4008 ποτε
1302 3955 1520 4007 δύναται
1573 3956 1746 4026 χωρὶς

160 4048 366 4101 αὐτῶν.
393 4049 509 4109 Πῶς
530 4049 752 4102 ἀκούσει
782 4048 910 4117 περὶ
933 4048 1042 4101 τῶν
1064 4046 1185 4100 καθ’
1209 4048 1331 4100 ὅλου
1354 4048 1428 4110 ὡς
1451 4048 1569 4100 καθ’
1597 4047 1741 4110 ὅλου,

160 4139 310 4208 ἅπερ
343 4141 401 4191 ἐν
424 4142 531 4202 τοῖς
576 4142 821 4208 μερικοῖς
856 4141 992 4203 eiet;
1029 4140 1104 4206 νῷ
1138 4139 1233 4191 καὶ
1268 4139 1411 4209 λόγῳ
1443 4140 1588 4208 μόνῳ
1623 4137 1772 4204 τούς,

164 4246 268 4281 των
287 4228 678 4317 διαιρούμενα,
720 4232 814 4284 καὶ
851 4232 952 4300 πρὸ
981 4230 1089 4283 τῶν
1114 4231 1325 4283 πολλῶν
1358 4230 1644 4300 νοούμενα,
1677 4231 1744 4283 τὰ

161 4322 269 4373 τῶν
311 4321 524 4373 πολλῶν
559 4321 689 4375 ἄνευ
729 4322 994 4392 μηδαμῶς
1029 4322 1157 4374 ὄντα
1205 4321 1285 4392 τῷ
1332 4338 1395 4387 γε
1429 4322 1619 4392 ἀληθεί
1645 4322 1746 4374 ’λὸ-

164 4427 277 4481 γῳς
316 4413 438 4474 Πῶς
493 4413 717 4465 ἀκούσει
771 4414 899 4483 περὶ
954 4413 1161 4483 νοητῶν
1191 4414 1286 4465 καὶ
1335 4414 1575 4483 νοερῶν;
1625 4413 1742 4475 πῶς

162 4502 388 4556 ἀκούσει
428 4504 520 4557 καὶ
551 4503 676 4555 νοῦν
704 4504 933 4556 ἕκαστον
958 4504 1115 4573 ήμῶν
1148 4504 1293 4572 ἔχειν
1320 4503 1604 4570 λεγόντων,
1650 4504 1742 4557 καὶ

1860 668 2053 710 natura
2092 666 2221 711 sunt
2250 671 2276 708 a
2314 656 2421 709 Deo
2460 656 2673 708 alicam.
2714 654 2903 719 Magis,
2941 668 3105 720 supra
3140 658 3301 713 quam
3332 650 3439 703 dici

1857 758 2056 816 potest,
2088 746 2467 799 intellectualis
2501 756 2692 797 natura
2721 740 2910 813 procul
2938 754 3021 796 est
3048 759 3076 795 a
3116 741 3245 803 Deo,
3273 758 3439 809 quam

1855 854 2050 892 sensus
2112 849 2165 891 et
2213 838 2493 892 sensibilia
2554 838 2622 891 ab
2691 836 3147 889 intellectualibus
3209 835 3435 886 distant.

1854 928 2086 982 Tantum
2144 930 2309 997 igitur
2344 945 2369 980 a
2403 931 2511 982 Deo
2574 939 2761 980 natura
2822 937 3007 981 nostra
3055 926 3297 988 remotis,
3344 942 3423 978 va:

1856 1022 2103 1089 prolecm
2134 1023 2308 1082 nobis,
2344 1023 2388 1075 si
2423 1038 2527 1075 nou
2562 1024 2701 1074 bona
2746 1020 3046 1081 voluntate,
3074 1018 3437 1087 Operihusque

1854 1130 1917 1165 ac
1942 1114 2181 1167 moribus
2204 1114 2383 1180 bouis,
2419 1114 2487 1165 ad
2513 1129 2633 1165 eum
2661 1114 3004 1165 accedamus.

1926 1204 2014 1257 80.
2052 1204 2320 1258 Divinitus
2352 1214 2400 1257 et
2444 1204 2585 1257 divis
2617 1206 2881 1272 theologis
2918 1220 3159 1259 consone
3188 1208 3435 1273 loquens,

1853 1297 2029 1350 deiter
2064 1297 2437 1351 Damascenus
2468 1297 2599 1350 dicit
2645 1297 2695 1349 in
2734 1298 2973 1350 secundo
3007 1297 3433 1365 theologirorum

1854 1388 2089 1455 capitum
2128 1404 2140 1442 :
2184 1408 2201 1438 ι
2235 1388 2336 1453 Qui
2372 1388 2435 1439 de
2494 1387 2601 1440 Deo
2656 1387 2862 1453 aliquid
2921 1387 3104 1440 dicere
3140 1388 3218 1440 vel
3246 1388 3435 1439 audire

1856 1481 1988 1547 vult,
2014 1482 2062 1534 ei
2099 1482 2247 1534 clare
2292 1481 2571 1535 sciendum
2602 1489 2683 1532 est
2710 1483 2760 1533 in
2791 1481 2897 1531 lleo
2920 1491 2973 1532 et
2998 1479 3051 1531 iu
3086 1478 3431 1532 Providentia

1854 1588 1953 1625 nec
1984 1574 2163 1626 Omnia
2188 1588 2307 1625 esse
2335 1572 2649 1635 ineffabilia,
2678 1589 2779 1625 nec
2804 1574 2983 1625 omnia
3010 1572 3267 1633 ellahilia,
3292 1572 3433 1624 sicut

1853 1680 1953 1717 nec
1982 1666 2161 1716 omnia
2200 1665 2433 1728 scibilia,
2462 1679 2560 1718 nec
2590 1665 2770 1716 (Mutila
2807 1656 3111 1717 nescibilia;
3139 1664 3243 1717 Sed
3266 1680 3429 1731 supra

1852 1771 2157 1809 sermonem
2183 1772 2303 1809 esse
2328 1758 2530 1809 scimus
2576 1772 2916 1825 qumcuuque
2937 1758 3001 1809 de
3032 1757 3137 1809 Deo
3160 1756 3429 1821 dicimus;

1851 1849 2051 1917 quippe
2105 1863 2223 1916 quin
2272 1850 2683 1916 supereminent
2738 1864 3043 1902 sermonem
3092 1851 3222 1917 (non
3284 1850 3429 1902 enim

1853 1951 2004 1993 extra
2032 1956 2338 1994 sermonem
2394 1950 2521 1993 sunt
2555 1950 2772 2009 propter
2826 1942 3122 2005 delectum,
3158 1941 3249 1993 sed
3276 1950 3427 1992 extra

1830 2048 2159 2093 sermonem
2222 2032 2510 2101 nostrum),
2578 2046 2736 2098 quem
2792 2033 2947 2087 nobis
3000 2032 3130 2098 ipsis
3184 2032 3428 2084 intimum

1853 2125 2135 2188 hebennus,
2170 2134 2221 2177 cl.
2266 2138 2424 2190 quem
2452 2140 2479 2176 a
2516 2124 2785 2177 nobismet
2817 2125 2882 2175 ad
2913 2124 3145 2175 aliorum
3179 2122 3429 2175 auditum

1852 2217 2201 2286 proferimus.
2258 2215 2391 2269 Nam
2427 2232 2599 2285 neque
2647 2217 2733 2267 hic
2781 2215 2959 2267 divina
3014 2213 3429 2282 interpretando

1851 2309 2145 2376 eXplanare
2175 2318 2373 2375 potest,
2406 2324 2505 2361 nec
2532 2307 2617 2359 ille
2648 2308 2814 2360 nmlta
2837 2320 3000 2375 opera
3026 2310 3241 2360 enitens
3274 2304 3428 2357 intel-

1852 2402 2017 2469 ligere
2072 2401 2233 2453 valet.
2279 2420 2295 2449 ι
2331 2398 2447 2453 Non
2502 2400 2665 2467 igitur
2725 2400 2881 2453 nobis
2920 2400 3053 2466 ipsis
3111 2399 3427 2467 permittere

1850 2496 2111 2547 debemus
2144 2505 2201 2547 ut
2238 2494 2446 2562 aliquid
2476 2495 2722 2548 dicamus
2752 2493 2821 2545 de
2873 2494 3003 2555 Deo,
3027 2495 3119 2545 sed
3159 2507 3255 2545 nos
3286 2492 3431 2558 ipsos

1851 2586 2166 2652 permittere
2206 2585 2461 2639 debemus
2513 2585 2581 2638 iis
2620 2585 2709 2654 qui
2760 2585 2811 2636 in
2870 2584 3062 2652 spiritu
3121 2582 3429 2648 spiritualia

1851 2674 2166 2743 loquuntur,
2199 2674 2365 2729 etiam
2415 2674 2630 2743 quando
2686 2675 2949 2727 rationem
3001 2685 3302 2739 exposcunt
3332 2670 3429 2723 ad—

1850 2766 2102 2820 versarﬁ.

1922 2861 2012 2915 8L
2060 2861 2265 2914 Dicitur
2329 2862 2655 2928 inscriptum
2711 2857 2963 2909 luissein
3022 2865 3174 2925 porta
3230 2856 3433 2910 svholze

1848 2952 2151 3007 Platonis:
2218 2972 2244 3003 r
2281 2951 2451 3005 Nemo
2507 2952 2672 3003 intret.
2724 2949 3039 3017 geometria:
3098 2950 3341 3016 ignarus.
3408 2965 3425 2997 ι

1846 3044 2082 3098 Omnino
2144 3032 2321 3097 autem
2369 3043 2678 3112 geometria:
2747 3042 2966 3109 ignarus
3030 3053 3132 3101 est,
3188 3040 3277 3104 qui
3327 3054 3430 3091 non

1849 3134 2025 3201 potest
2054 3132 2119 3184 de
2147 3131 2390 3185 indivisis
2417 3133 2555 3185 sicut
2577 3131 2766 3184 divisis
2796 3130 3032 3198 cogitare
3056 3138 3109 3181 et
3137 3130 3429 3181 disserere.

1847 3223 1980 3275 Nam
2012 3224 2301 3277 terminum
2348 3222 2552 3290 absque
2599 3224 2883 3274 terminato
2947 3220 3279 3287 impossibile
3329 3230 3430 3273 est.

1848 3311 2154 3365 Geometria
2187 3312 2449 3365 auteutde
2479 3314 2731 3366 terminis
2758 3310 2867 3363 fere
2896 3326 3111 3379 semper
3140 3311 3379 3378 loquitur
3414 3327 3429 3364 :

1848 3404 1939 3472 qui
1995 3404 2158 3457 etiam
2192 3405 2399 3472 absque
2439 3405 2744 3457 terminatis
2782 3404 3076 3469 aliquando
3128 3406 3179 3455 in
3239 3404 3435 3471 seipsis

1849 3496 2180 3549 deliuinntur
2232 3505 2286 3547 et
2351 3507 2749 3565 proponuntur,
2804 3496 3085 3549 intellectu
3145 3496 3423 3549 dividente

1850 3588 2222 3642 indivisibilia.
2270 3588 2375 3652 Qui
2422 3599 2602 3640 autent
2648 3604 2849 3656 corpus
2880 3602 2908 3640 a
2944 3587 3432 3639 circutnstantilms

1848 3678 1976 3732 illud
2006 3681 2175 3732 uesrit
2206 3680 2545 3741 abstrahere,
2578 3682 2851 3747 quomodo
2883 3680 3148 3746 intelligat
3181 3662 3429 3731 naturam

1849 3772 1900 3825 in
1933 3772 2112 3840 seipsa
2150 3782 2481 3837 respectant,
2522 3789 2641 3841 quae
2672 3772 2893 3838 quidem
2928 3789 3032 3823 non
3067 3772 3243 3824 solum
3274 3788 3433 3838 sepa—

1851 3865 1957 3917 rari
2002 3868 2187 3933 nequit
2219 3880 2248 3917 a
2287 3867 2623 3919 naturalibus
2675 3867 2875 3935 quibus
2931 3874 3145 3920 constat
3185 3868 3431 3934 proprie-

1849 3956 2072 4020 tatibus,
2103 3956 2202 4009 sed
2237 3972 2515 4025 nunquam
2561 3973 2680 4011 esse
2718 3968 2895 4025 potest
2919 3959 3037 4010 sine
3078 3957 3249 4025 ipsis?
3284 3957 3433 4023 Quo-

1847 4046 2008 4099 modo
2078 4048 2341 4117 intelliget
2397 4050 2789 4116 proprietates-
2810 4047 2980 4100 totius
3034 4063 3157 4101 CSse
3210 4050 3430 4100 easdem

1846 4150 2010 4203 quam
2065 4140 2293 4201 partium
2342 4139 2729 4205 proprietates,
2792 4148 2845 4191 et
2907 4138 3024 4192 solo
3072 4138 3346 4191 intellectu
3378 4148 3435 4191 et

1846 4240 2096 4280 Sermone
2156 4228 2221 4279 ab
2279 4228 2364 4280 his
2423 4228 2720 4296 distingui;
2771 4238 2827 4283 et
2880 4239 3010 4283 ante
3064 4230 3443 4299 pluralitatem

1845 4316 2095 4384 cogitari,
2125 4333 2245 4385 qua:
2288 4322 2407 4371 sine
2440 4320 2752 4387 pluralitate
2789 4337 3067 4389 nunquam
3120 4332 3252 4374 sunt
3299 4337 3433 4375 vero

1846 4410 2131 4462 sermone?
2164 4410 2444 4474 Quomodo
2474 4412 2740 4476 intelliget
2766 4411 2835 4465 de
2886 4412 3336 4480 intelligibilihus
3374 4424 3432 4468 et

1845 4498 2342 4565 iutellectualibus,
2421 4504 2731 4569 quomodo,
2802 4504 3063 4571 inquam,
3129 4504 3430 4573 intelliget,

163 4594 537 4664 διανοήματα,
589 4596 682 4647 καί
722 4594 829 4648 τῶν
878 4594 1260 4663 διανοημάτων
1319 4595 1547 4647 ἕκαστον
1583 4595 1742 4664 ἡμῶν

1849 4590 2093 4644 dicentes
2150 4593 2349 4661 cuique
2408 4606 2651 4647 nostrum
2718 4595 2904 4651 inesse
2957 4597 3320 4659 intellectum,
3376 4608 3432 4650 et

166 4683 435 4753 ὑπάρχειν
470 4682 587 4747 νῦν,
624 4684 719 4738 καὶ
748 4686 807 4736 ού
842 4685 1209 4752 καταγελάσει
1236 4685 1329 4737 καὶ
1352 4684 1740 4753 ἀνακράξεται,

142 4777 490 4847 ·κατηγορῶν
526 4777 703 4845 ἡμῶν,
755 4777 830 4839 ὡς
873 4777 967 4829 δύο
1021 4777 1114 4828 καὶ
1158 4776 1386 4843 πολλοὺς
1434 4777 1578 4845 ἔχειν
1619 4776 1743 4838 νοῦς

165 4869 432 4937 λεγόντων
469 4868 699 4921 ἕκαστον
732 4869 1069 4938 ἀνοριὶιπωνς
1113 4865 1172 4921 Ὁ
1196 4868 1251 4920 δὲ
1296 4871 1387 4919 ἐπὶ
1432 4869 1541 4919 τῶν
1572 4868 1745 4921 τοιού-

166 4977 274 5012 των
310 4961 382 5028 μὴ
411 4959 707 5029 δυνάμενος
742 4960 963 5011 ἀκούειν
995 4962 1025 5027 ἦ
1053 4958 1254 5026 λέγειν,
1281 4960 1409 5028 περὶ
1432 4958 1538 5011 τῶν
1569 4960 1745 5011 ἀδιαι-

172 5052 343 5116 ρέτων
376 5049 449 5111 ὡς
487 5050 853 5119 διῃρημένων,
887 5049 1003 5111 πῶς
1034 5050 1125 5101 ἐπὶ
1150 5049 1244 5101 τοῦ
1285 5050 1419 5101 Θεοῦ
1456 5050 1743 5119 δυνήσεταὶ

167 5156 216 5192 τι
242 5140 486 5192 τοιοῦτον
512 5141 542 5210 ἦ
575 5140 754 5207 λέγειν
785 5142 817 5212 ἢ
868 5140 1253 5206 διδάσκεσθαι;
1302 5142 1416 5209 Ἐφ’
1448 5134 1509 5193 οῦ
1552 5142 1741 5194 πολλαὶ

173 5235 270 5299 μέν
312 5235 416 5284 εἰσι
466 5235 557 5285 καὶ
590 5232 840 5300 λέγονται
888 5233 1111 5295 ἑνώσεις
1162 5250 1221 5284 τε
1277 5234 1370 5284 καὶ
1418 5233 1738 5301 διακρίσεις,

170 5323 313 5375 κατά
362 5324 486 5386 τοὺς
519 5324 827 5391 Θεολόγους·
873 5324 988 5377 ἀλλ’
1024 5326 1078 5377 αἱ
1123 5323 1346 5387 ὲνὼσεις
1384 5326 1491 5376 τῶν
1534 5324 1741 5394 διακρί-

173 5430 312 5467 σεων
353 5414 729 5482 ἐπικρατοῦσι,
782 5416 877 5469 καὶ
915 5416 1391 5487 προκατάρχουσι·
1430 5416 1556 5484 μήτ’
1585 5418 1740 5468 ἀναι-

176 5505 365 5572 ροῦσαι
409 5506 629 5569 ταύτας,
673 5507 803 5577 μήτ’
852 5508 1275 5577 ὲμποδιζόμεναι
1335 5507 1487 5576 παρά
1537 5507 1743 5559 τούτων

173 5591 334 5649 αὗται
379 5596 562 5664 μηδὲν.
596 5599 659 5649 Οἱ
715 5597 847 5664 γοῦν
876 5600 1105 5652 ἐναντίοι
1156 5600 1229 5668 μὴ
1260 5599 1562 5668 δεχόμενοι,
1610 5598 1741 5669 μηδὲ

173 5684 461 5754 δυνάμενοι
484 5688 707 5754 γνῶναι,
738 5689 833 5758 τὴν
866 5690 957 5742 ἐπὶ
986 5690 1077 5743 τοῦ
1108 5690 1243 5742 Θεοῦ
1276 5690 1581 5758 ἀδιαίρετον
1608 5689 1743 5741 διαί-

179 5793 347 5843 ρεσιν,
399 5778 489 5830 καὶ
523 5778 863 5848 διῃρημένην
892 5780 1085 5833 ἕνωσιν
1123 5780 1413 5842 ἀκούοντες
1442 5782 1597 5849 ἡμῶν
1650 5779 1733 5830 λε-

184 5873 377 5938 γόντων
409 5873 716 5946 συμρὼνως
757 5876 865 5937 τοῖς
905 5875 1098 5943 ἁγίοις,
1137 5876 1217 5928 ὅτι
1252 5876 1342 5928 τοῦ
1378 5877 1509 5929 Θεοῦ
1552 5876 1609 5928 τὸ
1641 5879 1739 5947 μέν

1850 4683 2232 4749 cogitationes,
2277 4694 2331 4737 et
2382 4687 2804 4753 cogitationibus
2853 4702 3127 4755 quemque
3186 4698 3433 4741 nostrum

1845 4769 1953 4838 jam
1996 4790 2138 4825 nunc
2173 4774 2488 4843 imperare?
2529 4792 2707 4829 nonne
2739 4779 2987 4830 irridebit
3022 4789 3073 4830 et
3108 4777 3434 4842 clatnitabit,

1848 4864 2188 4930 exiirobrans
2225 4867 2381 4919 nobis
2410 4867 2551 4934 quod
2586 4870 2695 4920 duo
2726 4868 2807 4921 vel
2845 4870 3027 4936 plures
3056 4871 3303 4923 dieanms
3336 4872 3435 4922 ho-

1846 4954 1975 5006 mini
2002 4969 2127 5009 esse
2159 4957 2506 5021 intellectus?
2540 4958 2640 5023 Qui
2678 4976 2840 5027 porro
2876 4961 2925 5013 in
2977 4962 3287 5029 huiusmodi
3324 4979 3434 5016 non

1846 5056 2026 5112 petest
2062 5048 2269 5101 sentire
2299 5060 2391 5101 aut
2422 5051 2565 5118 loqui
2598 5053 2663 5104 de
2696 5053 2951 5107 lndivisis
3000 5064 3260 5122 tanquam
3296 5055 3435 5107 divi-

1844 5135 1941 5197 sis,
1976 5138 2259 5207 quomodo
2306 5140 2357 5193 in
2415 5141 2568 5194 Deo_.
2594 5142 2797 5210 poterit
2858 5144 3061 5211 aliquid
3102 5148 3206 5197 tale
3243 5148 3427 5200 dicere

1845 5237 1935 5277 aut
1966 5228 2228 5281 discere?
2290 5230 2343 5283 ln
2390 5248 2454 5285 co
2491 5233 2634 5286 enim
2670 5236 2857 5288 multa:
2889 5247 3015 5289 sunt.
3065 5247 3119 5289 et
3175 5238 3432 5293 dicuntur

1845 5318 2083 5371 uniones
2116 5331 2170 5372 et
2200 5322 2520 5387 divisiones,
2548 5324 2704 5390 juxta
2741 5311 3052 5395 theologos;
3078 5332 3171 5381 sed
3203 5330 3431 5384 uniones

1845 5407 2213 5464 divisionibus
2267 5422 2530 5478 prfestant
2577 5423 2633 5467 et
2672 5416 3032 5481 antecedunt,
3090 5434 3270 5488 neque
3329 5423 3429 5477 has

1845 5500 2139 5566 tollentes;
2167 5520 2345 5571 neque
2370 5507 2448 5559 ab
2485 5507 2570 5560 his
2608 5510 2736 5577 ipsie
2774 5509 3091 5565 nuilateuus
3123 5514 3416 5581 impeditae.

1846 5590 1987 5657 Ergo
2048 5592 2389 5662 adverarii,
2449 5599 2539 5666 qui
2603 5615 2708 5653 non
2768 5611 2999 5667 possunt
3072 5586 3411 5655 neclvalent

1846 5686 2224 5752 intelligerein
2264 5689 2371 5743 Deo
2402 5690 2692 5745 indivisam
2735 5693 3055 5746 divisionem
3091 5705 3145 5748 et
3196 5696 3430 5750 divisam

1843 5778 2121 5840 unionem,
2192 5796 2313 5832 ('tltll
2361 5800 2459 5835 nos
2512 5785 2739 5837 audiunt
2768 5800 3012 5840 consone
3059 5789 3266 5841 sanctis
3330 5790 3405 5839 di-

1842 5886 2026 5930 centes
2090 5877 2141 5929 in
2175 5878 2282 5931 Deo
2313 5878 2451 5933 aliud
2500 5894 2618 5935 esse
2662 5881 2926 5937 nescihile
2956 5889 3019 5955 et
3043 5884 3184 5938 aliud
3220 5881 3412 5935 Scibile
