  <div class='ocr_page' id='page_1' title='image "/cluster/home/n/w/nwhite01/storage/ocr_20150623/150/pst.000005714704/640.png"; bbox 0 0 4106 6328; ppageno 0'>
   <div class='ocr_carea' id='block_1_1' title="bbox 155 498 301 559">
    <p class='ocr_par' dir='ltr' id='par_1_1' title="bbox 155 498 301 559">
     <span class='ocr_line' id='line_1_1' title="bbox 155 498 301 559; baseline 0.007 -1"><span class='ocrx_word' id='word_1_1' title='bbox 155 498 301 559; x_wconf 80' lang='grc'><strong>1181</strong></span> 
     </span>
    </p>
   </div>
   <div class='ocr_carea' id='block_1_2' title="bbox 1083 499 2527 577">
    <p class='ocr_par' dir='ltr' id='par_1_2' title="bbox 1083 499 2527 577">
     <span class='ocr_line' id='line_1_2' title="bbox 1083 499 2527 577; baseline -0.001 -15"><span class='ocrx_word' id='word_1_2' title='bbox 1083 508 1355 568; x_wconf 74' lang='lat' dir='ltr'><strong>CAPITA</strong></span> <span class='ocrx_word' id='word_1_3' title='bbox 1420 499 1772 577; x_wconf 73' lang='lat' dir='ltr'><strong>PHYSICA,</strong></span> <span class='ocrx_word' id='word_1_4' title='bbox 1814 501 2328 563; x_wconf 69' lang='lat' dir='ltr'><strong>THEOLOGICA.</strong></span> <span class='ocrx_word' id='word_1_5' title='bbox 2364 503 2527 562; x_wconf 84' lang='lat' dir='ltr'><strong>ETC.</strong></span> 
     </span>
    </p>
   </div>
   <div class='ocr_carea' id='block_1_3' title="bbox 3291 491 3433 561">
    <p class='ocr_par' dir='ltr' id='par_1_3' title="bbox 3291 491 3433 561">
     <span class='ocr_line' id='line_1_3' title="bbox 3291 491 3433 561; baseline -0.042 0"><span class='ocrx_word' id='word_1_6' title='bbox 3291 491 3433 561; x_wconf 69' lang='grc' dir='ltr'><strong>11δῖ</strong></span> 
     </span>
    </p>
   </div>
   <div class='ocr_carea' id='block_1_4' title="bbox 138 605 1753 683">
    <p class='ocr_par' dir='ltr' id='par_1_4' title="bbox 138 605 1747 683">
     <span class='ocr_line' id='line_1_4' title="bbox 138 605 1747 683; baseline -0.004 -14"><span class='ocrx_word' id='word_1_7' title='bbox 138 670 139 673; x_wconf 37' lang='grc' dir='ltr'><strong>η</strong></span> <span class='ocrx_word' id='word_1_8' title='bbox 167 607 461 675; x_wconf 62' lang='grc' dir='ltr'>μεγέθους</span> <span class='ocrx_word' id='word_1_9' title='bbox 480 605 574 659; x_wconf 49' lang='lat' dir='ltr'><strong>uti</strong></span> <span class='ocrx_word' id='word_1_10' title='bbox 606 606 870 674; x_wconf 63' lang='grc' dir='ltr'>καλλονῆς</span> <span class='ocrx_word' id='word_1_11' title='bbox 899 608 1006 661; x_wconf 80' lang='grc' dir='ltr'><strong>τῶν</strong></span> <span class='ocrx_word' id='word_1_12' title='bbox 1044 615 1381 683; x_wconf 75' lang='grc' dir='ltr'>κτισμάτων,</span> <span class='ocrx_word' id='word_1_13' title='bbox 1410 612 1689 679; x_wconf 76' lang='grc' dir='ltr'><strong>ἀναλόγως</strong></span> <span class='ocrx_word' id='word_1_14' title='bbox 1718 614 1747 662; x_wconf 75' lang='grc' dir='ltr'>ὀ</span> 
     </span>
    </p>
   </div>
   <div class='ocr_carea' id='block_1_5' title="bbox 1853 605 3429 683">
    <p class='ocr_par' dir='ltr' id='par_1_5' title="bbox 1853 610 3429 683">
     <span class='ocr_line' id='line_1_5' title="bbox 1853 610 3429 683; baseline 0 -15"><span class='ocrx_word' id='word_1_15' title='bbox 1853 626 1935 669; x_wconf 90' lang='lat' dir='ltr'><strong>ter</strong></span> <span class='ocrx_word' id='word_1_16' title='bbox 2016 625 2394 670; x_wconf 82' lang='lat' dir='ltr'><strong>creaturarum</strong></span> <span class='ocrx_word' id='word_1_17' title='bbox 2480 610 2836 683; x_wconf 77' lang='lat' dir='ltr'><strong>magnitudini</strong></span> <span class='ocrx_word' id='word_1_18' title='bbox 2907 621 2961 667; x_wconf 93' lang='lat' dir='ltr'><strong>et</strong></span> <span class='ocrx_word' id='word_1_19' title='bbox 3028 612 3429 679; x_wconf 74' lang='lat' dir='ltr'><strong>pulchritudini</strong></span> 
     </span>
    </p>
   </div>
   <div class='ocr_carea' id='block_1_6' title="bbox 164 705 1737 784">
    <p class='ocr_par' dir='ltr' id='par_1_6' title="bbox 164 705 1737 784">
     <span class='ocr_line' id='line_1_6' title="bbox 164 705 1737 784; baseline 0.01 -28"><span class='ocrx_word' id='word_1_20' title='bbox 164 706 555 775; x_wconf 75' lang='grc' dir='ltr'>γενεσιουργδς</span> <span class='ocrx_word' id='word_1_21' title='bbox 588 705 892 776; x_wconf 77' lang='grc' dir='ltr'><strong>θεωρεῖται.</strong></span> <span class='ocrx_word' id='word_1_22' title='bbox 943 710 1051 763; x_wconf 73' lang='grc' dir='ltr'><strong>Καὶ</strong></span> <span class='ocrx_word' id='word_1_23' title='bbox 1099 713 1442 781; x_wconf 83' lang='grc' dir='ltr'>Δημιουργδν</span> <span class='ocrx_word' id='word_1_24' title='bbox 1498 716 1597 784; x_wconf 82' lang='grc' dir='ltr'>μὲν</span> <span class='ocrx_word' id='word_1_25' title='bbox 1646 716 1737 771; x_wconf 78' lang='grc' dir='ltr'><strong>τὸν</strong></span> 
     </span>
    </p>
   </div>
   <div class='ocr_carea' id='block_1_7' title="bbox 165 796 1746 877">
    <p class='ocr_par' dir='ltr' id='par_1_7' title="bbox 165 796 1746 877">
     <span class='ocr_line' id='line_1_7' title="bbox 165 796 1746 877; baseline 0.008 -28"><span class='ocrx_word' id='word_1_26' title='bbox 165 796 413 867; x_wconf 79' lang='grc' dir='ltr'>Ποιητὴν</span> <span class='ocrx_word' id='word_1_27' title='bbox 438 797 919 867; x_wconf 77' lang='grc' dir='ltr'><strong>προσαγορεύομεν</strong></span> <span class='ocrx_word' id='word_1_28' title='bbox 941 815 956 830; x_wconf 70' lang='grc' dir='ltr'><strong>ο</strong></span> <span class='ocrx_word' id='word_1_29' title='bbox 996 801 1220 855; x_wconf 77' lang='grc' dir='ltr'>δυνατὸν</span> <span class='ocrx_word' id='word_1_30' title='bbox 1265 804 1344 866; x_wconf 82' lang='grc' dir='ltr'>δὲ,</span> <span class='ocrx_word' id='word_1_31' title='bbox 1449 807 1746 877; x_wconf 74' lang='grc' dir='ltr'><strong>ἐξήρκεσεν</strong></span> 
     </span>
    </p>
   </div>
   <div class='ocr_carea' id='block_1_8' title="bbox 162 884 1743 963">
    <p class='ocr_par' dir='ltr' id='par_1_8' title="bbox 162 884 1743 963">
     <span class='ocr_line' id='line_1_8' title="bbox 162 884 1743 963; baseline 0.011 -30"><span class='ocrx_word' id='word_1_32' title='bbox 162 886 200 953; x_wconf 86' lang='grc' dir='ltr'>ἡ</span> <span class='ocrx_word' id='word_1_33' title='bbox 232 884 481 952; x_wconf 81' lang='grc' dir='ltr'>δύναμις,</span> <span class='ocrx_word' id='word_1_34' title='bbox 505 885 692 937; x_wconf 80' lang='grc' dir='ltr'>οὐσίαν</span> <span class='ocrx_word' id='word_1_35' title='bbox 714 888 936 955; x_wconf 84' lang='grc' dir='ltr'>ποιῆσαι</span> <span class='ocrx_word' id='word_1_36' title='bbox 956 890 1053 958; x_wconf 87' lang='grc' dir='ltr'><strong>τὴν</strong></span> <span class='ocrx_word' id='word_1_37' title='bbox 1076 890 1329 961; x_wconf 75' lang='grc' dir='ltr'>βούλησιν</span> <span class='ocrx_word' id='word_1_38' title='bbox 1347 909 1362 923; x_wconf 73' lang='grc'>⁸</span> <span class='ocrx_word' id='word_1_39' title='bbox 1396 897 1487 947; x_wconf 78' lang='grc' dir='ltr'>καὶ</span> <span class='ocrx_word' id='word_1_40' title='bbox 1512 897 1743 963; x_wconf 85' lang='grc' dir='ltr'>δίκαιον,</span> 
     </span>
    </p>
   </div>
   <div class='ocr_carea' id='block_1_9' title="bbox 162 974 1742 1060">
    <p class='ocr_par' dir='ltr' id='par_1_9' title="bbox 162 974 1742 1060">
     <span class='ocr_line' id='line_1_9' title="bbox 162 974 1742 1060; baseline 0.011 -36"><span class='ocrx_word' id='word_1_41' title='bbox 162 974 250 1035; x_wconf 82' lang='grc' dir='ltr'><strong>ὡς</strong></span> <span class='ocrx_word' id='word_1_42' title='bbox 290 974 586 1028; x_wconf 79' lang='grc' dir='ltr'><strong>ἀδέκαστον</strong></span> <span class='ocrx_word' id='word_1_43' title='bbox 623 978 835 1045; x_wconf 88' lang='grc' dir='ltr'>κριτήν.</span> <span class='ocrx_word' id='word_1_44' title='bbox 882 979 1041 1031; x_wconf 74' lang='grc' dir='ltr'>Ἀλλὰ</span> <span class='ocrx_word' id='word_1_45' title='bbox 1088 983 1182 1034; x_wconf 80' lang='grc' dir='ltr'><strong>καὶ</strong></span> <span class='ocrx_word' id='word_1_46' title='bbox 1216 982 1313 1053; x_wconf 79' lang='grc' dir='ltr'>τὴν</span> <span class='ocrx_word' id='word_1_47' title='bbox 1358 987 1504 1052; x_wconf 83' lang='grc' dir='ltr'><strong>Θεὸς</strong></span> <span class='ocrx_word' id='word_1_48' title='bbox 1539 989 1742 1060; x_wconf 84' lang='grc' dir='ltr'>φωνὴν,</span> 
     </span>
    </p>
   </div>
   <div class='ocr_carea' id='block_1_10' title="bbox 164 1066 1745 1145">
    <p class='ocr_par' dir='ltr' id='par_1_10' title="bbox 164 1066 1745 1145">
     <span class='ocr_line' id='line_1_10' title="bbox 164 1066 1745 1145; baseline 0.011 -29"><span class='ocrx_word' id='word_1_49' title='bbox 164 1066 240 1116; x_wconf 82' lang='grc' dir='ltr'><strong>ἐκ</strong></span> <span class='ocrx_word' id='word_1_50' title='bbox 270 1066 370 1134; x_wconf 80' lang='grc' dir='ltr'>τῆς</span> <span class='ocrx_word' id='word_1_51' title='bbox 408 1069 711 1135; x_wconf 83' lang='grc' dir='ltr'>ἐποπτικῆς</span> <span class='ocrx_word' id='word_1_52' title='bbox 757 1071 1036 1140; x_wconf 77' lang='grc' dir='ltr'><strong>ἐνεργείας</strong></span> <span class='ocrx_word' id='word_1_53' title='bbox 1065 1078 1467 1145; x_wconf 80' lang='grc' dir='ltr'><strong>κεκρατηκέναι</strong></span> <span class='ocrx_word' id='word_1_54' title='bbox 1514 1083 1745 1135; x_wconf 81' lang='grc' dir='ltr'>κατελα-</span> 
     </span>
    </p>
   </div>
   <div class='ocr_carea' id='block_1_11' title="bbox 163 1153 1747 1241">
    <p class='ocr_par' dir='ltr' id='par_1_11' title="bbox 163 1153 1747 1241">
     <span class='ocr_line' id='line_1_11' title="bbox 163 1153 1747 1241; baseline 0.014 -37"><span class='ocrx_word' id='word_1_55' title='bbox 163 1153 404 1223; x_wconf 76' lang='grc' dir='ltr'>ϐόμεθα.</span> <span class='ocrx_word' id='word_1_56' title='bbox 428 1156 589 1209; x_wconf 82' lang='grc' dir='ltr'>Ὥστε</span> <span class='ocrx_word' id='word_1_57' title='bbox 615 1158 710 1211; x_wconf 82' lang='grc' dir='ltr'>καὶ</span> <span class='ocrx_word' id='word_1_58' title='bbox 729 1159 816 1211; x_wconf 76' lang='grc' dir='ltr'>διὰ</span> <span class='ocrx_word' id='word_1_59' title='bbox 840 1162 1030 1215; x_wconf 81' lang='grc' dir='ltr'>τούτου</span> <span class='ocrx_word' id='word_1_60' title='bbox 1066 1167 1300 1235; x_wconf 77' lang='grc' dir='ltr'>μερικὴν</span> <span class='ocrx_word' id='word_1_61' title='bbox 1326 1184 1445 1222; x_wconf 88' lang='grc' dir='ltr'>τινα</span> <span class='ocrx_word' id='word_1_62' title='bbox 1471 1173 1568 1241; x_wconf 80' lang='grc' dir='ltr'><strong>τῆς</strong></span> <span class='ocrx_word' id='word_1_63' title='bbox 1597 1173 1747 1235; x_wconf 86' lang='grc' dir='ltr'>θείας</span> 
     </span>
    </p>
   </div>
   <div class='ocr_carea' id='block_1_12' title="bbox 164 1244 1747 1331">
    <p class='ocr_par' dir='ltr' id='par_1_12' title="bbox 164 1244 1747 1331">
     <span class='ocr_line' id='line_1_12' title="bbox 164 1244 1747 1331; baseline 0.014 -36"><span class='ocrx_word' id='word_1_64' title='bbox 164 1244 390 1311; x_wconf 79' lang='grc' dir='ltr'>φύσεως</span> <span class='ocrx_word' id='word_1_65' title='bbox 422 1248 705 1315; x_wconf 77' lang='grc' dir='ltr'><strong>ἐνέργειαν</strong></span> <span class='ocrx_word' id='word_1_66' title='bbox 741 1250 1095 1321; x_wconf 84' lang='grc' dir='ltr'>διδαχθέντες,</span> <span class='ocrx_word' id='word_1_67' title='bbox 1130 1256 1230 1325; x_wconf 82' lang='grc' dir='ltr'><strong>τῆς</strong></span> <span class='ocrx_word' id='word_1_68' title='bbox 1259 1258 1447 1327; x_wconf 78' lang='grc' dir='ltr'>οὐσίας</span> <span class='ocrx_word' id='word_1_69' title='bbox 1485 1262 1655 1331; x_wconf 81' lang='grc' dir='ltr'>αὐτῆς</span> <span class='ocrx_word' id='word_1_70' title='bbox 1689 1268 1747 1317; x_wconf 88' lang='grc' dir='ltr'>ἐν</span> 
     </span>
    </p>
   </div>
   <div class='ocr_carea' id='block_1_13' title="bbox 164 1334 1602 1420">
    <p class='ocr_par' dir='ltr' id='par_1_13' title="bbox 164 1334 1602 1420">
     <span class='ocr_line' id='line_1_13' title="bbox 164 1334 1602 1420; baseline 0.013 -32"><span class='ocrx_word' id='word_1_71' title='bbox 164 1335 425 1403; x_wconf 68' lang='grc' dir='ltr'>περινοίᾳ.</span> <span class='ocrx_word' id='word_1_72' title='bbox 453 1336 542 1388; x_wconf 76' lang='grc' dir='ltr'>διὰ</span> <span class='ocrx_word' id='word_1_73' title='bbox 569 1338 670 1406; x_wconf 83' lang='grc' dir='ltr'><strong>τῆς</strong></span> <span class='ocrx_word' id='word_1_74' title='bbox 694 1344 880 1411; x_wconf 81' lang='grc' dir='ltr'>φωνῆς</span> <span class='ocrx_word' id='word_1_75' title='bbox 914 1334 1118 1413; x_wconf 86' lang='grc' dir='ltr'>ταύτης</span> <span class='ocrx_word' id='word_1_76' title='bbox 1151 1344 1251 1400; x_wconf 78' lang='grc' dir='ltr'><strong>οὐκ</strong></span> <span class='ocrx_word' id='word_1_77' title='bbox 1281 1351 1602 1420; x_wconf 88' lang='grc' dir='ltr'>ἐγενόμεθα.</span> 
     </span>
    </p>
   </div>
   <div class='ocr_carea' id='block_1_14' title="bbox 247 1429 1749 1509">
    <p class='ocr_par' dir='ltr' id='par_1_14' title="bbox 247 1429 1749 1509">
     <span class='ocr_line' id='line_1_14' title="bbox 247 1429 1749 1509; baseline 0.015 -32"><span class='ocrx_word' id='word_1_78' title='bbox 247 1433 352 1480; x_wconf 69' lang='grc' dir='ltr'>πεν.</span> <span class='ocrx_word' id='word_1_79' title='bbox 384 1429 662 1493; x_wconf 88' lang='grc' dir='ltr'>Διονύσιος</span> <span class='ocrx_word' id='word_1_80' title='bbox 683 1434 711 1484; x_wconf 89' lang='grc' dir='ltr'><strong>ό</strong></span> <span class='ocrx_word' id='word_1_81' title='bbox 742 1429 1158 1507; x_wconf 84' lang='grc' dir='ltr'>Ἀρεοπαγίτης,</span> <span class='ocrx_word' id='word_1_82' title='bbox 1182 1442 1209 1492; x_wconf 86' lang='grc' dir='ltr'><strong>ό</strong></span> <span class='ocrx_word' id='word_1_83' title='bbox 1238 1444 1375 1509; x_wconf 86' lang='grc' dir='ltr'>μετὰ</span> <span class='ocrx_word' id='word_1_84' title='bbox 1401 1446 1530 1506; x_wconf 83' lang='grc' dir='ltr'>τοὺς</span> <span class='ocrx_word' id='word_1_85' title='bbox 1552 1445 1749 1499; x_wconf 85' lang='grc' dir='ltr'>θεσπε-</span> 
     </span>
    </p>
   </div>
   <div class='ocr_carea' id='block_1_15' title="bbox 165 1518 1749 1603">
    <p class='ocr_par' dir='ltr' id='par_1_15' title="bbox 165 1518 1749 1603">
     <span class='ocr_line' id='line_1_15' title="bbox 165 1518 1749 1603; baseline 0.013 -34"><span class='ocrx_word' id='word_1_86' title='bbox 165 1518 324 1581; x_wconf 90' lang='grc' dir='ltr'>σίους</span> <span class='ocrx_word' id='word_1_87' title='bbox 356 1521 685 1585; x_wconf 67' lang='grc' dir='ltr'>ὰποστόλοὺς</span> <span class='ocrx_word' id='word_1_88' title='bbox 738 1524 1071 1593; x_wconf 78' lang='grc' dir='ltr'>ἐξοχώτατος</span> <span class='ocrx_word' id='word_1_89' title='bbox 1117 1530 1176 1581; x_wconf 83' lang='grc' dir='ltr'><strong>ἐν</strong></span> <span class='ocrx_word' id='word_1_90' title='bbox 1203 1530 1492 1599; x_wconf 77' lang='grc' dir='ltr'><strong>θεολόγοις,</strong></span> <span class='ocrx_word' id='word_1_91' title='bbox 1527 1538 1663 1603; x_wconf 76' lang='grc' dir='ltr'>μετὰ</span> <span class='ocrx_word' id='word_1_92' title='bbox 1689 1539 1749 1588; x_wconf 73' lang='grc' dir='ltr'>τὸ</span> 
     </span>
    </p>
   </div>
   <div class='ocr_carea' id='block_1_16' title="bbox 163 1609 1747 1695">
    <p class='ocr_par' dir='ltr' id='par_1_16' title="bbox 163 1609 1747 1687">
     <span class='ocr_line' id='line_1_16' title="bbox 163 1609 1747 1687; baseline 0.012 -27"><span class='ocrx_word' id='word_1_93' title='bbox 163 1609 554 1681; x_wconf 75' lang='grc' dir='ltr'>διευκρινῆσαι</span> <span class='ocrx_word' id='word_1_94' title='bbox 604 1613 703 1684; x_wconf 79' lang='grc' dir='ltr'>τὴν</span> <span class='ocrx_word' id='word_1_95' title='bbox 752 1615 893 1667; x_wconf 80' lang='grc' dir='ltr'>κατὰ</span> <span class='ocrx_word' id='word_1_96' title='bbox 944 1617 1043 1679; x_wconf 84' lang='grc' dir='ltr'>τὰς</span> <span class='ocrx_word' id='word_1_97' title='bbox 1094 1620 1421 1687; x_wconf 78' lang='grc' dir='ltr'>ὑποστάσεις</span> <span class='ocrx_word' id='word_1_98' title='bbox 1468 1625 1562 1677; x_wconf 78' lang='grc' dir='ltr'><strong>τοῦ</strong></span> <span class='ocrx_word' id='word_1_99' title='bbox 1614 1626 1747 1678; x_wconf 81' lang='grc' dir='ltr'>Θεοῦ</span> 
     </span>
    </p>
   </div>
   <div class='ocr_carea' id='block_1_17' title="bbox 162 1701 1747 1791">
    <p class='ocr_par' dir='ltr' id='par_1_17' title="bbox 162 1701 1747 1791">
     <span class='ocr_line' id='line_1_17' title="bbox 162 1701 1747 1791; baseline 0.011 -36"><span class='ocrx_word' id='word_1_100' title='bbox 162 1701 479 1774; x_wconf 82' lang='grc' dir='ltr'>διάκρισιν,</span> <span class='ocrx_word' id='word_1_101' title='bbox 515 1704 710 1775; x_wconf 82' lang='grc' dir='ltr'>φησίν·</span> <span class='ocrx_word' id='word_1_102' title='bbox 744 1725 764 1758; x_wconf 81' lang='lat' dir='ltr'><strong>t</strong></span> <span class='ocrx_word' id='word_1_103' title='bbox 785 1709 846 1760; x_wconf 85' lang='grc' dir='ltr'>Εί</span> <span class='ocrx_word' id='word_1_104' title='bbox 873 1709 929 1762; x_wconf 83' lang='grc' dir='ltr'>δὲ</span> <span class='ocrx_word' id='word_1_105' title='bbox 963 1712 1055 1764; x_wconf 78' lang='grc' dir='ltr'>καὶ</span> <span class='ocrx_word' id='word_1_106' title='bbox 1088 1712 1204 1765; x_wconf 87' lang='grc' dir='ltr'>θεία</span> <span class='ocrx_word' id='word_1_107' title='bbox 1227 1713 1495 1784; x_wconf 84' lang='grc' dir='ltr'>διάκρισίς</span> <span class='ocrx_word' id='word_1_108' title='bbox 1527 1720 1675 1772; x_wconf 84' lang='grc' dir='ltr'>ἐστιν</span> <span class='ocrx_word' id='word_1_109' title='bbox 1714 1722 1747 1791; x_wconf 85' lang='grc' dir='ltr'>ή</span> 
     </span>
    </p>
   </div>
   <div class='ocr_carea' id='block_1_18' title="bbox 164 1795 1750 1881">
    <p class='ocr_par' dir='ltr' id='par_1_18' title="bbox 164 1795 1750 1881">
     <span class='ocr_line' id='line_1_18' title="bbox 164 1795 1750 1881; baseline 0.009 -35"><span class='ocrx_word' id='word_1_110' title='bbox 164 1795 566 1865; x_wconf 80' lang='grc' dir='ltr'>ἁγαθοπρεπὴς</span> <span class='ocrx_word' id='word_1_111' title='bbox 600 1800 845 1867; x_wconf 83' lang='grc' dir='ltr'>πρόοδος,</span> <span class='ocrx_word' id='word_1_112' title='bbox 870 1802 967 1870; x_wconf 80' lang='grc' dir='ltr'>τῆς</span> <span class='ocrx_word' id='word_1_113' title='bbox 996 1802 1243 1866; x_wconf 86' lang='grc' dir='ltr'>ἐνὼσεως</span> <span class='ocrx_word' id='word_1_114' title='bbox 1270 1810 1368 1877; x_wconf 77' lang='grc' dir='ltr'>τῆς</span> <span class='ocrx_word' id='word_1_115' title='bbox 1400 1808 1550 1871; x_wconf 82' lang='grc' dir='ltr'>Θείας</span> <span class='ocrx_word' id='word_1_116' title='bbox 1582 1811 1750 1881; x_wconf 85' lang='grc' dir='ltr'>ὑπερ-</span> 
     </span>
    </p>
   </div>
   <div class='ocr_carea' id='block_1_19' title="bbox 162 1888 1747 1969">
    <p class='ocr_par' dir='ltr' id='par_1_19' title="bbox 162 1888 1747 1969">
     <span class='ocr_line' id='line_1_19' title="bbox 162 1888 1747 1969; baseline 0.007 -29"><span class='ocrx_word' id='word_1_117' title='bbox 162 1888 467 1969; x_wconf 66' lang='grc' dir='ltr'>ηνωμινως</span> <span class='ocrx_word' id='word_1_118' title='bbox 522 1891 722 1961; x_wconf 82' lang='grc' dir='ltr'>ἑαυτὴν</span> <span class='ocrx_word' id='word_1_119' title='bbox 775 1894 1072 1967; x_wconf 85' lang='grc' dir='ltr'>άγαθότητι</span> <span class='ocrx_word' id='word_1_120' title='bbox 1123 1896 1501 1969; x_wconf 77' lang='grc' dir='ltr'>πληθυνούσης</span> <span class='ocrx_word' id='word_1_121' title='bbox 1547 1918 1607 1953; x_wconf 88' lang='grc' dir='ltr'><strong>τε</strong></span> <span class='ocrx_word' id='word_1_122' title='bbox 1656 1903 1747 1953; x_wconf 75' lang='grc' dir='ltr'>καὶ</span> 
     </span>
    </p>
   </div>
   <div class='ocr_carea' id='block_1_20' title="bbox 1848 706 3425 776">
    <p class='ocr_par' dir='ltr' id='par_1_20' title="bbox 1848 706 3425 776">
     <span class='ocr_line' id='line_1_20' title="bbox 1848 706 3425 776; baseline -0.001 -17"><span class='ocrx_word' id='word_1_123' title='bbox 1848 709 2153 776; x_wconf 88' lang='lat' dir='ltr'><strong>concipitur</strong></span> <span class='ocrx_word' id='word_1_124' title='bbox 2180 718 2371 761; x_wconf 82' lang='lat' dir='ltr'><strong>auctor</strong></span> <span class='ocrx_word' id='word_1_125' title='bbox 2430 716 2653 759; x_wconf 65' lang='lat' dir='ltr'><strong>naturae.</strong></span> <span class='ocrx_word' id='word_1_126' title='bbox 2708 706 2774 760; x_wconf 84' lang='lat' dir='ltr'><strong>Et</strong></span> <span class='ocrx_word' id='word_1_127' title='bbox 2830 707 3141 761; x_wconf 64' lang='lat' dir='ltr'><strong>Creatorem</strong></span> <span class='ocrx_word' id='word_1_128' title='bbox 3207 708 3425 771; x_wconf 83' lang='lat' dir='ltr'><strong>quidem</strong></span> 
     </span>
    </p>
   </div>
   <div class='ocr_carea' id='block_1_21' title="bbox 1845 794 3430 864">
    <p class='ocr_par' dir='ltr' id='par_1_21' title="bbox 1845 794 3430 864">
     <span class='ocr_line' id='line_1_21' title="bbox 1845 794 3430 864; baseline 0.001 -16"><span class='ocrx_word' id='word_1_129' title='bbox 1845 794 2107 851; x_wconf 75' lang='lat' dir='ltr'><strong>factorem</strong></span> <span class='ocrx_word' id='word_1_130' title='bbox 2165 813 2442 861; x_wconf 80' lang='lat' dir='ltr'><strong>vocamus;</strong></span> <span class='ocrx_word' id='word_1_131' title='bbox 2509 808 2779 863; x_wconf 79' lang='lat' dir='ltr'><strong>potentem</strong></span> <span class='ocrx_word' id='word_1_132' title='bbox 2829 794 3116 859; x_wconf 73' lang='lat' dir='ltr'><strong>ve’ro,&#39;cui</strong></span> <span class='ocrx_word' id='word_1_133' title='bbox 3188 806 3430 864; x_wconf 82' lang='lat' dir='ltr'><strong>poteSIas</strong></span> 
     </span>
    </p>
   </div>
   <div class='ocr_carea' id='block_1_22' title="bbox 1846 890 3432 958">
    <p class='ocr_par' dir='ltr' id='par_1_22' title="bbox 1846 890 3432 958">
     <span class='ocr_line' id='line_1_22' title="bbox 1846 890 3432 958; baseline -0.001 -15"><span class='ocrx_word' id='word_1_134' title='bbox 1846 892 2083 958; x_wconf 81' lang='lat' dir='ltr'><strong>suppetit</strong></span> <span class='ocrx_word' id='word_1_135' title='bbox 2113 890 2373 955; x_wconf 77' lang='lat' dir='ltr'><strong>quidquid</strong></span> <span class='ocrx_word' id='word_1_136' title='bbox 2408 891 2520 941; x_wconf 89' lang='lat' dir='ltr'><strong>vttlt</strong></span> <span class='ocrx_word' id='word_1_137' title='bbox 2572 890 2937 953; x_wconf 84' lang='lat' dir='ltr'><strong>producendi;</strong></span> <span class='ocrx_word' id='word_1_138' title='bbox 2972 898 3024 941; x_wconf 93' lang='lat' dir='ltr'><strong>et</strong></span> <span class='ocrx_word' id='word_1_139' title='bbox 3081 890 3308 958; x_wconf 84' lang='lat' dir='ltr'><strong>justum,</strong></span> <span class='ocrx_word' id='word_1_140' title='bbox 3369 898 3432 941; x_wconf 81' lang='grc' dir='ltr'><strong>ιιι</strong></span> 
     </span>
    </p>
   </div>
   <div class='ocr_carea' id='block_1_23' title="bbox 1845 961 3428 1049">
    <p class='ocr_par' dir='ltr' id='par_1_23' title="bbox 1845 961 3428 1049">
     <span class='ocr_line' id='line_1_23' title="bbox 1845 961 3428 1049; baseline -0.001 -15"><span class='ocrx_word' id='word_1_141' title='bbox 1845 979 2227 1048; x_wconf 86' lang='lat' dir='ltr'><strong>incorruptum</strong></span> <span class='ocrx_word' id='word_1_142' title='bbox 2269 982 2528 1049; x_wconf 83' lang='lat' dir='ltr'><strong>jutlicetn.</strong></span> <span class='ocrx_word' id='word_1_143' title='bbox 2559 981 2670 1033; x_wconf 90' lang='lat' dir='ltr'><strong>lmo</strong></span> <span class='ocrx_word' id='word_1_144' title='bbox 2700 996 2884 1034; x_wconf 80' lang='lat' dir='ltr'><strong>vocem</strong></span> <span class='ocrx_word' id='word_1_145' title='bbox 2926 980 3061 1033; x_wconf 82' lang='lat' dir='ltr'><strong>Deus</strong></span> <span class='ocrx_word' id='word_1_146' title='bbox 3124 998 3188 1031; x_wconf 79' lang='lat' dir='ltr'><strong>ex</strong></span> <span class='ocrx_word' id='word_1_147' title='bbox 3234 961 3428 1048; x_wconf 70' lang='lat' dir='ltr'><strong>opera-</strong></span> 
     </span>
    </p>
   </div>
   <div class='ocr_carea' id='block_1_24' title="bbox 1846 1073 3428 1142">
    <p class='ocr_par' dir='ltr' id='par_1_24' title="bbox 1846 1073 3428 1142">
     <span class='ocr_line' id='line_1_24' title="bbox 1846 1073 3428 1142; baseline 0.001 -17"><span class='ocrx_word' id='word_1_148' title='bbox 1846 1073 1992 1128; x_wconf 82' lang='lat' dir='ltr'><strong>tiOne</strong></span> <span class='ocrx_word' id='word_1_149' title='bbox 2025 1088 2131 1142; x_wconf 85' lang='lat' dir='ltr'><strong>qua</strong></span> <span class='ocrx_word' id='word_1_150' title='bbox 2165 1083 2354 1127; x_wconf 86' lang='lat' dir='ltr'><strong>cuncta</strong></span> <span class='ocrx_word' id='word_1_151' title='bbox 2401 1074 2658 1139; x_wconf 68' lang='lat' dir='ltr'><strong>pt‘l‘spicil</strong></span> <span class='ocrx_word' id='word_1_152' title='bbox 2680 1114 2693 1135; x_wconf 89' lang='lat'><strong>,</strong></span> <span class='ocrx_word' id='word_1_153' title='bbox 2736 1088 3073 1137; x_wconf 76' lang='lat' dir='ltr'><strong>assumptum</strong></span> <span class='ocrx_word' id='word_1_154' title='bbox 3106 1088 3233 1125; x_wconf 78' lang='lat' dir='ltr'><strong>csse</strong></span> <span class='ocrx_word' id='word_1_155' title='bbox 3268 1073 3428 1126; x_wconf 65' lang='lat' dir='ltr'><strong>intelo</strong></span> 
     </span>
    </p>
   </div>
   <div class='ocr_carea' id='block_1_25' title="bbox 1846 1162 3419 1236">
    <p class='ocr_par' dir='ltr' id='par_1_25' title="bbox 1846 1162 3419 1236">
     <span class='ocr_line' id='line_1_25' title="bbox 1846 1162 3419 1236; baseline 0.001 -21"><span class='ocrx_word' id='word_1_156' title='bbox 1846 1162 2082 1232; x_wconf 75' lang='lat' dir='ltr'><strong>ligimus.</strong></span> <span class='ocrx_word' id='word_1_157' title='bbox 2148 1162 2220 1216; x_wconf 86' lang='lat' dir='ltr'><strong>Ita</strong></span> <span class='ocrx_word' id='word_1_158' title='bbox 2274 1174 2329 1217; x_wconf 94' lang='lat' dir='ltr'><strong>ut</strong></span> <span class='ocrx_word' id='word_1_159' title='bbox 2376 1166 2537 1218; x_wconf 88' lang='lat' dir='ltr'><strong>etiam</strong></span> <span class='ocrx_word' id='word_1_160' title='bbox 2590 1164 2786 1217; x_wconf 82' lang='lat' dir='ltr'><strong>exinde</strong></span> <span class='ocrx_word' id='word_1_161' title='bbox 2822 1165 3419 1236; x_wconf 76' lang='lat' dir='ltr'><strong>partialemquamdam</strong></span> 
     </span>
    </p>
   </div>
   <div class='ocr_carea' id='block_1_26' title="bbox 1848 1254 3446 1327">
    <p class='ocr_par' dir='ltr' id='par_1_26' title="bbox 1848 1254 3446 1327">
     <span class='ocr_line' id='line_1_26' title="bbox 1848 1254 3446 1327; baseline 0.003 -20"><span class='ocrx_word' id='word_1_162' title='bbox 1848 1266 2057 1308; x_wconf 67' lang='lat' dir='ltr'><strong>naturae</strong></span> <span class='ocrx_word' id='word_1_163' title='bbox 2084 1256 2457 1323; x_wconf 82' lang='lat' dir='ltr'><strong>operationem</strong></span> <span class='ocrx_word' id='word_1_164' title='bbox 2496 1255 2697 1315; x_wconf 84' lang='lat' dir='ltr'><strong>cdocti,</strong></span> <span class='ocrx_word' id='word_1_165' title='bbox 2761 1254 3062 1310; x_wconf 78' lang='lat' dir='ltr'><strong>essentiam</strong></span> <span class='ocrx_word' id='word_1_166' title='bbox 3121 1256 3292 1323; x_wconf 83' lang='lat' dir='ltr'><strong>ipsam</strong></span> <span class='ocrx_word' id='word_1_167' title='bbox 3333 1257 3446 1327; x_wconf 70' lang='lat' dir='ltr'><strong>per&#39;</strong></span> 
     </span>
    </p>
   </div>
   <div class='ocr_carea' id='block_1_27' title="bbox 1846 1345 2815 1413">
    <p class='ocr_par' dir='ltr' id='par_1_27' title="bbox 1846 1345 2815 1413">
     <span class='ocr_line' id='line_1_27' title="bbox 1846 1345 2815 1413; baseline -0.004 -12"><span class='ocrx_word' id='word_1_168' title='bbox 1846 1345 1986 1401; x_wconf 81' lang='lat' dir='ltr'><strong>hanc</strong></span> <span class='ocrx_word' id='word_1_169' title='bbox 2024 1363 2209 1400; x_wconf 83' lang='lat' dir='ltr'><strong>vocem</strong></span> <span class='ocrx_word' id='word_1_170' title='bbox 2255 1361 2359 1401; x_wconf 92' lang='lat' dir='ltr'><strong>nou</strong></span> <span class='ocrx_word' id='word_1_171' title='bbox 2395 1348 2757 1413; x_wconf 72' lang='lat' dir='ltr'><strong>concipimus.</strong></span> <span class='ocrx_word' id='word_1_172' title='bbox 2798 1365 2815 1397; x_wconf 74' lang='grc' dir='ltr'><strong>ο</strong></span> 
     </span>
    </p>
   </div>
   <div class='ocr_carea' id='block_1_28' title="bbox 1917 1436 3431 1511">
    <p class='ocr_par' dir='ltr' id='par_1_28' title="bbox 1917 1436 3431 1511">
     <span class='ocr_line' id='line_1_28' title="bbox 1917 1436 3431 1511; baseline 0 -20"><span class='ocrx_word' id='word_1_173' title='bbox 1917 1436 2007 1491; x_wconf 86' lang='grc'><strong>85.</strong></span> <span class='ocrx_word' id='word_1_174' title='bbox 2050 1436 2330 1511; x_wconf 70' lang='lat' dir='ltr'><strong>Dionysius</strong></span> <span class='ocrx_word' id='word_1_175' title='bbox 2360 1438 2705 1504; x_wconf 76' lang='lat' dir='ltr'><strong>Areopagita,</strong></span> <span class='ocrx_word' id='word_1_176' title='bbox 2740 1446 2864 1505; x_wconf 85' lang='lat' dir='ltr'><strong>post</strong></span> <span class='ocrx_word' id='word_1_177' title='bbox 2891 1438 3158 1493; x_wconf 87' lang='lat' dir='ltr'><strong>divinitus</strong></span> <span class='ocrx_word' id='word_1_178' title='bbox 3187 1438 3431 1507; x_wconf 85' lang='lat' dir='ltr'><strong>inspira-</strong></span> 
     </span>
    </p>
   </div>
   <div class='ocr_carea' id='block_1_29' title="bbox 1845 1530 3429 1597">
    <p class='ocr_par' dir='ltr' id='par_1_29' title="bbox 1845 1530 3429 1597">
     <span class='ocr_line' id='line_1_29' title="bbox 1845 1530 3429 1597; baseline 0.003 -16"><span class='ocrx_word' id='word_1_179' title='bbox 1845 1536 1932 1581; x_wconf 89' lang='lat' dir='ltr'><strong>tos</strong></span> <span class='ocrx_word' id='word_1_180' title='bbox 1958 1530 2242 1597; x_wconf 76' lang='lat' dir='ltr'><strong>apostolos</strong></span> <span class='ocrx_word' id='word_1_181' title='bbox 2268 1530 2694 1584; x_wconf 79' lang='lat' dir='ltr'><strong>sublimissimus</strong></span> <span class='ocrx_word' id='word_1_182' title='bbox 2731 1532 3127 1596; x_wconf 68' lang='lat' dir='ltr'><strong>theologorum.</strong></span> <span class='ocrx_word' id='word_1_183' title='bbox 3164 1532 3297 1584; x_wconf 82' lang='lat' dir='ltr'><strong>bene</strong></span> <span class='ocrx_word' id='word_1_184' title='bbox 3314 1533 3429 1586; x_wconf 54' lang='lat' dir='ltr'><strong>disc</strong></span> 
     </span>
    </p>
   </div>
   <div class='ocr_carea' id='block_1_30' title="bbox 1845 1624 3428 1691">
    <p class='ocr_par' dir='ltr' id='par_1_30' title="bbox 1845 1624 3428 1691">
     <span class='ocr_line' id='line_1_30' title="bbox 1845 1624 3428 1691; baseline 0 -15"><span class='ocrx_word' id='word_1_185' title='bbox 1845 1632 1993 1676; x_wconf 83' lang='lat' dir='ltr'><strong>creta</strong></span> <span class='ocrx_word' id='word_1_186' title='bbox 2030 1637 2384 1690; x_wconf 83' lang='lat' dir='ltr'><strong>personarum</strong></span> <span class='ocrx_word' id='word_1_187' title='bbox 2455 1624 2544 1677; x_wconf 85' lang='lat' dir='ltr'><strong>Dei</strong></span> <span class='ocrx_word' id='word_1_188' title='bbox 2587 1625 2953 1683; x_wconf 77' lang='lat' dir='ltr'><strong>diatinctiune.</strong></span> <span class='ocrx_word' id='word_1_189' title='bbox 2978 1626 3090 1679; x_wconf 91' lang='lat' dir='ltr'><strong>ait:</strong></span> <span class='ocrx_word' id='word_1_190' title='bbox 3125 1643 3143 1676; x_wconf 83' lang='lat' dir='ltr'><strong>t</strong></span> <span class='ocrx_word' id='word_1_191' title='bbox 3182 1625 3428 1691; x_wconf 78' lang='lat' dir='ltr'><strong>Insuper.</strong></span> 
     </span>
    </p>
   </div>
   <div class='ocr_carea' id='block_1_31' title="bbox 1849 1712 3429 1781">
    <p class='ocr_par' dir='ltr' id='par_1_31' title="bbox 1849 1712 3429 1781">
     <span class='ocr_line' id='line_1_31' title="bbox 1849 1712 3429 1781; baseline 0.003 -18"><span class='ocrx_word' id='word_1_192' title='bbox 1849 1712 2030 1765; x_wconf 88' lang='lat' dir='ltr'><strong>divina</strong></span> <span class='ocrx_word' id='word_1_193' title='bbox 2072 1714 2352 1767; x_wconf 82' lang='lat' dir='ltr'><strong>distinctio</strong></span> <span class='ocrx_word' id='word_1_194' title='bbox 2383 1724 2467 1767; x_wconf 86' lang='lat' dir='ltr'><strong>est</strong></span> <span class='ocrx_word' id='word_1_195' title='bbox 2502 1730 2738 1780; x_wconf 75' lang='lat' dir='ltr'><strong>congrua</strong></span> <span class='ocrx_word' id='word_1_196' title='bbox 2788 1714 2913 1767; x_wconf 82' lang='lat' dir='ltr'><strong>boni</strong></span> <span class='ocrx_word' id='word_1_197' title='bbox 2956 1716 3260 1781; x_wconf 72' lang='lat' dir='ltr'><strong>processio,</strong></span> <span class='ocrx_word' id='word_1_198' title='bbox 3303 1731 3429 1767; x_wconf 89' lang='lat' dir='ltr'><strong>cum</strong></span> 
     </span>
    </p>
   </div>
   <div class='ocr_carea' id='block_1_32' title="bbox 1848 1805 3429 1874">
    <p class='ocr_par' dir='ltr' id='par_1_32' title="bbox 1848 1805 3429 1874">
     <span class='ocr_line' id='line_1_32' title="bbox 1848 1805 3429 1874; baseline 0.003 -19"><span class='ocrx_word' id='word_1_199' title='bbox 1848 1805 2034 1857; x_wconf 89' lang='lat' dir='ltr'><strong>unitas</strong></span> <span class='ocrx_word' id='word_1_200' title='bbox 2102 1805 2285 1859; x_wconf 86' lang='lat' dir='ltr'><strong>divina</strong></span> <span class='ocrx_word' id='word_1_201' title='bbox 2347 1810 2818 1874; x_wconf 78' lang='lat' dir='ltr'><strong>superentinonter</strong></span> <span class='ocrx_word' id='word_1_202' title='bbox 2872 1810 3105 1873; x_wconf 83' lang='lat' dir='ltr'><strong>seipsam</strong></span> <span class='ocrx_word' id='word_1_203' title='bbox 3182 1808 3429 1861; x_wconf 76' lang='lat' dir='ltr'><strong>bonitati:</strong></span> 
     </span>
    </p>
   </div>
   <div class='ocr_carea' id='block_1_33' title="bbox 1852 1896 3428 1965">
    <p class='ocr_par' dir='ltr' id='par_1_33' title="bbox 1852 1896 3428 1965">
     <span class='ocr_line' id='line_1_33' title="bbox 1852 1896 3428 1965; baseline 0.001 -18"><span class='ocrx_word' id='word_1_204' title='bbox 1852 1896 2202 1961; x_wconf 73' lang='lat' dir='ltr'><strong>multiplicem</strong></span> <span class='ocrx_word' id='word_1_205' title='bbox 2240 1897 2401 1949; x_wconf 83' lang='lat' dir='ltr'><strong>faciat</strong></span> <span class='ocrx_word' id='word_1_206' title='bbox 2436 1908 2490 1950; x_wconf 91' lang='lat' dir='ltr'><strong>et</strong></span> <span class='ocrx_word' id='word_1_207' title='bbox 2545 1898 2829 1965; x_wconf 74' lang='lat' dir='ltr'><strong>pluralem.</strong></span> <span class='ocrx_word' id='word_1_208' title='bbox 2872 1918 2890 1948; x_wconf 79' lang='grc' dir='ltr'><strong>ι</strong></span> <span class='ocrx_word' id='word_1_209' title='bbox 2928 1898 2993 1950; x_wconf 86' lang='grc' dir='ltr'>Ει</span> <span class='ocrx_word' id='word_1_210' title='bbox 3044 1898 3206 1965; x_wconf 86' lang='lat' dir='ltr'><strong>paulo</strong></span> <span class='ocrx_word' id='word_1_211' title='bbox 3264 1907 3379 1962; x_wconf 87' lang='lat' dir='ltr'><strong>post</strong></span> <span class='ocrx_word' id='word_1_212' title='bbox 3414 1914 3428 1948; x_wconf 87' lang='lat'><strong>:</strong></span> 
     </span>
    </p>
   </div>
   <div class='ocr_carea' id='block_1_34' title="bbox 164 1968 1753 2063">
    <p class='ocr_par' dir='ltr' id='par_1_34' title="bbox 164 1968 1749 2063">
     <span class='ocr_line' id='line_1_34' title="bbox 164 1968 1749 2063; baseline 0.011 -34"><span class='ocrx_word' id='word_1_213' title='bbox 164 1968 740 2052; x_wconf 80' lang='grc' dir='ltr'>πολυπλασίαζούσης.</span> <span class='ocrx_word' id='word_1_214' title='bbox 771 2003 789 2036; x_wconf 74' lang='grc' dir='ltr'><strong>ι</strong></span> <span class='ocrx_word' id='word_1_215' title='bbox 828 1985 933 2037; x_wconf 78' lang='grc' dir='ltr'><strong>Καὶ</strong></span> <span class='ocrx_word' id='word_1_216' title='bbox 973 1986 1111 2055; x_wconf 86' lang='grc' dir='ltr'>μετά</span> <span class='ocrx_word' id='word_1_217' title='bbox 1135 2003 1292 2040; x_wconf 78' lang='grc' dir='ltr'>τινα’</span> <span class='ocrx_word' id='word_1_218' title='bbox 1328 2006 1345 2039; x_wconf 83' lang='lat' dir='ltr'><strong>t</strong></span> <span class='ocrx_word' id='word_1_219' title='bbox 1376 1968 1658 2063; x_wconf 83' lang='grc' dir='ltr'>Διάκρισιν</span> <span class='ocrx_word' id='word_1_220' title='bbox 1691 1994 1749 2046; x_wconf 76' lang='grc' dir='ltr'>δὲ</span> 
     </span>
    </p>
   </div>
   <div class='ocr_carea' id='block_1_35' title="bbox 1853 1968 3429 2063">
    <p class='ocr_par' dir='ltr' id='par_1_35' title="bbox 1858 1986 3429 2043">
     <span class='ocr_line' id='line_1_35' title="bbox 1858 1986 3429 2043; baseline 0.001 -6"><span class='ocrx_word' id='word_1_221' title='bbox 1858 2003 1878 2037; x_wconf 78' lang='grc' dir='ltr'>ι</span> <span class='ocrx_word' id='word_1_222' title='bbox 1913 1986 2330 2043; x_wconf 73' lang='lat' dir='ltr'><strong>Distinet-imiimi</strong></span> <span class='ocrx_word' id='word_1_223' title='bbox 2364 1989 2596 2042; x_wconf 82' lang='lat' dir='ltr'><strong>divinam</strong></span> <span class='ocrx_word' id='word_1_224' title='bbox 2635 1990 2868 2043; x_wconf 84' lang='lat' dir='ltr'><strong>dicimus</strong></span> <span class='ocrx_word' id='word_1_225' title='bbox 2900 2006 3021 2043; x_wconf 75' lang='lat' dir='ltr'><strong>esse</strong></span> <span class='ocrx_word' id='word_1_226' title='bbox 3061 1990 3256 2041; x_wconf 73' lang='lat' dir='ltr'><strong>eximia</strong></span> <span class='ocrx_word' id='word_1_227' title='bbox 3305 1988 3429 2039; x_wconf 67' lang='lat' dir='ltr'><strong>boni</strong></span> 
     </span>
    </p>
   </div>
   <div class='ocr_carea' id='block_1_36' title="bbox 163 2068 1751 2154">
    <p class='ocr_par' dir='ltr' id='par_1_36' title="bbox 163 2068 1751 2154">
     <span class='ocr_line' id='line_1_36' title="bbox 163 2068 1751 2154; baseline 0.01 -30"><span class='ocrx_word' id='word_1_228' title='bbox 163 2070 326 2125; x_wconf 80' lang='grc' dir='ltr'>θείαν</span> <span class='ocrx_word' id='word_1_229' title='bbox 357 2068 495 2127; x_wconf 78' lang='grc' dir='ltr'>εἷναί</span> <span class='ocrx_word' id='word_1_230' title='bbox 536 2092 718 2144; x_wconf 80' lang='grc' dir='ltr'>φαμεν</span> <span class='ocrx_word' id='word_1_231' title='bbox 782 2078 884 2140; x_wconf 80' lang='grc' dir='ltr'>τὰς</span> <span class='ocrx_word' id='word_1_232' title='bbox 917 2078 1327 2148; x_wconf 85' lang='grc' dir='ltr'>ἁγαθοπρεπεῖς</span> <span class='ocrx_word' id='word_1_233' title='bbox 1358 2082 1458 2152; x_wconf 82' lang='grc' dir='ltr'><strong>τῆς</strong></span> <span class='ocrx_word' id='word_1_234' title='bbox 1491 2083 1751 2154; x_wconf 87' lang='grc' dir='ltr'>θεαρχίας</span> 
     </span>
    </p>
   </div>
   <div class='ocr_carea' id='block_1_37' title="bbox 163 2164 1748 2248">
    <p class='ocr_par' dir='ltr' id='par_1_37' title="bbox 163 2164 1748 2248">
     <span class='ocr_line' id='line_1_37' title="bbox 163 2164 1748 2248; baseline 0.008 -31"><span class='ocrx_word' id='word_1_235' title='bbox 163 2164 451 2234; x_wconf 81' lang='grc' dir='ltr'>προόδους.</span> <span class='ocrx_word' id='word_1_236' title='bbox 485 2168 812 2240; x_wconf 84' lang='grc' dir='ltr'>Δωρουμένη</span> <span class='ocrx_word' id='word_1_237' title='bbox 836 2172 945 2240; x_wconf 82' lang='grc' dir='ltr'>γὰρ</span> <span class='ocrx_word' id='word_1_238' title='bbox 978 2173 1111 2224; x_wconf 71' lang='grc' dir='ltr'>πᾶσι</span> <span class='ocrx_word' id='word_1_239' title='bbox 1155 2175 1265 2236; x_wconf 76' lang='grc' dir='ltr'>τοῖς</span> <span class='ocrx_word' id='word_1_240' title='bbox 1300 2172 1418 2227; x_wconf 78' lang='grc' dir='ltr'>οὖσι</span> <span class='ocrx_word' id='word_1_241' title='bbox 1452 2177 1544 2227; x_wconf 81' lang='grc' dir='ltr'>καὶ</span> <span class='ocrx_word' id='word_1_242' title='bbox 1578 2178 1748 2248; x_wconf 77' lang='grc' dir='ltr'>ὑπερο</span> 
     </span>
    </p>
   </div>
   <div class='ocr_carea' id='block_1_38' title="bbox 155 2258 1751 2339">
    <p class='ocr_par' dir='ltr' id='par_1_38' title="bbox 155 2258 1751 2339">
     <span class='ocr_line' id='line_1_38' title="bbox 155 2258 1751 2339; baseline 0.009 -31"><span class='ocrx_word' id='word_1_243' title='bbox 155 2258 371 2325; x_wconf 79' lang='grc' dir='ltr'>χέουσα</span> <span class='ocrx_word' id='word_1_244' title='bbox 398 2259 494 2321; x_wconf 86' lang='grc' dir='ltr'>τὰς</span> <span class='ocrx_word' id='word_1_245' title='bbox 532 2260 642 2313; x_wconf 88' lang='grc' dir='ltr'><strong>τῶν</strong></span> <span class='ocrx_word' id='word_1_246' title='bbox 671 2261 808 2314; x_wconf 81' lang='grc' dir='ltr'>ὅλων</span> <span class='ocrx_word' id='word_1_247' title='bbox 844 2263 1067 2329; x_wconf 78' lang='grc' dir='ltr'>ἀγαθῶν</span> <span class='ocrx_word' id='word_1_248' title='bbox 1106 2265 1414 2333; x_wconf 84' lang='grc' dir='ltr'>μετουσίας,</span> <span class='ocrx_word' id='word_1_249' title='bbox 1448 2269 1751 2339; x_wconf 79' lang='grc' dir='ltr'><strong>ήνωμένως</strong></span> 
     </span>
    </p>
   </div>
   <div class='ocr_carea' id='block_1_39' title="bbox 166 2349 1750 2423">
    <p class='ocr_par' dir='ltr' id='par_1_39' title="bbox 166 2349 1750 2423">
     <span class='ocr_line' id='line_1_39' title="bbox 166 2349 1750 2423; baseline 0.006 -21"><span class='ocrx_word' id='word_1_250' title='bbox 166 2349 276 2417; x_wconf 75' lang='grc' dir='ltr'><strong>μὲν</strong></span> <span class='ocrx_word' id='word_1_251' title='bbox 308 2351 668 2422; x_wconf 75' lang='grc' dir='ltr'>διακρίνεται,</span> <span class='ocrx_word' id='word_1_252' title='bbox 718 2352 1047 2423; x_wconf 81' lang='grc' dir='ltr'>πληθύνεται</span> <span class='ocrx_word' id='word_1_253' title='bbox 1092 2355 1148 2408; x_wconf 85' lang='grc' dir='ltr'>δὲ</span> <span class='ocrx_word' id='word_1_254' title='bbox 1188 2356 1382 2420; x_wconf 74' lang='grc' dir='ltr'>ἑνικῶς</span> <span class='ocrx_word' id='word_1_255' title='bbox 1406 2374 1420 2388; x_wconf 74' lang='grc'><strong><em>⁸</em></strong></span> <span class='ocrx_word' id='word_1_256' title='bbox 1450 2360 1543 2411; x_wconf 75' lang='grc' dir='ltr'>καὶ</span> <span class='ocrx_word' id='word_1_257' title='bbox 1585 2360 1750 2412; x_wconf 86' lang='grc' dir='ltr'>πολυ-</span> 
     </span>
    </p>
   </div>
   <div class='ocr_carea' id='block_1_40' title="bbox 164 2440 1754 2521">
    <p class='ocr_par' dir='ltr' id='par_1_40' title="bbox 164 2440 1754 2521">
     <span class='ocr_line' id='line_1_40' title="bbox 164 2440 1754 2521; baseline 0.008 -28"><span class='ocrx_word' id='word_1_258' title='bbox 164 2440 535 2506; x_wconf 82' lang='grc' dir='ltr'>πλασιάζεται</span> <span class='ocrx_word' id='word_1_259' title='bbox 586 2444 681 2496; x_wconf 80' lang='grc' dir='ltr'>τοῦ</span> <span class='ocrx_word' id='word_1_260' title='bbox 738 2444 856 2507; x_wconf 83' lang='grc' dir='ltr'>ἐνὸς</span> <span class='ocrx_word' id='word_1_261' title='bbox 903 2446 1333 2518; x_wconf 83' lang='grc' dir='ltr'>ἀνεκφοιτήτως.</span> <span class='ocrx_word' id='word_1_262' title='bbox 1381 2468 1400 2501; x_wconf 75' lang='grc' dir='ltr'><strong>ι</strong></span> <span class='ocrx_word' id='word_1_263' title='bbox 1458 2452 1568 2503; x_wconf 77' lang='grc' dir='ltr'><strong>Καὶ</strong></span> <span class='ocrx_word' id='word_1_264' title='bbox 1614 2454 1754 2521; x_wconf 89' lang='grc' dir='ltr'>μετά</span> 
     </span>
    </p>
   </div>
   <div class='ocr_carea' id='block_1_41' title="bbox 162 2532 1751 2612">
    <p class='ocr_par' dir='ltr' id='par_1_41' title="bbox 162 2532 1751 2612">
     <span class='ocr_line' id='line_1_41' title="bbox 162 2532 1751 2612; baseline 0.008 -31"><span class='ocrx_word' id='word_1_265' title='bbox 162 2548 296 2582; x_wconf 79' lang='grc' dir='ltr'>τινα</span> <span class='ocrx_word' id='word_1_266' title='bbox 315 2547 328 2559; x_wconf 91' lang='grc'><strong>·</strong></span> <span class='ocrx_word' id='word_1_267' title='bbox 368 2549 385 2583; x_wconf 82' lang='lat' dir='ltr'><strong>t</strong></span> <span class='ocrx_word' id='word_1_268' title='bbox 409 2532 626 2597; x_wconf 73' lang='lat' dir='ltr'><strong>Tat&#39;ttat;</strong></span> <span class='ocrx_word' id='word_1_269' title='bbox 657 2534 819 2605; x_wconf 81' lang='grc' dir='ltr'>ἡμεῖς</span> <span class='ocrx_word' id='word_1_270' title='bbox 842 2536 943 2600; x_wconf 82' lang='grc' dir='ltr'>τὰς</span> <span class='ocrx_word' id='word_1_271' title='bbox 984 2539 1166 2599; x_wconf 86' lang='grc' dir='ltr'>κοινὰς</span> <span class='ocrx_word' id='word_1_272' title='bbox 1215 2541 1310 2591; x_wconf 78' lang='grc' dir='ltr'>καὶ</span> <span class='ocrx_word' id='word_1_273' title='bbox 1340 2541 1623 2610; x_wconf 77' lang='grc' dir='ltr'>ήνωμένας</span> <span class='ocrx_word' id='word_1_274' title='bbox 1654 2546 1751 2612; x_wconf 81' lang='grc' dir='ltr'><strong>τῆς</strong></span> 
     </span>
    </p>
   </div>
   <div class='ocr_carea' id='block_1_42' title="bbox 164 2621 1755 2703">
    <p class='ocr_par' dir='ltr' id='par_1_42' title="bbox 164 2621 1755 2703">
     <span class='ocr_line' id='line_1_42' title="bbox 164 2621 1755 2703; baseline 0.008 -29"><span class='ocrx_word' id='word_1_275' title='bbox 164 2622 304 2691; x_wconf 70' lang='grc' dir='ltr'>ὅλης</span> <span class='ocrx_word' id='word_1_276' title='bbox 335 2621 587 2694; x_wconf 81' lang='grc' dir='ltr'>θεότητος</span> <span class='ocrx_word' id='word_1_277' title='bbox 622 2626 945 2696; x_wconf 84' lang='grc' dir='ltr'>διακρίσεις,</span> <span class='ocrx_word' id='word_1_278' title='bbox 978 2629 1010 2699; x_wconf 72' lang='grc' dir='ltr'><strong>ἢ</strong></span> <span class='ocrx_word' id='word_1_279' title='bbox 1050 2628 1149 2692; x_wconf 81' lang='grc' dir='ltr'><strong>τὰς</strong></span> <span class='ocrx_word' id='word_1_280' title='bbox 1184 2630 1590 2700; x_wconf 81' lang='grc' dir='ltr'>ἁγαθοπρεπεῐς</span> <span class='ocrx_word' id='word_1_281' title='bbox 1622 2652 1755 2703; x_wconf 86' lang='grc' dir='ltr'>προ-</span> 
     </span>
    </p>
   </div>
   <div class='ocr_carea' id='block_1_43' title="bbox 162 2714 1755 2790">
    <p class='ocr_par' dir='ltr' id='par_1_43' title="bbox 162 2714 1755 2790">
     <span class='ocr_line' id='line_1_43' title="bbox 162 2714 1755 2790; baseline 0.006 -24"><span class='ocrx_word' id='word_1_282' title='bbox 162 2714 351 2775; x_wconf 79' lang='grc' dir='ltr'>όδους,</span> <span class='ocrx_word' id='word_1_283' title='bbox 381 2714 622 2783; x_wconf 83' lang='grc' dir='ltr'>ὑμνῆσαι</span> <span class='ocrx_word' id='word_1_284' title='bbox 647 2717 789 2769; x_wconf 81' lang='grc' dir='ltr'>κατὰ</span> <span class='ocrx_word' id='word_1_285' title='bbox 815 2718 877 2769; x_wconf 73' lang='grc' dir='ltr'>τὸ</span> <span class='ocrx_word' id='word_1_286' title='bbox 906 2714 1135 2772; x_wconf 77' lang='grc' dir='ltr'>δυνατὸν</span> <span class='ocrx_word' id='word_1_287' title='bbox 1162 2721 1533 2790; x_wconf 80' lang='grc' dir='ltr'>πειρασόμεθα</span> <span class='ocrx_word' id='word_1_288' title='bbox 1555 2738 1567 2751; x_wconf 87' lang='grc'><strong>·</strong></span> <span class='ocrx_word' id='word_1_289' title='bbox 1602 2742 1619 2774; x_wconf 75' lang='grc' dir='ltr'><strong>ι</strong></span> <span class='ocrx_word' id='word_1_290' title='bbox 1643 2723 1755 2781; x_wconf 81' lang='grc' dir='ltr'>δει-</span> 
     </span>
    </p>
   </div>
   <div class='ocr_carea' id='block_1_44' title="bbox 166 2799 1752 2877">
    <p class='ocr_par' dir='ltr' id='par_1_44' title="bbox 166 2799 1752 2877">
     <span class='ocr_line' id='line_1_44' title="bbox 166 2799 1752 2877; baseline 0.004 -22"><span class='ocrx_word' id='word_1_291' title='bbox 166 2805 306 2861; x_wconf 75' lang='grc' dir='ltr'>κνὺς</span> <span class='ocrx_word' id='word_1_292' title='bbox 339 2803 522 2870; x_wconf 82' lang='grc' dir='ltr'>σαφῶς</span> <span class='ocrx_word' id='word_1_293' title='bbox 551 2799 692 2857; x_wconf 79' lang='grc' dir='ltr'>εἶναι</span> <span class='ocrx_word' id='word_1_294' title='bbox 716 2805 806 2857; x_wconf 77' lang='grc' dir='ltr'>καὶ</span> <span class='ocrx_word' id='word_1_295' title='bbox 836 2804 1028 2877; x_wconf 76' lang='grc' dir='ltr'>ἑτέραν</span> <span class='ocrx_word' id='word_1_296' title='bbox 1053 2807 1325 2877; x_wconf 76' lang='grc' dir='ltr'>διάκρισιν</span> <span class='ocrx_word' id='word_1_297' title='bbox 1350 2810 1446 2863; x_wconf 74' lang='grc' dir='ltr'><strong>ἐπὶ</strong></span> <span class='ocrx_word' id='word_1_298' title='bbox 1471 2809 1566 2862; x_wconf 83' lang='grc' dir='ltr'>τοῦ</span> <span class='ocrx_word' id='word_1_299' title='bbox 1590 2812 1752 2873; x_wconf 70' lang='grc' dir='ltr'>Θεοῦ,</span> 
     </span>
    </p>
   </div>
   <div class='ocr_carea' id='block_1_45' title="bbox 169 2892 1754 2971">
    <p class='ocr_par' dir='ltr' id='par_1_45' title="bbox 169 2892 1754 2971">
     <span class='ocr_line' id='line_1_45' title="bbox 169 2892 1754 2971; baseline 0.006 -26"><span class='ocrx_word' id='word_1_300' title='bbox 169 2894 296 2946; x_wconf 67' lang='grc' dir='ltr'>ἀλλ’</span> <span class='ocrx_word' id='word_1_301' title='bbox 327 2894 388 2946; x_wconf 85' lang='grc' dir='ltr'><strong>ού</strong></span> <span class='ocrx_word' id='word_1_302' title='bbox 421 2895 521 2964; x_wconf 84' lang='grc' dir='ltr'><strong>τὴν</strong></span> <span class='ocrx_word' id='word_1_303' title='bbox 547 2892 917 2965; x_wconf 81' lang='grc' dir='ltr'>ύποστατικὴν</span> <span class='ocrx_word' id='word_1_304' title='bbox 946 2897 1144 2968; x_wconf 74' lang='grc' dir='ltr'>μόνην·</span> <span class='ocrx_word' id='word_1_305' title='bbox 1167 2899 1233 2967; x_wconf 80' lang='grc' dir='ltr'>ῆν</span> <span class='ocrx_word' id='word_1_306' title='bbox 1256 2902 1354 2969; x_wconf 83' lang='grc' dir='ltr'>τὴν</span> <span class='ocrx_word' id='word_1_307' title='bbox 1382 2900 1577 2970; x_wconf 77' lang='grc' dir='ltr'>ἑτέραν</span> <span class='ocrx_word' id='word_1_308' title='bbox 1604 2906 1754 2971; x_wconf 82' lang='grc' dir='ltr'>παρὰ</span> 
     </span>
    </p>
   </div>
   <div class='ocr_carea' id='block_1_46' title="bbox 170 2974 1753 3062">
    <p class='ocr_par' dir='ltr' id='par_1_46' title="bbox 170 2974 1753 3062">
     <span class='ocr_line' id='line_1_46' title="bbox 170 2974 1753 3062; baseline 0.004 -23"><span class='ocrx_word' id='word_1_309' title='bbox 170 2987 277 3057; x_wconf 77' lang='grc' dir='ltr'><strong>τὴν</strong></span> <span class='ocrx_word' id='word_1_310' title='bbox 313 2988 689 3058; x_wconf 82' lang='grc' dir='ltr'>ὑποστατικὴν.</span> <span class='ocrx_word' id='word_1_311' title='bbox 720 2989 1011 3059; x_wconf 85' lang='grc' dir='ltr'>διάκρισιν,</span> <span class='ocrx_word' id='word_1_312' title='bbox 1068 2974 1162 3048; x_wconf 62' lang='grc' dir='ltr'><strong>καὶ</strong></span> <span class='ocrx_word' id='word_1_313' title='bbox 1198 2991 1753 3062; x_wconf 77' lang='grc' dir='ltr'>θεότητοςδιάκρισιν</span> 
     </span>
    </p>
   </div>
   <div class='ocr_carea' id='block_1_47' title="bbox 172 3079 1751 3153">
    <p class='ocr_par' dir='ltr' id='par_1_47' title="bbox 172 3079 1751 3153">
     <span class='ocr_line' id='line_1_47' title="bbox 172 3079 1751 3153; baseline 0.003 -21"><span class='ocrx_word' id='word_1_314' title='bbox 172 3079 352 3132; x_wconf 84' lang='grc' dir='ltr'>καλεῖ.</span> <span class='ocrx_word' id='word_1_315' title='bbox 398 3080 462 3132; x_wconf 85' lang='grc' dir='ltr'>Ἡ</span> <span class='ocrx_word' id='word_1_316' title='bbox 515 3080 623 3151; x_wconf 82' lang='grc' dir='ltr'>γὰρ</span> <span class='ocrx_word' id='word_1_317' title='bbox 661 3081 801 3134; x_wconf 83' lang='grc' dir='ltr'>κατὰ</span> <span class='ocrx_word' id='word_1_318' title='bbox 834 3082 937 3143; x_wconf 81' lang='grc' dir='ltr'>τὰς’</span> <span class='ocrx_word' id='word_1_319' title='bbox 970 3084 1301 3145; x_wconf 83' lang='grc' dir='ltr'>ὑποστάσεις</span> <span class='ocrx_word' id='word_1_320' title='bbox 1351 3084 1646 3153; x_wconf 73' lang='grc' dir='ltr'>διάκρισις,</span> <span class='ocrx_word' id='word_1_321' title='bbox 1690 3086 1751 3137; x_wconf 82' lang='grc' dir='ltr'><strong>οὐ</strong></span> 
     </span>
    </p>
   </div>
   <div class='ocr_carea' id='block_1_48' title="bbox 170 3171 1747 3244">
    <p class='ocr_par' dir='ltr' id='par_1_48' title="bbox 170 3171 1747 3244">
     <span class='ocr_line' id='line_1_48' title="bbox 170 3171 1747 3244; baseline 0.003 -19"><span class='ocrx_word' id='word_1_322' title='bbox 170 3171 433 3240; x_wconf 83' lang='grc' dir='ltr'>θεότητός</span> <span class='ocrx_word' id='word_1_323' title='bbox 476 3173 597 3225; x_wconf 82' lang='grc' dir='ltr'>ἐστι</span> <span class='ocrx_word' id='word_1_324' title='bbox 640 3172 930 3244; x_wconf 68' lang='grc' dir='ltr'>διάκρισις,</span> <span class='ocrx_word' id='word_1_325' title='bbox 980 3175 1091 3228; x_wconf 79' lang='grc' dir='ltr'><strong>Καὶ</strong></span> <span class='ocrx_word' id='word_1_326' title='bbox 1130 3174 1274 3228; x_wconf 79' lang='grc' dir='ltr'>κατὰ</span> <span class='ocrx_word' id='word_1_327' title='bbox 1324 3176 1424 3244; x_wconf 81' lang='grc' dir='ltr'>μὲν</span> <span class='ocrx_word' id='word_1_328' title='bbox 1451 3177 1547 3238; x_wconf 83' lang='grc' dir='ltr'>τὰς</span> <span class='ocrx_word' id='word_1_329' title='bbox 1593 3176 1747 3240; x_wconf 89' lang='grc' dir='ltr'>θείας</span> 
     </span>
    </p>
   </div>
   <div class='ocr_carea' id='block_1_49' title="bbox 173 3257 1751 3335">
    <p class='ocr_par' dir='ltr' id='par_1_49' title="bbox 173 3257 1751 3335">
     <span class='ocr_line' id='line_1_49' title="bbox 173 3257 1751 3335; baseline 0.002 -18"><span class='ocrx_word' id='word_1_330' title='bbox 173 3263 441 3333; x_wconf 79' lang='grc' dir='ltr'>προόδους</span> <span class='ocrx_word' id='word_1_331' title='bbox 470 3264 566 3316; x_wconf 76' lang='grc' dir='ltr'><strong>καὶ</strong></span> <span class='ocrx_word' id='word_1_332' title='bbox 611 3264 911 3335; x_wconf 83' lang='grc' dir='ltr'>ἐνεργείας,</span> <span class='ocrx_word' id='word_1_333' title='bbox 951 3257 1315 3335; x_wconf 73' lang='grc' dir='ltr'>πληθύνεσθαι</span> <span class='ocrx_word' id='word_1_334' title='bbox 1348 3270 1439 3319; x_wconf 67' lang='grc' dir='ltr'><strong>καὶ</strong></span> <span class='ocrx_word' id='word_1_335' title='bbox 1474 3268 1751 3321; x_wconf 76' lang='grc' dir='ltr'>πολυπλαο</span> 
     </span>
    </p>
   </div>
   <div class='ocr_carea' id='block_1_50' title="bbox 174 3355 1751 3429">
    <p class='ocr_par' dir='ltr' id='par_1_50' title="bbox 174 3355 1751 3429">
     <span class='ocr_line' id='line_1_50' title="bbox 174 3355 1751 3429; baseline 0.004 -20"><span class='ocrx_word' id='word_1_336' title='bbox 174 3355 463 3421; x_wconf 79' lang='grc' dir='ltr'>σιάζεσθαι</span> <span class='ocrx_word' id='word_1_337' title='bbox 518 3356 666 3425; x_wconf 81' lang='grc' dir='ltr'>λέγει</span> <span class='ocrx_word' id='word_1_338' title='bbox 714 3358 803 3410; x_wconf 83' lang='grc' dir='ltr'>τὸν</span> <span class='ocrx_word' id='word_1_339' title='bbox 838 3358 1004 3411; x_wconf 84' lang='grc' dir='ltr'>Θεόν’</span> <span class='ocrx_word' id='word_1_340' title='bbox 1038 3358 1133 3411; x_wconf 77' lang='grc' dir='ltr'><strong>καὶ</strong></span> <span class='ocrx_word' id='word_1_341' title='bbox 1169 3358 1268 3429; x_wconf 81' lang='grc' dir='ltr'><strong>τὴν</strong></span> <span class='ocrx_word' id='word_1_342' title='bbox 1299 3360 1467 3428; x_wconf 79' lang='grc' dir='ltr'>αὐτὴν</span> <span class='ocrx_word' id='word_1_343' title='bbox 1518 3360 1751 3415; x_wconf 77' lang='grc' dir='ltr'>ἐνταῦθα</span> 
     </span>
    </p>
   </div>
   <div class='ocr_carea' id='block_1_51' title="bbox 177 3442 1751 3518">
    <p class='ocr_par' dir='ltr' id='par_1_51' title="bbox 177 3442 1751 3518">
     <span class='ocr_line' id='line_1_51' title="bbox 177 3442 1751 3518; baseline 0.004 -20"><span class='ocrx_word' id='word_1_344' title='bbox 177 3446 432 3517; x_wconf 75' lang='grc' dir='ltr'>πρόοδον,</span> <span class='ocrx_word' id='word_1_345' title='bbox 467 3449 565 3501; x_wconf 75' lang='grc' dir='ltr'>καὶ</span> <span class='ocrx_word' id='word_1_346' title='bbox 605 3448 867 3518; x_wconf 77' lang='grc' dir='ltr'>προόδους</span> <span class='ocrx_word' id='word_1_347' title='bbox 896 3442 1037 3502; x_wconf 79' lang='grc' dir='ltr'>εἶναι</span> <span class='ocrx_word' id='word_1_348' title='bbox 1077 3450 1264 3516; x_wconf 81' lang='grc' dir='ltr'>λέγει’</span> <span class='ocrx_word' id='word_1_349' title='bbox 1311 3450 1429 3502; x_wconf 79' lang='grc' dir='ltr'>ἐκεῖ</span> <span class='ocrx_word' id='word_1_350' title='bbox 1453 3450 1529 3507; x_wconf 86' lang='grc' dir='ltr'><strong>δὲ.</strong></span> <span class='ocrx_word' id='word_1_351' title='bbox 1563 3452 1623 3503; x_wconf 85' lang='grc' dir='ltr'><strong>οὐ</strong></span> <span class='ocrx_word' id='word_1_352' title='bbox 1653 3470 1751 3505; x_wconf 80' lang='grc' dir='ltr'>ποο</span> 
     </span>
    </p>
   </div>
   <div class='ocr_carea' id='block_1_52' title="bbox 177 3539 1753 3607">
    <p class='ocr_par' dir='ltr' id='par_1_52' title="bbox 177 3539 1753 3607">
     <span class='ocr_line' id='line_1_52' title="bbox 177 3539 1753 3607; baseline 0.001 -15"><span class='ocrx_word' id='word_1_353' title='bbox 177 3539 610 3603; x_wconf 74' lang='grc' dir='ltr'>λυπλασιάζεται</span> <span class='ocrx_word' id='word_1_354' title='bbox 668 3540 730 3592; x_wconf 78' lang='grc' dir='ltr'>τὸ</span> <span class='ocrx_word' id='word_1_355' title='bbox 778 3539 955 3603; x_wconf 81' lang='grc' dir='ltr'>Θείον,</span> <span class='ocrx_word' id='word_1_356' title='bbox 987 3540 1199 3607; x_wconf 76' lang='grc' dir='ltr'>άπαγεῐ</span> <span class='ocrx_word' id='word_1_357' title='bbox 1253 3539 1375 3593; x_wconf 84' lang='grc' dir='ltr'><strong>οὐδέ</strong></span> <span class='ocrx_word' id='word_1_358' title='bbox 1430 3542 1573 3595; x_wconf 73' lang='grc' dir='ltr'>καθὰ</span> <span class='ocrx_word' id='word_1_359' title='bbox 1620 3542 1753 3605; x_wconf 82' lang='grc' dir='ltr'>Θεὸς</span> 
     </span>
    </p>
   </div>
   <div class='ocr_carea' id='block_1_53' title="bbox 174 3628 1753 3701">
    <p class='ocr_par' dir='ltr' id='par_1_53' title="bbox 174 3628 1753 3701">
     <span class='ocr_line' id='line_1_53' title="bbox 174 3628 1753 3701; baseline 0.003 -20"><span class='ocrx_word' id='word_1_360' title='bbox 174 3628 536 3699; x_wconf 83' lang='grc' dir='ltr'>διακρίνεται,</span> <span class='ocrx_word' id='word_1_361' title='bbox 570 3630 740 3701; x_wconf 83' lang='grc' dir='ltr'>Τριάς</span> <span class='ocrx_word' id='word_1_362' title='bbox 793 3632 923 3700; x_wconf 67' lang='grc' dir='ltr'>γὰρι</span> <span class='ocrx_word' id='word_1_363' title='bbox 958 3631 1089 3701; x_wconf 77' lang='grc' dir='ltr'>ἡμῖν</span> <span class='ocrx_word' id='word_1_364' title='bbox 1120 3631 1356 3701; x_wconf 82' lang='grc' dir='ltr'>ὑπάρχει</span> <span class='ocrx_word' id='word_1_365' title='bbox 1387 3633 1414 3685; x_wconf 83' lang='grc' dir='ltr'>ὁ</span> <span class='ocrx_word' id='word_1_366' title='bbox 1460 3632 1614 3696; x_wconf 87' lang='grc' dir='ltr'>Θεὸς,</span> <span class='ocrx_word' id='word_1_367' title='bbox 1639 3634 1753 3686; x_wconf 78' lang='grc' dir='ltr'>ἀλλ’</span> 
     </span>
    </p>
   </div>
   <div class='ocr_carea' id='block_1_54' title="bbox 175 3721 1756 3791">
    <p class='ocr_par' dir='ltr' id='par_1_54' title="bbox 175 3721 1756 3791">
     <span class='ocr_line' id='line_1_54' title="bbox 175 3721 1756 3791; baseline 0.004 -19"><span class='ocrx_word' id='word_1_368' title='bbox 175 3721 304 3791; x_wconf 73' lang='grc' dir='ltr'>οὐχὶ</span> <span class='ocrx_word' id='word_1_369' title='bbox 341 3721 620 3789; x_wconf 86' lang='grc' dir='ltr'>τριπλοῦς.</span> <span class='ocrx_word' id='word_1_370' title='bbox 680 3722 789 3773; x_wconf 76' lang='grc' dir='ltr'><strong>Καὶ</strong></span> <span class='ocrx_word' id='word_1_371' title='bbox 846 3722 1086 3775; x_wconf 85' lang='grc' dir='ltr'>δείκνυσι</span> <span class='ocrx_word' id='word_1_372' title='bbox 1134 3723 1190 3777; x_wconf 81' lang='grc' dir='ltr'>δὲ</span> <span class='ocrx_word' id='word_1_373' title='bbox 1246 3723 1340 3775; x_wconf 70' lang='grc' dir='ltr'><strong>καὶ</strong></span> <span class='ocrx_word' id='word_1_374' title='bbox 1391 3725 1455 3776; x_wconf 80' lang='grc' dir='ltr'>τὸ</span> <span class='ocrx_word' id='word_1_375' title='bbox 1503 3725 1756 3778; x_wconf 83' lang='grc' dir='ltr'>άκτιστον</span> 
     </span>
    </p>
   </div>
   <div class='ocr_carea' id='block_1_55' title="bbox 175 3802 1757 3888">
    <p class='ocr_par' dir='ltr' id='par_1_55' title="bbox 175 3802 1757 3888">
     <span class='ocr_line' id='line_1_55' title="bbox 175 3802 1757 3888; baseline 0.002 -22"><span class='ocrx_word' id='word_1_376' title='bbox 175 3814 387 3867; x_wconf 87' lang='grc' dir='ltr'>τούτων</span> <span class='ocrx_word' id='word_1_377' title='bbox 423 3814 533 3867; x_wconf 87' lang='grc' dir='ltr'><strong>τῶν</strong></span> <span class='ocrx_word' id='word_1_378' title='bbox 562 3802 804 3882; x_wconf 70' lang='grc' dir='ltr'>προόδων</span> <span class='ocrx_word' id='word_1_379' title='bbox 828 3814 921 3866; x_wconf 77' lang='grc' dir='ltr'>καὶ</span> <span class='ocrx_word' id='word_1_380' title='bbox 973 3814 1302 3884; x_wconf 60' lang='grc' dir='ltr'>ἐνεργειῶν</span> <span class='ocrx_word' id='word_1_381' title='bbox 1341 3814 1494 3878; x_wconf 89' lang='grc' dir='ltr'>θείας</span> <span class='ocrx_word' id='word_1_382' title='bbox 1535 3833 1593 3868; x_wconf 90' lang='grc' dir='ltr'><strong>τε</strong></span> <span class='ocrx_word' id='word_1_383' title='bbox 1648 3816 1757 3888; x_wconf 81' lang='grc' dir='ltr'>γὰρ</span> 
     </span>
    </p>
   </div>
   <div class='ocr_carea' id='block_1_56' title="bbox 186 3903 1757 3975">
    <p class='ocr_par' dir='ltr' id='par_1_56' title="bbox 186 3903 1757 3975">
     <span class='ocr_line' id='line_1_56' title="bbox 186 3903 1757 3975; baseline -0.001 -15"><span class='ocrx_word' id='word_1_384' title='bbox 186 3906 364 3967; x_wconf 82' lang='grc' dir='ltr'>αὐτὰς</span> <span class='ocrx_word' id='word_1_385' title='bbox 395 3906 570 3968; x_wconf 79' lang='grc' dir='ltr'>καλεῖ,</span> <span class='ocrx_word' id='word_1_386' title='bbox 607 3905 703 3959; x_wconf 74' lang='grc' dir='ltr'><strong>καὶ</strong></span> <span class='ocrx_word' id='word_1_387' title='bbox 733 3905 830 3975; x_wconf 83' lang='grc' dir='ltr'>τῆς</span> <span class='ocrx_word' id='word_1_388' title='bbox 854 3906 982 3975; x_wconf 67' lang='grc' dir='ltr'>ὅλης</span> <span class='ocrx_word' id='word_1_389' title='bbox 1014 3908 1149 3974; x_wconf 75' lang='grc' dir='ltr'>φησὶ</span> <span class='ocrx_word' id='word_1_390' title='bbox 1183 3906 1436 3971; x_wconf 86' lang='grc' dir='ltr'>θεότητος</span> <span class='ocrx_word' id='word_1_391' title='bbox 1464 3903 1605 3960; x_wconf 79' lang='grc' dir='ltr'>εἶναι</span> <span class='ocrx_word' id='word_1_392' title='bbox 1640 3907 1757 3960; x_wconf 90' lang='grc' dir='ltr'>δια-</span> 
     </span>
    </p>
   </div>
   <div class='ocr_carea' id='block_1_57' title="bbox 180 3974 1756 4069">
    <p class='ocr_par' dir='ltr' id='par_1_57' title="bbox 180 3974 1756 4069">
     <span class='ocr_line' id='line_1_57' title="bbox 180 3974 1756 4069; baseline 0 -18"><span class='ocrx_word' id='word_1_393' title='bbox 180 4000 430 4068; x_wconf 79' lang='grc' dir='ltr'>κρίσεις·</span> <span class='ocrx_word' id='word_1_394' title='bbox 464 3998 555 4050; x_wconf 71' lang='grc' dir='ltr'>καὶ</span> <span class='ocrx_word' id='word_1_395' title='bbox 600 3998 765 4067; x_wconf 79' lang='grc' dir='ltr'>αὐτὴν</span> <span class='ocrx_word' id='word_1_396' title='bbox 795 3974 991 4066; x_wconf 76' lang='grc' dir='ltr'>ἑαυτὴν</span> <span class='ocrx_word' id='word_1_397' title='bbox 1034 3997 1134 4069; x_wconf 77' lang='grc' dir='ltr'><strong>τῂν</strong></span> <span class='ocrx_word' id='word_1_398' title='bbox 1174 3997 1457 4067; x_wconf 89' lang='grc' dir='ltr'>θεαρχίαν,</span> <span class='ocrx_word' id='word_1_399' title='bbox 1486 3998 1627 4051; x_wconf 80' lang='grc' dir='ltr'>κατὰ</span> <span class='ocrx_word' id='word_1_400' title='bbox 1658 4000 1756 4062; x_wconf 85' lang='grc' dir='ltr'><strong>τὰς</strong></span> 
     </span>
    </p>
   </div>
   <div class='ocr_carea' id='block_1_58' title="bbox 182 4089 1760 4160">
    <p class='ocr_par' dir='ltr' id='par_1_58' title="bbox 182 4089 1760 4160">
     <span class='ocr_line' id='line_1_58' title="bbox 182 4089 1760 4160; baseline -0.001 -17"><span class='ocrx_word' id='word_1_401' title='bbox 182 4092 341 4153; x_wconf 83' lang='grc' dir='ltr'>θείας</span> <span class='ocrx_word' id='word_1_402' title='bbox 368 4089 624 4160; x_wconf 81' lang='grc' dir='ltr'>προόδους</span> <span class='ocrx_word' id='word_1_403' title='bbox 655 4091 749 4141; x_wconf 77' lang='grc' dir='ltr'>καὶ</span> <span class='ocrx_word' id='word_1_404' title='bbox 780 4090 1061 4157; x_wconf 80' lang='grc' dir='ltr'>ἐνεργείας</span> <span class='ocrx_word' id='word_1_405' title='bbox 1098 4089 1304 4159; x_wconf 83' lang='grc' dir='ltr'>ταύτας</span> <span class='ocrx_word' id='word_1_406' title='bbox 1336 4090 1629 4159; x_wconf 84' lang='grc' dir='ltr'>πληθύνειν</span> <span class='ocrx_word' id='word_1_407' title='bbox 1666 4091 1760 4142; x_wconf 85' lang='grc' dir='ltr'><strong>λέ-</strong></span> 
     </span>
    </p>
   </div>
   <div class='ocr_carea' id='block_1_59' title="bbox 178 4179 1759 4251">
    <p class='ocr_par' dir='ltr' id='par_1_59' title="bbox 178 4179 1759 4251">
     <span class='ocr_line' id='line_1_59' title="bbox 178 4179 1759 4251; baseline -0.001 -16"><span class='ocrx_word' id='word_1_408' title='bbox 178 4198 271 4249; x_wconf 87' lang='grc' dir='ltr'><strong>γει</strong></span> <span class='ocrx_word' id='word_1_409' title='bbox 304 4184 397 4233; x_wconf 82' lang='grc' dir='ltr'><strong>καὶ</strong></span> <span class='ocrx_word' id='word_1_410' title='bbox 451 4179 946 4245; x_wconf 76' lang='grc' dir='ltr'>πολυπλασιὰζειν·</span> <span class='ocrx_word' id='word_1_411' title='bbox 993 4180 1093 4233; x_wconf 77' lang='grc' dir='ltr'><strong>οὐκ</strong></span> <span class='ocrx_word' id='word_1_412' title='bbox 1140 4180 1339 4244; x_wconf 73' lang='grc' dir='ltr'><strong>ἔξωθέν</strong></span> <span class='ocrx_word' id='word_1_413' title='bbox 1374 4198 1425 4232; x_wconf 91' lang='grc' dir='ltr'><strong>τι</strong></span> <span class='ocrx_word' id='word_1_414' title='bbox 1471 4182 1759 4251; x_wconf 76' lang='grc' dir='ltr'>προσλαμ‹</span> 
     </span>
    </p>
   </div>
   <div class='ocr_carea' id='block_1_60' title="bbox 180 4272 1762 4343">
    <p class='ocr_par' dir='ltr' id='par_1_60' title="bbox 180 4272 1762 4343">
     <span class='ocr_line' id='line_1_60' title="bbox 180 4272 1762 4343; baseline -0.002 -14"><span class='ocrx_word' id='word_1_415' title='bbox 180 4274 478 4338; x_wconf 75' lang='grc' dir='ltr'>ϐάνουσαν,</span> <span class='ocrx_word' id='word_1_416' title='bbox 524 4273 738 4341; x_wconf 80' lang='grc' dir='ltr'>ἄπαγεί</span> <span class='ocrx_word' id='word_1_417' title='bbox 771 4272 905 4325; x_wconf 82' lang='grc' dir='ltr'>ἀλλὰ</span> <span class='ocrx_word' id='word_1_418' title='bbox 946 4274 1039 4325; x_wconf 70' lang='grc' dir='ltr'>καὶ</span> <span class='ocrx_word' id='word_1_419' title='bbox 1085 4272 1324 4341; x_wconf 79' lang='grc' dir='ltr'>ὑμνῆσαι</span> <span class='ocrx_word' id='word_1_420' title='bbox 1355 4273 1453 4335; x_wconf 81' lang='grc' dir='ltr'>τὰς</span> <span class='ocrx_word' id='word_1_421' title='bbox 1501 4275 1762 4343; x_wconf 75' lang='grc' dir='ltr'>προόδους</span> 
     </span>
    </p>
   </div>
   <div class='ocr_carea' id='block_1_61' title="bbox 180 4362 1763 4439">
    <p class='ocr_par' dir='ltr' id='par_1_61' title="bbox 180 4362 1763 4439">
     <span class='ocr_line' id='line_1_61' title="bbox 180 4362 1763 4439; baseline -0.001 -23"><span class='ocrx_word' id='word_1_422' title='bbox 180 4363 390 4422; x_wconf 85' lang='grc' dir='ltr'>ταύτας</span> <span class='ocrx_word' id='word_1_423' title='bbox 424 4362 839 4431; x_wconf 83' lang='grc' dir='ltr'>ἐπαγγέλλεται.</span> <span class='ocrx_word' id='word_1_424' title='bbox 876 4364 985 4414; x_wconf 77' lang='grc' dir='ltr'><strong>Καὶ</strong></span> <span class='ocrx_word' id='word_1_425' title='bbox 1018 4362 1364 4439; x_wconf 65' lang='grc' dir='ltr'>προστίθησι,</span> <span class='ocrx_word' id='word_1_426' title='bbox 1410 4362 1550 4415; x_wconf 84' lang='grc' dir='ltr'>κατὰ</span> <span class='ocrx_word' id='word_1_427' title='bbox 1583 4365 1645 4415; x_wconf 85' lang='grc' dir='ltr'><strong>τὸ</strong></span> <span class='ocrx_word' id='word_1_428' title='bbox 1674 4364 1763 4415; x_wconf 84' lang='grc' dir='ltr'>δυ-</span> 
     </span>
    </p>
   </div>
   <div class='ocr_carea' id='block_1_62' title="bbox 181 4456 1758 4527">
    <p class='ocr_par' dir='ltr' id='par_1_62' title="bbox 181 4456 1758 4527">
     <span class='ocr_line' id='line_1_62' title="bbox 181 4456 1758 4527; baseline -0.003 -14"><span class='ocrx_word' id='word_1_429' title='bbox 181 4462 366 4524; x_wconf 68' lang='grc' dir='ltr'>νατὸν,</span> <span class='ocrx_word' id='word_1_430' title='bbox 416 4460 627 4521; x_wconf 82' lang='grc' dir='ltr'>δεικνὺς</span> <span class='ocrx_word' id='word_1_431' title='bbox 675 4459 770 4512; x_wconf 76' lang='grc' dir='ltr'><strong>καὶ</strong></span> <span class='ocrx_word' id='word_1_432' title='bbox 813 4459 1231 4527; x_wconf 85' lang='grc' dir='ltr'>ὑπερυμνήτους</span> <span class='ocrx_word' id='word_1_433' title='bbox 1262 4457 1464 4518; x_wconf 87' lang='grc' dir='ltr'>ταύτας</span> <span class='ocrx_word' id='word_1_434' title='bbox 1502 4456 1689 4522; x_wconf 75' lang='grc' dir='ltr'>οὔσας,</span> <span class='ocrx_word' id='word_1_435' title='bbox 1731 4458 1758 4509; x_wconf 84' lang='grc' dir='ltr'><strong>ό</strong></span> 
     </span>
    </p>
   </div>
   <div class='ocr_carea' id='block_1_63' title="bbox 182 4542 1329 4623">
    <p class='ocr_par' dir='ltr' id='par_1_63' title="bbox 182 4542 1329 4623">
     <span class='ocr_line' id='line_1_63' title="bbox 182 4542 1329 4623; baseline -0.003 -18"><span class='ocrx_word' id='word_1_436' title='bbox 182 4553 294 4605; x_wconf 78' lang='grc' dir='ltr'><strong>τῶν</strong></span> <span class='ocrx_word' id='word_1_437' title='bbox 321 4553 480 4605; x_wconf 83' lang='grc' dir='ltr'>θείων</span> <span class='ocrx_word' id='word_1_438' title='bbox 507 4551 769 4623; x_wconf 83' lang='grc' dir='ltr'>ὑμνῳδῶν</span> <span class='ocrx_word' id='word_1_439' title='bbox 800 4551 1129 4619; x_wconf 80' lang='grc' dir='ltr'>ἐξοχώτατος</span> <span class='ocrx_word' id='word_1_440' title='bbox 1154 4542 1329 4612; x_wconf 73' lang='grc' dir='ltr'>οὗτος.</span> 
     </span>
    </p>
   </div>
   <div class='ocr_carea' id='block_1_64' title="bbox 1847 2078 3431 2148">
    <p class='ocr_par' dir='ltr' id='par_1_64' title="bbox 1847 2078 3431 2148">
     <span class='ocr_line' id='line_1_64' title="bbox 1847 2078 3431 2148; baseline 0 -17"><span class='ocrx_word' id='word_1_441' title='bbox 1847 2078 1912 2131; x_wconf 88' lang='lat' dir='ltr'><strong>de</strong></span> <span class='ocrx_word' id='word_1_442' title='bbox 1963 2094 2214 2145; x_wconf 85' lang='lat' dir='ltr'><strong>suprema</strong></span> <span class='ocrx_word' id='word_1_443' title='bbox 2253 2078 2532 2148; x_wconf 70' lang='lat' dir='ltr'><strong>Maiestate</strong></span> <span class='ocrx_word' id='word_1_444' title='bbox 2580 2081 2821 2133; x_wconf 84' lang='lat' dir='ltr'><strong>emnvia.</strong></span> <span class='ocrx_word' id='word_1_445' title='bbox 2874 2080 3103 2135; x_wconf 84' lang='lat' dir='ltr'><strong>llabeus</strong></span> <span class='ocrx_word' id='word_1_446' title='bbox 3134 2080 3278 2132; x_wconf 90' lang='lat' dir='ltr'><strong>enim</strong></span> <span class='ocrx_word' id='word_1_447' title='bbox 3316 2081 3431 2132; x_wconf 73' lang='lat' dir='ltr'><strong>haec</strong></span> 
     </span>
    </p>
   </div>
   <div class='ocr_carea' id='block_1_65' title="bbox 1847 2171 3429 2237">
    <p class='ocr_par' dir='ltr' id='par_1_65' title="bbox 1847 2171 3429 2237">
     <span class='ocr_line' id='line_1_65' title="bbox 1847 2171 3429 2237; baseline -0.003 -14"><span class='ocrx_word' id='word_1_448' title='bbox 1847 2172 2061 2223; x_wconf 83' lang='lat' dir='ltr'><strong>cunctis</strong></span> <span class='ocrx_word' id='word_1_449' title='bbox 2085 2172 2307 2225; x_wconf 77' lang='lat' dir='ltr'><strong>cutibus</strong></span> <span class='ocrx_word' id='word_1_450' title='bbox 2341 2182 2392 2224; x_wconf 93' lang='lat' dir='ltr'><strong>et</strong></span> <span class='ocrx_word' id='word_1_451' title='bbox 2422 2171 2707 2225; x_wconf 80' lang='lat' dir='ltr'><strong>effundens</strong></span> <span class='ocrx_word' id='word_1_452' title='bbox 2736 2172 2981 2224; x_wconf 90' lang='lat' dir='ltr'><strong>omnium</strong></span> <span class='ocrx_word' id='word_1_453' title='bbox 3016 2171 3274 2222; x_wconf 78' lang='lat' dir='ltr'><strong>bonorum</strong></span> <span class='ocrx_word' id='word_1_454' title='bbox 3303 2183 3429 2237; x_wconf 83' lang='lat' dir='ltr'><strong>par-</strong></span> 
     </span>
    </p>
   </div>
   <div class='ocr_carea' id='block_1_66' title="bbox 1844 2261 3427 2332">
    <p class='ocr_par' dir='ltr' id='par_1_66' title="bbox 1844 2261 3427 2332">
     <span class='ocr_line' id='line_1_66' title="bbox 1844 2261 3427 2332; baseline 0.001 -19"><span class='ocrx_word' id='word_1_455' title='bbox 1844 2261 2212 2332; x_wconf 67' lang='lat' dir='ltr'><strong>‘Iicipationes,</strong></span> <span class='ocrx_word' id='word_1_456' title='bbox 2249 2264 2481 2317; x_wconf 87' lang='lat' dir='ltr'><strong>indivise</strong></span> <span class='ocrx_word' id='word_1_457' title='bbox 2513 2266 2944 2326; x_wconf 83' lang='lat' dir='ltr'><strong>discrimiuatur,</strong></span> <span class='ocrx_word' id='word_1_458' title='bbox 2987 2277 3040 2317; x_wconf 89' lang='lat' dir='ltr'><strong>et</strong></span> <span class='ocrx_word' id='word_1_459' title='bbox 3074 2261 3427 2329; x_wconf 67' lang='lat' dir='ltr'><strong>singulariter</strong></span> 
     </span>
    </p>
   </div>
   <div class='ocr_carea' id='block_1_67' title="bbox 1847 2354 3419 2424">
    <p class='ocr_par' dir='ltr' id='par_1_67' title="bbox 1847 2354 3419 2424">
     <span class='ocr_line' id='line_1_67' title="bbox 1847 2354 3419 2424; baseline -0.001 -18"><span class='ocrx_word' id='word_1_460' title='bbox 1847 2354 2071 2421; x_wconf 87' lang='lat' dir='ltr'><strong>pluralis</strong></span> <span class='ocrx_word' id='word_1_461' title='bbox 2108 2355 2189 2417; x_wconf 82' lang='lat' dir='ltr'><strong>ﬁt,</strong></span> <span class='ocrx_word' id='word_1_462' title='bbox 2220 2367 2267 2407; x_wconf 89' lang='lat' dir='ltr'><strong>et</strong></span> <span class='ocrx_word' id='word_1_463' title='bbox 2289 2356 2689 2424; x_wconf 86' lang='lat' dir='ltr'><strong>multiplicatur</strong></span> <span class='ocrx_word' id='word_1_464' title='bbox 2708 2371 2775 2410; x_wconf 74' lang='lat' dir='ltr'><strong>ex</strong></span> <span class='ocrx_word' id='word_1_465' title='bbox 2799 2359 3007 2409; x_wconf 85' lang='lat' dir='ltr'><strong>unitate</strong></span> <span class='ocrx_word' id='word_1_466' title='bbox 3036 2372 3143 2408; x_wconf 89' lang='lat' dir='ltr'><strong>non</strong></span> <span class='ocrx_word' id='word_1_467' title='bbox 3176 2356 3419 2408; x_wconf 62' lang='lat' dir='ltr'><strong>exiens.»</strong></span> 
     </span>
    </p>
   </div>
   <div class='ocr_carea' id='block_1_68' title="bbox 1851 2432 3433 2508">
    <p class='ocr_par' dir='ltr' id='par_1_68' title="bbox 1851 2432 3433 2508">
     <span class='ocr_line' id='line_1_68' title="bbox 1851 2432 3433 2508; baseline 0.003 -16"><span class='ocrx_word' id='word_1_468' title='bbox 1851 2432 1915 2492; x_wconf 77' lang='lat' dir='ltr'><strong>Et</strong></span> <span class='ocrx_word' id='word_1_469' title='bbox 1971 2442 2134 2508; x_wconf 90' lang='lat' dir='ltr'><strong>paulo</strong></span> <span class='ocrx_word' id='word_1_470' title='bbox 2192 2442 2383 2497; x_wconf 82' lang='lat' dir='ltr'><strong>infra:</strong></span> <span class='ocrx_word' id='word_1_471' title='bbox 2422 2462 2440 2494; x_wconf 84' lang='lat' dir='ltr'><strong>t</strong></span> <span class='ocrx_word' id='word_1_472' title='bbox 2479 2443 2586 2497; x_wconf 84' lang='lat' dir='ltr'><strong>llas</strong></span> <span class='ocrx_word' id='word_1_473' title='bbox 2642 2460 2739 2499; x_wconf 92' lang='lat' dir='ltr'><strong>nos</strong></span> <span class='ocrx_word' id='word_1_474' title='bbox 2793 2460 3115 2499; x_wconf 72' lang='lat' dir='ltr'><strong>communes</strong></span> <span class='ocrx_word' id='word_1_475' title='bbox 3168 2455 3221 2496; x_wconf 88' lang='lat' dir='ltr'><strong>et</strong></span> <span class='ocrx_word' id='word_1_476' title='bbox 3254 2447 3433 2497; x_wconf 83' lang='lat' dir='ltr'><strong>unitas</strong></span> 
     </span>
    </p>
   </div>
   <div class='ocr_carea' id='block_1_69' title="bbox 1852 2533 3427 2601">
    <p class='ocr_par' dir='ltr' id='par_1_69' title="bbox 1852 2533 3427 2601">
     <span class='ocr_line' id='line_1_69' title="bbox 1852 2533 3427 2601; baseline 0.004 -17"><span class='ocrx_word' id='word_1_477' title='bbox 1852 2533 2015 2585; x_wconf 85' lang='lat' dir='ltr'><strong>totius</strong></span> <span class='ocrx_word' id='word_1_478' title='bbox 2048 2533 2356 2589; x_wconf 79' lang='lat' dir='ltr'><strong>divinitatis</strong></span> <span class='ocrx_word' id='word_1_479' title='bbox 2378 2536 2782 2601; x_wconf 83' lang='lat' dir='ltr'><strong>distinctiones,</strong></span> <span class='ocrx_word' id='word_1_480' title='bbox 2818 2552 2911 2590; x_wconf 84' lang='lat' dir='ltr'><strong>seu</strong></span> <span class='ocrx_word' id='word_1_481' title='bbox 2947 2538 3071 2590; x_wconf 90' lang='lat' dir='ltr'><strong>boni</strong></span> <span class='ocrx_word' id='word_1_482' title='bbox 3106 2537 3427 2601; x_wconf 83' lang='lat' dir='ltr'><strong>etlusioncs,</strong></span> 
     </span>
    </p>
   </div>
   <div class='ocr_carea' id='block_1_70' title="bbox 1848 2622 3433 2695">
    <p class='ocr_par' dir='ltr' id='par_1_70' title="bbox 1848 2622 3433 2695">
     <span class='ocr_line' id='line_1_70' title="bbox 1848 2622 3433 2695; baseline 0.001 -18"><span class='ocrx_word' id='word_1_483' title='bbox 1848 2622 2128 2678; x_wconf 81' lang='lat' dir='ltr'><strong>celebrare</strong></span> <span class='ocrx_word' id='word_1_484' title='bbox 2162 2639 2268 2692; x_wconf 90' lang='lat' dir='ltr'><strong>qua</strong></span> <span class='ocrx_word' id='word_1_485' title='bbox 2334 2626 2448 2679; x_wconf 87' lang='lat' dir='ltr'><strong>ﬁeri</strong></span> <span class='ocrx_word' id='word_1_486' title='bbox 2501 2636 2680 2695; x_wconf 86' lang='lat' dir='ltr'><strong>potest</strong></span> <span class='ocrx_word' id='word_1_487' title='bbox 2714 2627 3059 2681; x_wconf 84' lang='lat' dir='ltr'><strong>conabimur.</strong></span> <span class='ocrx_word' id='word_1_488' title='bbox 3098 2646 3117 2677; x_wconf 69' lang='grc' dir='ltr'><strong>ι</strong></span> <span class='ocrx_word' id='word_1_489' title='bbox 3167 2628 3242 2681; x_wconf 88' lang='lat' dir='ltr'><strong>lta</strong></span> <span class='ocrx_word' id='word_1_490' title='bbox 3285 2629 3433 2680; x_wconf 84' lang='lat' dir='ltr'><strong>clare</strong></span> 
     </span>
    </p>
   </div>
   <div class='ocr_carea' id='block_1_71' title="bbox 1847 2714 3432 2781">
    <p class='ocr_par' dir='ltr' id='par_1_71' title="bbox 1847 2714 3432 2781">
     <span class='ocr_line' id='line_1_71' title="bbox 1847 2714 3432 2781; baseline 0.001 -18"><span class='ocrx_word' id='word_1_491' title='bbox 1847 2714 2087 2765; x_wconf 80' lang='lat' dir='ltr'><strong>ostendit</strong></span> <span class='ocrx_word' id='word_1_492' title='bbox 2117 2715 2169 2766; x_wconf 86' lang='lat' dir='ltr'><strong>in</strong></span> <span class='ocrx_word' id='word_1_493' title='bbox 2212 2714 2322 2767; x_wconf 85' lang='lat' dir='ltr'><strong>Deo</strong></span> <span class='ocrx_word' id='word_1_494' title='bbox 2362 2729 2469 2767; x_wconf 90' lang='lat' dir='ltr'><strong>non</strong></span> <span class='ocrx_word' id='word_1_495' title='bbox 2496 2716 2665 2769; x_wconf 87' lang='lat' dir='ltr'><strong>solam</strong></span> <span class='ocrx_word' id='word_1_496' title='bbox 2694 2729 2816 2768; x_wconf 87' lang='lat' dir='ltr'><strong>esse</strong></span> <span class='ocrx_word' id='word_1_497' title='bbox 2857 2729 3207 2781; x_wconf 85' lang='lat' dir='ltr'><strong>personarum</strong></span> <span class='ocrx_word' id='word_1_498' title='bbox 3232 2714 3432 2766; x_wconf 81' lang='lat' dir='ltr'><strong>distin-</strong></span> 
     </span>
    </p>
   </div>
   <div class='ocr_carea' id='block_1_72' title="bbox 1848 2803 3431 2873">
    <p class='ocr_par' dir='ltr' id='par_1_72' title="bbox 1848 2803 3431 2873">
     <span class='ocr_line' id='line_1_72' title="bbox 1848 2803 3431 2873; baseline 0.001 -20"><span class='ocrx_word' id='word_1_499' title='bbox 1848 2803 2109 2864; x_wconf 80' lang='lat' dir='ltr'><strong>ctiouetu.</strong></span> <span class='ocrx_word' id='word_1_500' title='bbox 2142 2806 2235 2856; x_wconf 72' lang='lat' dir='ltr'><strong>sed</strong></span> <span class='ocrx_word' id='word_1_501' title='bbox 2274 2815 2326 2857; x_wconf 83' lang='lat' dir='ltr'><strong>et</strong></span> <span class='ocrx_word' id='word_1_502' title='bbox 2353 2806 2513 2858; x_wconf 86' lang='lat' dir='ltr'><strong>aliam</strong></span> <span class='ocrx_word' id='word_1_503' title='bbox 2550 2821 2701 2868; x_wconf 79' lang='lat' dir='ltr'><strong>esse;</strong></span> <span class='ocrx_word' id='word_1_504' title='bbox 2736 2822 2895 2873; x_wconf 81' lang='lat' dir='ltr'><strong>quam</strong></span> <span class='ocrx_word' id='word_1_505' title='bbox 2926 2807 3141 2873; x_wconf 77' lang='lat' dir='ltr'><strong>quidem</strong></span> <span class='ocrx_word' id='word_1_506' title='bbox 3210 2808 3370 2857; x_wconf 82' lang='lat' dir='ltr'><strong>aliam</strong></span> <span class='ocrx_word' id='word_1_507' title='bbox 3403 2821 3431 2857; x_wconf 87' lang='lat' dir='ltr'><strong>a</strong></span> 
     </span>
    </p>
   </div>
   <div class='ocr_carea' id='block_1_73' title="bbox 1852 2896 3433 2965">
    <p class='ocr_par' dir='ltr' id='par_1_73' title="bbox 1852 2896 3433 2965">
     <span class='ocr_line' id='line_1_73' title="bbox 1852 2896 3433 2965; baseline 0.003 -19"><span class='ocrx_word' id='word_1_508' title='bbox 1852 2896 2121 2962; x_wconf 76' lang='lat' dir='ltr'><strong>personati</strong></span> <span class='ocrx_word' id='word_1_509' title='bbox 2149 2898 2519 2965; x_wconf 74' lang='lat' dir='ltr'><strong>distinctione,</strong></span> <span class='ocrx_word' id='word_1_510' title='bbox 2574 2898 2871 2951; x_wconf 80' lang='lat' dir='ltr'><strong>divinitatis</strong></span> <span class='ocrx_word' id='word_1_511' title='bbox 2897 2901 3057 2952; x_wconf 81' lang='lat' dir='ltr'><strong>etiam</strong></span> <span class='ocrx_word' id='word_1_512' title='bbox 3130 2900 3433 2952; x_wconf 81' lang='lat' dir='ltr'><strong>distinctiu-</strong></span> 
     </span>
    </p>
   </div>
   <div class='ocr_carea' id='block_1_74' title="bbox 1849 2986 3435 3055">
    <p class='ocr_par' dir='ltr' id='par_1_74' title="bbox 1849 2986 3435 3055">
     <span class='ocr_line' id='line_1_74' title="bbox 1849 2986 3435 3055; baseline 0.001 -17"><span class='ocrx_word' id='word_1_513' title='bbox 1849 3000 1971 3038; x_wconf 88' lang='lat' dir='ltr'><strong>nem</strong></span> <span class='ocrx_word' id='word_1_514' title='bbox 2007 2997 2183 3039; x_wconf 87' lang='lat' dir='ltr'><strong>vocat.</strong></span> <span class='ocrx_word' id='word_1_515' title='bbox 2219 2986 2353 3039; x_wconf 78' lang='lat' dir='ltr'><strong>Nam</strong></span> <span class='ocrx_word' id='word_1_516' title='bbox 2381 2988 2657 3041; x_wconf 87' lang='lat' dir='ltr'><strong>distinctio</strong></span> <span class='ocrx_word' id='word_1_517' title='bbox 2686 3004 3037 3055; x_wconf 83' lang='lat' dir='ltr'><strong>personarum</strong></span> <span class='ocrx_word' id='word_1_518' title='bbox 3107 3005 3210 3041; x_wconf 84' lang='lat' dir='ltr'><strong>non</strong></span> <span class='ocrx_word' id='word_1_519' title='bbox 3238 2990 3435 3042; x_wconf 80' lang='lat' dir='ltr'><strong>divini-</strong></span> 
     </span>
    </p>
   </div>
   <div class='ocr_carea' id='block_1_75' title="bbox 1852 3070 3437 3153">
    <p class='ocr_par' dir='ltr' id='par_1_75' title="bbox 1852 3070 3437 3153">
     <span class='ocr_line' id='line_1_75' title="bbox 1852 3070 3437 3153; baseline 0.004 -26"><span class='ocrx_word' id='word_1_520' title='bbox 1852 3076 1980 3129; x_wconf 89' lang='lat' dir='ltr'><strong>tatis</strong></span> <span class='ocrx_word' id='word_1_521' title='bbox 2030 3087 2114 3130; x_wconf 89' lang='lat' dir='ltr'><strong>est</strong></span> <span class='ocrx_word' id='word_1_522' title='bbox 2152 3070 2449 3131; x_wconf 84' lang='lat' dir='ltr'><strong>distinctio.</strong></span> <span class='ocrx_word' id='word_1_523' title='bbox 2509 3078 2572 3131; x_wconf 83' lang='lat' dir='ltr'><strong>Et</strong></span> <span class='ocrx_word' id='word_1_524' title='bbox 2639 3080 2842 3133; x_wconf 83' lang='lat' dir='ltr'><strong>divinis</strong></span> <span class='ocrx_word' id='word_1_525' title='bbox 2894 3080 3338 3153; x_wconf 71' lang='lat' dir='ltr'><strong>processiouiiius</strong></span> <span class='ocrx_word' id='word_1_526' title='bbox 3382 3093 3437 3133; x_wconf 85' lang='lat' dir='ltr'><strong>et</strong></span> 
     </span>
    </p>
   </div>
   <div class='ocr_carea' id='block_1_76' title="bbox 1850 3170 3433 3240">
    <p class='ocr_par' dir='ltr' id='par_1_76' title="bbox 1850 3170 3433 3240">
     <span class='ocr_line' id='line_1_76' title="bbox 1850 3170 3433 3240; baseline 0.003 -21"><span class='ocrx_word' id='word_1_527' title='bbox 1850 3170 2266 3237; x_wconf 81' lang='lat' dir='ltr'><strong>operationibus</strong></span> <span class='ocrx_word' id='word_1_528' title='bbox 2297 3171 2648 3239; x_wconf 88' lang='lat' dir='ltr'><strong>multiplicem</strong></span> <span class='ocrx_word' id='word_1_529' title='bbox 2698 3183 2750 3223; x_wconf 89' lang='lat' dir='ltr'><strong>ct</strong></span> <span class='ocrx_word' id='word_1_530' title='bbox 2788 3171 3045 3240; x_wconf 83' lang='lat' dir='ltr'><strong>pluralem</strong></span> <span class='ocrx_word' id='word_1_531' title='bbox 3098 3174 3212 3224; x_wconf 77' lang='lat' dir='ltr'><strong>fieri</strong></span> <span class='ocrx_word' id='word_1_532' title='bbox 3266 3172 3433 3225; x_wconf 82' lang='lat' dir='ltr'><strong>Deum</strong></span> 
     </span>
    </p>
   </div>
   <div class='ocr_carea' id='block_1_77' title="bbox 1850 3255 3422 3333">
    <p class='ocr_par' dir='ltr' id='par_1_77' title="bbox 1850 3255 3422 3333">
     <span class='ocr_line' id='line_1_77' title="bbox 1850 3255 3422 3333; baseline 0.001 -20"><span class='ocrx_word' id='word_1_533' title='bbox 1850 3258 2002 3321; x_wconf 72' lang='lat' dir='ltr'><strong>mea.</strong></span> <span class='ocrx_word' id='word_1_534' title='bbox 2035 3270 2088 3313; x_wconf 92' lang='lat' dir='ltr'><strong>et</strong></span> <span class='ocrx_word' id='word_1_535' title='bbox 2106 3255 2220 3315; x_wconf 72' lang='lat' dir='ltr'><strong>&#39;ltoc</strong></span> <span class='ocrx_word' id='word_1_536' title='bbox 2247 3264 2405 3315; x_wconf 92' lang='lat' dir='ltr'><strong>modo</strong></span> <span class='ocrx_word' id='word_1_537' title='bbox 2434 3262 2573 3315; x_wconf 91' lang='lat' dir='ltr'><strong>idem</strong></span> <span class='ocrx_word' id='word_1_538' title='bbox 2615 3277 2737 3317; x_wconf 84' lang='lat' dir='ltr'><strong>esse</strong></span> <span class='ocrx_word' id='word_1_539' title='bbox 2770 3264 3179 3330; x_wconf 81' lang='lat' dir='ltr'><strong>processionctu</strong></span> <span class='ocrx_word' id='word_1_540' title='bbox 3216 3273 3270 3316; x_wconf 89' lang='lat' dir='ltr'><strong>et</strong></span> <span class='ocrx_word' id='word_1_541' title='bbox 3298 3279 3422 3333; x_wconf 88' lang='lat' dir='ltr'><strong>pro-</strong></span> 
     </span>
    </p>
   </div>
   <div class='ocr_carea' id='block_1_78' title="bbox 1852 3355 3428 3423">
    <p class='ocr_par' dir='ltr' id='par_1_78' title="bbox 1852 3355 3428 3423">
     <span class='ocr_line' id='line_1_78' title="bbox 1852 3355 3428 3423; baseline 0 -18"><span class='ocrx_word' id='word_1_542' title='bbox 1852 3355 2162 3419; x_wconf 83' lang='lat' dir='ltr'><strong>cessiones;</strong></span> <span class='ocrx_word' id='word_1_543' title='bbox 2194 3355 2429 3408; x_wconf 78' lang='lat' dir='ltr'><strong>essentia</strong></span> <span class='ocrx_word' id='word_1_544' title='bbox 2478 3370 2603 3408; x_wconf 87' lang='lat' dir='ltr'><strong>vero</strong></span> <span class='ocrx_word' id='word_1_545' title='bbox 2671 3371 2777 3408; x_wconf 89' lang='lat' dir='ltr'><strong>non</strong></span> <span class='ocrx_word' id='word_1_546' title='bbox 2824 3356 3175 3423; x_wconf 83' lang='lat' dir='ltr'><strong>multipticari</strong></span> <span class='ocrx_word' id='word_1_547' title='bbox 3233 3356 3428 3417; x_wconf 82' lang='lat' dir='ltr'><strong>Deum,</strong></span> 
     </span>
    </p>
   </div>
   <div class='ocr_carea' id='block_1_79' title="bbox 1853 3446 3432 3517">
    <p class='ocr_par' dir='ltr' id='par_1_79' title="bbox 1853 3446 3432 3517">
     <span class='ocr_line' id='line_1_79' title="bbox 1853 3446 3432 3517; baseline 0.001 -18"><span class='ocrx_word' id='word_1_548' title='bbox 1853 3446 2029 3500; x_wconf 76' lang='lat' dir='ltr'><strong>absit!</strong></span> <span class='ocrx_word' id='word_1_549' title='bbox 2072 3463 2247 3516; x_wconf 87' lang='lat' dir='ltr'><strong>neque</strong></span> <span class='ocrx_word' id='word_1_550' title='bbox 2288 3449 2436 3502; x_wconf 86' lang='lat' dir='ltr'><strong>enim</strong></span> <span class='ocrx_word' id='word_1_551' title='bbox 2488 3464 2595 3517; x_wconf 90' lang='lat' dir='ltr'><strong>qua</strong></span> <span class='ocrx_word' id='word_1_552' title='bbox 2657 3448 2799 3502; x_wconf 86' lang='lat' dir='ltr'><strong>Deus</strong></span> <span class='ocrx_word' id='word_1_553' title='bbox 2850 3450 3205 3517; x_wconf 72' lang='lat' dir='ltr'><strong>distinguitur</strong></span> <span class='ocrx_word' id='word_1_554' title='bbox 3237 3488 3250 3509; x_wconf 87' lang='lat'><strong>,</strong></span> <span class='ocrx_word' id='word_1_555' title='bbox 3306 3465 3432 3500; x_wconf 76' lang='lat' dir='ltr'><strong>nam</strong></span> 
     </span>
    </p>
   </div>
   <div class='ocr_carea' id='block_1_80' title="bbox 1854 3522 3419 3608">
    <p class='ocr_par' dir='ltr' id='par_1_80' title="bbox 1854 3522 3419 3608">
     <span class='ocr_line' id='line_1_80' title="bbox 1854 3522 3419 3608; baseline -0.003 -16"><span class='ocrx_word' id='word_1_556' title='bbox 1854 3539 2028 3594; x_wconf 82' lang='lat' dir='ltr'><strong>tritius</strong></span> <span class='ocrx_word' id='word_1_557' title='bbox 2058 3552 2140 3594; x_wconf 82' lang='lat' dir='ltr'><strong>est</strong></span> <span class='ocrx_word' id='word_1_558' title='bbox 2164 3540 2318 3593; x_wconf 82' lang='lat' dir='ltr'><strong>nobis</strong></span> <span class='ocrx_word' id='word_1_559' title='bbox 2350 3540 2511 3602; x_wconf 84' lang='lat' dir='ltr'><strong>Deus,</strong></span> <span class='ocrx_word' id='word_1_560' title='bbox 2551 3540 2643 3593; x_wconf 83' lang='lat' dir='ltr'><strong>sed</strong></span> <span class='ocrx_word' id='word_1_561' title='bbox 2673 3522 2778 3592; x_wconf 86' lang='lat' dir='ltr'><strong>non</strong></span> <span class='ocrx_word' id='word_1_562' title='bbox 2822 3542 3039 3608; x_wconf 80' lang='lat' dir='ltr'><strong>triplex.</strong></span> <span class='ocrx_word' id='word_1_563' title='bbox 3079 3538 3419 3591; x_wconf 77' lang='lat' dir='ltr'><strong>Demonstrat</strong></span> 
     </span>
    </p>
   </div>
   <div class='ocr_carea' id='block_1_81' title="bbox 1853 3630 3435 3700">
    <p class='ocr_par' dir='ltr' id='par_1_81' title="bbox 1853 3630 3435 3700">
     <span class='ocr_line' id='line_1_81' title="bbox 1853 3630 3435 3700; baseline -0.006 -15"><span class='ocrx_word' id='word_1_564' title='bbox 1853 3632 2308 3686; x_wconf 87' lang='lat' dir='ltr'><strong>etiamincreatas</strong></span> <span class='ocrx_word' id='word_1_565' title='bbox 2362 3646 2484 3687; x_wconf 76' lang='lat' dir='ltr'><strong>esse</strong></span> <span class='ocrx_word' id='word_1_566' title='bbox 2513 3631 2630 3685; x_wconf 83' lang='lat' dir='ltr'><strong>illas</strong></span> <span class='ocrx_word' id='word_1_567' title='bbox 2669 3631 3049 3700; x_wconf 85' lang='lat' dir='ltr'><strong>processiunes</strong></span> <span class='ocrx_word' id='word_1_568' title='bbox 3089 3641 3140 3683; x_wconf 87' lang='lat' dir='ltr'><strong>et</strong></span> <span class='ocrx_word' id='word_1_569' title='bbox 3166 3630 3435 3697; x_wconf 73' lang='lat' dir='ltr'><strong>Operatio-</strong></span> 
     </span>
    </p>
   </div>
   <div class='ocr_carea' id='block_1_82' title="bbox 1854 3715 3437 3788">
    <p class='ocr_par' dir='ltr' id='par_1_82' title="bbox 1854 3715 3437 3788">
     <span class='ocr_line' id='line_1_82' title="bbox 1854 3715 3437 3788; baseline -0.004 -10"><span class='ocrx_word' id='word_1_570' title='bbox 1854 3740 1951 3778; x_wconf 79' lang='lat' dir='ltr'><strong>ues</strong></span> <span class='ocrx_word' id='word_1_571' title='bbox 1987 3743 2003 3779; x_wconf 86' lang='lat'><strong>:</strong></span> <span class='ocrx_word' id='word_1_572' title='bbox 2038 3715 2250 3779; x_wconf 79' lang='lat' dir='ltr'><strong>divinas</strong></span> <span class='ocrx_word' id='word_1_573' title='bbox 2313 3726 2455 3778; x_wconf 87' lang='lat' dir='ltr'><strong>enim</strong></span> <span class='ocrx_word' id='word_1_574' title='bbox 2500 3739 2595 3777; x_wconf 88' lang='lat' dir='ltr'><strong>eas</strong></span> <span class='ocrx_word' id='word_1_575' title='bbox 2648 3734 2827 3788; x_wconf 78' lang='lat' dir='ltr'><strong>vocat,</strong></span> <span class='ocrx_word' id='word_1_576' title='bbox 2852 3734 2904 3777; x_wconf 90' lang='lat' dir='ltr'><strong>et</strong></span> <span class='ocrx_word' id='word_1_577' title='bbox 2963 3726 3126 3775; x_wconf 81' lang='lat' dir='ltr'><strong>totius</strong></span> <span class='ocrx_word' id='word_1_578' title='bbox 3186 3722 3261 3774; x_wconf 88' lang='lat' dir='ltr'><strong>ait</strong></span> <span class='ocrx_word' id='word_1_579' title='bbox 3312 3737 3437 3775; x_wconf 83' lang='lat' dir='ltr'><strong>esse</strong></span> 
     </span>
    </p>
   </div>
   <div class='ocr_carea' id='block_1_83' title="bbox 1854 3815 3428 3883">
    <p class='ocr_par' dir='ltr' id='par_1_83' title="bbox 1854 3815 3428 3883">
     <span class='ocr_line' id='line_1_83' title="bbox 1854 3815 3428 3883; baseline -0.003 -12"><span class='ocrx_word' id='word_1_580' title='bbox 1854 3818 2155 3872; x_wconf 83' lang='lat' dir='ltr'><strong>divinitatis</strong></span> <span class='ocrx_word' id='word_1_581' title='bbox 2176 3818 2586 3878; x_wconf 72' lang='lat' dir='ltr'><strong>distinctiones.</strong></span> <span class='ocrx_word' id='word_1_582' title='bbox 2619 3826 2673 3870; x_wconf 75' lang='lat' dir='ltr'><strong>et</strong></span> <span class='ocrx_word' id='word_1_583' title='bbox 2707 3819 2879 3883; x_wconf 80' lang='lat' dir='ltr'><strong>ipsam</strong></span> <span class='ocrx_word' id='word_1_584' title='bbox 2912 3817 3041 3869; x_wconf 89' lang='lat' dir='ltr'><strong>dicit</strong></span> <span class='ocrx_word' id='word_1_585' title='bbox 3088 3815 3428 3881; x_wconf 72' lang='lat' dir='ltr'><strong>Maiestatem</strong></span> 
     </span>
    </p>
   </div>
   <div class='ocr_carea' id='block_1_84' title="bbox 1853 3906 3439 3983">
    <p class='ocr_par' dir='ltr' id='par_1_84' title="bbox 1853 3906 3439 3983">
     <span class='ocr_line' id='line_1_84' title="bbox 1853 3906 3439 3983; baseline -0.001 -20"><span class='ocrx_word' id='word_1_586' title='bbox 1853 3924 2164 3976; x_wconf 81' lang='lat' dir='ltr'><strong>supremam</strong></span> <span class='ocrx_word' id='word_1_587' title='bbox 2196 3908 2398 3983; x_wconf 73' lang='lat' dir='ltr'><strong>divinis</strong></span> <span class='ocrx_word' id='word_1_588' title='bbox 2448 3908 2898 3976; x_wconf 86' lang='lat' dir='ltr'><strong>processionibus</strong></span> <span class='ocrx_word' id='word_1_589' title='bbox 2942 3917 2996 3959; x_wconf 91' lang='lat' dir='ltr'><strong>et</strong></span> <span class='ocrx_word' id='word_1_590' title='bbox 3021 3906 3439 3974; x_wconf 81' lang='lat' dir='ltr'><strong>operationibus</strong></span> 
     </span>
    </p>
   </div>
   <div class='ocr_carea' id='block_1_85' title="bbox 1857 3997 3436 4070">
    <p class='ocr_par' dir='ltr' id='par_1_85' title="bbox 1857 3997 3436 4070">
     <span class='ocr_line' id='line_1_85' title="bbox 1857 3997 3436 4070; baseline -0.003 -17"><span class='ocrx_word' id='word_1_591' title='bbox 1857 4000 1965 4054; x_wconf 89' lang='lat' dir='ltr'><strong>illis</strong></span> <span class='ocrx_word' id='word_1_592' title='bbox 1993 4001 2253 4070; x_wconf 84' lang='lat' dir='ltr'><strong>pluralem</strong></span> <span class='ocrx_word' id='word_1_593' title='bbox 2285 4014 2403 4054; x_wconf 83' lang='lat' dir='ltr'><strong>sese</strong></span> <span class='ocrx_word' id='word_1_594' title='bbox 2432 4011 2487 4052; x_wconf 90' lang='lat' dir='ltr'><strong>et</strong></span> <span class='ocrx_word' id='word_1_595' title='bbox 2520 3998 2878 4065; x_wconf 80' lang='lat' dir='ltr'><strong>multiplicem</strong></span> <span class='ocrx_word' id='word_1_596' title='bbox 2936 3997 3126 4051; x_wconf 67' lang='lat' dir='ltr'><strong>lavere</strong></span> <span class='ocrx_word' id='word_1_597' title='bbox 3175 4012 3279 4049; x_wconf 91' lang='lat' dir='ltr'><strong>non</strong></span> <span class='ocrx_word' id='word_1_598' title='bbox 3337 3998 3436 4049; x_wconf 79' lang='lat' dir='ltr'><strong>ali-</strong></span> 
     </span>
    </p>
   </div>
   <div class='ocr_carea' id='block_1_86' title="bbox 1857 4089 3436 4162">
    <p class='ocr_par' dir='ltr' id='par_1_86' title="bbox 1857 4089 3436 4162">
     <span class='ocr_line' id='line_1_86' title="bbox 1857 4089 3436 4162; baseline -0.003 -16"><span class='ocrx_word' id='word_1_599' title='bbox 1857 4098 1987 4162; x_wconf 82' lang='lat' dir='ltr'><strong>quid</strong></span> <span class='ocrx_word' id='word_1_600' title='bbox 2020 4102 2341 4147; x_wconf 79' lang='lat' dir='ltr'><strong>extraneum</strong></span> <span class='ocrx_word' id='word_1_601' title='bbox 2390 4096 2741 4154; x_wconf 83' lang='lat' dir='ltr'><strong>assumendo,</strong></span> <span class='ocrx_word' id='word_1_602' title='bbox 2773 4091 2949 4144; x_wconf 85' lang='lat' dir='ltr'><strong>absitl</strong></span> <span class='ocrx_word' id='word_1_603' title='bbox 2980 4089 3245 4142; x_wconf 81' lang='lat' dir='ltr'><strong>Pra-tcrca</strong></span> <span class='ocrx_word' id='word_1_604' title='bbox 3276 4089 3436 4157; x_wconf 80' lang='lat' dir='ltr'><strong>polli-</strong></span> 
     </span>
    </p>
   </div>
   <div class='ocr_carea' id='block_1_87' title="bbox 1856 4182 3440 4255">
    <p class='ocr_par' dir='ltr' id='par_1_87' title="bbox 1856 4182 3440 4255">
     <span class='ocr_line' id='line_1_87' title="bbox 1856 4182 3440 4255; baseline -0.004 -15"><span class='ocrx_word' id='word_1_605' title='bbox 1856 4198 2010 4241; x_wconf 87' lang='lat' dir='ltr'><strong>cetur</strong></span> <span class='ocrx_word' id='word_1_606' title='bbox 2038 4201 2097 4241; x_wconf 85' lang='lat' dir='ltr'><strong>se</strong></span> <span class='ocrx_word' id='word_1_607' title='bbox 2134 4189 2229 4239; x_wconf 85' lang='lat' dir='ltr'><strong>has</strong></span> <span class='ocrx_word' id='word_1_608' title='bbox 2264 4186 2645 4255; x_wconf 86' lang='lat' dir='ltr'><strong>processiones</strong></span> <span class='ocrx_word' id='word_1_609' title='bbox 2678 4185 3081 4238; x_wconf 81' lang='lat' dir='ltr'><strong>celebraturnm</strong></span> <span class='ocrx_word' id='word_1_610' title='bbox 3107 4198 3121 4247; x_wconf 90' lang='lat'><strong>;</strong></span> <span class='ocrx_word' id='word_1_611' title='bbox 3147 4192 3201 4235; x_wconf 84' lang='lat' dir='ltr'><strong>et</strong></span> <span class='ocrx_word' id='word_1_612' title='bbox 3225 4182 3440 4235; x_wconf 88' lang='lat' dir='ltr'><strong>addens</strong></span> 
     </span>
    </p>
   </div>
   <div class='ocr_carea' id='block_1_88' title="bbox 1862 4274 3437 4348">
    <p class='ocr_par' dir='ltr' id='par_1_88' title="bbox 1862 4274 3437 4348">
     <span class='ocr_line' id='line_1_88' title="bbox 1862 4274 3437 4348; baseline -0.003 -16"><span class='ocrx_word' id='word_1_613' title='bbox 1862 4298 1882 4332; x_wconf 79' lang='grc' dir='ltr'><strong>ι</strong></span> <span class='ocrx_word' id='word_1_614' title='bbox 1922 4296 2025 4348; x_wconf 87' lang='lat' dir='ltr'><strong>qua</strong></span> <span class='ocrx_word' id='word_1_615' title='bbox 2060 4280 2172 4333; x_wconf 78' lang='lat' dir='ltr'><strong>fieri</strong></span> <span class='ocrx_word' id='word_1_616' title='bbox 2224 4290 2401 4347; x_wconf 84' lang='lat' dir='ltr'><strong>potest</strong></span> <span class='ocrx_word' id='word_1_617' title='bbox 2432 4298 2477 4340; x_wconf 78' lang='grc' dir='ltr'><strong>ι,</strong></span> <span class='ocrx_word' id='word_1_618' title='bbox 2514 4293 2607 4332; x_wconf 84' lang='lat' dir='ltr'><strong>eas</strong></span> <span class='ocrx_word' id='word_1_619' title='bbox 2637 4293 2759 4331; x_wconf 86' lang='lat' dir='ltr'><strong>esse</strong></span> <span class='ocrx_word' id='word_1_620' title='bbox 2812 4278 2956 4328; x_wconf 89' lang='lat' dir='ltr'><strong>omni</strong></span> <span class='ocrx_word' id='word_1_621' title='bbox 2990 4276 3147 4329; x_wconf 87' lang='lat' dir='ltr'><strong>laude</strong></span> <span class='ocrx_word' id='word_1_622' title='bbox 3182 4274 3437 4340; x_wconf 68' lang='lat' dir='ltr'><strong>majores,</strong></span> 
     </span>
    </p>
   </div>
   <div class='ocr_carea' id='block_1_89' title="bbox 1860 4367 3445 4440">
    <p class='ocr_par' dir='ltr' id='par_1_89' title="bbox 1860 4367 3445 4440">
     <span class='ocr_line' id='line_1_89' title="bbox 1860 4367 3445 4440; baseline -0.004 -15"><span class='ocrx_word' id='word_1_623' title='bbox 1860 4371 2093 4426; x_wconf 73' lang='lat' dir='ltr'><strong>ostendit</strong></span> <span class='ocrx_word' id='word_1_624' title='bbox 2121 4372 2207 4424; x_wconf 79' lang='lat' dir='ltr'><strong>ille</strong></span> <span class='ocrx_word' id='word_1_625' title='bbox 2256 4370 2567 4425; x_wconf 86' lang='lat' dir='ltr'><strong>divinorum</strong></span> <span class='ocrx_word' id='word_1_626' title='bbox 2617 4368 3060 4440; x_wconf 84' lang='lat' dir='ltr'><strong>hymnidicorum</strong></span> <span class='ocrx_word' id='word_1_627' title='bbox 3100 4367 3445 4422; x_wconf 54' lang='lat' dir='ltr'><strong>sublitnissto</strong></span> 
     </span>
    </p>
   </div>
   <div class='ocr_carea' id='block_1_90' title="bbox 1862 4478 2002 4516">
    <p class='ocr_par' dir='ltr' id='par_1_90' title="bbox 1862 4478 2002 4516">
     <span class='ocr_line' id='line_1_90' title="bbox 1862 4478 2002 4516; baseline 0.014 -2"><span class='ocrx_word' id='word_1_628' title='bbox 1862 4478 2002 4516; x_wconf 67' lang='grc'><strong>111118.</strong></span> 
     </span>
    </p>
   </div>
   <div class='ocr_carea' id='block_1_91' title="bbox 256 4638 1753 4713">
    <p class='ocr_par' dir='ltr' id='par_1_91' title="bbox 256 4640 1753 4713">
     <span class='ocr_line' id='line_1_91' title="bbox 256 4640 1753 4713; baseline -0.003 -15"><span class='ocrx_word' id='word_1_629' title='bbox 256 4645 378 4710; x_wconf 75' lang='grc' dir='ltr'>σις’.</span> <span class='ocrx_word' id='word_1_630' title='bbox 432 4648 489 4698; x_wconf 91' lang='grc' dir='ltr'>Ὀ</span> <span class='ocrx_word' id='word_1_631' title='bbox 540 4646 701 4707; x_wconf 69' lang='grc' dir='ltr'>αύτδς</span> <span class='ocrx_word' id='word_1_632' title='bbox 736 4643 1074 4713; x_wconf 82' lang='grc' dir='ltr'>θεοφάντωρ,</span> <span class='ocrx_word' id='word_1_633' title='bbox 1106 4640 1276 4694; x_wconf 85' lang='grc' dir='ltr'>εἰπὼν</span> <span class='ocrx_word' id='word_1_634' title='bbox 1312 4641 1571 4711; x_wconf 81' lang='grc' dir='ltr'>ἀνωτέρω</span> <span class='ocrx_word' id='word_1_635' title='bbox 1610 4641 1753 4694; x_wconf 86' lang='grc' dir='ltr'>θείαν</span> 
     </span>
    </p>
   </div>
   <div class='ocr_carea' id='block_1_92' title="bbox 1853 4638 3451 4713">
    <p class='ocr_par' dir='ltr' id='par_1_92' title="bbox 1938 4638 3451 4708">
     <span class='ocr_line' id='line_1_92' title="bbox 1938 4638 3451 4708; baseline -0.001 -13"><span class='ocrx_word' id='word_1_636' title='bbox 1938 4639 2029 4695; x_wconf 84' lang='grc'><strong>86.</strong></span> <span class='ocrx_word' id='word_1_637' title='bbox 2071 4641 2217 4695; x_wconf 85' lang='lat' dir='ltr'><strong>idem</strong></span> <span class='ocrx_word' id='word_1_638' title='bbox 2249 4641 2553 4708; x_wconf 77' lang='lat' dir='ltr'><strong>theologus,</strong></span> <span class='ocrx_word' id='word_1_639' title='bbox 2585 4639 2842 4702; x_wconf 68' lang='lat' dir='ltr'><strong>prazl‘atus</strong></span> <span class='ocrx_word' id='word_1_640' title='bbox 2873 4638 3110 4692; x_wconf 88' lang='lat' dir='ltr'><strong>divinam</strong></span> <span class='ocrx_word' id='word_1_641' title='bbox 3140 4638 3451 4693; x_wconf 65' lang='lat' dir='ltr'><strong>distinctio-</strong></span> 
     </span>
    </p>
   </div>
   <div class='ocr_carea' id='block_1_93' title="bbox 182 4728 1758 4804">
    <p class='ocr_par' dir='ltr' id='par_1_93' title="bbox 182 4728 1758 4804">
     <span class='ocr_line' id='line_1_93' title="bbox 182 4728 1758 4804; baseline -0.001 -16"><span class='ocrx_word' id='word_1_642' title='bbox 182 4736 460 4804; x_wconf 76' lang='grc' dir='ltr'>διάκρισιν</span> <span class='ocrx_word' id='word_1_643' title='bbox 504 4728 777 4803; x_wconf 81' lang='grc' dir='ltr'>εἶναιτὴν</span> <span class='ocrx_word' id='word_1_644' title='bbox 808 4733 1175 4802; x_wconf 81' lang='grc' dir='ltr'>ἁγαθοπρεπῆ</span> <span class='ocrx_word' id='word_1_645' title='bbox 1230 4732 1479 4803; x_wconf 77' lang='grc' dir='ltr'>πρόοδον,</span> <span class='ocrx_word' id='word_1_646' title='bbox 1530 4734 1758 4800; x_wconf 76' lang='grc' dir='ltr'>ἐπαγειο</span> 
     </span>
    </p>
   </div>
   <div class='ocr_carea' id='block_1_94' title="bbox 190 4822 1760 4895">
    <p class='ocr_par' dir='ltr' id='par_1_94' title="bbox 190 4822 1760 4895">
     <span class='ocr_line' id='line_1_94' title="bbox 190 4822 1760 4895; baseline -0.001 -18"><span class='ocrx_word' id='word_1_647' title='bbox 190 4844 210 4877; x_wconf 83' lang='lat' dir='ltr'><strong>t</strong></span> <span class='ocrx_word' id='word_1_648' title='bbox 236 4827 549 4895; x_wconf 78' lang='grc' dir='ltr'>Ἦνωμέναι</span> <span class='ocrx_word' id='word_1_649' title='bbox 586 4826 685 4894; x_wconf 77' lang='grc' dir='ltr'>μέν</span> <span class='ocrx_word' id='word_1_650' title='bbox 732 4827 841 4877; x_wconf 81' lang='grc' dir='ltr'>εἰσι</span> <span class='ocrx_word' id='word_1_651' title='bbox 880 4826 1023 4877; x_wconf 82' lang='grc' dir='ltr'>κατᾶ</span> <span class='ocrx_word' id='word_1_652' title='bbox 1067 4824 1166 4892; x_wconf 77' lang='grc' dir='ltr'><strong>τὴν</strong></span> <span class='ocrx_word' id='word_1_653' title='bbox 1218 4822 1367 4876; x_wconf 81' lang='grc' dir='ltr'>θείαν</span> <span class='ocrx_word' id='word_1_654' title='bbox 1406 4824 1673 4895; x_wconf 83' lang='grc' dir='ltr'>διάκρισιν</span> <span class='ocrx_word' id='word_1_655' title='bbox 1705 4827 1760 4877; x_wconf 84' lang='lat' dir='ltr'><strong>ad.</strong></span> 
     </span>
    </p>
   </div>
   <div class='ocr_carea' id='block_1_95' title="bbox 186 4915 1764 4986">
    <p class='ocr_par' dir='ltr' id='par_1_95' title="bbox 186 4915 1764 4986">
     <span class='ocr_line' id='line_1_95' title="bbox 186 4915 1764 4986; baseline -0.001 -16"><span class='ocrx_word' id='word_1_656' title='bbox 186 4918 409 4986; x_wconf 78' lang='grc' dir='ltr'>ἔσχατοι</span> <span class='ocrx_word' id='word_1_657' title='bbox 456 4918 790 4985; x_wconf 75' lang='grc' dir='ltr'>μεταδόσεις.</span> <span class='ocrx_word' id='word_1_658' title='bbox 817 4936 835 4969; x_wconf 73' lang='grc' dir='ltr'><strong>ι</strong></span> <span class='ocrx_word' id='word_1_659' title='bbox 890 4916 1220 4978; x_wconf 85' lang='grc' dir='ltr'>Μεταδόσεις</span> <span class='ocrx_word' id='word_1_660' title='bbox 1257 4915 1355 4983; x_wconf 85' lang='grc' dir='ltr'>μὲν</span> <span class='ocrx_word' id='word_1_661' title='bbox 1404 4915 1496 4967; x_wconf 73' lang='grc' dir='ltr'><strong>οὖν</strong></span> <span class='ocrx_word' id='word_1_662' title='bbox 1529 4916 1764 4970; x_wconf 71' lang='grc' dir='ltr'>ἐνταῦθα</span> 
     </span>
    </p>
   </div>
   <div class='ocr_carea' id='block_1_96' title="bbox 188 5002 1760 5077">
    <p class='ocr_par' dir='ltr' id='par_1_96' title="bbox 188 5002 1760 5077">
     <span class='ocr_line' id='line_1_96' title="bbox 188 5002 1760 5077; baseline -0.003 -14"><span class='ocrx_word' id='word_1_663' title='bbox 188 5002 473 5063; x_wconf 74' lang='grc' dir='ltr'>συλλαϐὼν</span> <span class='ocrx_word' id='word_1_664' title='bbox 517 5010 698 5072; x_wconf 79' lang='grc' dir='ltr'>πάσας</span> <span class='ocrx_word' id='word_1_665' title='bbox 748 5011 847 5071; x_wconf 76' lang='grc' dir='ltr'>τὰς</span> <span class='ocrx_word' id='word_1_666' title='bbox 898 5009 1161 5077; x_wconf 81' lang='grc' dir='ltr'>προόδους</span> <span class='ocrx_word' id='word_1_667' title='bbox 1207 5008 1300 5059; x_wconf 70' lang='grc' dir='ltr'>καὶ</span> <span class='ocrx_word' id='word_1_668' title='bbox 1351 5008 1630 5077; x_wconf 82' lang='grc' dir='ltr'>ἐνεργείας</span> <span class='ocrx_word' id='word_1_669' title='bbox 1667 5006 1760 5059; x_wconf 80' lang='grc' dir='ltr'><strong>τοῦ</strong></span> 
     </span>
    </p>
   </div>
   <div class='ocr_carea' id='block_1_97' title="bbox 186 5096 1765 5171">
    <p class='ocr_par' dir='ltr' id='par_1_97' title="bbox 186 5096 1765 5171">
     <span class='ocr_line' id='line_1_97' title="bbox 186 5096 1765 5171; baseline -0.001 -16"><span class='ocrx_word' id='word_1_670' title='bbox 186 5102 327 5156; x_wconf 79' lang='grc' dir='ltr'>Θεοῦ</span> <span class='ocrx_word' id='word_1_671' title='bbox 359 5101 606 5157; x_wconf 86' lang='grc' dir='ltr'>ἐκάλεσε,</span> <span class='ocrx_word' id='word_1_672' title='bbox 641 5101 956 5171; x_wconf 83' lang='grc' dir='ltr'>ἰιροσέθηκε</span> <span class='ocrx_word' id='word_1_673' title='bbox 994 5100 1048 5153; x_wconf 80' lang='grc' dir='ltr'><strong>δέ</strong></span> <span class='ocrx_word' id='word_1_674' title='bbox 1088 5100 1151 5152; x_wconf 78' lang='grc' dir='ltr'>τὸ</span> <span class='ocrx_word' id='word_1_675' title='bbox 1182 5100 1441 5169; x_wconf 79' lang='grc' dir='ltr'>ἀσχέτους</span> <span class='ocrx_word' id='word_1_676' title='bbox 1467 5096 1606 5151; x_wconf 85' lang='grc' dir='ltr'>εἶναι</span> <span class='ocrx_word' id='word_1_677' title='bbox 1635 5098 1765 5153; x_wconf 87' lang='grc' dir='ltr'>ταύ-</span> 
     </span>
    </p>
   </div>
   <div class='ocr_carea' id='block_1_98' title="bbox 187 5186 1763 5265">
    <p class='ocr_par' dir='ltr' id='par_1_98' title="bbox 187 5186 1763 5265">
     <span class='ocr_line' id='line_1_98' title="bbox 187 5186 1763 5265; baseline -0.003 -21"><span class='ocrx_word' id='word_1_678' title='bbox 187 5209 310 5255; x_wconf 84' lang='grc' dir='ltr'>τας,</span> <span class='ocrx_word' id='word_1_679' title='bbox 348 5192 434 5244; x_wconf 84' lang='grc' dir='ltr'><strong>ἴνα</strong></span> <span class='ocrx_word' id='word_1_680' title='bbox 462 5193 623 5263; x_wconf 81' lang='grc' dir='ltr'>μήτις</span> <span class='ocrx_word' id='word_1_681' title='bbox 653 5190 848 5265; x_wconf 80' lang='grc' dir='ltr'>νομίσῃ</span> <span class='ocrx_word' id='word_1_682' title='bbox 898 5190 1101 5251; x_wconf 89' lang='grc' dir='ltr'>ταύτας</span> <span class='ocrx_word' id='word_1_683' title='bbox 1125 5186 1264 5242; x_wconf 84' lang='grc' dir='ltr'>εἶναι</span> <span class='ocrx_word' id='word_1_684' title='bbox 1292 5190 1361 5242; x_wconf 74' lang='grc' dir='ltr'>τὰ</span> <span class='ocrx_word' id='word_1_685' title='bbox 1388 5188 1763 5256; x_wconf 81' lang='grc' dir='ltr'>ἀποτελέσμα-</span> 
     </span>
    </p>
   </div>
   <div class='ocr_carea' id='block_1_99' title="bbox 185 5273 1760 5353">
    <p class='ocr_par' dir='ltr' id='par_1_99' title="bbox 185 5273 1760 5353">
     <span class='ocr_line' id='line_1_99' title="bbox 185 5273 1760 5353; baseline -0.004 -16"><span class='ocrx_word' id='word_1_686' title='bbox 185 5300 288 5338; x_wconf 76' lang='grc' dir='ltr'>τα’</span> <span class='ocrx_word' id='word_1_687' title='bbox 327 5280 439 5336; x_wconf 74' lang='grc' dir='ltr'>οἷον</span> <span class='ocrx_word' id='word_1_688' title='bbox 484 5283 603 5353; x_wconf 70' lang='grc' dir='ltr'>τὴν⁵</span> <span class='ocrx_word' id='word_1_689' title='bbox 642 5282 878 5335; x_wconf 74' lang='grc' dir='ltr'>ἑκάστου</span> <span class='ocrx_word' id='word_1_690' title='bbox 912 5281 1021 5333; x_wconf 86' lang='grc' dir='ltr'><strong>τῶν</strong></span> <span class='ocrx_word' id='word_1_691' title='bbox 1070 5280 1238 5333; x_wconf 69' lang='grc' dir='ltr'>ὄντων</span> <span class='ocrx_word' id='word_1_692' title='bbox 1286 5273 1549 5350; x_wconf 71' lang='grc' dir='ltr'>οὐσίαν,’ἢ</span> <span class='ocrx_word' id='word_1_693' title='bbox 1581 5282 1675 5348; x_wconf 84' lang='grc' dir='ltr'>τὴν</span> <span class='ocrx_word' id='word_1_694' title='bbox 1703 5282 1760 5331; x_wconf 85' lang='grc' dir='ltr'><strong>ἐν</strong></span> 
     </span>
    </p>
   </div>
   <div class='ocr_carea' id='block_1_100' title="bbox 189 5369 1763 5444">
    <p class='ocr_par' dir='ltr' id='par_1_100' title="bbox 189 5369 1763 5444">
     <span class='ocr_line' id='line_1_100' title="bbox 189 5369 1763 5444; baseline -0.003 -18"><span class='ocrx_word' id='word_1_695' title='bbox 189 5375 301 5436; x_wconf 78' lang='grc' dir='ltr'>τοῖς</span> <span class='ocrx_word' id='word_1_696' title='bbox 334 5372 499 5436; x_wconf 74' lang='grc' dir='ltr'>ζῶσιν</span> <span class='ocrx_word' id='word_1_697' title='bbox 530 5372 793 5444; x_wconf 74' lang='grc' dir='ltr'>αἰσθητὴν</span> <span class='ocrx_word' id='word_1_698' title='bbox 824 5372 992 5441; x_wconf 76' lang='grc' dir='ltr'>ζωὴν,</span> <span class='ocrx_word' id='word_1_699' title='bbox 1016 5372 1047 5441; x_wconf 83' lang='grc' dir='ltr'><strong>ἦ</strong></span> <span class='ocrx_word' id='word_1_700' title='bbox 1072 5373 1163 5424; x_wconf 76' lang='grc' dir='ltr'><strong>τὸν</strong></span> <span class='ocrx_word' id='word_1_701' title='bbox 1187 5374 1243 5423; x_wconf 82' lang='grc' dir='ltr'><strong>ἐν</strong></span> <span class='ocrx_word' id='word_1_702' title='bbox 1266 5373 1378 5433; x_wconf 88' lang='grc' dir='ltr'>τοῖς</span> <span class='ocrx_word' id='word_1_703' title='bbox 1407 5370 1644 5437; x_wconf 79' lang='grc' dir='ltr'>λογικοῖς</span> <span class='ocrx_word' id='word_1_704' title='bbox 1670 5369 1763 5423; x_wconf 80' lang='grc' dir='ltr'><strong>καὶ</strong></span> 
     </span>
    </p>
   </div>
   <div class='ocr_carea' id='block_1_101' title="bbox 201 5445 1762 5537">
    <p class='ocr_par' dir='ltr' id='par_1_101' title="bbox 201 5445 1762 5537">
     <span class='ocr_line' id='line_1_101' title="bbox 201 5445 1762 5537; baseline -0.002 -20"><span class='ocrx_word' id='word_1_705' title='bbox 201 5468 397 5537; x_wconf 68' lang='grc' dir='ltr'>δοεροίς</span> <span class='ocrx_word' id='word_1_706' title='bbox 441 5467 629 5519; x_wconf 81' lang='grc' dir='ltr'>ἐνόντα</span> <span class='ocrx_word' id='word_1_707' title='bbox 661 5445 819 5532; x_wconf 71' lang='grc' dir='ltr'>λόγον</span> <span class='ocrx_word' id='word_1_708' title='bbox 843 5482 903 5516; x_wconf 90' lang='grc' dir='ltr'><strong>τε</strong></span> <span class='ocrx_word' id='word_1_709' title='bbox 953 5466 1045 5516; x_wconf 72' lang='grc' dir='ltr'><strong>καὶ</strong></span> <span class='ocrx_word' id='word_1_710' title='bbox 1085 5463 1228 5516; x_wconf 81' lang='grc' dir='ltr'>νοῦν.</span> <span class='ocrx_word' id='word_1_711' title='bbox 1275 5463 1397 5524; x_wconf 85' lang='grc' dir='ltr'>Πῶς</span> <span class='ocrx_word' id='word_1_712' title='bbox 1420 5463 1528 5531; x_wconf 74' lang='grc' dir='ltr'><strong>γὰρ</strong></span> <span class='ocrx_word' id='word_1_713' title='bbox 1562 5462 1629 5515; x_wconf 85' lang='grc' dir='ltr'>ἂν</span> <span class='ocrx_word' id='word_1_714' title='bbox 1677 5465 1762 5529; x_wconf 78' lang='grc' dir='ltr'><strong>εἴη</strong></span> 
     </span>
    </p>
   </div>
   <div class='ocr_carea' id='block_1_102' title="bbox 208 5553 1763 5627">
    <p class='ocr_par' dir='ltr' id='par_1_102' title="bbox 208 5553 1763 5627">
     <span class='ocr_line' id='line_1_102' title="bbox 208 5553 1763 5627; baseline -0.004 -17"><span class='ocrx_word' id='word_1_715' title='bbox 208 5557 348 5612; x_wconf 76' lang='grc' dir='ltr'>ταῦτ’</span> <span class='ocrx_word' id='word_1_716' title='bbox 380 5560 438 5612; x_wconf 82' lang='grc' dir='ltr'><strong>ἐν</strong></span> <span class='ocrx_word' id='word_1_717' title='bbox 489 5556 566 5625; x_wconf 85' lang='grc' dir='ltr'><strong>τῷ</strong></span> <span class='ocrx_word' id='word_1_718' title='bbox 598 5557 719 5627; x_wconf 84' lang='grc' dir='ltr'><strong>Θεῷ</strong></span> <span class='ocrx_word' id='word_1_719' title='bbox 756 5557 977 5626; x_wconf 81' lang='grc' dir='ltr'>ἄσχετα,</span> <span class='ocrx_word' id='word_1_720' title='bbox 1019 5556 1214 5607; x_wconf 85' lang='grc' dir='ltr'>κτιστά</span> <span class='ocrx_word' id='word_1_721' title='bbox 1248 5571 1311 5622; x_wconf 91' lang='grc' dir='ltr'><strong>γε</strong></span> <span class='ocrx_word' id='word_1_722' title='bbox 1349 5553 1515 5617; x_wconf 54' lang='lat' dir='ltr'><strong>bina;</strong></span> <span class='ocrx_word' id='word_1_723' title='bbox 1550 5554 1668 5615; x_wconf 87' lang='grc' dir='ltr'><strong>πῶς</strong></span> <span class='ocrx_word' id='word_1_724' title='bbox 1709 5554 1763 5605; x_wconf 80' lang='grc' dir='ltr'>δὲ</span> 
     </span>
    </p>
   </div>
   <div class='ocr_carea' id='block_1_103' title="bbox 197 5646 1764 5719">
    <p class='ocr_par' dir='ltr' id='par_1_103' title="bbox 197 5646 1764 5719">
     <span class='ocr_line' id='line_1_103' title="bbox 197 5646 1764 5719; baseline -0.006 -13"><span class='ocrx_word' id='word_1_725' title='bbox 197 5650 393 5706; x_wconf 83' lang='grc' dir='ltr'>αί.τοῦ</span> <span class='ocrx_word' id='word_1_726' title='bbox 441 5649 575 5703; x_wconf 78' lang='grc' dir='ltr'>Θεοῦ</span> <span class='ocrx_word' id='word_1_727' title='bbox 608 5651 828 5719; x_wconf 77' lang='grc' dir='ltr'>ἄσχετοι</span> <span class='ocrx_word' id='word_1_728' title='bbox 862 5649 1074 5718; x_wconf 84' lang='grc' dir='ltr'>πρόοδοι</span> <span class='ocrx_word' id='word_1_729' title='bbox 1129 5648 1224 5699; x_wconf 77' lang='grc' dir='ltr'>καὶ</span> <span class='ocrx_word' id='word_1_730' title='bbox 1285 5647 1597 5716; x_wconf 82' lang='grc' dir='ltr'>μεταδόσεις</span> <span class='ocrx_word' id='word_1_731' title='bbox 1654 5646 1764 5697; x_wconf 78' lang='grc' dir='ltr'>κτί-</span> 
     </span>
    </p>
   </div>
   <div class='ocr_carea' id='block_1_104' title="bbox 198 5736 1764 5813">
    <p class='ocr_par' dir='ltr' id='par_1_104' title="bbox 198 5736 1764 5813">
     <span class='ocr_line' id='line_1_104' title="bbox 198 5736 1764 5813; baseline -0.004 -18"><span class='ocrx_word' id='word_1_732' title='bbox 198 5757 421 5813; x_wconf 86' lang='grc' dir='ltr'>σματα;</span> <span class='ocrx_word' id='word_1_733' title='bbox 460 5742 561 5810; x_wconf 82' lang='grc' dir='ltr'>τῆς</span> <span class='ocrx_word' id='word_1_734' title='bbox 607 5741 837 5810; x_wconf 79' lang='grc' dir='ltr'>ἀσχέτου</span> <span class='ocrx_word' id='word_1_735' title='bbox 885 5740 1222 5809; x_wconf 84' lang='grc' dir='ltr'>μεταδόσεως</span> <span class='ocrx_word' id='word_1_736' title='bbox 1258 5736 1502 5806; x_wconf 83' lang='grc' dir='ltr'>φυσικῶς</span> <span class='ocrx_word' id='word_1_737' title='bbox 1538 5737 1764 5805; x_wconf 80' lang='grc' dir='ltr'>ἐνούσης</span> 
     </span>
    </p>
   </div>
   <div class='ocr_carea' id='block_1_105' title="bbox 198 5828 1656 5902">
    <p class='ocr_par' dir='ltr' id='par_1_105' title="bbox 198 5828 1656 5902">
     <span class='ocr_line' id='line_1_105' title="bbox 198 5828 1656 5902; baseline -0.004 -17"><span class='ocrx_word' id='word_1_738' title='bbox 198 5833 273 5902; x_wconf 76' lang='grc' dir='ltr'><strong>τῷ</strong></span> <span class='ocrx_word' id='word_1_739' title='bbox 308 5832 661 5899; x_wconf 84' lang='grc' dir='ltr'>μεταδιδόντι,</span> <span class='ocrx_word' id='word_1_740' title='bbox 689 5831 941 5901; x_wconf 87' lang='grc' dir='ltr'>καθάπερ</span> <span class='ocrx_word' id='word_1_741' title='bbox 968 5830 1059 5881; x_wconf 69' lang='grc' dir='ltr'><strong>ἐπὶ</strong></span> <span class='ocrx_word' id='word_1_742' title='bbox 1091 5829 1185 5881; x_wconf 79' lang='grc' dir='ltr'>τοῦ</span> <span class='ocrx_word' id='word_1_743' title='bbox 1225 5828 1399 5895; x_wconf 76' lang='grc' dir='ltr'>φωτὸς</span> <span class='ocrx_word' id='word_1_744' title='bbox 1420 5828 1656 5896; x_wconf 71' lang='grc' dir='ltr'>ὁρῶμεν.</span> 
     </span>
    </p>
   </div>
   <div class='ocr_carea' id='block_1_106' title="bbox 270 5914 1766 5998">
    <p class='ocr_par' dir='ltr' id='par_1_106' title="bbox 270 5914 1766 5998">
     <span class='ocr_line' id='line_1_106' title="bbox 270 5914 1766 5998; baseline -0.001 -25"><span class='ocrx_word' id='word_1_745' title='bbox 270 5921 379 5984; x_wconf 65' lang='grc' dir='ltr'><strong>παῖ’.</strong></span> <span class='ocrx_word' id='word_1_746' title='bbox 410 5922 616 5992; x_wconf 69' lang='grc' dir='ltr'>Προϊὼν</span> <span class='ocrx_word' id='word_1_747' title='bbox 648 5924 675 5977; x_wconf 70' lang='grc' dir='ltr'><strong>δ</strong></span> <span class='ocrx_word' id='word_1_748' title='bbox 709 5921 879 5993; x_wconf 77' lang='grc' dir='ltr'>μέγας</span> <span class='ocrx_word' id='word_1_749' title='bbox 906 5914 1081 5985; x_wconf 63' lang='grc' dir='ltr'>οὗτος,</span> <span class='ocrx_word' id='word_1_750' title='bbox 1102 5920 1195 5982; x_wconf 68' lang='grc' dir='ltr'><strong>τὰς</strong></span> <span class='ocrx_word' id='word_1_751' title='bbox 1220 5916 1471 5983; x_wconf 85' lang='grc' dir='ltr'>τοιαύτας</span> <span class='ocrx_word' id='word_1_752' title='bbox 1511 5919 1766 5998; x_wconf 67' lang='grc' dir='ltr'>προύδους</span> 
     </span>
    </p>
   </div>
   <div class='ocr_carea' id='block_1_107' title="bbox 1864 4729 3447 4798">
    <p class='ocr_par' dir='ltr' id='par_1_107' title="bbox 1864 4729 3447 4798">
     <span class='ocr_line' id='line_1_107' title="bbox 1864 4729 3447 4798; baseline 0.001 -15"><span class='ocrx_word' id='word_1_753' title='bbox 1864 4747 1985 4785; x_wconf 81' lang='lat' dir='ltr'><strong>nem</strong></span> <span class='ocrx_word' id='word_1_754' title='bbox 2017 4748 2139 4785; x_wconf 88' lang='lat' dir='ltr'><strong>esse</strong></span> <span class='ocrx_word' id='word_1_755' title='bbox 2172 4733 2293 4785; x_wconf 81' lang='lat' dir='ltr'><strong>boni</strong></span> <span class='ocrx_word' id='word_1_756' title='bbox 2331 4746 2762 4798; x_wconf 80' lang='lat' dir='ltr'><strong>processmuem.</strong></span> <span class='ocrx_word' id='word_1_757' title='bbox 2795 4730 2978 4784; x_wconf 88' lang='lat' dir='ltr'><strong>subdit</strong></span> <span class='ocrx_word' id='word_1_758' title='bbox 3010 4746 3026 4785; x_wconf 89' lang='lat'><strong>:</strong></span> <span class='ocrx_word' id='word_1_759' title='bbox 3061 4747 3079 4780; x_wconf 84' lang='lat' dir='ltr'><strong>t</strong></span> <span class='ocrx_word' id='word_1_760' title='bbox 3118 4729 3290 4783; x_wconf 78' lang='lat' dir='ltr'><strong>liniue</strong></span> <span class='ocrx_word' id='word_1_761' title='bbox 3319 4739 3447 4785; x_wconf 80' lang='lat' dir='ltr'><strong>sunt</strong></span> 
     </span>
    </p>
   </div>
   <div class='ocr_carea' id='block_1_108' title="bbox 1862 4822 3447 4878">
    <p class='ocr_par' dir='ltr' id='par_1_108' title="bbox 1862 4822 3447 4878">
     <span class='ocr_line' id='line_1_108' title="bbox 1862 4822 3447 4878; baseline -0.001 -1"><span class='ocrx_word' id='word_1_762' title='bbox 1862 4826 2160 4878; x_wconf 80' lang='lat' dir='ltr'><strong>secundum</strong></span> <span class='ocrx_word' id='word_1_763' title='bbox 2196 4825 2437 4877; x_wconf 82' lang='lat' dir='ltr'><strong>divinam</strong></span> <span class='ocrx_word' id='word_1_764' title='bbox 2475 4824 2880 4877; x_wconf 78' lang='lat' dir='ltr'><strong>distinctionem</strong></span> <span class='ocrx_word' id='word_1_765' title='bbox 2915 4822 3175 4874; x_wconf 72' lang='lat' dir='ltr'><strong>absoluta:</strong></span> <span class='ocrx_word' id='word_1_766' title='bbox 3203 4839 3447 4875; x_wconf 83' lang='lat' dir='ltr'><strong>continu-</strong></span> 
     </span>
    </p>
   </div>
   <div class='ocr_carea' id='block_1_109' title="bbox 1864 4914 3453 4979">
    <p class='ocr_par' dir='ltr' id='par_1_109' title="bbox 1864 4914 3453 4979">
     <span class='ocr_line' id='line_1_109' title="bbox 1864 4914 3453 4979; baseline 0 -11"><span class='ocrx_word' id='word_1_767' title='bbox 1864 4917 2186 4970; x_wconf 76' lang='lat' dir='ltr'><strong>uicationes.</strong></span> <span class='ocrx_word' id='word_1_768' title='bbox 2223 4934 2240 4966; x_wconf 76' lang='grc' dir='ltr'><strong>ι</strong></span> <span class='ocrx_word' id='word_1_769' title='bbox 2264 4914 2820 4979; x_wconf 78' lang='lat' dir='ltr'><strong>&#39;Comtnunicatioues</strong></span> <span class='ocrx_word' id='word_1_770' title='bbox 2859 4914 2945 4966; x_wconf 85' lang='lat' dir='ltr'><strong>ltic</strong></span> <span class='ocrx_word' id='word_1_771' title='bbox 2975 4914 3258 4968; x_wconf 81' lang='lat' dir='ltr'><strong>collective</strong></span> <span class='ocrx_word' id='word_1_772' title='bbox 3290 4928 3453 4969; x_wconf 69' lang='lat' dir='ltr'><strong>vocat</strong></span> 
     </span>
    </p>
   </div>
   <div class='ocr_carea' id='block_1_110' title="bbox 1862 5006 3447 5077">
    <p class='ocr_par' dir='ltr' id='par_1_110' title="bbox 1862 5006 3447 5077">
     <span class='ocr_line' id='line_1_110' title="bbox 1862 5006 3447 5077; baseline -0.001 -17"><span class='ocrx_word' id='word_1_773' title='bbox 1862 5018 2092 5061; x_wconf 82' lang='lat' dir='ltr'><strong>cunctas</strong></span> <span class='ocrx_word' id='word_1_774' title='bbox 2143 5008 2237 5061; x_wconf 86' lang='lat' dir='ltr'><strong>Dei</strong></span> <span class='ocrx_word' id='word_1_775' title='bbox 2289 5008 2665 5077; x_wconf 78' lang='lat' dir='ltr'><strong>processioues</strong></span> <span class='ocrx_word' id='word_1_776' title='bbox 2713 5016 2769 5061; x_wconf 90' lang='lat' dir='ltr'><strong>et</strong></span> <span class='ocrx_word' id='word_1_777' title='bbox 2814 5006 3186 5074; x_wconf 84' lang='lat' dir='ltr'><strong>Operationes.</strong></span> <span class='ocrx_word' id='word_1_778' title='bbox 3233 5007 3447 5073; x_wconf 79' lang='lat' dir='ltr'><strong>Atljecit</strong></span> 
     </span>
    </p>
   </div>
   <div class='ocr_carea' id='block_1_111' title="bbox 1862 5099 3445 5176">
    <p class='ocr_par' dir='ltr' id='par_1_111' title="bbox 1862 5099 3445 5176">
     <span class='ocr_line' id='line_1_111' title="bbox 1862 5099 3445 5176; baseline 0.001 -25"><span class='ocrx_word' id='word_1_779' title='bbox 1862 5108 2042 5154; x_wconf 87' lang='lat' dir='ltr'><strong>autem</strong></span> <span class='ocrx_word' id='word_1_780' title='bbox 2090 5115 2181 5153; x_wconf 77' lang='lat' dir='ltr'><strong>cas</strong></span> <span class='ocrx_word' id='word_1_781' title='bbox 2221 5115 2342 5155; x_wconf 82' lang='lat' dir='ltr'><strong>esse</strong></span> <span class='ocrx_word' id='word_1_782' title='bbox 2376 5099 2679 5176; x_wconf 64' lang='lat' dir='ltr'><strong>absnlutas,</strong></span> <span class='ocrx_word' id='word_1_783' title='bbox 2726 5108 2783 5150; x_wconf 90' lang='lat' dir='ltr'><strong>ttt</strong></span> <span class='ocrx_word' id='word_1_784' title='bbox 2820 5112 2977 5151; x_wconf 83' lang='lat' dir='ltr'><strong>nemo</strong></span> <span class='ocrx_word' id='word_1_785' title='bbox 3019 5099 3316 5151; x_wconf 70' lang='lat' dir='ltr'><strong>arbitretur</strong></span> <span class='ocrx_word' id='word_1_786' title='bbox 3349 5116 3445 5152; x_wconf 74' lang='lat' dir='ltr'><strong>vos</strong></span> 
     </span>
    </p>
   </div>
   <div class='ocr_carea' id='block_1_112' title="bbox 1863 5174 3451 5262">
    <p class='ocr_par' dir='ltr' id='par_1_112' title="bbox 1863 5174 3451 5262">
     <span class='ocr_line' id='line_1_112' title="bbox 1863 5174 3451 5262; baseline 0 -20"><span class='ocrx_word' id='word_1_787' title='bbox 1863 5207 1981 5245; x_wconf 73' lang='lat' dir='ltr'><strong>esse</strong></span> <span class='ocrx_word' id='word_1_788' title='bbox 2006 5193 2253 5255; x_wconf 68' lang='lat' dir='ltr'><strong>edoctus,</strong></span> <span class='ocrx_word' id='word_1_789' title='bbox 2280 5202 2407 5262; x_wconf 88' lang='lat' dir='ltr'><strong>puta</strong></span> <span class='ocrx_word' id='word_1_790' title='bbox 2435 5174 2861 5258; x_wconf 69' lang='lat' dir='ltr'><strong>uniuscujusque</strong></span> <span class='ocrx_word' id='word_1_791' title='bbox 2888 5192 3092 5243; x_wconf 84' lang='lat' dir='ltr'><strong>entium</strong></span> <span class='ocrx_word' id='word_1_792' title='bbox 3120 5192 3451 5252; x_wconf 64' lang='lat' dir='ltr'><strong>essentiam,</strong></span> 
     </span>
    </p>
   </div>
   <div class='ocr_carea' id='block_1_113' title="bbox 1864 5282 3461 5351">
    <p class='ocr_par' dir='ltr' id='par_1_113' title="bbox 1864 5282 3461 5351">
     <span class='ocr_line' id='line_1_113' title="bbox 1864 5282 3461 5351; baseline -0.001 -17"><span class='ocrx_word' id='word_1_793' title='bbox 1864 5283 1945 5336; x_wconf 76' lang='lat' dir='ltr'><strong>\‘el</strong></span> <span class='ocrx_word' id='word_1_794' title='bbox 1985 5285 2301 5337; x_wconf 55' lang='lat' dir='ltr'><strong>scnsitiwuu</strong></span> <span class='ocrx_word' id='word_1_795' title='bbox 2336 5283 2632 5335; x_wconf 80' lang='lat' dir='ltr'><strong>viventium</strong></span> <span class='ocrx_word' id='word_1_796' title='bbox 2665 5283 2855 5343; x_wconf 80' lang='lat' dir='ltr'><strong>vitam,</strong></span> <span class='ocrx_word' id='word_1_797' title='bbox 2894 5282 2977 5334; x_wconf 81' lang='lat' dir='ltr'><strong>vel</strong></span> <span class='ocrx_word' id='word_1_798' title='bbox 3015 5282 3242 5334; x_wconf 85' lang='lat' dir='ltr'><strong>inditam</strong></span> <span class='ocrx_word' id='word_1_799' title='bbox 3279 5285 3461 5351; x_wconf 57' lang='lat' dir='ltr'><strong>ratio-\</strong></span> 
     </span>
    </p>
   </div>
   <div class='ocr_carea' id='block_1_114' title="bbox 1868 5374 3447 5441">
    <p class='ocr_par' dir='ltr' id='par_1_114' title="bbox 1868 5374 3447 5441">
     <span class='ocr_line' id='line_1_114' title="bbox 1868 5374 3447 5441; baseline -0.004 -9"><span class='ocrx_word' id='word_1_800' title='bbox 1868 5378 2080 5432; x_wconf 85' lang='lat' dir='ltr'><strong>nalihus</strong></span> <span class='ocrx_word' id='word_1_801' title='bbox 2118 5387 2171 5430; x_wconf 77' lang='lat' dir='ltr'><strong>ct</strong></span> <span class='ocrx_word' id='word_1_802' title='bbox 2210 5378 2675 5430; x_wconf 72' lang='lat' dir='ltr'><strong>intellectualibus</strong></span> <span class='ocrx_word' id='word_1_803' title='bbox 2730 5377 2997 5429; x_wconf 79' lang='lat' dir='ltr'><strong>rationem</strong></span> <span class='ocrx_word' id='word_1_804' title='bbox 3046 5383 3101 5426; x_wconf 90' lang='lat' dir='ltr'><strong>et</strong></span> <span class='ocrx_word' id='word_1_805' title='bbox 3142 5374 3447 5441; x_wconf 77' lang='lat' dir='ltr'><strong>intelligen-</strong></span> 
     </span>
    </p>
   </div>
   <div class='ocr_carea' id='block_1_115' title="bbox 1867 5466 3459 5536">
    <p class='ocr_par' dir='ltr' id='par_1_115' title="bbox 1867 5466 3459 5536">
     <span class='ocr_line' id='line_1_115' title="bbox 1867 5466 3459 5536; baseline -0.004 -13"><span class='ocrx_word' id='word_1_806' title='bbox 1867 5473 2016 5528; x_wconf 77' lang='lat' dir='ltr'><strong>tiam,</strong></span> <span class='ocrx_word' id='word_1_807' title='bbox 2055 5470 2339 5536; x_wconf 85' lang='lat' dir='ltr'><strong>Quomodo</strong></span> <span class='ocrx_word' id='word_1_808' title='bbox 2371 5469 2517 5533; x_wconf 76' lang='lat' dir='ltr'><strong>enim</strong></span> <span class='ocrx_word' id='word_1_809' title='bbox 2554 5469 2668 5521; x_wconf 78' lang='lat' dir='ltr'><strong>lucc</strong></span> <span class='ocrx_word' id='word_1_810' title='bbox 2702 5477 2887 5520; x_wconf 85' lang='lat' dir='ltr'><strong>essent</strong></span> <span class='ocrx_word' id='word_1_811' title='bbox 2922 5467 2974 5517; x_wconf 88' lang='lat' dir='ltr'><strong>itt</strong></span> <span class='ocrx_word' id='word_1_812' title='bbox 3028 5466 3136 5519; x_wconf 89' lang='lat' dir='ltr'><strong>Deo</strong></span> <span class='ocrx_word' id='word_1_813' title='bbox 3175 5468 3459 5532; x_wconf 62' lang='lat' dir='ltr'><strong>absoluta,</strong></span> 
     </span>
    </p>
   </div>
   <div class='ocr_carea' id='block_1_116' title="bbox 1865 5556 3447 5627">
    <p class='ocr_par' dir='ltr' id='par_1_116' title="bbox 1865 5556 3447 5627">
     <span class='ocr_line' id='line_1_116' title="bbox 1865 5556 3447 5627; baseline -0.006 -11"><span class='ocrx_word' id='word_1_814' title='bbox 1865 5578 1987 5616; x_wconf 88' lang='lat' dir='ltr'><strong>cum</strong></span> <span class='ocrx_word' id='word_1_815' title='bbox 2026 5561 2138 5616; x_wconf 92' lang='lat' dir='ltr'><strong>sint</strong></span> <span class='ocrx_word' id='word_1_816' title='bbox 2184 5560 2409 5615; x_wconf 86' lang='lat' dir='ltr'><strong>creata?</strong></span> <span class='ocrx_word' id='word_1_817' title='bbox 2447 5561 2551 5613; x_wconf 83' lang='lat' dir='ltr'><strong>Aut</strong></span> <span class='ocrx_word' id='word_1_818' title='bbox 2592 5558 2869 5627; x_wconf 81' lang='lat' dir='ltr'><strong>quomodo</strong></span> <span class='ocrx_word' id='word_1_819' title='bbox 2896 5557 3155 5610; x_wconf 71' lang='lat' dir='ltr'><strong>absolutae</strong></span> <span class='ocrx_word' id='word_1_820' title='bbox 3194 5556 3289 5610; x_wconf 75' lang='lat' dir='ltr'><strong>Dt‘i</strong></span> <span class='ocrx_word' id='word_1_821' title='bbox 3330 5572 3447 5625; x_wconf 88' lang='lat' dir='ltr'><strong>pro-</strong></span> 
     </span>
    </p>
   </div>
   <div class='ocr_carea' id='block_1_117' title="bbox 1867 5648 3447 5707">
    <p class='ocr_par' dir='ltr' id='par_1_117' title="bbox 1867 5648 3447 5707">
     <span class='ocr_line' id='line_1_117' title="bbox 1867 5648 3447 5707; baseline -0.004 0"><span class='ocrx_word' id='word_1_822' title='bbox 1867 5656 2143 5707; x_wconf 88' lang='lat' dir='ltr'><strong>cessiones</strong></span> <span class='ocrx_word' id='word_1_823' title='bbox 2201 5663 2256 5705; x_wconf 86' lang='lat' dir='ltr'><strong>et</strong></span> <span class='ocrx_word' id='word_1_824' title='bbox 2317 5651 2838 5706; x_wconf 77' lang='lat' dir='ltr'><strong>cutntnnnicatioues</strong></span> <span class='ocrx_word' id='word_1_825' title='bbox 2900 5659 3085 5702; x_wconf 80' lang='lat' dir='ltr'><strong>essent</strong></span> <span class='ocrx_word' id='word_1_826' title='bbox 3142 5648 3447 5701; x_wconf 67' lang='lat' dir='ltr'><strong>t‘rcalurm?</strong></span> 
     </span>
    </p>
   </div>
   <div class='ocr_carea' id='block_1_118' title="bbox 1867 5741 3448 5799">
    <p class='ocr_par' dir='ltr' id='par_1_118' title="bbox 1867 5741 3448 5799">
     <span class='ocr_line' id='line_1_118' title="bbox 1867 5741 3448 5799; baseline -0.004 0"><span class='ocrx_word' id='word_1_827' title='bbox 1867 5745 2001 5799; x_wconf 85' lang='lat' dir='ltr'><strong>Nam</strong></span> <span class='ocrx_word' id='word_1_828' title='bbox 2036 5744 2283 5797; x_wconf 83' lang='lat' dir='ltr'><strong>absoluta</strong></span> <span class='ocrx_word' id='word_1_829' title='bbox 2318 5744 2741 5797; x_wconf 79' lang='lat' dir='ltr'><strong>cotmnunicatio</strong></span> <span class='ocrx_word' id='word_1_830' title='bbox 2771 5741 3194 5793; x_wconf 68' lang='lat' dir='ltr'><strong>communicanti</strong></span> <span class='ocrx_word' id='word_1_831' title='bbox 3233 5751 3448 5794; x_wconf 81' lang='lat' dir='ltr'><strong>natura-</strong></span> 
     </span>
    </p>
   </div>
   <div class='ocr_carea' id='block_1_119' title="bbox 1870 5834 3020 5896">
    <p class='ocr_par' dir='ltr' id='par_1_119' title="bbox 1870 5834 3020 5896">
     <span class='ocr_line' id='line_1_119' title="bbox 1870 5834 3020 5896; baseline -0.003 -7"><span class='ocrx_word' id='word_1_832' title='bbox 1870 5836 1991 5889; x_wconf 79' lang='lat' dir='ltr'><strong>liter</strong></span> <span class='ocrx_word' id='word_1_833' title='bbox 2021 5838 2168 5889; x_wconf 88' lang='lat' dir='ltr'><strong>unita</strong></span> <span class='ocrx_word' id='word_1_834' title='bbox 2200 5847 2304 5896; x_wconf 87' lang='lat' dir='ltr'><strong>est,</strong></span> <span class='ocrx_word' id='word_1_835' title='bbox 2337 5836 2473 5887; x_wconf 76' lang='lat' dir='ltr'><strong>sicut</strong></span> <span class='ocrx_word' id='word_1_836' title='bbox 2507 5836 2570 5885; x_wconf 69' lang='lat' dir='ltr'><strong>ile</strong></span> <span class='ocrx_word' id='word_1_837' title='bbox 2603 5834 2720 5885; x_wconf 84' lang='lat' dir='ltr'><strong>Iut-c</strong></span> <span class='ocrx_word' id='word_1_838' title='bbox 2754 5834 3020 5886; x_wconf 75' lang='lat' dir='ltr'><strong>vidounts.</strong></span> 
     </span>
    </p>
   </div>
   <div class='ocr_carea' id='block_1_120' title="bbox 1941 5922 3448 6013">
    <p class='ocr_par' dir='ltr' id='par_1_120' title="bbox 1941 5922 3448 6013">
     <span class='ocr_line' id='line_1_120' title="bbox 1941 5922 3448 6013; baseline -0.003 -30"><span class='ocrx_word' id='word_1_839' title='bbox 1941 5928 2030 5983; x_wconf 77' lang='lat'><strong>87.</strong></span> <span class='ocrx_word' id='word_1_840' title='bbox 2068 5928 2304 5998; x_wconf 74' lang='lat' dir='ltr'><strong>Pergutts</strong></span> <span class='ocrx_word' id='word_1_841' title='bbox 2338 5940 2562 5995; x_wconf 72' lang='lat' dir='ltr'><strong>mang</strong></span> <span class='ocrx_word' id='word_1_842' title='bbox 2590 5926 2803 5989; x_wconf 81' lang='lat' dir='ltr'><strong>doctor,</strong></span> <span class='ocrx_word' id='word_1_843' title='bbox 2835 5922 3368 6013; x_wconf 29' lang='lat' dir='ltr'><strong>illas‘pt’occssioncs</strong></span> <span class='ocrx_word' id='word_1_844' title='bbox 3394 5931 3448 5979; x_wconf 87' lang='lat' dir='ltr'><strong>et</strong></span> 
     </span>
    </p>
   </div>
  </div>
