4106 6328
131 396 298 460 1193

133 525 251 575 καὶ
308 524 470 593 αὐτῆς
504 523 683 585 ἕνεκα,
718 521 810 575 καὶ
843 521 979 591 αὐτή
1026 521 1144 573 ἐστι
1199 520 1306 590 πρὸ
1355 517 1596 577 πάντων,
1637 510 1731 563 καὶ

130 612 345 675 ἁπλῶς
373 617 463 665 καὶ
488 614 882 683 ἀπεριορίστως
907 614 964 665 ἐν
999 612 1165 681 ἑαυτῇ
1195 610 1413 665 ἅπαντα
1465 604 1729 675 προείλη-

130 720 277 770 φεν,
310 707 372 757 ὲκ
418 705 634 757 πάντων
657 704 826 773 αὐτὴν
859 703 1209 773 ὀνομαστέον,
1247 693 1726 769 καταχρηστικῶς,

126 794 273 847 ἀλλ’
301 795 361 847 οὐ
388 795 613 865 κυρίωςο
649 794 845 848 οὐκοῦν
876 797 969 847 καὶ
1000 794 1188 847 οὐσίαν
1216 792 1387 862 αὐτὴν
1427 790 1523 842 καὶ
1568 785 1729 856 φύσιν

132 879 521 947 προσρητέον,
576 881 783 950 κυρίως
826 880 882 931 δὲ
936 878 1404 949 τὴνόύσιοποιὸν
1451 884 1551 943 ,τοῦ
1593 885 1729 938 Θεοῦ

129 970 381 1035 πρόοδον
424 988 484 1024 τε
527 971 620 1024 καὶ
667 954 983 1042 ἐνέργειαν·
1031 972 1234 1042 ταύτην
1266 973 1373 1045 γὰρ
1413 975 1512 1046 τὴν
1561 977 1731 1040 ὅντως

130 1057 325 1114 οὖσαν
349 1062 443 1114 τοῦ
471 1063 643 1127 ὄντως
673 1064 825 1125 ὄντος
851 1062 1169 1134 θεολογικὴν
1213 1066 1604 1137 ούσιωνυμίαν,
1636 1070 1731 1123 καὶ

126 1153 162 1203 ὁ
209 1154 393 1222 μέγας
426 1155 701 1218 Διονύσιός
730 1172 914 1224 φησιν.
1140 1146 1146 1153 ’

225 1308 527 1379 ρξ’.·Εῦροι
564 1323 648 1372 τις
682 1309 747 1363 ἂν
793 1309 892 1380 τὴν
937 1310 1036 1378 τῆς
1071 1311 1287 1379 φύσεως
1335 1314 1730 1383 προσηγορίαν,

134 1402 295 1453 κάπὶ
324 1400 434 1452 τῶν
463 1402 709 1467 φυσικῶς
736 1400 1048 1470 προσόντων
1076 1402 1387 1471 τιθεμένην,
1416 1404 1508 1455 ὲπί
1531 1420 1589 1456 τε
1627 1404 1735 1457 τῶν

133 1492 392 1551 κτιστῶς
428 1494 618 1557 ὄντων,
654 1496 745 1547 καὶ
794 1494 888 1547 ἐπὶ
932 1494 1027 1547 τοῦ
1080 1495 1248 1559 Θεοῦ,
1300 1495 1374 1558 ὡς
1411 1498 1505 1549 καὶ
1560 1498 1587 1548 ὁ
1624 1496 1732 1549 τῶν

135 1584 483 1654 Γρηγορίων
538 1584 995 1654 θεολογικώτατός
1038 1586 1171 1657 φησι
1230 1582 1334 1662 που
1382 1587 1489 1640 τῶν
1547 1588 1730 1641 ὲπῶνο

136 1674 269 1731 οἶδε
308 1681 418 1749 γὰρ
454 1678 696 1741 ἄνακτος
724 1677 859 1747 ἐμοῦ
915 1678 1076 1747 φύσις
1111 1679 1267 1732 ὖλϐον
1296 1680 1546 1751 δπάζειν.
1602 1683 1737 1735 Οὐδὲ

133 1772 262 1840 γὰρ
300 1771 363 1823 τὸ
394 1771 595 1824 διδόναι
647 1770 807 1839 φύσις
850 1771 1076 1841 ὁτῳοῦν,
1110 1772 1245 1825 ἀλλὰ
1292 1775 1537 1841 φυσικῶς
1566 1776 1736 1846 πρόσ-

135 1859 376 1930 εστιτῷ
436 1859 788 1930 εὐεργετικῷ.
827 1860 996 1912 Κάπὶδ
1028 1859 1123 1912 τοῦ
1160 1862 1342 1931 πυρὸς·
1376 1863 1431 1916 δὲ
1481 1864 1611 1936 φαίη
1656 1883 1738 1926 τις
1767 1860 1804 1911 Β

137 1954 241 2016 ἂν,
277 1953 440 2021 φύσιν
468 1953 614 2022 ἔχειν
636 1954 917 2023 ἀνωφερὲς
949 1950 1106 2017 εἶναι,
1137 1955 1231 2008 καὶ
1261 1956 1375 2022 φῶς
1398 1957 1603 2009 ἐνιέναι
1624 1961 1738 2020 τοῖς

135 2045 375 2114 ὁρῶσιν,
410 2046 527 2097 ἀλλ’
555 2046 652 2113 οὐχ
690 2039 963 2116 η’κίνησις
988 2046 1140 2115 αύτῷ
1175 2046 1358 2113 φύσις,
1392 2049 1516 2101 οὐδὲ
1542 2050 1602 2101 τὸ
1642 2052 1713 2118 ὲμ

140 2136 335 2186 ποιεῖν
358 2134 568 2197 ἁπλῶς,
598 2134 787 2204 ἀλλ”ή
826 2136 923 2204 τῆς
970 2136 1237 2203 κινήσεως
1286 2138 1452 2206 ἀρχή.
1509 2138 1738 2207 Λέγεται

140 2225 451 2294 τοιγαροῦν
478 2228 573 2277 καὶ
601 2225 668 2278 τὰ
701 2226 905 2294 φυσικὰ
952 2225 1133 2295 φύσις,
1165 2226 1241 2285 ὡς
1266 2227 1359 2280 καὶ
1387 2228 1549 2293 αὐτὸς
1576 2231 1603 2281 ὀ
1647 2232 1742 2299 μέ-

142 2333 260 2381 γας
315 2318 592 2380 Διονύσιος
654 2317 886 2386 ἀλλαχοῦ
939 2335 1101 2388 φησι,
1135 2319 1321 2382 Φύσις,
1357 2320 1604 2391 γράφων,
1666 2319 1743 2392 τῷ

141 2408 349 2478 ἀγαθῷ
386 2410 447 2461 τὸ
489 2410 766 2478 παράγειν
819 2411 914 2462 καὶ
949 2410 1165 2474 σώζειν,
1208 2411 1456 2481 δηλονότι
1492 2415 1744 2481 φυσικῶς

106 2518 117 2531 τ
136 2500 316 2553 τοῦτο
339 2502 630 2569 πρόσεστιν
664 2500 830 2571 αὐτῷ.
863 2502 972 2555 Καὶ
998 2502 1177 2555 τοίνυν
1214 2503 1342 2556 ὅταν
1364 2505 1604 2575 ἀκούσῃς
1632 2506 1741 2559 τῶν

144 2594 305 2646 Πατέ
317 2611 446 2661 ρων,
476 2593 779 2662 ἀμέθεκτον
822 2592 1091 2659 λεγόντων
1113 2594 1212 2663 τὴν
1247 2596 1434 2649 οὐσίαν
1457 2596 1551 2649 τοῦ
1582 2596 1739 2660 Θεοῦ,

142 2683 377 2746 ἐκείνην
404 2700 495 2754 μοι
534 2684 643 2736 νόει
678 2682 775 2753 τὴν
816 2683 1209 2751 ἀνεκφοίτητόν
1246 2702 1306 2736 τε
1356 2686 1448 2737 καὶ
1479 2687 1744 2755 ἀνέκφαν·

140 2788 274 2826 τον⁸
302 2776 429 2827 ὅταν
457 2776 502 2828 δ’
536 2774 695 2836 αὖθις
729 2773 1021 2843 μεθεκτὴν,
1074 2773 1183 2827 νόει
1236 2792 1326 2845 μοι
1357 2777 1455 2846 τὴν
1499 2777 1744 2845 φυσικῶς

144 2864 471 2934 προσοῦσαν
496 2866 572 2935 τῷ
604 2864 723 2935 Θεῷ
776 2856 1021 2943 πρόοδον,
1058 2864 1154 2917 καὶ
1193 2865 1290 2935 τὴν
1328 2866 1610 2934 ἕκφανσιν,
1650 2870 1744 2920 καὶ

144 2954 260 3026 τὴν
295 2957 594 3026 ἐνέργειαν,
628 2957 718 3009 καὶ
767 2942 961 3016 οὕτως
979 2954 1226 3024 στέργων
1259 2958 1565 3031 ἀμφότερα,
1613 2960 1731 3027 apd.

145 3032 319 3114 λογος
346 3049 443 3119 ἔσῃ
475 3051 584 3111 τοῖς
623 3049 891 3119 Πατράσι.

234 3137 339 3209 ρτί·
373 3140 445 3192 Τὸ
484 3141 650 3211 μέρος
682 3141 779 3210 τῆς
807 3142 997 3206 οὖσῖας
1023 3145 1116 3196 καὶ
1145 3144 1207 3196 τὸ
1245 3143 1607 3214 βραχύτατον,
1642 3142 1737 3197 πά-

1074 396 1349 458 CAPITA
1394 394 1721 457 PHYSICA
1799 388 2319 453 THEOIDGICA,
2384 383 2547 445 ETC.

3299 377 3432 438 tibi

1855 506 2165 575 indagator.
2232 501 2368 573 Quia
2429 493 2648 552 aliunde
2704 490 2947 547 omnium
3006 498 3090 544 est
3139 502 3323 551 causa,
3375 492 3432 540 et

1835 597 2018 652 omnia
2060 602 2186 651 sunt
2232 605 2396 662 penes
2464 602 2585 643 eam
2612 595 2667 641 et
2700 591 2920 653 prepter
2953 596 3095 643 eam,
3118 588 3171 632 et
3211 578 3324 647 ipsa
3347 588 3433 631 est

1834 702 1960 746 ante
1998 686 2207 745 omnia
2252 732 2266 755 ,
2337 696 2392 740 et
2454 680 2784 750 simpliciter
2843 685 2898 731 et
2955 673 3432 741 incircumscripte

1833 784 2013 838 omnia
2053 783 2109 837 in
2140 782 2326 849 scipsa
2358 774 2689 848 prteltabuit,
2713 787 2780 827 ex
2810 768 3069 824 omnibus
3094 763 3427 821 nominanda

1833 884 1939 942 est,
1994 864 2297 945 analogice'
2336 868 2583 940 quidem,
2620 881 2726 919 non
2782 861 3020 933 proprie,
3062 868 3119 913 et
3163 857 3285 912 ideo
3348 864 3431 908 est

1835 968 2078 1021 essentia
2114 963 2229 1033 ipsa
2263 970 2319 1017 et
2351 969 2548 1016 natura
2586 954 2833 1011 vocanda
2877 962 2996 1017 est;
3037 949 3260 1020 preprie
3300 964 3429 1001 vero

1835 1059 2074 1112 creatrix
2105 1055 2198 1109 Dci
2230 1052 2513 1123 processio
2554 1060 2608 1105 et
2646 1047 2911 1118 operatio.
2949 1046 3098 1098 hanc
3132 1041 3277 1095 enim
3307 1037 3433 1094 esse

1836 1164 2018 1202 veram
2063 1147 2173 1202 veri
2228 1145 2384 1200 Entis
2438 1140 2974 1201 tlcnomiuatimtcm,
3024 1148 3257 1203 magnus
3298 1130 3431 1186 dicit

1839 1236 2157 1307 Dionysius.
2588 1312 2589 1315 η

1910 1329 2034 1381 197.
2072 1328 2321 1382 Inveniet
2359 1324 2561 1394 aliquis
2588 1312 2804 1375 naturae
2844 1311 3291 1383 uomentimponi
3328 1326 3431 1364 na-

1839 1396 2107 1474 turalibus
2139 1417 2591 1489 proprietatibus,
2623 1413 2739 1468 sive
2794 1412 2847 1463 in
2882 1406 3174 1471 creaturis,
3214 1405 3331 1459 sive
3378 1401 3433 1454 in

1838 1511 2034 1578 Deo,ut
2051 1506 2661 1576 acerrimusGregorios
2680 1506 2819 1559 inter
2835 1500 3117 1569 theologus
3140 1498 3217 1552 ait
3232 1494 3435 1551 alicubi

1838 1582 2169 1671 poematum.
2203 1620 2220 1652 ι
2249 1600 2362 1655 Scit
2392 1600 2538 1653 enim
2572 1597 2714 1666 regis
2754 1594 2867 1649 ntei
2896 1600 3091 1646 natura
3108 1589 3434 1644 felicitatem

1838 1694 2018 1763 largiri
2058 1712 2101 1747 ι.
2139 1692 2270 1745 Nam
2320 1690 2450 1746 dare
2491 1704 2598 1741 non
2650 1696 2732 1741 est
2811 1693 3009 1738 natura
3054 1682 3304 1743 cuilibet,
3340 1678 3433 1733 sed

1837 1785 2161 1844 naturaliter
2204 1782 2463 1853 competit
2545 1778 2811 1834 bettcﬁco.
2857 1778 2989 1830 ltetn
3048 1775 3114 1829 de
3163 1773 3287 1841 igne
3331 1770 3437 1824 diri

1838 1887 2017 1952 potest
2049 1878 2193 1931 hanc
2244 1874 2292 1930 ei
2329 1888 2451 1930 esse
2480 1883 2731 1928 naturam
2770 1878 2829 1923 ut
2873 1883 3093 1931 sursum
3145 1865 3350 1921 feratur
3384 1873 3439 1938 et

1843 1976 2018 2027 lucem
2052 1968 2313 2024 immittat
2344 1966 2682 2026 videntibus,
2734 1975 2788 2017 at
2836 1976 2940 2017 non
2969 1968 3055 2015 est
3090 1958 3193 2028 ipsi
3244 1968 3438 2010 natura

1842 2075 2051 2127 motus,
2135 2077 2234 2117 nec
2287 2058 2614 2129 simpliciter
2668 2062 2850 2108 motus
2896 2049 3205 2121 productio,
3235 2048 3330 2103 sed
3379 2057 3439 2102 ut

1842 2168 2023 2210 matus
2079 2152 2318 2207 initium.
2353 2150 2621 2204 Dicuntur
2643 2145 2808 2216 igitur
2828 2142 2910 2196 vel
2933 2140 3204 2195 naturalia
3236 2149 3439 2201 motus,

1842 2247 2045 2316 tttipse
2097 2259 2329 2316 magnus
2376 2240 2675 2317 Dionysius
2724 2236 2853 2291 alibi
2912 2234 3067 2298 dicit,
3136 2232 3437 2287 scribens:

1848 2358 1866 2393 ι
1912 2339 2115 2394 Natura
2147 2338 2278 2392 boui
2316 2344 2399 2392 est
2432 2332 2741 2403 producere
2770 2338 2825 2383 et
2881 2340 3129 2389 servare,
3164 2325 3269 2380 hoc
3296 2323 3443 2378 scil:-

1845 2443 1937 2487 cet
1969 2432 2019 2485 ei
2055 2430 2386 2484 naturaliter
2424 2428 2588 2481 inest.
2623 2444 2642 2477 ι
2694 2423 2831 2478 Cum
2859 2422 3026 2491 igitur
3054 2418 3207 2473 audis
3246 2417 3439 2472 Patres

1843 2521 2412 2581 incommunicabilem
2449 2518 2693 2575 dicentes
2721 2514 3020 2570 essentiam
3080 2512 3201 2574 Dei,
3287 2510 3435 2565 illam

1846 2616 2084 2685 intellige
2113 2614 2418 2683 inapertam
2452 2619 2507 2665 et
2542 2609 2923 2671 inaccessam;
2964 2619 3100 2661 cum
3131 2618 3262 2657 vero
3289 2617 3443 2657 com-

1844 2704 2234 2759 municabilem
2270 2701 2483 2764 dicunt,
2534 2698 2781 2765 intellige
2822 2696 3134 2750 naturalem
3189 2694 3281 2748 llei
3316 2707 3441 2762 pro-

1843 2795 2160 2865 cessionemj
2191 2788 2812 2857 manifestationemque
2859 2796 2915 2841 et
2947 2784 3351 2855 operationem,
3386 2790 3465 2851 et,

1845 2887 1922 2940 sic
1946 2896 2235 2958 utrumque
2253 2882 2608 2954 amplectens,
2641 2879 2995 2935 consentiens
3018 2879 3127 2933 eris
3154 2876 3436 2932 Patribus.

1922 3144 2046 3195 108.
2089 3142 2226 3200 Pars
2249 3149 2507 3195 essentia:
2550 3137 2633 3194 vel
2669 3136 3001 3193 tenuissima
3056 3151 3250 3191 omnes
3285 3137 3447 3190 habet

152 3248 262 3293 σας
285 3230 397 3301 ἔχει
432 3232 532 3293 τὰς
554 3232 726 3301 αὐτῆς
746 3232 1027 3302 δυνάμεις,
1053 3235 1126 3298 ὡς
1160 3235 1256 3288 καὶ
1282 3236 1309 3287 ὀ
1337 3235 1570 3306 σπινθὴρ
1602 3234 1741 3306 λαμ-

1851 3233 2017 3303 hujus
2049 3234 2303 3301 virtutes;
2329 3233 2472 3288 sicut
2506 3232 2752 3287 scintilla
2794 3240 2881 3286 est
2908 3229 3087 3285 lucida
3119 3241 3171 3286 et
3198 3231 3445 3293 lucifera,

154 3323 301 3392 πρόν
334 3340 393 3375 τε
444 3322 539 3376 καὶ
598 3324 930 3389 φωτιστικόν
976 3326 1115 3388 ἐστι,
1171 3326 1514 3397 διακριτικὸν
1557 3345 1613 3380 τε
1648 3330 1743 3381 καὶ

118 3436 119 3439 η
152 3415 458 3467 καυστικὺν
483 3414 591 3467 τῶν
623 3413 974 3483 ἐγγιζόντων,
1000 3417 1352 3488 αὐτοκίνητόν
1383 3434 1441 3470 τε
1464 3417 1622 3483 φύσει
1648 3420 1743 3474 καὶ

150 3506 464 3573 ἀνωφερὲς,
515 3507 608 3560 καὶ
650 3506 838 3571 ἁπλῶς
873 3508 970 3560 ὅσα
998 3508 1093 3561 καὶ
1130 3509 1191 3561 τὸ
1244 3508 1373 3579 πῦρ,
1416 3501 1478 3563 οῦ
1552 3511 1742 3581 μόριόν

156 3596 318 3647 ἐστι’
351 3596 445 3648 καὶ
484 3596 516 3667 ἡ
548 3595 764 3664 σταγὼν
794 3598 862 3650 τὰ
900 3596 1058 3649 πάντ’
1094 3597 1208 3667 ἕχει
1240 3599 1341 3652 ὅσα
1372 3600 1463 3651 καὶ
1508 3598 1567 3652 τὸ
1599 3600 1743 3671 ὕδωρ

153 3677 221 3737 οὗ
260 3687 376 3737 ἐστι
420 3686 657 3754 σταγὼν,
692 3687 785 3745 καὶ
809 3689 842 3757 ἠ
882 3688 1071 3756 βῶλος,
1096 3690 1197 3742 ὅσα
1233 3690 1325 3743 καὶ
1378 3691 1436 3743 τὸ
1482 3691 1743 3759 μέταλλον

155 3778 449 3847 κέκτηται,
482 3774 651 3852 οὗπερ
695 3781 956 3853 ἀπορρὼξ
986 3783 1263 3852 τυγχάνει.
1324 3785 1628 3855 Τοιγαροῦν
1669 3787 1743 3838 εἴ-

155 3884 271 3937 περ
312 3870 409 3939 τῆς
444 3871 787 3939 ἀνεκφάντου
816 3872 1036 3941 ἐκείνης
1067 3874 1256 3936 οὐσίας
1314 3874 1410 3927 τοῦ
1445 3874 1581 3927 Θεοῦ
1622 3894 1747 3947 μετ-

156 3959 386 4029 έχομεν,
412 3959 516 4013 κᾶν
544 3962 591 4014 εἰ
629 3962 832 4030 πάσης,
860 3962 964 4014 κᾶν
990 3965 1038 4015 εἰ
1071 3963 1260 4031 μορίου
1302 3964 1501 4036 μετέχῃ
1526 3983 1609 4027 τις
1644 3968 1741 4019 ati-

156 4052 285 4121 τῆς,
313 4051 723 4121 παντοδύναμος
753 4052 925 4116 ἔσται,
958 4055 1047 4106 καλ
1080 4047 1222 4105 οὕτω
1262 4053 1370 4107 τῶν
1427 4055 1596 4108 ὄντων
1624 4057 1745 4109 ἕκα-

154 4158 291 4195 στον
344 4141 495 4196 ἔσται
547 4142 985 4211 παντοδύναμον·
1024 4134 1077 4197 ὃ⁵
1110 4144 1246 4214 μηδὲ
1294 4145 1497 4207 πάντες
1552 4146 1747 4215 ἔχομεν

156 4231 323 4302 ὁμοῦ,
358 4233 461 4285 κᾶν
492 4234 674 4287 πᾶσαν
718 4235 818 4303 τὴν
873 4236 1049 4288 κτίσιν
1090 4236 1514 4306 συμπεριλαόὼν
1561 4240 1744 4309 εἴπῃς.

157 4323 336 4377 Τοῦτο
363 4324 577 4387 δεικνὺς
623 4327 650 4377 ὁ
680 4326 891 4389 Παῦλος
937 4329 1000 4379 ὲκ
1049 4311 1388 4398 περιουτσίας,
1426 4329 1521 4381 καὶ
1565 4330 1746 4393 αὐτοῖς

156 4417 279 4477 τοῖς
336 4416 693 4487 εὐμοιρηκύσι
752 4417 861 4470 τῶν
908 4418 1174 4473 θεοποιῶν
1236 4421 1595 4490 χαρισμάτων
1651 4421 1745 4473 τοῦ

161 4506 503 4576 Πνεύματος,
536 4491 595 4561 οὐ
626 4508 783 4561 πάνθ’
810 4510 1025 4587 ἑκάστῳ
1056 4513 1338 4581 προσεῖναι
1385 4515 1654 4581 μαρτυρεῖ
1681 4513 1747 4567 τὰ

1857 3330 1913 3381 et
1949 3326 2194 3395 proxima
2229 3326 2541 3380 dissolvens
2575 3333 2630 3381 et
2655 3339 2845 3390 urens,
2888 3334 2943 3381 et
2992 3340 3115 3381 sese
3156 3326 3301 3381 ultro
3331 3343 3446 3381 mo-

1856 3433 1992 3475 vens
2023 3427 2078 3473 et
2103 3434 2318 3474 sursum
2354 3419 2559 3482 ferens,
2586 3425 2643 3472 et
2676 3419 2978 3488 generatim
3018 3426 3250 3474 cunctas
3282 3420 3448 3474 habet

1858 3513 2236 3584 proprietates
2273 3512 2437 3583 ignis,
2464 3511 2625 3581 cujus
2659 3522 2743 3567 est
2779 3527 2922 3581 pars.
2958 3511 3020 3566 Et
3076 3521 3227 3583 gutta
3258 3528 3450 3569 omnes

1856 3605 2018 3659 habet
2053 3604 2195 3658 vires
2221 3618 2398 3674 aquae,
2439 3604 2600 3673 cujus
2655 3611 2744 3659 est
2781 3604 2966 3671 'stilla;
2999 3616 3055 3659 et
3089 3619 3271 3661 massa
3311 3621 3450 3661 cun-

1853 3706 1975 3751 ctas
2007 3694 2371 3765 proprietates
2407 3695 2609 3749 metalli
2637 3698 2791 3766 cujus
2822 3706 2906 3751 est
2954 3696 3341 3768 fragmentum.
3370 3697 3427 3751 Si

1854 3804 1985 3860 ergo
2043 3788 2330 3843 inell‘abilis
2390 3789 2477 3843 illa
2547 3788 2643 3843 Dei
2692 3791 2928 3845 essentia
2979 3790 3138 3845 nobis
3183 3790 3438 3845 commu-

1855 3883 2152 3947 nicarctur,
2184 3882 2299 3937 sive
2329 3882 2558 3952 integre,
2590 3881 2707 3936 sive
2741 3884 2939 3957 partim
3005 3882 3125 3952 ejus
3151 3885 3222 3939 sit
3249 3884 3444 3954 aliquis

1854 3989 2102 4039 consors,
2137 3974 2241 4028 erit
2300 3976 2647 4044 omnipotens
2696 3991 2710 4031 :
2757 3981 2813 4029 et:
2872 3976 2951 4031 sic
2985 3990 3322 4047 unaquaeque
3360 3993 3446 4032 res

1851 4068 1956 4122 erit
1990 4069 2358 4138 omnipotens,
2431 4068 2575 4137 quod
2636 4082 2734 4123 nec
2794 4083 2986 4126 omnes
3049 4071 3210 4127 simul
3279 4072 3447 4126 habeo

1854 4154 2298 4217 mtts,,etiamsi
2359 4157 2670 4211 universam
2734 4158 3069 4214 creationem
3155 4162 3446 4217 collective

1854 4244 2083 4299 dixeris.
2115 4244 2179 4298 ld
2214 4245 2436 4314 copiose
2458 4240 2799 4302 demonstrat
2825 4248 3044 4313 Paulus,
3074 4251 3204 4320 ipsis
3221 4266 3448 4306 consor-

1854 4337 1999 4391 tibus
2029 4337 2349 4393 deiﬁcorutn
2380 4339 2609 4407 spiritus
2648 4339 3046 4395 charismatum
3097 4344 3448 4398 consortibus

1852 4443 1959 4482 non
1994 4429 2176 4483 omnia
2210 4429 2442 4499 singulis
2474 4432 2656 4485 inesse
2690 4433 2990 4499 perhibetis
3012 4433 3253 4502 Spiritus
3280 4435 3442 4501 dona,

1852 4522 1955 4579 sed
1982 4541 1998 4574 ι
2034 4522 2149 4588 alii,
2183 4523 2383 4591 inquit,
2413 4523 2576 4577 datur
2602 4538 2790 4580 sermo
2808 4526 3113 4597 sapientiae,
3143 4529 3233 4583 alii
3260 4544 3445 4584 sermo

158 4600 582 4671 χαρίσματατοῦ
602 4601 2118 4679 Πνεύματος,ἀλλάιτῷμὲννφησὶ,δίδοταιΒεοίεηιὶαι,
2167 4621 2224 4668 et
2282 4613 2374 4668 alii
2433 4613 2578 4668 aliud
2637 4616 2767 4685 quid
2829 4617 3130 4671 secundum
3190 4622 3442 4674 eumdem

157 4693 321 4759 λόγος
345 4692 557 4760 σοφίας,
600 4693 676 4762 τῷ
695 4692 752 4745 δὲ
780 4692 939 4760 λόγος
969 4692 1243 4760 γνώσεως,
1270 4693 1416 4763 ἄλλῳ
1457 4693 1501 4747 δ’
1538 4693 1668 4747 ἄλλο
1691 4712 1745 4746 τι

158 4782 311 4836 κατὰ
341 4783 400 4834 τὸ
424 4783 555 4835 αὐτὸ
593 4783 835 4852 πνεῦμα.
879 4784 936 4837 '0
986 4784 1042 4836 δὲ
1094 4785 1481 4853 Χρυσόστομος
1530 4786 1744 4856 Πατὴρ,

161 4874 417 4943 φανερῶς
454 4874 907 4943 προαναστέλλων
948 4873 1046 4945 τὴν
1069 4875 1178 4927 τῶν
1214 4875 1471 4927 ἐναντίων
1498 4875 1706 4946 πλάνην
1729 4892 1742 4907 °

161 4963 245 5017 υύ
269 4962 443 5015 πάντα
479 4980 563 5025 τις
613 4963 749 5033 ἔχει,
797 4964 984 5033 φησὶν,
1036 4965 1123 5018 ἵνα
1161 4965 1235 5035 μὴ
1276 4965 1436 5033 φύσιν
1470 4963 1610 5020 εἶναι
1646 4967 1745 5036 τὴν

161 5054 329 5124 χάριν
354 5054 602 5124 νομίσῃς,
619 5048 628 5057 ’
648 5052 786 5107 Ἀλλ’
816 5054 938 5107 οὐδὲ
972 5054 1196 5124 κτιστὴν
1221 5057 1493 5126 ἡγήσαιτό
1521 5074 1604 5121 τις
1623 5056 1745 5111 νοῦν

162 5146 330 5215 ἔχων,
356 5147 454 5215 τὴν
508 5146 1083 5216 ἀντιδιαστελλομένην
1131 5141 1231 5200 ὦδε
1265 5149 1422 5218 χάριν
1461 5149 1559 5217 τῆς
1598 5150 1747 5213 θείας

164 5238 407 5307 φύσεως,
435 5239 514 5292 ὅτι
556 5256 615 5291 τε
648 5239 785 5293 Θεοῦ
826 5240 991 5309 φύσιν
1031 5241 1132 5293 οὐκ
1159 5241 1224 5294 ἂν
1259 5241 1388 5294 ποτέ
1426 5260 1509 5304 τις
1549 5240 1748 5297 δείσειε

167 5327 248 5398 μή
283 5342 365 5388 τις
399 5328 460 5379 τὸ
498 5327 705 5396 κτίσμα
734 5328 952 5398 νομίσῃ,
988 5328 1079 5380 καὶ
1118 5328 1198 5380 ὅτι
1232 5329 1279 5378 εἰ
1330 5328 1429 5379 καὶ
1470 5328 1748 5397 διενήνοχε

164 5418 266 5488 τῆς
289 5417 438 5481 Θείας
465 5419 701 5487 φύσεως,
732 5420 791 5471 ού
840 5418 1134 5472 διασπᾶται
1165 5418 1367 5486 ταύτης
1398 5420 1428 5488 ἡ
1460 5418 1553 5470 τοῦ
1581 5419 1747 5472 Πνεύ-

170 5525 345 5579 ματος
367 5510 548 5579 χάρις,
583 5512 881 5564 ἐπισπᾶται
920 5512 975 5564 δὲ
1010 5510 1211 5581 μᾶλλον
1257 5509 1384 5573 τοὺς
1415 5512 1746 5581 ἠξιωμένους

168 5603 307 5669 πρὸς
332 5603 428 5669 τὴν
470 5602 766 5671 συνάφειαν
797 5603 889 5657 τοῦ
920 5602 1066 5655 θείου
1097 5601 1447 5672 Πνεύματος.

240 5736 321 5790 ³⁵1
351 5737 479 5791 Cor.
499 5754 593 5802 xu,
626 5739 680 5793 8.

482 5835 753 5900 ΡΑτιιοι..
788 5839 907 5901 Gn.
949 5838 1061 5898 CL.

1846 4704 2109 4775 Spiritum
2140 4704 2208 4759 ⁸⁸.
2252 4724 2269 4757 ι
2302 4706 2733 4773 Clirvsostomus
2766 4720 2947 4763 autem
2983 4709 3164 4775 Pater,
3216 4712 3441 4766 eviden-

1845 4806 1927 4851 ter
1957 4808 2290 4867 prasvertens
2345 4800 2791 4870 adversariorum
2849 4818 3094 4859 errorem
3153 4822 3166 4859 :
3236 4825 3255 4858 ι
3320 4807 3441 4861 Non

1845 4890 2029 4945 omnia
2056 4887 2294 4961 quisque
2326 4894 2512 4958 habet,
2547 4894 2747 4963 inquit.
2778 4904 2836 4948 ut
2869 4911 2975 4950 non
3017 4907 3273 4952 naturam
3320 4914 3444 4956 esse

1845 4983 2080 5051 gratiam
2116 4984 2424 5041 existimes.
2468 4986 2637 5066 »ν’-δρᾷ
2685 5001 2783 5042 nec
2821 4978 3064 5042 creatam
3096 4989 3294 5057 aliquis
3348 5008 3442 5047 sa-

1848 5074 2004 5144 piens
2041 5075 2272 5132 duceret
2306 5079 2386 5133 sic
2416 5064 2734 5136 distinctam
2767 5094 2796 5133 a
2860 5088 3049 5134 natura
3087 5083 3266 5135 divina
3311 5099 3439 5153 gra-

1847 5167 1975 5221 tiam
2005 5206 2021 5232 ,
2054 5168 2181 5238 quia
2226 5185 2387 5225 nemo
2424 5168 2661 5240 unquam
2700 5172 2916 5228 timeret
2949 5188 3018 5228 ne
3041 5184 3292 5228 creatura
3344 5192 3441 5244 pro

1851 5266 2044 5315 natura
2088 5260 2180 5315 Dei
2215 5261 2536 5328 haberetur,
2586 5275 2637 5319 et
2674 5266 2802 5334 quia
2833 5265 2961 5321 licet
3017 5268 3263 5322 distincta
3309 5273 3437 5325 sita

1846 5357 2036 5404 natura
2073 5352 2280 5420 divina,
2326 5369 2433 5425 non
2483 5355 2552 5410 ab
2592 5369 2655 5410 ea
2688 5354 3013 5410 distrahitur
3061 5356 3285 5422 spiritus
3316 5371 3439 5425 gra—

1848 5441 1948 5506 tia,
1978 5443 2072 5496 sed
2107 5445 2288 5512 potius
2339 5447 2568 5502 attrahit
2615 5449 2844 5504 meritos
2884 5447 2953 5501 ad
3005 5448 3176 5502 divini
3212 5450 3436 5519 Spiritm‘

1847 5548 2316 5595 COIlllllUﬂlOllCln.

2946 5801 3033 5864 38
