4106 6328
268 452 409 514 1197

1172 443 1438 502 carm
1482 434 1834 504 PHYSICA,
1875 400 2599 536 THEoLOQICA,'ETc.

3390 421 3525 487 1198

331 550 453 623 ρια⁹.
494 552 612 603 Ἔτι
643 536 887 612 τότινος
941 551 1191 620 μετέχειν
1217 557 1338 604 κατ’
1387 550 1597 612 οὐσίαν,
1648 548 1832 619 κοινὴν

2008 524 2131 599 111.
2164 524 2405 616 Insuper,
2442 545 2585 615 quod
2619 543 2909 615 participat
2960 539 3163 611 aliquid
3226 542 3523 595 secundum

249 644 468 714 ἀνάγκη
501 644 642 713 μετὰ
673 644 764 695 τοῦ
806 644 1171 713 μετεχομένου
1196 642 1295 712 τὴν
1324 642 1514 695 οὐσίαν
1543 640 1706 711 ἔχειν,
1740 641 1833 694 καὶ

238 733 399 786 ’κατά
426 752 477 787 τι
503 736 601 804 τὴν
628 734 819 803 αὑτήν.
854 732 949 797 Τίς
979 730 1073 787 οῦν
1098 734 1216 786 ποτ’
1245 734 1446 804 ἢκουσε
1506 732 1637 802 μίαν
1687 726 1829 784 εἶναι

253 826 355 878 τοῦ
381 825 515 879 Θεοῦ
572 827 666 877 καὶ
691 826 847 894 ἡμῶν
899 826 1040 879 κατά
1066 843 1117 878 τι
1151 826 1249 896 τὴν
1277 824 1503 889 οὐσίαν;
1534 824 1627 877 καὶ
1661 823 1831 876 ταῦτα

255 918 357 970 τοῦ
391 918 629 985 μεγάλου
661 917 939 970 Βασιλείου
970 918 1221 985 λέγοντος
1248 933 1261 947 ⁸
1316 916 1517 986 Λὶιμέν
1558 916 1832 985 ἐνέργειαι

252 1008 355 1060 τοῦ
378 1008 511 1059 Θεοῦ
544 1007 679 1073 πρὸς
709 1009 851 1077 ἡμᾶς
882 1007 1319 1070 καταϐαίνουσιν,
1346 1007 1452 1077 ήδὲ
1478 1006 1639 1060 οὐσία
1669 1005 1833 1060 αὑτοῦ

259 1103 418 1169 μένει
448 1100 741 1170 ἀπρόσιτος
762 1115 784 1130 ν
809 1101 903 1155 καὶ
929 1100 1023 1154 τοῦ
1055 1101 1200 1153 θείου
1223 1100 1474 1170 Μαξίμου
1499 1099 1800 1171 φάσκοντος
1818 1114 1832 1129 ·

251 1191 466 1253 Πάντα,
513 1192 612 1243 ὅσα
637 1193 664 1244 6
684 1191 839 1253 Θεὸς,
873 1191 965 1243 καὶ
994 1193 1022 1244 6
1050 1191 1139 1244 διὰ
1161 1191 1261 1261 τῆς
1288 1190 1525 1261 χάριτος.
1559 1188 1837 1260 τεθεωμὲ-

241 1309 345 1356 νος
384 1291 555 1353 ἔσται,
592 1292 761 1362 χωίρὶς
812 1292 913 1360 τῆς
944 1293 1064 1346 κατ’
1114 1293 1305 1346 οὐσίαν
1329 1309 1677 1364 τσυτοτητος.
1716 1300 1831 1352 Οὐκ

246 1386 363 1455 ἄρα
415 1385 515 1453 τῆς
548 1384 696 1447 θείας
747 1385 933 1453 οὐσίας
968 1384 1142 1438 ἔνεστι
1193 1386 1460 1455 μετέχειν,
1492 1388 1602 1441 οὐδ’
1637 1389 1833 1452 αὐτοὺς

229 1478 383 1539 τοὺς
414 1477 503 1529 διὰ
547 1477 646 1547 τῆς
677 1476 829 1541 θείας
889 1477 1111 1548 χάριτος
1155 1477 1527 1545 τεθεωμένους
1552 1496 1565 1510 ⁸
1611 1481 1723 1549 Τῆς
1754 1480 1832 1533 δὲ

250 1568 409 1630 θείας
434 1567 713 1637 ἐνεργείας
744 1568 919 1621 ἔνεστι
966 1569 1237 1637 μετέχειν.
1284 1570 1378 1631 Εἰς
1409 1570 1566 1622 τοῦτο
1619 1572 1726 1642 γάρ
1767 1588 1835 1640 με

251 1661 419 1731 φέρει
448 1660 506 1713 τὸ
535 1661 753 1739 μέτριογ
779 1661 1011 1714 ἐνταῦθα
1038 1661 1240 1730 φέγγος
1258 1661 1358 1731 τῆς
1378 1647 1665 1732 ἀληθείας,
1694 1662 1835 1732 λαμ-

257 1754 505 1823 πρότητα
530 1753 664 1806 Θεοῦ
704 1752 834 1806 ἰδεῖν
877 1753 1219 1819 καὶπαθείν,
1277 1755 1443 1824 φησὶν
1496 1758 1523 1806 6
1574 1754 1834 1822 Θεολόγος

253 1845 558 1916 Γρηγόριος
585 1845 721 1904 ’,καὶ
763 1846 795 1912 ή
845 1845 1164 1914 λαμπρότης
1230 1845 1323 1899 τοῦ
1368 1844 1503 1897 Θεοῦ
1566 1845 1722 1914 ἡμῶν
1750 1846 1834 1913 ἐφ’

252 1937 407 2005 ἡμᾶς
433 1937 573 1989 κατᾶ
600 1936 690 1989 τὸν
721 1934 1012 2003 ψαλμῳδδν
1042 1936 1333 2004 προφήτην
1356 1950 1370 1966 ·
1403 1935 1497 1989 καὶ
1532 1937 1664 2004 μίαν
1695 1933 1836 1990 εἶναι

256 2026 359 2080 τοῦ
395 2026 529 2080 Θεοῦ
560 2029 656 2080 καὶ
696 2027 805 2078 τῶν
834 2026 1007 2093 ἁγίων
1069 2028 1168 2094 τὴν
1209 2026 1515 2096 ἐνέργειαν,
1552 2028 1581 2079 6
1630 2027 1841 2095 τούτοις

255 2118 573 2188 ἐναρίθμιος
618 2116 867 2186 Μάξιμος
914 2117 1114 2186 γράφει
1152 2117 1469 2187 διαρρήδην,
1506 2118 1600 2170 καὶ
1657 2116 1835 2183 ζώσας

255 2210 473 2283 εἰκόνας
504 2205 648 2261 εῖναι
706 2207 930 2271 τούτους
952 2203 1227 2278 Χριστοῦ,
1286 2208 1381 2261 καὶ
1432 2207 1599 2262 ταυτὺ
1644 2208 1843 2279 μᾶλλον

256 2281 412 2370 αὐτῷ
438 2300 581 2354 κατὰ
616 2299 713 2369 τὴν
748 2299 929 2368 χάριν,
963 2298 995 2363 ἦ
1026 2299 1380 2368 ἀφομοίωμα.

336 2393 458 2463 ριβ’.
502 2394 559 2447 Ὀ
613 2392 745 2456 Θεὸς
773 2391 935 2459 αύτός
991 2391 1140 2444 ἐστιν
1187 2392 1246 2443 ἐν
1292 2389 1492 2460 ἐαυτῷ,
1534 2390 1645 2444 τῶν
1668 2390 1841 2461 τριῶν

260 2464 424 2537 θείων
471 2482 822 2537 ὑποστάσεων
880 2481 1144 2550 φυσικῶς,
1203 2481 1422 2547 ὑλικῶς,
1480 2482 1686 2545 ἀϊδίως,
1749 2483 1842 2535 καὶ

258 2575 685 2645 ἀνεκφοιτήτως,
720 2573 836 2643 ἅμα
858 2572 911 2625 δὲ
941 2573 1034 2625 καὶ
1062 2570 1338 2641 ἀφύρτως,
1374 2573 1470 2625 καλ⁵
1517 2571 1840 2641 ἀσυγχύτως

260 2664 535 2734 ἐχομένων
574 2663 841 2733 ἀλλήλων,
884 2665 977 2716 καὶ
999 2662 1426 2735 περιχωρουσῶν
1478 2662 1555 2724 εἰς
1585 2662 1842 2732 ἀλλήλας,

256 2758 338 2818 ὼς
380 2756 504 2826 μίαν
550 2749 691 2808 εἶναι
722 2754 927 2808 τούτων
954 2756 1045 2807 καὶ
1081 2754 1180 2825 τὴν
1206 2753 1511 2825 ἐνέργειαν.
1541 2756 1721 2824 Ὅπερ
1756 2736 1843 2808 ἐπ’

258 2845 474 2908 οὐδενὸς
498 2845 562 2899 ἄν
607 2834 696 2913 τις
720 2844 871 2915 εὖροι
897 2844 1003 2919 τῷν
1045 2844 1303 2898 κτιστιῖιν.
1339 2845 1564 2915 (Ὁμοία
1606 2845 1703 2915 μὲν
1737 2848 1845 2914 γὰρ

258 2939 325 2988 ἐν
359 2939 469 3001 τοῖς
504 2937 855 3007 όμογενέσιν,
880 2937 995 2990 ἀλλ’
1044 2937 1280 3008 ἑκάστης
1311 2938 1669 3001 ὑποστάσεως
1723 2938 1843 2991 καθ’

260 3028 464 3099 ἑαυτὴν
496 3027 847 3099 ἐνεργούσης,
874 3029 1008 3099 Δίδία
1038 3030 1130 3082 καὶ
1159 3031 1192 3099 ἡ
1232 3029 1530 3098 ἐνέργεια.)
1585 3028 1698 3080 Οὐκ
1729 3028 1840 3096 ἔχει

256 3114 321 3166 δὲ
342 3112 511 3177 οὕτως
543 3117 639 3168 ἐπὶ
664 3114 773 3167 τῶν
801 3091 968 3184 τρῖὦν
995 3115 1221 3181 ἐκείνων
1273 3116 1434 3169 θείων
1467 3117 1560 3169 καὶ
1602 3134 1843 3187 προσκυ-

1938 638 2254 704 essentiam,
2285 651 2635 692 communem
2686 635 2887 692 habere
2918 635 3078 691 debet
3132 649 3252 689 cum
3308 632 3529 703 partici—

1940 738 2067 799 pato
2120 728 2445 791 essentiam,
2482 738 2555 780 ‘et
2615 728 3016 797 quodammodo
3062 727 3333 782 eamdem.
3396 724 3527 790 Quis

1940 831 2121 876 autem
2181 836 2420 890 unquam
2476 822 2685 875 audivit
2733 835 2895 876 unam
2922 834 3043 876 esse
3097 819 3206 874 Deo
3256 826 3313 873 et
3369 816 3527 871 nobis

1939 915 2344 982 quodammodo
2398 914 2691 967 essentiam
2724 912 2894 967 τουπ)
2935 912 3235 981 praesertim
3298 924 3527 977 magnus

1939 1006 2083 1060 dicat
2116 1004 2395 1059 Basilius:
2437 1023 2455 1055 ι
2490 1004 2845 1074 Operationes
2891 1004 3109 1071 quidem
3158 1001 3252 1058 Dei
3299 1002 3364 1054 ad
3430 1014 3528 1052 nos

1938 1096 2299 1161 descendunt,
2332 1088 2572 1151 essentia
2627 1110 2761 1179 νοηο
2788 1094 2908 1165 ejus
2935 1103 3120 1149 manet
3140 1094 3419 1147 inaccessa
3454 1110 3473 1143 ι
3512 1107 3527 1155 ;

1939 1197 1992 1242 et
2052 1188 2208 1242 divus
2265 1187 2575 1256 Maximus:
2616 1205 2634 1238 ι
2675 1176 2850 1242 Omne
2900 1176 3162 1256 quidquid
3222 1184 3387 1251 Deus,
3426 1182 3532 1236 erit

1940 1280 2052 1348 ipse
2074 1279 2248 1349 gratia
2279 1276 2567 1332 deilicatus
2592 1285 2790 1345 prater
2810 1276 3071 1332 essentia:
3097 1272 3467 1349 identitate’m.
3507 1272 3525 1318 ὸ

1938 1350 2056 1425 Non
2112 1369 2280 1439 igitur
2329 1368 2567 1423 divinam
2608 1369 2903 1423 essentiam
2960 1368 3123 1422 datur
3179 1363 3528 1435 participare.

1941 1480 2007 1518 ne
2047 1463 2179 1532 ipsis
2208 1462 2424 1532 quidem
2472 1461 2655 1523 divina
2711 1460 2886 1531 gratia
2924 1459 3210 1515 deiﬂeatis.
3263 1456 3513 1511 Divinam

1939 1568 2066 1609 vero
2108 1556 2402 1609 essentiam
2441 1553 2570 1607 licet
2622 1554 2997 1622 participare:
3038 1569 3056 1602 ι
3103 1550 3169 1604 ad
3224 1549 3332 1604 hoc
3380 1548 3527 1601 enim

1940 1662 2025 1700 me
2048 1661 2192 1700 nunc
2220 1647 2644 1701 ducit'veritatis
2672 1646 2861 1713 iubar,
2888 1653 2944 1698 ut
2980 1644 3157 1699 lucem
3190 1642 3287 1697 Dei
3322 1641 3531 1696 videam
3601 1681 3606 1690 .

1940 1750 1993 1792 et
2040 1738 2308 1807 experiar,
2348 1739 2428 1793 ait
2476 1739 2774 1809 Gregorius
2807 1736 3139 1815 Theologus,
3188 1754 3208 1788 ι
3238 1734 3306 1789 Et
3347 1726 3529 1788 lumen

1946 1830 2034 1883 Dei
2070 1845 2235 1900 super
2260 1824 2391 1895 ’nos,
2428 1832 2581 1902 juxta
2628 1829 2975 1884 Psalmistam
3014 1828 3359 1899 prophetam.
3396 1842 3415 1877 ι
3460 1825 3529 1879 Et

1945 1937 2106 1975 unam
2141 1937 2261 1976 esse
2281 1921 2375 1976 Dei
2402 1932 2454 1976 et
2485 1931 2801 1977 sanctorum
2828 1922 3219 1989 operationem,
3247 1917 3527 1972 ascribeu~

1945 2013 2053 2065 dus
2109 2012 2175 2066 ad
2216 2013 2314 2066 hos
2367 2010 2636 2066 Maximus
2685 2010 2899 2079 precise
2953 2007 3165 2074 scribit,
3193 2008 3381 2062 ethos
3411 2021 3531 2061 esse

1942 2104 2093 2156 vivas
2123 2101 2383 2171 imagines
2408 2100 2636 2164 Christi,
2670 2111 2725 2155 et
2754 2100 2898 2156 idem
2941 2100 3122 2169 potius
3150 2112 3271 2153 cum
3308 2110 3376 2151 eo
3409 2110 3533 2151 esse

1945 2209 2039 2263 per
2068 2196 2255 2266 gratiae
2291 2195 2767 2249 assimilationem.

1966 2433 1970 2438 ,
2019 2369 2311 2455 ΗΞζῦριιε
2345 2378 2427 2424 est
2462 2369 2593 2441 ﬁpse
2640 2370 2695 2424 in
2747 2369 2945 2438 seipso,
2980 2370 3106 2438 quia
3143 2379 3255 2423 tres
3286 2379 3535 2437 persona:

1948 2477 2222 2531 nunquam
2257 2478 2284 2514 a
2320 2477 2379 2515 se
2412 2462 2645 2515 invicem
2681 2469 2969 2526 exeuntes,
3016 2458 3341 2514 naturaliter
3394 2460 3529 2512 inte-

1947 2570 2038 2626 gre
2083 2564 2138 2610 et
2186 2564 2410 2620 aeterne,
2454 2550 2572 2609 sine
2624 2552 2728 2607 ulla
2793 2562 2975 2608 tamen
3028 2552 3419 2608 commistione
3470 2568 3534 2606 ac

1946 2647 2261 2703 confusione
2290 2662 2348 2701 se
2389 2646 2619 2701 invicem
2664 2654 3095 2715 compenetrant,
3130 2647 3203 2699 ita
3256 2655 3317 2699 ut
3364 2660 3528 2699 unam

1950 2740 2183 2801 habeant
2220 2742 2611 2808 operationem.
2659 2737 2815 2803 Quod
2871 2738 2924 2792 in
2964 2738 3109 2792 nulla
3147 2740 3529 2793 creaturarum

1948 2833 2184 2902 reperiri
2206 2842 2403 2902 potest.
2422 2829 2557 2883 Nam
2581 2831 2776 2885 similis
2794 2830 3013 2899 quidem
3036 2831 3090 2885 in
3116 2834 3532 2901 congeneribus.

1950 2934 2002 2980 at
2051 2926 2176 2993 quia
2227 2911 2505 2993 unumque
2561 2924 2899 2992 suppositum
2939 2937 3094 2978 more
3143 2923 3245 2977 sibi
3274 2924 3537 2994 congruo

1951 2997 2328 3087 agit,'propria
2362 3015 2525 3071 simul
2576 3016 2716 3070 inest
2763 3016 3032 3085 operatio.
3064 3015 3179 3069 Non
3220 3016 3349 3069 item
3403 3027 3536 3069 vero

1950 3110 2017 3162 de
2054 3109 2229 3163 tribus
2284 3108 2389 3164 illis
2454 3106 2656 3162 divinis
2716 3107 3126 3176 adorandisque
3166 3108 3442 3175 personis,
3481 3105 3534 3160 in

166 3230 175 3237 -
259 3201 440 3271 νητῶν
474 3203 847 3256 ύποστάσεων’
883 3204 958 3266 ὡς
1009 3203 1223 3272 ἀληθῶς
1252 3205 1361 3273 γὰρ
1395 3204 1492 3273 μία
1545 3206 1659 3257 ἐκεῖ
1691 3203 1783 3257 καὶ
1813 3205 1843 3273 ἡ

1955 3203 2150 3269 quibus
2179 3216 2281 3254 una
2320 3213 2375 3255 et
2410 3204 2599 3256 eadem
2648 3201 2893 3269 Operatio
2923 3209 3045 3255 est:
3086 3215 3227 3256 unus
3269 3200 3415 3253 enim
3452 3207 3536 3253 est

256 3294 402 3363 αὖτή
434 3297 546 3347 ἐστι
580 3311 595 3324 ·
632 3294 730 3364 μία
754 3293 862 3366 γὰρ
892 3298 923 3364 ἠ
948 3294 1040 3348 τοῦ
1064 3295 1211 3348 θείου
1242 3295 1581 3373 βουλήματος
1610 3296 1845 3365 κίνησις,

258 3390 329 3439 ἐκ
358 3386 799 3456 προκαταρτικοῦ
838 3387 1013 3439 αίτίου
1038 3385 1129 3456 τοῦ
1164 3387 1377 3457 Πατρὸς
1408 3387 1728 3455 ὁρμωμένη,
1753 3385 1847 3439 καὶ

256 3478 352 3531 διὰ
394 3477 487 3529 τοῦ
522 3477 653 3529 Υίοῦ
708 3477 993 3547 προϊοῦσα,
1026 3478 1118 3528 καὶ
1151 3479 1208 3529 ἐν
1264 3477 1341 3548 τῷ
1395 3477 1533 3547 ἁγίῳ
1570 3478 1846 3545 Πνεύματι

259 3569 697 3640 προφαινομένη.
730 3570 837 3623 Καὶ
870 3568 1027 3621 τοῦτο
1057 3568 1214 3636 δῆλον
1241 3571 1303 3621 ἐκ
1329 3569 1435 3621 τῶν
1470 3567 1846 3636 ἀποτελεσμά-

257 3679 408 3715 τωψ
432 3662 677 3715 ἐντεῦθεν
702 3662 810 3732 γὰρ
839 3664 987 3717 πᾶσα
1015 3662 1220 3731 φυσικὴ
1243 3662 1495 3730 ἐνέργεια
1526 3658 1847 3712 καθίσταται

264 3738 571 3822 γνώριμος.
600 3752 710 3806 Καὶ
732 3753 912 3806 τοίνυν
940 3754 1036 3822 ούχ
1067 3746 1440 3823 ὦσπερ“όμοία
1474 3753 1593 3822 μὲν,
1628 3752 1760 3822 άλλη
1792 3751 1847 3803 δὲ

263 3848 399 3919 παρ’
422 3848 588 3921 ἄλλης
602 3846 865 3916 χελιδόνος
888 3845 1188 3906 ἐκτελεῖται
1216 3844 1379 3898 καλιά
1397 3860 1410 3873 ·
1437 3844 1529 3897 καὶ
1552 3843 1688 3911 ἄλλη
1714 3844 1843 3911 παρ’

263 3937 432 4001 ἄλλου
466 3937 721 4007 γραφέως
747 3937 1162 4007 καταγράφεται
1195 3935 1361 3998 σελὶς,
1401 3933 1502 3987 κᾶν
1524 3935 1587 3986 ἐκ
1617 3935 1723 3986 τῶν
1755 3935 1843 3986 αὑ-

262 4030 381 4082 τῶν
408 4029 687 4099 στοιχείων
725 4027 780 4102 ᾗ,
837 4014 980 4081 οὕτω
1008 4031 1102 4082 καὶ
1149 4030 1241 4080 ἐπὶ
1281 4027 1513 4096 Πατρδς,
1554 4027 1649 4078 καὶ
1692 4026 1843 4087 Υίοῦ,

265 4121 364 4173 καὶ
409 4120 566 4188 ἁγίου
617 4121 952 4189 Πνεύματος,
1001 4120 1130 4172 ίδιον
1166 4118 1513 4186 ἀποτέλεσμα
1544 4116 1674 4186 παρ’
1716 4116 1845 4169 ἐκά-

265 4228 404 4282 στης
430 4213 623 4281 ὁρᾶται
655 4211 763 4263 τῶν
811 4210 1162 4263 ύποστάσεων
1188 4225 1202 4239 ο
1231 4208 1367 4263 ἀλλὰ
1396 4209 1546 4262 πᾶσα
1573 4208 1604 4277 ἡ
1651 4206 1846 4268 κτίσις,

264 4303 380 4357 τῶν
412 4303 577 4373 τριῶν
598 4305 743 4356 ἐστιν
773 4302 931 4373 ἐργον
968 4302 1047 4355 ἓν.
1077 4301 1319 4373 Καὶκάπὸ
1348 4300 1556 4370 ταύτης
1598 4299 1727 4365 μίαν
1757 4298 1850 4351 καὶ

266 4394 443 4463 αὐτὴν
472 4394 579 4447 τῶν
612 4394 775 4465 τριῶν
808 4392 1198 4462 προσκυνητῶν
1243 4391 1573 4459 προσώπων,
1602 4388 1717 4442 ἀλλ’
1750 4388 1849 4441 οὐκ

269 4486 721 4553 ἀποτεταγμένην
769 4484 984 4553 ἑκάστῳ
1036 4483 1131 4535 καὶ
1189 4482 1379 4551 ὁμοίαν
1412 4483 1553 4534 νοεῖν
1606 4478 1713 4532 ὑπὸ
1741 4477 1847 4531 τῶν
1890 4549 1893 4551 ί

272 4575 533 4646 Πατέρων
564 4575 895 4646 μεμυήμεθα
930 4576 1027 4646 τὴν
1051 4575 1200 4628 θείαν
1230 4574 1526 4644 ἐνέργειαν.

348 4674 471 4738 ριγ’,
508 4669 661 4721 Ἐπεὶ
684 4670 741 4721 ἐν
767 4668 1015 4737 ἀλλήλοις
1035 4666 1355 4736 ἀσυγχύτως
1385 4683 1444 4717 τε
1471 4675 1563 4717 καὶ
1596 4664 1848 4733 ἀφύρτως

270 4761 301 4809 ὁ
340 4756 523 4828 Πατὴρ
549 4757 642 4810 καὶ
669 4757 697 4809 6
723 4757 847 4819 Υἱὸς
886 4758 980 4809 καὶ
1034 4756 1094 4808 τὸ
1130 4755 1351 4825 Πνεῦμα
1402 4756 1461 4808 τὸ
1502 4753 1658 4822 ἅγιόν
1690 4754 1847 4817 εἰσιν,

269 4847 397 4901 ὅθεν
436 4846 591 4917 ἴσμεν
618 4847 746 4917 μίαν
771 4842 909 4901 εἶναι
957 4847 1163 4899 τούτων
1219 4846 1462 4917 ἀκριὸῶς
1494 4846 1592 4915 τὴν
1639 4845 1851 4907 κίνησιν

271 4940 371 4994 καὶ
398 4928 500 5009 τὴν
533 4940 835 5009 ἐνέργειαν,
872 4940 938 5008 ἣν
973 4939 1087 5008 ἔχει
1114 4941 1142 4991 ό
1181 4939 1364 5008 Πατὴρ
1404 4941 1460 4991 ἐν
1499 4936 1677 5006 ἐαυτῷ
1707 4934 1850 5007 ζωὴν

271 5030 310 5099 ἦ
344 5029 589 5099 δύναμιν,
627 5029 724 5099 οὐχ
757 5028 943 5098 ἕτερόν
975 5030 1098 5081 ἐστι
1153 5028 1300 5096 παρά
1335 5028 1424 5080 τὸν
1454 5028 1603 5091 Υίὸν,
1638 5026 1713 5089 ὡς
1753 5025 1849 5095 τὴν

272 5119 447 5188 αὐτὴν
480 5121 672 5189 ἐκείνῳ
731 5121 824 5172 καὶ
862 5119 1008 5189 ζωὴν
1068 5120 1161 5171 καὶ
1187 5119 1418 5188 δύναμιν
1455 5118 1669 5187 ἔχοντα,
1710 5117 1851 5169 οὓτω

273 5213 343 5280 δὴ
372 5212 463 5264 καὶ
491 5212 518 5263 6
540 5211 687 5276 Υίὸς,
710 5212 804 5265 καὶ
854 5212 915 5264 τὸ
948 5210 1169 5281 Πνεῦμα
1212 5211 1274 5263 τὸ
1315 5210 1491 5279 ἅγιον.
1521 5211 1583 5262 υἱ
1609 5209 1665 5261 δὲ
1700 5209 1850 5279 νομί-

279 5303 464 5367 ζοντες
491 5303 659 5374 μηδὲν
690 5286 968 5374 διαφέρειν
1015 5288 1125 5373 τῆς
1151 5302 1301 5367 θείας
1322 5302 1511 5365 οὐσίας
1556 5302 1655 5371 τὴν
1704 5301 1850 5354 θείαν

280 5396 583 5464 ἐνέργειαν,
616 5397 913 5467 ἐπειδήπερ
941 5397 1040 5448 οὐκ
1091 5395 1268 5461 ἄλλος,
1311 5394 1427 5450 ἀλλ’
1455 5394 1615 5458 αὐτός
1649 5395 1795 5447 ἐστιν
1820 5393 1848 5445 6

279 5485 415 5548 Θεὸς
450 5486 483 5554 ἡ
507 5486 618 5556 ζωὴ
650 5488 826 5556 ήμῶν,
858 5487 952 5539 καὶ
1004 5487 1163 5549 αὐτός
1213 5488 1359 5539 ἐστιν
1393 5489 1420 5539 ὁ
1454 5486 1526 5556 μὴ
1567 5486 1703 5555 πρὸς
1735 5486 1853 5539 ἐτε-

284 5595 400 5647 ρον,
453 5578 588 5631 ἀλλά
615 5579 736 5632 καθ’
784 5578 975 5631 ἐαυτὸν
1028 5577 1517 5648 προαιὼνιοςλζωὴ
1568 5578 1851 5656 ὑπάρχων,

281 5669 563 5733 δυσσεϐεῖς
593 5670 652 5724 τέ
693 5673 800 5725 εισι
842 5672 937 5723 καὶ
976 5670 1247 5741 ἀμαθείςο
1298 5670 1532 5740 ἀμαθεῖς
1563 5669 1683 5738 μὲν,
1732 5672 1854 5724 ἐπεὶ

287 5760 453 5828 μήπω
502 5760 878 5831 ἐδιδάχθησαν,
924 5760 1004 5813 ὅτι
1058 5761 1214 5829 καὶὴ
1267 5760 1527 5813 ἀνωτάτω
1558 5760 1730 5829 Τριὰς
1757 5764 1853 5832 οὐχ

282 5848 369 5901 Et:
382 5864 494 5917 ρος,
527 5850 638 5903 ἀλλ’
665 5850 825 5913 αὑτός
849 5854 993 5903 ἐστιν
1028 5852 1055 5902 ὁ
1088 5850 1239 5916 Θεὸς,
1277 5852 1370 5904 καὶ
1395 5850 1551 5919 οὐδὲν
1574 5851 1854 5918 ἐμποδίζει

1950 3292 2146 3346 divinae
2172 3288 2475 3346 voluntatis
2496 3302 2704 3358 motus,
2737 3308 2765 3346 a
2794 3292 3057 3361 primario
3084 3293 3351 3361 principio
3377 3291 3537 3349 Patre

1949 3382 2238 3451 excitatus,
2268 3384 2357 3474 et]
2374 3400 2467 3454 per
2528 3385 2720 3455 Filium
2776 3386 3099 3453 procedens,
3136 3394 3189 3439 et
3230 3386 3281 3439 in
3330 3385 3534 3467 Spiritu

1950 3485 2137 3531 saneto
2192 3475 2596 3530 manifestatus.
2652 3476 2716 3546 Et
2773 3477 2877 3530 hoc
2943 3486 3091 3544 patet
3141 3494 3206 3531 ex
3254 3480 3534 3547 operibus,

1948 3571 2143 3624 exinde
2175 3570 2317 3634 enim
2355 3572 2535 3623 omnis
2562 3569 2825 3624 naturalis
2856 3572 3104 3640 operatio
3133 3572 3185 3624 lit
3218 3584 3365 3624 nota.
3396 3572 3535 3642 Ergo

1951 3677 2053 3715 non
2086 3662 2224 3716 sicut
2259 3661 2453 3715 similis
2480 3662 2720 3730 quidem,
2757 3661 2851 3716 sed
2897 3662 3039 3715 alius
3074 3663 3141 3717 ab
3191 3665 3295 3715 alia
3339 3664 3533 3717 hirun-

1952 3756 2074 3809 dine
2104 3757 2386 3811 coniicitur
2416 3757 2597 3820 nidus,
2623 3769 2722 3809 nec
2768 3755 2913 3810 sicut
2947 3755 3053 3809 alia
3096 3758 3162 3809 ab
3194 3757 3299 3809 alio
3350 3758 3534 3811 scriba

1953 3845 2278 3902 describitur
2309 3848 2524 3917 pagina,
2564 3845 2779 3899 etiamsi
2812 3859 2898 3900 ‘ex
2944 3846 3139 3900 iisdem
3174 3847 3368 3902 litteris
3404 3861 3537 3902 con-

1952 3946 2074 4002 stet,
2110 3939 2181 3991 ita
2216 3950 2270 3992 et
2301 3938 2351 3991 in
2381 3934 2543 3993 Patre
2570 3948 2622 3992 et
2646 3935 2785 3990 Filio
2816 3936 3112 4007 et'Spirltu
3164 3948 3369 3994 sancto
3408 3954 3538 4009 pro-

1953 4029 2127 4098 prium
2164 4044 2298 4096 opus
2326 4029 2393 4083 ab
2432 4042 2752 4099 unaquaque
2776 4028 2834 4082 fit
2867 4043 3119 4105 persona.
3152 4031 3245 4086 sed
3275 4033 3567 4089 universa.

1952 4121 2157 4176 creatio
2190 4122 2351 4175 trium
2385 4129 2468 4175 est
2521 4135 2661 4190 opus
2711 4136 2898 4175 unum.
2941 4110 3016 4176 Et
3062 4122 3257 4177 exinde
3286 4140 3450 4179 unam
3482 4137 3538 4182 et

1953 4210 2197 4262 eamdem
2231 4209 2407 4264 tribus
2434 4198 2726 4264 aderandis
2755 4212 3024 4279 personis,
3044 4222 3100 4266 et
3121 4228 3228 4268 non
3259 4218 3533 4283 propriam

1954 4300 2151 4368 cuique
2200 4311 2254 4353 et
2305 4301 2538 4359 similem
2599 4302 2843 4358 tribuere
2875 4320 2902 4357 a
2943 4303 3197 4360 Patribus
3242 4307 3536 4365 didicimus

1955 4390 2193 4446 divinam
2229 4392 2621 4460 operationem.

2036 4662 2157 4718 H5.
2178 4663 2311 4729 Quia
2346 4666 2397 4719 in
2433 4682 2492 4721 se
2522 4667 2755 4721 Invicem
2781 4668 2898 4724 sine
2948 4675 3269 4729 cont‘usroue
3298 4690 3362 4730 ac
3392 4684 3549 4732 com-'

1960 4754 2211 4810 mistione
2242 4754 2401 4810 Pater
2429 4766 2483 4810 et
2512 4755 2685 4813 Filius
2724 4765 2779 4812 et
2820 4758 3055 4829 Spiritus
3088 4774 3309 4818 sanctus
3356 4768 3543 4819 coexi-

1960 4856 2127 4912 stunt,
2163 4847 2305 4902 unde
2337 4832 2543 4902 scimus
2584 4864 2896 4906 unam-esse
2942 4853 3134 4907 horum
3166 4856 3409 4923 profecto
3451 4873 3540 4909 ac-

1962 4938 2164 5008 tionem
2191 4949 2245 4993 et
2276 4941 2651 5010 operationem
2679 4958 2692 4997 :
2734 4942 2855 4997 ideo
2885 4959 3051 5013 quam
3084 4945 3250 5001 habet
3292 4948 3454 5002 Pater
3489 4950 3541 5002 in

1959 5033 2138 5101 seipso
2167 5033 2335 5087 vitam
2369 5043 2461 5089 aut
2495 5036 2964 5102 potentiam-pltare
2998 5052 3107 5093 non
3138 5039 3244 5094 alia
3285 5051 3370 5096 est
3399 5043 3542 5111 apud

1959 5124 2179 5191 Filium,
2212 5126 2417 5197 quippe
2444 5128 2536 5194 qui
2570 5129 2815 5181 eamdem
2864 5142 2928 5182 ac
2960 5130 3050 5184 ille
3100 5132 3260 5187 habet
3289 5134 3455 5187 vitam
3486 5144 3541 5188 et

1960 5214 2253 5282 petentiam
2284 5230 2299 5280 ;
2336 5224 2392 5268 ut
2444 5224 2625 5271 autem
2666 5210 2856 5283 Filius,
2888 5220 2967 5275 sic
3021 5232 3075 5275 et
3126 5223 3362 5290 Spiritus
3413 5241 3544 5280 san-

1961 5318 2101 5363 ctus.
2128 5302 2238 5374 Qui.
2267 5323 2397 5364 vero
2435 5310 2776 5365 arbitrantur
2807 5311 3033 5368 minime
3079 5313 3392 5369 distinctam
3423 5332 3544 5373 esse

1960 5412 1990 5451 a
2024 5398 2204 5453 divina
2257 5400 2493 5454 essentia
2540 5400 2782 5456 divinam
2833 5394 3401 5473 operationem,quia
3436 5422 3541 5461 non

1960 5490 2120 5552 alius.
2146 5492 2238 5546 sed
2274 5492 2388 5561 ipse
2414 5500 2499 5547 est
2531 5491 2671 5547 Deus
2703 5493 2808 5548 vita
2840 5504 3048 5562 nostra,
3085 5503 3138 5549 et
3173 5496 3289 5565 ipse
3320 5513 3423 5551 non
3461 5513 3543 5551 re-

1960 5580 2121 5637 lative
2151 5583 2217 5636 ad
2250 5583 2421 5649 aliud,
2461 5583 2555 5639 sed
2603 5584 2656 5638 in
2704 5586 2885 5654 seipso
2932 5596 3142 5642 aeterna
3173 5588 3282 5643 vita
3322 5599 3425 5649 est.
3465 5578 3542 5646 illi

1960 5681 2088 5725 sunt
2116 5671 2264 5741 impii
2294 5681 2348 5728 et
2394 5674 2565 5742 ignari
2597 5691 2611 5731 :
2648 5675 2824 5745 ignari
2853 5676 3098 5747 quidem,
3128 5692 3251 5733 cum
3301 5680 3542 5736 nondum

1960 5763 2249 5817 didicerint
2280 5777 2547 5819 summam
2595 5766 2913 5823 Trinitatem
2969 5784 3077 5825 non
3109 5771 3299 5833 alium,
3324 5772 3417 5827 sed
3464 5774 3542 5841 ip-

1961 5869 2080 5910 squ
2134 5869 2257 5911 esse
2318 5857 2507 5925 Deum,
2544 5873 2719 5929 neque
2774 5860 2827 5916 id
2878 5872 3064 5919 tamen
3107 5866 3367 5934 impedire
3411 5866 3542 5935 quin
