4106 6328
228 406 358 473 ιεοι

1141 402 1411 465 CAPITA
1454 397 1793 468 PliYSlCA,
1832 393 2352 458 THEOLOGICA,
2391 393 2531 452 ETC

3337 396 3474 456 1212

216 510 446 562 καὶτῶν
491 508 649 572 θείως
687 509 928 573 ζώντων,
961 505 1038 570 ὡς
1088 505 1324 577 χορηγὸς
1377 507 1478 578 τῆς
1536 507 1783 578 χάριτος·

1900 504 2099 559 dicitur
2123 507 2285 558 etiam
2336 505 2450 572 ipse
2491 504 2600 556 vita
2652 502 2704 555 in
2747 503 2949 572 seipso.
2986 519 3082 556 nec
3150 505 3370 561 relative
3417 509 3484 562 ad

215 600 430 666 λέγεται
456 599 511 652 δὲ
538 600 628 651 καὶ
661 598 774 669 ζωὴ
801 599 964 660 αὐτὸς
994 597 1117 650 καθ’
1150 598 1363 659 ἑαυτὸν,
1404 597 1465 650 ού
1518 600 1652 665 πρὸς
1674 597 1789 649 ἓτε-

219 708 330 760 ρον,
357 689 470 741 ἀλλ’
497 689 710 756 ἁφέτως
743 705 802 740 τε
844 688 936 740 καὶ
980 685 1397 756 ἀπολελυμένως
1446 688 1623 755 πάντη
1653 705 1664 716 ⁸
1700 688 1789 738 Θέ-

217 784 324 835 λων
352 783 379 833 6
408 782 548 843 θεῖος
579 779 846 849 Κύριλλος
869 780 1064 843 δεῖξαι,
1105 780 1187 831 ὅτι
1227 779 1348 832 καθ’
1381 779 1643 848 ἑκάτερον
1669 779 1792 832 τού-

218 891 324 925 των
349 871 500 938 ούδὲν
537 874 563 924 6
591 872 715 933 Υἱὸς
743 871 988 940 διαφέρει
1015 871 1107 922 τοῦ
1140 873 1372 942 Πατρὸς,
1399 873 1492 923 καὶ
1526 872 1606 924 ὅτι
1637 873 1790 938 παρὰ

215 963 311 1015 τοῦ
347 963 556 1031 Πατρὺς
591 961 842 1030 δέχεσθαί
883 978 936 1012 τι
983 961 1075 1012 τὸν
1113 961 1260 1024 Υἱὸν,
1306 961 1364 1013 οὐ
1395 961 1530 1030 μετὰ
1560 962 1652 1014 τὸν
1680 963 1793 1014 Πα-

215 1055 351 1122 τέρα
383 1053 675 1113 δείκνυσιν,
713 1053 834 1105 οὐδὲ
887 1053 1062 1122 χρόνῳ
1108 1051 1496 1122 δευτερεύοντα
1531 1052 1652 1105 κατ’
1701 1053 1791 1104 οὐ·

220 1147 342 1197 σὶαν
369 1145 458 1197 τὸν
476 1145 621 1206 Υἱὸν,
646 1144 783 1214 πρὸς
816 1144 1032 1206 πολλοῖς
1063 1144 1273 1212 ἑτέροις
1297 1144 1391 1195 καὶ
1417 1144 1574 1195 τοῦτό
1605 1159 1787 1213 φησιν·

221 1237 336 1287 Οὐκ
366 1236 422 1287 ὲν
445 1234 522 1303 τῷ
553 1233 802 1303 δέχεσθαί
835 1251 886 1284 τι
918 1233 978 1284 τὸ
1005 1231 1143 1285 εἶναι
1175 1233 1310 1301 ἔχει,
1343 1234 1456 1284 ἀλλ’
1482 1233 1555 1284 ὢν
1579 1233 1792 1300 δέχεταί

221 1343 297 1378 τι.
333 1328 440 1378 Καὶ
472 1309 1323 1394 συμπεραενωνέπάγενΟὐκοῦν
1344 1325 1403 1376 ού
1429 1323 1489 1375 τὸ
1523 1323 1707 1376 λαϐεῖν
1737 1340 1791 1376 τι

220 1418 374 1486 παρὰ
430 1403 524 1468 τοῦ
581 1417 810 1484 Πατρὸς,
870 1417 1170 1481 ἀναγκάσει
1223 1417 1470 1485 δεύτερον
1517 1415 1655 1470 εἶναι
1717 1419 1792 1489 τῷ

219 1508 395 1577 χρόνῳ
430 1508 549 1560 κατ’
599 1509 786 1562 οὐσίαν
819 1510 910 1562 τὸν
945 1509 1072 1561 Υἱόν
1104 1524 1117 1538 °
1146 1509 1243 1578 τὴν
1292 1509 1436 1577 ζωὴν
1467 1511 1698 1563 ἐνταῦθα
1729 1513 1793 1582 ἢν

218 1596 334 1662 ἔχει
371 1598 399 1648 6
418 1595 626 1665 Πατὴρ,
661 1598 753 1648 καὶ
782 1597 848 1665 ἢν
882 1599 909 1649 6
935 1597 1061 1658 Υἱὸς
1087 1583 1237 1666 παρᾶ
1267 1598 1477 1667 Πατρὸς
1505 1599 1792 1668 λαμϐάνει,

221 1687 295 1753 μὴ
322 1680 460 1738 εῖναι
489 1685 586 1756 τὴν
634 1686 822 1739 οὐσίαν
844 1687 1224 1757 ἐκδεχόμενος.

295 1774 425 1846 ρις’.
466 1777 586 1830 Ἐτι
624 1778 838 1841 δεικνὺς
891 1780 918 1831 6
966 1778 1108 1840 θεῖος
1163 1778 1452 1849 Κύριλλος,
1494 1782 1570 1844 ὡς
1623 1785 1670 1835 ει
1702 1786 1795 1836 καὶ

221 1868 357 1934 προς
386 1868 464 1926 τὰ,
495 1869 671 1931 ζῶντα
711 1870 927 1936 λέγεται
971 1870 1082 1939 ζωὴ
1117 1871 1249 1922 ’κατ’
1297 1871 1585 1938 ὲνέργείαν
1627 1877 1654 1926 6
1699 1874 1792 1926 τοῦ

217 1957 355 2009 Θεοῦ
397 1959 541 2022 Υἱὸς,
575 1961 648 2022 ὡς
684 1961 962 2021 ζωοποιῶν
991 1962 1150 2024 αὐτὰ,
1189 1964 1282 2015 καὶ
1314 1963 1426 2033 ζωὴ
1461 1965 1794 2034 καλούμενος

219 2047 425 2111 αὐτῶν,
455 2049 573 2100 οὐδὲ
624 2051 766 2102 κατὰ
802 2051 959 2103 τοῦτό
997 2054 1146 2103 ἐστιν
1193 2054 1444 2122 ἀνόμοιος
1486 2056 1561 2125 τῷ
1599 2059 1791 2125 Haupt,

218 2136 357 2187 ἀλλὰ
387 2139 525 2189 κατᾶ
561 2138 720 2206 φύσιν
742 2140 852 2210 ἔχει
879 2141 938 2192 τὸ
969 2140 1081 2210 ζωὴ
1108 2142 1313 2195 τούτων
1336 2139 1500 2203 εἶναι,
1539 2148 1630 2197 καὶ
1659 2146 1794 2209 ζωο-

225 2228 405 2277 ποιεῖν
428 2228 566 2279 αὐτὰ
596 2229 740 2282 καθὰ
773 2231 864 2282 καὶ
908 2231 934 2283 6
970 2233 1158 2299 Πατήρ
1181 2249 1193 2262 ·
1226 2232 1428 2301 γράφει
1464 2234 1667 2304 προϊών
1691 2249 1704 2262 ⁶
1733 2236 1795 2288 Εἰ

221 2316 298 2387 μὴ
329 2317 441 2388 ζωὴ
477 2318 614 2372 κατὰ
647 2321 808 2388 φύσιν
837 2323 984 2373 ἐστὶν
1013 2323 1038 2373 6
1082 2323 1232 2386 Υἱὸς,
1275 2324 1390 2386 πῶς
1434 2325 1795 2395 ὲπαληθεύσει

218 2406 395 2473 λέγων
423 2424 436 2438 ·
477 2427 494 2457 ι
530 2408 587 2460 '0
621 2409 890 2462 πιστεύων
924 2412 1002 2472 εἰς
1027 2412 1146 2479 ἐμὲ,
1178 2412 1290 2481 ἔχει
1316 2412 1459 2484 ζωὴν
1484 2415 1732 2474 αἰώνιονς
1773 2436 1788 2468 ι

221 2497 332 2547 Καὶ
367 2496 546 2549 πάλιν·
583 2515 601 2548 ι
635 2500 713 2550 Τὰ
743 2499 992 2568 πρόϐατα
1031 2501 1098 2552 τὰ
1145 2503 1253 2568 ἐμὰ
1290 2505 1406 2576 τῆς
1433 2504 1574 2572 ἐμῆς
1607 2505 1795 2558 ἀκούει

221 2589 428 2657 φωνῆς,
484 2588 637 2655 κάγὼ
682 2590 874 2660 δίδωμι
924 2593 1109 2654 αὐτοῖς
1149 2592 1291 2662 ζωὴν
1333 2576 1568 2648 αἰώνιον.
1614 2615 1632 2648 ι
1688 2599 1797 2650 Καὶ

222 2679 364 2746 μετὰ
395 2695 536 2743 τινα,
569 2679 644 2743 ὡς
685 2679 844 2748 φύσει
874 2681 1184 2752 προσοῦσαν
1216 2684 1364 2754 αὐτῷ
1386 2685 1485 2754 τὴν
1507 2685 1674 2756 ζωὴν,
1702 2689 1795 2740 καὶ

216 2768 490 2831 οὺσιωδῶς
512 2772 946 2842 ἐνυπάρχουσαν,
1001 2773 1194 2827 δώσειν
1238 2779 1348 2839 τοῖς
1378 2779 1458 2840 εἰς
1507 2780 1671 2832 αὑτὸν
1706 2797 1796 2834 πι-

218 2860 501 2914 στεύουσιν
532 2864 945 2936 ἐπαγγέλλεται.
967 2867 1087 2929 Πῶς
1107 2855 1199 2942 οὖν
1223 2869 1493 2937 ἐνδέχεται
1515 2875 1674 2932 νοεῖν,
1697 2875 1795 2925 οὐκ

216 2949 413 3016 ἔχοντα
441 2951 532 3004 τὸν
552 2953 679 3008 Υιὸν
703 2954 985 3031 εἰληφέναι
1009 2942 1213 3028 ταύτην
1244 2960 1394 3029 παρὰ
1417 2960 1509 3013 τοῦ
1545 2964 1756 3031 Πατρός
1777 2980 1790 3029 ;

229 3038 705 3123 Ἑντρεπέσθωσαν
757 3045 957 3125 τοίνυν,
1001 3049 1049 3099 οἱ
1082 3050 1487 3118 φρενοϐλαόῶς,
1536 3054 1698 3120 ἡνίκα
1729 3055 1794 3106 ἂν

1893 595 2062 660 aliud,
2087 595 2183 649 sed
2215 595 2518 648 etnineuter
2550 605 2602 648 et
2646 593 2898 648 absolute
2931 611 3176 663 prorsus.
3231 617 3246 646 ι
3284 596 3484 651 νυΙριιε

1890 689 2046 742 divus
2065 687 2299 756 Cyrillus
2325 689 2617 741 ostendere
2674 696 2903 757 utraque
2945 689 3043 740 hac
3081 691 3183 740 vita
3219 690 3350 743 nihil
3379 692 3483 745 dif-

1889 777 2032 832 ferre
2087 777 2281 830 Filium
2311 794 2337 829 a
2361 778 2543 843 Patre,
2573 787 2628 832 et
2659 793 2724 832 ex
2757 794 2819 831 eo
2848 781 2990 846 quod
3019 795 3047 832 a
3095 779 3254 834 Patre
3284 782 3484 849 aliquid

1889 870 2122 937 accipiat
2159 867 2349 932 Filius,
2381 884 2489 925 non
2519 870 2737 936 probari
2770 869 2895 924 hinc
2931 870 3074 927 Patri
3127 874 3208 925 vel
3239 881 3484 938 tempore

1889 963 2241 1029 posteriorem
2319 960 2616 1014 secundum
2692 963 2988 1016 essentiam
3078 979 3197 1017 esse
3260 963 3478 1031 Fliilllll,

1886 1063 2082 1121 praeter
2111 1053 2274 1104 multa
2316 1052 2425 1106 alia
2452 1051 2558 1107 hoc
2616 1053 2745 1106 dicit
2781 1070 2795 1106 :
2831 1071 2849 1105 ι
2901 1055 3020 1107 Non
3058 1056 3110 1107 in
3166 1057 3484 1122 accipiendo

1886 1143 2091 1212 aliquid
2112 1144 2278 1198 sumit
2299 1144 2699 1209 exsistentiam,
2729 1145 2944 1214 sedjam
2979 1150 3244 1200 exsiSteus
3286 1150 3485 1217 accipit

1887 1225 2112 1303 aliquid.
2153 1255 2172 1288 ι
2207 1236 2272 1290 Ει
2323 1236 2657 1290 concludens
2695 1239 2844 1290 addit
2879 1254 2893 1291 :
2935 1259 2952 1290 ι
2997 1239 3137 1307 Ergo
3174 1257 3280 1292 non
3345 1242 3479 1308 quia

1886 1329 2104 1396 accipit.
2137 1328 2338 1396 aliquid
2387 1343 2415 1381 a
2472 1328 2658 1390 Patre.
2696 1334 2945 1399 sequitur
2994 1328 3306 1386 necessario
3363 1349 3483 1387 esse

1885 1419 2242 1486 posteriorem
2278 1428 2518 1483 tempore
2549 1435 2620 1472 set
2646 1423 2846 1473 nntlum
2872 1425 3168 1475 essentiam
3205 1423 3424 1477 Filium.
3457 1445 3477 1476 ι

1889 1509 2061 1563 Vitam
2091 1509 2178 1562 hic
2206 1524 2369 1577 quam
2400 1509 2565 1566 habet
2594 1510 2754 1566 Pater
2784 1514 3007 1578 accipit,
3043 1531 3146 1568 non
3181 1517 3476 1571 essentiam

1885 1615 2010 1654 esse
2044 1600 2322 1669 intelligit.

1957 1758 2079 1814 116.
2110 1757 2304 1812 Adhuc
2346 1753 2644 1810 Ostendens
2696 1753 2850 1805 div-us
2905 1749 3164 1819 Cyrillus,
3201 1741 3474 1818 'quamvis

1766 1848 1847 1908 πη
1884 1852 2106 1906 relative
2141 1851 2207 1903 ad
2247 1848 2479 1902 viventia
2530 1846 2743 1898 dicatur
2776 1843 2881 1896 vita
2941 1843 3240 1896 secundum
3280 1857 3475 1908 opera-

1887 1945 2090 1998 tionem
2131 1942 2302 1996 Filius
2343 1939 2462 1998 Dei.
2497 1950 2552 1989 ut
2594 1936 2874 1989 viviﬁcans
2906 1950 2965 1987 ea
3015 1949 3318 2001 eorumque
3366 1935 3476 1986 vita

1884 2047 2132 2099 vocatus,
2161 2049 2264 2087 non
2308 2034 2429 2085 ideo
2467 2033 2637 2100 ipsum
2669 2045 2787 2082 esse
2823 2027 2967 2080 Patri
2994 2027 3338 2091 dissimilem,
3380 2029 3475 2081 sed

1887 2128 1952 2181 ad
1974 2129 2140 2196 ipsius
2169 2134 2412 2179 naturam
2447 2122 2718 2192 pertinere
2745 2129 2801 2173 ut
2831 2120 2902 2174 sit
2933 2120 3045 2174 vita
3077 2133 3268 2172 eorum
3305 2133 3480 2187 eaque

1887 2218 2122 2272 viviﬁcet
2151 2217 2374 2283 sicut,et
2415 2213 2575 2269 Pater
2606 2207 2880 2275 {subinde
2931 2210 3161 2265 scribit:
3200 2230 3216 2260 ι
3258 2208 3314 2263 Si
3371 2224 3477 2262 non

1889 2309 1996 2363 vita
2019 2311 2315 2362 secundum
2336 2300 2593 2361 naturam
2609 2314 2690 2358 est
2704 2303 2893 2364 Filius,
2921 2303 3196 2368 quomodo
3212 2303 3480 2354 veraciter

1888 2399 2016 2455 dicit
2052 2415 2066 2454 :
2095 2418 2112 2450 ‹
2137 2398 2243 2464 Qui
2272 2396 2514 2453 creditin
2550 2409 2656 2458 tne,
2677 2394 2839 2447 habet
2867 2395 3030 2446 vitam
3056 2402 3316 2446 aeternam
3348 2393 3430 2446 "il
3456 2412 3475 2444 ι

1889 2503 1944 2548 et
2001 2491 2198 2546 iterum
2231 2507 2244 2543 :
2280 2508 2300 2540 ι
2339 2491 2481 2543 Ores
2537 2502 2670 2540 mete
2703 2502 2890 2540 vocem
2924 2500 3099 2538 meam
3141 2485 3389 2548 audiunt,
3421 2495 3478 2538 et

1891 2599 1990 2652 ego
2019 2587 2182 2636 vitam
2203 2592 2460 2636 aeternam
2488 2581 2558 2634 do
2586 2579 2664 2632 eis
2690 2577 2754 2631 ¹⁶³.
2796 2597 2818 2629 ι
2853 2578 2914 2630 Et
2939 2579 3101 2647 paulo
3124 2583 3267 2645 poSt,
3305 2580 3474 2632 vitam

1890 2691 2055 2747 quam
2083 2677 2242 2729 habet
2273 2672 2638 2728 essentialiter
2664 2671 2714 2722 in
2754 2685 2814 2723 se
2855 2680 3183 2733 manentem,
3214 2673 3470 2721 daturum

1891 2785 1948 2823 se
1980 2767 2328 2821 credentibus
2355 2766 2408 2817 in
2445 2766 2622 2832 ipsum
2659 2761 2973 2831 pollicetur.
3004 2763 3288 2826 Quomodo
3319 2761 3482 2830 igitur

1893 2865 2114 2933 intelligi
2151 2872 2333 2930 posset
2361 2838 2462 2914 non
2500 2861 2704 2914 habens
2740 2857 2908 2910 Filius
2966 2858 3244 2922 accepisse
3276 2857 3417 2909 illam
3454 2872 3498 2910 a-

1891 2955 2053 3010 Patre
2083 2955 2105 3007 ?
2131 2976 2147 3004 ι
2178 2953 2316 3020 Ergo
2341 2953 2689 3007 erubescant.
2723 2949 2813 3016 qui
2862 2948 3164 3010 dementer,
3201 2947 3484 3025 audientes

1893 3046 2213 3100 naturaliter
2241 3045 2419 3096 inesse
2456 3039 2572 3094 Deo
2602 3039 2794 3102 vitam,
2837 3039 2978 3092 hanc
3007 3053 3132 3092 esse
3163 3039 3336 3106 ipsius
3388 3055 3475 3092 es-

217 3131 496 3184 ἀκούσωσι
520 3119 767 3202 φυσικῶς
792 3117 1093 3206 προσεῖναι·
1125 3139 1202 3208 τῷ
1232 3141 1349 3209 Θεῷ
1379 3117 1673 3213 ζωὴνξτὴν
1699 3147 1790 3197 αὑ-

1892 3141 2130 3193 sentiam
2161 3137 2346 3190 dicunt
2369 3152 2382 3196 ;
2407 3150 2515 3188 non
2541 3117 2682 3185 enim
2702 3146 2856 3184 suam
2884 3131 3178 3184 essentiam
3207 3131 3482 3186 credenti-

215 3218 312 3274 τοῦ
344 3219 543 3292 ταύτην
569 3220 708 3275 εἶναι
737 3224 987 3291 λέγοντες
1007 3227 1196 3280 οὐσίαν
1227 3246 1239 3258 ·
1273 3231 1332 3282 ού
1361 3231 1468 3299 γὰρ
1500 3233 1598 3302 τὴν
1628 3233 1790 3286 αὑτοῦ

1890 3229 1990 3282 bus
2023 3229 2179 3282 nobis
2197 3229 2289 3282 dat
2321 3227 2481 3279 Pater
2509 3231 2600 3276 aut
2636 3220 2804 3275 Filius
2834 3232 2927 3274 aut
2955 3219 3191 3291 Spiritus
3236 3232 3496 3283 sanctus,-

215 3311 406 3364 οὐσίαν
459 3316 569 3377 τοῖς
623 3319 836 3378 πιστοῖς
899 3319 1030 3388 ἡμῖν
1073 3319 1306 3390 παρέχει
1359 3326 1387 3374 6
1447 3325 1723 3395 Πατὴρ,ἢ
1765 3327 1792 3378 6

215 3401 347 3464 Υἱὸς
386 3401 499 3470 ἢτὸ
533 3404 754 3476 Πνεῦμα
786 3407 845 3460 τὸ
867 3406 1020 3474 ἅγιον
1041 3426 1054 3439 ο
1091 3409 1270 3478 ἄπαγε
1301 3412 1399 3479 τῆς
1430 3414 1716 3477 ὰσεὸείαςι

295 3492 414 3560 ριζκ
445 3494 551 3575 Καὶ
587 3494 674 3548 διὰ
721 3497 830 3577 τῶν
872 3499 996 3572 ἑξῆς
1041 3499 1084 3551 δ’
1130 3501 1226 3568 οὐχ
1261 3496 1423 3572 ἧττον
1455 3507 1565 3565 τοῖς
1595 3507 1662 3556 τὰ
1698 3506 1792 3558 τοῦ

217 3583 461 3634 ἐναντίου
497 3584 808 3654 φρονοῦσιν,
844 3588 1144 3656 ἀντιλέγων
1183 3594 1210 3643 6
1268 3592 1437 3659 μέγας
1491 3594 1789 3662 Κύριλ).ος,

222 3671 504 3743 προελθών
528 3690 696 3744 φησιν
724 3693 735 3704 ·
774 3677 832 3730 Ὁ
866 3679 994 3741 Υἱὸς
1029 3683 1091 3732 ἐκ
1121 3681 1216 3732 τοῦ.
1262 3683 1492 3753 Πατρὸς,
1523 3689 1699 3739 πάντα
1727 3688 1793 3740 τὰ

214 3764 380 3816 αὑτοῦ
410 3765 550 3818 κατὰ
580 3766 753 3833 φύσιν
785 3769 1046 3838 ἐπάγεται
1080 3789 1092 3801 ’
1126 3772 1184 3824 ἒν
1228 3774 1284 3824 δὲ
1327 3775 1438 3827 τῶν
1476 3777 1789 3844 προσόντων

213 3855 291 3924 τῷ
323 3856 496 3927 [latsz
526 3858 621 3910 καὶ⁹
652 3859 685 3928 ή
730 3858 865 3928 ζωή.
897 3860 986 3931 Ίΐῤ
1009 3863 1137 3928 γοῦν
1175 3867 1348 3917 εἰπεῖν
1377 3865 1435 3917 ἓν
1465 3867 1573 3920 τῶν
1614 3887 1785 3938 προσ-

211 3949 381 4001 όντων
436 3949 510 4018 τῷ
542 3951 752 4020 Πατρὶ,
807 3945 983 4006 πολλὰ
1015 3950 1154 4008 εἶναι
1201 3957 1269 4009 τὰ
1309 3960 1580 4028 προσόντα
1614 3962 1789 4034 τούτῳ

214 4039 466 4108 φανερῶς
501 4041 806 4107 ἀπέδειξεν.
837 4043 897 4096 Et
920 4045 1049 4112 γοῦν
1085 4049 1114 4117 ἡ
1141 4047 1254 4115 ζωὴ
1283 4045 1419 4118 αὕτη
1447 4053 1479 4119 ἠ
1509 4053 1666 4106 οὐσία
1693 4053 1786 4107 τοῦ

213 4130 350 4182 Θεοῦ
380 4131 515 4196 ἐστι,
569 4133 769 4195 πολλὰς
803 4136 944 4187 κατὰ
991 4139 1115 4199 τοὺς
1162 4132 1303 4192 οὕτω
1335 4142 1665 4210 φρονοῦντας
1700 4147 1788 4196 ού-

212 4221 339 4282 σίας
367 4220 478 4289 ἔχει
517 4224 544 4275 6
574 4222 726 4286 Θεός.
768 4226 912 4297 Πρός
955 4244 1018 4294 γε
1059 4229 1166 4298 μὴν
1215 4234 1280 4301 τῇ
1335 4233 1645 4308 δυσσεϐείᾳ,
1694 4239 1790 4291 καὶ

212 4311 486 4380 ἀμαθείας
536 4314 844 4386 ὕπερόολὴν
873 4317 974 4370 οὐκ
1026 4319 1318 4385 ἐλλείπειη
1331 4324 1392 4376 τὸ
1411 4306 1614 4392 νλέγειν
1648 4327 1708 4379 τὸ
1731 4327 1790 4381 ὃν

215 4406 310 4457 καὶ
340 4404 400 4456 τὺ
430 4408 630 4476 προσὸν
665 4409 880 4471 ταυτὸν,
920 4410 968 4463 εἰ
1004 4412 1078 4482 μὴ
1107 4413 1214 4484 ἄρα
1251 4416 1388 4469 κατά
1420 4434 1490 4468 τι.
1528 4418 1712 4489 Πολλῷ
1743 4421 1787 4473 δ’

1889 3332 2056 3390 apage
2086 3319 2244 3373 istam
2281 3316 2612 3385 impietatem
2647 3315 2660 3367 l

1960 3480 2082 3534 117.
2116 3475 2826 3544 Etsubsequentisermone
2850 3474 3007 3526 'liaud
3041 3475 3220 3527 minus
3268 3487 3485 3529 contra-

1903 3575 1980 3629 ria
2043 3571 2351 3627 sentientes
2401 3569 2662 3621 refellens
2713 3577 2942 3635 magnus
2997 3567 3252 3635 Cyrillus,
3305 3568 3480 3636 pergit

1906 3668 2142 3720 dicens:
2181 3681 2199 3713 ι
2244 3661 2416 3715 Filius
2467 3676 2535 3714 ex.
2584 3659 2743 3711 Patre
2789 3658 2970 3710 omnia
3025 3661 3149 3710 huic
3209 3651 3479 3714 naturalia

1890 3757 2091 3821 educit,
2138 3771 2306 3808 unum
2357 3764 2538 3805 autem
2591 3749 2924 3802 naturalium
2982 3747 3129 3801 Patri
3176 3750 3422 3803 estvita.
3462 3769 3480 3801 ι

1896 3851 2130 3906 Dicettdo
2180 3849 2346 3917 igitur
2395 3861 2560 3897 ntmm
2599 3845 2936 3896 naturalium
2975 3844 3145 3906 Patri,
3173 3845 3322 3910 plura
3368 3858 3488 3896 esse

1897 3944 2022 3996 Iniic
2047 3941 2312 3994 naturalia
2338 3941 2486 3992 clare
2517 3938 2936 3990 demonstravit.
2969 3936 3022 3988 Si
3069 3952 3199 4004 ergo
3233 3938 3344 3989 haec
3381 3939 3485 3990 vita

1893 4037 2125 4090 essentia
2157 4033 2247 4087 Dei
2282 4042 2387 4096 est,
2423 4043 2603 4098 plures
2632 4032 2682 4081 iu
2727 4030 2940 4098 illdrmn
2974 4030 3245 4081 sententia
3298 4043 3488 4082 essen-

1895 4139 1997 4182 ttas
2052 4127 2216 4180 habet
2277 4126 2438 4178 Deus.
2492 4122 2695 4186 Prwter
2747 4120 3105 4189 impietatem,
3160 4122 3483 4186 ignorantiae

1893 4224 2054 4275 etiam
2081 4235 2316 4274 excessu
2359 4233 2461 4269 non
2496 4225 2668 4280 caret,
2703 4216 2794 4283 qui
2839 4215 2972 4266 dicit
3002 4215 3140 4266 idem
3187 4228 3309 4266 esse
3340 4214 3486 4282 quod

1893 4324 1978 4365 est
2001 4305 2054 4365 et
2091 4310 2233 4379 quod
2267 4308 2515 4361 naturale
2549 4317 2656 4368 est,
2693 4299 2796 4358 nisi
2827 4304 2966 4358 forte
3003 4306 3304 4358 secandum
3332 4305 3486 4373 quid.

1899 4406 1962 4457 Et
1991 4403 2160 4457 multo
2184 4401 2382 4463 adhuc.
2413 4398 2723 4452 dementius
2752 4397 3103 4451 Contenditnr
3129 4398 3348 4448 minime
3371 4398 3488 4450 dis-

214 4496 297 4548 ἔτι
333 4497 531 4565 μᾶλλον
555 4501 925 4572 ἀνοητότερον,
951 4505 1091 4556 κατὰ
1120 4505 1286 4575 μηδὲν
1315 4507 1590 4578 διαφέρειν
1611 4488 1789 4580 λέγειν

1897 4493 2122 4549 tinctum
2151 4500 2273 4546 esSe
2300 4492 2446 4560 quod
2489 4502 2570 4544 est
2609 4492 2676 4544 ab
2705 4490 2771 4543 iis
2803 4505 2924 4558 qua:
2959 4497 3085 4571 sunt
3119 4488 3410 4551 naturalia,
3436 4502 3490 4542 et

211 4585 275 4638 τὸ
302 4585 362 4638 ὃν
395 4587 487 4639 καὶ
509 4588 575 4640 τὰ
601 4591 890 4659 προσόντα,
913 4595 1080 4644 ταυτδ
1119 4593 1163 4645 δ’
1209 4596 1386 4647 εἰπεῖν
1424 4594 1569 4650 τὸὲν
1597 4603 1689 4653 καὶ
1720 4604 1789 4654 τὰ

213 4676 388 4753 πλείω
411 4677 504 4729 τοῦ
530 4679 666 4737 ἑνός’
703 4681 968 4735 ἀδύνατον
987 4683 1094 4752 γὰρ
1126 4685 1302 4754 πάντη
1336 4703 1393 4738 τε
1446 4689 1537 4740 καὶ
1574 4691 1792 4756 πάντως

211 4768 309 4822 καὶ
339 4769 642 4847 ἀλόγιστον,
673 4768 731 4847 ἓν
775 4767 914 4824 εἶναι
955 4789 1007 4826 τι
1037 4773 1132 4826 καὶ
1168 4774 1337 4829 πλείω
1374 4780 1514 4832 κατὰ
1543 4783 1602 4833 τὸ
1635 4783 1786 4837 αὐτό.

290 4846 416 4929 pm".
461 4859 518 4911 '0
553 4860 648 4928 μὲν
685 4846 779 4912 οὖν
808 4862 950 4924 Θεῖος
994 4863 1284 4934 Κύριλλος,
1323 4868 1414 4920 καὶ
1450 4870 1559 4921 ἀπὸ
1588 4871 1682 4924 τοῦ
1721 4876 1792 4926 εἰ·

212 4952 359 5012 πεῖν,
397 4948 494 5000 ’Ἑν
526 4945 635 5002 τῖὖν
661 4950 973 5020 προσόντων
1003 4951 1082 5022 τῷ
1111 4955 1286 5025 Πατρὶ
1307 4957 1400 5009 καὶ
1428 4957 1461 5028 ἠ
1489 4957 1623 5029 ζωὴ,
1653 4978 1790 5032 παρ-

210 5041 446 5110 έστησεν
489 5042 568 5092 ὅτι
604 5039 747 5110 ζωὴν
790 5042 1048 5107 ἐνταῦθα,
1091 5044 1152 5097 ού
1183 5046 1282 5114 τὴν
1316 5047 1506 5102 οὐσίαν
1535 5050 1789 5121 ὀνομάζει

208 5131 309 5184 τοῦ
340 5129 492 5182 Θεοῦ.
528 5132 663 5200 Φέρε
697 5133 753 5185 δ”
788 5134 938 5202 ὅμως
969 5135 1063 5187 καὶ
1094 5137 1186 5189 ἐπὶ
1231 5137 1426 5204 λέξεως
1454 5130 1616 5195 αὑτὸν
1656 5162 1788 5214 προ-

209 5222 553 5288 ενέγκωμεν,
572 5214 983 5276 πολλᾶτοιαῢτα
1005 5224 1230 5294 λέγοντα
1254 5230 1322 5282 τὰ
1357 5231 1434 5300 τῷ
1462 5231 1582 5302 Θεῷ
1609 5251 1787 5304 προσ-

203 5315 362 5367 6ιτα.
413 5312 639 5380 Προϊὼν.
672 5312 852 5367 τοίνυν
916 5315 1008 5367 ἐπὶ
1073 5318 1171 5386 τῆς
1221 5319 1392 5390 αὐτῆς
1457 5323 1785 5390 ὑποθέσεως,

209 5405 412 5469 Πολλὰ,
447 5405 632 5474 φησὶν,
679 5409 964 5474 προσεῖναι
1010 5407 1226 5476 λέγεται
1259 5411 1335 5481 τῷ
1366 5413 1564 5483 Πατρὶ.
1590 5416 1786 5470 πλεον-

210 5500 523 5570 εκτήματα,
550 5498 666 5551 ἀλλ’
697 5500 758 5552 οὐ
786 5498 992 5553 τούτων
1021 5500 1173 5554 ἔσται
1199 5505 1403 5571 γυμνὸς
1430 5507 1458 5558 6
1482 5507 1630 5571 Υἱός.
1665 5510 1784 5573 Πῶς

209 5591 278 5645 ἂν
300 5587 385 5653 εἴη
414 5591 480 5642 τὰ
508 5589 678 5644 πολλὰ
711 5590 884 5645 ταῦτα
921 5593 1016 5646 καὶ
1054 5592 1132 5658 τῷ
1163 5581 1282 5663 ὖεῷ
1327 5598 1619 5668 προσόντα,
1669 5600 1792 5654 Θεία

282 5784 331 5817 ⁵³
387 5783 540 5840 Juan.
580 5798 630 5849 ν,
667 5785 735 5839 47
769 5801 786 5850 ς
864 5783 909 5815 ⁸⁸
939 5781 1098 5838 Joan.
1125 5797 1179 5849 ι,
1208 5780 1295 5835 27.

1901 4590 2040 4640 idem
2066 4601 2191 4642 esse
2225 4588 2426 4641 dicitur
2462 4599 2633 4638 unum
2663 4599 2725 4634 ac
2760 4582 2915 4650 plura
2951 4599 2964 4635 :
3001 4599 3122 4632 nam
3153 4583 3488 4647 impossibile

1895 4677 2118 4731 Omnino
2141 4686 2196 4729 et
2227 4676 2521 4730 absurdum
2549 4688 2775 4742 prorsus
2803 4682 2909 4738 est,
2935 4672 3143 4740 aliquid
3171 4688 3290 4726 esse
3319 4691 3484 4726 uumn

1885 4781 1939 4824 et
1974 4770 2130 4839 plura
2165 4768 2265 4822 sub
2291 4769 2483 4822 eodem
2539 4775 2812 4834 respectu.

1962 4862 2078 4916 lt8.
2107 4860 2274 4914 Divus
2294 4876 2425 4930 ergo
2443 4852 2675 4928 Cyrillu's
2701 4857 2931 4912 dicendo
2963 4875 2980 4911 ι
3012 4875 3030 4908 ι
3066 4856 3242 4911 Unum
3264 4869 3488 4912 natura-

1885 4955 2038 5009 lium‘
2062 4954 2210 5018 Patri
2251 4962 2336 5007 est
2387 4949 2518 5017 vita,
2552 4969 2570 5001 ι
2605 4950 2844 5006 ostendit
2866 4953 3031 5004 vitam
3053 4951 3141 5005 hic
3165 4967 3271 5004 non
3299 4940 3492 5006 es'sen-

1890 5051 2018 5104 tiam
2067 5049 2159 5102 Dei
2191 5049 2395 5105 rocari.
2419 5049 2531 5119 Age
2556 5044 2759 5111 taniéii',
2780 5052 2833 5101 et
2851 5061 3108 5101 sermone
3133 5049 3305 5114 ipsum
3329 5049 3485 5100 indu-

1889 5159 2077 5200 camus
2105 5144 2272 5197 ntulta
2317 5146 2695 5203 numerantem
2728 5140 3034 5207 huiusmodi
3057 5139 3164 5193 Deo
3193 5142 3482 5195 naturalia.

1890 5233 2234 5307 Persequens
2253 5235 2572 5305 igituridem
2595 5243 2999 5302 argumentum,
3041 5252 3057 5283 ι
3086 5227 3273 5296 Multa,
3291 5233 3486 5301 inquit,

1891 5329 2069 5382 inesse
2098 5329 2356 5400 dicuntur
2397 5327 2540 5381 Patri
2573 5329 2860 5390 attributa,
2892 5327 2986 5380 sed
3020 5325 3103 5378 his
3153 5329 3330 5378 nudus
3380 5342 3484 5378 non

1883 5431 1970 5475 est
1998 5418 2189 5474 Filius.
2224 5401 2553 5485 sQuomodo
2573 5419 2868 5472 multalizee
2897 5418 3156 5471 attributa
3190 5417 3283 5472 Dei
3307 5419 3486 5472 divina

1886 5509 2067 5568 forent
2094 5512 2397 5567 essentia?
2457 5511 2658 5569 Voleus
2707 5521 2886 5562 autem
2950 5512 3195 5577 quantum
3249 5509 3489 5562 indicare

1887 5608 2104 5664 illorum
2125 5606 2303 5662 Patris
2327 5605 2737 5682 attriliutorum,
2764 5605 2897 5656 citat
2917 5601 3141 5675 Paulum
3173 5604 3443 5657 dicentem
3471 5619 3488 5661 :
