  <div class='ocr_page' id='page_1' title='image "/cluster/home/n/w/nwhite01/storage/ocr_20150623/150/pst.000005714704/654.png"; bbox 0 0 4106 6328; ppageno 0'>
   <div class='ocr_carea' id='block_1_1' title="bbox 154 389 302 452">
    <p class='ocr_par' dir='ltr' id='par_1_1' title="bbox 154 389 302 452">
     <span class='ocr_line' id='line_1_1' title="bbox 154 389 302 452; baseline -0.041 0"><span class='ocrx_word' id='word_1_1' title='bbox 154 389 302 452; x_wconf 66' lang='grc' dir='ltr'>ιεος</span> 
     </span>
    </p>
   </div>
   <div class='ocr_carea' id='block_1_2' title="bbox 1066 377 2481 462">
    <p class='ocr_par' dir='ltr' id='par_1_2' title="bbox 1066 377 2481 462">
     <span class='ocr_line' id='line_1_2' title="bbox 1066 377 2481 462; baseline -0.007 -13"><span class='ocrx_word' id='word_1_2' title='bbox 1066 390 1339 449; x_wconf 67' lang='grc' dir='ltr'><strong>ΕᾹΡΙΤΑ</strong></span> <span class='ocrx_word' id='word_1_3' title='bbox 1384 386 1728 454; x_wconf 79' lang='lat' dir='ltr'><strong>PHYSICA,</strong></span> <span class='ocrx_word' id='word_1_4' title='bbox 1762 382 2279 462; x_wconf 73' lang='lat' dir='ltr'><strong>THEOLOGICA,</strong></span> <span class='ocrx_word' id='word_1_5' title='bbox 2316 377 2481 439; x_wconf 85' lang='lat' dir='ltr'><strong>ETC.</strong></span> 
     </span>
    </p>
   </div>
   <div class='ocr_carea' id='block_1_3' title="bbox 3265 369 3407 433">
    <p class='ocr_par' dir='ltr' id='par_1_3' title="bbox 3265 369 3407 433">
     <span class='ocr_line' id='line_1_3' title="bbox 3265 369 3407 433; baseline -0.007 -2"><span class='ocrx_word' id='word_1_6' title='bbox 3265 369 3407 433; x_wconf 72' lang='lat'><strong>1210</strong></span> 
     </span>
    </p>
   </div>
   <div class='ocr_carea' id='block_1_4' title="bbox 135 484 1749 581">
    <p class='ocr_par' dir='ltr' id='par_1_4' title="bbox 135 505 1719 581">
     <span class='ocr_line' id='line_1_4' title="bbox 135 505 1719 581; baseline -0.008 -12"><span class='ocrx_word' id='word_1_7' title='bbox 135 518 331 581; x_wconf 78' lang='grc' dir='ltr'>αἰῶνι,</span> <span class='ocrx_word' id='word_1_8' title='bbox 368 516 457 569; x_wconf 72' lang='grc' dir='ltr'>καὶ</span> <span class='ocrx_word' id='word_1_9' title='bbox 513 514 697 569; x_wconf 72' lang='grc' dir='ltr'>αὐτῶν</span> <span class='ocrx_word' id='word_1_10' title='bbox 741 514 850 567; x_wconf 85' lang='grc' dir='ltr'><strong>τῶν</strong></span> <span class='ocrx_word' id='word_1_11' title='bbox 897 505 1146 567; x_wconf 76' lang='grc' dir='ltr'>αἰώνωνο</span> <span class='ocrx_word' id='word_1_12' title='bbox 1197 511 1257 564; x_wconf 81' lang='grc' dir='ltr'><strong>τὸ</strong></span> <span class='ocrx_word' id='word_1_13' title='bbox 1314 509 1370 562; x_wconf 77' lang='grc' dir='ltr'>δὲ</span> <span class='ocrx_word' id='word_1_14' title='bbox 1424 507 1719 578; x_wconf 78' lang='grc' dir='ltr'><strong>κυριεύειν,</strong></span> 
     </span>
    </p>
   </div>
   <div class='ocr_carea' id='block_1_5' title="bbox 1844 484 3402 581">
    <p class='ocr_par' dir='ltr' id='par_1_5' title="bbox 1844 484 3402 559">
     <span class='ocr_line' id='line_1_5' title="bbox 1844 484 3402 559; baseline -0.013 -5"><span class='ocrx_word' id='word_1_15' title='bbox 1844 511 1992 555; x_wconf 65' lang='lat' dir='ltr'><strong>tatur</strong></span> <span class='ocrx_word' id='word_1_16' title='bbox 2034 501 2178 555; x_wconf 86' lang='lat' dir='ltr'><strong>enim</strong></span> <span class='ocrx_word' id='word_1_17' title='bbox 2236 498 2376 551; x_wconf 86' lang='lat' dir='ltr'><strong>Deus</strong></span> <span class='ocrx_word' id='word_1_18' title='bbox 2435 496 2485 548; x_wconf 89' lang='lat' dir='ltr'><strong>in</strong></span> <span class='ocrx_word' id='word_1_19' title='bbox 2540 489 2855 559; x_wconf 74' lang='lat' dir='ltr'><strong>temporalia</strong></span> <span class='ocrx_word' id='word_1_20' title='bbox 2908 495 2959 539; x_wconf 89' lang='grc' dir='ltr'><strong>ει</strong></span> <span class='ocrx_word' id='word_1_21' title='bbox 3004 493 3202 539; x_wconf 67' lang='lat' dir='ltr'><strong>aeterna</strong></span> <span class='ocrx_word' id='word_1_22' title='bbox 3252 497 3305 536; x_wconf 80' lang='grc' dir='ltr'><strong>ει</strong></span> <span class='ocrx_word' id='word_1_23' title='bbox 3352 484 3402 534; x_wconf 93' lang='lat' dir='ltr'><strong>in</strong></span> 
     </span>
    </p>
   </div>
   <div class='ocr_carea' id='block_1_6' title="bbox 137 599 1722 675">
    <p class='ocr_par' dir='ltr' id='par_1_6' title="bbox 137 599 1722 675">
     <span class='ocr_line' id='line_1_6' title="bbox 137 599 1722 675; baseline -0.007 -15"><span class='ocrx_word' id='word_1_24' title='bbox 137 608 406 670; x_wconf 81' lang='grc' dir='ltr'>ἄκτιστός</span> <span class='ocrx_word' id='word_1_25' title='bbox 431 609 579 660; x_wconf 76' lang='grc' dir='ltr'>ἐστιν</span> <span class='ocrx_word' id='word_1_26' title='bbox 608 608 855 675; x_wconf 73' lang='grc' dir='ltr'>ἐνέργεια</span> <span class='ocrx_word' id='word_1_27' title='bbox 879 604 1011 657; x_wconf 87' lang='grc' dir='ltr'>Θεοῦ</span> <span class='ocrx_word' id='word_1_28' title='bbox 1035 603 1365 672; x_wconf 83' lang='grc' dir='ltr'>διαφέρουσα</span> <span class='ocrx_word' id='word_1_29' title='bbox 1393 603 1489 669; x_wconf 78' lang='grc' dir='ltr'>τῆς</span> <span class='ocrx_word' id='word_1_30' title='bbox 1516 599 1722 662; x_wconf 81' lang='grc' dir='ltr'>οὐσίας,</span> 
     </span>
    </p>
   </div>
   <div class='ocr_carea' id='block_1_7' title="bbox 134 690 1723 771">
    <p class='ocr_par' dir='ltr' id='par_1_7' title="bbox 134 690 1723 771">
     <span class='ocr_line' id='line_1_7' title="bbox 134 690 1723 771; baseline -0.005 -20"><span class='ocrx_word' id='word_1_31' title='bbox 134 699 223 763; x_wconf 77' lang='grc' dir='ltr'><strong>ὡς</strong></span> <span class='ocrx_word' id='word_1_32' title='bbox 256 700 391 771; x_wconf 86' lang='grc' dir='ltr'>πρὸς</span> <span class='ocrx_word' id='word_1_33' title='bbox 422 700 606 770; x_wconf 77' lang='grc' dir='ltr'>ἕτερόν</span> <span class='ocrx_word' id='word_1_34' title='bbox 633 718 685 753; x_wconf 90' lang='grc' dir='ltr'><strong>τι</strong></span> <span class='ocrx_word' id='word_1_35' title='bbox 728 699 1020 766; x_wconf 75' lang='grc' dir='ltr'><strong>λεγομένη,</strong></span> <span class='ocrx_word' id='word_1_36' title='bbox 1074 700 1209 765; x_wconf 76' lang='grc' dir='ltr'>ὅπερ</span> <span class='ocrx_word' id='word_1_37' title='bbox 1240 690 1399 754; x_wconf 81' lang='grc' dir='ltr'>αὐτὸς</span> <span class='ocrx_word' id='word_1_38' title='bbox 1429 694 1527 745; x_wconf 77' lang='grc' dir='ltr'><strong>οὐκ</strong></span> <span class='ocrx_word' id='word_1_39' title='bbox 1555 691 1723 743; x_wconf 77' lang='grc' dir='ltr'>ἔστιν.</span> 
     </span>
    </p>
   </div>
   <div class='ocr_carea' id='block_1_8' title="bbox 228 877 1730 953">
    <p class='ocr_par' dir='ltr' id='par_1_8' title="bbox 228 877 1730 953">
     <span class='ocr_line' id='line_1_8' title="bbox 228 877 1730 953; baseline -0.007 -16"><span class='ocrx_word' id='word_1_40' title='bbox 228 882 375 952; x_wconf 78' lang='grc' dir='ltr'>ρκς’.</span> <span class='ocrx_word' id='word_1_41' title='bbox 409 884 472 937; x_wconf 81' lang='grc' dir='ltr'>Οί</span> <span class='ocrx_word' id='word_1_42' title='bbox 506 885 847 953; x_wconf 76' lang='grc' dir='ltr'>Εὑνομιανοὶ,</span> <span class='ocrx_word' id='word_1_43' title='bbox 883 884 992 935; x_wconf 80' lang='grc' dir='ltr'><strong>πᾶν</strong></span> <span class='ocrx_word' id='word_1_44' title='bbox 1028 882 1165 951; x_wconf 82' lang='grc' dir='ltr'>ὅπερ</span> <span class='ocrx_word' id='word_1_45' title='bbox 1195 878 1286 931; x_wconf 75' lang='grc' dir='ltr'><strong>ἐπὶ</strong></span> <span class='ocrx_word' id='word_1_46' title='bbox 1312 878 1446 931; x_wconf 84' lang='grc' dir='ltr'>Θεοῦ</span> <span class='ocrx_word' id='word_1_47' title='bbox 1491 877 1730 944; x_wconf 84' lang='grc' dir='ltr'>λέγεται,</span> 
     </span>
    </p>
   </div>
   <div class='ocr_carea' id='block_1_9' title="bbox 139 968 1733 1041">
    <p class='ocr_par' dir='ltr' id='par_1_9' title="bbox 139 968 1733 1041">
     <span class='ocr_line' id='line_1_9' title="bbox 139 968 1733 1041; baseline -0.005 -16"><span class='ocrx_word' id='word_1_48' title='bbox 139 973 344 1026; x_wconf 81' lang='grc' dir='ltr'>οὐσίαν</span> <span class='ocrx_word' id='word_1_49' title='bbox 396 970 536 1026; x_wconf 79' lang='grc' dir='ltr'>εἶναι</span> <span class='ocrx_word' id='word_1_50' title='bbox 569 974 840 1041; x_wconf 81' lang='grc' dir='ltr'>λέγουσιν,</span> <span class='ocrx_word' id='word_1_51' title='bbox 896 974 981 1025; x_wconf 70' lang='grc' dir='ltr'>ἵνα</span> <span class='ocrx_word' id='word_1_52' title='bbox 1037 975 1136 1039; x_wconf 65' lang='grc' dir='ltr'>τὴν</span> <span class='ocrx_word' id='word_1_53' title='bbox 1172 971 1495 1040; x_wconf 80' lang='grc' dir='ltr'>ἀγεννησίαν</span> <span class='ocrx_word' id='word_1_54' title='bbox 1546 968 1733 1021; x_wconf 71' lang='grc' dir='ltr'>οὐσίαν</span> 
     </span>
    </p>
   </div>
   <div class='ocr_carea' id='block_1_10' title="bbox 142 1057 1733 1134">
    <p class='ocr_par' dir='ltr' id='par_1_10' title="bbox 142 1057 1733 1134">
     <span class='ocr_line' id='line_1_10' title="bbox 142 1057 1733 1134; baseline -0.004 -18"><span class='ocrx_word' id='word_1_55' title='bbox 142 1061 690 1134; x_wconf 80' lang='grc' dir='ltr'>εἷναιδογματίσωσι</span> <span class='ocrx_word' id='word_1_56' title='bbox 721 1083 735 1098; x_wconf 90' lang='grc'><strong>·</strong></span> <span class='ocrx_word' id='word_1_57' title='bbox 795 1067 889 1117; x_wconf 75' lang='grc' dir='ltr'><strong>καὶ</strong></span> <span class='ocrx_word' id='word_1_58' title='bbox 931 1065 1021 1117; x_wconf 89' lang='grc' dir='ltr'><strong>τὸν</strong></span> <span class='ocrx_word' id='word_1_59' title='bbox 1073 1064 1200 1116; x_wconf 87' lang='grc' dir='ltr'>Υἰὸν</span> <span class='ocrx_word' id='word_1_60' title='bbox 1258 1062 1505 1115; x_wconf 74' lang='grc' dir='ltr'>ἐντεῦθεν</span> <span class='ocrx_word' id='word_1_61' title='bbox 1537 1060 1611 1125; x_wconf 79' lang='grc' dir='ltr'>ὡς</span> <span class='ocrx_word' id='word_1_62' title='bbox 1638 1057 1733 1111; x_wconf 86' lang='grc' dir='ltr'><strong>τοῦ</strong></span> 
     </span>
    </p>
   </div>
   <div class='ocr_carea' id='block_1_11' title="bbox 146 1151 1735 1226">
    <p class='ocr_par' dir='ltr' id='par_1_11' title="bbox 146 1151 1735 1226">
     <span class='ocr_line' id='line_1_11' title="bbox 146 1151 1735 1226; baseline -0.004 -18"><span class='ocrx_word' id='word_1_63' title='bbox 146 1156 370 1225; x_wconf 78' lang='grc' dir='ltr'>Πατρὸς</span> <span class='ocrx_word' id='word_1_64' title='bbox 404 1158 751 1226; x_wconf 76' lang='grc' dir='ltr'>διαφέροντα,</span> <span class='ocrx_word' id='word_1_65' title='bbox 807 1160 885 1219; x_wconf 77' lang='grc' dir='ltr'><strong>εἰς</strong></span> <span class='ocrx_word' id='word_1_66' title='bbox 950 1157 1176 1225; x_wconf 84' lang='grc' dir='ltr'>κτίσμα,</span> <span class='ocrx_word' id='word_1_67' title='bbox 1229 1155 1287 1206; x_wconf 80' lang='grc' dir='ltr'>τό</span> <span class='ocrx_word' id='word_1_68' title='bbox 1320 1171 1382 1221; x_wconf 91' lang='grc' dir='ltr'><strong>γε</strong></span> <span class='ocrx_word' id='word_1_69' title='bbox 1428 1154 1505 1213; x_wconf 84' lang='grc' dir='ltr'><strong>είς</strong></span> <span class='ocrx_word' id='word_1_70' title='bbox 1540 1151 1735 1213; x_wconf 77' lang='grc' dir='ltr'>αὐτοὺς</span> 
     </span>
    </p>
   </div>
   <div class='ocr_carea' id='block_1_12' title="bbox 141 1238 1733 1315">
    <p class='ocr_par' dir='ltr' id='par_1_12' title="bbox 141 1238 1733 1315">
     <span class='ocr_line' id='line_1_12' title="bbox 141 1238 1733 1315; baseline -0.001 -20"><span class='ocrx_word' id='word_1_71' title='bbox 141 1238 316 1314; x_wconf 80' lang='grc' dir='ltr'>ἧκον,</span> <span class='ocrx_word' id='word_1_72' title='bbox 355 1249 769 1298; x_wconf 83' lang='grc' dir='ltr'>κατασπάσωσι.</span> <span class='ocrx_word' id='word_1_73' title='bbox 807 1246 979 1315; x_wconf 80' lang='grc' dir='ltr'><strong>Καὶὴ</strong></span> <span class='ocrx_word' id='word_1_74' title='bbox 1042 1246 1317 1313; x_wconf 80' lang='grc' dir='ltr'>πρόφασις</span> <span class='ocrx_word' id='word_1_75' title='bbox 1365 1244 1566 1305; x_wconf 80' lang='grc' dir='ltr'>αὐτοῖς,</span> <span class='ocrx_word' id='word_1_76' title='bbox 1623 1244 1733 1303; x_wconf 80' lang='grc' dir='ltr'>ἵνα,</span> 
     </span>
    </p>
   </div>
   <div class='ocr_carea' id='block_1_13' title="bbox 144 1321 1737 1406">
    <p class='ocr_par' dir='ltr' id='par_1_13' title="bbox 144 1321 1737 1406">
     <span class='ocr_line' id='line_1_13' title="bbox 144 1321 1737 1406; baseline -0.001 -19"><span class='ocrx_word' id='word_1_77' title='bbox 144 1330 314 1403; x_wconf 68' lang='grc' dir='ltr'>φασὶ,</span> <span class='ocrx_word' id='word_1_78' title='bbox 371 1336 445 1405; x_wconf 83' lang='grc' dir='ltr'>μὴ</span> <span class='ocrx_word' id='word_1_79' title='bbox 479 1337 571 1389; x_wconf 83' lang='grc' dir='ltr'>δύο</span> <span class='ocrx_word' id='word_1_80' title='bbox 625 1321 864 1405; x_wconf 73' lang='grc' dir='ltr'>γένοιντο</span> <span class='ocrx_word' id='word_1_81' title='bbox 891 1338 999 1390; x_wconf 83' lang='grc' dir='ltr'>Θεοί</span> <span class='ocrx_word' id='word_1_82' title='bbox 1024 1355 1037 1369; x_wconf 77' lang='grc' dir='ltr'><strong><em>ο</em></strong></span> <span class='ocrx_word' id='word_1_83' title='bbox 1067 1340 1094 1389; x_wconf 77' lang='grc' dir='ltr'>ὅ</span> <span class='ocrx_word' id='word_1_84' title='bbox 1134 1356 1192 1390; x_wconf 84' lang='grc' dir='ltr'><strong>τε</strong></span> <span class='ocrx_word' id='word_1_85' title='bbox 1249 1336 1464 1406; x_wconf 81' lang='grc' dir='ltr'>πρῶτος</span> <span class='ocrx_word' id='word_1_86' title='bbox 1511 1337 1539 1389; x_wconf 88' lang='lat'><strong>6</strong></span> <span class='ocrx_word' id='word_1_87' title='bbox 1579 1336 1737 1403; x_wconf 83' lang='grc' dir='ltr'>ἀγέν-</span> 
     </span>
    </p>
   </div>
   <div class='ocr_carea' id='block_1_14' title="bbox 144 1427 1735 1498">
    <p class='ocr_par' dir='ltr' id='par_1_14' title="bbox 144 1427 1735 1498">
     <span class='ocr_line' id='line_1_14' title="bbox 144 1427 1735 1498; baseline 0.001 -23"><span class='ocrx_word' id='word_1_88' title='bbox 144 1440 342 1493; x_wconf 80' lang='grc' dir='ltr'>νητος,</span> <span class='ocrx_word' id='word_1_89' title='bbox 377 1427 528 1488; x_wconf 70' lang='grc' dir='ltr'>καὶρ</span> <span class='ocrx_word' id='word_1_90' title='bbox 569 1428 900 1497; x_wconf 75' lang='grc' dir='ltr'><strong>δευτερεύων</strong></span> <span class='ocrx_word' id='word_1_91' title='bbox 953 1427 1145 1480; x_wconf 81' lang='grc' dir='ltr'>τούτου</span> <span class='ocrx_word' id='word_1_92' title='bbox 1192 1428 1266 1489; x_wconf 86' lang='grc' dir='ltr'>ὡς</span> <span class='ocrx_word' id='word_1_93' title='bbox 1316 1428 1576 1498; x_wconf 79' lang='grc' dir='ltr'><strong>γεννητὸς</strong></span> <span class='ocrx_word' id='word_1_94' title='bbox 1630 1429 1735 1478; x_wconf 85' lang='grc' dir='ltr'><strong>ὑπ-</strong></span> 
     </span>
    </p>
   </div>
   <div class='ocr_carea' id='block_1_15' title="bbox 146 1514 1736 1587">
    <p class='ocr_par' dir='ltr' id='par_1_15' title="bbox 146 1514 1736 1587">
     <span class='ocr_line' id='line_1_15' title="bbox 146 1514 1736 1587; baseline 0.003 -20"><span class='ocrx_word' id='word_1_95' title='bbox 146 1514 367 1585; x_wconf 79' lang='grc' dir='ltr'>ἀρχων.</span> <span class='ocrx_word' id='word_1_96' title='bbox 401 1518 555 1569; x_wconf 80' lang='grc' dir='ltr'>Κατὰ</span> <span class='ocrx_word' id='word_1_97' title='bbox 592 1520 825 1587; x_wconf 80' lang='grc' dir='ltr'><strong>μίμησιν</strong></span> <span class='ocrx_word' id='word_1_98' title='bbox 860 1519 1066 1572; x_wconf 85' lang='grc' dir='ltr'>τούτων</span> <span class='ocrx_word' id='word_1_99' title='bbox 1100 1522 1191 1573; x_wconf 72' lang='grc' dir='ltr'>καὶ</span> <span class='ocrx_word' id='word_1_100' title='bbox 1242 1522 1290 1573; x_wconf 80' lang='grc' dir='ltr'>οἱ</span> <span class='ocrx_word' id='word_1_101' title='bbox 1342 1520 1594 1583; x_wconf 75' lang='grc' dir='ltr'>ἐναντίοι,</span> <span class='ocrx_word' id='word_1_102' title='bbox 1631 1521 1736 1572; x_wconf 79' lang='grc' dir='ltr'><strong>πᾶν</strong></span> 
     </span>
    </p>
   </div>
   <div class='ocr_carea' id='block_1_16' title="bbox 146 1607 1738 1681">
    <p class='ocr_par' dir='ltr' id='par_1_16' title="bbox 146 1607 1738 1681">
     <span class='ocr_line' id='line_1_16' title="bbox 146 1607 1738 1681; baseline 0.001 -20"><span class='ocrx_word' id='word_1_103' title='bbox 146 1608 300 1677; x_wconf 84' lang='grc' dir='ltr'>ὅπερ</span> <span class='ocrx_word' id='word_1_104' title='bbox 326 1608 415 1660; x_wconf 70' lang='grc' dir='ltr'><strong>ἐπὶ</strong></span> <span class='ocrx_word' id='word_1_105' title='bbox 438 1608 575 1661; x_wconf 86' lang='grc' dir='ltr'>Θεοῦ</span> <span class='ocrx_word' id='word_1_106' title='bbox 620 1610 855 1677; x_wconf 84' lang='grc' dir='ltr'>λέγεται,</span> <span class='ocrx_word' id='word_1_107' title='bbox 906 1613 1096 1663; x_wconf 83' lang='grc' dir='ltr'>οὐσίαν</span> <span class='ocrx_word' id='word_1_108' title='bbox 1150 1607 1290 1666; x_wconf 77' lang='grc' dir='ltr'>εἶναι</span> <span class='ocrx_word' id='word_1_109' title='bbox 1328 1612 1577 1681; x_wconf 83' lang='grc' dir='ltr'>λέγουσιν</span> <span class='ocrx_word' id='word_1_110' title='bbox 1605 1627 1619 1642; x_wconf 76' lang='grc' dir='ltr'><strong><em>ο</em></strong></span> <span class='ocrx_word' id='word_1_111' title='bbox 1653 1613 1738 1664; x_wconf 76' lang='grc' dir='ltr'>ἵνα</span> 
     </span>
    </p>
   </div>
   <div class='ocr_carea' id='block_1_17' title="bbox 146 1701 1738 1773">
    <p class='ocr_par' dir='ltr' id='par_1_17' title="bbox 146 1701 1738 1773">
     <span class='ocr_line' id='line_1_17' title="bbox 146 1701 1738 1773; baseline 0 -20"><span class='ocrx_word' id='word_1_112' title='bbox 146 1701 261 1769; x_wconf 76' lang='grc' dir='ltr'>τὴν</span> <span class='ocrx_word' id='word_1_113' title='bbox 309 1702 379 1771; x_wconf 82' lang='grc' dir='ltr'>μὴ</span> <span class='ocrx_word' id='word_1_114' title='bbox 434 1701 831 1771; x_wconf 75' lang='grc' dir='ltr'><strong>χωριζομένην,</strong></span> <span class='ocrx_word' id='word_1_115' title='bbox 892 1703 1256 1773; x_wconf 85' lang='grc' dir='ltr'>διαφέρουσαν</span> <span class='ocrx_word' id='word_1_116' title='bbox 1314 1704 1371 1755; x_wconf 74' lang='grc' dir='ltr'><strong>δὲ</strong></span> <span class='ocrx_word' id='word_1_117' title='bbox 1419 1702 1520 1771; x_wconf 78' lang='grc' dir='ltr'><strong>τῆς</strong></span> <span class='ocrx_word' id='word_1_118' title='bbox 1551 1703 1738 1764; x_wconf 79' lang='grc' dir='ltr'>οὐσίας</span> 
     </span>
    </p>
   </div>
   <div class='ocr_carea' id='block_1_18' title="bbox 157 1788 1803 1891">
    <p class='ocr_par' dir='ltr' id='par_1_18' title="bbox 157 1788 1803 1891">
     <span class='ocr_line' id='line_1_18' title="bbox 157 1788 1803 1891; baseline 0.003 -49"><span class='ocrx_word' id='word_1_119' title='bbox 157 1788 262 1891; x_wconf 67' lang='grc' dir='ltr'><strong>τοῦ</strong></span> <span class='ocrx_word' id='word_1_120' title='bbox 287 1789 418 1842; x_wconf 82' lang='grc' dir='ltr'>Θεοῦ</span> <span class='ocrx_word' id='word_1_121' title='bbox 450 1792 731 1891; x_wconf 71' lang='grc' dir='ltr'>ἐνέργειαν</span> <span class='ocrx_word' id='word_1_122' title='bbox 752 1794 826 1855; x_wconf 85' lang='grc' dir='ltr'>ὡς</span> <span class='ocrx_word' id='word_1_123' title='bbox 849 1794 907 1859; x_wconf 78' lang='grc' dir='ltr'>ἐξ</span> <span class='ocrx_word' id='word_1_124' title='bbox 929 1794 1144 1863; x_wconf 76' lang='grc' dir='ltr'>ἐκείνης</span> <span class='ocrx_word' id='word_1_125' title='bbox 1164 1792 1347 1859; x_wconf 83' lang='grc' dir='ltr'>οὖσαν,</span> <span class='ocrx_word' id='word_1_126' title='bbox 1374 1795 1739 1864; x_wconf 78' lang='grc' dir='ltr'>μετεχομένην</span> <span class='ocrx_word' id='word_1_127' title='bbox 1757 1834 1803 1891; x_wconf 74' lang='grc' dir='ltr'>Β</span> 
     </span>
    </p>
   </div>
   <div class='ocr_carea' id='block_1_19' title="bbox 165 1879 1737 1955">
    <p class='ocr_par' dir='ltr' id='par_1_19' title="bbox 165 1879 1737 1955">
     <span class='ocr_line' id='line_1_19' title="bbox 165 1879 1737 1955; baseline 0.004 -25"><span class='ocrx_word' id='word_1_128' title='bbox 165 1879 357 1949; x_wconf 78' lang='grc' dir='ltr'>μέντοι</span> <span class='ocrx_word' id='word_1_129' title='bbox 416 1880 567 1949; x_wconf 77' lang='grc' dir='ltr'>παρὰ</span> <span class='ocrx_word' id='word_1_130' title='bbox 615 1883 721 1935; x_wconf 86' lang='grc' dir='ltr'><strong>τῶν</strong></span> <span class='ocrx_word' id='word_1_131' title='bbox 778 1886 1097 1953; x_wconf 78' lang='grc' dir='ltr'><strong>ποιημάτων</strong></span> <span class='ocrx_word' id='word_1_132' title='bbox 1134 1885 1359 1955; x_wconf 85' lang='grc' dir='ltr'>(·Πάντα</span> <span class='ocrx_word' id='word_1_133' title='bbox 1406 1887 1535 1955; x_wconf 77' lang='grc' dir='ltr'>γὰρ,</span> <span class='ocrx_word' id='word_1_134' title='bbox 1584 1888 1737 1955; x_wconf 70' lang='grc' dir='ltr'>φησὶ,</span> 
     </span>
    </p>
   </div>
   <div class='ocr_carea' id='block_1_20' title="bbox 165 1962 1740 2046">
    <p class='ocr_par' dir='ltr' id='par_1_20' title="bbox 165 1962 1740 2046">
     <span class='ocr_line' id='line_1_20' title="bbox 165 1962 1740 2046; baseline 0.004 -24"><span class='ocrx_word' id='word_1_135' title='bbox 165 1972 391 2040; x_wconf 79' lang='grc' dir='ltr'>μετέχει</span> <span class='ocrx_word' id='word_1_136' title='bbox 420 1962 685 2042; x_wconf 59' lang='grc' dir='ltr'>ἦτρονοίας</span> <span class='ocrx_word' id='word_1_137' title='bbox 718 1978 780 2027; x_wconf 83' lang='grc' dir='ltr'>ὲκ</span> <span class='ocrx_word' id='word_1_138' title='bbox 808 1978 905 2045; x_wconf 80' lang='grc' dir='ltr'>τῆς</span> <span class='ocrx_word' id='word_1_139' title='bbox 941 1976 1221 2028; x_wconf 82' lang='grc' dir='ltr'>παναιτίου</span> <span class='ocrx_word' id='word_1_140' title='bbox 1268 1973 1517 2046; x_wconf 68' lang='grc' dir='ltr'>θεότητος</span> <span class='ocrx_word' id='word_1_141' title='bbox 1547 1976 1740 2029; x_wconf 84' lang='grc' dir='ltr'>ὲκϐλυ-</span> 
     </span>
    </p>
   </div>
   <div class='ocr_carea' id='block_1_21' title="bbox 166 2061 1742 2137">
    <p class='ocr_par' dir='ltr' id='par_1_21' title="bbox 166 2061 1742 2137">
     <span class='ocr_line' id='line_1_21' title="bbox 166 2061 1742 2137; baseline 0.006 -25"><span class='ocrx_word' id='word_1_142' title='bbox 166 2061 456 2131; x_wconf 83' lang='grc' dir='ltr'>ζομὲνης),</span> <span class='ocrx_word' id='word_1_143' title='bbox 482 2063 760 2128; x_wconf 82' lang='grc' dir='ltr'>δυσσεϐῶς</span> <span class='ocrx_word' id='word_1_144' title='bbox 806 2069 883 2127; x_wconf 82' lang='grc' dir='ltr'><strong>είς</strong></span> <span class='ocrx_word' id='word_1_145' title='bbox 914 2068 1117 2137; x_wconf 84' lang='grc' dir='ltr'>κτίσμα</span> <span class='ocrx_word' id='word_1_146' title='bbox 1165 2069 1575 2122; x_wconf 86' lang='grc' dir='ltr'>κατασπάσωσι.</span> <span class='ocrx_word' id='word_1_147' title='bbox 1632 2069 1742 2122; x_wconf 78' lang='grc' dir='ltr'>Καὶ</span> 
     </span>
    </p>
   </div>
   <div class='ocr_carea' id='block_1_22' title="bbox 159 2156 1735 2235">
    <p class='ocr_par' dir='ltr' id='par_1_22' title="bbox 159 2156 1735 2235">
     <span class='ocr_line' id='line_1_22' title="bbox 159 2156 1735 2235; baseline 0.004 -26"><span class='ocrx_word' id='word_1_148' title='bbox 159 2164 195 2235; x_wconf 66' lang='grc' dir='ltr'>ἢ</span> <span class='ocrx_word' id='word_1_149' title='bbox 228 2163 502 2232; x_wconf 74' lang='grc' dir='ltr'>πρόφασις</span> <span class='ocrx_word' id='word_1_150' title='bbox 535 2161 740 2221; x_wconf 82' lang='grc' dir='ltr'>αὐτοῖς,</span> <span class='ocrx_word' id='word_1_151' title='bbox 768 2159 877 2220; x_wconf 75' lang='grc' dir='ltr'>ἵνα,</span> <span class='ocrx_word' id='word_1_152' title='bbox 911 2159 1064 2225; x_wconf 68' lang='grc' dir='ltr'>φασὶ,</span> <span class='ocrx_word' id='word_1_153' title='bbox 1100 2158 1172 2227; x_wconf 79' lang='grc' dir='ltr'>μὴ</span> <span class='ocrx_word' id='word_1_154' title='bbox 1208 2156 1301 2210; x_wconf 81' lang='grc' dir='ltr'>δύο</span> <span class='ocrx_word' id='word_1_155' title='bbox 1339 2158 1581 2225; x_wconf 87' lang='grc' dir='ltr'>γένοιντο</span> <span class='ocrx_word' id='word_1_156' title='bbox 1616 2162 1735 2215; x_wconf 88' lang='grc' dir='ltr'>Θεό-</span> 
     </span>
    </p>
   </div>
   <div class='ocr_carea' id='block_1_23' title="bbox 148 2249 1734 2326">
    <p class='ocr_par' dir='ltr' id='par_1_23' title="bbox 148 2249 1734 2326">
     <span class='ocr_line' id='line_1_23' title="bbox 148 2249 1734 2326; baseline -0.002 -18"><span class='ocrx_word' id='word_1_157' title='bbox 148 2270 344 2326; x_wconf 80' lang='grc' dir='ltr'>τητες·</span> <span class='ocrx_word' id='word_1_158' title='bbox 373 2253 407 2321; x_wconf 76' lang='grc' dir='ltr'>ἦ</span> <span class='ocrx_word' id='word_1_159' title='bbox 439 2270 497 2303; x_wconf 90' lang='grc' dir='ltr'><strong>τε</strong></span> <span class='ocrx_word' id='word_1_160' title='bbox 549 2252 687 2319; x_wconf 80' lang='grc' dir='ltr'>ὑπὲρ</span> <span class='ocrx_word' id='word_1_161' title='bbox 736 2249 1072 2319; x_wconf 68' lang='grc' dir='ltr'>ἐπωνυμίαν,</span> <span class='ocrx_word' id='word_1_162' title='bbox 1108 2250 1198 2301; x_wconf 74' lang='grc' dir='ltr'>καὶ</span> <span class='ocrx_word' id='word_1_163' title='bbox 1236 2250 1435 2313; x_wconf 76' lang='grc' dir='ltr'>αἰτίαν,</span> <span class='ocrx_word' id='word_1_164' title='bbox 1477 2252 1570 2305; x_wconf 74' lang='grc' dir='ltr'>καὶ</span> <span class='ocrx_word' id='word_1_165' title='bbox 1607 2254 1734 2322; x_wconf 82' lang='grc' dir='ltr'>μέθ-</span> 
     </span>
    </p>
   </div>
   <div class='ocr_carea' id='block_1_24' title="bbox 148 2341 1741 2416">
    <p class='ocr_par' dir='ltr' id='par_1_24' title="bbox 148 2341 1741 2416">
     <span class='ocr_line' id='line_1_24' title="bbox 148 2341 1741 2416; baseline -0.011 -16"><span class='ocrx_word' id='word_1_166' title='bbox 148 2346 278 2414; x_wconf 78' lang='grc' dir='ltr'>εξιν</span> <span class='ocrx_word' id='word_1_167' title='bbox 306 2344 737 2415; x_wconf 83' lang='grc' dir='ltr'>τρισυπόστατος</span> <span class='ocrx_word' id='word_1_168' title='bbox 772 2342 949 2403; x_wconf 76' lang='grc' dir='ltr'>οὐσία,</span> <span class='ocrx_word' id='word_1_169' title='bbox 990 2342 1082 2393; x_wconf 73' lang='grc' dir='ltr'><strong>καὶ</strong></span> <span class='ocrx_word' id='word_1_170' title='bbox 1111 2343 1143 2409; x_wconf 82' lang='grc' dir='ltr'>ὴ</span> <span class='ocrx_word' id='word_1_171' title='bbox 1175 2341 1232 2404; x_wconf 79' lang='grc' dir='ltr'><strong>ὲξ</strong></span> <span class='ocrx_word' id='word_1_172' title='bbox 1268 2342 1437 2409; x_wconf 79' lang='grc' dir='ltr'>αὐτῆς</span> <span class='ocrx_word' id='word_1_173' title='bbox 1473 2360 1741 2416; x_wconf 81' lang='grc' dir='ltr'>προερχο-</span> 
     </span>
    </p>
   </div>
   <div class='ocr_carea' id='block_1_25' title="bbox 154 2432 1741 2509">
    <p class='ocr_par' dir='ltr' id='par_1_25' title="bbox 154 2432 1741 2509">
     <span class='ocr_line' id='line_1_25' title="bbox 154 2432 1741 2509; baseline -0.011 -19"><span class='ocrx_word' id='word_1_174' title='bbox 154 2439 327 2509; x_wconf 71' lang='grc' dir='ltr'>μίγη,</span> <span class='ocrx_word' id='word_1_175' title='bbox 352 2435 686 2504; x_wconf 77' lang='grc' dir='ltr'>μετεχομένη</span> <span class='ocrx_word' id='word_1_176' title='bbox 728 2433 783 2485; x_wconf 84' lang='grc' dir='ltr'>δὲ</span> <span class='ocrx_word' id='word_1_177' title='bbox 830 2432 926 2484; x_wconf 69' lang='grc' dir='ltr'>καὶ</span> <span class='ocrx_word' id='word_1_178' title='bbox 956 2432 1329 2501; x_wconf 73' lang='grc' dir='ltr'>ὀνομαζομένη</span> <span class='ocrx_word' id='word_1_179' title='bbox 1355 2432 1446 2485; x_wconf 78' lang='grc' dir='ltr'><strong>τοῦ</strong></span> <span class='ocrx_word' id='word_1_180' title='bbox 1481 2433 1614 2485; x_wconf 69' lang='grc' dir='ltr'><strong>θεοῦ</strong></span> <span class='ocrx_word' id='word_1_181' title='bbox 1654 2436 1741 2486; x_wconf 70' lang='grc' dir='ltr'><strong>έν..</strong></span> 
     </span>
    </p>
   </div>
   <div class='ocr_carea' id='block_1_26' title="bbox 153 2524 1743 2598">
    <p class='ocr_par' dir='ltr' id='par_1_26' title="bbox 153 2524 1743 2598">
     <span class='ocr_line' id='line_1_26' title="bbox 153 2524 1743 2598; baseline -0.004 -16"><span class='ocrx_word' id='word_1_182' title='bbox 153 2531 378 2598; x_wconf 80' lang='grc' dir='ltr'>ἐργεια.</span> <span class='ocrx_word' id='word_1_183' title='bbox 423 2529 533 2578; x_wconf 74' lang='grc' dir='ltr'>Καὶ</span> <span class='ocrx_word' id='word_1_184' title='bbox 564 2526 671 2593; x_wconf 75' lang='grc' dir='ltr'><strong>γὰρ</strong></span> <span class='ocrx_word' id='word_1_185' title='bbox 712 2525 771 2576; x_wconf 78' lang='grc' dir='ltr'><strong>οὑ</strong></span> <span class='ocrx_word' id='word_1_186' title='bbox 828 2526 1125 2592; x_wconf 81' lang='grc' dir='ltr'>συνορῶσιν</span> <span class='ocrx_word' id='word_1_187' title='bbox 1164 2524 1244 2575; x_wconf 82' lang='grc' dir='ltr'>ὅτι</span> <span class='ocrx_word' id='word_1_188' title='bbox 1274 2524 1523 2591; x_wconf 81' lang='grc' dir='ltr'>καθάπερ</span> <span class='ocrx_word' id='word_1_189' title='bbox 1551 2527 1577 2576; x_wconf 89' lang='lat'><strong>6</strong></span> <span class='ocrx_word' id='word_1_190' title='bbox 1611 2524 1743 2587; x_wconf 84' lang='grc' dir='ltr'>Θεὸς</span> 
     </span>
    </p>
   </div>
   <div class='ocr_carea' id='block_1_27' title="bbox 152 2614 1743 2688">
    <p class='ocr_par' dir='ltr' id='par_1_27' title="bbox 152 2614 1743 2688">
     <span class='ocr_line' id='line_1_27' title="bbox 152 2614 1743 2688; baseline -0.004 -15"><span class='ocrx_word' id='word_1_191' title='bbox 152 2620 259 2674; x_wconf 76' lang='grc' dir='ltr'>καὶ</span> <span class='ocrx_word' id='word_1_192' title='bbox 284 2617 491 2688; x_wconf 81' lang='grc' dir='ltr'>Πατὴρ,</span> <span class='ocrx_word' id='word_1_193' title='bbox 522 2615 711 2685; x_wconf 84' lang='grc' dir='ltr'>Πατὴρ</span> <span class='ocrx_word' id='word_1_194' title='bbox 756 2614 972 2682; x_wconf 78' lang='grc' dir='ltr'>λέγεται</span> <span class='ocrx_word' id='word_1_195' title='bbox 1003 2614 1140 2685; x_wconf 82' lang='grc' dir='ltr'>πρὸς</span> <span class='ocrx_word' id='word_1_196' title='bbox 1182 2615 1273 2666; x_wconf 88' lang='grc' dir='ltr'><strong>τὸν</strong></span> <span class='ocrx_word' id='word_1_197' title='bbox 1310 2615 1438 2666; x_wconf 77' lang='grc' dir='ltr'>ἴδιον</span> <span class='ocrx_word' id='word_1_198' title='bbox 1470 2614 1618 2678; x_wconf 82' lang='grc' dir='ltr'>Υίὸν,</span> <span class='ocrx_word' id='word_1_199' title='bbox 1653 2617 1743 2666; x_wconf 73' lang='grc' dir='ltr'><strong>καὶ</strong></span> 
     </span>
    </p>
   </div>
   <div class='ocr_carea' id='block_1_28' title="bbox 152 2702 1743 2781">
    <p class='ocr_par' dir='ltr' id='par_1_28' title="bbox 152 2702 1743 2781">
     <span class='ocr_line' id='line_1_28' title="bbox 152 2702 1743 2781; baseline -0.003 -19"><span class='ocrx_word' id='word_1_200' title='bbox 152 2710 433 2781; x_wconf 74' lang='grc' dir='ltr'>ἀκτίστως</span> <span class='ocrx_word' id='word_1_201' title='bbox 486 2707 599 2776; x_wconf 71' lang='grc' dir='ltr'>ἔχει</span> <span class='ocrx_word' id='word_1_202' title='bbox 629 2708 687 2758; x_wconf 84' lang='grc' dir='ltr'><strong>τὸ</strong></span> <span class='ocrx_word' id='word_1_203' title='bbox 720 2705 922 2772; x_wconf 81' lang='grc' dir='ltr'>Πατήρ</span> <span class='ocrx_word' id='word_1_204' title='bbox 969 2702 1130 2768; x_wconf 73' lang='grc' dir='ltr'>εἶναι,</span> <span class='ocrx_word' id='word_1_205' title='bbox 1183 2706 1232 2756; x_wconf 88' lang='grc' dir='ltr'><strong>εί</strong></span> <span class='ocrx_word' id='word_1_206' title='bbox 1281 2707 1374 2757; x_wconf 76' lang='grc' dir='ltr'><strong>καὶ</strong></span> <span class='ocrx_word' id='word_1_207' title='bbox 1428 2705 1503 2774; x_wconf 84' lang='grc' dir='ltr'>μὴ</span> <span class='ocrx_word' id='word_1_208' title='bbox 1555 2705 1743 2757; x_wconf 77' lang='grc' dir='ltr'>οὐσίαν</span> 
     </span>
    </p>
   </div>
   <div class='ocr_carea' id='block_1_29' title="bbox 160 2795 1744 2869">
    <p class='ocr_par' dir='ltr' id='par_1_29' title="bbox 160 2795 1744 2869">
     <span class='ocr_line' id='line_1_29' title="bbox 160 2795 1744 2869; baseline -0.001 -19"><span class='ocrx_word' id='word_1_209' title='bbox 160 2801 427 2869; x_wconf 84' lang='grc' dir='ltr'>σημαίνει</span> <span class='ocrx_word' id='word_1_210' title='bbox 466 2801 525 2850; x_wconf 84' lang='grc' dir='ltr'><strong>τὸ</strong></span> <span class='ocrx_word' id='word_1_211' title='bbox 557 2799 745 2868; x_wconf 82' lang='grc' dir='ltr'>Πατήρ</span> <span class='ocrx_word' id='word_1_212' title='bbox 775 2813 789 2826; x_wconf 88' lang='lat'><strong>&#39;</strong></span> <span class='ocrx_word' id='word_1_213' title='bbox 843 2795 984 2848; x_wconf 72' lang='grc' dir='ltr'>οὕτω</span> <span class='ocrx_word' id='word_1_214' title='bbox 1018 2796 1113 2849; x_wconf 74' lang='grc' dir='ltr'><strong>καὶ</strong></span> <span class='ocrx_word' id='word_1_215' title='bbox 1145 2796 1243 2865; x_wconf 82' lang='grc' dir='ltr'><strong>τὴν</strong></span> <span class='ocrx_word' id='word_1_216' title='bbox 1278 2798 1559 2866; x_wconf 81' lang='grc' dir='ltr'>ἐνέργειαν</span> <span class='ocrx_word' id='word_1_217' title='bbox 1594 2798 1744 2850; x_wconf 82' lang='grc' dir='ltr'>ἀκτί-</span> 
     </span>
    </p>
   </div>
   <div class='ocr_carea' id='block_1_30' title="bbox 157 2870 1743 2959">
    <p class='ocr_par' dir='ltr' id='par_1_30' title="bbox 157 2870 1743 2959">
     <span class='ocr_line' id='line_1_30' title="bbox 157 2870 1743 2959; baseline -0.003 -17"><span class='ocrx_word' id='word_1_218' title='bbox 157 2907 309 2953; x_wconf 83' lang='grc' dir='ltr'>στως</span> <span class='ocrx_word' id='word_1_219' title='bbox 343 2890 455 2959; x_wconf 75' lang='grc' dir='ltr'>ἔχει</span> <span class='ocrx_word' id='word_1_220' title='bbox 506 2892 532 2941; x_wconf 97' lang='lat'><strong>6</strong></span> <span class='ocrx_word' id='word_1_221' title='bbox 578 2888 709 2950; x_wconf 88' lang='grc' dir='ltr'>Θεὸς</span> <span class='ocrx_word' id='word_1_222' title='bbox 733 2870 783 2950; x_wconf 37' lang='grc' dir='ltr'><strong>,ῦ</strong></span> <span class='ocrx_word' id='word_1_223' title='bbox 801 2889 849 2940; x_wconf 87' lang='grc' dir='ltr'><strong>εί</strong></span> <span class='ocrx_word' id='word_1_224' title='bbox 887 2878 981 2939; x_wconf 74' lang='grc' dir='ltr'><strong>καὶ</strong></span> <span class='ocrx_word' id='word_1_225' title='bbox 1032 2881 1309 2956; x_wconf 50' lang='grc' dir='ltr'>διαφέρεί</span> <span class='ocrx_word' id='word_1_226' title='bbox 1339 2887 1435 2953; x_wconf 81' lang='grc' dir='ltr'>τῆς</span> <span class='ocrx_word' id='word_1_227' title='bbox 1483 2887 1672 2949; x_wconf 82' lang='grc' dir='ltr'>οὐσίας</span> <span class='ocrx_word' id='word_1_228' title='bbox 1711 2888 1743 2956; x_wconf 80' lang='grc' dir='ltr'>ἡ</span> 
     </span>
    </p>
   </div>
   <div class='ocr_carea' id='block_1_31' title="bbox 157 2970 1747 3053">
    <p class='ocr_par' dir='ltr' id='par_1_31' title="bbox 157 2970 1747 3053">
     <span class='ocr_line' id='line_1_31' title="bbox 157 2970 1747 3053; baseline -0.003 -18"><span class='ocrx_word' id='word_1_229' title='bbox 157 2981 437 3053; x_wconf 67' lang='grc' dir='ltr'>ὶνέργεια.</span> <span class='ocrx_word' id='word_1_230' title='bbox 476 2982 582 3033; x_wconf 73' lang='grc' dir='ltr'><strong>Καὶ</strong></span> <span class='ocrx_word' id='word_1_231' title='bbox 625 2981 712 3033; x_wconf 74' lang='grc' dir='ltr'>διτε</span> <span class='ocrx_word' id='word_1_232' title='bbox 747 2980 874 3049; x_wconf 87' lang='grc' dir='ltr'>μίαν</span> <span class='ocrx_word' id='word_1_233' title='bbox 928 2970 1158 3048; x_wconf 54' lang='grc' dir='ltr'>Θεᾋτξητά</span> <span class='ocrx_word' id='word_1_234' title='bbox 1208 2995 1408 3046; x_wconf 85' lang='grc' dir='ltr'>φαμεν,</span> <span class='ocrx_word' id='word_1_235' title='bbox 1446 2979 1621 3031; x_wconf 86' lang='grc' dir='ltr'>πάντα</span> <span class='ocrx_word' id='word_1_236' title='bbox 1649 2981 1747 3030; x_wconf 81' lang='grc' dir='ltr'>ὅσα</span> 
     </span>
    </p>
   </div>
   <div class='ocr_carea' id='block_1_32' title="bbox 160 3068 1747 3140">
    <p class='ocr_par' dir='ltr' id='par_1_32' title="bbox 160 3068 1747 3140">
     <span class='ocr_line' id='line_1_32' title="bbox 160 3068 1747 3140; baseline -0.003 -14"><span class='ocrx_word' id='word_1_237' title='bbox 160 3075 317 3126; x_wconf 72' lang='grc' dir='ltr'>ἐστὶν</span> <span class='ocrx_word' id='word_1_238' title='bbox 347 3074 374 3125; x_wconf 90' lang='grc' dir='ltr'>ὁ</span> <span class='ocrx_word' id='word_1_239' title='bbox 406 3071 540 3133; x_wconf 72' lang='grc' dir='ltr'>Θεὸς</span> <span class='ocrx_word' id='word_1_240' title='bbox 582 3088 784 3140; x_wconf 85' lang='grc' dir='ltr'>φαμεν,</span> <span class='ocrx_word' id='word_1_241' title='bbox 832 3070 927 3121; x_wconf 76' lang='grc' dir='ltr'><strong>καὶ</strong></span> <span class='ocrx_word' id='word_1_242' title='bbox 981 3068 1078 3138; x_wconf 80' lang='grc' dir='ltr'><strong>τὴν</strong></span> <span class='ocrx_word' id='word_1_243' title='bbox 1128 3069 1317 3122; x_wconf 77' lang='grc' dir='ltr'>οὐσίαν</span> <span class='ocrx_word' id='word_1_244' title='bbox 1350 3071 1444 3120; x_wconf 73' lang='grc' dir='ltr'><strong>καὶ</strong></span> <span class='ocrx_word' id='word_1_245' title='bbox 1471 3068 1567 3138; x_wconf 79' lang='grc' dir='ltr'>τὴν</span> <span class='ocrx_word' id='word_1_246' title='bbox 1598 3070 1747 3139; x_wconf 80' lang='grc' dir='ltr'>ἐνέρ-</span> 
     </span>
    </p>
   </div>
   <div class='ocr_carea' id='block_1_33' title="bbox 1830 578 3401 661">
    <p class='ocr_par' dir='ltr' id='par_1_33' title="bbox 1830 578 3401 661">
     <span class='ocr_line' id='line_1_33' title="bbox 1830 578 3401 661; baseline -0.012 -15"><span class='ocrx_word' id='word_1_247' title='bbox 1830 595 2002 661; x_wconf 89' lang='lat' dir='ltr'><strong>ipsam</strong></span> <span class='ocrx_word' id='word_1_248' title='bbox 2043 593 2405 645; x_wconf 68' lang='lat' dir='ltr'><strong>mtcrnitatem</strong></span> <span class='ocrx_word' id='word_1_249' title='bbox 2444 605 2458 639; x_wconf 91' lang='lat'><strong>:</strong></span> <span class='ocrx_word' id='word_1_250' title='bbox 2489 585 2792 639; x_wconf 72' lang='lat' dir='ltr'><strong>dominatio</strong></span> <span class='ocrx_word' id='word_1_251' title='bbox 2820 591 3003 635; x_wconf 89' lang='lat' dir='ltr'><strong>autem</strong></span> <span class='ocrx_word' id='word_1_252' title='bbox 3038 587 3123 630; x_wconf 88' lang='lat' dir='ltr'><strong>est</strong></span> <span class='ocrx_word' id='word_1_253' title='bbox 3160 578 3401 628; x_wconf 85' lang='lat' dir='ltr'><strong>increata</strong></span> 
     </span>
    </p>
   </div>
   <div class='ocr_carea' id='block_1_34' title="bbox 1831 666 3403 751">
    <p class='ocr_par' dir='ltr' id='par_1_34' title="bbox 1831 666 3403 751">
     <span class='ocr_line' id='line_1_34' title="bbox 1831 666 3403 751; baseline -0.013 -12"><span class='ocrx_word' id='word_1_254' title='bbox 1831 686 1923 739; x_wconf 91' lang='lat' dir='ltr'><strong>Dei</strong></span> <span class='ocrx_word' id='word_1_255' title='bbox 1976 683 2248 751; x_wconf 77' lang='lat' dir='ltr'><strong>operatio,</strong></span> <span class='ocrx_word' id='word_1_256' title='bbox 2300 680 2557 733; x_wconf 83' lang='lat' dir='ltr'><strong>distincta</strong></span> <span class='ocrx_word' id='word_1_257' title='bbox 2614 676 2679 727; x_wconf 85' lang='lat' dir='ltr'><strong>ab</strong></span> <span class='ocrx_word' id='word_1_258' title='bbox 2728 671 2989 733; x_wconf 79' lang='lat' dir='ltr'><strong>essentia,</strong></span> <span class='ocrx_word' id='word_1_259' title='bbox 3028 677 3212 737; x_wconf 90' lang='lat' dir='ltr'><strong>utpote</strong></span> <span class='ocrx_word' id='word_1_260' title='bbox 3259 666 3403 720; x_wconf 89' lang='lat' dir='ltr'><strong>dicta</strong></span> 
     </span>
    </p>
   </div>
   <div class='ocr_carea' id='block_1_35' title="bbox 1830 769 2925 839">
    <p class='ocr_par' dir='ltr' id='par_1_35' title="bbox 1830 769 2925 839">
     <span class='ocr_line' id='line_1_35' title="bbox 1830 769 2925 839; baseline -0.016 -8"><span class='ocrx_word' id='word_1_261' title='bbox 1830 776 2061 831; x_wconf 78' lang='lat' dir='ltr'><strong>relative</strong></span> <span class='ocrx_word' id='word_1_262' title='bbox 2098 775 2163 827; x_wconf 85' lang='lat' dir='ltr'><strong>ad</strong></span> <span class='ocrx_word' id='word_1_263' title='bbox 2195 773 2339 827; x_wconf 84' lang='lat' dir='ltr'><strong>aliud</strong></span> <span class='ocrx_word' id='word_1_264' title='bbox 2368 770 2509 839; x_wconf 80' lang='lat' dir='ltr'><strong>quod</strong></span> <span class='ocrx_word' id='word_1_265' title='bbox 2546 769 2660 836; x_wconf 87' lang='lat' dir='ltr'><strong>ipse</strong></span> <span class='ocrx_word' id='word_1_266' title='bbox 2694 774 2925 817; x_wconf 86' lang='lat' dir='ltr'><strong>nonest.</strong></span> 
     </span>
    </p>
   </div>
   <div class='ocr_carea' id='block_1_36' title="bbox 1898 848 3405 928">
    <p class='ocr_par' dir='ltr' id='par_1_36' title="bbox 1898 848 3405 928">
     <span class='ocr_line' id='line_1_36' title="bbox 1898 848 3405 928; baseline -0.016 -9"><span class='ocrx_word' id='word_1_267' title='bbox 1898 865 2021 919; x_wconf 71' lang='lat'><strong>1‘26.</strong></span> <span class='ocrx_word' id='word_1_268' title='bbox 2076 862 2399 917; x_wconf 84' lang='lat' dir='ltr'><strong>Eunomiani</strong></span> <span class='ocrx_word' id='word_1_269' title='bbox 2459 858 2829 928; x_wconf 86' lang='lat' dir='ltr'><strong>quodcunque</strong></span> <span class='ocrx_word' id='word_1_270' title='bbox 2900 852 2967 906; x_wconf 91' lang='lat' dir='ltr'><strong>de</strong></span> <span class='ocrx_word' id='word_1_271' title='bbox 3023 850 3131 903; x_wconf 88' lang='lat' dir='ltr'><strong>Deo</strong></span> <span class='ocrx_word' id='word_1_272' title='bbox 3174 848 3405 906; x_wconf 81' lang='lat' dir='ltr'><strong>dicitur,</strong></span> 
     </span>
    </p>
   </div>
   <div class='ocr_carea' id='block_1_37' title="bbox 1825 928 3475 1019">
    <p class='ocr_par' dir='ltr' id='par_1_37' title="bbox 1825 928 3475 1019">
     <span class='ocr_line' id='line_1_37' title="bbox 1825 928 3475 1019; baseline -0.015 -8"><span class='ocrx_word' id='word_1_273' title='bbox 1825 958 2117 1011; x_wconf 85' lang='lat' dir='ltr'><strong>essentiam</strong></span> <span class='ocrx_word' id='word_1_274' title='bbox 2149 970 2272 1009; x_wconf 88' lang='lat' dir='ltr'><strong>esse</strong></span> <span class='ocrx_word' id='word_1_275' title='bbox 2305 952 2517 1016; x_wconf 87' lang='lat' dir='ltr'><strong>dicunt,</strong></span> <span class='ocrx_word' id='word_1_276' title='bbox 2546 957 2604 1002; x_wconf 91' lang='lat' dir='ltr'><strong>ut</strong></span> <span class='ocrx_word' id='word_1_277' title='bbox 2634 948 2931 1019; x_wconf 81' lang='lat' dir='ltr'><strong>ingenitam</strong></span> <span class='ocrx_word' id='word_1_278' title='bbox 2964 928 3260 995; x_wconf 23' lang='lat' dir='ltr'><strong>essentiam.</strong></span> <span class='ocrx_word' id='word_1_279' title='bbox 3286 952 3407 989; x_wconf 75' lang='lat' dir='ltr'><strong>esse</strong></span> <span class='ocrx_word' id='word_1_280' title='bbox 3472 972 3475 975; x_wconf 50' lang='grc' dir='ltr'>λ</span> 
     </span>
    </p>
   </div>
   <div class='ocr_carea' id='block_1_38' title="bbox 1827 1031 3405 1109">
    <p class='ocr_par' dir='ltr' id='par_1_38' title="bbox 1827 1031 3405 1109">
     <span class='ocr_line' id='line_1_38' title="bbox 1827 1031 3405 1109; baseline -0.014 -8"><span class='ocrx_word' id='word_1_281' title='bbox 1827 1052 2078 1109; x_wconf 83' lang='lat' dir='ltr'><strong>doceant,</strong></span> <span class='ocrx_word' id='word_1_282' title='bbox 2116 1060 2170 1099; x_wconf 90' lang='lat' dir='ltr'><strong>et</strong></span> <span class='ocrx_word' id='word_1_283' title='bbox 2195 1048 2320 1100; x_wconf 87' lang='lat' dir='ltr'><strong>inde</strong></span> <span class='ocrx_word' id='word_1_284' title='bbox 2346 1044 2539 1097; x_wconf 89' lang='lat' dir='ltr'><strong>Filium</strong></span> <span class='ocrx_word' id='word_1_285' title='bbox 2564 1051 2817 1108; x_wconf 90' lang='lat' dir='ltr'><strong>tanquam</strong></span> <span class='ocrx_word' id='word_1_286' title='bbox 2851 1054 2878 1090; x_wconf 90' lang='lat' dir='ltr'><strong>a</strong></span> <span class='ocrx_word' id='word_1_287' title='bbox 2902 1037 3061 1090; x_wconf 82' lang='lat' dir='ltr'><strong>Patre</strong></span> <span class='ocrx_word' id='word_1_288' title='bbox 3086 1031 3405 1085; x_wconf 88' lang='lat' dir='ltr'><strong>distinctum</strong></span> 
     </span>
    </p>
   </div>
   <div class='ocr_carea' id='block_1_39' title="bbox 1827 1114 3411 1199">
    <p class='ocr_par' dir='ltr' id='par_1_39' title="bbox 1827 1114 3411 1199">
     <span class='ocr_line' id='line_1_39' title="bbox 1827 1114 3411 1199; baseline -0.013 -10"><span class='ocrx_word' id='word_1_289' title='bbox 1827 1138 1892 1190; x_wconf 85' lang='lat' dir='ltr'><strong>ad</strong></span> <span class='ocrx_word' id='word_1_290' title='bbox 1918 1146 2248 1199; x_wconf 82' lang='lat' dir='ltr'><strong>creaturam,</strong></span> <span class='ocrx_word' id='word_1_291' title='bbox 2291 1144 2350 1187; x_wconf 89' lang='lat' dir='ltr'><strong>ut</strong></span> <span class='ocrx_word' id='word_1_292' title='bbox 2396 1133 2500 1186; x_wconf 84' lang='lat' dir='ltr'><strong>sibi</strong></span> <span class='ocrx_word' id='word_1_293' title='bbox 2561 1114 2759 1198; x_wconf 80' lang='lat' dir='ltr'><strong>placet,</strong></span> <span class='ocrx_word' id='word_1_294' title='bbox 2795 1127 3125 1193; x_wconf 79' lang='lat' dir='ltr'><strong>deprimant.</strong></span> <span class='ocrx_word' id='word_1_295' title='bbox 3168 1119 3231 1172; x_wconf 85' lang='lat' dir='ltr'><strong>Et</strong></span> <span class='ocrx_word' id='word_1_296' title='bbox 3271 1131 3411 1187; x_wconf 75' lang='lat' dir='ltr'><strong>pra:-</strong></span> 
     </span>
    </p>
   </div>
   <div class='ocr_carea' id='block_1_40' title="bbox 1829 1212 3409 1291">
    <p class='ocr_par' dir='ltr' id='par_1_40' title="bbox 1829 1212 3409 1291">
     <span class='ocr_line' id='line_1_40' title="bbox 1829 1212 3409 1291; baseline -0.011 -12"><span class='ocrx_word' id='word_1_297' title='bbox 1829 1236 2010 1281; x_wconf 83' lang='lat' dir='ltr'><strong>textus</strong></span> <span class='ocrx_word' id='word_1_298' title='bbox 2037 1229 2116 1279; x_wconf 89' lang='lat' dir='ltr'><strong>eis</strong></span> <span class='ocrx_word' id='word_1_299' title='bbox 2148 1236 2232 1281; x_wconf 81' lang='lat' dir='ltr'><strong>est</strong></span> <span class='ocrx_word' id='word_1_300' title='bbox 2263 1240 2348 1291; x_wconf 76' lang='lat' dir='ltr'><strong>ne,</strong></span> <span class='ocrx_word' id='word_1_301' title='bbox 2386 1226 2560 1287; x_wconf 86' lang='lat' dir='ltr'><strong>aiunt,</strong></span> <span class='ocrx_word' id='word_1_302' title='bbox 2595 1222 2703 1275; x_wconf 89' lang='lat' dir='ltr'><strong>duo</strong></span> <span class='ocrx_word' id='word_1_303' title='bbox 2727 1221 2836 1273; x_wconf 90' lang='lat' dir='ltr'><strong>sint</strong></span> <span class='ocrx_word' id='word_1_304' title='bbox 2861 1219 2953 1278; x_wconf 84' lang='lat' dir='ltr'><strong>dii,</strong></span> <span class='ocrx_word' id='word_1_305' title='bbox 2982 1228 3172 1281; x_wconf 86' lang='lat' dir='ltr'><strong>nempe</strong></span> <span class='ocrx_word' id='word_1_306' title='bbox 3201 1212 3409 1279; x_wconf 87' lang='lat' dir='ltr'><strong>primus</strong></span> 
     </span>
    </p>
   </div>
   <div class='ocr_carea' id='block_1_41' title="bbox 1826 1300 3410 1385">
    <p class='ocr_par' dir='ltr' id='par_1_41' title="bbox 1826 1300 3410 1385">
     <span class='ocr_line' id='line_1_41' title="bbox 1826 1300 3410 1385; baseline -0.013 -15"><span class='ocrx_word' id='word_1_307' title='bbox 1826 1320 1913 1385; x_wconf 86' lang='lat' dir='ltr'><strong>qui</strong></span> <span class='ocrx_word' id='word_1_308' title='bbox 1956 1317 2025 1373; x_wconf 85' lang='lat' dir='ltr'><strong>sit</strong></span> <span class='ocrx_word' id='word_1_309' title='bbox 2058 1318 2354 1383; x_wconf 71' lang='lat' dir='ltr'><strong>ingenitus,</strong></span> <span class='ocrx_word' id='word_1_310' title='bbox 2387 1325 2442 1369; x_wconf 90' lang='lat' dir='ltr'><strong>et</strong></span> <span class='ocrx_word' id='word_1_311' title='bbox 2488 1316 2760 1368; x_wconf 85' lang='lat' dir='ltr'><strong>secundus</strong></span> <span class='ocrx_word' id='word_1_312' title='bbox 2802 1309 2893 1378; x_wconf 89' lang='lat' dir='ltr'><strong>qui</strong></span> <span class='ocrx_word' id='word_1_313' title='bbox 2945 1309 3045 1358; x_wconf 87' lang='lat' dir='ltr'><strong>hoc</strong></span> <span class='ocrx_word' id='word_1_314' title='bbox 3080 1306 3151 1358; x_wconf 85' lang='lat' dir='ltr'><strong>sit</strong></span> <span class='ocrx_word' id='word_1_315' title='bbox 3184 1300 3410 1354; x_wconf 79' lang='lat' dir='ltr'><strong>inferior</strong></span> 
     </span>
    </p>
   </div>
   <div class='ocr_carea' id='block_1_42' title="bbox 1831 1391 3416 1479">
    <p class='ocr_par' dir='ltr' id='par_1_42' title="bbox 1831 1391 3416 1479">
     <span class='ocr_line' id='line_1_42' title="bbox 1831 1391 3416 1479; baseline -0.013 -16"><span class='ocrx_word' id='word_1_316' title='bbox 1831 1418 2018 1479; x_wconf 83' lang='lat' dir='ltr'><strong>utpote</strong></span> <span class='ocrx_word' id='word_1_317' title='bbox 2066 1410 2303 1479; x_wconf 80' lang='lat' dir='ltr'><strong>genitus.</strong></span> <span class='ocrx_word' id='word_1_318' title='bbox 2375 1408 2511 1461; x_wconf 88' lang='lat' dir='ltr'><strong>Istos</strong></span> <span class='ocrx_word' id='word_1_319' title='bbox 2555 1407 2835 1459; x_wconf 86' lang='lat' dir='ltr'><strong>imitantes</strong></span> <span class='ocrx_word' id='word_1_320' title='bbox 2884 1396 3208 1455; x_wconf 74' lang='lat' dir='ltr'><strong>adversarii.</strong></span> <span class='ocrx_word' id='word_1_321' title='bbox 3241 1391 3416 1462; x_wconf 87' lang='lat' dir='ltr'><strong>quod-</strong></span> 
     </span>
    </p>
   </div>
   <div class='ocr_carea' id='block_1_43' title="bbox 1831 1483 3415 1570">
    <p class='ocr_par' dir='ltr' id='par_1_43' title="bbox 1831 1483 3415 1570">
     <span class='ocr_line' id='line_1_43' title="bbox 1831 1483 3415 1570; baseline -0.012 -17"><span class='ocrx_word' id='word_1_322' title='bbox 1831 1491 2044 1570; x_wconf 79' lang='lat' dir='ltr'><strong>cunque</strong></span> <span class='ocrx_word' id='word_1_323' title='bbox 2066 1501 2134 1555; x_wconf 88' lang='lat' dir='ltr'><strong>de</strong></span> <span class='ocrx_word' id='word_1_324' title='bbox 2188 1500 2297 1552; x_wconf 92' lang='lat' dir='ltr'><strong>Deo</strong></span> <span class='ocrx_word' id='word_1_325' title='bbox 2339 1500 2562 1562; x_wconf 88' lang='lat' dir='ltr'><strong>dicitur,</strong></span> <span class='ocrx_word' id='word_1_326' title='bbox 2623 1496 2911 1550; x_wconf 84' lang='lat' dir='ltr'><strong>essentiam</strong></span> <span class='ocrx_word' id='word_1_327' title='bbox 2942 1505 3064 1545; x_wconf 87' lang='lat' dir='ltr'><strong>esse</strong></span> <span class='ocrx_word' id='word_1_328' title='bbox 3093 1490 3302 1547; x_wconf 84' lang='lat' dir='ltr'><strong>dicunt,</strong></span> <span class='ocrx_word' id='word_1_329' title='bbox 3357 1483 3415 1535; x_wconf 71' lang='lat' dir='ltr'><strong>ul</strong></span> 
     </span>
    </p>
   </div>
   <div class='ocr_carea' id='block_1_44' title="bbox 1830 1575 3415 1659">
    <p class='ocr_par' dir='ltr' id='par_1_44' title="bbox 1830 1575 3415 1659">
     <span class='ocr_line' id='line_1_44' title="bbox 1830 1575 3415 1659; baseline -0.011 -15"><span class='ocrx_word' id='word_1_330' title='bbox 1830 1591 1995 1659; x_wconf 87' lang='lat' dir='ltr'><strong>impie</strong></span> <span class='ocrx_word' id='word_1_331' title='bbox 2028 1591 2093 1644; x_wconf 86' lang='lat' dir='ltr'><strong>ad</strong></span> <span class='ocrx_word' id='word_1_332' title='bbox 2127 1602 2404 1645; x_wconf 84' lang='lat' dir='ltr'><strong>creaturas</strong></span> <span class='ocrx_word' id='word_1_333' title='bbox 2437 1590 2746 1658; x_wconf 85' lang='lat' dir='ltr'><strong>deprimant</strong></span> <span class='ocrx_word' id='word_1_334' title='bbox 2780 1599 2888 1638; x_wconf 92' lang='lat' dir='ltr'><strong>non</strong></span> <span class='ocrx_word' id='word_1_335' title='bbox 2941 1590 3267 1650; x_wconf 85' lang='lat' dir='ltr'><strong>separatam,</strong></span> <span class='ocrx_word' id='word_1_336' title='bbox 3318 1575 3415 1659; x_wconf 81' lang='lat' dir='ltr'><strong>sed</strong></span> 
     </span>
    </p>
   </div>
   <div class='ocr_carea' id='block_1_45' title="bbox 1833 1656 3412 1744">
    <p class='ocr_par' dir='ltr' id='par_1_45' title="bbox 1833 1656 3412 1744">
     <span class='ocr_line' id='line_1_45' title="bbox 1833 1656 3412 1744; baseline -0.011 -6"><span class='ocrx_word' id='word_1_337' title='bbox 1833 1685 2150 1738; x_wconf 82' lang='lat' dir='ltr'><strong>distinctam</strong></span> <span class='ocrx_word' id='word_1_338' title='bbox 2208 1684 2274 1735; x_wconf 90' lang='lat' dir='ltr'><strong>ab</strong></span> <span class='ocrx_word' id='word_1_339' title='bbox 2312 1684 2546 1734; x_wconf 78' lang='lat' dir='ltr'><strong>essentia</strong></span> <span class='ocrx_word' id='word_1_340' title='bbox 2598 1680 2689 1732; x_wconf 92' lang='lat' dir='ltr'><strong>Dei</strong></span> <span class='ocrx_word' id='word_1_341' title='bbox 2734 1676 3131 1744; x_wconf 84' lang='lat' dir='ltr'><strong>operationem,</strong></span> <span class='ocrx_word' id='word_1_342' title='bbox 3181 1686 3300 1738; x_wconf 64' lang='lat' dir='ltr'><strong>qua:</strong></span> <span class='ocrx_word' id='word_1_343' title='bbox 3347 1656 3412 1721; x_wconf 80' lang='lat' dir='ltr'><strong>ex</strong></span> 
     </span>
    </p>
   </div>
   <div class='ocr_carea' id='block_1_46' title="bbox 1842 1757 3411 1841">
    <p class='ocr_par' dir='ltr' id='par_1_46' title="bbox 1842 1757 3411 1841">
     <span class='ocr_line' id='line_1_46' title="bbox 1842 1757 3411 1841; baseline -0.013 -13"><span class='ocrx_word' id='word_1_344' title='bbox 1842 1775 1955 1828; x_wconf 91' lang='lat' dir='ltr'><strong>Deo</strong></span> <span class='ocrx_word' id='word_1_345' title='bbox 1987 1786 2092 1837; x_wconf 88' lang='lat' dir='ltr'><strong>est,</strong></span> <span class='ocrx_word' id='word_1_346' title='bbox 2126 1776 2483 1841; x_wconf 82' lang='lat' dir='ltr'><strong>participatttr</strong></span> <span class='ocrx_word' id='word_1_347' title='bbox 2541 1781 2720 1823; x_wconf 83' lang='lat' dir='ltr'><strong>autem</strong></span> <span class='ocrx_word' id='word_1_348' title='bbox 2755 1785 2781 1819; x_wconf 94' lang='lat' dir='ltr'><strong>a</strong></span> <span class='ocrx_word' id='word_1_349' title='bbox 2810 1765 3078 1820; x_wconf 86' lang='lat' dir='ltr'><strong>creaturis</strong></span> <span class='ocrx_word' id='word_1_350' title='bbox 3119 1782 3129 1815; x_wconf 88' lang='lat'>:</span> <span class='ocrx_word' id='word_1_351' title='bbox 3168 1781 3185 1811; x_wconf 83' lang='grc' dir='ltr'><strong>ι</strong></span> <span class='ocrx_word' id='word_1_352' title='bbox 3216 1757 3411 1813; x_wconf 88' lang='lat' dir='ltr'><strong>Omnia</strong></span> 
     </span>
    </p>
   </div>
   <div class='ocr_carea' id='block_1_47' title="bbox 1831 1856 3415 1932">
    <p class='ocr_par' dir='ltr' id='par_1_47' title="bbox 1831 1856 3415 1932">
     <span class='ocr_line' id='line_1_47' title="bbox 1831 1856 3415 1932; baseline -0.013 -14"><span class='ocrx_word' id='word_1_353' title='bbox 1831 1867 1998 1927; x_wconf 84' lang='lat' dir='ltr'><strong>enim,</strong></span> <span class='ocrx_word' id='word_1_354' title='bbox 2031 1868 2252 1926; x_wconf 86' lang='lat' dir='ltr'><strong>dicitur,</strong></span> <span class='ocrx_word' id='word_1_355' title='bbox 2308 1864 2632 1932; x_wconf 87' lang='lat' dir='ltr'><strong>participant</strong></span> <span class='ocrx_word' id='word_1_356' title='bbox 2666 1856 3069 1928; x_wconf 80' lang='lat' dir='ltr'><strong>providentiam</strong></span> <span class='ocrx_word' id='word_1_357' title='bbox 3118 1869 3148 1906; x_wconf 90' lang='lat' dir='ltr'><strong>e</strong></span> <span class='ocrx_word' id='word_1_358' title='bbox 3197 1863 3415 1905; x_wconf 89' lang='lat' dir='ltr'><strong>summo</strong></span> 
     </span>
    </p>
   </div>
   <div class='ocr_carea' id='block_1_48' title="bbox 1828 1945 3413 2023">
    <p class='ocr_par' dir='ltr' id='par_1_48' title="bbox 1828 1945 3413 2023">
     <span class='ocr_line' id='line_1_48' title="bbox 1828 1945 3413 2023; baseline -0.01 -17"><span class='ocrx_word' id='word_1_359' title='bbox 1828 1955 2097 2023; x_wconf 86' lang='lat' dir='ltr'><strong>principio</strong></span> <span class='ocrx_word' id='word_1_360' title='bbox 2138 1966 2470 2008; x_wconf 85' lang='lat' dir='ltr'><strong>manantem.</strong></span> <span class='ocrx_word' id='word_1_361' title='bbox 2531 1971 2548 2002; x_wconf 68' lang='lat' dir='ltr'><strong>r</strong></span> <span class='ocrx_word' id='word_1_362' title='bbox 2614 1953 2677 2003; x_wconf 77' lang='lat' dir='ltr'><strong>Et</strong></span> <span class='ocrx_word' id='word_1_363' title='bbox 2731 1957 3022 2017; x_wconf 69' lang='lat' dir='ltr'><strong>praetextus</strong></span> <span class='ocrx_word' id='word_1_364' title='bbox 3064 1945 3144 1999; x_wconf 86' lang='lat' dir='ltr'><strong>eis</strong></span> <span class='ocrx_word' id='word_1_365' title='bbox 3193 1950 3277 1995; x_wconf 85' lang='lat' dir='ltr'><strong>est</strong></span> <span class='ocrx_word' id='word_1_366' title='bbox 3324 1954 3413 2003; x_wconf 89' lang='lat' dir='ltr'><strong>ne,</strong></span> 
     </span>
    </p>
   </div>
   <div class='ocr_carea' id='block_1_49' title="bbox 1831 2037 3417 2109">
    <p class='ocr_par' dir='ltr' id='par_1_49' title="bbox 1831 2037 3417 2109">
     <span class='ocr_line' id='line_1_49' title="bbox 1831 2037 3417 2109; baseline -0.011 -11"><span class='ocrx_word' id='word_1_367' title='bbox 1831 2048 2005 2109; x_wconf 87' lang='lat' dir='ltr'><strong>aiunt,</strong></span> <span class='ocrx_word' id='word_1_368' title='bbox 2058 2047 2163 2100; x_wconf 90' lang='lat' dir='ltr'><strong>duo</strong></span> <span class='ocrx_word' id='word_1_369' title='bbox 2216 2046 2327 2099; x_wconf 88' lang='lat' dir='ltr'><strong>sint</strong></span> <span class='ocrx_word' id='word_1_370' title='bbox 2385 2043 2719 2107; x_wconf 87' lang='lat' dir='ltr'><strong>divinitates,</strong></span> <span class='ocrx_word' id='word_1_371' title='bbox 2788 2052 2981 2106; x_wconf 86' lang='lat' dir='ltr'><strong>nempe</strong></span> <span class='ocrx_word' id='word_1_372' title='bbox 3022 2037 3160 2089; x_wconf 88' lang='lat' dir='ltr'><strong>elata</strong></span> <span class='ocrx_word' id='word_1_373' title='bbox 3226 2044 3417 2098; x_wconf 78' lang='lat' dir='ltr'><strong>supra,</strong></span> 
     </span>
    </p>
   </div>
   <div class='ocr_carea' id='block_1_50' title="bbox 1829 2122 3411 2202">
    <p class='ocr_par' dir='ltr' id='par_1_50' title="bbox 1829 2122 3411 2202">
     <span class='ocr_line' id='line_1_50' title="bbox 1829 2122 3411 2202; baseline -0.013 -10"><span class='ocrx_word' id='word_1_374' title='bbox 1829 2152 2026 2192; x_wconf 84' lang='lat' dir='ltr'><strong>nomen</strong></span> <span class='ocrx_word' id='word_1_375' title='bbox 2077 2135 2561 2202; x_wconf 81' lang='lat' dir='ltr'><strong>cansalitatemque</strong></span> <span class='ocrx_word' id='word_1_376' title='bbox 2598 2142 2651 2183; x_wconf 82' lang='lat' dir='ltr'><strong>et</strong></span> <span class='ocrx_word' id='word_1_377' title='bbox 2681 2128 3236 2184; x_wconf 79' lang='lat' dir='ltr'><strong>communicationem</strong></span> <span class='ocrx_word' id='word_1_378' title='bbox 3272 2122 3411 2175; x_wconf 84' lang='lat' dir='ltr'><strong>trina</strong></span> 
     </span>
    </p>
   </div>
   <div class='ocr_carea' id='block_1_51' title="bbox 1829 2220 3419 2296">
    <p class='ocr_par' dir='ltr' id='par_1_51' title="bbox 1829 2220 3419 2296">
     <span class='ocr_line' id='line_1_51' title="bbox 1829 2220 3419 2296; baseline -0.009 -15"><span class='ocrx_word' id='word_1_379' title='bbox 1829 2228 2082 2296; x_wconf 85' lang='lat' dir='ltr'><strong>personis</strong></span> <span class='ocrx_word' id='word_1_380' title='bbox 2113 2226 2371 2289; x_wconf 86' lang='lat' dir='ltr'><strong>essentia,</strong></span> <span class='ocrx_word' id='word_1_381' title='bbox 2422 2233 2475 2277; x_wconf 86' lang='lat' dir='ltr'><strong>et</strong></span> <span class='ocrx_word' id='word_1_382' title='bbox 2514 2222 2821 2293; x_wconf 84' lang='lat' dir='ltr'><strong>procedens</strong></span> <span class='ocrx_word' id='word_1_383' title='bbox 2856 2236 2922 2273; x_wconf 80' lang='lat' dir='ltr'><strong>ex</strong></span> <span class='ocrx_word' id='word_1_384' title='bbox 2982 2224 3085 2272; x_wconf 82' lang='lat' dir='ltr'><strong>hac</strong></span> <span class='ocrx_word' id='word_1_385' title='bbox 3116 2220 3419 2285; x_wconf 86' lang='lat' dir='ltr'><strong>participa-</strong></span> 
     </span>
    </p>
   </div>
   <div class='ocr_carea' id='block_1_52' title="bbox 1836 2311 3424 2386">
    <p class='ocr_par' dir='ltr' id='par_1_52' title="bbox 1836 2311 3424 2386">
     <span class='ocr_line' id='line_1_52' title="bbox 1836 2311 3424 2386; baseline -0.004 -17"><span class='ocrx_word' id='word_1_386' title='bbox 1836 2329 1996 2386; x_wconf 87' lang='lat' dir='ltr'><strong>taque</strong></span> <span class='ocrx_word' id='word_1_387' title='bbox 2022 2327 2077 2371; x_wconf 89' lang='lat' dir='ltr'><strong>et</strong></span> <span class='ocrx_word' id='word_1_388' title='bbox 2113 2317 2388 2371; x_wconf 82' lang='lat' dir='ltr'><strong>nominata</strong></span> <span class='ocrx_word' id='word_1_389' title='bbox 2421 2315 2514 2367; x_wconf 83' lang='lat' dir='ltr'><strong>Dei</strong></span> <span class='ocrx_word' id='word_1_390' title='bbox 2548 2314 2817 2382; x_wconf 88' lang='lat' dir='ltr'><strong>operatio.</strong></span> <span class='ocrx_word' id='word_1_391' title='bbox 2848 2312 3061 2365; x_wconf 85' lang='lat' dir='ltr'><strong>Etenim</strong></span> <span class='ocrx_word' id='word_1_392' title='bbox 3091 2327 3195 2363; x_wconf 93' lang='lat' dir='ltr'><strong>non</strong></span> <span class='ocrx_word' id='word_1_393' title='bbox 3224 2311 3424 2364; x_wconf 64' lang='lat' dir='ltr'><strong>advero</strong></span> 
     </span>
    </p>
   </div>
   <div class='ocr_carea' id='block_1_53' title="bbox 1835 2403 3413 2473">
    <p class='ocr_par' dir='ltr' id='par_1_53' title="bbox 1835 2403 3413 2473">
     <span class='ocr_line' id='line_1_53' title="bbox 1835 2403 3413 2473; baseline -0.003 -14"><span class='ocrx_word' id='word_1_394' title='bbox 1835 2417 1977 2473; x_wconf 86' lang='lat' dir='ltr'><strong>lunt,</strong></span> <span class='ocrx_word' id='word_1_395' title='bbox 2016 2410 2157 2463; x_wconf 87' lang='lat' dir='ltr'><strong>sicut</strong></span> <span class='ocrx_word' id='word_1_396' title='bbox 2209 2408 2349 2461; x_wconf 86' lang='lat' dir='ltr'><strong>Deus</strong></span> <span class='ocrx_word' id='word_1_397' title='bbox 2406 2406 2571 2460; x_wconf 85' lang='lat' dir='ltr'><strong>Pater</strong></span> <span class='ocrx_word' id='word_1_398' title='bbox 2630 2406 2830 2459; x_wconf 88' lang='lat' dir='ltr'><strong>dicitur</strong></span> <span class='ocrx_word' id='word_1_399' title='bbox 2868 2404 3035 2455; x_wconf 87' lang='lat' dir='ltr'><strong>Pater</strong></span> <span class='ocrx_word' id='word_1_400' title='bbox 3073 2403 3298 2457; x_wconf 82' lang='lat' dir='ltr'><strong>relative</strong></span> <span class='ocrx_word' id='word_1_401' title='bbox 3346 2403 3413 2456; x_wconf 89' lang='lat' dir='ltr'><strong>ad</strong></span> 
     </span>
    </p>
   </div>
   <div class='ocr_carea' id='block_1_54' title="bbox 1835 2492 3423 2569">
    <p class='ocr_par' dir='ltr' id='par_1_54' title="bbox 1835 2492 3423 2569">
     <span class='ocr_line' id='line_1_54' title="bbox 1835 2492 3423 2569; baseline -0.005 -16"><span class='ocrx_word' id='word_1_402' title='bbox 1835 2501 2109 2569; x_wconf 86' lang='lat' dir='ltr'><strong>proprium</strong></span> <span class='ocrx_word' id='word_1_403' title='bbox 2154 2500 2372 2563; x_wconf 78' lang='lat' dir='ltr'><strong>Filium,</strong></span> <span class='ocrx_word' id='word_1_404' title='bbox 2420 2508 2473 2551; x_wconf 90' lang='lat' dir='ltr'><strong>et</strong></span> <span class='ocrx_word' id='word_1_405' title='bbox 2527 2499 2769 2551; x_wconf 81' lang='lat' dir='ltr'><strong>increata</strong></span> <span class='ocrx_word' id='word_1_406' title='bbox 2806 2504 2889 2549; x_wconf 89' lang='lat' dir='ltr'><strong>est</strong></span> <span class='ocrx_word' id='word_1_407' title='bbox 2925 2493 3253 2563; x_wconf 89' lang='lat' dir='ltr'><strong>paternitas.</strong></span> <span class='ocrx_word' id='word_1_408' title='bbox 3294 2492 3423 2546; x_wconf 89' lang='lat' dir='ltr'><strong>licet</strong></span> 
     </span>
    </p>
   </div>
   <div class='ocr_carea' id='block_1_55' title="bbox 1834 2586 3413 2659">
    <p class='ocr_par' dir='ltr' id='par_1_55' title="bbox 1834 2586 3413 2659">
     <span class='ocr_line' id='line_1_55' title="bbox 1834 2586 3413 2659; baseline -0.005 -14"><span class='ocrx_word' id='word_1_409' title='bbox 1834 2607 1940 2645; x_wconf 90' lang='lat' dir='ltr'><strong>non</strong></span> <span class='ocrx_word' id='word_1_410' title='bbox 1984 2593 2274 2644; x_wconf 86' lang='lat' dir='ltr'><strong>essentiam</strong></span> <span class='ocrx_word' id='word_1_411' title='bbox 2308 2590 2576 2659; x_wconf 83' lang='lat' dir='ltr'><strong>signiﬁcet</strong></span> <span class='ocrx_word' id='word_1_412' title='bbox 2608 2604 2708 2641; x_wconf 85' lang='lat' dir='ltr'><strong>vox</strong></span> <span class='ocrx_word' id='word_1_413' title='bbox 2752 2586 2935 2649; x_wconf 88' lang='lat' dir='ltr'><strong>Pater,</strong></span> <span class='ocrx_word' id='word_1_414' title='bbox 2974 2587 3043 2638; x_wconf 86' lang='lat' dir='ltr'><strong>ita</strong></span> <span class='ocrx_word' id='word_1_415' title='bbox 3076 2586 3242 2639; x_wconf 86' lang='lat' dir='ltr'><strong>etiam</strong></span> <span class='ocrx_word' id='word_1_416' title='bbox 3279 2598 3413 2652; x_wconf 89' lang='lat' dir='ltr'><strong>ope-</strong></span> 
     </span>
    </p>
   </div>
   <div class='ocr_carea' id='block_1_56' title="bbox 1834 2676 3421 2742">
    <p class='ocr_par' dir='ltr' id='par_1_56' title="bbox 1834 2676 3421 2742">
     <span class='ocr_line' id='line_1_56' title="bbox 1834 2676 3421 2742; baseline -0.004 -6"><span class='ocrx_word' id='word_1_417' title='bbox 1834 2684 2098 2737; x_wconf 81' lang='lat' dir='ltr'><strong>rationem</strong></span> <span class='ocrx_word' id='word_1_418' title='bbox 2148 2683 2447 2736; x_wconf 87' lang='lat' dir='ltr'><strong>increatam</strong></span> <span class='ocrx_word' id='word_1_419' title='bbox 2487 2682 2597 2733; x_wconf 90' lang='lat' dir='ltr'><strong>Deo</strong></span> <span class='ocrx_word' id='word_1_420' title='bbox 2647 2680 2849 2742; x_wconf 89' lang='lat' dir='ltr'><strong>inesse,</strong></span> <span class='ocrx_word' id='word_1_421' title='bbox 2888 2679 3017 2732; x_wconf 87' lang='lat' dir='ltr'><strong>licet</strong></span> <span class='ocrx_word' id='word_1_422' title='bbox 3047 2677 3302 2731; x_wconf 86' lang='lat' dir='ltr'><strong>distincta</strong></span> <span class='ocrx_word' id='word_1_423' title='bbox 3344 2676 3421 2730; x_wconf 91' lang='lat' dir='ltr'><strong>sit</strong></span> 
     </span>
    </p>
   </div>
   <div class='ocr_carea' id='block_1_57' title="bbox 1832 2769 3420 2845">
    <p class='ocr_par' dir='ltr' id='par_1_57' title="bbox 1832 2769 3420 2845">
     <span class='ocr_line' id='line_1_57' title="bbox 1832 2769 3420 2845; baseline -0.004 -19"><span class='ocrx_word' id='word_1_424' title='bbox 1832 2777 1899 2827; x_wconf 90' lang='lat' dir='ltr'><strong>ab</strong></span> <span class='ocrx_word' id='word_1_425' title='bbox 1955 2776 2189 2828; x_wconf 86' lang='lat' dir='ltr'><strong>essentia</strong></span> <span class='ocrx_word' id='word_1_426' title='bbox 2239 2774 2505 2840; x_wconf 84' lang='lat' dir='ltr'><strong>operatio.</strong></span> <span class='ocrx_word' id='word_1_427' title='bbox 2570 2772 2633 2825; x_wconf 89' lang='lat' dir='ltr'><strong>Et</strong></span> <span class='ocrx_word' id='word_1_428' title='bbox 2684 2787 2805 2826; x_wconf 91' lang='lat' dir='ltr'><strong>cum</strong></span> <span class='ocrx_word' id='word_1_429' title='bbox 2858 2785 3045 2845; x_wconf 41' lang='lat' dir='ltr'><strong>unam,</strong></span> <span class='ocrx_word' id='word_1_430' title='bbox 3081 2769 3420 2823; x_wconf 85' lang='lat' dir='ltr'><strong>divinitatem</strong></span> 
     </span>
    </p>
   </div>
   <div class='ocr_carea' id='block_1_58' title="bbox 1833 2861 3419 2930">
    <p class='ocr_par' dir='ltr' id='par_1_58' title="bbox 1833 2861 3419 2930">
     <span class='ocr_line' id='line_1_58' title="bbox 1833 2861 3419 2930; baseline -0.007 -7"><span class='ocrx_word' id='word_1_431' title='bbox 1833 2866 2087 2929; x_wconf 86' lang='lat' dir='ltr'><strong>dicimus,</strong></span> <span class='ocrx_word' id='word_1_432' title='bbox 2153 2866 2333 2919; x_wconf 86' lang='lat' dir='ltr'><strong>omnia</strong></span> <span class='ocrx_word' id='word_1_433' title='bbox 2392 2866 2625 2919; x_wconf 85' lang='lat' dir='ltr'><strong>dicimus</strong></span> <span class='ocrx_word' id='word_1_434' title='bbox 2679 2879 2798 2930; x_wconf 66' lang='lat' dir='ltr'><strong>quae</strong></span> <span class='ocrx_word' id='word_1_435' title='bbox 2856 2861 2998 2917; x_wconf 86' lang='lat' dir='ltr'><strong>Deus</strong></span> <span class='ocrx_word' id='word_1_436' title='bbox 3062 2872 3169 2923; x_wconf 90' lang='lat' dir='ltr'><strong>est,</strong></span> <span class='ocrx_word' id='word_1_437' title='bbox 3225 2874 3419 2927; x_wconf 85' lang='lat' dir='ltr'><strong>nempe</strong></span> 
     </span>
    </p>
   </div>
   <div class='ocr_carea' id='block_1_59' title="bbox 1833 2940 3424 3027">
    <p class='ocr_par' dir='ltr' id='par_1_59' title="bbox 1833 2940 3424 3027">
     <span class='ocr_line' id='line_1_59' title="bbox 1833 2940 3424 3027; baseline -0.006 -13"><span class='ocrx_word' id='word_1_438' title='bbox 1833 2959 2128 3014; x_wconf 86' lang='lat' dir='ltr'><strong>essentiam</strong></span> <span class='ocrx_word' id='word_1_439' title='bbox 2160 2968 2213 3011; x_wconf 88' lang='lat' dir='ltr'><strong>et</strong></span> <span class='ocrx_word' id='word_1_440' title='bbox 2247 2940 2639 3027; x_wconf 82' lang='lat' dir='ltr'><strong>operationem.</strong></span> <span class='ocrx_word' id='word_1_441' title='bbox 2672 2955 2752 3007; x_wconf 88' lang='lat' dir='ltr'><strong>Illi</strong></span> <span class='ocrx_word' id='word_1_442' title='bbox 2788 2956 2956 3020; x_wconf 79' lang='lat' dir='ltr'><strong>igitur</strong></span> <span class='ocrx_word' id='word_1_443' title='bbox 2986 2967 3111 3007; x_wconf 87' lang='lat' dir='ltr'><strong>sunt</strong></span> <span class='ocrx_word' id='word_1_444' title='bbox 3134 2952 3225 3018; x_wconf 90' lang='lat' dir='ltr'><strong>qui</strong></span> <span class='ocrx_word' id='word_1_445' title='bbox 3262 2952 3424 3019; x_wconf 87' lang='lat' dir='ltr'><strong>impie</strong></span> 
     </span>
    </p>
   </div>
   <div class='ocr_carea' id='block_1_60' title="bbox 1837 3034 3425 3128">
    <p class='ocr_par' dir='ltr' id='par_1_60' title="bbox 1837 3034 3425 3128">
     <span class='ocr_line' id='line_1_60' title="bbox 1837 3034 3425 3128; baseline -0.007 -21"><span class='ocrx_word' id='word_1_446' title='bbox 1837 3034 2141 3121; x_wconf 66' lang='lat' dir='ltr'><strong>bipartiunt</strong></span> <span class='ocrx_word' id='word_1_447' title='bbox 2201 3064 2362 3103; x_wconf 89' lang='lat' dir='ltr'><strong>unam</strong></span> <span class='ocrx_word' id='word_1_448' title='bbox 2424 3049 2513 3102; x_wconf 90' lang='lat' dir='ltr'><strong>Dei</strong></span> <span class='ocrx_word' id='word_1_449' title='bbox 2574 3047 2913 3108; x_wconf 80' lang='lat' dir='ltr'><strong>divinitatem</strong></span> <span class='ocrx_word' id='word_1_450' title='bbox 2963 3047 3018 3098; x_wconf 92' lang='lat' dir='ltr'><strong>in</strong></span> <span class='ocrx_word' id='word_1_451' title='bbox 3075 3056 3315 3128; x_wconf 70' lang='lat' dir='ltr'><strong>creatam</strong></span> <span class='ocrx_word' id='word_1_452' title='bbox 3370 3051 3425 3096; x_wconf 86' lang='lat' dir='ltr'><strong>et</strong></span> 
     </span>
    </p>
   </div>
   <div class='ocr_carea' id='block_1_61' title="bbox 164 3148 2165 3232">
    <p class='ocr_par' dir='ltr' id='par_1_61' title="bbox 164 3148 2165 3232">
     <span class='ocr_line' id='line_1_61' title="bbox 164 3148 2165 3232; baseline -0.004 -16"><span class='ocrx_word' id='word_1_453' title='bbox 164 3179 351 3232; x_wconf 85' lang='grc' dir='ltr'>γειαν.</span> <span class='ocrx_word' id='word_1_454' title='bbox 420 3162 650 3216; x_wconf 68' lang='grc' dir='ltr'>Ἐκεῖνοι</span> <span class='ocrx_word' id='word_1_455' title='bbox 704 3158 996 3230; x_wconf 86' lang='grc' dir='ltr'>τοιγαροῦν</span> <span class='ocrx_word' id='word_1_456' title='bbox 1047 3161 1184 3211; x_wconf 73' lang='grc' dir='ltr'>εἰσιν</span> <span class='ocrx_word' id='word_1_457' title='bbox 1231 3160 1279 3211; x_wconf 78' lang='grc' dir='ltr'><strong>οἱ</strong></span> <span class='ocrx_word' id='word_1_458' title='bbox 1335 3160 1813 3229; x_wconf 70' lang='grc' dir='ltr'>διχοτομοῦντεςο</span> <span class='ocrx_word' id='word_1_459' title='bbox 1845 3148 2165 3202; x_wconf 63' lang='lat' dir='ltr'><strong>incredulu-</strong></span> 
     </span>
    </p>
   </div>
   <div class='ocr_carea' id='block_1_62' title="bbox 161 3251 1748 3327">
    <p class='ocr_par' dir='ltr' id='par_1_62' title="bbox 161 3251 1748 3327">
     <span class='ocr_line' id='line_1_62' title="bbox 161 3251 1748 3327; baseline -0.001 -17"><span class='ocrx_word' id='word_1_460' title='bbox 161 3256 444 3320; x_wconf 80' lang='grc' dir='ltr'>δυσσεϐῶς</span> <span class='ocrx_word' id='word_1_461' title='bbox 473 3257 572 3326; x_wconf 80' lang='grc' dir='ltr'><strong>τὴν</strong></span> <span class='ocrx_word' id='word_1_462' title='bbox 609 3255 737 3327; x_wconf 79' lang='grc' dir='ltr'>μίαν</span> <span class='ocrx_word' id='word_1_463' title='bbox 761 3255 855 3308; x_wconf 87' lang='grc' dir='ltr'><strong>τοῦ</strong></span> <span class='ocrx_word' id='word_1_464' title='bbox 888 3251 1025 3308; x_wconf 81' lang='grc' dir='ltr'>Θεοῦ</span> <span class='ocrx_word' id='word_1_465' title='bbox 1058 3255 1288 3323; x_wconf 79' lang='grc' dir='ltr'>θεότητα</span> <span class='ocrx_word' id='word_1_466' title='bbox 1319 3255 1398 3316; x_wconf 78' lang='grc' dir='ltr'><strong>είς</strong></span> <span class='ocrx_word' id='word_1_467' title='bbox 1434 3255 1627 3307; x_wconf 80' lang='grc' dir='ltr'>κτιστὰ</span> <span class='ocrx_word' id='word_1_468' title='bbox 1656 3256 1748 3308; x_wconf 72' lang='grc' dir='ltr'><strong>καὶ</strong></span> 
     </span>
    </p>
   </div>
   <div class='ocr_carea' id='block_1_63' title="bbox 164 3347 422 3402">
    <p class='ocr_par' dir='ltr' id='par_1_63' title="bbox 164 3347 422 3402">
     <span class='ocr_line' id='line_1_63' title="bbox 164 3347 422 3402; baseline -0.019 0"><span class='ocrx_word' id='word_1_469' title='bbox 164 3347 422 3402; x_wconf 82' lang='grc' dir='ltr'>ἇκτιστα.</span> 
     </span>
    </p>
   </div>
   <div class='ocr_carea' id='block_1_64' title="bbox 244 3435 1749 3513">
    <p class='ocr_par' dir='ltr' id='par_1_64' title="bbox 244 3435 1749 3513">
     <span class='ocr_line' id='line_1_64' title="bbox 244 3435 1749 3513; baseline -0.001 -24"><span class='ocrx_word' id='word_1_470' title='bbox 244 3436 777 3513; x_wconf 40' lang='grc' dir='ltr'>ρκζνηΣυμϐεϐηκός</span> <span class='ocrx_word' id='word_1_471' title='bbox 804 3437 919 3490; x_wconf 79' lang='grc' dir='ltr'>ἐστι</span> <span class='ocrx_word' id='word_1_472' title='bbox 952 3435 1013 3489; x_wconf 87' lang='grc' dir='ltr'><strong>τὸ</strong></span> <span class='ocrx_word' id='word_1_473' title='bbox 1050 3448 1335 3505; x_wconf 85' lang='grc' dir='ltr'>γινομενον</span> <span class='ocrx_word' id='word_1_474' title='bbox 1373 3435 1465 3487; x_wconf 75' lang='grc' dir='ltr'><strong>καὶ</strong></span> <span class='ocrx_word' id='word_1_475' title='bbox 1496 3435 1749 3503; x_wconf 83' lang='grc' dir='ltr'>ἀπογινό-</span> 
     </span>
    </p>
   </div>
   <div class='ocr_carea' id='block_1_65' title="bbox 170 3521 1753 3598">
    <p class='ocr_par' dir='ltr' id='par_1_65' title="bbox 170 3521 1753 3598">
     <span class='ocr_line' id='line_1_65' title="bbox 170 3521 1753 3598; baseline -0.003 -17"><span class='ocrx_word' id='word_1_476' title='bbox 170 3543 356 3598; x_wconf 71' lang='grc' dir='ltr'>μενον·</span> <span class='ocrx_word' id='word_1_477' title='bbox 382 3526 473 3596; x_wconf 82' lang='grc' dir='ltr'><strong>ἀφ’</strong></span> <span class='ocrx_word' id='word_1_478' title='bbox 504 3521 566 3580; x_wconf 81' lang='grc' dir='ltr'><strong>οῦ</strong></span> <span class='ocrx_word' id='word_1_479' title='bbox 591 3527 772 3597; x_wconf 39' lang='grc' dir='ltr'>καὶτὰ</span> <span class='ocrx_word' id='word_1_480' title='bbox 800 3528 1079 3597; x_wconf 85' lang='grc' dir='ltr'>ἁχώριστα</span> <span class='ocrx_word' id='word_1_481' title='bbox 1106 3526 1493 3595; x_wconf 82' lang='grc' dir='ltr'>συμϐεϐηκότα</span> <span class='ocrx_word' id='word_1_482' title='bbox 1522 3527 1753 3595; x_wconf 84' lang='grc' dir='ltr'>συνορῶ-</span> 
     </span>
    </p>
   </div>
   <div class='ocr_carea' id='block_1_66' title="bbox 169 3617 1753 3693">
    <p class='ocr_par' dir='ltr' id='par_1_66' title="bbox 169 3617 1753 3693">
     <span class='ocr_line' id='line_1_66' title="bbox 169 3617 1753 3693; baseline -0.003 -21"><span class='ocrx_word' id='word_1_483' title='bbox 169 3636 300 3693; x_wconf 78' lang='grc' dir='ltr'>μεν.</span> <span class='ocrx_word' id='word_1_484' title='bbox 334 3618 486 3671; x_wconf 84' lang='grc' dir='ltr'>Ἐστι</span> <span class='ocrx_word' id='word_1_485' title='bbox 539 3619 597 3671; x_wconf 81' lang='grc' dir='ltr'><strong>δέ</strong></span> <span class='ocrx_word' id='word_1_486' title='bbox 652 3636 768 3682; x_wconf 87' lang='grc' dir='ltr'><strong>πως</strong></span> <span class='ocrx_word' id='word_1_487' title='bbox 826 3618 1193 3689; x_wconf 83' lang='grc' dir='ltr'>συμϐεϐηκὸς,</span> <span class='ocrx_word' id='word_1_488' title='bbox 1244 3617 1339 3669; x_wconf 57' lang='grc' dir='ltr'><strong>καὶ⁵</strong></span> <span class='ocrx_word' id='word_1_489' title='bbox 1388 3617 1448 3671; x_wconf 88' lang='grc' dir='ltr'><strong>τὸ</strong></span> <span class='ocrx_word' id='word_1_490' title='bbox 1507 3618 1753 3685; x_wconf 76' lang='grc' dir='ltr'>φυσικῶς</span> 
     </span>
    </p>
   </div>
   <div class='ocr_carea' id='block_1_67' title="bbox 169 3710 1754 3785">
    <p class='ocr_par' dir='ltr' id='par_1_67' title="bbox 169 3710 1754 3785">
     <span class='ocr_line' id='line_1_67' title="bbox 169 3710 1754 3785; baseline -0.002 -19"><span class='ocrx_word' id='word_1_491' title='bbox 169 3716 400 3785; x_wconf 76' lang='grc' dir='ltr'>προσὸν,</span> <span class='ocrx_word' id='word_1_492' title='bbox 428 3714 502 3775; x_wconf 84' lang='grc' dir='ltr'>ὡς</span> <span class='ocrx_word' id='word_1_493' title='bbox 532 3712 831 3784; x_wconf 78' lang='grc' dir='ltr'>αὑξόμενόν</span> <span class='ocrx_word' id='word_1_494' title='bbox 869 3730 928 3766; x_wconf 87' lang='grc' dir='ltr'><strong>τε</strong></span> <span class='ocrx_word' id='word_1_495' title='bbox 978 3716 1072 3765; x_wconf 70' lang='grc' dir='ltr'><strong>καὶ</strong></span> <span class='ocrx_word' id='word_1_496' title='bbox 1103 3710 1422 3783; x_wconf 78' lang='grc' dir='ltr'>μειούμενον</span> <span class='ocrx_word' id='word_1_497' title='bbox 1454 3726 1467 3740; x_wconf 76' lang='grc'><strong><em>⁸</em></strong></span> <span class='ocrx_word' id='word_1_498' title='bbox 1506 3712 1754 3780; x_wconf 76' lang='grc' dir='ltr'>καθάπερ</span> 
     </span>
    </p>
   </div>
   <div class='ocr_carea' id='block_1_68' title="bbox 167 3801 1754 3874">
    <p class='ocr_par' dir='ltr' id='par_1_68' title="bbox 167 3801 1754 3874">
     <span class='ocr_line' id='line_1_68' title="bbox 167 3801 1754 3874; baseline 0 -20"><span class='ocrx_word' id='word_1_499' title='bbox 167 3804 232 3857; x_wconf 80' lang='grc' dir='ltr'>ὲν</span> <span class='ocrx_word' id='word_1_500' title='bbox 282 3805 350 3873; x_wconf 77' lang='grc' dir='ltr'>τῇ</span> <span class='ocrx_word' id='word_1_501' title='bbox 392 3803 583 3872; x_wconf 80' lang='grc' dir='ltr'>λογικῇ</span> <span class='ocrx_word' id='word_1_502' title='bbox 613 3802 758 3874; x_wconf 75' lang='grc' dir='ltr'><strong>ψυχῇ</strong></span> <span class='ocrx_word' id='word_1_503' title='bbox 791 3804 824 3872; x_wconf 81' lang='grc' dir='ltr'>ὴ</span> <span class='ocrx_word' id='word_1_504' title='bbox 854 3801 1073 3869; x_wconf 87' lang='grc' dir='ltr'>γνῶσις.</span> <span class='ocrx_word' id='word_1_505' title='bbox 1121 3801 1260 3853; x_wconf 77' lang='grc' dir='ltr'>Ἀλλ’</span> <span class='ocrx_word' id='word_1_506' title='bbox 1313 3801 1466 3852; x_wconf 81' lang='grc' dir='ltr'>οὐδὲν</span> <span class='ocrx_word' id='word_1_507' title='bbox 1512 3802 1754 3854; x_wconf 88' lang='grc' dir='ltr'>τοιοῦτον</span> 
     </span>
    </p>
   </div>
   <div class='ocr_carea' id='block_1_69' title="bbox 167 3890 1750 3962">
    <p class='ocr_par' dir='ltr' id='par_1_69' title="bbox 167 3890 1750 3962">
     <span class='ocr_line' id='line_1_69' title="bbox 167 3890 1750 3962; baseline -0.003 -17"><span class='ocrx_word' id='word_1_508' title='bbox 167 3895 233 3945; x_wconf 68' lang='grc' dir='ltr'>ὲν</span> <span class='ocrx_word' id='word_1_509' title='bbox 252 3894 330 3960; x_wconf 76' lang='grc' dir='ltr'>τῷ</span> <span class='ocrx_word' id='word_1_510' title='bbox 370 3893 508 3961; x_wconf 85' lang='grc' dir='ltr'>Θεῷ,</span> <span class='ocrx_word' id='word_1_511' title='bbox 542 3894 623 3945; x_wconf 81' lang='grc' dir='ltr'><strong>ὅτι</strong></span> <span class='ocrx_word' id='word_1_512' title='bbox 673 3893 735 3962; x_wconf 84' lang='grc' dir='ltr'>δὴ</span> <span class='ocrx_word' id='word_1_513' title='bbox 772 3892 1119 3944; x_wconf 85' lang='grc' dir='ltr'>παντάπασιν</span> <span class='ocrx_word' id='word_1_514' title='bbox 1155 3890 1533 3960; x_wconf 83' lang='grc' dir='ltr'>ἁμετάϐλητος</span> <span class='ocrx_word' id='word_1_515' title='bbox 1564 3892 1711 3958; x_wconf 86' lang='grc' dir='ltr'>μένει</span> <span class='ocrx_word' id='word_1_516' title='bbox 1740 3906 1750 3918; x_wconf 70' lang='grc' dir='ltr'><strong>ο</strong></span> 
     </span>
    </p>
   </div>
   <div class='ocr_carea' id='block_1_70' title="bbox 168 3970 1753 4053">
    <p class='ocr_par' dir='ltr' id='par_1_70' title="bbox 168 3970 1753 4053">
     <span class='ocr_line' id='line_1_70' title="bbox 168 3970 1753 4053; baseline -0.004 -17"><span class='ocrx_word' id='word_1_517' title='bbox 168 3983 242 4036; x_wconf 81' lang='grc' dir='ltr'>δι’</span> <span class='ocrx_word' id='word_1_518' title='bbox 274 3984 341 4053; x_wconf 75' lang='grc' dir='ltr'>ἣν</span> <span class='ocrx_word' id='word_1_519' title='bbox 376 3984 577 4048; x_wconf 74' lang='grc' dir='ltr'>αἰτίαν,</span> <span class='ocrx_word' id='word_1_520' title='bbox 614 3983 765 4034; x_wconf 82' lang='grc' dir='ltr'>οὐδὲν</span> <span class='ocrx_word' id='word_1_521' title='bbox 812 3970 959 4050; x_wconf 76' lang='grc' dir='ltr'>αῦτῷ</span> <span class='ocrx_word' id='word_1_522' title='bbox 997 3982 1139 4032; x_wconf 68' lang='grc' dir='ltr'>κατὰ</span> <span class='ocrx_word' id='word_1_523' title='bbox 1179 3978 1753 4048; x_wconf 82' lang='grc' dir='ltr'>συμϐεϐηκὸς.λέγοιτ’</span> 
     </span>
    </p>
   </div>
   <div class='ocr_carea' id='block_1_71' title="bbox 169 4056 1758 4144">
    <p class='ocr_par' dir='ltr' id='par_1_71' title="bbox 169 4056 1758 4144">
     <span class='ocr_line' id='line_1_71' title="bbox 169 4056 1758 4144; baseline -0.004 -16"><span class='ocrx_word' id='word_1_524' title='bbox 169 4075 266 4128; x_wconf 73' lang='grc' dir='ltr'><strong>ἄν.</strong></span> <span class='ocrx_word' id='word_1_525' title='bbox 298 4075 371 4126; x_wconf 82' lang='grc' dir='ltr'><strong>Οὐ</strong></span> <span class='ocrx_word' id='word_1_526' title='bbox 402 4076 509 4144; x_wconf 78' lang='grc' dir='ltr'><strong>μὴν</strong></span> <span class='ocrx_word' id='word_1_527' title='bbox 558 4077 664 4126; x_wconf 80' lang='grc' dir='ltr'>πᾶν</span> <span class='ocrx_word' id='word_1_528' title='bbox 704 4074 842 4142; x_wconf 84' lang='grc' dir='ltr'>ὅπερ</span> <span class='ocrx_word' id='word_1_529' title='bbox 878 4073 971 4124; x_wconf 71' lang='grc' dir='ltr'><strong>ἐπὶ</strong></span> <span class='ocrx_word' id='word_1_530' title='bbox 1010 4071 1146 4124; x_wconf 89' lang='grc' dir='ltr'>Θεοῦ</span> <span class='ocrx_word' id='word_1_531' title='bbox 1178 4072 1411 4140; x_wconf 80' lang='grc' dir='ltr'>λέγεται,</span> <span class='ocrx_word' id='word_1_532' title='bbox 1443 4056 1629 4125; x_wconf 70' lang='grc' dir='ltr'>οὐσίαν</span> <span class='ocrx_word' id='word_1_533' title='bbox 1661 4086 1758 4141; x_wconf 82' lang='grc' dir='ltr'>ση-</span> 
     </span>
    </p>
   </div>
   <div class='ocr_carea' id='block_1_72' title="bbox 174 4146 1837 4238">
    <p class='ocr_par' dir='ltr' id='par_1_72' title="bbox 174 4146 1837 4238">
     <span class='ocr_line' id='line_1_72' title="bbox 174 4146 1837 4238; baseline -0.004 -18"><span class='ocrx_word' id='word_1_534' title='bbox 174 4167 363 4238; x_wconf 77' lang='grc' dir='ltr'>μαίνει</span> <span class='ocrx_word' id='word_1_535' title='bbox 392 4184 407 4198; x_wconf 89' lang='grc'><strong>·</strong></span> <span class='ocrx_word' id='word_1_536' title='bbox 434 4167 657 4234; x_wconf 79' lang='grc' dir='ltr'>λέγεται</span> <span class='ocrx_word' id='word_1_537' title='bbox 690 4165 797 4235; x_wconf 81' lang='grc' dir='ltr'>γὰρ</span> <span class='ocrx_word' id='word_1_538' title='bbox 846 4163 940 4216; x_wconf 78' lang='grc' dir='ltr'>καὶ</span> <span class='ocrx_word' id='word_1_539' title='bbox 980 4163 1042 4216; x_wconf 91' lang='grc' dir='ltr'><strong>τὸ</strong></span> <span class='ocrx_word' id='word_1_540' title='bbox 1089 4146 1308 4237; x_wconf 61' lang='grc' dir='ltr'>πρριίτι</span> <span class='ocrx_word' id='word_1_541' title='bbox 1343 4179 1356 4193; x_wconf 76' lang='grc'><strong><em>⁸</em></strong></span> <span class='ocrx_word' id='word_1_542' title='bbox 1388 4165 1526 4234; x_wconf 80' lang='grc' dir='ltr'>ὅπερ</span> <span class='ocrx_word' id='word_1_543' title='bbox 1556 4167 1752 4231; x_wconf 78' lang='grc' dir='ltr'>ἀναφο·</span> <span class='ocrx_word' id='word_1_544' title='bbox 1832 4220 1837 4225; x_wconf 49' lang='grc'><strong>,</strong></span> 
     </span>
    </p>
   </div>
   <div class='ocr_carea' id='block_1_73' title="bbox 174 4254 1754 4330">
    <p class='ocr_par' dir='ltr' id='par_1_73' title="bbox 174 4254 1754 4330">
     <span class='ocr_line' id='line_1_73' title="bbox 174 4254 1754 4330; baseline -0.004 -18"><span class='ocrx_word' id='word_1_545' title='bbox 174 4259 333 4330; x_wconf 82' lang='grc' dir='ltr'>ρικόν</span> <span class='ocrx_word' id='word_1_546' title='bbox 357 4261 495 4322; x_wconf 75' lang='grc' dir='ltr'>ἑστι,</span> <span class='ocrx_word' id='word_1_547' title='bbox 527 4259 620 4310; x_wconf 77' lang='grc' dir='ltr'>καὶ</span> <span class='ocrx_word' id='word_1_548' title='bbox 650 4258 928 4324; x_wconf 77' lang='grc' dir='ltr'>ἀναφορᾶς</span> <span class='ocrx_word' id='word_1_549' title='bbox 964 4256 1099 4325; x_wconf 82' lang='grc' dir='ltr'>πρὸς</span> <span class='ocrx_word' id='word_1_550' title='bbox 1130 4255 1335 4324; x_wconf 75' lang='grc' dir='ltr'>ἕτερον,</span> <span class='ocrx_word' id='word_1_551' title='bbox 1371 4254 1483 4306; x_wconf 77' lang='grc' dir='ltr'>ἀλλ’</span> <span class='ocrx_word' id='word_1_552' title='bbox 1519 4256 1618 4306; x_wconf 76' lang='grc' dir='ltr'><strong>οὐκ</strong></span> <span class='ocrx_word' id='word_1_553' title='bbox 1664 4255 1754 4305; x_wconf 78' lang='grc' dir='ltr'>οὐ·</span> 
     </span>
    </p>
   </div>
   <div class='ocr_carea' id='block_1_74' title="bbox 176 4333 1756 4431">
    <p class='ocr_par' dir='ltr' id='par_1_74' title="bbox 176 4333 1756 4431">
     <span class='ocr_line' id='line_1_74' title="bbox 176 4333 1756 4431; baseline -0.003 -31"><span class='ocrx_word' id='word_1_554' title='bbox 176 4346 303 4409; x_wconf 81' lang='grc' dir='ltr'>σίας</span> <span class='ocrx_word' id='word_1_555' title='bbox 327 4333 641 4416; x_wconf 78' lang='grc' dir='ltr'>δηλωτικόν.</span> <span class='ocrx_word' id='word_1_556' title='bbox 671 4414 675 4418; x_wconf 87' lang='lat'>_</span> <span class='ocrx_word' id='word_1_557' title='bbox 701 4344 953 4398; x_wconf 80' lang='grc' dir='ltr'>Τοιοῦτόν</span> <span class='ocrx_word' id='word_1_558' title='bbox 1008 4347 1121 4397; x_wconf 75' lang='grc' dir='ltr'>ἐστι</span> <span class='ocrx_word' id='word_1_559' title='bbox 1173 4344 1266 4397; x_wconf 78' lang='grc' dir='ltr'>καὶ</span> <span class='ocrx_word' id='word_1_560' title='bbox 1293 4343 1483 4431; x_wconf 42' lang='grc' dir='ltr'>ήτθεία</span> <span class='ocrx_word' id='word_1_561' title='bbox 1512 4346 1756 4413; x_wconf 78' lang='grc' dir='ltr'>ἐνέργεια</span> 
     </span>
    </p>
   </div>
   <div class='ocr_carea' id='block_1_75' title="bbox 173 4430 1751 4506">
    <p class='ocr_par' dir='ltr' id='par_1_75' title="bbox 173 4430 1751 4506">
     <span class='ocr_line' id='line_1_75' title="bbox 173 4430 1751 4506; baseline -0.002 -18"><span class='ocrx_word' id='word_1_562' title='bbox 173 4437 276 4489; x_wconf 67' lang='grc' dir='ltr'><strong>ἐπὶ</strong></span> <span class='ocrx_word' id='word_1_563' title='bbox 300 4435 430 4488; x_wconf 89' lang='grc' dir='ltr'>Θεοῦ</span> <span class='ocrx_word' id='word_1_564' title='bbox 466 4450 480 4465; x_wconf 85' lang='lat'><strong>&#39;</strong></span> <span class='ocrx_word' id='word_1_565' title='bbox 511 4434 633 4487; x_wconf 71' lang='grc' dir='ltr'>οὔτε</span> <span class='ocrx_word' id='word_1_566' title='bbox 657 4432 775 4506; x_wconf 83' lang='grc' dir='ltr'>γὰρ’</span> <span class='ocrx_word' id='word_1_567' title='bbox 796 4435 953 4487; x_wconf 84' lang='grc' dir='ltr'>οὐσία</span> <span class='ocrx_word' id='word_1_568' title='bbox 993 4430 1160 4497; x_wconf 63' lang='grc' dir='ltr'>ἐστὶν,</span> <span class='ocrx_word' id='word_1_569' title='bbox 1206 4430 1337 4486; x_wconf 78' lang='grc' dir='ltr'>οὗτε</span> <span class='ocrx_word' id='word_1_570' title='bbox 1370 4434 1712 4503; x_wconf 86' lang='grc' dir='ltr'>συμϐεϐηκός</span> <span class='ocrx_word' id='word_1_571' title='bbox 1737 4450 1751 4464; x_wconf 77' lang='grc' dir='ltr'><strong>ο</strong></span> 
     </span>
    </p>
   </div>
   <div class='ocr_carea' id='block_1_76' title="bbox 1926 3401 3426 3476">
    <p class='ocr_par' dir='ltr' id='par_1_76' title="bbox 1926 3401 3426 3476">
     <span class='ocr_line' id='line_1_76' title="bbox 1926 3401 3426 3476; baseline -0.007 -11"><span class='ocrx_word' id='word_1_572' title='bbox 1926 3413 2043 3465; x_wconf 69' lang='lat'><strong>[27.</strong></span> <span class='ocrx_word' id='word_1_573' title='bbox 2092 3410 2359 3465; x_wconf 85' lang='lat' dir='ltr'><strong>Accidens</strong></span> <span class='ocrx_word' id='word_1_574' title='bbox 2392 3417 2488 3462; x_wconf 87' lang='lat' dir='ltr'><strong>est</strong></span> <span class='ocrx_word' id='word_1_575' title='bbox 2541 3406 2682 3476; x_wconf 89' lang='lat' dir='ltr'><strong>quod</strong></span> <span class='ocrx_word' id='word_1_576' title='bbox 2718 3404 2941 3459; x_wconf 72' lang='lat' dir='ltr'><strong>advenit</strong></span> <span class='ocrx_word' id='word_1_577' title='bbox 2976 3412 3031 3457; x_wconf 89' lang='lat' dir='ltr'><strong>et</strong></span> <span class='ocrx_word' id='word_1_578' title='bbox 3088 3403 3223 3463; x_wconf 86' lang='lat' dir='ltr'><strong>abit.</strong></span> <span class='ocrx_word' id='word_1_579' title='bbox 3280 3401 3426 3455; x_wconf 88' lang='lat' dir='ltr'><strong>unde</strong></span> 
     </span>
    </p>
   </div>
   <div class='ocr_carea' id='block_1_77' title="bbox 1850 3491 3429 3572">
    <p class='ocr_par' dir='ltr' id='par_1_77' title="bbox 1850 3491 3429 3572">
     <span class='ocr_line' id='line_1_77' title="bbox 1850 3491 3429 3572; baseline -0.008 -14"><span class='ocrx_word' id='word_1_580' title='bbox 1850 3501 2238 3572; x_wconf 88' lang='lat' dir='ltr'><strong>inseparabilia</strong></span> <span class='ocrx_word' id='word_1_581' title='bbox 2302 3500 2465 3554; x_wconf 86' lang='lat' dir='ltr'><strong>etiam</strong></span> <span class='ocrx_word' id='word_1_582' title='bbox 2530 3498 2837 3552; x_wconf 83' lang='lat' dir='ltr'><strong>accidentia</strong></span> <span class='ocrx_word' id='word_1_583' title='bbox 2890 3494 3276 3562; x_wconf 69' lang='lat' dir='ltr'><strong>intelligimus.</strong></span> <span class='ocrx_word' id='word_1_584' title='bbox 3334 3491 3429 3545; x_wconf 76' lang='lat' dir='ltr'><strong>Est</strong></span> 
     </span>
    </p>
   </div>
   <div class='ocr_carea' id='block_1_78' title="bbox 1853 3585 3429 3663">
    <p class='ocr_par' dir='ltr' id='par_1_78' title="bbox 1853 3585 3429 3663">
     <span class='ocr_line' id='line_1_78' title="bbox 1853 3585 3429 3663; baseline -0.009 -14"><span class='ocrx_word' id='word_1_585' title='bbox 1853 3598 2018 3651; x_wconf 88' lang='lat' dir='ltr'><strong>etiam</strong></span> <span class='ocrx_word' id='word_1_586' title='bbox 2074 3598 2310 3663; x_wconf 89' lang='lat' dir='ltr'><strong>quodam</strong></span> <span class='ocrx_word' id='word_1_587' title='bbox 2367 3591 2526 3645; x_wconf 90' lang='lat' dir='ltr'><strong>modo</strong></span> <span class='ocrx_word' id='word_1_588' title='bbox 2586 3591 2842 3645; x_wconf 85' lang='lat' dir='ltr'><strong>accidens</strong></span> <span class='ocrx_word' id='word_1_589' title='bbox 2898 3590 3044 3656; x_wconf 90' lang='lat' dir='ltr'><strong>quod</strong></span> <span class='ocrx_word' id='word_1_590' title='bbox 3102 3585 3429 3639; x_wconf 89' lang='lat' dir='ltr'><strong>naturaliter</strong></span> 
     </span>
    </p>
   </div>
   <div class='ocr_carea' id='block_1_79' title="bbox 1852 3679 3428 3757">
    <p class='ocr_par' dir='ltr' id='par_1_79' title="bbox 1852 3679 3428 3757">
     <span class='ocr_line' id='line_1_79' title="bbox 1852 3679 3428 3757; baseline -0.007 -15"><span class='ocrx_word' id='word_1_591' title='bbox 1852 3690 2016 3752; x_wconf 83' lang='lat' dir='ltr'><strong>inest,</strong></span> <span class='ocrx_word' id='word_1_592' title='bbox 2065 3689 2192 3757; x_wconf 87' lang='lat' dir='ltr'><strong>quia</strong></span> <span class='ocrx_word' id='word_1_593' title='bbox 2248 3696 2474 3755; x_wconf 88' lang='lat' dir='ltr'><strong>augetur</strong></span> <span class='ocrx_word' id='word_1_594' title='bbox 2527 3694 2583 3737; x_wconf 91' lang='lat' dir='ltr'><strong>et</strong></span> <span class='ocrx_word' id='word_1_595' title='bbox 2633 3682 2897 3740; x_wconf 74' lang='lat' dir='ltr'><strong>minuitur</strong></span> <span class='ocrx_word' id='word_1_596' title='bbox 2942 3680 3132 3733; x_wconf 88' lang='lat' dir='ltr'><strong>:sicnt</strong></span> <span class='ocrx_word' id='word_1_597' title='bbox 3165 3680 3215 3731; x_wconf 91' lang='lat' dir='ltr'><strong>in</strong></span> <span class='ocrx_word' id='word_1_598' title='bbox 3248 3679 3428 3731; x_wconf 82' lang='lat' dir='ltr'><strong>anima</strong></span> 
     </span>
    </p>
   </div>
   <div class='ocr_carea' id='block_1_80' title="bbox 1853 3767 3429 3835">
    <p class='ocr_par' dir='ltr' id='par_1_80' title="bbox 1853 3767 3429 3835">
     <span class='ocr_line' id='line_1_80' title="bbox 1853 3767 3429 3835; baseline -0.009 -2"><span class='ocrx_word' id='word_1_599' title='bbox 1853 3776 2103 3833; x_wconf 87' lang='lat' dir='ltr'><strong>rationali</strong></span> <span class='ocrx_word' id='word_1_600' title='bbox 2155 3778 2403 3832; x_wconf 82' lang='lat' dir='ltr'><strong>scientia.</strong></span> <span class='ocrx_word' id='word_1_601' title='bbox 2464 3774 2568 3829; x_wconf 89' lang='lat' dir='ltr'><strong>Sed</strong></span> <span class='ocrx_word' id='word_1_602' title='bbox 2606 3790 2713 3826; x_wconf 91' lang='lat' dir='ltr'><strong>non</strong></span> <span class='ocrx_word' id='word_1_603' title='bbox 2752 3774 2882 3827; x_wconf 90' lang='lat' dir='ltr'><strong>item</strong></span> <span class='ocrx_word' id='word_1_604' title='bbox 2941 3782 3025 3824; x_wconf 88' lang='lat' dir='ltr'><strong>est</strong></span> <span class='ocrx_word' id='word_1_605' title='bbox 3065 3770 3116 3823; x_wconf 89' lang='lat' dir='ltr'><strong>in</strong></span> <span class='ocrx_word' id='word_1_606' title='bbox 3170 3769 3304 3829; x_wconf 86' lang='lat' dir='ltr'><strong>Deo,</strong></span> <span class='ocrx_word' id='word_1_607' title='bbox 3337 3767 3429 3835; x_wconf 89' lang='lat' dir='ltr'><strong>qui</strong></span> 
     </span>
    </p>
   </div>
   <div class='ocr_carea' id='block_1_81' title="bbox 1852 3864 3428 3936">
    <p class='ocr_par' dir='ltr' id='par_1_81' title="bbox 1852 3864 3428 3936">
     <span class='ocr_line' id='line_1_81' title="bbox 1852 3864 3428 3936; baseline -0.011 -10"><span class='ocrx_word' id='word_1_608' title='bbox 1852 3869 2072 3927; x_wconf 90' lang='lat' dir='ltr'><strong>omnino</strong></span> <span class='ocrx_word' id='word_1_609' title='bbox 2123 3868 2474 3923; x_wconf 86' lang='lat' dir='ltr'><strong>immutabilis</strong></span> <span class='ocrx_word' id='word_1_610' title='bbox 2522 3876 2800 3936; x_wconf 87' lang='lat' dir='ltr'><strong>permanet</strong></span> <span class='ocrx_word' id='word_1_611' title='bbox 2852 3880 2865 3918; x_wconf 89' lang='lat'><strong>:</strong></span> <span class='ocrx_word' id='word_1_612' title='bbox 2904 3877 3067 3931; x_wconf 84' lang='lat' dir='ltr'><strong>quam</strong></span> <span class='ocrx_word' id='word_1_613' title='bbox 3102 3864 3170 3912; x_wconf 82' lang='lat' dir='ltr'><strong>ob</strong></span> <span class='ocrx_word' id='word_1_614' title='bbox 3206 3874 3428 3912; x_wconf 65' lang='lat' dir='ltr'><strong>causam</strong></span> 
     </span>
    </p>
   </div>
   <div class='ocr_carea' id='block_1_82' title="bbox 1855 3949 3432 4027">
    <p class='ocr_par' dir='ltr' id='par_1_82' title="bbox 1855 3949 3432 4027">
     <span class='ocr_line' id='line_1_82' title="bbox 1855 3949 3432 4027; baseline -0.011 -10"><span class='ocrx_word' id='word_1_615' title='bbox 1855 3965 1987 4019; x_wconf 86' lang='lat' dir='ltr'><strong>nihil</strong></span> <span class='ocrx_word' id='word_1_616' title='bbox 2037 3964 2091 4017; x_wconf 91' lang='lat' dir='ltr'><strong>in</strong></span> <span class='ocrx_word' id='word_1_617' title='bbox 2123 3978 2187 4017; x_wconf 89' lang='lat' dir='ltr'><strong>eo</strong></span> <span class='ocrx_word' id='word_1_618' title='bbox 2218 3958 2472 4027; x_wconf 74' lang='lat' dir='ltr'><strong>accidens</strong></span> <span class='ocrx_word' id='word_1_619' title='bbox 2508 3960 2611 4014; x_wconf 90' lang='lat' dir='ltr'><strong>dici</strong></span> <span class='ocrx_word' id='word_1_620' title='bbox 2647 3956 2855 4027; x_wconf 69' lang='lat' dir='ltr'><strong>potest.</strong></span> <span class='ocrx_word' id='word_1_621' title='bbox 2885 3954 3000 4008; x_wconf 83' lang='lat' dir='ltr'><strong>Non</strong></span> <span class='ocrx_word' id='word_1_622' title='bbox 3042 3964 3221 4004; x_wconf 86' lang='lat' dir='ltr'><strong>tamen</strong></span> <span class='ocrx_word' id='word_1_623' title='bbox 3259 3949 3432 4017; x_wconf 88' lang='lat' dir='ltr'><strong>quod-</strong></span> 
     </span>
    </p>
   </div>
   <div class='ocr_carea' id='block_1_83' title="bbox 1853 4044 3429 4123">
    <p class='ocr_par' dir='ltr' id='par_1_83' title="bbox 1853 4044 3429 4123">
     <span class='ocr_line' id='line_1_83' title="bbox 1853 4044 3429 4123; baseline -0.012 -14"><span class='ocrx_word' id='word_1_624' title='bbox 1853 4069 2073 4123; x_wconf 80' lang='lat' dir='ltr'><strong>cunque</strong></span> <span class='ocrx_word' id='word_1_625' title='bbox 2123 4054 2187 4107; x_wconf 90' lang='lat' dir='ltr'><strong>de</strong></span> <span class='ocrx_word' id='word_1_626' title='bbox 2224 4053 2332 4105; x_wconf 90' lang='lat' dir='ltr'><strong>Deo</strong></span> <span class='ocrx_word' id='word_1_627' title='bbox 2378 4050 2600 4111; x_wconf 86' lang='lat' dir='ltr'><strong>dicitur,</strong></span> <span class='ocrx_word' id='word_1_628' title='bbox 2631 4046 2929 4102; x_wconf 87' lang='lat' dir='ltr'><strong>essentiam</strong></span> <span class='ocrx_word' id='word_1_629' title='bbox 2989 4044 3273 4109; x_wconf 73' lang='lat' dir='ltr'><strong>designat;</strong></span> <span class='ocrx_word' id='word_1_630' title='bbox 3308 4056 3429 4092; x_wconf 88' lang='lat' dir='ltr'><strong>nam</strong></span> 
     </span>
    </p>
   </div>
   <div class='ocr_carea' id='block_1_84' title="bbox 1854 4130 3433 4207">
    <p class='ocr_par' dir='ltr' id='par_1_84' title="bbox 1854 4130 3433 4207">
     <span class='ocr_line' id='line_1_84' title="bbox 1854 4130 3433 4207; baseline -0.013 -8"><span class='ocrx_word' id='word_1_631' title='bbox 1854 4146 2048 4199; x_wconf 89' lang='lat' dir='ltr'><strong>dicitur</strong></span> <span class='ocrx_word' id='word_1_632' title='bbox 2077 4144 2239 4197; x_wconf 89' lang='lat' dir='ltr'><strong>etiam</strong></span> <span class='ocrx_word' id='word_1_633' title='bbox 2274 4141 2417 4207; x_wconf 87' lang='lat' dir='ltr'><strong>quod</strong></span> <span class='ocrx_word' id='word_1_634' title='bbox 2444 4150 2528 4194; x_wconf 88' lang='lat' dir='ltr'><strong>est</strong></span> <span class='ocrx_word' id='word_1_635' title='bbox 2560 4139 2625 4191; x_wconf 90' lang='lat' dir='ltr'><strong>ad</strong></span> <span class='ocrx_word' id='word_1_636' title='bbox 2656 4136 2879 4204; x_wconf 86' lang='lat' dir='ltr'><strong>aliquid,</strong></span> <span class='ocrx_word' id='word_1_637' title='bbox 2923 4144 2978 4187; x_wconf 87' lang='lat' dir='ltr'><strong>et</strong></span> <span class='ocrx_word' id='word_1_638' title='bbox 3028 4134 3172 4200; x_wconf 84' lang='lat' dir='ltr'><strong>quod</strong></span> <span class='ocrx_word' id='word_1_639' title='bbox 3207 4130 3433 4199; x_wconf 88' lang='lat' dir='ltr'><strong>proinde</strong></span> 
     </span>
    </p>
   </div>
   <div class='ocr_carea' id='block_1_85' title="bbox 1858 4225 3433 4299">
    <p class='ocr_par' dir='ltr' id='par_1_85' title="bbox 1858 4225 3433 4299">
     <span class='ocr_line' id='line_1_85' title="bbox 1858 4225 3433 4299; baseline -0.011 -8"><span class='ocrx_word' id='word_1_640' title='bbox 1858 4237 2141 4292; x_wconf 86' lang='lat' dir='ltr'><strong>relativum</strong></span> <span class='ocrx_word' id='word_1_641' title='bbox 2201 4245 2305 4299; x_wconf 85' lang='lat' dir='ltr'><strong>est,</strong></span> <span class='ocrx_word' id='word_1_642' title='bbox 2361 4244 2415 4287; x_wconf 87' lang='lat' dir='ltr'><strong>et</strong></span> <span class='ocrx_word' id='word_1_643' title='bbox 2462 4231 2782 4285; x_wconf 86' lang='lat' dir='ltr'><strong>relationem</strong></span> <span class='ocrx_word' id='word_1_644' title='bbox 2840 4228 2904 4280; x_wconf 88' lang='lat' dir='ltr'><strong>ad</strong></span> <span class='ocrx_word' id='word_1_645' title='bbox 2952 4225 3120 4288; x_wconf 87' lang='lat' dir='ltr'><strong>aliud,</strong></span> <span class='ocrx_word' id='word_1_646' title='bbox 3158 4238 3262 4276; x_wconf 90' lang='lat' dir='ltr'><strong>non</strong></span> <span class='ocrx_word' id='word_1_647' title='bbox 3306 4238 3433 4274; x_wconf 88' lang='lat' dir='ltr'><strong>vero</strong></span> 
     </span>
    </p>
   </div>
   <div class='ocr_carea' id='block_1_86' title="bbox 1854 4315 3433 4392">
    <p class='ocr_par' dir='ltr' id='par_1_86' title="bbox 1854 4315 3433 4392">
     <span class='ocr_line' id='line_1_86' title="bbox 1854 4315 3433 4392; baseline -0.011 -8"><span class='ocrx_word' id='word_1_648' title='bbox 1854 4328 2149 4383; x_wconf 87' lang='lat' dir='ltr'><strong>essentiam</strong></span> <span class='ocrx_word' id='word_1_649' title='bbox 2199 4326 2421 4380; x_wconf 90' lang='lat' dir='ltr'><strong>indicat.</strong></span> <span class='ocrx_word' id='word_1_650' title='bbox 2469 4320 2790 4392; x_wconf 71' lang='lat' dir='ltr'><strong>Huiusmodi</strong></span> <span class='ocrx_word' id='word_1_651' title='bbox 2843 4328 2927 4373; x_wconf 89' lang='lat' dir='ltr'><strong>est</strong></span> <span class='ocrx_word' id='word_1_652' title='bbox 2989 4319 3039 4371; x_wconf 93' lang='lat' dir='ltr'><strong>in</strong></span> <span class='ocrx_word' id='word_1_653' title='bbox 3096 4316 3206 4370; x_wconf 90' lang='lat' dir='ltr'><strong>Deo</strong></span> <span class='ocrx_word' id='word_1_654' title='bbox 3250 4315 3433 4368; x_wconf 80' lang='lat' dir='ltr'><strong>divina</strong></span> 
     </span>
    </p>
   </div>
   <div class='ocr_carea' id='block_1_87' title="bbox 1854 4408 3432 4490">
    <p class='ocr_par' dir='ltr' id='par_1_87' title="bbox 1854 4408 3432 4490">
     <span class='ocr_line' id='line_1_87' title="bbox 1854 4408 3432 4490; baseline -0.009 -17"><span class='ocrx_word' id='word_1_655' title='bbox 1854 4420 2132 4490; x_wconf 75' lang='lat' dir='ltr'><strong>Operatio;</strong></span> <span class='ocrx_word' id='word_1_656' title='bbox 2178 4432 2300 4469; x_wconf 86' lang='lat' dir='ltr'><strong>nam</strong></span> <span class='ocrx_word' id='word_1_657' title='bbox 2335 4430 2511 4483; x_wconf 90' lang='lat' dir='ltr'><strong>neque</strong></span> <span class='ocrx_word' id='word_1_658' title='bbox 2532 4412 2772 4467; x_wconf 84' lang='lat' dir='ltr'><strong>essentia</strong></span> <span class='ocrx_word' id='word_1_659' title='bbox 2809 4420 2912 4471; x_wconf 86' lang='lat' dir='ltr'><strong>est.</strong></span> <span class='ocrx_word' id='word_1_660' title='bbox 2948 4424 3121 4477; x_wconf 80' lang='lat' dir='ltr'><strong>neque</strong></span> <span class='ocrx_word' id='word_1_661' title='bbox 3155 4408 3432 4468; x_wconf 87' lang='lat' dir='ltr'><strong>accidens,</strong></span> 
     </span>
    </p>
   </div>
   <div class='ocr_carea' id='block_1_88' title="bbox 146 4499 1749 4597">
    <p class='ocr_par' dir='ltr' id='par_1_88' title="bbox 146 4499 1749 4597">
     <span class='ocr_line' id='line_1_88' title="bbox 146 4499 1749 4597; baseline -0.001 -18"><span class='ocrx_word' id='word_1_662' title='bbox 146 4513 228 4579; x_wconf 75' lang='grc' dir='ltr'>εἰ</span> <span class='ocrx_word' id='word_1_663' title='bbox 254 4526 348 4579; x_wconf 78' lang='grc' dir='ltr'>καὶ</span> <span class='ocrx_word' id='word_1_664' title='bbox 382 4499 889 4597; x_wconf 40' lang='grc' dir='ltr'>συμϐεϐηκὸς-πώς,</span> <span class='ocrx_word' id='word_1_665' title='bbox 917 4528 1030 4578; x_wconf 79' lang='grc' dir='ltr'>ἐστι</span> <span class='ocrx_word' id='word_1_666' title='bbox 1069 4525 1198 4595; x_wconf 87' lang='grc' dir='ltr'>παρ’</span> <span class='ocrx_word' id='word_1_667' title='bbox 1237 4520 1310 4578; x_wconf 80' lang='grc' dir='ltr'><strong>ῶν</strong></span> <span class='ocrx_word' id='word_1_668' title='bbox 1345 4499 1612 4589; x_wconf 67' lang='grc' dir='ltr'>καλεῖται,</span> <span class='ocrx_word' id='word_1_669' title='bbox 1643 4526 1749 4578; x_wconf 78' lang='lat' dir='ltr'><strong>Oeo-</strong></span> 
     </span>
    </p>
   </div>
   <div class='ocr_carea' id='block_1_89' title="bbox 1844 4499 3437 4597">
    <p class='ocr_par' dir='ltr' id='par_1_89' title="bbox 1853 4499 3437 4581">
     <span class='ocr_line' id='line_1_89' title="bbox 1853 4499 3437 4581; baseline -0.011 -17"><span class='ocrx_word' id='word_1_670' title='bbox 1853 4512 2102 4581; x_wconf 86' lang='lat' dir='ltr'><strong>quamvis</strong></span> <span class='ocrx_word' id='word_1_671' title='bbox 2118 4508 2517 4577; x_wconf 86' lang='lat' dir='ltr'><strong>quodammodo</strong></span> <span class='ocrx_word' id='word_1_672' title='bbox 2549 4504 2807 4556; x_wconf 88' lang='lat' dir='ltr'><strong>accidens</strong></span> <span class='ocrx_word' id='word_1_673' title='bbox 2824 4518 2852 4554; x_wconf 87' lang='lat' dir='ltr'><strong>a</strong></span> <span class='ocrx_word' id='word_1_674' title='bbox 2870 4499 3193 4569; x_wconf 78' lang='lat' dir='ltr'><strong>quibusdam</strong></span> <span class='ocrx_word' id='word_1_675' title='bbox 3210 4509 3437 4549; x_wconf 78' lang='lat' dir='ltr'><strong>vocetur</strong></span> 
     </span>
    </p>
   </div>
   <div class='ocr_carea' id='block_1_90' title="bbox 174 4616 1752 4689">
    <p class='ocr_par' dir='ltr' id='par_1_90' title="bbox 174 4616 1752 4689">
     <span class='ocr_line' id='line_1_90' title="bbox 174 4616 1752 4689; baseline -0.001 -18"><span class='ocrx_word' id='word_1_676' title='bbox 174 4619 353 4686; x_wconf 76' lang='grc' dir='ltr'>λόγων</span> <span class='ocrx_word' id='word_1_677' title='bbox 378 4617 701 4671; x_wconf 77' lang='grc' dir='ltr'>δεικνύντων</span> <span class='ocrx_word' id='word_1_678' title='bbox 727 4619 884 4671; x_wconf 84' lang='grc' dir='ltr'>τοῦτο</span> <span class='ocrx_word' id='word_1_679' title='bbox 914 4618 1095 4689; x_wconf 84' lang='grc' dir='ltr'>μόνον,</span> <span class='ocrx_word' id='word_1_680' title='bbox 1130 4619 1211 4671; x_wconf 83' lang='grc' dir='ltr'><strong>ὃτι</strong></span> <span class='ocrx_word' id='word_1_681' title='bbox 1248 4619 1399 4671; x_wconf 71' lang='grc' dir='ltr'>ἐστιν</span> <span class='ocrx_word' id='word_1_682' title='bbox 1427 4620 1483 4671; x_wconf 79' lang='grc' dir='ltr'>ὲν</span> <span class='ocrx_word' id='word_1_683' title='bbox 1511 4621 1587 4687; x_wconf 86' lang='grc' dir='ltr'>τῷ</span> <span class='ocrx_word' id='word_1_684' title='bbox 1613 4616 1752 4688; x_wconf 83' lang='grc' dir='ltr'>Θεῷ,</span> 
     </span>
    </p>
   </div>
   <div class='ocr_carea' id='block_1_91' title="bbox 177 4709 780 4764">
    <p class='ocr_par' dir='ltr' id='par_1_91' title="bbox 177 4709 780 4764">
     <span class='ocr_line' id='line_1_91' title="bbox 177 4709 780 4764; baseline 0 -1"><span class='ocrx_word' id='word_1_685' title='bbox 177 4709 277 4764; x_wconf 76' lang='grc' dir='ltr'><strong>καὶ</strong></span> <span class='ocrx_word' id='word_1_686' title='bbox 302 4709 456 4761; x_wconf 83' lang='grc' dir='ltr'>οὐσία</span> <span class='ocrx_word' id='word_1_687' title='bbox 477 4710 579 4761; x_wconf 76' lang='grc' dir='ltr'><strong>οὐκ</strong></span> <span class='ocrx_word' id='word_1_688' title='bbox 609 4709 780 4763; x_wconf 77' lang='grc' dir='ltr'>ἔστιν.</span> 
     </span>
    </p>
   </div>
   <div class='ocr_carea' id='block_1_92' title="bbox 205 4788 1759 4875">
    <p class='ocr_par' dir='ltr' id='par_1_92' title="bbox 205 4788 1759 4875">
     <span class='ocr_line' id='line_1_92' title="bbox 205 4788 1759 4875; baseline 0.001 -24"><span class='ocrx_word' id='word_1_689' title='bbox 205 4788 213 4797; x_wconf 74' lang='grc'><em>’</em></span> <span class='ocrx_word' id='word_1_690' title='bbox 254 4806 398 4871; x_wconf 83' lang='grc' dir='ltr'>ρκη’.</span> <span class='ocrx_word' id='word_1_691' title='bbox 454 4801 574 4852; x_wconf 87' lang='grc' dir='ltr'>Ἔτι</span> <span class='ocrx_word' id='word_1_692' title='bbox 630 4801 663 4875; x_wconf 77' lang='grc' dir='ltr'><strong>ἡ</strong></span> <span class='ocrx_word' id='word_1_693' title='bbox 720 4801 841 4853; x_wconf 87' lang='grc' dir='ltr'>θεία</span> <span class='ocrx_word' id='word_1_694' title='bbox 890 4801 1160 4871; x_wconf 77' lang='grc' dir='ltr'>ἐνέργεια,</span> <span class='ocrx_word' id='word_1_695' title='bbox 1202 4802 1250 4852; x_wconf 87' lang='grc' dir='ltr'><strong>εί</strong></span> <span class='ocrx_word' id='word_1_696' title='bbox 1286 4800 1379 4853; x_wconf 75' lang='grc' dir='ltr'><strong>καὶ</strong></span> <span class='ocrx_word' id='word_1_697' title='bbox 1416 4799 1759 4872; x_wconf 81' lang='grc' dir='ltr'>συμϐεϐηκός</span> 
     </span>
    </p>
   </div>
   <div class='ocr_carea' id='block_1_93' title="bbox 179 4890 1761 4961">
    <p class='ocr_par' dir='ltr' id='par_1_93' title="bbox 179 4890 1761 4961">
     <span class='ocr_line' id='line_1_93' title="bbox 179 4890 1761 4961; baseline -0.001 -17"><span class='ocrx_word' id='word_1_698' title='bbox 179 4894 331 4944; x_wconf 66' lang='grc' dir='ltr'>ἔστιν</span> <span class='ocrx_word' id='word_1_699' title='bbox 370 4892 515 4953; x_wconf 84' lang='grc' dir='ltr'>ὅπως</span> <span class='ocrx_word' id='word_1_700' title='bbox 549 4890 787 4959; x_wconf 86' lang='grc' dir='ltr'>λέγεται,</span> <span class='ocrx_word' id='word_1_701' title='bbox 840 4891 953 4945; x_wconf 81' lang='grc' dir='ltr'><strong>ἀλλ’</strong></span> <span class='ocrx_word' id='word_1_702' title='bbox 998 4891 1344 4961; x_wconf 82' lang='grc' dir='ltr'>ὲνθεωρετται</span> <span class='ocrx_word' id='word_1_703' title='bbox 1382 4890 1461 4961; x_wconf 83' lang='grc' dir='ltr'><strong>τῷ</strong></span> <span class='ocrx_word' id='word_1_704' title='bbox 1494 4892 1633 4956; x_wconf 76' lang='grc' dir='ltr'>Θεῷ,</span> <span class='ocrx_word' id='word_1_705' title='bbox 1664 4891 1761 4944; x_wconf 78' lang='grc' dir='ltr'>καὶ</span> 
     </span>
    </p>
   </div>
   <div class='ocr_carea' id='block_1_94' title="bbox 182 4974 1760 5052">
    <p class='ocr_par' dir='ltr' id='par_1_94' title="bbox 182 4974 1760 5052">
     <span class='ocr_line' id='line_1_94' title="bbox 182 4974 1760 5052; baseline -0.001 -17"><span class='ocrx_word' id='word_1_706' title='bbox 182 4980 433 5035; x_wconf 74' lang='grc' dir='ltr'>σύνθεσιν</span> <span class='ocrx_word' id='word_1_707' title='bbox 464 4982 565 5032; x_wconf 84' lang='grc' dir='ltr'><strong>οὐκ</strong></span> <span class='ocrx_word' id='word_1_708' title='bbox 596 4982 833 5050; x_wconf 79' lang='grc' dir='ltr'>ἐμποιεῖ.</span> <span class='ocrx_word' id='word_1_709' title='bbox 875 4974 982 5033; x_wconf 72' lang='lat' dir='ltr'><strong>Kell.</strong></span> <span class='ocrx_word' id='word_1_710' title='bbox 1017 4980 1315 5052; x_wconf 80' lang='grc' dir='ltr'>Γρηγόριος</span> <span class='ocrx_word' id='word_1_711' title='bbox 1368 4984 1396 5032; x_wconf 91' lang='lat'><strong>6</strong></span> <span class='ocrx_word' id='word_1_712' title='bbox 1445 4984 1544 5051; x_wconf 80' lang='grc' dir='ltr'>τῆς</span> <span class='ocrx_word' id='word_1_713' title='bbox 1591 4981 1760 5033; x_wconf 85' lang='grc' dir='ltr'>Θεολο-</span> 
     </span>
    </p>
   </div>
   <div class='ocr_carea' id='block_1_95' title="bbox 180 5052 1759 5140">
    <p class='ocr_par' dir='ltr' id='par_1_95' title="bbox 180 5052 1759 5140">
     <span class='ocr_line' id='line_1_95' title="bbox 180 5052 1759 5140; baseline 0 -17"><span class='ocrx_word' id='word_1_714' title='bbox 180 5072 310 5139; x_wconf 80' lang='grc' dir='ltr'>γίας</span> <span class='ocrx_word' id='word_1_715' title='bbox 349 5069 655 5139; x_wconf 74' lang='grc' dir='ltr'>ἐπώνυμος,</span> <span class='ocrx_word' id='word_1_716' title='bbox 699 5071 926 5140; x_wconf 68' lang='grc' dir='ltr'>γράφων</span> <span class='ocrx_word' id='word_1_717' title='bbox 973 5071 1102 5140; x_wconf 72' lang='grc' dir='ltr'>περὶ</span> <span class='ocrx_word' id='word_1_718' title='bbox 1136 5069 1229 5122; x_wconf 84' lang='grc' dir='ltr'><strong>τοῦ</strong></span> <span class='ocrx_word' id='word_1_719' title='bbox 1258 5052 1412 5137; x_wconf 72' lang='grc' dir='ltr'>άγίου</span> <span class='ocrx_word' id='word_1_720' title='bbox 1447 5069 1759 5140; x_wconf 82' lang='grc' dir='ltr'>Πνεύματος</span> 
     </span>
    </p>
   </div>
   <div class='ocr_carea' id='block_1_96' title="bbox 184 5150 1757 5234">
    <p class='ocr_par' dir='ltr' id='par_1_96' title="bbox 184 5150 1757 5234">
     <span class='ocr_line' id='line_1_96' title="bbox 184 5150 1757 5234; baseline 0.001 -21"><span class='ocrx_word' id='word_1_721' title='bbox 184 5162 334 5234; x_wconf 68' lang='grc' dir='ltr'>ἡμᾶς</span> <span class='ocrx_word' id='word_1_722' title='bbox 363 5161 651 5223; x_wconf 47' lang='grc' dir='ltr'>διδάσκει)</span> <span class='ocrx_word' id='word_1_723' title='bbox 695 5150 766 5213; x_wconf 83' lang='grc' dir='ltr'>Τὸ</span> <span class='ocrx_word' id='word_1_724' title='bbox 813 5160 1038 5229; x_wconf 86' lang='grc' dir='ltr'>Πνεῦμα</span> <span class='ocrx_word' id='word_1_725' title='bbox 1067 5162 1209 5231; x_wconf 86' lang='grc' dir='ltr'>,γὰρ,</span> <span class='ocrx_word' id='word_1_726' title='bbox 1271 5161 1425 5230; x_wconf 74' lang='grc' dir='ltr'>φησὶ,</span> <span class='ocrx_word' id='word_1_727' title='bbox 1477 5161 1536 5215; x_wconf 85' lang='grc' dir='ltr'><strong>τὸ</strong></span> <span class='ocrx_word' id='word_1_728' title='bbox 1583 5162 1757 5229; x_wconf 77' lang='grc' dir='ltr'>ἅγιον,</span> 
     </span>
    </p>
   </div>
   <div class='ocr_carea' id='block_1_97' title="bbox 185 5249 1763 5323">
    <p class='ocr_par' dir='ltr' id='par_1_97' title="bbox 185 5249 1763 5323">
     <span class='ocr_line' id='line_1_97' title="bbox 185 5249 1763 5323; baseline 0.001 -20"><span class='ocrx_word' id='word_1_729' title='bbox 185 5252 221 5323; x_wconf 76' lang='grc' dir='ltr'>ἢ</span> <span class='ocrx_word' id='word_1_730' title='bbox 241 5249 350 5303; x_wconf 85' lang='grc' dir='ltr'><strong>τῶν</strong></span> <span class='ocrx_word' id='word_1_731' title='bbox 371 5250 491 5304; x_wconf 80' lang='grc' dir='ltr'>καθ’</span> <span class='ocrx_word' id='word_1_732' title='bbox 512 5251 673 5304; x_wconf 79' lang='grc' dir='ltr'>ἑαυτὸ</span> <span class='ocrx_word' id='word_1_733' title='bbox 702 5251 1086 5322; x_wconf 69' lang='grc' dir='ltr'>ὑφεστηκότων</span> <span class='ocrx_word' id='word_1_734' title='bbox 1123 5253 1300 5314; x_wconf 70' lang='grc' dir='ltr'>ἐστὶν,</span> <span class='ocrx_word' id='word_1_735' title='bbox 1321 5253 1353 5322; x_wconf 83' lang='grc' dir='ltr'>ἢ</span> <span class='ocrx_word' id='word_1_736' title='bbox 1378 5251 1483 5305; x_wconf 88' lang='grc' dir='ltr'><strong>τῶν</strong></span> <span class='ocrx_word' id='word_1_737' title='bbox 1503 5254 1564 5305; x_wconf 79' lang='grc' dir='ltr'><strong>ἐν</strong></span> <span class='ocrx_word' id='word_1_738' title='bbox 1592 5253 1763 5323; x_wconf 78' lang='grc' dir='ltr'>ἑτέρῳ</span> 
     </span>
    </p>
   </div>
   <div class='ocr_carea' id='block_1_98' title="bbox 186 5333 1763 5409">
    <p class='ocr_par' dir='ltr' id='par_1_98' title="bbox 186 5333 1763 5409">
     <span class='ocr_line' id='line_1_98' title="bbox 186 5333 1763 5409; baseline -0.004 -14"><span class='ocrx_word' id='word_1_739' title='bbox 186 5341 579 5409; x_wconf 78' lang='grc' dir='ltr'>θεωρουμένων</span> <span class='ocrx_word' id='word_1_740' title='bbox 602 5357 616 5371; x_wconf 73' lang='grc' dir='ltr'><strong>ο</strong></span> <span class='ocrx_word' id='word_1_741' title='bbox 649 5333 723 5394; x_wconf 84' lang='grc' dir='ltr'>ὧν</span> <span class='ocrx_word' id='word_1_742' title='bbox 758 5342 818 5392; x_wconf 89' lang='grc' dir='ltr'><strong>τὸ</strong></span> <span class='ocrx_word' id='word_1_743' title='bbox 848 5339 945 5409; x_wconf 80' lang='grc' dir='ltr'>μὲν</span> <span class='ocrx_word' id='word_1_744' title='bbox 977 5340 1163 5391; x_wconf 76' lang='grc' dir='ltr'>οὐσίαν</span> <span class='ocrx_word' id='word_1_745' title='bbox 1214 5338 1472 5392; x_wconf 83' lang='grc' dir='ltr'>καλοῦσιν</span> <span class='ocrx_word' id='word_1_746' title='bbox 1525 5341 1574 5392; x_wconf 81' lang='grc' dir='ltr'>οἱ</span> <span class='ocrx_word' id='word_1_747' title='bbox 1633 5342 1763 5408; x_wconf 75' lang='grc' dir='ltr'>περὶ</span> 
     </span>
    </p>
   </div>
   <div class='ocr_carea' id='block_1_99' title="bbox 187 5428 1760 5499">
    <p class='ocr_par' dir='ltr' id='par_1_99' title="bbox 187 5428 1760 5499">
     <span class='ocr_line' id='line_1_99' title="bbox 187 5428 1760 5499; baseline -0.001 -16"><span class='ocrx_word' id='word_1_748' title='bbox 187 5429 367 5483; x_wconf 83' lang='grc' dir='ltr'>ταῦτα·</span> <span class='ocrx_word' id='word_1_749' title='bbox 389 5428 571 5493; x_wconf 75' lang='grc' dir='ltr'>δεινοὶ,</span> <span class='ocrx_word' id='word_1_750' title='bbox 597 5430 655 5481; x_wconf 81' lang='grc' dir='ltr'><strong>τὸ</strong></span> <span class='ocrx_word' id='word_1_751' title='bbox 674 5430 732 5482; x_wconf 76' lang='grc' dir='ltr'>δὲ</span> <span class='ocrx_word' id='word_1_752' title='bbox 758 5429 1124 5499; x_wconf 81' lang='grc' dir='ltr'>συμϐεϐηκός.</span> <span class='ocrx_word' id='word_1_753' title='bbox 1150 5430 1210 5481; x_wconf 87' lang='grc' dir='ltr'><strong>Εἰ</strong></span> <span class='ocrx_word' id='word_1_754' title='bbox 1232 5428 1361 5495; x_wconf 82' lang='grc' dir='ltr'>γοῦν</span> <span class='ocrx_word' id='word_1_755' title='bbox 1392 5429 1760 5498; x_wconf 82' lang='grc' dir='ltr'>συμϐέϐηκεν,</span> 
     </span>
    </p>
   </div>
   <div class='ocr_carea' id='block_1_100' title="bbox 187 5508 1761 5591">
    <p class='ocr_par' dir='ltr' id='par_1_100' title="bbox 187 5508 1761 5591">
     <span class='ocr_line' id='line_1_100' title="bbox 187 5508 1761 5591; baseline -0.001 -17"><span class='ocrx_word' id='word_1_756' title='bbox 187 5521 438 5589; x_wconf 77' lang='grc' dir='ltr'>ἐνέργεια</span> <span class='ocrx_word' id='word_1_757' title='bbox 472 5521 616 5573; x_wconf 86' lang='grc' dir='ltr'>τοῦτ’</span> <span class='ocrx_word' id='word_1_758' title='bbox 646 5522 711 5574; x_wconf 85' lang='grc' dir='ltr'><strong>ἂν</strong></span> <span class='ocrx_word' id='word_1_759' title='bbox 755 5508 843 5589; x_wconf 59' lang='grc' dir='ltr'>εἴη</span> <span class='ocrx_word' id='word_1_760' title='bbox 893 5521 985 5572; x_wconf 88' lang='grc' dir='ltr'><strong>τοῦ</strong></span> <span class='ocrx_word' id='word_1_761' title='bbox 1035 5520 1168 5573; x_wconf 88' lang='grc' dir='ltr'>Θεοῦ</span> <span class='ocrx_word' id='word_1_762' title='bbox 1197 5538 1208 5549; x_wconf 89' lang='grc'><strong>·</strong></span> <span class='ocrx_word' id='word_1_763' title='bbox 1242 5522 1292 5572; x_wconf 79' lang='grc' dir='ltr'><strong>τί</strong></span> <span class='ocrx_word' id='word_1_764' title='bbox 1326 5522 1434 5589; x_wconf 80' lang='grc' dir='ltr'><strong>γὰρ</strong></span> <span class='ocrx_word' id='word_1_765' title='bbox 1466 5521 1688 5591; x_wconf 74' lang='grc' dir='ltr'>ἓτερον;</span> <span class='ocrx_word' id='word_1_766' title='bbox 1729 5522 1761 5591; x_wconf 82' lang='grc' dir='ltr'>ἢ</span> 
     </span>
    </p>
   </div>
   <div class='ocr_carea' id='block_1_101' title="bbox 187 5613 1762 5691">
    <p class='ocr_par' dir='ltr' id='par_1_101' title="bbox 187 5613 1762 5691">
     <span class='ocr_line' id='line_1_101' title="bbox 187 5613 1762 5691; baseline -0.001 -25"><span class='ocrx_word' id='word_1_767' title='bbox 187 5614 380 5691; x_wconf 80' lang='grc' dir='ltr'>τίνο;.;</span> <span class='ocrx_word' id='word_1_768' title='bbox 414 5613 585 5665; x_wconf 88' lang='grc' dir='ltr'>Τοῦτο</span> <span class='ocrx_word' id='word_1_769' title='bbox 620 5616 725 5683; x_wconf 83' lang='grc' dir='ltr'>γάρ</span> <span class='ocrx_word' id='word_1_770' title='bbox 755 5630 871 5675; x_wconf 82' lang='grc' dir='ltr'><strong>πως</strong></span> <span class='ocrx_word' id='word_1_771' title='bbox 911 5613 1003 5665; x_wconf 68' lang='grc' dir='ltr'><strong>καὶ</strong></span> <span class='ocrx_word' id='word_1_772' title='bbox 1051 5615 1242 5682; x_wconf 80' lang='grc' dir='ltr'>φεύγει</span> <span class='ocrx_word' id='word_1_773' title='bbox 1283 5613 1531 5665; x_wconf 81' lang='grc' dir='ltr'>σύνθεσιν</span> <span class='ocrx_word' id='word_1_774' title='bbox 1562 5631 1573 5644; x_wconf 69' lang='grc' dir='ltr'><em>υ</em></span> <span class='ocrx_word' id='word_1_775' title='bbox 1607 5615 1762 5665; x_wconf 80' lang='grc' dir='ltr'>τοῦτο</span> 
     </span>
    </p>
   </div>
   <div class='ocr_carea' id='block_1_102' title="bbox 186 5704 1762 5784">
    <p class='ocr_par' dir='ltr' id='par_1_102' title="bbox 186 5704 1762 5784">
     <span class='ocr_line' id='line_1_102' title="bbox 186 5704 1762 5784; baseline -0.001 -27"><span class='ocrx_word' id='word_1_776' title='bbox 186 5704 363 5771; x_wconf 75' lang='grc' dir='ltr'>λέγων</span> <span class='ocrx_word' id='word_1_777' title='bbox 392 5704 657 5774; x_wconf 68' lang='grc' dir='ltr'>φανερῶς,</span> <span class='ocrx_word' id='word_1_778' title='bbox 702 5706 775 5767; x_wconf 83' lang='grc' dir='ltr'>ὼς</span> <span class='ocrx_word' id='word_1_779' title='bbox 806 5709 852 5757; x_wconf 80' lang='grc' dir='ltr'><strong>εί</strong></span> <span class='ocrx_word' id='word_1_780' title='bbox 886 5704 993 5757; x_wconf 81' lang='grc' dir='ltr'><strong>τῶν</strong></span> <span class='ocrx_word' id='word_1_781' title='bbox 1024 5707 1080 5784; x_wconf 76' lang='grc' dir='ltr'>ὲν</span> <span class='ocrx_word' id='word_1_782' title='bbox 1110 5704 1188 5774; x_wconf 79' lang='grc' dir='ltr'><strong>τῷ</strong></span> <span class='ocrx_word' id='word_1_783' title='bbox 1216 5704 1335 5774; x_wconf 86' lang='grc' dir='ltr'>Θεῷ</span> <span class='ocrx_word' id='word_1_784' title='bbox 1375 5704 1762 5774; x_wconf 80' lang='grc' dir='ltr'>Θεωρουμένων</span> 
     </span>
    </p>
   </div>
   <div class='ocr_carea' id='block_1_103' title="bbox 189 5795 1759 5872">
    <p class='ocr_par' dir='ltr' id='par_1_103' title="bbox 189 5795 1759 5872">
     <span class='ocr_line' id='line_1_103' title="bbox 189 5795 1759 5872; baseline -0.003 -21"><span class='ocrx_word' id='word_1_785' title='bbox 189 5796 347 5851; x_wconf 66' lang='grc' dir='ltr'>ἐστί’</span> <span class='ocrx_word' id='word_1_786' title='bbox 388 5795 468 5849; x_wconf 82' lang='grc' dir='ltr'><strong>διὸ</strong></span> <span class='ocrx_word' id='word_1_787' title='bbox 519 5797 611 5850; x_wconf 79' lang='grc' dir='ltr'><strong>καὶ</strong></span> <span class='ocrx_word' id='word_1_788' title='bbox 642 5798 745 5851; x_wconf 72' lang='grc' dir='ltr'><strong>οὐκ</strong></span> <span class='ocrx_word' id='word_1_789' title='bbox 798 5796 978 5872; x_wconf 76' lang='grc' dir='ltr'><strong>οὐσία1</strong></span> <span class='ocrx_word' id='word_1_790' title='bbox 1032 5796 1169 5851; x_wconf 76' lang='grc' dir='ltr'><strong>ἀλλὰ</strong></span> <span class='ocrx_word' id='word_1_791' title='bbox 1223 5796 1568 5868; x_wconf 63' lang='grc' dir='ltr'>συμϐεϐηκός</span> <span class='ocrx_word' id='word_1_792' title='bbox 1605 5797 1759 5859; x_wconf 63' lang='grc' dir='ltr'>ἐστι,</span> 
     </span>
    </p>
   </div>
   <div class='ocr_carea' id='block_1_104' title="bbox 1860 4594 3437 4668">
    <p class='ocr_par' dir='ltr' id='par_1_104' title="bbox 1860 4594 3437 4668">
     <span class='ocr_line' id='line_1_104' title="bbox 1860 4594 3437 4668; baseline -0.01 -13"><span class='ocrx_word' id='word_1_793' title='bbox 1860 4601 2144 4668; x_wconf 65' lang='lat' dir='ltr'><strong>theoIOgts,</strong></span> <span class='ocrx_word' id='word_1_794' title='bbox 2194 4597 2606 4665; x_wconf 83' lang='lat' dir='ltr'><strong>ostendentibus</strong></span> <span class='ocrx_word' id='word_1_795' title='bbox 2639 4594 2745 4648; x_wconf 88' lang='lat' dir='ltr'><strong>hoc</strong></span> <span class='ocrx_word' id='word_1_796' title='bbox 2801 4602 3034 4657; x_wconf 89' lang='lat' dir='ltr'><strong>tantum,</strong></span> <span class='ocrx_word' id='word_1_797' title='bbox 3079 4604 3271 4659; x_wconf 85' lang='lat' dir='ltr'><strong>nempe</strong></span> <span class='ocrx_word' id='word_1_798' title='bbox 3315 4602 3437 4642; x_wconf 79' lang='lat' dir='ltr'><strong>eam</strong></span> 
     </span>
    </p>
   </div>
   <div class='ocr_carea' id='block_1_105' title="bbox 1860 4689 2838 4754">
    <p class='ocr_par' dir='ltr' id='par_1_105' title="bbox 1860 4689 2838 4754">
     <span class='ocr_line' id='line_1_105' title="bbox 1860 4689 2838 4754; baseline -0.004 -9"><span class='ocrx_word' id='word_1_799' title='bbox 1860 4692 1911 4745; x_wconf 85' lang='lat' dir='ltr'><strong>in</strong></span> <span class='ocrx_word' id='word_1_800' title='bbox 1946 4692 2053 4745; x_wconf 90' lang='lat' dir='ltr'><strong>Deo</strong></span> <span class='ocrx_word' id='word_1_801' title='bbox 2080 4707 2221 4754; x_wconf 88' lang='lat' dir='ltr'><strong>esse,</strong></span> <span class='ocrx_word' id='word_1_802' title='bbox 2247 4706 2345 4745; x_wconf 91' lang='lat' dir='ltr'><strong>nec</strong></span> <span class='ocrx_word' id='word_1_803' title='bbox 2366 4705 2486 4744; x_wconf 91' lang='lat' dir='ltr'><strong>esse</strong></span> <span class='ocrx_word' id='word_1_804' title='bbox 2517 4689 2838 4743; x_wconf 90' lang='lat' dir='ltr'><strong>essentiam.</strong></span> 
     </span>
    </p>
   </div>
   <div class='ocr_carea' id='block_1_106' title="bbox 1933 4764 3441 4855">
    <p class='ocr_par' dir='ltr' id='par_1_106' title="bbox 1933 4764 3441 4855">
     <span class='ocr_line' id='line_1_106' title="bbox 1933 4764 3441 4855; baseline -0.009 -17"><span class='ocrx_word' id='word_1_805' title='bbox 1933 4784 2055 4838; x_wconf 68' lang='lat'><strong>128.</strong></span> <span class='ocrx_word' id='word_1_806' title='bbox 2088 4764 2337 4853; x_wconf 62' lang='lat' dir='ltr'><strong>~lnsuper</strong></span> <span class='ocrx_word' id='word_1_807' title='bbox 2383 4783 2565 4835; x_wconf 88' lang='lat' dir='ltr'><strong>divina</strong></span> <span class='ocrx_word' id='word_1_808' title='bbox 2603 4780 2870 4849; x_wconf 87' lang='lat' dir='ltr'><strong>operatio,</strong></span> <span class='ocrx_word' id='word_1_809' title='bbox 2905 4770 3156 4849; x_wconf 87' lang='lat' dir='ltr'><strong>quamvis</strong></span> <span class='ocrx_word' id='word_1_810' title='bbox 3188 4774 3441 4855; x_wconf 56' lang='lat' dir='ltr'><strong>accident}</strong></span> 
     </span>
    </p>
   </div>
   <div class='ocr_carea' id='block_1_107' title="bbox 1859 4855 3440 4946">
    <p class='ocr_par' dir='ltr' id='par_1_107' title="bbox 1859 4855 3440 4946">
     <span class='ocr_line' id='line_1_107' title="bbox 1859 4855 3440 4946; baseline -0.008 -18"><span class='ocrx_word' id='word_1_811' title='bbox 1859 4855 2261 4946; x_wconf 83' lang='lat' dir='ltr'><strong>quodammodo</strong></span> <span class='ocrx_word' id='word_1_812' title='bbox 2304 4874 2524 4937; x_wconf 84' lang='lat' dir='ltr'><strong>dicitur,</strong></span> <span class='ocrx_word' id='word_1_813' title='bbox 2580 4865 2928 4925; x_wconf 76' lang='lat' dir='ltr'><strong>censiderata</strong></span> <span class='ocrx_word' id='word_1_814' title='bbox 2990 4878 3168 4919; x_wconf 87' lang='lat' dir='ltr'><strong>tamen</strong></span> <span class='ocrx_word' id='word_1_815' title='bbox 3234 4865 3286 4918; x_wconf 90' lang='lat' dir='ltr'><strong>in</strong></span> <span class='ocrx_word' id='word_1_816' title='bbox 3332 4863 3440 4916; x_wconf 87' lang='lat' dir='ltr'><strong>Deo</strong></span> 
     </span>
    </p>
   </div>
   <div class='ocr_carea' id='block_1_108' title="bbox 1861 4960 3440 5036">
    <p class='ocr_par' dir='ltr' id='par_1_108' title="bbox 1861 4960 3440 5036">
     <span class='ocr_line' id='line_1_108' title="bbox 1861 4960 3440 5036; baseline -0.008 -14"><span class='ocrx_word' id='word_1_817' title='bbox 1861 4967 2312 5036; x_wconf 71' lang='lat' dir='ltr'><strong>compositionem</strong></span> <span class='ocrx_word' id='word_1_818' title='bbox 2360 4980 2463 5017; x_wconf 91' lang='lat' dir='ltr'><strong>non</strong></span> <span class='ocrx_word' id='word_1_819' title='bbox 2504 4964 2653 5017; x_wconf 74' lang='lat' dir='ltr'><strong>facit.</strong></span> <span class='ocrx_word' id='word_1_820' title='bbox 2690 4962 2745 5016; x_wconf 91' lang='lat' dir='ltr'><strong>ld</strong></span> <span class='ocrx_word' id='word_1_821' title='bbox 2779 4962 3077 5031; x_wconf 80' lang='lat' dir='ltr'><strong>Gregorius</strong></span> <span class='ocrx_word' id='word_1_822' title='bbox 3113 4960 3440 5029; x_wconf 81' lang='lat' dir='ltr'><strong>cognomine</strong></span> 
     </span>
    </p>
   </div>
   <div class='ocr_carea' id='block_1_109' title="bbox 1862 5052 3438 5128">
    <p class='ocr_par' dir='ltr' id='par_1_109' title="bbox 1862 5052 3438 5128">
     <span class='ocr_line' id='line_1_109' title="bbox 1862 5052 3438 5128; baseline -0.006 -17"><span class='ocrx_word' id='word_1_823' title='bbox 1862 5058 2169 5128; x_wconf 76' lang='lat' dir='ltr'><strong>Tlteulogus</strong></span> <span class='ocrx_word' id='word_1_824' title='bbox 2205 5058 2271 5111; x_wconf 89' lang='lat' dir='ltr'><strong>de</strong></span> <span class='ocrx_word' id='word_1_825' title='bbox 2294 5056 2499 5123; x_wconf 86' lang='lat' dir='ltr'><strong>Spiritu</strong></span> <span class='ocrx_word' id='word_1_826' title='bbox 2551 5062 2743 5109; x_wconf 83' lang='lat' dir='ltr'><strong>sancto</strong></span> <span class='ocrx_word' id='word_1_827' title='bbox 2788 5054 3181 5107; x_wconf 85' lang='lat' dir='ltr'><strong>scribens-nos</strong></span> <span class='ocrx_word' id='word_1_828' title='bbox 3234 5052 3438 5104; x_wconf 84' lang='lat' dir='ltr'><strong>docet:</strong></span> 
     </span>
    </p>
   </div>
   <div class='ocr_carea' id='block_1_110' title="bbox 1868 5143 3441 5221">
    <p class='ocr_par' dir='ltr' id='par_1_110' title="bbox 1868 5143 3441 5221">
     <span class='ocr_line' id='line_1_110' title="bbox 1868 5143 3441 5221; baseline -0.007 -17"><span class='ocrx_word' id='word_1_829' title='bbox 1868 5172 1885 5204; x_wconf 83' lang='grc' dir='ltr'><strong>ι</strong></span> <span class='ocrx_word' id='word_1_830' title='bbox 1927 5150 2168 5221; x_wconf 81' lang='lat' dir='ltr'><strong>Spiritus</strong></span> <span class='ocrx_word' id='word_1_831' title='bbox 2217 5158 2461 5214; x_wconf 87' lang='lat' dir='ltr'><strong>sanctus,</strong></span> <span class='ocrx_word' id='word_1_832' title='bbox 2522 5148 2717 5216; x_wconf 81' lang='lat' dir='ltr'><strong>inquit,</strong></span> <span class='ocrx_word' id='word_1_833' title='bbox 2774 5144 2857 5199; x_wconf 90' lang='lat' dir='ltr'><strong>vel</strong></span> <span class='ocrx_word' id='word_1_834' title='bbox 2903 5155 2989 5198; x_wconf 90' lang='lat' dir='ltr'><strong>est</strong></span> <span class='ocrx_word' id='word_1_835' title='bbox 3022 5160 3119 5198; x_wconf 84' lang='lat' dir='ltr'><strong>cus</strong></span> <span class='ocrx_word' id='word_1_836' title='bbox 3166 5144 3218 5196; x_wconf 93' lang='lat' dir='ltr'><strong>in</strong></span> <span class='ocrx_word' id='word_1_837' title='bbox 3263 5143 3441 5210; x_wconf 78' lang='lat' dir='ltr'><strong>seipso</strong></span> 
     </span>
    </p>
   </div>
   <div class='ocr_carea' id='block_1_111' title="bbox 1863 5241 3439 5309">
    <p class='ocr_par' dir='ltr' id='par_1_111' title="bbox 1863 5241 3439 5309">
     <span class='ocr_line' id='line_1_111' title="bbox 1863 5241 3439 5309; baseline -0.007 -11"><span class='ocrx_word' id='word_1_838' title='bbox 1863 5244 2192 5309; x_wconf 85' lang='lat' dir='ltr'><strong>subsistens,</strong></span> <span class='ocrx_word' id='word_1_839' title='bbox 2220 5244 2301 5297; x_wconf 88' lang='lat' dir='ltr'><strong>vel</strong></span> <span class='ocrx_word' id='word_1_840' title='bbox 2334 5258 2433 5297; x_wconf 89' lang='lat' dir='ltr'><strong>ens</strong></span> <span class='ocrx_word' id='word_1_841' title='bbox 2461 5241 2654 5307; x_wconf 71' lang='lat' dir='ltr'><strong>inalio</strong></span> <span class='ocrx_word' id='word_1_842' title='bbox 2684 5241 2931 5295; x_wconf 85' lang='lat' dir='ltr'><strong>residens</strong></span> <span class='ocrx_word' id='word_1_843' title='bbox 2967 5254 2982 5294; x_wconf 88' lang='lat'><strong>:</strong></span> <span class='ocrx_word' id='word_1_844' title='bbox 3017 5252 3245 5306; x_wconf 87' lang='lat' dir='ltr'><strong>quormn</strong></span> <span class='ocrx_word' id='word_1_845' title='bbox 3277 5252 3439 5288; x_wconf 86' lang='lat' dir='ltr'><strong>ttltltltt</strong></span> 
     </span>
    </p>
   </div>
   <div class='ocr_carea' id='block_1_112' title="bbox 1862 5330 3443 5403">
    <p class='ocr_par' dir='ltr' id='par_1_112' title="bbox 1862 5330 3443 5403">
     <span class='ocr_line' id='line_1_112' title="bbox 1862 5330 3443 5403; baseline -0.006 -12"><span class='ocrx_word' id='word_1_846' title='bbox 1862 5339 2193 5403; x_wconf 83' lang='lat' dir='ltr'><strong>substantia,</strong></span> <span class='ocrx_word' id='word_1_847' title='bbox 2231 5337 2463 5390; x_wconf 83' lang='lat' dir='ltr'><strong>alterum</strong></span> <span class='ocrx_word' id='word_1_848' title='bbox 2500 5350 2633 5390; x_wconf 90' lang='lat' dir='ltr'><strong>vero</strong></span> <span class='ocrx_word' id='word_1_849' title='bbox 2688 5333 2943 5387; x_wconf 85' lang='lat' dir='ltr'><strong>accidens</strong></span> <span class='ocrx_word' id='word_1_850' title='bbox 2990 5348 3018 5385; x_wconf 73' lang='grc' dir='ltr'><strong>ει</strong></span> <span class='ocrx_word' id='word_1_851' title='bbox 3058 5332 3327 5399; x_wconf 81' lang='lat' dir='ltr'><strong>theologis</strong></span> <span class='ocrx_word' id='word_1_852' title='bbox 3356 5330 3443 5382; x_wconf 84' lang='lat' dir='ltr'><strong>di-</strong></span> 
     </span>
    </p>
   </div>
   <div class='ocr_carea' id='block_1_113' title="bbox 1863 5425 3445 5496">
    <p class='ocr_par' dir='ltr' id='par_1_113' title="bbox 1863 5425 3445 5496">
     <span class='ocr_line' id='line_1_113' title="bbox 1863 5425 3445 5496; baseline -0.004 -13"><span class='ocrx_word' id='word_1_853' title='bbox 1863 5432 2028 5485; x_wconf 85' lang='lat' dir='ltr'><strong>citur.</strong></span> <span class='ocrx_word' id='word_1_854' title='bbox 2094 5428 2150 5484; x_wconf 91' lang='lat' dir='ltr'><strong>Si</strong></span> <span class='ocrx_word' id='word_1_855' title='bbox 2207 5445 2336 5495; x_wconf 73' lang='lat' dir='ltr'><strong>ergo</strong></span> <span class='ocrx_word' id='word_1_856' title='bbox 2392 5430 2481 5484; x_wconf 89' lang='lat' dir='ltr'><strong>ille</strong></span> <span class='ocrx_word' id='word_1_857' title='bbox 2522 5429 2590 5482; x_wconf 82' lang='lat' dir='ltr'><strong>sit</strong></span> <span class='ocrx_word' id='word_1_858' title='bbox 2634 5428 2763 5496; x_wconf 89' lang='lat' dir='ltr'><strong>quid</strong></span> <span class='ocrx_word' id='word_1_859' title='bbox 2824 5426 3105 5488; x_wconf 85' lang='lat' dir='ltr'><strong>accidens,</strong></span> <span class='ocrx_word' id='word_1_860' title='bbox 3157 5425 3259 5478; x_wconf 85' lang='lat' dir='ltr'><strong>hoc</strong></span> <span class='ocrx_word' id='word_1_861' title='bbox 3299 5432 3445 5477; x_wconf 86' lang='lat' dir='ltr'><strong>esset</strong></span> 
     </span>
    </p>
   </div>
   <div class='ocr_carea' id='block_1_114' title="bbox 1863 5506 3441 5590">
    <p class='ocr_par' dir='ltr' id='par_1_114' title="bbox 1863 5506 3441 5590">
     <span class='ocr_line' id='line_1_114' title="bbox 1863 5506 3441 5590; baseline -0.002 -16"><span class='ocrx_word' id='word_1_862' title='bbox 1863 5523 2108 5590; x_wconf 80' lang='lat' dir='ltr'><strong>Operatio</strong></span> <span class='ocrx_word' id='word_1_863' title='bbox 2164 5520 2254 5575; x_wconf 81' lang='lat' dir='ltr'><strong>Dei</strong></span> <span class='ocrx_word' id='word_1_864' title='bbox 2306 5538 2320 5575; x_wconf 88' lang='lat'><strong>:</strong></span> <span class='ocrx_word' id='word_1_865' title='bbox 2363 5506 2490 5590; x_wconf 74' lang='lat' dir='ltr'><strong>quid</strong></span> <span class='ocrx_word' id='word_1_866' title='bbox 2542 5521 2687 5575; x_wconf 91' lang='lat' dir='ltr'><strong>enim</strong></span> <span class='ocrx_word' id='word_1_867' title='bbox 2730 5520 2874 5572; x_wconf 90' lang='lat' dir='ltr'><strong>aliud</strong></span> <span class='ocrx_word' id='word_1_868' title='bbox 2931 5530 3077 5571; x_wconf 84' lang='lat' dir='ltr'><strong>esset</strong></span> <span class='ocrx_word' id='word_1_869' title='bbox 3126 5528 3221 5570; x_wconf 87' lang='lat' dir='ltr'><strong>aut</strong></span> <span class='ocrx_word' id='word_1_870' title='bbox 3287 5517 3441 5585; x_wconf 81' lang='lat' dir='ltr'><strong>cujus</strong></span> 
     </span>
    </p>
   </div>
   <div class='ocr_carea' id='block_1_115' title="bbox 1865 5611 3443 5682">
    <p class='ocr_par' dir='ltr' id='par_1_115' title="bbox 1865 5611 3443 5682">
     <span class='ocr_line' id='line_1_115' title="bbox 1865 5611 3443 5682; baseline -0.003 -15"><span class='ocrx_word' id='word_1_871' title='bbox 1865 5613 2049 5668; x_wconf 78' lang='lat' dir='ltr'><strong>foret?</strong></span> <span class='ocrx_word' id='word_1_872' title='bbox 2081 5613 2194 5668; x_wconf 86' lang='lat' dir='ltr'><strong>Hoc</strong></span> <span class='ocrx_word' id='word_1_873' title='bbox 2244 5615 2389 5669; x_wconf 88' lang='lat' dir='ltr'><strong>enim</strong></span> <span class='ocrx_word' id='word_1_874' title='bbox 2440 5615 2839 5682; x_wconf 87' lang='lat' dir='ltr'><strong>quodammodo</strong></span> <span class='ocrx_word' id='word_1_875' title='bbox 2899 5612 3034 5681; x_wconf 68' lang='lat' dir='ltr'><strong>ﬂigit</strong></span> <span class='ocrx_word' id='word_1_876' title='bbox 3087 5611 3443 5679; x_wconf 65' lang='lat' dir='ltr'><strong>compositio~</strong></span> 
     </span>
    </p>
   </div>
   <div class='ocr_carea' id='block_1_116' title="bbox 1866 5704 3446 5777">
    <p class='ocr_par' dir='ltr' id='par_1_116' title="bbox 1866 5704 3446 5777">
     <span class='ocr_line' id='line_1_116' title="bbox 1866 5704 3446 5777; baseline 0.001 -20"><span class='ocrx_word' id='word_1_877' title='bbox 1866 5721 2009 5760; x_wconf 90' lang='lat' dir='ltr'><strong>nem.</strong></span> <span class='ocrx_word' id='word_1_878' title='bbox 2076 5726 2093 5757; x_wconf 76' lang='grc' dir='ltr'><strong>ι</strong></span> <span class='ocrx_word' id='word_1_879' title='bbox 2144 5708 2310 5777; x_wconf 85' lang='lat' dir='ltr'><strong>idque</strong></span> <span class='ocrx_word' id='word_1_880' title='bbox 2352 5707 2499 5761; x_wconf 87' lang='lat' dir='ltr'><strong>clare</strong></span> <span class='ocrx_word' id='word_1_881' title='bbox 2553 5704 2686 5760; x_wconf 91' lang='lat' dir='ltr'><strong>dicit</strong></span> <span class='ocrx_word' id='word_1_882' title='bbox 2736 5720 2801 5760; x_wconf 75' lang='grc' dir='ltr'><strong>ιι</strong></span> <span class='ocrx_word' id='word_1_883' title='bbox 2855 5705 2912 5761; x_wconf 89' lang='lat' dir='ltr'><strong>Si</strong></span> <span class='ocrx_word' id='word_1_884' title='bbox 2952 5706 3186 5772; x_wconf 76' lang='lat' dir='ltr'><strong>qualitas</strong></span> <span class='ocrx_word' id='word_1_885' title='bbox 3225 5706 3274 5757; x_wconf 90' lang='lat' dir='ltr'><strong>in</strong></span> <span class='ocrx_word' id='word_1_886' title='bbox 3334 5704 3446 5759; x_wconf 91' lang='lat' dir='ltr'><strong>Deo</strong></span> 
     </span>
    </p>
   </div>
   <div class='ocr_carea' id='block_1_117' title="bbox 1867 5797 3444 5865">
    <p class='ocr_par' dir='ltr' id='par_1_117' title="bbox 1867 5797 3444 5865">
     <span class='ocr_line' id='line_1_117' title="bbox 1867 5797 3444 5865; baseline -0.002 -13"><span class='ocrx_word' id='word_1_887' title='bbox 1867 5798 2108 5855; x_wconf 79' lang='lat' dir='ltr'><strong>residens</strong></span> <span class='ocrx_word' id='word_1_888' title='bbox 2144 5799 2234 5865; x_wconf 87' lang='lat' dir='ltr'><strong>sit,</strong></span> <span class='ocrx_word' id='word_1_889' title='bbox 2287 5798 2405 5854; x_wconf 86' lang='lat' dir='ltr'><strong>ideo</strong></span> <span class='ocrx_word' id='word_1_890' title='bbox 2442 5813 2542 5855; x_wconf 85' lang='lat' dir='ltr'><strong>nec</strong></span> <span class='ocrx_word' id='word_1_891' title='bbox 2577 5798 2646 5855; x_wconf 90' lang='lat' dir='ltr'><strong>sit</strong></span> <span class='ocrx_word' id='word_1_892' title='bbox 2677 5797 3006 5863; x_wconf 84' lang='lat' dir='ltr'><strong>substantia,</strong></span> <span class='ocrx_word' id='word_1_893' title='bbox 3042 5801 3134 5854; x_wconf 89' lang='lat' dir='ltr'><strong>sed</strong></span> <span class='ocrx_word' id='word_1_894' title='bbox 3165 5798 3444 5860; x_wconf 75' lang='lat' dir='ltr'><strong>accidens,</strong></span> 
     </span>
    </p>
   </div>
  </div>
