4108 6330
54 460 218 526 ]ξὶΠ
978 458 1275 533 ,(ῙᾹῘῚΤΛ
1332 454 1682 525 PHYSICA,
1721 452 2228 519 THEOLOGICA,
2272 452 2442 541 ETC._
3214 442 3347 507 1213

40 572 127 622 οὐ
164 570 494 633 διανοεῖται,
522 568 581 621 οὐ
618 565 851 634 δοξάζει,
880 566 977 637 οὐχ
1003 568 1126 637 ὁρᾷ,
1158 567 1257 619 οὐκ
1295 565 1663 638 ὀσφραίνεται,

1773 574 1871 631 tat,
1908 582 2015 620 non
2089 567 2367 633 opinatur,
2401 579 2506 618 non
2539 562 2706 627 videt,
2759 574 2865 614 non
2923 559 3203 623 odoratur,
3237 573 3345 611 non

44 660 126 710 οὐ
153 659 348 719 λαλεῖ.
390 660 488 711 οὐκ
536 657 751 719 ἀκούει,
802 658 862 710 οὐ
898 658 1213 725 περιπατεῖ,
1266 657 1365 707 οὐκ
1416 656 1668 717 ἀναπνεῖ,

1769 662 2033 729 loquitur,
2069 677 2173 714 non
2230 660 2403 725 audit,
2444 675 2548 711 non
2612 657 2876 717 ambulat,
2928 669 3031 707 non
3088 654 3344 723 respirat,

48 749 175 799 οὐκ
218 749 418 811 ἐσθίει,
459 748 548 800 καὶ
596 749 781 809 ἁπλῶς
834 748 1029 811 εἰπεῖν,
1079 748 1179 798 οὐκ
1236 745 1345 815 ἔχει
1390 745 1669 814 ἐνέργειαν

1770 768 1873 807 non
1903 754 2162 815 comedit,
2196 761 2247 805 et
2288 769 2395 807 uno
2426 753 2609 815 verbo,
2632 766 2737 805 non
2775 750 2936 802 habet
2971 748 3345 815 operationem

48 840 455 907 διαφέρουσαν
483 840 578 907 τῆς
610 839 813 903 οὐσίας,
857 839 950 890 καὶ
1002 838 1287 890 δεικνῦσαν
1341 837 1424 889 ὅτι
1449 838 1507 889 ἐν
1536 837 1669 890 ὐπο-

1770 848 1836 897 ab
1878 847 2113 901 essentia
2146 846 2479 909 distinctam,
2518 859 2623 911 qua
2654 844 2924 896 indicetur
2970 841 3107 894 hanc
3134 852 3254 894 esse
3293 838 3346 889 in

56 931 276 980 στάσει
332 929 447 981 ἐστί
484 945 495 957 ·
536 929 614 982 διὸ
646 930 740 981 καὶ
788 930 984 991 τελέως
1032 927 1400 991 ἀνυπόστατός
1450 929 1598 980 ἐστιν
1641 929 1668 980 ὁ

1768 939 2117 991 subsistentia
2154 955 2164 988 :
2208 938 2327 990 ideo
2363 936 2583 989 minime
2614 934 2917 987 subsistens
2945 940 3030 985 est
3086 933 3245 983 homo
3290 927 3346 980 t'n

50 1021 320 1072 καθόλου
346 1020 654 1090 ἄνθρωπος.
708 1020 768 1074 ὐ
798 1021 855 1073 δὲ
901 1022 1182 1091 ἐνέργειαν
1240 1021 1478 1089 ἔμφυτον
1530 1019 1667 1090 ἔχων

1776 1047 1979 1099 genere.
2021 1028 2123 1083 Sed
2174 1029 2335 1081 homo
2374 1026 2676 1081 naturalem
2725 1024 2930 1077 habens
2972 1021 3343 1089 operationem

44 1113 449 1180 διαφέρουσαν
479 1115 578 1181 τῆς
604 1105 811 1177 οὐσίας,
845 1112 1153 1181 ἄνθρωπος,
1189 1112 1337 1180 μίαν,
1364 1112 1393 1179 ἢ
1427 1110 1665 1174 πλείους,

1770 1124 1837 1175 ab
1866 1124 2101 1176 essentia
2136 1122 2469 1179 distinctam,
2492 1119 2605 1171 sive
2635 1131 2825 1176 unam,
2859 1115 2975 1168 sive
3006 1112 3211 1180 plures,
3232 1110 3345 1164 sive

50 1204 93 1273 ἢ
135 1204 337 1263 πάσας
380 1203 617 1273 οἵασπερ
655 1202 885 1273 ἔφημεν,
922 1202 981 1267 ἐξ
1008 1204 1185 1255 αὐτῶν
1215 1203 1543 1271 γνωρίζεται
1588 1202 1669 1254 ὅτι

1767 1229 1959 1267 omnes
2008 1227 2361 1282 quascunque
2413 1212 2669 1273 diximus,
2726 1225 2790 1263 ex
2852 1208 2939 1261 his
2999 1205 3349 1273 cognoscitur

47 1294 124 1343 ὲν
153 1294 464 1347 ὑποστάσει
499 1296 636 1355 ἐστὶ,
668 1296 758 1347 καὶ
813 1296 911 1348 οὐκ
942 1297 1315 1358 ἀνυπόστατός
1343 1298 1489 1348 ἐστιν
1520 1297 1547 1348 ὁ
1573 1295 1669 1348 άν-

1769 1318 1892 1357 esse
1922 1304 1975 1357 in
2015 1304 2359 1365 exsistentia,
2386 1317 2484 1355 nec
2528 1316 2648 1354 esse
2678 1299 2842 1352 homo
2879 1312 2981 1350 non
3020 1297 3345 1349 subsiSteus.

52 1382 325 1451 Θρωπος.
345 1384 497 1435 Ἐπεὶ
520 1384 573 1436 δὲ
602 1386 657 1436 αἱ
684 1385 925 1439 τοιαῦται
956 1388 1249 1455 ἐνέργειαι,
1280 1387 1380 1438 οὐκ
1420 1385 1505 1453 ἐφ’
1531 1386 1665 1447 ἐνὸς,

1770 1394 1905 1459 Quia
1940 1405 2119 1466 autem
2163 1394 2473 1464 huiusmodi
2506 1376 2873 1460 operationes,
2906 1404 3013 1441 non
3043 1402 3198 1450 tuna,
3235 1401 3344 1438 non

52 1475 97 1541 ἦ
139 1474 265 1537 δύο,
305 1475 337 1542 ἢ
371 1476 557 1544 τριῶν,
590 1477 705 1529 ἀλλ’
751 1479 843 1531 ἐπὶ
872 1479 1131 1530 πλειόνων
1163 1479 1243 1548 τῷ
1281 1478 1501 1548 ἀριθμῷ
1538 1479 1669 1531 Θεω-

1770 1489 1900 1553 duo,
1932 1504 2035 1541 non
2072 1497 2201 1552 tres,
2237 1490 2330 1542 sed
2367 1486 2610 1555 plurimae
2639 1491 3017 1542 numerantur,
3054 1479 3178 1532 inde
3202 1486 3348 1547 patet

55 1566 328 1633 ροῦνται,
368 1567 644 1621 δείκνυται
697 1567 837 1624 εἶναι
886 1571 978 1625 τὸν
1026 1570 1310 1641 ἄνθρωπον
1347 1574 1403 1623 ἐν
1434 1571 1669 1625 ὑποστά-

1772 1580 2041 1634 hominem
2080 1579 2135 1633 in
2171 1578 2628 1634 numerosissimis
2658 1575 2920 1629 exsistere
2949 1569 3345 1627 subsistentiis.

56 1678 195 1712 σεσι
236 1661 479 1731 μυρίαις.

150 1753 294 1822 ρ).ζ’.
343 1753 401 1805 'U
432 1755 562 1818 Θεὸς
608 1755 747 1808 κατὰ
794 1757 891 1824 τὴν
942 1756 1030 1810 διὰ
1078 1758 1177 1827 τῆς
1230 1756 1393 1810 αὐτοῦ
1447 1757 1670 1827 χάριτος

60 1846 392 1933 ἡμετέραν,
450 1848 549 1916 τῆς
580 1848 745 1900 αὐτοῦ
776 1849 918 1916 λέγω
983 1827 1311 1919 Ἐκκλησίῦις
1330 1841 1667 1913 ἐὐσεϐείας,

1846 1758 1970 1811 1'57.
2012 1772 2173 1823 deus,
2203 1759 2356 1825 juxta
2401 1758 2541 1825 piam
2575 1757 2875 1810 doctrinam
2909 1752 3080 1823 gratia
3121 1768 3217 1805 sua
3249 1764 3346 1803 no-

1771 1848 1874 1912 bis,
1909 1849 1960 1903 id
1988 1860 2067 1904 est
2112 1865 2221 1903 sua:
2242 1846 2493 1902 Ecclesia:
2539 1848 2742 1910 datam,
2771 1847 3141 1914 operationem
3185 1853 3347 1894 natu-

69 1911 377 2005 ἐνέργειαν
413 1911 653 2009 ἕμῷυτον
685 1942 822 2010 ἔχων
842 1911 1117 2011 δεικτικὴν
1147 1911 1366 2004 ἑαυτοῦ,
1403 1941 1497 1992 καὶ
1530 1911 1669 1991 κατά

1777 1941 1947 1993 ralem
1999 1940 2202 1995 habens
2258 1956 2367 1993 sua:
2417 1940 2752 1993 exsistentiae
2786 1938 3015 1989 indicem
3053 1936 3282 2001 ideoque
3317 1947 3348 1985 a

64 2029 250 2081 τοῦτο
285 2030 649 2102 διαφέρουσαν
689 2033 788 2101 τῆς
820 2034 1005 2096 οὐσίας
1039 2032 1225 2086 αὐτοῦ.
1252 2034 1361 2085 Καὶ
1390 2031 1499 2102 γὰρ
1532 2049 1670 2101 προ-

66 2119 353 2188 γινώσκει
391 2140 448 2174 τε
493 2125 589 2176 καὶ
618 2128 922 2194 προνοεῖται
964 2126 1071 2177 τῶν
1105 2125 1534 2195 ὑποδεεστέρων,
1578 2124 1669 2177 καὶ

70 2212 420 2283 δημιουργεῖ
448 2216 643 2281 ταῦτα,
680 2218 774 2269 καὶ
822 2220 1095 2287 συντηρεῖ,
1144 2218 1241 2270 καὶ
1274 2218 1545 2280 δεσπόζει,
1578 2216 1670 2268 καὶ

75 2304 491 2370 μετασκευάζει
524 2306 645 2359 κατ’
684 2308 892 2363 οίκείαν
927 2308 1178 2378 βούλησιν
1207 2308 1281 2370 ὡς
1309 2305 1446 2360 οἶδεν
1486 2311 1666 2370 αυτὸς,

69 2397 141 2445 ἑν
166 2395 468 2450 ὑποστάσει
493 2398 767 2452 δείκνυται
784 2399 880 2464 ὢν,
901 2401 1016 2453 ἀλλ’
1036 2403 1138 2455 οὐκ
1169 2401 1325 2453 οὐσία
1347 2401 1506 2469 μόνον
1540 2402 1669 2453 ἀν.)-

71 2489 380 2549 ττόστατος.
416 2489 571 2541 Ἐπεὶ
602 2490 659 2542 δὲ
686 2492 740 2543 αί
776 2491 1018 2543 τοιαῦται
1047 2494 1217 2544 πᾶσαι
1260 2492 1671 2562 ἐνέργειαι.οῦκ

72 2572 177 2642 ἐφ’
208 2572 351 2637 ἑνὸς,
379 2572 496 2625 ἀλλ’
522 2572 581 2623 ἐν
605 2571 785 2643 τρισὶν
813 2571 1178 2624 ὑποστάσεσιν
1202 2562 1461 2639 ὑπάρχων
1493 2571 1519 2621 ὁ
1545 2569 1677 2632 Θεὸς

74 2663 225 2732 ἡμῖν
259 2662 611 2733 γνωρίζεται.
666 2662 728 2714 Οἱ
775 2661 832 2714 δὲ
894 2661 1281 2730 ἀντικείμενοι,
1316 2658 1565 2725 λέγοντες
1599 2658 1674 2727 μὴ

76 2756 237 2824 ἕλξιν
267 2754 358 2808 τὸν
386 2754 519 2806 Θεὸν
550 2754 832 2824 ἐνέργειαν
858 2752 1097 2822 ἔμφυτον
1133 2749 1410 2819 δεικτικὴν
1451 2746 1673 2812 ἑαυτοῦ,

79 2849 189 2898 καὶ
216 2847 356 2899 κατὰ
383 2844 542 2899 τοῦτο
569 2846 936 2916 διαφέρουσαν
977 2845 1084 2918 ,τῆς
1117 2843 1303 2905 οὐσίας
1352 2841 1542 2905 αὐτοῦ,
1576 2842 1676 2893 οὐκ

80 2940 149 2989 ἐν
174 2938 473 2991 ὑποστάσει
496 2937 747 3003 λέγουσιν
781 2932 918 2989 εἶναι
945 2935 1037 3000 τὸν
1069 2934 1221 2996 Θεὸν,
1258 2933 1348 2985 καὶ
1372 2932 1673 2985 ἀνυπόστα-

79 3046 184 3081 τον
210 3028 409 3091 τελέως
441 3027 656 3081 ποιοῦσι
684 3027 776 3080 τὸν
810 3027 1239 3098 τρισυπὸστατον
1278 3024 1481 3095 Κύριον
1508 3040 1522 3054 °
1546 3039 1675 3075 τοσ-

80 3119 249 3170 οῦτον
300 3117 732 3187 ὑπερϐάλλοντες
777 3115 1067 3185 κακοδοξίᾳ
1126 3113 1216 3165 τὸν
1262 3112 1430 3165 Λίϐυν
1476 3111 1677 3164 Σαϐέλ-

80 3211 230 3273 λιον,
262 3211 384 3263 ὅσον
412 3210 574 3263 πλέον
603 3211 683 3272 είς
730 3209 930 3261 κακίαν
985 3208 1098 3277 ἔχει
1158 3208 1255 3275 τῆς
1297 3203 1666 3270 δυσσεϐείαςὴ

81 3302 336 3356 ἀσέϐεια.

166 3392 449 3463 ρλη’.Τῶν
506 3392 673 3464 τριῶν
728 3390 887 3443 θείων
943 3390 1315 3455 ὑποστάσεων,
1350 3388 1410 3440 οὐ
1470 3387 1569 3457 μία
1598 3386 1673 3447 ὡς

80 3486 251 3554 ὁμοία
287 3487 320 3554 ἡ
376 3485 647 3552 ἐνέργεια,
711 3484 963 3553 καθάπερ
1017 3484 1103 3551 ἐφ’
1152 3482 1328 3552 ἡμῶν,
1378 3479 1514 3532 ἀλλὰ
1574 3480 1671 3548 μία

80 3576 258 3637 ὅντως
287 3576 482 3646 καὶτῷ
537 3574 777 3646 ἀριθμῷ.
812 3575 1009 3645 ,Ὅπερ
1063 3577 1108 3626 οἱ
1165 3575 1232 3626 τὰ
1271 3572 1380 3625 τῶν
1419 3572 1675 3623 ἐναντίων

81 3668 410 3738 φρονοῦντες
471 3668 654 3735 λέγειν
718 3668 779 3721 οὐ
835 3667 1130 3719 δύνανται·
1202 3666 1326 3717 ἐπεὶ
1374 3666 1448 3735 μὴ
1489 3665 1673 3732 κοινὴν

81 3761 230 3813 εἶναι
260 3760 366 3812 τῶν
391 3758 558 3829 τριῶν
599 3761 855 3813 ἄκτιστον
881 3760 1164 3828 ἐνέργειάν
1197 3774 1385 3825 φασιν,
1416 3757 1548 3809 ἀλλὰ
1576 3755 1673 3808 κα)⁵

80 3855 330 3923 ἀλλήλων
353 3853 449 3916 τὰς
474 3853 800 3916 ὑποστάσεις
828 3854 1109 3923 ἐνεργείας
1133 3848 1272 3905 εἶναι
1298 3852 1568 3920 λέγουσιν,
1596 3853 1669 3914 ὡς

85 3946 167 4017 μὴ
201 3946 383 4014 κοινῆς
412 3943 579 4015 οῦσης
610 3946 728 3997 κατ’
761 3928 959 4007 αὐτοὺς
994 3944 1144 4007 Θείας
1169 3944 1449 4013 ἐνεργείας
1485 3962 1498 3975 θ
1531 3944 1670 3996 ὥστε

80 4038 198 4090 οὐδ’
234 4036 401 4099 οὕτως
430 4036 615 4106 ἔχουσι
639 4036 817 4104 λέγειν
846 4037 973 4105 μίαν
1008 4036 1113 4088 τῶν
1148 4037 1315 4107 τριῶν
1349 4040 1661 4109 ἐνέργειαν⁸

79 4128 221 4182 ἀλλὰ
263 4130 355 4179 καὶ
388 4128 576 4181 ἄλλοτε
615 4127 783 4193 ἄλλην
831 4126 1005 4186 οὕτως
1054 4126 1425 4198 ἀναιροῦντες,
1465 4128 1671 4181 ἀνυπό-

82 4235 277 4271 στατον
311 4218 602 4271 κάντεῦθεν
624 4216 839 4270 ποιοῦσι
867 4219 968 4269 τὸν
986 4219 1413 4289 τρισυπόστατον
1443 4219 1596 4275 Θεόν.

162 4307 289 4379 ρλϐ’.
322 4310 381 4362 Oi
421 4310 515 4379 τὴν
553 4307 845 4373 κακόδοξον
884 4308 1093 4379 πλάνην
1129 4310 1268 4390 κατά
1308 4310 1486 4381 ψυχὴν
1525 4328 1672 4365 νενο-

83 4403 336 4470 σηκότες,
362 4403 596 4471 ηκτιστὴν
639 4402 890 4472 λέγοντες
918 4406 1015 4475 τὴν
1054 4404 1419 4476 διαφέρουσαν
1448 4410 1547 4479 τῆς
1574 4406 1669 4461 τοῦ

81 4494 223 4548 Θεοῦ
254 4495 438 4558 οὐσίας
464 4495 767 4566 ἐνέργειαν,
829 4499 1065 4559 κτιστῶς
1112 4498 1257 4567 ἔχειν
1289 4498 1382 4551 καὶ
1410 4498 1469 4550 τὸ
1504 4499 1669 4569 δημι-

80 4588 299 4654 ουργεῖν
334 4585 427 4637 τὸν
455 4586 587 4638 Θεὸν
615 4586 917 4653 δοξάζουσι,
957 4590 1126 4641 ταυτὺ
1163 4588 1207 4641 δ’
1244 4591 1417 4641 εἰπεῖν
1449 4590 1547 4658 τὴν
1576 4590 1669 4659 δη-

88 4674 413 4747 μιουργικὴν
440 4674 670 4746 δύναμιν
724 4676 890 4730 αὐτοῦ
918 4695 931 4708 ’
976 4681 1036 4730 οὐ
1085 4678 1192 4750 γὰρ
1244 4679 1392 4733 ἐστιν
1422 4682 1667 4751 ἐνεργεῖν

85 4766 183 4820 καὶ
207 4766 560 4838 δημιουργεῖν
604 4769 774 4842 χωρὶς
804 4771 1083 4839 ἐνεργείας
1110 4789 1123 4802 ·
1171 4772 1358 4842 ὥσπερ
1393 4774 1514 4826 οὐδὲ
1563 4774 1666 4827 ὐπ-

87 4860 272 4927 άρχειν
324 4860 491 4929 χωρὶς
536 4861 843 4929 ὑπάρξεως.
910 4862 999 4926 Ὧς
1054 4863 1146 4915 οῦν
1196 4865 1294 4916 οὐκ
1346 4864 1424 4918 ἔνι
1456 4865 1547 4918 τὸν
1579 4865 1667 4919 λέ-

84 4956 250 5019 γοντα
286 4950 381 5019 τὴν
440 4953 533 5003 τοῦ
591 4952 725 5005 Θεοῦ
790 4953 1020 5023 ὓπαρξιν
1080 4955 1324 5025 κτιστὴν,
1391 4958 1664 5019 ἀκτίστως

85 5040 232 5111 ἔχειν
254 5041 412 5092 αὐτὸν
440 5042 499 5093 τὸ
534 5037 671 5095 εἶναι
703 5044 932 5105 οἴεσθαι,
962 5043 1132 5107 οὕτως
1159 5044 1258 5097 οὐκ
1287 5046 1401 5097 ἔστι
1435 5046 1528 5098 τὸν
1577 5047 1664 5099 λέ-

87 5148 251 5201 γοντα
273 5130 367 5199 τὴν
406 5131 500 5184 τοῦ
541 5132 683 5185 Θεοῦ
722 5134 1001 5204 ἐνέργειαν
1044 5135 1287 5205 κτιστὴν,
1330 5135 1390 5188 τὸ
1421 5138 1662 5207 ἐνεργεῖν

86 5241 149 5277 τε
179 5223 266 5276 καὶ
304 5224 655 5299 δημιουργεῖν
688 5228 852 5279 αὐτὸν
889 5228 1161 5286 ἁκτίστως
1187 5228 1331 5297 ἔχειν
1362 5230 1585 5283 οἴεσθαι.

168 5322 270 5386 pp}.
325 5316 612 5386 Κτίσματα
650 5319 743 5371 τοῦ
777 5320 910 5371 Θεοῦ
960 5322 1054 5371 καὶ
1106 5321 1212 5372 εἰσὶ
1263 5323 1357 5374 καὶ
1416 5322 1666 5388 λέγονται

95 5409 242 5475 παρὰ
262 5407 365 5459 τῶν
389 5399 627 5474 εὐσεϐῶς
653 5411 1013 5481 φρονούντων,
1038 5414 1137 5482 οὐχ
1168 5415 1199 5480 ἠ
1224 5412 1318 5465 τοῦ
1346 5414 1483 5467 Θεοῦ
1514 5417 1666 5487 ἐνέρ-

92 5516 215 5567 γεια
272 5500 411 5552 κατὰ
448 5502 574 5563 τοὺς
628 5502 738 5554 τῶν
778 5505 1036 5557 ἐναντίων
1086 5505 1305 5575 λήρους,
1348 5507 1530 5576 ἄπαγε
1570 5510 1668 5577 τῆς

97 5589 340 5652 ἀσεϐείας
369 5591 380 5643 !
410 5590 556 5644 ἀλλὰ
584 5593 681 5663 τῆς
732 5594 878 5655 Θείας
932 5595 1212 5665 ἐνεργείας
1252 5597 1671 5667 ἀποτελέσματα

93 5685 206 5736 ἐστι
237 5685 299 5734 τὰ
322 5684 619 5754 κτίσματα.
682 5684 745 5738 Εἰ
775 5686 883 5757 γὰρ
918 5688 985 5740 τὰ
1027 5688 1300 5757 κτίσματα
1328 5689 1359 5757 ἡ
1391 5689 1664 5759 ἐνέργεια,

95 5775 129 5845 ἢ
157 5773 369 5826 ἆκτιστα
407 5775 578 5831 ταῦτά
620 5778 769 5831 ἐστιν
825 5762 888 5849 (ὦ
931 5780 1025 5847 τῆς
1054 5778 1436 5850 παρανοίαςί),
1466 5780 1541 5844 ὡς
1571 5784 1664 5835 καὶ

97 5867 221 5938 πρὶν
247 5866 526 5937 κτισθῆναι
558 5872 708 5936 ὅντα,
745 5871 778 5941 ἢ
811 5873 918 5941 πρὸ
966 5872 1075 5925 τῶν
1118 5873 1435 5941 κτισμάτων
1470 5873 1535 5945 (ὣ
1563 5878 1660 5945 τῆς

1778 2046 1875 2086 sua
1910 2032 2146 2085 essentia
2180 2032 2490 2085 distinctam
2524 2031 2746 2101 (etenim
2777 2027 2993 2097 praescii
3025 2036 3077 2078 et
3106 2024 3349 2095 providet

1772 2121 2054 2187 inferiora,
2096 2131 2152 2175 et
2194 2121 2346 2185 facit,
2380 2130 2433 2175 et
2472 2129 2781 2185 conservat,
2813 2129 2867 2173 et
2898 2117 3057 2186 regit,
3092 2126 3145 2169 et
3176 2124 3349 2168 mutat

1771 2212 1836 2265 ad
1874 2214 2152 2281 proprium
2187 2222 2375 2265 nutum
2425 2223 2483 2265 ut
2507 2212 2609 2265 sibi
2660 2210 2920 2279 videtur),
2956 2209 3080 2262 inde
3112 2187 3377 2261 ostendi;

1772 2312 1861 2357 tur
1883 2317 2003 2357 esse
2032 2305 2083 2356 in
2118 2304 2442 2370 substantia,
2482 2304 2625 2357 haud
2666 2318 2791 2357 vero
2824 2300 3057 2356 essentia
3090 2314 3191 2352 non
3229 2299 3353 2349 snh-

1773 2392 1992 2448 sistens.
2024 2394 2186 2463 Atqui
2217 2408 2406 2448 omnes
2435 2394 2741 2462 hujusmodi
2769 2392 3136 2461 Operationes,
3167 2404 3270 2441 non
3299 2403 3350 2438 ill

1774 2497 1901 2548 una,
1951 2484 2043 2538 sed
2090 2485 2141 2537 in
2176 2485 2352 2538 tribus
2390 2484 2754 2538 subsistentiis
2780 2484 2990 2537 habens
3028 2482 3169 2536 Deus
3199 2480 3354 2533 nobis

1773 2575 2085 2632 innotescit.
2132 2577 2442 2631 Adversarii
2502 2591 2631 2630 vero
2686 2576 2929 2629 dicentes
2980 2587 3087 2626 non
3149 2572 3354 2625 habere

1773 2668 1940 2721 Deum
1974 2669 2345 2737 Operationem
2380 2669 2681 2723 naturalem
2718 2682 2829 2721 sua:
2851 2665 3182 2720 exsisteutiae
3214 2664 3354 2715 indi-

1773 2774 1914 2825 cem,
1950 2760 2179 2828 ideoque
2209 2779 2236 2815 a
2263 2776 2361 2816 sua
2396 2761 2643 2816 essentia
2694 2760 3032 2821 distinctam,
3061 2758 3112 2810 iu
3167 2756 3349 2810 subsi-

1777 2855 1975 2907 stentia
1996 2868 2117 2908 esse
2155 2854 2321 2920 Deum
2355 2863 2593 2923 negant;
2626 2863 2677 2907 et
2707 2852 2935 2905 minime
2968 2849 3351 2904 subsistentem

1774 2949 2121 3002 contendunt
2162 2951 2364 3001 trinttm
2431 2946 2799 3001 subsistentiis
2866 2942 3174 3003 Dominum,
3203 2949 3353 2993 tanto

1772 3046 2095 3105 snperantes
2149 3053 2313 3106 prava
2371 3037 2618 3092 doctrina
2672 3036 2931 3105 Libycum
2998 3031 3294 3085 Sahellium
3330 3067 3349 3098 ,

1773 3141 1979 3199 quanto
2012 3132 2241 3199 nequior
2265 3138 2348 3185 est
2380 3129 2517 3183 mala
2551 3128 2756 3196 pietate
2788 3126 3054 3193 impietas.

1848 3404 1972 3457 158.
2002 3402 2189 3455 Trium
2222 3400 2526 3454 divinarum
2566 3410 2927 3467 personarum
2964 3394 3209 3461 operatio
3244 3405 3350 3445 una

1772 3506 1878 3561 est,
1909 3497 2050 3550 haud
2070 3494 2285 3562 quidem
2319 3492 2535 3555 similis,
2562 3501 2615 3542 ut
2659 3490 2795 3557 apud
2834 3503 2951 3552 nos,
2976 3488 3067 3539 sed
3095 3500 3220 3537 vere
3244 3500 3347 3535 una

1770 3602 2020 3641 numero.
2054 3585 2205 3650 Quod
2246 3582 2538 3637 adversarii
2580 3582 2760 3634 dicere
2797 3594 2899 3631 non
2934 3585 3181 3645 possunt,
3220 3577 3347 3644 quia

1773 3680 1945 3733 tribus
1972 3690 2317 3731 communem
2347 3689 2467 3729 esse
2496 3674 2795 3726 increatam
2832 3670 3204 3739 operationem
3250 3681 3349 3721 ne-

1768 3778 1918 3841 gant,
1944 3777 1998 3823 et
2038 3780 2305 3835 personae,
2346 3765 2495 3833 juxta
2527 3777 2640 3825 eos,
2676 3772 2799 3816 sunt
2833 3761 2916 3811 sui
2959 3760 3185 3811 invicem
3222 3772 3348 3826 ονε.

1769 3859 2031 3919 rationes.
2064 3856 2206 3909 haud
2241 3870 2371 3909 vero
2401 3852 2710 3907 communis
2745 3857 2831 3904 est
2860 3849 3040 3901 divina
3077 3848 3345 3916 operatio;

1768 3959 1823 4004 et
1857 3950 1929 4003 ita
1964 3948 2147 4002 dicere
2192 3954 2462 4014 nequeunt
2495 3959 2655 3995 unam
2699 3957 2822 3995 esse
2876 3942 3037 3993 trium
3073 3940 3345 4006 Operatio-

1780 4057 1930 4105 nem,
1962 4039 2055 4093 sed
2084 4038 2243 4091 aliam
2294 4037 2397 4090 alia
2432 4036 2509 4089 sic
2533 4036 2891 4093 destruentes,
2925 4031 3051 4085 inde
3083 4046 3188 4083 non
3218 4028 3345 4084 sub-

1768 4132 2053 4187 sistentem
2098 4130 2304 4184 iaciunt
2336 4129 2536 4182 trinum
2561 4124 2931 4179 subsistentiis
2956 4122 3146 4175 Deum.

1842 4318 1968 4373 159.
2017 4317 2224 4384 Quibus
2287 4313 2542 4366 haaretico
2595 4326 2782 4365 errore
2829 4308 3003 4361 anima
3076 4317 3341 4378 aegrotat,

1766 4420 2007 4466 creatam
2042 4409 2117 4463 illi
2144 4408 2390 4461 dicentes
2414 4404 2726 4457 distinctam
2760 4417 2786 4454 a
2822 4401 2912 4455 Dei
2945 4402 3183 4453 essentia
3214 4415 3346 4467 one-

1766 4503 2059 4568 rationem,
2088 4510 2331 4556 creatum
2361 4512 2572 4566 quoque
2609 4497 2660 4547 in
2705 4495 2812 4547 Deo
2847 4502 3132 4546 autumant
3163 4501 3343 4545 actum

1699 4586 2016 4654 Dcreandi,
2051 4608 2146 4648 seu
2201 4591 2342 4661 quod
2390 4589 2531 4642 idem
2572 4597 2674 4649 est,
2719 4586 3039 4640 creatricem
3080 4584 3199 4653 ejus
3247 4600 3343 4651 po-

1768 4685 1996 4738 tentiam
2028 4701 2041 4737 :
2070 4697 2177 4736 non
2211 4681 2353 4735 enim
2385 4679 2601 4747 operari
2628 4684 2722 4730 aut
2757 4690 2946 4730 creare
2979 4676 3186 4744 absque
3212 4691 3339 4744 ope-

1766 4774 1978 4826 ratione
2016 4780 2211 4842 potest,
2237 4770 2515 4825 sicut‘nec
2550 4770 2811 4821 exsistere
2847 4766 3048 4834 absque
3077 4765 3345 4819 exsisten-

1769 4864 1860 4914 tia.
1897 4863 1968 4917 L't
2006 4864 2178 4929 igitur
2218 4860 2307 4928 qui
2343 4867 2581 4914 creatam
2640 4857 2771 4910 dicit
2819 4853 2910 4907 Dei
2945 4855 3343 4921 exsisteutiatn,

1766 4965 1957 5022 putare
2018 4952 2209 5021 nequit
2264 4952 2564 5006 increatum
2601 4948 2653 5001 in
2694 4963 2757 5001 eo
2798 4964 2915 5002 esse
2953 4956 3132 5002 actum
3196 4947 3345 5001 exsi-

1766 5042 1946 5099 stendi
1991 5047 2294 5108 exsistere;
2333 5044 2404 5095 ita
2429 5044 2523 5111 qui
2559 5050 2824 5095 cretatam
2852 5041 2981 5093 dicit
3022 5040 3113 5093 Dei
3150 5054 3347 5107 onera-

1767 5138 1990 5200 tionem,
2021 5144 2211 5203 putare
2246 5135 2430 5204 nequit
2465 5135 2763 5188 incréatum
2795 5134 2846 5186 in
2887 5148 2951 5186 eo
2998 5147 3120 5187 esse
3160 5143 3341 5187 actum

1762 5231 2033 5300 onerandi
2072 5240 2126 5283 et
2146 5229 2393 5284 creandi.

1836 5323 1959 5377 HO.
1993 5323 2273 5377 Creatura:
2311 5324 2403 5379 Dei
2444 5337 2545 5376 nec
2585 5333 2709 5376 sunt
2741 5335 2840 5375 nec
2888 5319 3146 5373 dicuntur
3187 5334 3216 5371 a
3255 5310 3346 5388 pie

1761 5417 2155 5479 sentientibus,
2193 5417 2437 5494 operatio
2467 5416 2587 5475 Dei.
2627 5425 2685 5468 ttt
2740 5414 3035 5468 adversarii
3089 5400 3346 5473 delirant',

1771 5509 1907 5574 proh
1953 5507 2237 5577 impietas!
2262 5508 2354 5561 sed
2379 5509 2573 5561 divinae
2598 5506 2936 5575 Operationis
2965 5504 3194 5558 eiIectus
3220 5512 3348 5557 sunt

1766 5608 2056 5653 creaturae.
2090 5597 2145 5652 Si
2179 5599 2321 5653 enim
2349 5608 2608 5653 creaturae
2639 5608 2825 5653 essent
2852 5596 3115 5663 operatio,
3150 5595 3231 5648 vel
3270 5596 3344 5647 in-

1760 5702 1959 5743 creatm
2016 5700 2202 5746 essent
2239 5694 2258 5761 (
2289 5706 2321 5745 ο
2362 5692 2763 5755 absurditasl),
2808 5692 2879 5744 ita
2939 5699 2999 5743 ut
3048 5698 3342 5758 antequam

1760 5792 2084 5839 crearentur
2116 5787 2495 5851 exstitissent;
2524 5784 2604 5838 vcl
2630 5795 2755 5838 ante
2782 5784 3110 5838 creationem
3143 5783 3197 5850 (ο
3234 5782 3338 5839 im-

1760 5870 1994 5941 pietas!)
2033 5888 2138 5927 uon
2178 5873 2451 5929 habuisset
2500 5873 2637 5927 Deus
2687 5869 3210 5942 operationem,qni
3253 5880 3343 5925 ta-
