4108 6330
146 448 171 512 1

1027 442 1318 509 .CAPITA
1358 440 1701 507 PHYSICA.
1740 438 2258 507 THEOLOGlCA,
2300 435 2458 496 ETC.

3248 423 3347 491 12?

201 558 341 631 ρμδ’.
390 559 455 613 Ἠ
488 557 647 613 οὐσία
677 556 772 610 106
810 555 947 609 Θεοῦ
1002 555 1351 609 παντάπασίν
1389 557 1536 608 ἐστιν
1561 554 1701 608 ἀνώ-

1881 551 2003 606 tu.
2037 549 2284 604 Esscntia
2328 547 2422 601 Dei
2471 545 2783 599 nullatenus
2832 540 3135 609 nuncupari
3182 552 3381 610 pctest,

127 672 189 705 νυ
198 670 313 723 μσς,
345 652 467 704 ἐπεὶ
489 652 581 704 κει)⁹
606 651 786 720 πάντη
810 648 957 701 ἐστὶν
978 635 1081 701 ἀπε
1088 648 1352 718 ρινόητος⁸
1381 646 1704 717 ὀνομάζεται

125 740 220 797 οὖν
257 746 318 796 ὲκ
355 741 545 795 πασῶν
583 740 693 794 τῶν
721 739 941 794 οίκείων
979 739 1298 809 ἐνεργειῶν,
1340 739 1566 809 μηδενὸς
1592 740 1708 793 ἐκεῖ

125 837 233 888 τῶν
256 834 538 904 ὀνομάτων
570 832 706 904 πρὸς
730 832 919 902 ἕτερον
950 832 1094 885 κατὰ
1129 833 1550 903 τὴν,σημασίαν
1592 833 1707 886 δια-

125 932 403 1000 φέροντος.
442 928 533 991 ‘EE
555 927 788 981 ἑκάστου
810 925 920 994 γὰρ
944 925 1039 979 καὶ
1067 909 1285 980 πάντων
1315 925 1465 978 οὐδὲν
1496 926 1705 994 ἕτερον,

123 1022 155 1091 ἢ
200 1020 260 1074 τὸ
318 1020 549 1089 κρύφιον
590 1014 779 1072 ’ἐκεῖνο
838 1016 1106 1087 μηδαμῶς
1163 1018 1624 1088 γινωσκόμενον-ὃ
1654 1018 1707 1071 τί

118 1112 259 1165 ,ποτέ
288 1111 407 1164 ἐστι
447 1110 697 1163 καλεῖται
738 1110 832 1161 ἐπὶ
873 1109 943 1187 δὲ,
977 1108 1086 1187 τῶν
1125 1109 1441 1185 ἐνεργειῶν,
1476 1110 1706 1165 ἕκαστον

122 1206 229 1257 τῶν
261 1203 541 1272 ὀνομάτων
574 1204 832 1271 διάφορον
871 1184 983 1271 ἔχει
1007 1184 1310 1271 ’σημασίαψ
1332 1202 1443 1265 ,Τίς
1475 1204 1582 1273 γὰρ
1601 1204 1704 1257 οὐκ

121 1291 262 1347 οῖδεν
286 1294 366 1348 ὅτι
401 1294 775 1363 διενηνόχασιν
799 1292 1044 1365 ἀλλήλων
1071 1298 1131 1347 τὸ
1162 1295 1389 1360 κτίζειν,
1417 1297 1476 1349 τὸ
1505 1298 1699 1351 δεσπό-

114 1380 261 1446 ζειν,
290 1382 350 1435 τὸ
386 1368 617 1453 κρίνειν,
651 1383 712 1433 τὸ
742 1383 1113 1453 προνοεῖσθαι,
1147 1384 1207 1438 τὸ
1235 1384 1323 1438 διὰ
1359 1386 1457 1456 τῆς
1494 1388 1701 1453 οἰκείας

119 1475 341 1543 χάριτος
367 1474 460 1526 τὸν
488 1472 795 1543 Θεὸν”ἡμᾶς
816 1474 1110 1540 υίοθετεῖν;
1139 1477 1203 1528 Οί
1223 1471 1317 1529 οὖν
1337 1478 1434 1540 τὰς
1464 1475 1701 1545 φυσικὰς

120 1565 273 1627 θείας
330 1565 535 1627 ταύτας
570 1564 872 1635 ἐνεργείας,
912 1564 999 1629 ὡς’
1045 1566 1292 1637 ἀλλήλων
1342 1584 1403 1620 τε
1456 1571 1553 1622 καὶ
1601 1569 1703 1639 τῆς

120 1658 272 1721 θείας
332 1659 547 1727 φύσεως
597 1659 959 1727 διαφερούσας
1022 1660 1274 1729 λέγοντες
1334 1663 1593 1727 κτιστὰς,
1648 1664 1700 1717 τί

118 1749 250 1802 ἀλλο
284 1749 318 1817 ἢ
366 1749 459 1802 τὸν
509 1748 644 1801 Θεὸν
692 1752 770 1813 εἰς
827 1750 1031 1820 κτίσμα
1063 1753 1386 1806 κατασπῶσι
1415 1771 1429 1819 ;
1461 1754 1544 1807 Τά
1591 1755 1701 1824 γὰρ

121 1841 442 1914 κτιζόμενασ,
496 1843 566 1894 τὰ
627 1841 1024 1912 δεσποζόμενα,
1092 1843 1162 1896 τὰ
1225 1844 1552 1921 κρινόμενα,
1606 1849 1699 1900 καὶ

120 1933 521 1996 ἁπλῶς-πάντα
555 1933 625 1986 τὰ
659 1933 906 2001 τοιαῦτα,
970 1934 1086 1987 ἐστι
1130 1936 1199 1990 τὰ
1251 1937 1545 2007 κτίσματα,
1585 1938 1700 1993 ἀλλ’

120 2026 218 2094 οὐχ
242 2027 271 2077 δ
309 2025 571 2094 Κτίστης,
609 2024 704 2077 καὶ
735 2027 762 2077 ὁ
814 2026 1111 2095 Δεσπότης,
1167 2030 1261 2080 καὶ
1315 2030 1508 2098 κριτής
1533 2046 1547 2061 ·
1593 2029 1703 2082 οὐδ’

122 2116 254 2198 αὐτὸ
299 2116 360 2168 τὸ
412 2118 644 2186 κρίνειν,
697 2119 792 2170 καὶ
818 2116 1123 2198 δεσπόζειν,
1183 2118 1279 2172 καὶ
1328 2120 1701 2189 δημιουργεῖν,

122 2194 264 2279 ἅπερ
307 2226 553 2277 φυσικως
584 2209 929 2277 ὲνθεωρεῖται
960 2194 1153 2279 τούτῳ.

196 2298 340 2368 ρμεθ.
405 2296 470 2349 Ἦ
524 2298 683 2350 οὐσία
731 2299 825 2352 τοῦ
887 2299 1059 2367 Θεοῦ,
1120 2283 1378 2375 ,καθάπερ
1429 2304 1712 2377 ἀνώνυμός

126 2390 243 2441 ἔστι
294 2389 664 2454 παντάπασιν,
709 2389 785 2453 ὡς
816 2389 1175 2464 ύπερώνυμος
1207 2394 1348 2448 κατὰ
1403 2398 1532 2476 τοὺς
1591 2398 1712 2451 θεο-

124 2480 346 2548 λόγους,
397 2479 571 2541 οὕτως
601 2468 694 2535 καὶ
721 2482 1027 2550 ἀμέθεκτος
1078 2484 1153 2547 ὼς
1184 2484 1325 2557 ὑπὲρ
1362 2468 1580 2556 μέθεξιν
1607 2490 1712 2542 ὑπ-

124 2573 283 2641 ἀρχει
339 2573 460 2624 κατ’
492 2571 730 2634 αὐτούς’
770 2573 818 2625 οἱ
876 2568 967 2626 οὖν
1016 2572 1368 2639 ἀπειθοῦντες
1416 2570 1567 2630 οὗτοι
1619 2577 1715 2631 νῦν

124 2668 188 2733 τῇ
227 2664 317 2717 διὰ
351 2663 460 2717 τῶν
487 2665 659 2733 ἁγίων
710 2664 868 2735 ἡμῶν
927 2666 1189 2736 Πατέρων
1242 2652 1361 2719 τού
1394 2669 1714 2738 Πνεύματος

122 2756 467 2828 διδασκαλίᾳ,
529 2758 624 2827 καὶ
699 2756 1072 2829 λοιδοροῦντες
1135 2761 1286 2830 ἡμᾶς
1336 2762 1464 2823 τοὺς
1506 2761 1713 2824 αὐτοῖς

121 2847 545 2916 ὁμολογοῦντας,
570 2847 811 2917 πολλοὺς
857 2848 1104 2916 γίνεσθαί
1147 2867 1278 2918 φασι
1321 2850 1493 2913 θεοὺς,
1526 2853 1559 2918 ἢ
1592 2850 1729 2905 σύν-”

124 2939 278 2992 θετον
338 2940 429 2993 τὸν
481 2940 599 3006 ἕνα,
647 2926 808 3011 εἰπερ
857 2942 889 3011 ἡ
939 2941 1059 2996 θεία
1115 2944 1364 3013 ἐνέργεια
1418 2943 1517 3014 τῆς
1567 2944 1713 3008 Θείας

122 3031 312 3094 οὐσίας
364 3032 634 3103 διαφέρει,
688 3030 784 3085 καὶ
855 3034 904 3085 εί
954 3032 1091 3097 ὅλως
1144 3034 1491 3104 ἐνθεωρεῖταί
1547 3053 1601 3088 τι
1646 3036 1711 3103 τῇ

121 3123 216 3175 τοῦ
245 3122 383 3175 Θεοῦ
431 3123 625 3193 οὐσίᾳ(
660 3122 1102 3196 ’Δγνοοῦσι’γὰρ,
1128 3125 1200 3187 ὡς
1231 3126 1353 3195 οὐχὶ
1387 3125 1447 3177 τὸ
1472 3127 1713 3196 ἐνεργεῖ-ι

126 3214 218 3267 καὶ
278 3215 311 3283 ἡ
363 3213 636 3285 ἐνέργεια,
673 3216 809 3268 ἀλλὰ
848 3218 908 3269 τὸ
937 3219 1167 3286 πάσχειν
1197 3216 1295 3269 καὶ
1345 3216 1515 3279 πάθος
1568 3217 1776 3296 ποιεῖς

121 3304 220 3376 τὴν
247 3304 614 3379 σύνθεσιν..βο
645 3305 699 3358 δὲ
729 3307 861 3372 Θεὸς
914 3309 1148 3377 ἐνεργεῖ,
1202 3307 1371 3377 μηδὲν
1419 3302 1579 3370 αὐτὸς
1614 3308 1715 3360 πά-

125 3381 304 3466 σχων,
328 3397 891 3467 μηδὲςᾶλλοιούμενος
927 3414 938 3428 ·
982 3399 1082 3452 οὐκ
1124 3400 1233 3468 ἄρα
1275 3398 1525 3460 σύνθετος
1560 3398 1713 3452 ἔσται

122 3489 211 3543 διὰ
240 3493 342 3560 τὴν
378 3491 684 3560 ἐνέργειαν.
716 3492 826 3544 Καὶ
854 3491 916 3544 τὸ
969 3492 1102 3560 πρὸς
1142 3492 1199 3543 τί
1240 3491 1297 3543 δὲ
1351 3494 1377 3543 ὁ
1430 3490 1560 3554 Θεὸς
1618 3491 1711 3543 καὶ

126 3583 259 3651 πρὸς
292 3581 390 3652 τὴν
430 3585 606 3635 κτίσιν
658 3582 793 3653 ἔχει,
845 3583 920 3647 ὡς
987 3584 1129 3653 ἁρχὴ
1173 3585 1271 3636 καὶ
1326 3585 1601 3653 Δεσπότης
1638 3581 1714 3636 ὣν

123 3675 315 3745 αὐτῆς,
386 3672 501 3727 ἀλλ’
551 3674 613 3726 οὐ
671 3675 1089 3747 συναριθμεῖται
1143 3678 1256 3739 τοῖς
1282 3678 1531 3745 γεγονόσι
1564 3676 1714 3747 παρὰ

122 3766 302 3819 10610.
355 3766 550 3819 Πολλοὶ
605 3766 664 3819 δὲ
720 3768 885 3821 πάλιν
934 3766 1053 3830 πῶς
1105 3767 1316 3821 ἔσονται
1373 3769 1484 3821 θεοὶ
1522 3768 1611 3821 διὰ
1654 3769 1715 3822 τὸ

123 3858 266 3928 ἔχειν
314 3857 405 3911 τὸν
458 3857 591 3910 Θεὸν
628 3859 933 3928 ἐνέργειαν,
984 3860 1142 3928 εἴπερ
1200 3860 1316 3921 ἑνός
1373 3861 1489 3912 ἐστι
1550 3857 1709 3924 Θεοῦ,

127 3949 330 4015 μᾶλλον
388 3947 444 3999 δὲ
500 3950 527 4000 ὁ
571 3948 732 4011 αὑτός
758 3949 1063 4011 ἐστινΘεὸς,
1098 3952 1131 4020 ἡ
1163 3950 1282 4003 θεία
1319 3952 1496 4015 ούσία,
1540 3951 1631 4003 καὶ
1680 3952 1714 4020 ἡ

125 4040 245 4092 θεία
285 4039 555 4108 ἐνέργεια.
598 4039 784 4109 Σαφὴς
834 4039 927 4093 οὖν
977 4042 1143 4104 ὅντως
1201 4042 1358 4094 τοῦτο
1404 4043 1565 4115 λῆρος
1614 4044 1711 4113 τῆς

123 4126 307 4179 αὐτῶν
337 4125 785 4195 φρενοϐλαόείας.

196 4218 354 4289 ρμς·’.
387 4219 571 4273 Εἰπὼν
595 4222 622 4272 ὁ
643 4221 844 4289 Κύριος
874 4220 1008 4291 πρὸς
1029 4221 1154 4284 τοὺς
1180 4219 1415 4284 οίκείους
1443 4222 1711 4293 μαθητὰς,

122 4310 203 4361 ὅτι
236 4328 254 4360 ι
288 4310 409 4362 Είσί
440 4326 585 4373 τινες
612 4311 723 4364 τῶν
754 4303 856 4364 ὦδε
892 4311 1225 4378 ἑστηκότων,
1281 4311 1342 4364 0i.
1376 4312 1435 4363 ού
1471 4313 1542 4381 μὴ
1584 4313 1712 4379 γεύ-

126 4413 326 4469 σωνται
361 4398 614 4463 θανάτου,
654 4398 758 4461 ἕως
824 4399 890 4452 ἂν
946 4398 1098 4451 ἴδωσι
1153 4400 1251 4469 τὴν
1307 4400 1583 4468 βασιλ;ίαν
1619 4402 1711 4454 106

124 4485 260 4539 Θεοῦ
329 4487 651 4557 ἐληλυθυῖαν
710 4491 766 4541 ὲν
819 4490 1069 4561 δυνάμει,
1107 4510 1123 4543 ι
1194 4492 1315 4561 μεθ’
1372 4495 1583 4563 ἡμέρας
1631 4494 1709 4561 ἒξ,

1807 660 1930 700 cum
1970 644 2043 698 sit
2091 642 2314 696 omnino
2345 637 2824 707 incomprehensa.
2860 635 3184 688 Nominatur
3221 636 3387 716 igitur

1805 751 1870 789 ex
1909 734 2165 805 omnibus
2200 732 2315 786 suis
2349 730 2762 799 operationibus
2788 744 2805 795 ;
2830 737 2883 781 et
2922 727 3125 780 nullum
3171 727 3243 779 ibi
3286 741 3385 779 no-

1809 827 2015 880 minum
2049 825 2118 878 ab
2143 824 2251 898 alio
2274 822 2672 894 signiﬁcatiooe
2701 818 2912 875 dili‘ert.
2972 818 3213 889 Singulis
3238 818 3381 871 enim

1807 926 1862 971 et
1892 916 2149 970 omnibus
2187 915 2322 969 nihil
2353 913 2497 968 aliud
2533 922 2755 965 vocatur
2806 926 2968 979 quam
3001 906 3384 962 absconditum

1806 1008 1939 1062 illud
1970 1007 2190 1061 minime
2219 1014 2404 1059 notum
2429 1005 2555 1071 quid
2585 1008 2673 1057 sit.
2714 1004 2786 1057 De
2815 1001 3222 1071 operationibus
3255 1013 3386 1053 vero

1807 1098 2028 1152 nomina
2074 1097 2285 1166 singuia
2326 1096 2594 1149 diversam
2636 1094 2835 1147 habent
2875 1092 3331 1163 signiﬁcationem
3369 1108 3384 1150 ;

1756 1194 1761 1199 ‘
1808 1189 1950 1267 quis
1978 1189 2120 1243 enim
2151 1188 2327 1242 nescit
2355 1202 2383 1240 a
2406 1200 2465 1240 se
2512 1186 2746 1240 invicem
2779 1186 3038 1239 distincta
3072 1197 3193 1236 esse
3227 1197 3386 1236 crea-

1809 1281 2032 1343 tionem,
2109 1279 2437 1339 dominium,
2480 1276 2768 1343 judicium,
2844 1274 3268 1344 providentiam,
3334 1282 3389 1325 et

1762 1370 1770 1376 ’
1808 1380 2047 1434 nostram
2082 1384 2145 1421 ex
2172 1371 2343 1439 gratia
2382 1368 2474 1423 Dei
2505 1366 2892 1439 adoptionem?
2925 1366 3027 1431 Qui
3060 1375 3190 1434 ergo
3224 1373 3388 1417 natu-

1808 1460 1948 1514 rales
1986 1460 2104 1513 illas
2155 1460 2245 1512 Dei
2274 1461 2642 1529 operationes,
2674 1467 2861 1525 utpote
2891 1460 2958 1513 ab
2988 1459 3225 1513 invicem
3266 1467 3320 1510 et
3358 1470 3386 1507 a

1770 1582 1773 1583 ν
1817 1534 2044 1608 πομπεῖ’
2077 1554 2256 1606 divina
2308 1553 2618 1614 distinctas,
2671 1552 2859 1605 dicunt
2925 1559 3164 1613 creatas,
3202 1563 3389 1602 nonne

1808 1647 1976 1701 Deum
2025 1646 2090 1701 ad
2147 1654 2458 1704 creaturam
2513 1642 2869 1714 deprimunt?
2908 1640 3043 1694 Nam
3096 1651 3303 1703 creata,
3334 1648 3388 1693 et

1809 1737 2132 1805 gubernata,
2166 1746 2222 1791 et
2265 1735 2530 1804 judicata,
2562 1745 2616 1789 et
2648 1734 2949 1803 generatim
2985 1733 3168 1786 omnia
3203 1731 3389 1800 hujus-

1810 1826 1951 1879 modi
2002 1834 2130 1879 sunt
2195 1834 2498 1891 creatum;
2547 1840 2649 1879 non
2702 1838 2829 1878 vero
2881 1823 2995 1891 ipse
3018 1822 3280 1885 ,Creator,
3329 1828 3387 1875 et

1810 1919 2091 1983 Dominus,
2134 1929 2186 1999 et
2215 1918 2410 1984 Judex,
2438 1933 2536 1971 nec
2577 1918 2755 1986 ipsum
2785 1915 3072 1986 judicium.
3103 1924 3156 1969 et
3203 1914 3385 1967 uomi-

1805 2010 1977 2075 nium,
2011 2019 2063 2063 et
2090 2009 2317 2076 crcatio,
2339 2024 2459 2079 qua:
2484 2019 2611 2063 sunt
2632 2006 2907 2062 naturales
2939 2006 3111 2074 ipsius
3138 2003 3308 2060 modi.

1882 2275 2003 2329 145.
2038 2274 2286 2329 Essentia
2329 2272 2443 2339 Dei,
2493 2273 2635 2326 sicut
2694 2273 2995 2341 nuncupari
3048 2288 3157 2326 non
3212 2279 3389 2341 potest

1807 2368 1935 2436 quia
1961 2374 2044 2420 est
2080 2370 2246 2435 supra
2286 2379 2479 2418 nomen
2511 2364 2663 2430 juxta
2701 2363 3003 2430 theologos,
3032 2362 3109 2417 ita
3140 2377 3241 2416 nec
3268 2378 3391 2437 par-

1809 2458 2049 2529 ticipari,
2128 2458 2255 2525 quia
2330 2465 2413 2510 cst
2473 2469 2637 2524 supra
2707 2454 3179 2524 participationem
3234 2456 3386 2524 juxta

1805 2552 2047 2605 eosdem.
2106 2548 2187 2602 illi
2239 2562 2367 2616 ergo
2423 2541 2513 2615 (ιιῆ
2559 2562 2699 2600 nunc
2740 2546 3059 2601 inobedinnt
3094 2545 3309 2599 traditae
3358 2560 3387 2597 a

1809 2640 2012 2695 sanctis
2037 2639 2293 2693 Patrihus
2336 2639 2539 2692 nostris
2574 2636 2812 2708 Spiritus
2844 2638 3129 2701 doctrinm,
3178 2652 3390 2705 nosque

1807 2730 1893 2784 his
1928 2737 2351 2784 consentaneos-
2384 2729 2715 2795 obtrectant,
2751 2728 2944 2782 dicunt
2996 2730 3198 2782 multos
3265 2728 3380 2782 ﬁeri

1810 2822 1964 2884 deos,
1996 2822 2080 2873 νει
2114 2837 2288 2885 unum
2309 2822 2692 2889 compositum,
2724 2821 2975 2875 sidivina
3008 2821 3252 2891 Operatio
3278 2821 3389 2876 dis-

1798 2914 1974 2969 tincta
2009 2915 2082 2968 sit
2141 2913 2387 2965 a'divina
2409 2913 2673 2999 essentia,
2710 2921 2767 2967 et
2817 2912 2861 2965 si
2914 2912 3041 2982 quis
3091 2913 3284 2966 modus
3339 2912 3391 2966 in

1808 3007 2111 3061 substantia
2152 3003 2240 3058 Dei
2274 3005 2531 3059 resideat.
2566 3006 2823 3073 Ignorant
2852 3007 2996 3061 enim
3026 3023 3130 3061 non
3165 3008 3221 3059 in
3252 3021 3396 3074 ,ορε-

1810 3102 1982 3169 rando
2021 3107 2072 3153 et
2106 3101 2159 3151 in
2197 3098 2540 3166 Operatione,
2582 3098 2675 3150 sed
2713 3099 2763 3149 in
2805 3096 3063 3166 patiendo
3094 3108 3147 3150 et
3180 3099 3233 3152 in
3267 3113 3394 3168 pas-

1814 3196 1971 3245 sione
2004 3191 2119 3243 iieri
2158 3189 2634 3256 compositionem.
2672 3190 2742 3243 At
2775 3187 2920 3243 Deus
2958 3199 3241 3259 operatur,
3285 3204 3391 3241 non

1818 3284 1932 3354 ipse
1965 3283 2200 3350 patiens,
2234 3296 2334 3334 nec
2391 3290 2628 3335 mutatus
2663 3297 2678 3337 :
2707 3297 2812 3333 non
2864 3281 3027 3350 igitur
3056 3280 3395 3349 compositus

1814 3377 1917 3426 erit
1942 3380 2163 3440 propter
2187 3370 2585 3437 operationem.
2613 3370 2679 3423 Et
2712 3370 3035 3423 relationem
3062 3370 3223 3422 habet
3251 3370 3396 3423 Deus

1814 3464 1879 3515 ad
1916 3472 2245 3527 creaturam,
2300 3472 2485 3528 utpote
2531 3461 2689 3531 hujus
2737 3462 3065 3531 principium
3115 3470 3168 3514 et
3217 3460 3395 3515 Domi-

1813 3566 1932 3614 nus,
1969 3551 2061 3605 sed
2100 3566 2205 3604 non
2267 3552 2685 3615 itleocreaturis
2722 3564 3138 3605 annumeratur.
3177 3552 3390 3615 Adhuc,

1812 3645 2085 3714 quomodo
2119 3644 2271 3697 multi
2306 3654 2463 3698 erunt
2491 3644 2565 3697 dii
2621 3660 2685 3697 ex
2731 3657 2797 3696 eo
2841 3646 2985 3712 quod
3039 3644 3200 3698 habet
3250 3646 3393 3698 Deus

1811 3738 2208 3806 operationem,
2245 3736 2508 3803 siquidem
2547 3735 2707 3787 unius
2747 3742 2875 3788 sunt
2921 3735 3033 3796 Dei.
3077 3736 3173 3790 seu
3209 3737 3393 3805 potius

1812 3844 1954 3883 unus
1984 3838 2110 3883 sunt
2138 3827 2298 3890 Dens,
2324 3827 2509 3880 divina
2539 3828 2773 3881 essentia
2808 3836 2861 3879 et
2884 3826 3062 3879 divina
3110 3816 3397 3896 operatio?

1809 3924 2126 3980 Clarissime
2156 3922 2322 3982 igitur
2350 3922 2401 3975 in
2437 3921 2539 3993 hoc
2573 3918 2807 3973 delirant
2836 3919 3258 3979 istldementcs.

1885 4201 2009 4256 ΗΘ.
2039 4201 2334 4271 Postquam
2370 4202 2584 4255 dixerat
2612 4200 2874 4255 Dominus
2908 4201 3021 4257 suis
3059 4202 3342 4274 discipulis
3376 4218 3393 4259 :

1817 4314 1833 4345 ι
1870 4295 2009 4350 Sunt
2034 4296 2252 4363 quidam
2290 4296 2356 4347 de
2387 4294 2476 4347 hic
2508 4294 2803 4358 stantibus,
2836 4294 2927 4363 qui
2956 4307 3062 4349 non
3098 4297 3395 4366 gustabunt

1811 4403 2063 4451 mortem,
2106 4390 2279 4443 donec
2303 4388 2524 4443 videant
2554 4402 2778 4456 regnum
2821 4387 2916 4442 Dei
2942 4389 3170 4443 veniens
3203 4390 3255 4443 in
3285 4389 3393 4443 viro

1812 4482 2011 4548 tute“;
2040 4492 2159 4552 post
2186 4481 2301 4535 dics
2320 4496 2412 4535 scx
2434 4495 2718 4534 assumens
2741 4477 2980 4543 Petrum,
3011 4492 3063 4533 et
3092 4479 3385 4545 Joannem,

128 4576 464 4646 παραλαϐὼν
484 4578 576 4630 τὸν
605 4580 835 4650 Πέτρον,
866 4583 960 4633 καὶ
1009 4582 1291 4646 Ἰάκωϐον,
1324 4585 1418 4635 καὶ
1459 4584 1711 4655 Ἰωάννην

1808 4588 1861 4631 et
1894 4576 2196 4631 ascendens
2232 4576 2283 4628 in
2319 4585 2557 4629 montem
2590 4574 2831 4639 Thabor,
2870 4574 3206 4642 respleuduit
3242 4574 3391 4629 sicut

127 4667 220 4730 xui.
250 4669 333 4729 είς
374 4668 434 4719 τὸ
479 4670 763 4740 Θαϐώριον
808 4669 932 4741 ὄρος
980 4672 1221 4725 ἀνελθὼν
1271 4674 1512 4743 ἔλαμψεν
1573 4675 1647 4738 ὡς
1685 4676 1712 4726 ὁ

1809 4671 1913 4733 sol,
1971 4678 2023 4723 et
2078 4668 2403 4723 vestimenta
2449 4666 2572 4735 ejus
2613 4664 2752 4721 facta
2793 4676 2923 4721 sunt
2970 4668 3200 4720 candida
3252 4666 3397 4721 sicut

124 4756 277 4823 ἥλιος
306 4772 321 4785 ⁸
353 4760 449 4811 καὶ
486 4760 555 4812 τά
606 4760 798 4828 ἱμάτια
842 4761 1007 4834 αὑτοῦ
1062 4765 1280 4829 ἐγένετο
1336 4764 1504 4816 λευκὰ
1543 4764 1618 4827 ὡς
1652 4766 1711 4818 τὸ

1809 4762 1942 4825 lux;
2002 4767 2057 4812 et
2111 4775 2216 4813 non
2276 4768 2528 4828 poterant
2583 4758 2674 4811 ille
2709 4759 2983 4828 respicere
3014 4757 3269 4827 amplius,
3301 4760 3396 4812 sed

128 4848 240 4913 φῶς
274 4865 289 4878 ο
339 4850 400 4901 οὐ
465 4853 575 4921 γάρ
630 4851 894 4920 ἠδύναντο
945 4855 1159 4909 .ὲκεῖνοι
1213 4855 1442 4925 βλέπειν
1506 4855 1709 4909 πλέον’

1812 4855 1991 4921 potius
2034 4852 2217 4906 lumen
2245 4852 2391 4905 'illud
2436 4866 2555 4905 non
2590 4851 2830 4905 valentes
2868 4851 3094 4916 intueri,
3135 4852 3289 4921 proni
3342 4854 3397 4905 in

131 4934 333 5009 μᾶλλον
362 4942 416 4995 δὲ
445 4944 537 4996 καὶ
567 4945 705 5016 πρὸς
738 4946 835 5018 τὴν
875 4948 1083 5019 λάμψιν
1132 4951 1336 5021 ταύτην
1370 4954 1469 5005 οὺκ
1500 4952 1711 5023 ἰσχύον-

1810 4954 2012 4998 terram
2031 4945 2372 4996 ceciderunt.
2408 4943 2581 4996 Simul
2610 4943 2881 5006 viderunt,
2902 4943 3054 5013 juxta
3082 4939 3397 5012 promissio-

128 5052 215 5097 τες
251 5034 544 5100 ἁτενίζειν,
576 5042 803 5109 πρηνεῖς
857 5041 936 5101 είς
988 5037 1091 5110 γῆν
1140 5044 1461 5098 κατέπεσον.
1521 5046 1711 5113 Ὅμως

1812 5051 1937 5089 nem
1975 5033 2297 5097 Salvatoris,
2336 5050 2562 5105 regnum
2582 5033 2708 5107 Dei,
2734 5035 2977 5090 divinum
3012 5050 3208 5103 nempe
3263 5034 3395 5088 illud

130 5126 294 5194 εἶδον,
335 5131 475 5181 κατὰ
512 5130 611 5202 τὴν
644 5131 978 5199 ἐπαγγελίαν
1011 5133 1105 5187 τοῦ
1156 5136 1426 5205 Σωτῆρος,
1474 5137 1572 5208 τὴν
1626 5139 1717 5209 βα-

132 5221 336 5275 σιλείαν
361 5222 455 5275 τοῦ
485 5224 643 5297 Θεοῦ,
698 5226 779 5278 τὸ¹
817 5227 996 5280 θεῖκὸν
1054 5230 1230 5281 ἐκεῖνο
1283 5232 1377 5282 καὶ
1405 5231 1716 5303 ἀπόρρητον

133 5312 286 5380 φῶς*
339 5310 372 5389 ὃ⁴
417 5314 715 5386 Γρηγόριος
770 5317 870 5386 μὲν
896 5319 994 5373 καὶ
1034 5319 1318 5382 Βασίλειος
1373 5323 1421 5373 οἱ
1466 5324 1713 5392 μεγάλοι,

133 5404 363 5474 θεύτητα
429 5407 924 5477 προσαγορεύουσι,
958 5402 1124 5477 Φῶς,
1150 5410 1421 5478 λέγοντες,
1465 5414 1497 5483 ὴ
1533 5430 1717 5484 παρα·-

132 5486 629 5570 δειχθείστίθεότης
670 5503 764 5553 ἐπὶ
802 5501 898 5554 106
941 5502 1100 5573 ὅρους
1136 5508 1247 5569 τοῖς
1286 5506 1585 5577 μαθηταῖς,
1625 5508 1717 5560 καὶ

138 5590 326 5651 κάλλος
344 5589 450 5643 '106
485 5591 654 5654 ὅντως
687 5592 937 5661 δυνατοῦ,
973 5598 1004 5666 ἡ
1056 5597 1222 5666 νοητὴ
1250 5599 1414 5651 αὑτοῦ
1448 5600 1541 5652 καὶ
1581 5600 1715 5652 θεω-

138 5679 276 5753 ρητὴ
307 5682 520 5751 θεότης.
558 5683 619 5738 '0
665 5686 776 5757 γὰρ
824 5687 999 5757 μέγας
1047 5688 1322 5753 Βασίλειος
1372 5693 1465 5745 καὶ
1520 5691 1717 5755 κάλλος

125 5777 149 5814 \

198 5860 242 5913 ‘7
272 5880 591 5956 Marc..mt,
632 5884 719 5937 '59.
757 5902 773 5932 r

1815 5141 1865 5183 et
1903 5118 2173 5182 iucﬂ‘ab'tle
2201 5128 2402 5193 lumen,
2439 5129 2583 5196 quod
2619 5132 2795 5198 magni
2830 5130 3128 5199 Gregorius
3159 5136 3212 5183 et
3248 5126 3397 5181 Basi-

1816 5221 1918 5276 'ius
1950 5221 2289 5274 divinitatem
2325 5221 2623 5287 appellant,
2656 5221 2901 5275 dicentes
2932 5238 2945 5275 :
2986 5239 3005 5272 ι
3046 5220 3249 5274 Lumen
3305 5232 3390 5274 est

1815 5299 2070 5368 divinitas
2088 5312 2376 5382 discipulis
2402 5313 2456 5367 in
2486 5322 2671 5369 monte
2694 5313 3059 5378 manifestata,
3078 5324 3131 5367 et
3154 5312 3393 5382 pulchri-

1813 5410 1944 5461 tudo
1996 5405 2826 5476 Omnipotentis,.intelligibilis
2885 5407 3006 5476 ejus
3057 5406 3394 5474 visibilisque

1806 5497 2093 5563 divinitas.
2133 5515 2151 5548 ι
2186 5497 2415 5567 Magnus
2442 5498 2586 5552 enim
2618 5492 2852 5554 Basilius
2881 5502 3055 5553 lucem
3111 5498 3259 5551 illam
3307 5495 3389 5550 di-

1814 5590 1889 5643 cit
1914 5604 2036 5645 esse
2076 5591 2534 5659 pulchritudinem
2570 5591 2687 5657 Dei,
2718 5592 2850 5645 solis
2889 5590 3391 5646 sanctisvisibilent

1814 5683 1871 5737 in
1901 5683 2103 5736 virtute
2140 5681 2309 5737 diviui
2340 5681 2596 5749 Spiritus.
2627 5683 2805 5753 ltaQue
2856 5685 3042 5739 subdit
3094 5698 3110 5740 :
3146 5700 3167 5735 ι
3233 5681 3384 5736 Vittc'
