4108 6330
700 303 838 363 1215
1939 311 2328 370 GREGOHII

697 425 752 470 et
809 416 1184 470 insubstantiae
1225 427 1436 472 caetera
1491 433 1684 472 omnes
1730 422 2166 478 considerantur.
2197 425 2259 474 At
2289 427 2335 484 Α

702 507 845 561 Deus
876 509 1180 562 substantia
1214 510 1753 578 supersubstantialis
1780 524 1884 570 est.
1909 515 1960 565 in
1992 530 2095 582 qua
2129 531 2260 566 cou-

701 595 1017 648 siderantur
1075 603 1283 648 tantum
1341 598 1531 651 relatio
1561 609 1611 652 et
1651 602 1816 662 actio,
1851 601 2050 654 nullam
2105 603 2155 654 in
2199 618 2259 653 ea

703 688 976 740 lacientes
1041 689 1489 756 compositionem
1551 701 1644 744 aut
1713 694 2087 745 mutationem.
2143 695 2266 762 Agit

700 779 843 829 enim
870 781 1050 832 omnia
1089 778 1250 844 Deus,
1282 781 1412 834 nihil
1447 782 1557 848 ipse
1592 783 1643 836 in
1682 785 1980 837 substantia
2029 788 2260 852 patiens.

705 869 799 920 Est
855 871 1015 921 etiam
1077 870 1304 925 Creator
1350 872 1568 924 relative
1611 873 1677 926 ad
1735 885 2063 936 creaturam,
2101 885 2263 946 atque

709 961 1027 1028 principium
1084 972 1140 1015 et
1193 960 1472 1027 Dominus,
1524 974 1789 1032 quatenus
1826 966 1938 1019 hzec
1996 967 2065 1020 ab
2134 969 2253 1036 ipso

711 1063 898 1105 exnr-ta
935 1062 1016 1106 est
1051 1068 1112 1106 ac
1140 1055 1428 1129 dependet.
1467 1055 1562 1108 Est
1611 1071 1826 1124 quoque
1857 1057 2016 1112 Pater
2058 1070 2260 1123 noster,

704 1145 875 1208 gratia
911 1160 1008 1198 nos
1044 1160 1391 1213 regenerans.
1429 1145 1521 1199 Est
1553 1146 1726 1200 adhuc
1754 1146 1913 1200 Pater
1944 1148 2164 1202 relative
2197 1150 2263 1203 ad

701 1244 962 1287 aiternum
1019 1234 1235 1298 Filium,
1262 1246 1312 1289 et
1357 1235 1523 1289 Filius
1566 1237 1787 1291 relative
1820 1243 1882 1288 ad
1933 1238 2170 1303 Patrem,
2212 1252 2266 1292 et

713 1326 1012 1387 procedens
1047 1339 1074 1375 a
1109 1323 1266 1377 Patre
1306 1325 1564 1391 Spiritus,
1597 1328 1686 1393 qui
1724 1339 1804 1380 est
1845 1345 1968 1380 cum
2013 1327 2173 1383 Patre
2211 1342 2266 1383 et

705 1413 841 1465 FlllO
860 1419 1159 1468 comternus
1200 1425 1252 1467 et
1272 1414 1429 1468 unius
1447 1416 1792 1483 ejusdemque
1811 1418 2143 1473 substantiae.
2164 1419 2265 1485 Qui

707 1519 835 1555 vero
867 1505 1051 1577 dicunt
1087 1506 1249 1558 Deum
1273 1522 1389 1559 esse
1425 1523 1626 1561 metam
1667 1508 2038 1575 substantiam,
2067 1513 2118 1564 in
2160 1527 2264 1580 qua

714 1596 892 1649 nullus
932 1597 1117 1651 modus
1154 1599 1410 1663 resideat,
1444 1601 1520 1652 sic
1554 1602 1820 1654 actionem
1863 1604 2265 1670 operationem—

711 1705 815 1754 que
835 1698 886 1742 et
913 1689 1226 1744 relationem
1250 1691 1359 1745 Deo
1385 1693 1652 1747 auferunt.
1683 1693 1734 1746 Si
1764 1705 1944 1750 autem
1970 1696 2066 1750 has
2090 1698 2268 1752 inesse

710 1779 817 1832 Deo
853 1792 1068 1848 negaui,
1098 1782 1227 1834 nihil
1262 1784 1389 1852 agit,
1421 1784 1566 1848 facit,
1597 1795 1688 1838 aut
1722 1799 2003 1855 operatur,
2045 1803 2144 1842 nec
2183 1801 2268 1843 est

710 1873 1057 1943 principium,
1085 1874 1313 1930 Creator
1353 1887 1447 1929 aut
1481 1874 1760 1940 Dominus,
1802 1892 1902 1931 uec
1943 1876 2106 1934 Pater
2171 1895 2270 1934 no-

702 1977 818 2019 ster
851 1977 930 2020 est
966 1968 1259 2022 secundum
1287 1969 1535 2036 gratiam.
1557 1967 1834 2034 Quomodo
1868 1971 2011 2024 enim
2036 1971 2152 2026 hac
2184 1987 2272 2026 es-

705 2065 810 2115 set,
843 2055 895 2107 in
930 2055 1231 2109 substantia
1280 2073 1374 2109 sua
1417 2058 1602 2110 modos
1636 2058 1916 2111 relationis
1944 2069 1999 2111 et
2039 2062 2270 2114 actionis

706 2160 814 2198 non
845 2145 1094 2205 habens?
1121 2145 1380 2201 Attl'eriur
1417 2150 1578 2200 etiam
1627 2163 1976 2216 personarum
2031 2151 2272 2204 diversa-

715 2251 831 2287 rum
866 2235 1128 2301 Trinitas,
1168 2237 1210 2289 si
1232 2236 1372 2290 absit
1397 2251 1426 2290 a
1458 2237 1548 2291 Dei
1573 2238 1873 2291 substantia
1912 2239 2104 2296 modus
2135 2241 2271 2293 rela-

717 2327 903 2380 tionis.
937 2326 1038 2392 Qui
1071 2338 1249 2381 autem
1282 2343 1381 2381 nec
1415 2330 1590 2381 triuus
1623 2333 1868 2397 personis
1899 2346 1997 2383 nec
2026 2330 2268 2383 omnium

708 2415 969 2470 Dominus
994 2426 1096 2480 est,
1135 2430 1238 2470 non
1290 2426 1372 2470 est
1411 2415 1573 2472 Deus.
1615 2416 1771 2471 Athei
1808 2432 1942 2488 ergo
1997 2429 2128 2473 sunt
2178 2421 2268 2488 qui

706 2508 783 2560 sic
810 2507 1136 2560 adversariis
1167 2509 1533 2561 consentiunt.

775 2668 902 2724 155.
929 2667 1101 2722 liabet
1128 2667 1273 2722 Deus
1307 2669 1468 2723 etiam
1501 2670 1642 2739 quod
1672 2685 1776 2727 non
1819 2679 1903 2727 est
1931 2674 2265 2730 substantia.

701 2761 817 2827 Non
851 2770 1028 2816 tamen
1086 2762 1214 2830 quia
1266 2763 1367 2815 hoc
1400 2776 1504 2815 non
1536 2771 1619 2817 est
1653 2764 1980 2829 substantia,
2020 2764 2144 2820 ideo
2185 2774 2272 2822 est

706 2852 958 2907 accidens
992 2871 1004 2906 :
1047 2852 1197 2918 Quod
1219 2853 1361 2906 enim
1389 2852 1533 2907 haud
1573 2854 1745 2908 solum
1780 2871 1886 2910 non
1911 2857 2136 2920 recedit,
2173 2856 2268 2910 sed

708 2957 807 2998 nec
859 2953 1211 3014 augmentum
1261 2952 1357 2998 aut
1401 2945 1838 3000 imminutionem
1885 2948 2271 3014 quamcunque

709 3033 899 3100 recipit
929 3045 1022 3088 aut
1064 3035 1288 3104 patitur,
1323 3034 1547 3090 minime
1597 3038 2152 3105 annumerari'potest
2176 3052 2270 3090 ac-

703 3127 1031 3182 cidentibus.
1065 3125 1169 3180 Sed
1197 3141 1260 3180 ex
1290 3140 1357 3180 eo
1387 3129 1532 3195 quod
1590 3142 1765 3196 neque
1812 3127 2066 3184 accidens
2091 3143 2268 3198 neque
2295 3117 2340 3176 C

705 3217 1011 3274 substantia
1066 3218 1156 3282 sit,
1187 3233 1295 3271 non
1344 3218 1466 3273 ideo
1502 3233 1710 3274 merum
1731 3223 1824 3275 est
1866 3219 2134 3287 ~nihilum,
2171 3221 2267 3275 sed

717 3316 930 3370 exsistit
961 3325 1015 3370 et
1045 3314 1328 3369 verissime
1359 3316 1593 3370 exsistit.
1619 3316 1780 3383 Atqui
1839 3331 1942 3370 non
1995 3325 2085 3371 est
2126 3318 2270 3370 acci—

705 3405 862 3469 deus,
885 3404 1013 3474 quia
1047 3404 1267 3458 omnino
1312 3404 1645 3458 immutabile
1690 3413 1817 3460 est:
1870 3419 1974 3458 nec
2009 3413 2094 3459 est
2138 3409 2269 3458 sub-

715 3497 986 3563 sistentia,
1021 3496 1149 3564 quia
1201 3511 1307 3550 non
1362 3505 1444 3550 est
1471 3480 1566 3548 etis
1608 3497 1660 3549 in
1697 3510 1757 3549 se
1786 3497 2110 3550 subsistens.
2145 3495 2271 3549 Ideo

716 3590 974 3645 accidens
1030 3590 1371 3658 aliquatenus
1437 3604 1466 3642 a
1527 3589 1807 3645 nonnullis
1862 3589 1993 3644 illud
2048 3598 2272 3643 vocatur

714 3681 998 3752 theologis,
1025 3682 1116 3752 qui
1163 3683 1446 3735 ostendere
1492 3690 1700 3734 tantum
1760 3681 1950 3734 volunt
1986 3682 2115 3734 illud
2161 3698 2268 3735 non

713 3787 835 3828 esse
905 3775 1289 3828 substantiam.
1354 3772 1495 3836 Quid
1559 3771 1747 3826 enim?
1804 3773 1930 3840 quia
1985 3774 2273 3841 personale

709 3864 966 3935 quodque
1008 3866 1329 3918 attributum
1375 3872 1428 3918 et
1474 3878 1830 3933 personarum
1892 3840 2272 3933 unaquaeque:

710 3973 812 4013 uec
857 3957 1164 4012 substantia
1213 3965 1294 4010 est
1327 3970 1428 4010 nec
1468 3955 1721 4009 accidens
1752 3955 1806 4008 in
1839 3953 1965 4018 Deo,
1995 3971 2122 4008 num
2194 3956 2272 4007 id-

716 4050 862 4104 circo
893 4063 1098 4103 merum
1121 4055 1204 4101 est
1235 4046 1506 4100 nihilum?
1528 4044 1700 4099 Absit.
1729 4041 1862 4096 item
1901 4043 2062 4112 igitur
2085 4043 2266 4096 divina

716 4143 808 4197 Dei
832 4141 1078 4211 operatio
1119 4155 1218 4195 nec
1247 4140 1552 4193 substantia
1603 4153 1700 4190 nec
1737 4137 1990 4190 accidens
2018 4146 2139 4202 est,
2173 4127 2272 4191 nec

647 4231 656 4243 ’
713 4245 890 4289 tamen
925 4248 1131 4288 merum
1163 4243 1245 4287 est
1273 4230 1517 4284 nihilum.
1548 4227 1610 4281 Et
1640 4239 1701 4282 ut
1743 4230 1920 4282 dicam
1948 4228 2095 4296 quod
2149 4243 2270 4282 om-
2307 4235 2312 4240 '

711 4340 807 4390 nes
838 4325 1134 4380 admittunt
1157 4320 1416 4386 theologi,
1448 4319 1490 4373 si
1519 4319 1803 4375 voluntate
1835 4318 1945 4388 agit
1982 4313 2150 4383 Deus,
2169 4333 2271 4371 nec

709 4432 856 4474 mera
876 4427 1084 4480 natura,
1130 4414 1235 4469 alia
1294 4414 1453 4482 igitur
1506 4423 1587 4467 est
1634 4413 1882 4468 voluntas
1939 4426 2102 4480 quam
2162 4426 2262 4464 na-
2299 4398 2342 4452 Ῐ)

707 4521 854 4565 tura.
894 4509 1159 4563 Siautem
1199 4506 1382 4561 divina
1416 4504 1666 4559 voluntas
1698 4504 1808 4558 alia
1859 4513 1942 4558 est
1971 4494 2133 4571 (ηοω
2172 4518 2268 4577 na-

709 4613 830 4656 tura
866 4601 1072 4664 di’viua,
1100 4613 1199 4654 nec
1248 4608 1424 4652 tamen
1450 4607 1564 4652 -εει
1611 4594 1935 4661 substantia,
1963 4610 2088 4648 num
2148 4593 2270 4652 ideo

707 4693 1021 4748 nullatenus
1048 4689 1299 4746 exsistit?
1351 4688 1776 4758 Haudquaquam
1803 4703 1820 4755 ;
1869 4691 1965 4742 sed
2015 4685 2264 4750 exsistit,

707 4788 833 4857 quia
866 4787 1009 4841 Deus
1035 4778 1146 4840 non
1178 4780 1537 4839 substantiam
1574 4783 1770 4862 solum,
1793 4781 1887 4862 sed
1922 4790 1974 4835 et
2017 4777 2270 4834 volunta-

707 4889 814 4934 tem
844 4877 1010 4932 habet
1043 4888 1150 4944 qua
1183 4867 1315 4944 agit,
1346 4874 1461 4927 sive
1491 4873 1742 4927 accidens
1790 4867 1931 4926 forte
1969 4871 2112 4925 hanc
2163 4868 2270 4923 ali-

710 4967 835 5039 quis
868 4981 1068 5022 vocare
1098 4966 1225 5020 velit
1255 4973 1523 5031 quatenus
1555 4979 1658 5017 non
1681 4972 1765 5017 est
1799 4962 2123 5024 substantia,
2140 4960 2269 5016 sive

716 5069 822 5110 non
871 5054 1124 5108 accidens
1185 5061 1452 5121 quatenus
1501 5050 1699 5106 nullam
1742 5051 1876 5105 facit
1921 5051 2270 5118 compositio-

707 5163 827 5202 nem
858 5155 948 5211 aut
975 5146 1346 5200 mutationem.
1369 5142 1538 5199 Habet
1551 5145 1710 5214 igitur
1737 5143 1900 5208 Deus,
1931 5154 1986 5199 et
2015 5143 2160 5213 quod
2185 5153 2269 5199 est

713 5239 1039 5303 substantia,
1072 5229 1298 5304 et'quod
1331 5251 1436 5290 non
1463 5246 1544 5289 est
1577 5229 1900 5299 substantia,
1926 5236 2174 5305 quamvis
2213 5237 2266 5290 id

710 5349 814 5386 non
847 5341 1068 5385 vocetur
1093 5331 1369 5395 accidens,
1400 5329 1636 5384 divinam
1692 5331 1901 5384 scilicet
1933 5328 2265 5383 voluntatem

706 5433 761 5478 et
787 5423 1189 5491 operationem.

779 5515 905 5570 156.
935 5501 1200 5577 Essentia,
1224 5514 1270 5568 si
1293 5529 1396 5568 non
1419 5513 1786 5582 operationem
1809 5512 2062 5569 habeat‘a
2085 5513 2268 5579 seipsa

708 5607 1044 5671 distinctam,
1073 5609 1293 5662 mintiue
1327 5616 1416 5666 esti
1440 5607 1764 5673 subsistens,
1793 5607 1885 5662 sed
1921 5605 2268 5672 meraintel-

706 5701 880 5759 iectus
902 5702 1041 5760 idea.
1077 5701 1212 5758 Nam
1245 5701 1409 5756 homo
1442 5701 1495 5754 in
1538 5715 1719 5770 genere
1760 5701 1938 5758 dictus
1979 5716 2086 5758 non
2119 5701 2268 5772 cosi-

2375 312 2460 368 ΡΑ
2473 313 2619 370 ΙΣΛΜ
3801 305 3946 369 1216

2373 412 2568 481 ἑφεξῆς
2600 415 2667 483 τῇ
2693 413 2849 483 οὐσία
2874 414 3348 485 ὲνθεωρουμένων,
3371 417 3399 468 6
3423 416 3552 479 Θεὸς
3575 419 3744 472 οὐσία
3777 421 3955 490 ὑπερ-

2370 501 2548 564 eam;
2585 505 2732 555 ἐστιν
2765 520 2778 532 ·
2895 505 3239 573 ὲνθεωρεῖται
3290 508 3447 575 μόνα,
3503 509 3563 559 τὸ
3624 511 3766 577 πρός
3803 511 3860 560 τί
3901 528 3960 562 τε

2375 594 2462 644 καὶ
2508 594 2569 644 τὸ
2596 596 2790 657 ποιεῖν,
2819 595 3075 663 οᾷδεμίαν
3109 595 3436 663 ἐμποιοῦντα
3466 596 3642 667 ταύτῃ
3693 600 3959 652 σύνθεσιν

2373 684 2740 753 ἢάλλοίωσιν.
2804 689 2951 738 [ιοιεί
3003 695 3109 754 γὰρ
3163 689 3232 738 τὰ
3287 689 3464 740 πάντα
3514 691 3540 741 6
3591 689 3755 755 Θεὸς,
3789 691 3961 759 μηδὲν

2373 776 2533 837 αὐτὸς
2573 778 2796 844 πάσχων
2843 776 2962 827 κατ’
3011 777 3215 830 οὐσίαν.
3268 777 3422 829 Ἐστι
3469 775 3526 828 δὲ
3571 778 3663 828 καὶ
3723 779 3962 845 κτίετης

2375 864 2510 933 πρὸς
2575 863 2672 934 τὴν
2730 865 2924 927 κτίσιν,
2976 866 3071 917 καὶ
3123 869 3263 936 ἀρχὴ
3316 869 3410 919 καὶ
3462 868 3744 934 Δεσπότης
3787 871 3965 936 αὐτῆς

2373 958 2682 1027 ἠργμένης,
2717 961 2809 1010 καὶ
2833 959 2999 1027 αὐτῆς
3021 958 3402 1026 δουλευούσης.
3442 959 3599 1011 ’Λλλὰ
3637 962 3738 1012 καὶ
3769 963 3967 1029 Πατὴρ

2375 1048 2531 1115 ἡμῶν
2563 1051 2731 1108 ἐστιν.
2762 1051 3067 1116 ἀναγεννῶν
3094 1051 3240 1116 ἡμᾶς
3268 1053 3330 1119 τῇ
3369 1050 3549 1118 χάριτι
3575 1069 3587 1080 ·
3621 1051 3744 1103 ἔστι
3777 1052 3835 1103 δὲ
3872 1055 3968 1104 καὶ

2369 1139 2563 1207 Πατὴρ
2596 1139 2728 1208 πρὸς
2762 1139 2852 1190 τὸν
2883 1138 3144 1207 μηδαμῶς
3177 1140 3451 1214 ἠργμένον
3488 1142 3766 1208 χρονικῶς
3812 1144 3964 1207 Υἱὸν,

2377 1228 2470 1279 καὶ
2499 1229 2622 1290 Υἱὸς
2653 1230 2786 1298 πρὸς
2828 1230 2919 1282 τὸν
2966 1231 3186 1297 Πατέρα
3213 1247 3225 1258 ·
3269 1233 3362 1282 καὶ
3407 1231 3703 1301 πρόϐλημα
3744 1233 3968 1302 Πατρὶς

2377 1323 2435 1373 τὸ
2467 1322 2710 1390 Πνεῦμα,
2745 1323 3008 1374 συναῖὸιον
3039 1323 3210 1391 Πατρί
3245 1341 3300 1375 τε
3336 1324 3432 1375 καὶ
3470 1322 3604 1391 Υίῷ,
3649 1327 3792 1390 μιᾶς
3834 1328 3964 1378 ὄντα

2379 1416 2472 1466 καὶ
2502 1415 2602 1481 τῆς
2637 1415 2803 1484 αὐτῆς
2837 1415 3046 1476 οὐσίας.
3092 1417 3155 1466 Ol
3189 1415 3244 1467 δὲ
3290 1415 3541 1483 λέγοντες
3585 1417 3788 1470 οὐσίαν
3822 1416 3962 1470 εἶναι

2380 1507 2538 1572 μόνον
2565 1505 2653 1556 τὸν
2679 1505 2833 1568 Θεὸν,
2879 1504 3043 1573 μηδὲν
3075 1503 3302 1573 ἔχουσαν
3333 1504 3803 1573 ὲνθεωρούμενον,
3839 1508 3961 1559 οὐδὲ

2377 1598 2436 1648 τὸ
2459 1601 2632 1649 ποιεῖν
2671 1596 2765 1648 καὶ
2815 1598 3080 1665 ἐνεργεῖν,
3139 1597 3257 1648 οὐδὲ
3310 1597 3371 1649 τὸ
3420 1599 3555 1665 πρός
3593 1616 3646 1649 τι
3682 1598 3839 1667 ἔχειν
3873 1601 3959 1652 τὸν

2378 1689 2510 1742 Θεὸν
2549 1689 3071 1750 κατασκευάζουσιν.
3127 1689 3189 1739 El.
3251 1687 3308 1740 δὲ
3375 1689 3450 1758 μὴ
3503 1689 3677 1742 ταῦτα
3731 1693 3851 1759 ἔχει
3906 1693 3961 1744 ὃν

2380 1782 2532 1834 αὐτοὶ
2560 1783 2839 1850 νομίζουσι
2867 1781 3021 1842 Θεὸν,
3045 1779 3162 1833 οὐδὲ
3209 1782 3458 1850 ἐνέργειά
3491 1783 3662 1847 ἐστιν,
3701 1786 3834 1836 οὐδὲ
3864 1786 3958 1850 δη-

2383 1873 2658 1943 μιουργὸς,
2694 1872 2810 1924 οὐδὲ
2839 1871 3117 1942 ἐνέργειαν
3154 1872 3264 1940 ἔχει
3299 1873 3453 1925 ’ἀλλ’
3502 1875 3623 1925 οὐδὲ
3676 1877 3830 1946 ἀρχὴ
3868 1879 3961 1930 καὶ

2379 1964 2601 2030 κτίστης
2625 1964 2717 2013 καὶ
2754 1963 3023 2030 Δεσπότης
3062 1979 3074 1991 ·
3115 1961 3233 2014 οὐδὲ
3258 1961 3445 2032 Πατὴρ
3479 1963 3635 2032 ήμῶν
3666 1966 3794 2016 ἐστι
3823 1969 3964 2018 κατὰ

2379 2053 2559 2123 χάριν.
2595 2052 2716 2116 Πῶς
2751 2033 2858 2121 γὲρ
2889 2052 2953 2105 ἂν
2985 2054 3068 2120 εἴη
3092 2052 3282 2112 ταῦτα,
3320 2052 3395 2122 μὴ
3433 2051 3865 2122 ὲνθεωροὺμενα
3897 2059 3960 2126 τῇ

2380 2142 2501 2194 καθ’
2534 2142 2725 2193 ἑαυτὸν
2754 2142 2931 2211 οὐσίᾳ,
2968 2143 3104 2211 ἔχων
3135 2142 3192 2194 τὸ
3245 2143 3378 2210 πρός
3413 2143 3466 2193 τί
3491 2161 3550 2195 τε
3603 2147 3698 2197 καὶ
3739 2152 3959 2213 ποιεῖν;

2381 2235 2782 2302 συναναιρεῖται
2805 2232 2859 2284 δὲ
2887 2234 2980 2284 καὶ
3008 2235 3066 2286 τὸ
3092 2237 3519 2304 τρισυπόστατον
3545 2237 3642 2306 τῆς
3673 2237 3960 2306 θεότητος,

2380 2325 2430 2380 ει
2465 2323 2539 2394 μὴ
2571 2326 2638 2394 τῇ
2660 2324 2752 2376 τοῦ
2782 2322 2915 2376 Θεοῦ
2937 2324 3093 2394 οὐσία
3123 2325 3696 2396 ὲνΘεωρούμενόνὲστι
3732 2329 3799 2381 τὺ
3825 2332 3960 2396 πρός

2367 2429 2442 2465 τι.
2477 2413 2536 2464 '0
2566 2411 2624 2465 δὲ
2665 2413 2737 2480 μὴ
2765 2411 3214 2480 τρισυπόστατος.
3239 2411 3356 2464 οὐδὲ
3386 2411 3480 2463 τοῦ
3514 2417 3719 2476 παντὸς
3752 2419 3960 2471 Δεσπόο

2368 2519 2466 2572 της
2488 2504 2610 2555 οὐδὲ
2633 2482 2786 2566 Θεός.
2821 2502 3007 2554 "Aeson
3030 2502 3318 2572 τοιγαροῦν
3372 2505 3511 2555 εἰσιν
3546 2505 3596 2556 οἱ
3641 2505 3789 2560 οὕτω
3819 2508 3961 2562 κατὰ

2369 2592 2494 2653 τοὺς
2516 2593 2791 2653 ἐναντίους
2822 2593 3165 2662 φρονοῦντες.

2443 2683 2569 2753 ρλε’.
2609 2685 2761 2753 Ἔχει
2786 2685 2812 2736 6
2840 2683 2995 2760 8565,
3025 2686 3121 2738 καὶ
3164 2685 3192 2738 ὃ
3233 2687 3307 2755 μή
3340 2687 3490 2740 ἐστιν
3525 2688 3706 2744 οὐσία.
3738 2692 3816 2744 Οὐ
3853 2693 3957 2762 μὴν

2367 2776 2449 2828 ὅτι
2469 2774 2627 2827 τοῦτο
2656 2776 2754 2827 οὐκ
2785 2775 2929 2829 ἐστιν
2957 2775 3138 2841 οὐσία,
3185 2778 3530 2849 συμϐεϐηκός
3561 2783 3680 2832 ἐστι
3713 2784 3826 2835 ’.τὸ
3852 2776 3957 2852 γὰρ

2373 2866 2449 2937 μὴ
2496 2867 2656 2937 μόνον
2702 2869 2801 2920 οὐκ
2858 2869 3272 2939 ἀπογινόμενον,
3307 2870 3421 2923 ἀλλ’
3473 2872 3581 2924 οὐδ’
3639 2860 3877 2944 αῧξησιν
3925 2878 3953 2944 ἦ

2373 2959 2597 3028 μείωσιν
2649 2959 2934 3028 ἡντιναοῦν
2975 2961 3378 3030 ἐπιδεχόμενον,
3433 2963 3466 3032 ἢ
3517 2965 3812 3032 ἐμποιοῦν,
3860 2969 3956 3019 οὐκ

2370 3051 2483 3101 ἐσθ’
2513 3051 2662 3113 ὅπως
2692 3053 2756 3105 ἂν
2783 3052 3166 3120 συναριθμοῖτο
3195 3054 3308 3130 τοῖς
3335 3053 3767 3123 συμϐεϐηκόσιν.
3816 3057 3953 3109 Ἀλλ’

2367 3143 2464 3212 οὐχ
2507 3144 2589 3196 ὅτι
2643 3146 2779 3214 μήτε
2809 3144 3160 3215 συμϐεϐηκός
3190 3146 3306 3197 ἐστι
3342 3144 3542 3208 τοῦτο,.
3579 3147 3718 3216 μήτε
3773 3148 3950 3212 οὐσία,

2367 3235 2474 3286 τῶν
2508 3236 2730 3306 μηδαμῆ
2774 3237 3039 3308 μηδαμῶς
3087 3237 3266 3306 ὄντων,
3311 3237 3458 3290 ἐστίν
3487 3253 3503 3268 ο
3560 3238 3677 3293 ἀλλ’
3710 3240 3832 3293 ἔστι
3864 3240 3953 3293 καὶ

2368 3325 2442 3388 ὡς
2473 3326 2688 3394 ἀληθῶς
2722 3329 2892 3381 ἔστιν.
2931 3328 3005 3380 Ui)
3041 3328 3484 3398 ahp656nx6q'6é
3539 3320 3711 3394 ἐστιν,
3765 3331 3949 3398 ἐπειδὴ

2368 3419 2713 3472 παντάπασιν
2741 3419 3116 3488 ἀμετάϐλητον
3151 3421 3317 3473 ἔστιν.
3373 3418 3513 3472 Ἀλλ’
3573 3422 3696 3473 οὐδὲ
3752 3423 3946 3474 οὐσία·

2367 3511 2591 3583 καὶγὰρ
2630 3513 2689 3565 οῦ
2735 3514 2841 3565 τῶν
2887 3512 3009 3564 καθ’
3056 3513 3214 3565 ἑαυτὸ
3245 3513 3631 3582 ὑφεστηκότων
3659 3517 3835 3568 ἐστίν.
3867 3518 3951 3569 Διὸ

2370 3603 2464 3655 καὶ
2488 3603 2833 3673 συμϐεϐηκός
2871 3601 2984 3666 πώς
3023 3605 3311 3676 ὲστιῇπαρ⁴
3367 3598 3443 3657 ῶν
3493 3604 3766 3674 θεολόγων
3793 3607 3949 3660 τοῦτο

2370 3695 2624 3763 λέγεται·
2679 3697 2834 3748 τοῦτο
2887 3695 3212 3750 δεικνύντων
3266 3696 3448 3765 μόνον,
3503 3697 3586 3750 ὅτι
3646 3698 3750 3750 οὐκ
3807 3698 3948 3752 ἔστιν

2369 3785 2542 3840 οὐσία.
2583 3787 2648 3839 Τί
2681 3787 2808 3855 γὰρ,
2864 3788 2987 3840 ἐπεὶ
3013 3789 3106 3839 καὶ
3134 3787 3241 3839 τῶν
3266 3789 3656 3842 ὑποστατικῶν
3693 3789 3946 3855 ἕκαστον,

2369 3877 2601 3933 καὶτῶν
2642 3879 2992 3933 ὑποστάσεων
3038 3879 3262 3948 ἑκάστη,
3310 3881 3393 3933 ὅτι
3439 3880 3579 3950 μήτε
3610 3880 3777 3934 οὐσία
3812 3883 3948 3944 tari,

2371 3972 2506 4041 μήτε
2538 3970 2882 4040 συμϐεϐηκὸς
2916 3971 3009 4023 ἐπὶ⁸
3031 3971 3189 4033 Θεοῦ,
3218 3971 3306 4024 διὰ
3335 3972 3493 4024 τοῦτο
3529 3971 3640 4024 τῶν
3681 3974 3947 4043 μηδαμῶς

2366 4061 2533 4113 ὄντων
2588 4063 2782 4124 ὲστίν;
2827 4064 3067 4130 Ἄπαγε.
3121 4063 3226 4115 Τὸν
3257 4064 3418 4115 αὑτὸν
3457 4062 3549 4115 οῦν
3595 4065 3808 4130 τρόπον
3859 4067 3947 4116 καὶ

2366 4157 2399 4226 ἡ
2432 4157 2550 4208 Θεία
2582 4157 2676 4228 τοῦ
2704 4156 2838 4209 Θεοῦ
2872 4157 3144 4226 ἐνέργεια,
3195 4157 3322 4213 οὔτε
3356 4158 3537 4221 οὐσία,
3575 4157 3703 4210 οὔτε
3751 4158 3954 4227 συμϐε-

2367 4248 2685 4317 ϐηκόςὲστι
2707 4265 2721 4279 ο
2767 4249 2858 4302 καὶ
2892 4249 2998 4300 τῶν
3043 4247 3306 4319 μηδαμῶς
3334 4251 3505 4319 ὄντων
3533 4249 3633 4302 οὐκ
3661 4250 3805 4303 ἐστι.
3847 4253 3951 4304 Καὶ

2367 4338 2434 4390 ἵν’
2486 4338 2627 4391 εἴπω
2660 4340 2718 4391 τὸ
2743 4341 2876 4392 πᾶσι
2904 4344 3016 4402 τοῖς
3061 4341 3328 4409 Θεολόγοις
3365 4341 3675 4394 συνδοκοῦν
3705 4359 3721 4374 ·
3787 4345 3853 4398 Εἰ
3897 4346 3953 4396 τὸ

2368 4430 2655 4500 βούλεσθαι
2709 4433 2853 4483 ποιεῖ
2877 4434 2904 4484 6
2927 4431 3080 4496 Θεὸς,
3108 4423 3358 4502 archol
3385 4433 3571 4496 ἁπλῶς
3595 4434 3676 4503 τῷ
3710 4414 3953 4504 πειρυκὲ-

2366 4540 2472 4582 ναι,
2505 4521 2634 4574 ἄλλο
2662 4523 2771 4593 ἄρα
2800 4525 2859 4576 τδ
2891 4523 3208 4591 βούλεσθαι,
3247 4527 3342 4578 καὶ
3373 4522 3562 4595 ἕτερον
3599 4527 3664 4578 τὸ
3706 4531 3952 4595 πεφυκέ-

2367 4632 2476 4667 ναι.
2511 4613 2579 4666 Εί
2637 4615 2695 4667 δὲ
2742 4614 2897 4666 τοῦτο
2954 4616 3046 4666 καὶ
3104 4617 3137 4685 ἡ
3195 4598 3314 4668 Θεία
3372 4615 3532 4686 βουλὴ
3571 4617 3676 4684 τῆς
3739 4619 3953 4687 φύσεως

2366 4705 2551 4774 ἕτερόν
2575 4706 2722 4757 ἐστιν
2750 4706 2840 4757 ἐπὶ
2866 4705 3022 4764 Θεοῦ,
3053 4708 3140 4758 καὶ
3162 4707 3261 4759 οὐκ
3299 4707 3443 4760 ἔστιν
3473 4707 3652 4770 οὐσία,
3682 4708 3775 4760 διὰ
3801 4709 3954 4763 τοῦτο

2366 4796 2616 4866 οὐδαμῶς
2640 4798 2788 4866 ἐστιν
2814 4814 2829 4862 ;
2862 4797 3138 4867 Οὑμενοῦν
3165 4815 3177 4829 ο
3232 4798 3344 4851 ἀλλ’
3376 4799 3512 4860 ἐστι,
3557 4801 3662 4852 καὶ,
3683 4801 3793 4854 τοῦ.
3822 4802 3952 4854 Θεοῦ

2368 4886 2463 4939 τοῦ
2502 4887 2577 4957 μὴ
2617 4887 2807 4941 οὐσίαν
2833 4905 3013 4959 μονον,
3053 4888 3188 4940 ἀλλὰ
3219 4890 3314 4941 καὶ
3346 4875 3543 4958 βουλὴν
3581 4889 3806 4960 ἔχοντος
3837 4894 3951 4945 καθ’

2369 4977 2436 5047 ἣν
2486 4979 2654 5041 ποιεῖ,
2702 4976 2805 5030 κᾶν
2860 4976 3206 5060 συμϐεϐηκός
3245 4995 3362 5040 πως
3395 4979 3601 5049 ταύτην
3655 4996 3742 5041 τις
3798 4981 3949 5052 ἐθέλῃ

2369 5070 2553 5123 καλεῖν
2583 5068 2660 5130 ὡς
2711 5069 2786 5138 μὴ
2838 5069 3026 5121 οὐσίαν
3081 5064 3267 5134 οὖσαν,
3331 5065 3435 5121 κᾶν
3473 5070 3546 5139 μὴ
3581 5068 3947 5142 συμϐεϐηκὸς,

2366 5162 2442 5226 ὡς
2509 5161 2784 5234 μηδεμίαν
2835 5159 3168 5229 ἐμποιοῦσαν
3222 5161 3491 5225 σύνθεσιν,
3544 5163 3584 5229 ἢ
3640 5161 3947 5218 ἀλλοίωσιν.

2373 5253 2528 5320 Ἔχει
2576 5251 2686 5320 ἄρα
2736 5251 2763 5303 ὀ
2811 5249 2942 5310 Θεὸς
2994 5251 3084 5301 καὶ
3131 5250 3158 5302 ὃ
3191 5249 3369 5314 οὐσία,
3402 5251 3496 5303 καὶ
3550 5249 3580 5302 ὃ
3639 5252 3716 5321 μὴ
3772 5255 3945 5319 οὐσία,

2371 5344 2469 5396 κᾶν
2505 5345 2552 5395 εί
2598 5343 2674 5413 μὴ
2707 5342 3050 5412 συμϐεϐηκὸς
3085 5345 3319 5396 καλοῖτο.
3369 5343 3466 5406 τὴν
3521 5343 3674 5397 θείαν
3709 5345 3945 5416 δηλονότι

2365 5437 2565 5507 βουλὴν
2600 5437 2695 5489 καὶ
2731 5435 3029 5506 ἐνέργειαν.

2441 5528 2581 5601 ρλςν.
2635 5527 2700 5579 Ἠ
2743 5527 2898 5579 οὐσία
2920 5527 2972 5577 ἐί
3009 5525 3084 5594 μὴ
3115 5525 3390 5594 ἐνέργειαν
3430 5527 3544 5596 ἔχει
3581 5527 3944 5601 διαφέρουσαν

2370 5609 2591 5689 ἑαυτῆς,
2661 5619 3052 5680 ἀνυπόστατος’
3082 5618 3232 5669 ἔσται
3281 5618 3501 5680 τελέως,
3558 5601 3660 5672 ἷιαὶ
3717 5621 3944 5685 διανοίας

2373 5712 2510 5786 μόνη
2540 5711 2823 5784 θεώρημα.
2866 5710 2924 5764 '0
2945 5711 3054 5780 γὰρ
3079 5710 3306 5765 καθόλου
3326 5695 3617 5781 λεγόμενος
3640 5711 3942 5783 ἄνθρωπος,
