4108 6330
156 418 294 485 1217

1039 417 1335 492 _CAPlTA
1394 414 1744 485 PHYSICA,
1782 412 2289 479 THEOLOGICA,
2334 411 2503 501 ETC.

3275 402 3408 466 1213

148 530 213 580 οὐ
246 528 555 592 διανοεῖται,
584 526 643 579 οὑ
679 524 911 593 δοξάζει,
942 526 1038 595 οὑχ
1064 526 1187 596 ὁρᾷ,
1219 526 1317 577 οὑκ
1356 524 1724 597 ὀσφραίνεται,

1834 534 1932 590 tat,
1969 541 2076 580 non
2151 527 2429 592 opinatur,
2462 539 2567 578 non
2601 522 2767 586 videt,
2820 535 2925 574 non
2984 518 3264 583 odoratur,
3297 534 3406 571 non

147 618 213 669 οὐ
236 617 409 678 λαλεῖ,
451 618 549 669 οὐκ
598 616 812 677 ἀκούει,
862 616 923 668 οὑ
959 616 1274 684 περιπατεῖ,
1327 615 1427 667 οὐκ
1478 615 1729 676 ἀναπνεῖ,

150 707 255 757 οὐκ
292 707 479 769 ἐσθίει,
520 706 610 758 καὶ
657 707 842 768 ἁπλῶς
895 707 1089 771 εἰπεῖν,
1140 707 1240 757 οὐκ
1296 704 1406 774 ἔχει
1451 705 1730 773 ἐνέργειαν

149 798 515 865 διαφέρουσαν
544 798 639 866 τῆς
671 798 874 861 οὐσίας,
918 798 1011 849 καὶ
1062 796 1349 849 δεικνῦσαν
1402 796 1485 847 ὅτι
1510 796 1567 848 ἐν
1597 796 1732 849 ὑπο-

154 889 342 939 στάσει
395 887 508 939 ἐστί
544 903 555 916 ·
597 888 675 939 διὸ
708 888 801 939 καὶ
848 888 1045 950 τελέως
1093 887 1461 949 ἀνυπόστατός
1511 888 1659 940 ἐστιν
1701 888 1729 940 ὁ

147 980 383 1031 καθόλου
409 978 715 1049 ἄνθρωπος.
769 980 829 1032 '0
859 980 915 1032 δὲ
962 980 1242 1050 ἐνέργειαν
1300 980 1539 1048 ἔμφυτον
1591 978 1728 1049 ἔχων

142 1071 511 1139 διαφέρουσαν
540 1073 639 1140 τῆς
665 1064 872 1135 οὐσίας,
906 1070 1213 1140 ἄνθρωπος,
1249 1072 1399 1139 μίαν,
1425 1071 1454 1138 ἦ
1488 1070 1726 1133 πλείους,

144 1162 182 1231 ἢ
217 1162 398 1221 πάσας
442 1162 677 1231 οἵασπερ
716 1161 946 1231 ἔφημεν,
983 1162 1041 1225 ἐξ
1069 1163 1245 1214 αὐτῶν
1276 1162 1603 1231 γνωρίζεται
1648 1162 1729 1214 ὅτι

141 1253 206 1301 ἐν
230 1252 525 1305 ὑποστάσει
560 1254 696 1314 ἐστὶ,
729 1255 818 1306 καὶ
874 1255 972 1307 οὐκ
1003 1256 1376 1317 ἀνυπόστατός
1404 1257 1550 1307 ἐστιν
1581 1257 1608 1307 ὁ
1634 1254 1730 1307 άν-

100 1392 116 1399 _
143 1340 387 1410 Ορωπος.
407 1342 557 1394 Ἐπεὶ
581 1343 633 1394 δὲ
662 1344 718 1395 αἱ
744 1344 985 1397 τοιαῦται
1017 1346 1309 1414 ἐνέργειαι,
1340 1346 1440 1397 οὐκ
1480 1344 1566 1412 ἐφ’
1592 1345 1726 1406 ἐνὸς,

139 1433 178 1500 ἢ
216 1433 330 1496 δύο,
367 1434 398 1500 ἢ
433 1434 617 1502 τριῶν,
650 1435 765 1487 ἀλλ’
812 1438 903 1489 ἐπὶ
932 1437 1192 1489 πλειόνων
1224 1438 1303 1507 τῷ
1341 1437 1561 1507 ἀριθμῷ
1598 1438 1733 1490 θεω-

140 1523 389 1592 ροῦνται,
429 1526 704 1579 δείκνυται
758 1526 898 1583 εἶναι
948 1530 1038 1582 τὸν
1086 1529 1370 1599 ἄνθρωπον
1407 1532 1463 1582 ἐν
1494 1530 1731 1583 ὑποστά-

138 1636 264 1671 σεσι
302 1619 540 1690 μυρίαις.

222 1710 356 1781 ρλζ’.
404 1711 462 1763 ὐ
493 1713 622 1776 Θεὸς
669 1713 808 1766 κατὰ
854 1715 951 1782 τὴν
1002 1714 1089 1768 διὰ
1139 1716 1237 1785 τῆς
1290 1716 1453 1769 αὐτοῦ
1508 1716 1730 1787 χάριτος

140 1804 452 1891 ἡμετέραν,
511 1806 609 1875 τῆς
640 1807 805 1859 αὐτοῦ
837 1807 978 1875 λέγω
1043 1788 1727 1878 Ἐκκλησῶς⁶εὐσεϐείας,

1830 622 2095 689 loquitur,
2130 636 2234 674 non
2291 620 2464 683 audit,
2505 635 2609 671 non
2673 616 2936 677 ambulat,
2988 629 3092 666 non
3149 614 3404 683 respirat,

1830 728 1933 765 non
1963 713 2223 775 comedit,
2257 721 2308 765 et
2349 729 2457 767 uno
2487 712 2670 775 verbo,
2693 725 2798 764 non
2835 710 2996 762 habet
3032 708 3405 775 operationem

1831 808 1897 857 ab
1939 806 2174 860 essentia
2207 805 2541 869 distinctam,
2579 818 2683 870 qua
2716 804 2985 856 iudicetur
3031 802 3169 854 hanc
3195 813 3314 854 esse
3354 799 3406 849 in

1828 899 2177 951 subsistentia
2215 915 2225 947 :
2269 898 2388 950 ideo
2423 897 2643 949 minime
2676 894 2977 947 subsistens
3006 899 3090 945 est
3147 892 3306 943 homo
3350 887 3406 941 in

1837 1006 2039 1059 gmere.
2081 988 2184 1043 Sed
2234 988 2396 1041 homo
2435 986 2737 1041 naturalem
2785 984 2991 1037 hahens
3033 981 3403 1049 operationem

1830 1084 1897 1134 ab
1926 1083 2161 1136 essentia
2197 1081 2529 1139 distinctam.
2552 1079 2666 1130 sive
2696 1092 2885 1136 unam,
2920 1075 3035 1127 sive
3068 1072 3271 1141 plures,
3292 1071 3406 1123 sive

1828 1188 2019 1227 omnes
2068 1188 2421 1241 quascunque
2474 1172 2730 1233 diximus,
2787 1184 2851 1222 ex
2913 1168 3000 1221 his
3060 1165 3409 1233 cognoscitur

1830 1277 1953 1316 esse
1983 1264 2036 1316 in
2075 1263 2419 1325 exsistentia,
2447 1277 2545 1315 nec
2589 1276 2708 1314 esse
2739 1259 2903 1312 homo
2940 1272 3043 1309 non
3081 1258 3405 1309 subsistens.

1830 1354 1965 1417 Quia
2001 1364 2179 1425 autem
2225 1354 2534 1422 hujusmodi
2566 1335 2933 1420 operationes,
2968 1364 3074 1402 non
3104 1362 3258 1410 luna,
3296 1362 3405 1398 non

1832 1448 1961 1511 duo,
1993 1463 2095 1501 non
2133 1457 2262 1512 tres,
2297 1450 2390 1501 sed
2427 1446 2670 1515 plurima!
2700 1452 3078 1502 numerantur,
3115 1440 3238 1492 inde
3262 1446 3409 1507 patet

1832 1539 2102 1593 hominem
2141 1539 2195 1593 in
2231 1538 2689 1593 numerosissimis
2718 1535 2981 1589 exsistere
3010 1529 3406 1587 subsistentiis.

1906 1717 2030 1770 157.
2073 1732 2233 1781 deus,
2263 1719 2416 1785 juxta
2461 1718 2601 1785 piam
2636 1718 2936 1769 doctrinam
2970 1713 3141 1783 gratia
3182 1729 3278 1765 sua
3310 1724 3407 1763 no-

1831 1808 1934 1871 bis,
1970 1809 2020 1862 id
2048 1819 2127 1863 est
2173 1824 2281 1862 sua:
2303 1805 2554 1861 Ecclesiae
2599 1808 2802 1870 datam,
2831 1807 3202 1875 operationem
3245 1814 3407 1855 natu-

144 1870 438 1964 ἐνέργειαν
473 1870 713 1967 ἐμιρυτυν
745 1900 882 1968 ἔχων
902 1870 1177 1970 δεικτικὴν
1207 1870 1426 1963 ἑαυτοῦ,
1464 1900 1558 1951 καὶ
1591 1870 1728 1950 κατά

1837 1900 2007 1952 ralem
2060 1900 2262 1954 habens
2318 1915 2427 1953 sua:
2478 1900 2813 1953 exsistentiae
2847 1898 3076 1950 indicem
3115 1896 3343 1962 ideoque
3378 1907 3408 1946 a

140 1988 313 2039 τοῦτο
346 1989 709 2060 διαφέρουσαν
750 1992 848 2059 τῆς
880 1993 1065 2055 οὐσίας
1100 1991 1285 2045 αὐτοῦ.
1312 1993 1421 2043 Καὶ
1451 1991 1559 2061 γάρ
1592 2009 1730 2060 προ-

140 2078 412 2147 γινώσκει
451 2098 508 2133 τε
553 2084 649 2135 καὶ
678 2086 982 2153 προνοεῖται
1024 2084 1131 2136 τῶν
1166 2084 1594 2154 ὑποδεεστέρων,
1638 2084 1729 2136 καὶ

141 2170 479 2242 δημιουργεῖ
508 2174 703 2239 ταῦτα,
741 2176 833 2227 καὶ
882 2179 1154 2246 συντηρεῖ,
1204 2177 1301 2229 καὶ
1334 2176 1605 2239 δεσπόζει,
1638 2175 1731 2227 καὶ

143 2262 551 2329 μετασκευάζει
583 2264 705 2317 κατ’
744 2266 952 2320 οίκείαν
988 2267 1238 2337 βούλησιν
1266 2267 1341 2329 ὡς
1369 2264 1506 2319 οἶδεν
1546 2271 1727 2329 αυτὸς,

138 2356 208 2404 ἐν
230 2356 527 2408 ὑποστάσει
552 2357 827 2410 δείκνυται
844 2358 940 2423 ὣν,
961 2360 1075 2412 ἀλλ’
1096 2362 1198 2413 οὐκ
1229 2360 1385 2412 οὑσία
1407 2361 1566 2429 μόνον
1599 2360 1729 2412 ἀν.)-

136 2445 439 2507 πόστατος.
475 2448 631 2500 Ἐπεὶ
662 2448 719 2501 δέ
745 2450 799 2502 αί
836 2450 1078 2501 τοιαῦται
1107 2453 1277 2503 πᾶσαι
1320 2452 1731 2521 ἐνέργειαι,οὑκ

137 2531 241 2600 ἐφ’
270 2530 410 2595 ἐνὸς,
439 2531 555 2584 ἀλλ’
582 2531 641 2582 ἐν
664 2530 845 2601 τρισὶν
873 2530 1237 2583 ὑποστάσεσιν
1262 2529 1521 2597 ὑπάρχων
1553 2531 1579 2580 ὁ
1605 2528 1736 2592 Θεὸς

137 2622 286 2691 ἡμῖν
319 2621 670 2691 γνωρίζεται.
726 2621 788 2672 Οί
834 2620 892 2673 δὲ
953 2619 1341 2688 ἀντικείμενοι,
1376 2618 1625 2684 λέγοντες
1658 2617 1734 2686 μὴ

138 2716 297 2783 ελειν
326 2713 418 2767 τὸν
446 2713 578 2766 Θεὸν
610 2713 892 2783 ἐνέργειαν
917 2711 1156 2781 ἔμφυτον
1192 2708 1469 2779 δεικτικὴν
1511 2706 1733 2771 ἐαυτοῦ,

139 2806 415 2857 καὶκατὰ
442 2803 601 2857 τοῦτο
628 2805 996 2875 διαφέρουσαν
1044 2804 1143 2872 τῆς
1176 2802 1363 2864 οὐσίας
1412 2800 1602 2864 αὑτοῦ,
1636 2802 1735 2853 οὐκ

140 2898 211 2949 ἐν
234 2896 532 2950 ὑποστάσει
555 2895 807 2963 λέγουσιν
840 2890 978 2947 εἶναι
1005 2894 1097 2959 τὸν
1128 2894 1281 2956 Θεὸν,
1317 2892 1407 2944 καὶ
1432 2891 1733 2944 ἀνυπόστα-

137 3005 243 3040 τον
268 2986 468 3051 τεὶέως
500 2986 716 3039 ποιοῦσι
744 2986 835 3039 τὸν
868 2986 1299 3057 τρισυπόστατον
1336 2983 1541 3054 Κύριον
1568 3000 1581 3013 ο
1606 2998 1735 3035 τοσ-

136 3077 307 3129 οῦτον
359 3076 791 3145 ὑπερϐάλλοντες
837 3073 1127 3143 κακοδοξίᾳ
1186 3073 1276 3124 τὸν
1322 3072 1490 3124 Λίϐυν
1536 3070 1736 3124 Σαϐέλ-

137 3170 288 3231 λιον,
321 3170 443 3221 ὅσον
472 3168 631 3222 πλέον
661 3170 741 3231 είς
790 3168 989 3220 κακίαν
1043 3167 1158 3236 ἔχει
1217 3167 1315 3235 τῆς
1357 3163 1725 3229 δυσσεϐείαςὴ

136 3260 395 3315 ἀσέϐεια.

221 3351 359 3421 ρλη’.
388 3350 508 3404 Τῶν
565 3351 732 3423 τριῶν
787 3350 946 3402 θείων
1002 3349 1375 3413 ὑποστάσεων,
1410 3348 1469 3399 οὐ
1529 3347 1627 3416 μία
1657 3346 1732 3408 ὡς

132 3444 308 3514 ὁμοία
346 3446 378 3512 ή
435 3444 707 3511 ἐνέργεια,
770 3443 1022 3512 καθάπερ
1077 3443 1161 3510 ἐφ’
1212 3441 1387 3511 ἡμῶν,
1437 3439 1573 3492 ἀλλὰ
1633 3439 1730 3507 μία

132 3535 315 3596 ὅντως
345 3535 438 3587 καὶ
464 3534 541 3604 τῷ
596 3533 835 3605 ἀριθμῷ.
871 3534 1068 3604 ,Ὅπερ
1122 3536 1168 3585 οἱ
1224 3534 1291 3585 τὰ
1330 3532 1439 3584 τῶν
1478 3532 1734 3583 ἐναντίων

132 3626 469 3697 φρονοῦντες
530 3627 714 3693 λέγειν
778 3627 838 3679 οὐ
894 3626 1189 3679 δύνανται-
1262 3624 1385 3676 ἐπεὶ
1434 3625 1507 3694 μὴ
1548 3625 1732 3692 κοινὴν

131 3720 285 3773 εἶναι
316 3718 425 3771 τῶν
450 3717 617 3788 τριῶν
658 3720 914 3772 ἄκτιστον
940 3718 1223 3787 ἐνέργειαν
1256 3734 1444 3785 φασιν,
1475 3717 1607 3768 ἀλλὰ
1636 3715 1732 3767 καὶ

128 3814 389 3882 ἀλλήλων
412 3811 509 3875 τὰς
533 3812 859 3874 ὑποστάσεις
887 3812 1167 3882 ἐνεργείας
1193 3808 1331 3865 εἶναι
1358 3812 1626 3879 λέγουσιν,
1655 3813 1729 3874 ὡς

132 3906 219 3975 μὴ
253 3904 441 3973 κοινῆς
471 3902 638 3974 οὔσης
669 3905 787 3956 κατ’
820 3888 1018 3966 αὐτοὺς
1053 3904 1203 3967 θείας
1228 3904 1508 3973 ἐνεργείας
1544 3922 1557 3934 ·
1590 3903 1729 3956 ὥστε

126 3996 249 4050 οὐδ’
287 3995 459 4058 οὕτως
490 3995 674 4065 ἔχουσι
698 3995 875 4062 λέγειν
906 3997 1033 4065 μίαν
1067 3996 1173 4048 τῶν
1207 3997 1373 4067 τριῶν
1408 3999 1719 4068 ἐνέργειανο

125 4087 273 4140 ά).λά
318 4088 414 4137 καὶ
447 4086 635 4139 ἄλλοτε
674 4085 842 4152 ἄλλην
890 4084 1064 4145 οὕτως
1114 4085 1483 4157 ἀναιροῦντες,
1524 4088 1729 4141 ἀνυπό-

126 4194 333 4231 στατον
368 4176 661 4230 κάντεῦθεν
684 4175 898 4230 ποιοῦσι
926 4178 1027 4228 τὸνΔ
1044 4178 1473 4249 τρισυπόστατον
1502 4179 1655 4235 Θεόν.

208 4265 344 4338 ρ).θ¹.
380 4268 440 4320 Oi
480 4268 574 4338 τὴν
612 4267 903 4333 κακόδοξον
943 4267 1151 4337 πλάνην
1188 4270 1326 4350 κατά
1367 4270 1545 4340 ψυχὴν
1584 4288 1731 4324 νενο-

126 4362 394 4430 σηκὸτες,
428 4361 654 4429 κτιστὴν
698 4361 948 4431 λέγοντες
977 4364 1075 4434 τὴν
1113 4364 1477 4435 διαφέρουσαν
1507 4369 1606 4437 τῆς
1634 4366 1728 4420 τοῦ

123 4453 272 4507 Θεοῦ
307 4453 496 4517 οὐσίας
522 4454 826 4525 ἐνέργειαν,
888 4458 1123 4518 κτιστῶς
1171 4457 1316 4526 ἔχειν
1348 4458 1441 4511 καὶ
1469 4457 1529 4509 τὸ
1563 4458 1727 4528 δημι-

1838 2005 1935 2045 sua
1970 1992 2206 2044 essentia
2240 1992 2551 2045 distinctam
2585 1990 2806 2061 (etenim
2838 1987 3053 2057 przescit
3086 1996 3139 2039 et
3166 1984 3410 2054 providet

1833 2080 2114 2147 inferiora,
2157 2090 2212 2135 et
2254 2080 2407 2144 facit,
2440 2090 2494 2135 et
2533 2089 2841 2145 conservat,
2874 2089 2929 2132 et
2959 2077 3118 2145 regit,
3152 2086 3206 2129 et
3236 2085 3409 2128 mutat

1831 2172 1896 2224 ad
1934 2173 2212 2240 proprium
2247 2181 2435 2225 nutum
2485 2182 2543 2225 ut
2567 2172 2669 2225 sibi
2720 2170 2981 2239 videtur),
3016 2169 3140 2222 inde
3172 2148 3438 2221 ostendi?

1832 2272 1922 2317 tur
1943 2277 2064 2317 esse
2093 2264 2144 2315 in
2179 2263 2502 2330 substantia,
2542 2264 2685 2317 haud
2726 2278 2852 2317 vero
2884 2260 3117 2316 essentia
3150 2275 3251 2312 non
3289 2259 3413 2309 snh-

1833 2352 2051 2408 sistens.
2084 2354 2246 2423 Atqui
2277 2367 2466 2407 omnes
2495 2353 2801 2422 lmjnsmodi
2830 2352 3196 2421 Operationes,
3227 2364 3329 2401 non
3359 2363 3411 2398 ιιι

1834 2456 1961 2507 una,
2011 2444 2103 2496 sed
2150 2443 2201 2497 in
2236 2444 2411 2498 tribus
2450 2444 2814 2498 subsistentiis
2841 2444 3050 2496 habens
3088 2442 3229 2495 Deus
3259 2440 3415 2492 nobis

1833 2534 2145 2591 innotescit.
2193 2536 2502 2591 Adversarii
2562 2551 2691 2590 vero
2746 2536 2989 2589 dicentes
3041 2547 3147 2585 non
3210 2532 3415 2584 habere

1832 2627 1999 2681 Deum
2034 2629 2405 2697 operationem
2440 2629 2740 2683 naturalem
2778 2642 2890 2681 sua:
2910 2624 3242 2680 exsistentiae
3274 2624 3415 2676 indi-

1832 2733 1974 2783 cem,
2010 2720 2239 2788 ideoque
2269 2738 2296 2774 a
2323 2735 2420 2775 sua
2456 2721 2693 2776 essentia
2754 2720 3092 2781 distinctam,
3122 2718 3172 2770 in
3228 2716 3409 2770 subsi-

1836 2815 2035 2866 stentia
2056 2828 2177 2867 esse
2214 2814 2380 2879 Deum
2415 2822 2652 2883 negant;
2686 2823 2736 2867 et
2767 2812 2995 2865 minime
3027 2809 3411 2864 subsistentem

1833 2908 2180 2961 contendunt
2223 2911 2423 2961 trinum
2491 2906 2858 2961 subsistentiis
2926 2903 3413 2963 Dominnm,tanlo

1832 3006 2155 3065 superantes
2209 3012 2372 3065 prava
2431 2997 2677 3052 doctrina
2732 2996 2991 3065 Libycum
3057 2991 3354 3045 Sabellium
3390 3027 3409 3058 ,

1832 3100 2039 3159 quanto
2071 3091 2300 3159 nequior
2324 3098 2407 3144 est
2439 3089 2577 3143 mala
2611 3088 2815 3156 pietate
2847 3087 3114 3153 impietas.

1908 3364 2031 3417 158.
2062 3363 2248 3415 Trium
2281 3360 2585 3414 divinarum
2626 3371 2986 3428 personarum
3023 3354 3268 3422 operatio
3304 3366 3410 3406 una

1831 3466 1937 3521 est,
1968 3457 2109 3510 haud
2129 3454 2344 3522 quidem
2378 3453 2594 3515 similis,
2622 3460 2674 3501 ut
2717 3450 2855 3517 apud
2894 3464 3010 3511 nos,
3035 3449 3126 3499 sed
3154 3460 3279 3498 vere
3304 3460 3406 3496 una

1829 3562 2079 3601 numero.
2113 3546 2264 3611 Quod
2304 3542 2597 3597 adversarii
2639 3542 2820 3594 dicere
2855 3555 2958 3591 non
2994 3546 3241 3606 possunt,
3280 3537 3407 3604 quia

1832 3640 2005 3693 tribus
2031 3651 2376 3692 communem
2406 3650 2527 3689 esse
2555 3634 2855 3687 increatam
2892 3631 3264 3699 operationem
3309 3642 3408 3681 ne-

1827 3738 1977 3800 gant,
2003 3737 2058 3782 et
2098 3740 2364 3796 personae,
2405 3724 2554 3793 juxta
2586 3738 2699 3785 eos,
2735 3732 2858 3776 sunt
2892 3722 2975 3772 sui
3018 3721 3244 3773 invicem
3282 3733 3407 3787 Ope-

1828 3820 2090 3880 rationes,
2124 3816 2265 3869 haud
2300 3830 2430 3869 vero
2460 3812 2769 3867 communis
2804 3818 2889 3865 est
2919 3810 3100 3862 divina
3136 3809 3404 3877 operatio;

1827 3919 1882 3964 et
1916 3910 1988 3963 ita
2023 3908 2205 3963 dicere
2251 3914 2521 3974 nequeunt
2554 3920 2715 3955 unam
2758 3918 2881 3955 esse
2935 3902 3096 3954 trium
3133 3901 3405 3967 Operatio—

1839 4017 1989 4065 nem,
2021 3999 2114 4054 sed
2144 3998 2303 4052 aliam
2353 3997 2455 4050 alia
2491 3996 2567 4049 sic
2592 3997 2951 4054 destrucntes,
2984 3992 3109 4045 inde
3142 4007 3247 4044 non
3278 3989 3405 4045 sub-

1828 4093 2112 4147 sistentem
2157 4091 2362 4145 faciunt
2396 4090 2595 4143 trinum
2620 4084 2990 4140 subsistentiis
3015 4083 3205 4137 Deum.

1902 4278 2027 4333 159.
2076 4277 2283 4344 Quibus
2346 4274 2601 4327 haeretico
2654 4286 2840 4325 errore
2887 4269 3063 4323 anima
3135 4278 3401 4339 aegrotat,

1825 4380 2066 4426 creatam
2102 4369 2176 4422 illi
2202 4368 2449 4421 dicentes
2473 4366 2785 4419 distinctam
2818 4378 2845 4414 a
2881 4362 2970 4415 Dei
3004 4363 3243 4415 essentia
3273 4376 3405 4428 0pc—

1826 4462 2119 4528 rationem,
2146 4471 2389 4516 creatum
2420 4474 2630 4527 quoque
2668 4458 2719 4508 in
2764 4455 2871 4507 Deo
2906 4463 3191 4507 autumant
3223 4463 3402 4507 actum

122 4546 354 4614 ουργεῖν
393 4544 486 4595 τὸν
513 4544 645 4597 Θεὸν
674 4544 976 4613 δοξάζουσι,
1016 4549 1185 4601 ταυτὸ
1221 4548 1265 4600 δ’
1302 4550 1475 4601 εἰπεῖν
1508 4549 1605 4618 τὴν
1634 4550 1728 4619 δη-

1829 4553 2075 4615 creandi,
2109 4567 2205 4608 seu
2260 4551 2402 4621 quod
2449 4551 2589 4603 idem
2632 4558 2732 4610 est,
2778 4548 3097 4601 crealriccm
3140 4545 3257 4614 ejus
3306 4561 3402 4613 po-

128 4633 472 4707 μιουργικὴν
498 4633 729 4705 δύναμιν
783 4635 948 4689 αὐτοῦ
977 4654 989 4667 ·
1035 4639 1095 4689 οὐ
1144 4638 1251 4709 γὰρ
1302 4639 1450 4692 ἐστιν
1480 4642 1725 4710 ἐνεργεῖν

124 4726 227 4780 καὶ
253 4726 618 4797 δημιουργεῖν
663 4729 833 4801 χωρὶς
863 4730 1141 4798 ἐνεργείας
1169 4748 1181 4761 ·
1230 4732 1417 4801 ῶσπερ
1452 4733 1573 4785 οὐδὲ
1622 4734 1724 4786 ὑπ-

125 4819 324 4887 άρχειν
381 4818 550 4888 χωρὶς
594 4814 901 4887 ὑπάρξεως.
969 4821 1057 4885 Ὣς
1113 4822 1204 4874 οὖν
1255 4824 1352 4875 οὐκ
1404 4824 1482 4877 ἔνι
1515 4825 1605 4877 τὸν
1638 4825 1725 4878 λέ-

122 4914 301 4977 γοντα
340 4909 439 4978 τὴν
499 4912 592 4962 τοῦ
650 4911 784 4964 Θεοῦ
848 4912 1079 4983 ὓπαρξιν
1138 4914 1383 4984 κτιστὴν,
1449 4916 1723 4978 άκτίστως

121 4999 279 5070 ἔχειν
304 5000 471 5051 αὐτὸν
498 5000 558 5051 τὸ
593 4996 729 5054 εἶναι
762 5002 990 5064 οἴεσθαι,
1021 5002 1190 5065 οὕτως
1217 5004 1317 5057 οὑκ
1345 5005 1459 5056 ἔστι
1493 5005 1587 5057 τὸν
1635 5006 1722 5058 λέ-

122 5108 300 5159 γοντα
326 5090 424 5158 τὴν
464 5089 558 5143 τοῦ
600 5091 741 5144 Θεοῦ
781 5093 1059 5163 ἐνέργειαν
1102 5094 1345 5165 κτιστὴν,
1388 5095 1448 5147 τὸ
1479 5098 1721 5165 ἐνεργεῖν

121 5200 187 5235 τε
220 5183 318 5236 καὶ
358 5183 713 5259 δημιουργεῖν
747 5186 910 5238 αὐτὸν
948 5186 1219 5245 ἁκτίστως
1245 5187 1389 5256 ἐχειν
1421 5190 1642 5242 οἴεσθαι.

207 5282 321 5346 pp}.
381 5275 671 5346 Κτίσματα
708 5277 801 5330 τοῦ
835 5278 968 5330 Θεοῦ
1018 5280 1112 5329 καὶ
1165 5280 1270 5330 εἰσὶ
1321 5282 1415 5332 καὶ
1474 5281 1724 5347 λέγονται

128 5368 290 5435 παρὰ
314 5366 421 5418 τῶν
446 5357 685 5432 εὐσεϐῶς
712 5370 1071 5439 φρονούντων,
1097 5372 1195 5440 οὐχ
1226 5374 1257 5439 ἡ
1282 5372 1376 5425 τοῦ
1404 5373 1541 5426 Θεοῦ
1572 5376 1724 5446 ἐνέρ-

124 5475 259 5526 γεια
324 5459 467 5511 κατά
506 5461 632 5521 τοὺς
686 5461 796 5513 τῶν
836 5464 1093 5515 ἐναντίων
1144 5464 1363 5534 λήρους,
1406 5466 1588 5535 ἄπαγε
1628 5469 1726 5537 τῆς

129 5548 437 5612 ἀσεϐείαςί
478 5549 615 5603 ἀλλὰ
641 5551 739 5621 τῆς
790 5553 936 5614 θείας
990 5553 1270 5624 ἐνεργείας
1310 5556 1729 5627 ἀποτελέσματά

124 5643 247 5694 ἐστι
284 5645 353 5693 τά
376 5642 677 5713 κτίσματα.
740 5643 803 5697 Ei
832 5645 941 5715 γὰρ
975 5647 1043 5699 τά
1085 5646 1358 5716 κτίσματα
1386 5649 1417 5715 ἡ
1449 5648 1722 5718 ἐνέργεια,

124 5733 161 5804 ἦ
191 5732 425 5786 ἄκτιστα
463 5733 636 5789 ταῦτά
678 5736 826 5790 ἐστιν
882 5720 946 5808 (ὦ
988 5739 1083 5807 τῆς
1112 5738 1410 5807 παρανοίας
1431 5739 1493 5809 ί),
1524 5740 1599 5803 ὠς
1629 5744 1722 5795 καὶ

126 5827 265 5897 πρὶν
294 5826 585 5896 κτισθῆναι
616 5830 766 5894 ὄντα,
802 5830 836 5899 ἢ
869 5832 975 5901 προ
1024 5831 1133 5883 τῶν
1176 5832 1492 5900 κτισμάτων
1527 5832 1592 5903 (ὣ
1621 5838 1718 5905 τῆς

1827 4645 2055 4698 tentiam
2087 4661 2100 4698 :
2128 4657 2237 4696 non
2270 4641 2412 4695 enim
2444 4639 2659 4709 operari
2686 4644 2780 4690 aut
2815 4652 3005 4691 creare
3038 4636 3245 4705 absque
3271 4652 3397 4706 ope-

1824 4734 2037 4786 ratione
2074 4740 2270 4802 p0test,
2296 4728 2574 4785 sicut‘nec
2608 4730 2869 4781 exsistere
2906 4726 3107 4795 absque
3136 4727 3404 4780 exsisten-

1828 4824 1917 4874 tia.
1956 4822 2027 4876 L't
2066 4824 2237 4889 igitur
2277 4820 2366 4888 qui
2402 4828 2639 4874 creatam
2698 4818 2829 4871 dicit
2878 4814 2969 4868 Dei
3004 4817 3401 4882 exsistentiam,

1824 4924 2016 4981 putare
2076 4913 2268 4981 nequit
2323 4912 2622 4966 increatum
2661 4910 2712 4961 in
2752 4924 2815 4962 eo
2857 4925 2973 4963 esse
3012 4918 3191 4963 actmn
3255 4909 3404 4963 exsi-

1824 5001 2004 5059 steudi
2049 5007 2353 5069 eisistere;
2391 5004 2463 5056 ita
2488 5005 2582 5072 qui
2618 5011 2883 5056 cretatam
2911 5002 3041 5053 dicit
3080 5001 3171 5054 Dei
3209 5015 3406 5068 Opera-

1825 5097 2048 5160 tionem,
2079 5105 2269 5163 putare
2304 5096 2489 5165 nequit
2523 5095 2822 5149 incréatum
2854 5096 2904 5147 in
2945 5109 3010 5147 eo
3057 5108 3179 5147 esse
3218 5104 3399 5148 actum

1820 5191 2090 5260 Operandi
2131 5200 2184 5243 et
2205 5189 2452 5243 creandi.

1894 5282 2017 5337 140.
2052 5282 2331 5337 Creatura:
2370 5284 2461 5339 Dei
2503 5298 2603 5337 nec
2644 5294 2768 5337 sunt
2800 5296 2899 5336 nec
2946 5280 3205 5334 dicuntur
3246 5294 3274 5332 a
3313 5271 3405 5349 pie

1819 5377 2213 5440 sentientibus,
2251 5378 2496 5454 operatio
2526 5377 2645 5437 Dei,
2686 5386 2743 5429 ut
2798 5374 3094 5429 adversarii
3148 5361 3404 5434 delirant',

1829 5468 1965 5533 proh
2011 5467 2295 5536 impietas!
2320 5469 2413 5522 sed
2438 5470 2632 5522 divinae
2656 5467 2995 5537 operationis
3024 5465 3252 5519 etl'ectus
3278 5473 3406 5518 sunt

1824 5568 2114 5612 creaturae.
2148 5557 2203 5611 Si
2236 5559 2379 5613 enim
2407 5570 2667 5614 creaturze
2698 5569 2883 5614 essent
2911 5558 3173 5625 operatio,
3208 5556 3289 5609 vel
3328 5558 3403 5609 in-

1818 5662 2016 5703 creatm
2074 5661 2260 5706 essent
2298 5654 2379 5722 (0
2420 5653 2821 5716 absurditasl),
2867 5654 2937 5705 ita
2998 5660 3057 5704 ut
3106 5660 3400 5719 antequam

1817 5751 2142 5797 crearentur
2174 5748 2554 5812 exstitissent;
2582 5745 2663 5799 vel
2689 5756 2814 5799 ante
2839 5745 3169 5799 creationem
3201 5744 3255 5811 (0
3292 5744 3395 5795 im-

1818 5830 2052 5901 pietas!)
2090 5848 2195 5886 uon
2236 5834 2509 5889 habuisset
2558 5833 2695 5889 Deus
2746 5831 3268 5903 operationem,qni
3311 5842 3401 5887 ta-
