4108 6330
193 430 225 493 1
242 426 327 492 ὲὲί

1084 422 1375 489 .CAPITA
1415 421 1759 487 PHYSICA,
1797 418 2315 486 THEOLOGICA,
2358 416 2517 476 ETC.

3308 405 3444 472 1292

255 539 398 612 ρμδ’.
447 540 511 593 'll
544 538 703 592 οὐσία
734 536 829 590 τοῦ
868 535 1005 590 Θεοῦ
1060 536 1408 590 παντάπασίν
1446 537 1593 589 ἔστιν
1618 534 1758 587 ἀνώ-

1938 531 2060 585 ιιι.
2094 529 2342 585 Essentia
2386 527 2480 582 Dei
2528 526 2842 580 nullatenus
2890 522 3194 591 nuncupari
3241 533 3441 591 potest,

171 652 244 685 νυ
252 650 371 703 μσς,
402 634 523 685 ἐπεὶ
545 632 638 685 καὶ
664 632 843 700 πάντη
867 628 1015 681 ἐστὶν
1035 615 1409 699 άᾶτερινόητος·
1438 627 1761 698 ὀνομάζεται

170 721 274 778 οὖν
313 726 375 776 ὲκ
412 722 601 776 πασῶν
640 720 749 774 τῶν
778 720 999 774 οίκείων
1036 719 1355 789 ἐνεργειῶν,
1397 719 1624 789 μηδενὸς
1650 721 1765 773 ἐκεῖ

170 817 289 869 τῶν
312 814 595 884 ὀνομάτων
626 813 763 889 πρὸς
788 813 976 883 ἕτερον
1007 812 1151 866 κατὰ
1187 813 1285 883 τὴν
1306 868 1309 869 ν
1331 814 1607 883 σημασίαν
1649 813 1764 867 δια-

170 912 460 980 φέροντος.
498 908 589 971 Ἐξ
612 890 845 961 ἑκάστου
868 906 977 974 γὰρ
1001 906 1096 958 καὶ
1124 890 1342 960 πάντων
1372 906 1523 958 οὐδὲν
1553 907 1762 975 ἕτερον,

168 1003 205 1071 ἢ
255 1001 316 1054 τὸ
375 1000 605 1069 κρύφιον
644 996 837 1051 ἐκεῖνο
895 997 1163 1067 μηδαμῶς
1221 998 1682 1068 γινωσκόμενονό
1712 999 1763 1052 τί

162 1091 315 1146 ,ποτέ
346 1092 464 1143 ἐστι
504 1090 753 1143 καλεῖται
796 1090 889 1141 ἐπὶ
930 1089 999 1167 δὲ.
1034 1088 1143 1165 τῶν
1182 1089 1499 1165 ἐνεργειῶν.
1533 1090 1763 1145 ἕκαστον

166 1186 285 1237 τῶν
318 1183 599 1252 ὀνομάτων
631 1184 889 1251 διάφορον
928 1181 1039 1251 ἔχει
1070 1182 1367 1251 σημασίαν.
1403 1182 1500 1246 Τίς
1532 1184 1639 1253 γὰρ
1659 1185 1761 1238 οὐκ

165 1270 319 1328 οἶδεν
343 1275 423 1328 δτι
459 1274 833 1343 διενηνόίασιν
856 1272 1101 1345 ἀλλήλων
1128 1277 1188 1327 τὸ
1219 1276 1446 1340 κτίζειν,
1474 1278 1533 1330 τὸ
1562 1278 1757 1332 δεσπό-

157 1360 318 1425 ζειν,
347 1362 408 1415 τὸ
444 1348 673 1432 κρίνειν,
709 1363 769 1413 τὸ
799 1363 1170 1433 προνοεῖσθαι,
1204 1364 1265 1418 τὸ
1292 1364 1379 1418 διὰ
1417 1366 1515 1436 τῆς
1551 1369 1759 1433 οίκείας

163 1456 399 1524 χάριτος
425 1454 517 1506 τὸν
544 1452 852 1523 Θεὸν”ήμᾶς
872 1454 1167 1520 υίοθετεῖν;
1196 1457 1260 1507 Oi
1280 1452 1375 1509 οὖν
1394 1458 1491 1519 τὰς
1522 1460 1758 1526 φυσικὰς

164 1545 331 1607 θείας
388 1544 591 1607 ταύτας
627 1544 929 1615 ἐνεργείας,
969 1544 1057 1609 ὡς’
1103 1546 1349 1617 ἀλλήλων
1400 1564 1460 1601 τε
1514 1552 1610 1602 καὶ
1658 1549 1759 1619 τῆς

163 1638 329 1701 θείας
389 1639 605 1707 φύσεως
653 1638 1016 1707 διαφερούσας
1079 1640 1331 1708 λέγοντες
1392 1644 1650 1708 κτιστὰς,
1705 1645 1757 1697 τί

162 1729 307 1783 ἄλλο
340 1730 375 1797 ἢ
423 1729 517 1781 τὸν
568 1728 701 1781 Θεὸν
749 1732 827 1793 είς
884 1730 1088 1800 κτίσμα
1120 1734 1443 1785 κατασπῶσι
1472 1751 1487 1799 ;
1519 1734 1602 1787 Τὰ
1648 1735 1757 1804 γὰρ

164 1821 500 1894 κτιζόμεναδ,
555 1822 623 1873 τὰ
684 1821 1081 1892 δεσποζόμενα,
1149 1823 1219 1876 τὰ
1282 1824 1609 1900 κρινόμενα,
1664 1828 1757 1879 καὶ

1864 640 1987 680 eum
2027 624 2101 679 sit
2148 623 2372 677 omnino
2403 618 2882 688 incomprehensa.
2918 616 3243 669 Nominatur
3280 617 3446 682 igitur

1863 731 1927 771 ex
1966 714 2222 787 omnibus
2257 713 2373 767 suis
2407 711 2821 780 operationibus
2847 725 2863 776 ;
2889 719 2942 763 et
2980 708 3185 761 nullum
3230 708 3301 760 ibi
3345 692 3443 760 uo-

1866 808 2072 861 mitium
2107 806 2175 860 ab
2201 806 2308 879 alio
2332 804 2730 875 signiﬁcatimte
2761 800 2970 856 differt.
3030 799 3271 870 Singulis
3297 799 3441 853 enim

1864 908 1919 952 et
1949 897 2207 951 omnibus
2244 897 2380 950 nihil
2410 894 2555 949 aliud
2591 903 2814 947 vocatur
2864 906 3027 960 quam
3059 888 3443 943 absconditum

1863 989 1996 1043 illud
2027 988 2248 1042 minime
2277 996 2462 1040 notum
2487 986 2613 1053 quid
2643 990 2733 1038 sit.
2772 985 2844 1037 De
2873 982 3279 1051 operationibus
3314 995 3446 1035 veto

1864 1080 2085 1134 nomina
2131 1078 2343 1147 singula
2384 1077 2652 1129 diversam
2694 1075 2893 1128 habent
2933 1074 3389 1144 sigttiﬁcatiOItem
3427 1089 3443 1132 ;

1813 1174 1818 1179 ’
1865 1170 2007 1247 quis
2036 1170 2177 1223 enim
2209 1168 2385 1222 nescit
2413 1184 2440 1220 a
2464 1182 2523 1221 se
2570 1168 2804 1221 invicem
2836 1166 3095 1220 distincta
3130 1178 3251 1217 esse
3286 1179 3445 1217 crea-

1867 1262 2089 1324 tionem,
2166 1260 2494 1320 dontinium,
2537 1257 2826 1325 judicium,
2902 1255 3326 1325 providentiam,
3392 1263 3447 1307 et

1819 1352 1827 1357 ’
1866 1360 2104 1415 nostram
2139 1364 2201 1402 ex
2229 1352 2400 1419 gratia
2440 1350 2532 1403 Dei
2563 1348 2950 1419 adoptionem?
2984 1348 3085 1413 Qui
3119 1356 3248 1415 ergo
3282 1355 3447 1399 natu-

1866 1440 2006 1494 rales
2043 1440 2161 1493 illas
2213 1442 2302 1492 Dei
2331 1442 2700 1509 operationes,
2732 1449 2919 1507 utpote
2950 1441 3016 1494 ab
3046 1440 3282 1494 invicem
3325 1448 3378 1491 et
3416 1451 3444 1489 a

1874 1545 2066 1587 natura
2094 1515 2102 1527 ’
2135 1534 2314 1586 divina
2366 1533 2676 1595 distinctas,
2729 1533 2918 1586 dicunt
2983 1540 3222 1594 creatas,
3261 1544 3447 1584 nonne

1864 1627 2034 1681 Deum
2082 1626 2147 1681 ad
2204 1635 2515 1685 creaturam
2571 1624 2927 1694 deprimunt?
2967 1620 3102 1676 Nam
3154 1631 3361 1685 creata,
3392 1630 3445 1674 et

1866 1717 2189 1785 gttbernata,
2224 1727 2279 1771 et
2322 1715 2588 1785 judicata,
2621 1725 2674 1769 et
2706 1714 3008 1783 generatim
3044 1714 3226 1767 omnia
3261 1713 3447 1781 hujus-

1868 1806 2008 1859 modl
2060 1814 2188 1859 sunt
2253 1815 2557 1871 creaturae;
2605 1820 2707 1859 nou
2760 1820 2888 1859 vero
2939 1804 3054 1871 ipse
3077 1803 3338 1868 ,Creator,
3386 1809 3445 1856 et

164 1876 579 1977 άπλῶςλπάντα
613 1913 681 1966 τὰ
716 1876 964 1981 τοιαύτά,
1028 1876 1143 1967 ἐστι
1187 1916 1256 1969 τὰ
1308 1876 1609 1987 ἐτίσρὶξᾷ

1868 1899 2148 1963 Dominus,
2192 1909 2243 1977 e_t
2272 1897 2468 1964 Judex,
2496 1913 2593 1952 nec
2635 1898 2813 1966 ipsum
2843 1896 3130 1967 judicium.
3161 1906 3214 1950 et
3261 1896 3443 1948 donti—

163 2006 275 2074 οὐχ
301 2006 327 2056 6
365 2004 629 2074 Κτίστης,
667 2004 761 2057 καὶ
791 2007 819 2057 6
871 2007 1168 2075 Δεσπότης,
1225 2010 1318 2060 καὶ
1372 2010 1565 2078 κριτής
1590 2026 1604 2040 ·
1650 2010 1760 2062 οὐδ’

166 2096 313 2178 αὐτὸ
357 2096 417 2148 τὸ
470 2097 701 2165 κρίνειν,
754 2099 848 2150 καὶ
875 2096 1181 2178 δεσπόζειν,
1240 2098 1336 2152 καὶ
1385 2100 1757 2169 δημιουργεῖν,

167 2174 323 2257 ἅπερ
364 2206 610 2256 φυσικως
640 2189 987 2257 ἐνθεωρεῖται
1017 2174 1209 2267 τούτῳ.

251 2278 397 2349 PM,
462 2275 527 2329 Ἦ
581 2278 741 2330 οὐσία
788 2280 882 2332 τοῦ
944 2279 1116 2347 Θεοῦ,
1184 2282 1435 2355 καθάπερ
1486 2284 1769 2356 ἀνώνυμός

170 2371 302 2422 ἔστι
352 2369 721 2434 παντάπασιν,
766 2369 842 2433 ὡς
873 2369 1232 2443 ύπερώνυμος
1263 2374 1405 2428 κατὰ
1460 2377 1588 2443 τοὺς
1648 2378 1768 2430 θεο-

169 2461 404 2528 λόγους,
455 2459 627 2521 οὕτως
658 2461 751 2514 καὶ
780 2439 1084 2530 ἀμέθεκτος
1135 2439 1210 2527 ῶς
1241 2464 1381 2537 ὑπὲρ
1418 2439 1637 2536 μέθεξιν
1664 2469 1769 2522 ὑπ-

170 2554 340 2621 άρχει
397 2553 517 2604 κατ’
549 2551 787 2615 αὐτούς·
826 2552 874 2605 οί
933 2548 1025 2606 οὖν
1073 2552 1425 2617 ἀπειθοῦντες
1473 2549 1624 2609 οὗτοι
1676 2557 1771 2610 νῦν

170 2649 243 2714 τῇ
285 2644 374 2697 διὰ
408 2643 517 2696 τῶν
544 2645 716 2712 ἁγίων
767 2644 924 2715 ἡμῶν
984 2646 1247 2716 Πατέρων
1299 2632 1418 2699 τού
1452 2648 1770 2717 Πνεύματος

168 2737 525 2807 διδασκαλίᾳ,
587 2738 681 2791 καὶ
756 2736 1129 2808 λοιδοροῦντες
1192 2741 1342 2809 ἡμᾶς
1392 2740 1521 2803 τοὺς
1564 2740 1770 2804 καύτοῖς

168 2827 601 2897 ὁμολογοῦντας,
627 2827 867 2896 ,πολλοὺς
914 2828 1160 2896 γίνεσθαί
1204 2846 1335 2897 φασι
1377 2830 1549 2893 θεοὺς,
1583 2833 1615 2897 ἢ
1649 2830 1787 2884 σύν-’

171 2920 336 2973 θετον
395 2920 486 2973 τὸν
537 2920 655 2986 ἕνα,
704 2906 865 2990 εἰπερ
914 2922 947 2990 ἡ
996 2920 1116 2975 θεία
1172 2924 1421 2992 ἐνέργεια
1474 2922 1573 2993 τῆς
1624 2924 1771 2987 θείας

169 3010 368 3074 οὐσίας
420 3012 690 3083 διαφέρει,
744 3011 841 3064 καὶ
912 3014 961 3064 εί
1012 3012 1148 3076 ὅλως
1200 3013 1548 3083 ὲνθεωρεῖταί
1604 3032 1658 3067 τι
1703 3016 1769 3084 τῇ

168 3102 274 3156 τοῦ
304 3102 440 3155 θεοῦ
488 3104 669 3173 οὐσία.
717 3102 1159 3176 ’Δγνοοῦσι¹γὰρ,
1185 3104 1258 3167 ὡς
1288 3105 1410 3175 οὐχὶ
1444 3104 1504 3157 τὸ
1529 3107 1770 3176 ἐνεργεῖ-λ

174 3195 277 3248 καὶ
336 3195 367 3264 ἡ
420 3193 693 3265 ἐνέργεια,
729 3196 865 3248 ἀλλὰ
904 3198 965 3249 τὸ
994 3199 1223 3266 πάσχειν
1254 3197 1352 3249 καὶ
1402 3196 1572 3259 πάθος
1626 3197 1833 3276 ποιεῖς

168 3286 278 3357 τὴν
306 3283 671 3359 σύνθεσιν.βο
701 3286 755 3339 δὲ
785 3287 918 3351 Θεὸς
971 3288 1205 3357 ἐνεργεῖ,
1260 3287 1428 3357 μηδὲν
1476 3288 1636 3349 αὐτὸς
1670 3288 1773 3341 πά·

172 3394 349 3447 σχων,
384 3377 947 3448 μηδεάλλοιούμενος
983 3394 995 3407 ·
1039 3380 1139 3432 οὑκ
1180 3380 1290 3449 ἄρα
1332 3378 1581 3440 σύνθετος
1617 3379 1770 3432 ἔσται

170 3471 267 3523 διὰ
299 3473 399 3539 τὴν
435 3471 741 3540 ὲνέργειαν.
772 3472 883 3524 Καὶ
912 3471 973 3524 τὸ
1026 3472 1159 3540 πρὸς
1200 3472 1256 3523 τί
1297 3471 1354 3524 δὲ
1408 3474 1434 3523 ὀ
1486 3470 1617 3534 Θεὸς
1674 3471 1768 3523 καὶ

174 3563 317 3633 πρὸς
349 3561 447 3631 τὴν
488 3565 663 3614 κτίσιν
715 3563 850 3633 ἔχει,
902 3562 978 3626 ὡς
1044 3564 1185 3633 ἀρχὴ
1231 3566 1328 3616 καὶ
1384 3566 1658 3634 Δεσπότης
1695 3562 1771 3617 ῶν

172 3656 372 3724 αὐτῆς,
442 3652 559 3708 ἀλλ’
607 3654 669 3706 οὑ
728 3655 1145 3725 συναριθμεῖται
1200 3659 1313 3719 τοῖς
1340 3659 1587 3725 γεγονόσι
1621 3657 1771 3727 παρὰ

170 3746 358 3800 τοῦτο.
413 3746 606 3798 Πολλοὶ
662 3746 720 3799 δὲ
776 3748 942 3801 πάλιν
992 3747 1110 3809 πῶς
1162 3747 1373 3800 ἔσονται
1430 3749 1542 3801 θεοὶ
1579 3749 1668 3801 διὰ
1710 3750 1772 3802 τὸ

173 3839 323 3909 ἔχειν
370 3836 461 3890 τὸν
514 3836 647 3890 Θεὸν
685 3839 990 3909 ἐνέργειαν,
1042 3840 1199 3907 εῖπερ
1258 3840 1374 3901 ἑνός
1431 3841 1547 3892 ἐστι
1607 3838 1766 3904 Θεοῦ,

176 3930 387 3998 μᾶλλον
445 3927 501 3979 δὲ
556 3930 584 3980 6
628 3928 789 3991 αὑτός
814 3931 934 3981 ἐστι
966 3928 1120 3991 Θεὸς,
1156 3931 1188 4000 ἡ
1220 3930 1339 3982 θεία
1377 3931 1554 3994 οὐσία,
1597 3931 1689 3983 καὶ
1737 3932 1771 4000 ἡ

174 4021 304 4073 θεία
342 4019 611 4088 ἐνέργεια.
655 4019 840 4089 Σαφὴς
891 4019 984 4073 οὖν
1034 4022 1201 4083 ὅντως
1259 4021 1416 4074 τοῦτο
1462 4023 1623 4094 λῆρος
1672 4024 1767 4093 τῆς

172 4106 363 4159 αὐτῶν
394 4124 429 4175 φ
437 4106 842 4175 ρενοῦλαδείας.

250 4198 411 4270 ρμς·’.
444 4199 628 4253 Εἰπὼν
651 4202 678 4252 6
700 4200 901 4270 Κύριος
930 4200 1065 4271 πρὸς
1086 4201 1212 4263 τοὺς
1237 4199 1472 4263 οἰκείους
1500 4201 1768 4272 μαθητάς,

171 4292 258 4343 ὅτι
293 4308 313 4340 ι
346 4290 466 4341 Elei
496 4306 642 4352 τινες
669 4291 779 4343 τῶν
810 4283 913 4345 ὧδε
950 4290 1283 4357 ἑστηκότων,
1338 4291 1400 4343 οι
1432 4292 1491 4342 ού
1527 4292 1600 4360 μὴ
1642 4292 1769 4358 γεύ-

175 4394 383 4445 σωνται
418 4378 670 4443 θανάτου,
711 4378 814 4441 ἕως
881 4379 947 4432 ἂν
1003 4377 1155 4431 ίδωσι
1210 4379 1308 4449 τὴν
1364 4379 1639 4448 βασιλ;ίαν
1676 4381 1768 4433 τοῦ

173 4466 318 4519 Θεοῦ
386 4467 707 4537 ἐληλυθυῖαν
766 4471 823 4522 ὲν
875 4470 1126 4541 δυνάμει,
1164 4490 1180 4521 ι
1251 4471 1372 4541 μεθ’
1429 4474 1640 4543 ἡμέρας
1689 4473 1766 4539 ἓξ,

1862 1990 2034 2055 nium,
2068 2000 2120 2044 et
2148 1990 2375 2057 creatio,
2397 2005 2517 2059 qua:
2541 2000 2669 2044 sunt
2690 1987 2966 2042 naturales
2997 1987 3169 2055 ipsius
3195 1985 3365 2041 modi.
3440 2020 3441 2023 η

1939 2255 2060 2309 HS.
2096 2254 2344 2309 Essenlia
2387 2252 2501 2319 Dei,
2550 2254 2693 2307 sicut
2752 2254 3052 2323 nuncupari
3105 2269 3215 2307 non
3270 2260 3447 2322 potest

1864 2348 1991 2416 quia
2018 2354 2102 2401 est
2137 2350 2304 2416 supra
2344 2359 2538 2399 nomen
2569 2345 2721 2411 juxta
2759 2344 3061 2411 theologos,
3090 2343 3165 2397 ita
3198 2358 3299 2397 nec
3325 2359 3449 2419 par-

1866 2438 2107 2509 ticipari,
2185 2438 2313 2505 quia
2388 2446 2471 2490 est
2530 2450 2695 2505 supra
2765 2435 3237 2505 participationem
3290 2436 3443 2505 juxta

1862 2532 2105 2585 eosdem.
2164 2529 2245 2582 llli
2296 2543 2425 2596 ergo
2481 2523 2570 2595 qu'i
2618 2543 2757 2581 nune
2797 2526 3116 2582 inobediuut
3152 2526 3366 2581 tradlue
3416 2542 3444 2579 a

1866 2621 2070 2675 Sanctis
2095 2619 2351 2674 Patribus
2394 2620 2597 2673 nostris
2633 2618 2870 2688 Spiritus
2901 2619 3187 2681 doctriuaa,
3235 2633 3447 2686 nosque

1864 2710 1950 2765 bis
1985 2719 2409 2764 consent-aneos.
2442 2710 2773 2776 obtrectauit,
2809 2709 3001 2763 dicunt
3054 2711 3255 2763 multos
3321 2708 3437 2763 ﬁeri

1868 2801 2023 2864 deos,
2053 2802 2137 2854 vel
2172 2818 2345 2867 unum
2366 2803 2750 2869 compositum,
2782 2801 3032 2855 sidivina
3066 2803 3309 2871 operatio
3335 2802 3447 2857 dis—

1866 2898 2031 2949 tincta
2068 2895 2139 2949 sit
2198 2894 2444 2946 a-divina
2471 2894 2731 2955 essentia,
2768 2902 2824 2947 et
2875 2893 2918 2946 si
2972 2894 3099 2962 quis
3148 2894 3341 2947 modus
3396 2893 3448 2947 itt

1866 2987 2168 3041 substantia
2209 2984 2297 3038 Dei
2331 2968 2589 3040 resideat.
2624 2986 2880 3054 Ignorant
2909 2987 3053 3041 enim
3084 3004 3188 3041 non
3222 2988 3278 3041 in
3310 3002 3453 3056 ,ope-

1867 3082 2040 3133 rando
2079 3089 2129 3133 et
2163 3081 2217 3131 in
2254 3078 2597 3147 Operatioue,
2639 3078 2733 3131 sed
2770 3080 2821 3129 itt
2862 3077 3120 3147 patiendo
3151 3088 3204 3131 et
3238 3080 3291 3133 in
3325 3094 3451 3149 pas-

1871 3177 2029 3226 sione
2062 3172 2177 3223 tieri
2215 3170 2691 3236 compositionem.
2729 3171 2799 3223 At
2832 3168 2977 3224 Deus
3016 3180 3299 3239 operatur,
3343 3186 3449 3223 non

1876 3265 1989 3335 ipse
2023 3263 2257 3331 patiens,
2290 3277 2391 3315 nec
2448 3271 2685 3315 mutatus
2721 3278 2735 3318 :
2765 3278 2870 3315 non
2921 3262 3083 3331 igitur
3112 3261 3453 3330 compositus

1871 3358 1974 3406 erit
2000 3360 2220 3420 pmpter
2245 3350 2641 3418 operationem.
2670 3351 2736 3404 Et
2770 3352 3092 3405 relationem
3120 3351 3280 3403 habet
3309 3350 3453 3405 Deus

1872 3446 1937 3496 ad
1974 3453 2303 3507 creaturam,
2358 3452 2542 3509 utpote
2588 3442 2747 3511 hujus
2794 3442 3122 3512 principium
3172 3451 3226 3495 et
3275 3442 3453 3496 Domi-

1870 3547 1989 3595 nus,
2027 3532 2118 3585 sed
2158 3546 2263 3585 non
2324 3533 2742 3595 ideocreaturis
2778 3546 3196 3587 annumeratur.
3234 3534 3448 3597 Adhuc,

1869 3626 2142 3695 quomodo
2176 3625 2328 3678 multi
2362 3635 2520 3679 erunt
2549 3625 2622 3678 dii
2678 3641 2742 3678 ex
2788 3639 2854 3677 eo
2900 3627 3043 3693 quod
3096 3626 3257 3679 habet
3308 3628 3451 3679 Deus

1868 3719 2265 3786 operationem,
2302 3717 2565 3785 siquidem
2604 3717 2765 3769 unius
2805 3724 2933 3769 sunt
2979 3717 3091 3777 Dei.
3135 3730 3231 3771 seu
3267 3719 3451 3786 potius

1870 3825 2010 3864 unus
2040 3820 2167 3863 sunt
2195 3808 2355 3871 Deus,
2382 3809 2565 3861 divina
2596 3809 2832 3862 essentia
2866 3818 2919 3862 et
2942 3808 3119 3861 divina
3168 3811 3455 3878 operatio?

1866 3904 2183 3961 Clarissime
2213 3903 2379 3963 igitur
2408 3903 2458 3956 itt
2495 3903 2596 3956 hoc
2630 3900 2865 3955 delirant
2894 3902 2981 3954 isti
3015 3901 3317 3957 dementes.

1942 4182 2066 4236 “6.
2096 4182 2391 4252 Postquam
2427 4184 2641 4237 dixerat
2670 4182 2931 4237 Dominus
2965 4184 3079 4239 suis
3117 4184 3400 4255 discipulis
3434 4200 3452 4241 :

1874 4293 1891 4325 ι
1928 4275 2066 4330 Sunt
2091 4276 2309 4344 quidam
2346 4278 2412 4328 de
2444 4275 2533 4328 hic
2565 4276 2860 4339 stantibus,
2894 4276 2984 4345 qui
3013 4291 3120 4331 non
3155 4280 3453 4347 gustabunt

1869 4382 2121 4431 mortem.
2163 4370 2335 4423 donec
2360 4370 2581 4424 videant
2611 4384 2835 4437 regnum
2878 4368 2973 4423 Dei
2999 4370 3228 4424 veniens
3261 4372 3313 4425 in
3343 4371 3451 4426 viro

1870 4462 2069 4528 tute“;
2097 4472 2216 4532 post
2243 4461 2359 4516 dies
2377 4477 2469 4516 sex
2492 4476 2775 4515 assumens
2798 4458 3037 4524 Petrum,
3068 4474 3121 4515 et
3148 4460 3442 4527 Joannem,

178 4557 519 4627 παραλαϐὼν
540 4558 632 4609 τὸν
662 4560 891 4630 Πέτρον,
923 4563 1016 4613 καὶ
1066 4562 1348 4625 Ἰάκωϐον,
1382 4564 1475 4614 καλ⁹
1516 4564 1768 4635 Ἰωάννην

1865 4568 1917 4611 et
1951 4556 2253 4611 ascendens
2289 4557 2339 4609 in
2377 4566 2614 4609 montem
2647 4555 2888 4620 Thabor,
2927 4556 3263 4624 resplenduit
3299 4556 3448 4611 sicut

176 4649 276 4711 καὶ⁹
309 4649 389 4710 είς
431 4649 490 4699 τὸ
534 4649 819 4720 Θαὸώριον
864 4650 989 4721 ὅρος
1036 4652 1278 4705 ἀνελθὼν
1328 4653 1569 4723 ἔλαμψεν
1630 4655 1704 4718 ὼς
1742 4656 1769 4707 6

174 4739 334 4806 ἣλιος
361 4753 376 4766 ’
409 4740 505 4791 καὶ
542 4739 612 4791 τὰ
662 4740 855 4807 ἱμάτια
899 4742 1064 4795 αὐτοῦ
1118 4744 1336 4810 ἐγένετο
1393 4744 1561 4796 λευκὰ
1599 4745 1675 4807 ὡς
1710 4747 1770 4798 τὸ

178 4829 298 4895 φῶς
332 4845 345 4857 ·
395 4830 456 4880 ού
521 4832 632 4900 γὰρ
688 4831 951 4900 ἠδύναντο
1002 4836 1216 4889 ,ἐκεῖνοι
1269 4836 1499 4905 βλέπειν
1564 4836 1765 4889 πλέον’

181 4914 389 4992 μᾶλλον
418 4922 473 4974 δὲ
502 4924 595 4976 καὶ
624 4925 762 4995 πρὸς
795 4927 892 4999 τὴν
932 4928 1140 4999 λάμψιν
1188 4932 1393 5001 ταύτην
1426 4934 1526 4985 οὐκ
1557 4932 1770 5003 ἰσχύον-

178 5033 269 5078 τες
309 5014 601 5081 άτενίζειν,
632 5022 860 5089 πρηνεῖς
913 5022 993 5081 είς
1044 5018 1147 5091 γῆν
1196 5024 1518 5079 κατέπεσον.
1578 5027 1769 5094 Ὅμως

179 5107 351 5173 εἶδον,
391 5111 531 5162 κατὰ
568 5110 667 5181 τὴν
700 5112 1035 5180 ἐπαγγελίαν
1068 5114 1163 5167 τοῦ
1214 5116 1483 5187 Σωτῆρος,
1531 5118 1628 5188 τὴν
1682 5120 1774 5189 βα-

181 5202 393 5255 σιλείαν
417 5202 511 5255 τοῦ
542 5204 700 5277 Θεού,
755 5208 816 5258 τὸ
873 5208 1053 5260 θεῖκὸν
1111 5210 1287 5262 ἐκεῖνο
1340 5212 1433 5263 καὶ
1462 5212 1773 5283 ἀπόρρητον

182 5294 342 5362 φῶς·
474 5294 771 5365 Γρηγόριος
827 5298 927 5366 μὲν
958 5300 1051 5353 καὶ
1092 5300 1375 5363 Βασίλειος
1430 5303 1478 5353 οἰ
1522 5305 1770 5373 μεγάλοι,

183 5386 419 5454 θεότητα
478 5387 981 5465 προσαγορεύουσι,
1016 5383 1181 5458 Φῶς,
1208 5392 1477 5459 λέγοντες,
1521 5395 1553 5463 ἡ
1590 5412 1773 5465 παρα-

182 5467 686 5551 δειχθεῖσαθεότης
728 5483 821 5534 ἐπὶ
859 5482 955 5535 τοῦ
998 5483 1157 5553 ὅρους
1193 5489 1304 5551 τοῖς
1343 5487 1641 5559 μαθηταῖς,
1682 5490 1774 5542 καὶ

186 5571 382 5632 κάλλος
401 5569 507 5622 ’τοῦ
542 5572 711 5634 ὅντως
744 5573 993 5642 δυνατοῦ,
1030 5579 1061 5647 ἡ
1114 5578 1279 5647 νοητὴ
1307 5580 1470 5632 αὑτοῦ
1505 5582 1598 5633 καὶ
1638 5582 1771 5633 θεω-

187 5660 331 5735 ρητὴ
361 5662 577 5731 θεότης.
616 5664 676 5718 ’0
722 5666 833 5737 γὰρ
881 5668 1056 5738 μέγας
1103 5669 1379 5735 Βασίλειος
1428 5675 1522 5726 καὶ
1577 5673 1774 5737 κάλλος

175 5762 199 5799 \

248 5842 296 5896 ⁸⁷
327 5862 648 5937 Marc..t'ttt,
690 5865 777 5918 39.
814 5883 830 5912 ι

1866 4650 1970 4713 sul,
2028 4658 2081 4703 et
2135 4649 2460 4703 vestimenta
2506 4646 2628 4716 ejus
2670 4645 2809 4701 facta
2851 4657 2981 4702 sunt
3028 4650 3257 4702 candida
3309 4648 3454 4703 sicut

1865 4742 1999 4805 lux;
2059 4748 2113 4792 et
2168 4756 2273 4793 non
2333 4748 2585 4809 poterant
2640 4739 2731 4793 ille
2766 4740 3040 4809 respicere
3072 4739 3327 4809 amplius,
3359 4743 3453 4794 sed

1868 4836 2047 4901 potius
2091 4833 2273 4887 lumen
2302 4834 2447 4886 illud
2493 4846 2612 4885 non
2647 4832 2887 4886 valentes
2925 4832 3152 4898 intueri,
3192 4834 3347 4902 proni
3400 4836 3454 4887 in

1867 4935 2069 4979 terram
2088 4926 2428 4977 ceciderunt.
2465 4924 2637 4977 Simul
2666 4924 2939 4988 viderunt,
2959 4924 3111 4994 juxta
3140 4921 3454 4993 promissio-

1869 5032 1994 5069 nem
2032 5014 2353 5078 Salvatoris,
2392 5031 2619 5085 regnum
2646 5014 2764 5088 Diei,
2790 5017 3035 5071 divinum
3069 5031 3265 5085 nempe
3320 5016 3453 5070 illud

1871 5122 1922 5164 et
1960 5100 2230 5162 ineffabile
2258 5108 2459 5174 lumen,
2496 5110 2641 5177 quod
2676 5113 2851 5179 magni
2888 5111 3186 5180 Gregorius
3216 5118 3270 5164 et
3306 5108 3454 5163 Basi-

1873 5202 1975 5256 ‘ius
2006 5201 2344 5254 divinitatem
2382 5201 2680 5269 appellant,
2712 5202 3001 5257 dicentes:
3043 5220 3062 5253 ι
3104 5202 3307 5256 Lumen
3362 5214 3447 5255 est

1872 5280 2127 5349 divinitas
2146 5293 2434 5363 discipulis
2459 5295 2513 5347 in
2543 5303 2728 5350 monte
2751 5295 3116 5360 manifestata,
3136 5306 3188 5349 et
3211 5293 3450 5364 pulchri-

1870 5391 2000 5442 tudo
2053 5385 2883 5457 Omnipotentis,.inlelligibilis
2942 5388 3063 5458 ejus
3114 5387 3450 5455 visibilisque

1863 5479 2149 5543 divinitas.
2189 5496 2207 5529 ι
2242 5478 2472 5548 Magnus
2498 5480 2643 5533 enim
2676 5478 2909 5535 Basilius
2938 5484 3113 5534 lucem
3168 5479 3315 5532 illam
3364 5476 3445 5531 div

1870 5572 1945 5625 cit
1970 5586 2093 5626 esse
2132 5572 2591 5640 pulchritudinem
2627 5572 2744 5638 Dei,
2774 5574 2908 5627 solis
2946 5574 3165 5627 sanctis.
3181 5571 3447 5625 visibilem

1870 5665 1927 5719 in
1958 5664 2159 5717 virtute
2196 5662 2366 5717 divini
2397 5662 2653 5731 Spiritus.
2684 5664 2862 5734 Itaque
2913 5666 3098 5721 subdit
3150 5679 3166 5719 :
3202 5680 3223 5716 t
3289 5661 3439 5716 Vide'
