4108 6330
644 444 787 512 1ἱ23

1892 435 2280 498 GREGORII
2342 434 2669 496 PALAMtﬁ

3777 427 3927 493 1234

640 565 969 610 runtautem
999 553 1115 619 ejus
1142 549 1602 617 pulchritudinem
1637 550 1832 603 Petrus
1858 558 1912 602 et
1944 550 2038 601 lilii
2070 547 2209 603 toni-
2238 590 2246 603 .

2353 542 2459 597 [ναι
2510 543 2603 595 τοῦ
2662 541 2797 595 Θεοῦ
2852 542 3076 612 (piget-rb
3123 541 3234 610 φῶς
3289 542 3485 603 ἐκεῖνο,
3548 540 3733 610 μόνοις
3794 544 3917 602 τοῖς

642 647 748 699 trui
785 646 836 697 itt
876 652 1081 705 monte,
1113 655 1274 708 supra
1332 642 1462 693 solis
1508 639 1667 707 jubar
1719 637 2112 706 splendentem,
2160 644 2215 687 et

642 736 912 806 primitias
942 735 1059 800 ejus
1088 731 1393 799 prmseutite
1423 730 1594 782 oculis
1622 742 1951 796 praesumere
2002 740 2216 777 merue-

644 838 795 881 runt.
854 844 872 876 ι
926 824 992 878 Ει
1042 824 1411 895 Damascenus
1472 822 1772 888 theologus,
1832 834 1953 873 cum
2009 816 2220 870 Joanne

646 920 1061 990 Chrysostomo,
1092 915 1397 969 naturalem
1441 912 1742 967 divinitatis
1775 904 1983 962 ra‘dium
2038 909 2217 960 lumen

628 1014 778 1065 -illud
810 1018 1159 1064 vocaverunt.
1202 1007 1357 1059 Prior
1386 1006 1533 1059 enim
1562 1004 1759 1057 scribit
1786 1020 1798 1053 :
1838 1021 1855 1053 ι
1900 1002 1989 1054 Ab
2016 1009 2222 1053 :etertto

648 1102 817 1156 Filius
847 1117 909 1154 ex
946 1102 1107 1155 Patre
1138 1100 1373 1168 genitus,
1415 1096 1712 1149 naturalem
1756 1094 1823 1147 ab
1863 1104 2069 1146 aeterno
2124 1092 2223 1144 ha-

651 1196 734 1247 liet
771 1194 980 1246 radium
1018 1191 1315 1244 divinitatis
1345 1205 1358 1254 ;
1389 1200 1444 1242 et
1470 1186 1771 1241 divinitatis
1802 1186 1993 1261 gloria,
2051 1184 2221 1251 gloria

648 1286 901 1352 corporis
937 1283 1016 1336 lit.
1052 1302 1069 1333 ι
1107 1281 1169 1334 Ει
1195 1283 1375 1350 lingua
1406 1295 1573 1333 aurea
1610 1296 1622 1332 :
1663 1297 1680 1327 ι
1716 1276 1993 1345 Fulgidior
2018 1276 2221 1340 seipse,

649 1375 853 1445 inquit,
922 1374 1186 1429 Dominus
1251 1374 1303 1426 in
1342 1382 1527 1426 monte
1590 1370 1863 1441 apparuit,
1943 1366 2228 1422 divinitate

652 1471 837 1524 radios
862 1483 992 1533 suos
1013 1466 1413 1520 manifestante.
1455 1482 1475 1517 ι

2320 636 2495 702 ἀγίοις
2528 634 2803 704 θεωρητδν
2830 636 2886 685 ὲν
2919 626 2983 703 τῇ
3016 634 3240 701 δυνάμει
3276 632 3366 683 τοῦ
3392 630 3535 682 θείου
3565 630 3914 699 Πνεῦματος.

2321 728 2410 776 Διὸ
2466 725 2558 776 καί
2616 742 2749 792 φησι
2814 726 2976 775 πάλιν
3011 739 3023 751 ·
3061 720 3214 774 Εἶδον
3273 723 3329 773 δὲ
3384 722 3547 773 αὑτοῦ
3602 723 3661 774 τδ
3714 721 3919 782 κάλλος

2324 816 2528 884 Πέτρος
2560 822 2652 865 και
2682 815 2729 865 οἱ
2782 814 2887 864 υἱοὶ
2936 814 3032 881 τῆς
3089 813 3315 881 βροντῆς
3369 814 3424 862 ὲν
3456 811 3533 880 τῷ
3562 812 3701 878 δρει,
3737 814 3914 881 ὑπερ-

2321 905 2533 975 λάμπον
2557 910 2653 972 τὴν
2677 906 2769 956 τοῦ
2792 906 2943 971 ἡλίου
2975 904 3334 973 λαμπρότητα
3360 920 3372 932 ·
3402 904 3495 953 καὶ
3527 908 3591 954 τά
3646 894 3918 971 προοίμια

2324 999 2423 1067 τῆς
2457 996 2623 1049 αὑτοῦ
2654 997 2951 1066 παρουσίας
3012 996 3309 1063 ὀφθαλμοῖς
3342 995 3528 1045 λαϐεῖν
3557 996 3918 1063 κατηξιώθη-

2328 1106 2443 1142 σαν.
2463 1091 2519 1140 Ὀ
2543 1090 2597 1139 δὲ
2629 1088 2981 1157 Δαμασκηνὸς
2994 1086 3262 1151 θεολόγος,
3289 1086 3429 1152 μετά
3457 1084 3547 1135 τοῦ
3574 1087 3782 1154 χρυσοῦ
3808 1085 3919 1153 τὴν

2314 1182 2571 1248 ’γλῶτταν
2611 1183 2879 1245 Ἰωάννου,
2928 1179 3161 1246 φυσικὴν
3211 1178 3404 1229 ἀκτῖνα
3447 1177 3541 1245 τῆς
3566 1177 3827 1248 θεότητος
3858 1178 3923 1228 τὸ

2329 1275 2444 1342 φῶς
2478 1276 2654 1324 ὲκεῖνο
2684 1271 3135 1340 προσηγόρευσαν
3171 1284 3183 1297 ·
3238 1270 3301 1319 ὁο
3323 1268 3422 1337 μὲν
3474 1268 3697 1337 γράφων
3725 1283 3739 1297 ·
3790 1268 3925 1319 ’Δνο

2331 1366 2513 1436 άρχως
2569 1366 2597 1416 ὁ
2630 1364 2755 1424 Υἱὸς
2818 1366 2881 1414 ὲκ
2933 1360 3025 1412 τοῦ
3055 1358 3266 1428 [ἰατρὸς
3319 1359 3622 1427 γεννηθεὶς,
3675 1358 3777 1428 τὴν
3812 1376 3924 1426 φυ-

2332 1460 2494 1527 οικὴν
2522 1459 2715 1511 ἀκτῖνα
2750 1456 2983 1525 ἄναρχον
3032 1452 3293 1521 κέκτηται
3347 1451 3445 1520 τῆς
3496 1452 3748 1521 θεότητος
3776 1468 3790 1481 ’
3822 1452 3927 1503 καὶ

658 1557 692 1625 ἡ
726 1555 825 1624 τῆς
854 1556 1105 1621 θεότητος
1137 1552 1289 1617 δόξα,
1328 1554 1460 1617 δόξα
1504 1556 1599 1607 τοῦ
1640 1555 1891 1622 σώματος
1923 1554 2132 1622 γίνεται
2156 1571 2168 1584 ⁸
2214 1574 2241 1606 ο
2270 1553 2325 1605 δὲ
2364 1552 2797 1623 χρυσορρήμων,
2833 1546 3273 1616 Λαμπρότερος,
3311 1542 3501 1610 φησὶν,
3528 1541 3725 1594 ἑαυτοῦ
3762 1541 3934 1610 ἐφαί-

657 1668 783 1704 νετο
812 1652 835 1705 ὁ
866 1648 1072 1719 Κύριος
1104 1652 1199 1703 ἐπὶ
1224 1649 1317 1703 τοῦ
1346 1650 1528 1720 ὅρους,
1552 1654 1652 1719 τῆς
1679 1650 1929 1719 θεότητος
1968 1650 2383 1721 παραδειξάσης
2413 1650 2515 1713 τὰς
2544 1651 2771 1710 ἀκτῖνας
2791 1644 2980 1712 αὐτῆς.
3069 1694 3077 1712 ,_

739 1733 863 1786 ιη.
890 1731 1019 1784 Illud
1046 1732 1288 1782 divinum
1326 1740 1380 1780 et
1413 1727 1685 1779 imll'ahile
1717 1729 1920 1784 lumett,
1964 1725 2053 1776 Det
2107 1725 2245 1775 divi-

666 1822 896 1873 nitatem
928 1829 982 1871 et
1014 1835 1262 1887 regnum,
1298 1818 1756 1886 pulchritudinem
1789 1828 1843 1869 et
1900 1814 2241 1883 splendorem

663 1911 1139 1975 divinae-staturae,
1200 1919 1511 1963 sanctorum
1577 1908 1630 1958 iit
1697 1905 2237 1974 incomprehensibili

664 2003 971 2055 aeternitate
999 2004 1262 2055 visionem
1296 2012 1348 2053 et
1390 2000 1727 2061 felicitatem,
1763 1996 2064 2050 naturalem
2101 1997 2240 2049 divi-

663 2096 850 2147 uitatis
886 2097 1093 2147 radium
1120 2104 1172 2146 et
1195 2093 1445 2162 gloriam,
1483 2093 1803 2160 phantasma
1841 2099 1895 2142 et
1926 2101 2238 2143 creaturam

662 2201 785 2238 esse
820 2188 1087 2239 hlateraut
1119 2185 1379 2247 heretici,
1416 2192 1467 2236 et
1500 2198 1591 2235 eos
1614 2182 1705 2249 qui
1762 2180 2005 2248 ipsorum
2067 2180 2242 2233 instar

665 2274 719 2329 in
745 2275 981 2327 divinant
1015 2277 1185 2326 lucem
1216 2275 1292 2327 sic
1315 2272 1695 2340 blasphemare
1720 2285 1827 2322 non
1855 2270 1997 2331 ausi,
2033 2270 2245 2322 increa—

665 2373 751 2419 tas
782 2366 1052 2419 mstimaut
1090 2363 1180 2418 Dei
1214 2350 1499 2418 esseniiam
1553 2373 1605 2416 et
1643 2362 2039 2431 Operationem,
2090 2360 2241 2428 poly-

668 2459 827 2528 theos
858 2459 1188 2535 calumniose
1224 2456 1723 2510 circutiiclamitaut
1765 2470 1779 2519 ;
1816 2469 2004 2506 verum
2044 2453 2241 2505 erube-

666 2562 840 2605 scant.
871 2552 1129 2617 Quamvis
1158 2551 1300 2603 enim
1332 2549 1573 2601 increata
1601 2547 1673 2600 sit
1711 2546 1889 2598 divina
1944 2546 2055 2608 lux,
2106 2558 2242 2596 unus

670 2641 825 2701 nobis
852 2652 934 2709 est
962 2639 1103 2694 Deus
1131 2640 1183 2692 in
1218 2656 1322 2693 una
1353 2639 1661 2701 divinitate,
1695 2638 1841 2705 quia,
1887 2644 1945 2689 ut
1994 2648 2244 2704 superus

666 2734 858 2786 crebro
877 2736 1303 2786 demonstratum
1328 2742 1430 2793 est,
1452 2733 1608 2785 unius
1631 2728 1726 2783 Dei
1747 2738 1895 2794 sunt,
1920 2738 1975 2783 et
2001 2728 2240 2781 iucreata

669 2826 929 2888 essentia,
957 2834 1010 2877 et
1042 2826 1277 2879 increata
1304 2823 1574 2892 Operatio,
1601 2822 1781 2876 divina
1816 2822 2030 2875 scilicet
2071 2818 2244 2887 gratia

671 2930 721 2970 et
751 2919 838 2972 lux
868 2919 979 2973 illa.

746 3182 869 3238 με.
898 3182 1097 3237 Nefarii
1125 3196 1254 3251 ergo
1289 3180 1555 3244 haeretici,
1587 3177 1677 3249 qui
1705 3186 1827 3248 post
1857 3177 2125 3248 synodum
2146 3193 2242 3230 au-
2274 3218 2320 3275 α

675 3280 863 3332 dacter
895 3280 1149 3329 dixerunt
1177 3275 1420 3329 divinum
1448 3273 1579 3327 illud
1610 3273 1792 3326 lumen
1820 3286 1847 3324 a
1884 3272 2168 3327 Salvatore
2197 3274 2248 3326 in

676 3370 896 3435 Thahor
921 3367 1181 3422 emissum
1216 3381 1313 3436 pro
1342 3367 1726 3435 phantasmate
1756 3378 1820 3418 ac
1847 3373 2099 3418 creatura
2133 3363 2249 3417 ‘ha-

678 3464 909 3518 bendum
947 3477 1091 3525 esse,
1123 3469 1179 3513 et
1208 3463 1258 3514 id
1287 3460 1532 3513 stabilire
1569 3457 1747 3511 conati
1786 3466 1932 3518 sunt,
1974 3464 2027 3510 et
2056 3470 2082 3508 a
2110 3456 2249 3508 mul-

682 3559 757 3627 με
804 3554 1024 3609 refutati
1063 3553 1208 3608 haud
1257 3561 1605 3621 mutaverunt
1644 3551 1996 3613 sententiam,
2060 3547 2252 3603 deﬁni-

680 3650 828 3703 tione
865 3652 1065 3717 scripta
1099 3657 1155 3701 et
1192 3649 1539 3701 anathemate
1575 3646 1820 3715 percussi
1857 3652 2005 3698 sunt.
2032 3642 2166 3697 Nam
2198 3643 2250 3695 in

681 3742 1104 3795 incarnationem
1133 3741 1224 3795 Dei
1258 3740 1661 3807 hlaSphemant,
1694 3747 1749 3791 et
1769 3748 2008 3791 creatam
2056 3735 2249 3790 insane

682 3835 870 3889 dicunt
904 3833 990 3886 Dei
1021 3833 1382 3897 divinitatem,
1428 3840 1481 3884 et
1517 3830 1583 3883 ad
1612 3841 1945 3891 creaturam,
1983 3837 2248 3908 quamlum

679 3934 928 3997 possunt,
956 3926 1127 3993 ipsum
1152 3924 1468 3993 deprimunt
1493 3922 1706 3974 Patrem
1732 3930 1785 3974 et
1810 3918 2004 3974 Filium
2037 3927 2092 3970 et
2125 3917 2249 3983 Spi-

682 4024 844 4075 ritum
875 4029 1143 4074 sauctum.
1181 4015 1297 4071 Una
1332 4000 1479 4071 enim
1507 4027 1561 4068 et
1589 4014 1777 4068 eadem
1805 4022 1889 4066 est
1916 4012 2085 4064 tribus
2116 4011 2250 4065 divi-

683 4116 844 4167 nitas.
878 4110 933 4164 Si
961 4122 1139 4164 autem
1170 4112 1464 4163 increatam
1499 4096 1586 4161 isti
1615 4117 1667 4161 et
1705 4104 2032 4158 adorandam
2062 4104 2252 4158 dicunt

680 4202 1039 4267 divinitatem,
1070 4200 1207 4255 duas
1236 4200 1521 4252 manifeste
1543 4204 1850 4266 agnoscunt
1875 4195 1968 4249 Dei
1999 4194 2253 4250 divinita-

682 4305 789 4361 tes,
821 4310 981 4350 unam
1014 4303 1276 4358 creatam,
1315 4301 1369 4346 et
1401 4290 1626 4344 alteram
1663 4289 1981 4343 increatam.
2014 4285 2107 4341 Sic
2162 4300 2252 4341 sa-

680 4398 870 4458 tagunt
899 4396 1125 4444 cunctos
1155 4396 1365 4441 veteres
1398 4381 1683 4439 hareticos
1735 4381 2015 4450 impietate
2064 4392 2253 4449 super-

680 4484 850 4555 gredi.

756 4744 877 4799 M9.
915 4741 1064 4795 Alias
1090 4740 1336 4799 haeresim
1391 4752 1544 4792 suam
1606 4734 1789 4802 velare
1847 4739 2138 4797 conantes,
2199 4740 2255 4784 et

701 4845 992 4891 mereatam
1029 4836 1212 4888 dicunt
1258 4832 1428 4885 lucem
1459 4832 1507 4883 in
1563 4828 1782 4882 Thabor
1822 4826 2251 4885 manifestatam,

686 4943 742 4986 et
779 4932 1068 4995 essentiam
1095 4941 1214 4981 esse
1243 4925 1354 4989 Dei,
1390 4922 1755 4992 multipliciter
1779 4930 1833 4975 et
1860 4923 1911 4974 in
1966 4920 2067 4973 hoc
2104 4919 2251 4974 blas-

694 5024 1028 5094 phemantes.
1059 5018 1193 5085 Quia
1230 5018 1371 5071 enim
1414 5017 1481 5069 ab
1525 5014 1786 5084 apostolis
1838 5014 2014 5066 visum
2072 5022 2153 5066 est
2179 5012 2259 5065 lu-

694 5132 815 5171 men
846 5110 1000 5178 illud,
1044 5113 1309 5167 visibilem
1370 5119 1763 5179 consequenter
1811 5123 1930 5162 esse
1974 5115 2258 5161 autumant

690 5209 781 5263 Dei
805 5207 1119 5263 essentiam.
1175 5202 1371 5257 Verum
1410 5202 1633 5255 audiant
1672 5202 1936 5253 dicentem
1971 5212 1984 5248 :
2028 5216 2045 5248 ι
2086 5194 2258 5249 Nemo

691 5302 842 5357 stetit
874 5301 927 5353 in
958 5297 1331 5359 subsistentia,
1399 5293 1492 5363 qui
1551 5290 1843 5345 essentiam
1908 5287 2000 5341 Dei
2058 5298 2111 5341 et
2164 5286 2259 5340 Dei

695 5408 940 5448 naturam
981 5401 1071 5446 aut
1096 5392 1296 5445 viderit
1351 5396 1447 5441 aut
1511 5382 1869 5439 enarraverit.
1931 5380 2040 5433 Nec
2084 5380 2257 5433 solum

692 5488 867 5542 nullus
911 5486 1208 5548 hominum,
1270 5482 1362 5535 sed
1397 5493 1496 5533 nec
1551 5477 1885 5546 angelorum.
1962 5473 2075 5540 Ipsa
2115 5471 2259 5524 enim

696 5596 787 5635 sex
822 5580 922 5632 alis
952 5587 1160 5631 ornata'
1198 5574 1468 5643 seraphin:
1518 5572 1589 5626 ob
1647 5583 1930 5637 excessum
1975 5566 2268 5620 emicantis

696 5688 764 5726 ex
790 5688 850 5725 ea
876 5668 1293 5731 coruscationis,
1327 5665 1517 5719 faciem
1550 5664 1744 5731 pennis
1775 5660 2198 5725 circumtegunt.
2237 5672 2257 5706 ι

695 5764 833 5830 Quia
870 5764 1038 5830 igitur
1072 5762 1198 5813 nulli
1235 5773 1474 5828 unquam
1508 5757 1619 5810 visa
1646 5762 1729 5809 est
1777 5747 2269 5821 supersubstantia-

696 5858 763 5913 lis
793 5854 1025 5913 essentia
1070 5853 1201 5919 Dei,
1238 5852 1479 5907 ~uuando
1537 5850 1676 5901 hunc
1723 5859 1846 5900 esse
1891 5842 2076 5896 lumen
2132 5836 2265 5915 illud

2440 1727 2581 1795 ρμζ.
2620 1726 2787 1783 Τοῦτο
2819 1725 2880 1775 τὸ
2937 1723 3115 1776 θεῖκὸν
3172 1739 3266 1775 κα.
3322 1722 3635 1793 ἀπόρρητον
3666 1725 3804 1793 φῶς,
3851 1729 3957 1797 τὴν

2360 1816 2456 1868 τοῦ
2486 1814 2619 1868 Θεοῦ
2652 1816 2877 1882 θεότητα
2915 1815 3009 1865 καὶ
3056 1813 3356 1882 βασιλείαν,
3397 1815 3456 1864 τὸ
3487 1815 3678 1875 κάλλος
3712 1819 3811 1868 καὶ
3848 1821 3957 1884 τὴν

2363 1909 2719 1978 λαμπρότητα
2750 1907 2849 1975 τῆς
2879 1906 3028 1967 θείας
3055 1906 3290 1974 φύσεως,
3331 1904 3427 1974 τὴν
3465 1906 3523 1958 ὲν
3552 1906 3629 1975 τῷ
3657 1892 3951 1981 ἀκαταλή-

2365 2016 2482 2069 πτῳ
2508 2000 2665 2052 αἰῶνι
2694 1998 2801 2049 τῶν
2856 1998 3025 2064 ἁγίων
3080 1999 3272 2065 ὅρασιν
3310 1999 3413 2048 ικαὶ
3464 1998 3787 2065 ἀπόλαυσιν,
3842 2004 3946 2071 τὴν

2362 2090 2596 2159 φυσικὴν
2654 2092 2847 2144 ἀκτῖνα
2891 2090 3006 2160 καὶ,
3030 2089 3187 2154 δόξαν
3233 2089 3329 2158 τῆς
3389 2088 3673 2158 θεότητος,
3740 2092 3943 2163 φάσμα

2364 2183 2455 2237 καὶ
2506 2184 2711 2251 κτίσμα
2759 2184 2809 2234 οἱ
2867 2181 3340 2249 γλωσσαλγοῦντες
3396 2183 3663 2249 αξρετικοὶ
3714 2184 3946 2250 λέγουσι

2363 2272 2454 2323 καὶ
2509 2269 2634 2331 τοὺς
2669 2269 2743 2338 μὴ
2783 2266 3145 2335 ἀνεχομένους
3194 2266 3316 2317 κατ’
3365 2266 3561 2327 αὐτοὺς
3606 2269 3684 2328 είς
3706 2266 3765 2318 τὸ
3796 2269 3948 2319 θεῖον

2361 2361 2476 2429 φῶς
2528 2360 2685 2413 τοῦτο
2733 2359 3092 2428 βλασφημεῖν,
3130 2356 3245 2408 ἀλλ’
3298 2356 3551 2409 ἀκτιστον
3602 2356 3743 2410 εἶναι
3804 2376 3947 2427 φρο-

2360 2452 2585 2513 νοῦντας
2644 2451 2733 2502 τὸν
2785 2448 2917 2500 Θεὸν
2948 2447 3066 2499 κατ’
3092 2446 3301 2508 οὐσίαν,
3336 2447 3431 2498 καὶ
3461 2448 3580 2498 κατ’
3636 2449 3945 2515 ἐνέργειαν,

2359 2542 2439 2594 ὅτι
2470 2541 2652 2602 θεῒτας
2702 2535 2841 2591 εἶναι
2882 2537 3345 2605 συκοφαντοῦντες
3417 2537 3941 2607 περιαγγέλλουσιν.

2372 2632 2512 2684 Ἀλλ’
2566 2630 3031 2699 αίσχυνέσθωσαν.
3072 2629 3350 2681 Ἀκτίστου
3377 2628 3482 2698 γὰρ
3527 2630 3621 2682 καὶ
3667 2629 3763 2683 τοῦ
3793 2630 3945 2683 θείου

2360 2724 2535 2790 φωτὸς
2566 2722 2739 2783 δντος,
2800 2716 2881 2781 εἷς
2923 2722 3053 2788 ⁴ἡμῖν
3084 2719 3215 2782 Θεός
3263 2722 3409 2772 ἐστιν
3447 2721 3504 2771 ὲν
3548 2723 3647 2790 μιᾷ
3678 2720 3901 2791 θεότητι
3928 2739 3944 2754 ·

2359 2817 2433 2877 ὼς
2468 2813 2585 2875 ἑνὸς
2616 2812 2771 2874 Θεοῦ,
2801 2811 3053 2880 καθάπερ
3076 2812 3331 2882 ἀνωτέρω
3352 2811 3631 2882 πολλαχῶς
3648 2814 3944 2880 δέδεικται,

2360 2903 2452 2956 καὶ
2498 2905 2596 2972 τῆς
2654 2901 2909 2954 άκτίστου
2948 2902 3133 2963 οὐσίας
3160 2902 3346 2971 οῦσης,
3382 2903 3473 2954 καὶ
3525 2904 3626 2972 τῆς
3679 2905 3947 2959 ἀκτίστου

2360 2997 2642 3065 ἐνεργείας
2678 3011 2691 3024 ·
2734 2994 2932 3063 δηλαδὴ
2959 2996 3057 3064 τῆς
3081 2994 3229 3057 θείας
3254 2995 3474 3065 χάριτος
3500 2996 3594 3049 καὶ
3619 2996 3950 3067 ὲλλάμψεως

2359 3088 2581 3157 ταύτης.

2434 3176 2580 3247 mnf.
2612 3178 2807 3246 Φάσμα
2850 3175 3139 3245 τοιγαροῦν
3170 3176 3265 3229 καὶ
3319 3177 3525 3247 κτίσμα
3575 3180 3795 3248 φρονεῖν
3852 3181 3949 3235 ἐπὶ

2359 3272 2457 3339 τῆς
2490 3268 2707 3321 συνόδου
2740 3268 3028 3341 τολμηρῶς
3055 3269 3324 3331 εἰπόντες,
3375 3272 3470 3322 καὶ
3506 3272 3950 3337 κατασκευάζειν

2346 3357 2713 3428 πειραθέντες
2740 3359 2787 3410 οἱ
2814 3358 3151 3427 κακόφρονες
3188 3360 3472 3430 αἰρετικοὶ,
3506 3362 3565 3413 τὸ
3591 3362 3814 3432 λάμψαν
3839 3367 3950 3418 άπὸ

2361 3447 2455 3499 τοῦ
2489 3448 2743 3516 Σωτῆρος
2764 3450 2822 3501 ὲν
2856 3448 3055 3520 Θαῦὼρ
3089 3450 3269 3503 θεῖκὸν
3298 3452 3473 3503 ἐκεῖνο
3520 3454 3654 3521 φῶς,
3714 3457 3807 3508 καὶ
3858 3458 3951 3511 διὰ

2363 3538 2573 3591 πολλῶν
2598 3539 3028 3609 ἐξελεγχθέντες,
3064 3542 3257 3612 καὶμὴ
3300 3545 3784 3619 μεταπεισθέντες,
3838 3550 3949 3618 ἀφ-

2362 3632 2577 3703 ορισμῷ
2634 3632 2894 3702 ἐγγράφῳ
2943 3633 3035 3686 καὶ
3073 3633 3374 3703 ἀναθέματι
3427 3636 3945 3709 καθυῆεϐλήθησαν.

2364 3724 2461 3785 Et;
2491 3740 2548 3775 τε
2578 3724 2686 3793 γὰρ
2721 3723 2819 3793 τὴν
2848 3722 2934 3776 διά
2967 3728 3166 3794 σαρκὸς
3196 3727 3510 3795 οἰκονομίαν
3565 3728 3949 3799 βλασφημοῦσι

2360 3812 2454 3866 τοῦ
2496 3811 2653 3875 Θεοῦ,
2704 3816 2797 3866 καὶ
2853 3815 3082 3885 κτιστὴν
3129 3811 3265 3869 εἶναι
3306 3819 3689 3888 φρενοϐλαδῶς
3726 3807 3948 3892 λέγουσι

2359 3906 2458 3975 τὴν
2505 3904 2599 3956 τοῦ
2651 3904 2786 3957 Θεοῦ
2840 3903 3092 3975 θεότητα,
3127 3908 3220 3960 καὶ
3245 3909 3323 3971 είς
3357 3910 3586 3979 κτίσμα,
3640 3914 3700 3966 τό
3747 3931 3812 3983 γε
3865 3920 3949 3983 εις

2360 3997 2559 4058 αὐτοὺς
2580 3990 2737 4066 ἧκον,
2783 3997 3161 4063 κατασπῶσιν,
3219 4000 3382 4052 αὑτὸν
3419 4003 3512 4053 τὸν
3573 4003 3816 4073 Πατέρα,
3852 4010 3948 4062 καὶ⁸

2360 4087 2448 4140 τὸν
2494 4088 2642 4152 Υίὸν,
2695 4087 2787 4141 καὶ
2843 4089 2903 4141 τὸ
2944 4089 3165 4158 Πνεῦμα
3200 4090 3259 4143 τὸ
3313 4092 3488 4160 ἅγιον.
3538 4094 3651 4147 Μία
3698 4096 3947 4168 γὰρκαὶ

2361 4182 2394 4249 ἡ
2428 4180 2565 4249 αὐτή
2598 4183 2747 4232 ἐστιν
2788 4180 3037 4251 ἠθεότης
3060 4183 3169 4235 τῶν
3202 4184 3392 4253 τριῶν.
3438 4185 3500 4238 EE
3545 4186 3601 4238 δὲ
3648 4188 3742 4240 καὶ
3793 4190 3947 4244 ἄκτι-

2363 4287 2487 4323 στον
2520 4266 2669 4324 οῦτοι
2723 4272 2903 4324 σέϐειν
2961 4272 3177 4341 λέγουσι
3236 4273 3485 4343 θεότητα,
3544 4276 3643 4329 δύο
3694 4282 3946 4351 φανερᾶς

2363 4363 2546 4416 λοιπὸν
2610 4358 2759 4417 οὗτοι
2812 4363 3060 4432 λέγουσιν
3125 4359 3264 4417 εῖναι
3321 4365 3413 4418 τοῦ
3463 4365 3597 4418 Θεοῦ
3657 4368 3944 4441 θεότητας,

2366 4457 2764 4527 plavstris-tiri,
2803 4457 2895 4508 καὶ
2946 4455 3113 4525 ἀλλην
3165 4458 3444 4511 άκτιστον.
3502 4460 3660 4515 Οὕτω
3711 4462 3946 4530 φιλονει-

2286 4568 2330 4621 D
2364 4547 2518 4598 κοῦσι
2562 4547 2769 4609 πάντας
2816 4547 3045 4609 τοὺςὲκ
3102 4548 3336 4600 παλαιοῦ
3388 4548 3715 4616 κακοδόξους
3772 4554 3944 4626 ὑπερ-

2361 4636 2523 4706 6ἧναι
2560 4640 2625 4708 τῇ
2657 4638 2961 4709 δυσσεϐείᾳ.
3914 4700 3919 4703 _

2435 4729 2578 4800 ρμθ’.
2614 4731 2833 4783 Ἀλλοτε
2895 4731 2950 4784 δὲ
2997 4731 3095 4801 τὴν
3128 4733 3337 4791 οἰκείαν
3366 4735 3691 4801 κακοδοξίαν
3719 4741 3947 4795 συσκιά-

2362 4820 2474 4885 ζειν
2506 4824 2908 4893 μηχανώμενοι,
2934 4824 3027 4876 καὶ
3052 4825 3307 4878 ἄκτιστον
3342 4824 3560 4894 λέγουσι
3580 4828 3639 4881 τὸ
3668 4830 3726 4881 ὲν
3758 4830 3948 4886 Θαδω-

2364 4914 2465 4985 ρίῳ
2493 4914 2715 4983 λάμψαν
2746 4915 2883 4982 φῶς,
2919 4916 3013 4967 καὶ
3071 4916 3259 4967 οὐσίαν
3300 4911 3451 4969 εἶναι
3502 4917 3597 4971 τοῦ
3621 4919 3784 4985 Θεοῦ,
3818 4924 3948 4976 πολ-

2360 5005 2579 5068 λαπλῶς
2625 5007 2732 5058 κάν
2775 5006 2949 5076 τούτῳ
2987 5005 3452 5076 βλασφημοῦντες.
3499 5008 3649 5061 Ἐπεὶ
3700 5011 3813 5081 γὰρ
3846 5015 3948 5068 ὑπὸ

2360 5099 2470 5151 τῶν
2529 5099 2842 5151 ἀποστόλων
2898 5099 3137 5169 ἑώραται
3191 5100 3252 5152 τὸ
3307 5100 3423 5167 φῶς
3475 5103 3673 5165 ἐκεῖνο,
3740 5105 3947 5178 ὁρατὴν

2362 5190 2548 5244 λοιπὸν
2573 5186 2711 5244 εἶναι
2756 5189 2943 5254 κακῶς
2974 5190 3230 5261 φρονοῦσι
3280 5192 3380 5261 τὴν
3420 5192 3609 5247 οὐσίαν
3639 5194 3734 5247 τοῦ
3764 5197 3901 5251 Θεοῦ
3929 5238 3945 5253 .

2376 5284 2517 5336 Ἀλλ’
2552 5283 2903 5336 ἀκουέτωσαν
2933 5284 3028 5335 τοῦ
3055 5282 3326 5352 λέγοντος·
3352 5286 3540 5349 Οὐδεὶς
3565 5286 3696 5358 ἔστη
3726 5290 3785 5341 ὲν
3816 5291 3947 5346 ὕπο-

2350 5376 2623 5443 .στήματι,
2662 5374 2758 5427 καὶ
2786 5374 2973 5426 οὐσίαν
3026 5374 3184 5441 Θεοῦ,
3214 5377 3310 5429 καὶ
3351 5376 3485 5429 Θεοῦ
3517 5378 3678 5445 φύσιν
3714 5381 3745 5451 ἢ
3784 5377 3942 5450 εἶδεν,

2366 5465 2398 5533 ἢ
2450 5465 2833 5534 ὲξηγόρευσεν.
2892 5466 3003 5518 Καὶ
3060 5467 3135 5536 μὴ
3178 5468 3339 5536 μόνον
3393 5470 3569 5533 οὐδεὶς
3616 5471 3941 5543 ἀνθρώπων,

2366 5556 2480 5610 ἀλλ’
2497 5557 2618 5610 οὐδὲ
2646 5558 2751 5609 τῶν
2773 5557 3021 5626 ἀγγέλων
3041 5571 3054 5586 ⁸
3080 5560 3173 5611 καὶ
3195 5558 3335 5612 αὐτά
3361 5560 3470 5631 γὰρ
3503 5562 3571 5613 τά
3601 5557 3944 5635 ἑξαπτέρυγα

2368 5650 2638 5740 Σεραφὶμ,
2696 5650 2789 5702 καὶ
2834 5650 2970 5719 πρὸς
3015 5649 3184 5721 αὐτὴν
3212 5652 3314 5721 τὴν
3334 5652 3636 5725 ὑπερϐολὴν
3672 5659 3774 5727 τῆς
3806 5661 3943 5711 ἐκεῖ·

2368 5741 2460 5796 θεν
2536 5742 2960 5813 ὲκπεμπομένης
3015 5742 3356 5813 ὲλλάμψεως,
3399 5748 3517 5809 ταῖς
3571 5747 3801 5816 πτέρυξι
3850 5766 3945 5801 πε-

2371 5832 2693 5908 ρικαλύπτει
2720 5834 2818 5898 τάς
2842 5832 3013 5895 δὼεις.
3066 5833 3218 5886 Ἐπεὶ
3257 5834 3385 5901 γοῦν
3422 5822 3631 5899 οὐδέσιν
3670 5840 3792 5892 οὐδέ
3822 5857 3942 5894 ποτε
