4108 6330
140 447 281 509 1261

1096 522 1097 525 γ
1183 443 1457 505 cum
1500 442 1655 503 PER
1695 440 2354 504 ACROS‘I‘ICIIIDEM.

3264 430 3401 493 133.62

119 573 229 640 τῆς
276 568 586 636 ἐπιθυμίας,
625 565 691 618 τὰ
719 565 773 616 δὲ
804 562 1032 633 ψυχικά,
1062 560 1193 632 πρὸς
1222 562 1288 614 τὰ
1314 560 1403 613 τοῦ
1446 560 1697 630 θυμικοῦ,

1827 555 2025 609 animat
2052 568 2107 610 et
2142 556 2258 618 iraa,
2296 553 2523 609 rationts
2553 563 2603 607 ct
2644 551 2970 616 intellectus,
3006 546 3318 602 intellectus
3348 553 3404 598 et

120 664 229 714 καὶ
265 662 427 714 πάλιν
450 660 520 711 τὰ
550 656 855 726 λογιστικὰ,
884 654 1016 724 πρὸς
1035 654 1103 705 τὰ
1128 654 1309 723 νοερὰ,
1326 653 1500 705 καὶτὰ
1516 652 1699 721 νοερὰ,

119 733 276 825 πρὸς
304 755 370 807 τὰ
398 752 498 821 τῆς
555 750 792 825 διανοίας
824 750 915 802 καὶ
945 750 1039 816 τῆς
1102 749 1317 817 μνήμης
1383 740 1697 815 παθήματα.

196 844 301 896 οϐ’.
334 840 517 912 Θυμοῦ
569 842 667 911 μέν
691 842 795 893 είσι
822 840 989 908 πάθη,
1015 841 1171 907 ὀργὴ,
1203 836 1417 906 πικρία,
1462 837 1701 904 κραυγὴ,

117 923 406 1003 ὀξυῄολία,
441 933 661 1002 Θράσος,
695 930 883 998 τύφος,
919 928 1211 992 ἀλαζωνία,
1239 930 1329 980 καὶ
1362 928 1463 979 εῐτι
1496 926 1700 996 ἕτερον’

118 1024 429 1093 ἐπιθυμίας
459 1022 537 1083 δὲ,
575 1021 879 1086 πλεονεξία,
912 1019 1197 1083 ἀκολασία,
1226 1016 1478 1087 ἀκρασία,
1538 1015 1707 1081 ἀπλη-

120 1115 282 1177 στία,
346 1113 644 1183 φιληδονία,
698 1112 1050 1181 φιλαργυρία,
1122 1110 1378 1177 φιλαυτία
1424 1110 1456 1176 ὴ
1491 1106 1707 1159 πάντων

117 1205 511 1274 χαλεπωτέρα·
540 1205 607 1256 τὰ
640 1203 695 1257 δὲ
724 1203 825 1272 τῆς
872 1202 1093 1272 σαρκὸς,
1154 1202 1400 1268 πορνεία,
1467 1196 1702 1267 μοιχεία,

119 1296 463 1364 ἀκαθαρσία,
514 1295 742 1356 ἀσωτία,
778 1292 980 1357 ἀδικία,
1013 1290 1448 1360 γαστριμαργία,
1482 1288 1704 1356 ἀκηδία,

119 1390 504 1459 περπερότης,
534 1384 883 1455 φιλοκοσμία,
920 1385 1202 1453 φιλοζωῖα.
1242 1386 1335 1434 καὶ
1366 1383 1470 1434 εἴτι
1497 1376 1701 1449 ἕτερον’

119 1480 194 1531 τὰ
236 1479 295 1532 δὲ
318 1479 409 1531 τοῦ
438 1477 751 1545 λογιστικοῦ
785 1477 982 1547 μέρους
1001 1477 1158 1533 εἰσὶν,
1188 1474 1435 1538 ἀπιστία,
1465 1472 1704 1541 βλασφη-

125 1569 273 1637 μία,
324 1568 579 1637 πονηρία.
636 1566 969 1636 πανουργία,
1027 1564 1383 1634 περιέργεια,
1442 1561 1700 1631 διψυχία,

120 1660 394 1729 λοιδορία,
443 1659 764 1719 καταλαλιά,
813 1658 1154 1725 κατάκρισις,
1222 1654 1587 1719 ἐξουδένωσις,
1622 1651 1705 1702 εὑ-

122 1750 429 1819 τραπελία,
465 1748 776 1815 ὑπόκρισις,
813 1746 1028 1815 ψεῦδος,
1060 1744 1433 1814 αίσχρολογία,
1471 1744 1708 1812 μωρολο-

122 1844 253 1908 γία,
288 1841 612 1910 ὑπουλότης,
638 1840 879 1906 εἰρωνία,
911 1839 1167 1907 φανητία,
1193 1835 1703 1906 ἀνθρωπαρέσκεια,

127 1914 536 2001 μετεωρισμὺς,
602 1928 897 2000 ἐπιορκίαι,
934 1927 1270 1996 ἀργολογίαι,
1301 1913 1394 1978 καὶ
1427 1926 1495 1977 τὰ
1524 1923 1705 1977 λοιπά’

118 2026 193 2077 τά
222 2024 282 2075 δὲ
311 2022 405 2075 τοῦ
430 2022 568 2083 νοὸς,
624 2023 822 2090 οἴησις,
864 2019 1115 2088 ἔπαρσις,
1147 2016 1532 2086 μεγαλαυχίαι,
1567 2016 1703 2085 ἔρις,
1754 2005 1793 2062 Β

123 2113 321 2180 ζῆλος,
350 2100 738 2181 αὑταρέσκεια,
766 2107 1067 2175 ἀντιλογία,
1129 2108 1379 2176 ἀνηκοῖα,
1415 2106 1703 2175 φαντασία,
1728 2138 1747 2157 π

123 2202 506 2277 ᾀναπλασμοὶ,
544 2201 915 2269 φιλενὸειξίαι,
978 2197 1274 2265 φιλοδοξία,
1330 2198 1703 2266 ὑπερηφανία,

119 2293 181 2344 τὺ
213 2290 435 2361 πρῶτον
487 2292 581 2343 καὶ
636 2294 860 2359 ἔσχατον
906 2292 1123 2345 πάντων
1153 2288 1263 2342 τῶν
1294 2288 1479 2343 κακῶν
1503 2304 1515 2316 ο
1563 2287 1631 2357 τά
1652 2286 1707 2336 δὲ

120 2385 221 2450 τῆς
276 2381 522 2445 διανοίας
550 2382 658 2435 sici
727 2381 920 2445 ταῦτα,
946 2382 1277 2453 ρεμὸασμοὶ,
1314 2378 1706 2451 μετεωρισμοὶ,

120 2473 520 2543 αἰχμαλωσίαι,
554 2475 837 2539 σκότωσις,
862 2474 1157 2542 τύφλωσις,
1192 2476 1509 2541 ἀπαγωγαῖ,
1542 2490 1707 2541 προσ-

123 2566 305 2633 ϐολαὶ,
340 2565 799 2631 συγκαταθέσεις,
831 2567 1018 2637 ῥοπαὶ,
1050 2566 1272 2637 τροπαὶ,
1302 2564 1703 2637 παραρρισμοὶ,

122 2660 219 2711 καὶ
246 2659 515 2727 τάόμοια
556 2657 784 2722 τούτων,
849 2658 925 2720 ὡς
950 2659 1006 2709 ὲν
1056 2660 1166 2728 ὅρῳ
1195 2659 1251 2712 δὲ
1287 2658 1477 2726 φάναι,
1533 2657 1708 2710 πάντα

122 2750 189 2800 τὰ
222 2746 378 2816 παρά
437 2749 607 2816 φύσιν.
646 2749 793 2801 κακὰ
846 2745 970 2813 ταῖς
997 2751 1143 2820 τρισὶ
1173 2751 1437 2819 δυνάμεσι
1476 2748 1573 2820 τῆς
1608 2748 1708 2816 ψυ-

126 2845 228 2910 χῆς
266 2842 665 2909 συνεμίγησαν,
716 2842 905 2909 ὥσπερ
958 2843 1052 2894 καὶ
1076 2842 1142 2893 τὰ
1187 2842 1365 2907 ἀγαθὰ
1418 2843 1474 2893 ἐν
1519 2840 1707 2901 αὐταῖς

127 2934 313 2985 πάντα
344 2932 750 3001 συνυπάρχουσι
782 2932 1119 2999 κατὰφύσιν.

203 3024 361 3077 π⁸.“Ω
376 3025 473 3093 τῆς
501 3024 594 3076 τοῦ
617 3024 779 3077 Δαὸὶδ
813 3024 946 3094 πρὸς
967 3025 1057 3076 τὸν
1084 3026 1217 3077 Θεὸν
1250 3024 1366 3093 μετ’
1397 3023 1709 3092 ἐκπλήξεως

136 3117 569 3187 μεγαληγορίας,
616 3116 1039 3200 ἐθαυμαστώθη,
1093 3117 1361 3185 λέγοντος,
1414 3117 1475 3169 Ἦ
1508 3115 1708 3184 γνῶσίς

133 3223 227 3258 σου
261 3206 325 3269 ἐξ
352 3206 510 3275 ἐμοῦ,
560 3207 621 3259 οὑ
650 3206 758 3274 γὰρ
792 3206 1029 3276 δύναμαι
1063 3208 1195 3277 πρὸς
1224 3206 1395 3275 αὐτὴν
1431 3206 1707 3277 ἰσχυροτέ-

134 3314 235 3365 ραν
301 3295 465 3349 οὖσαν
494 3294 612 3349 ’καὶ
664 3298 952 3365 ἀνέφικτον
1012 3298 1151 3366 ὑπὲρ
1201 3297 1297 3366 τὴν
1337 3297 1474 3367 ἐμὴν
1506 3295 1707 3363 ἀσθενῆ

133 3390 340 3455 γνῶσιν
365 3389 458 3439 καὶ
500 3388 729 3459 δύναμιν
769 3389 865 3459 τὴν
893 3379 1003 3441 ἐπ”
1036 3391 1157 3458 ἐμοί
1179 3405 1193 3419 ⁸
1229 3389 1342 3451 πῶς
1381 3389 1475 3441 καὶ
1506 3392 1538 3459 ἡ
1573 3389 1709 3460 σὰρξ

134 3478 522 3546 ἁκατάληπτος
576 3479 717 3548 αὓτη
766 3480 908 3532 κατά
942 3480 1041 3547 τὴν
1075 3480 1323 3533 σύνθεσιν
1363 3481 1464 3549 τῆς
1485 3480 1709 3533 διαπλά-

138 3584 273 3631 σεως
344 3566 497 3631 οὖσα,
550 3569 831 3639 τριαδικὴν
876 3571 933 3622 ὲν
986 3572 1203 3641 ἑκάστῳ
1252 3572 1401 3632 εῖδει,
1453 3573 1545 3624 καὶ
1578 3573 1705 3641 μίαν

134 3661 367 3730 ἔχουσαν
404 3662 500 3728 τὴν
533 3644 799 3729 ἁρμονίαν
828 3662 1119 3716 τῶνίδίων
1148 3663 1324 3734 μελῶν
1370 3664 1463 3717 καὶ
1505 3664 1705 3733 μερῶν,

138 3753 226 3802 καὶ
280 3749 502 3819 ἀριθμῷ
558 3747 896 3821 ἑϐδοματικῷ
923 3753 1161 3823 δευτέρῳ
1201 3755 1539 3824 τιμωμένην,
1572 3756 1706 3826 ὅπερ

141 3843 328 3909 (ρόνον
353 3842 445 3895 καὶ
476 3841 636 3911 φύσιν
657 3843 796 3921 κατά
827 3846 953 3907 τοὺς
1001 3845 1399 3915 ἀριθμητικοὺς
1433 3848 1705 3916 ἐμφαίνει,

132 3931 203 3995 ὡς
234 3929 379 3985 εἶναι
425 3934 518 3985 καὶ
545 3934 675 3987 αὐτὸ
706 3937 787 3996 εἰς
820 3936 977 4002 δόξαν
1010 3937 1146 3989 Θεοῦ
1183 3939 1418 4005 ὄργανον
1446 3943 1706 4009 ὲκφαντο-

138 4025 288 4092 ρικδν
339 4026 625 4098 τριαδικῆς
676 4028 1160 4099 μεγαλοπρεπείας
1194 4032 1702 4102 φυσιολογούμενον,

133 4117 275 4168 κατὰ
310 4117 434 4177 τοὺς
459 4117 704 4187 ὲνεργεῖς
728 4118 926 4188 νόμους
956 4121 1191 4187 φύσεως.

199 4203 319 4259 πα’.
354 4206 526 4276 Νόμοι
556 4208 769 4275 φύσεώς
794 4211 929 4263 εἰσιν
960 4213 1016 4263 at!
1054 4213 1203 4264 ποιαὶ
1234 4212 1344 4265 τῶν
1376 4215 1703 4283 ἐνεργουμέ-

136 4313 237 4348 νων
286 4295 463 4366 μελῶν
510 4299 821 4365 συνθέσεις,
861 4300 927 4364 ἃς
971 4305 1065 4355 καὶ
1111 4305 1437 4373 ἑτερότητας
1479 4307 1507 4356 ὁ
1550 4306 1705 4373 λόγος

136 4387 412 4455 ἐκάλεσεν,
456 4389 531 4453 ὡς
563 4390 925 4463 πολυμερείας
963 4395 1070 4447 τῶν
1113 4396 1255 4450 ίδίων
1294 4397 1592 4467 ίδιοτήτων.
1636 4400 1706 4451 Ἢ

137 4480 329 4547 πάλιν,
364 4482 529 4552 νόμος
573 4487 801 4552 φυσικός
856 4488 1002 4541 ἐστιν
1038 4492 1070 4560 ὴ
1105 4492 1337 4545 ἑκάστου
1386 4494 1568 4557 ,εἴδους
1612 4495 1704 4547 καὶ

141 4572 334 4637 μέλους
363 4574 614 4643 ἐνέργεια
648 4578 706 4628 ὲν
735 4578 983 4648 δυνάμει.
1016 4580 1225 4650 Ὥσπερ
1258 4583 1366 4653 γὰρ
1395 4585 1422 4635 ὀ
1453 4584 1583 4646 Θεὸς
1607 4586 1704 4654 τὴν

1828 640 2179 718 cogitationis
2214 648 2600 715 memoriaeque
2632 646 2934 710 passiones.

1893 846 1987 905 79.
2026 846 2166 902 Vitia
2190 847 2479 902 irascibilis
2521 848 2711 901 anima:
2764 855 2891 901 sunt
2932 847 3034 909 ira,
3074 841 3395 906 acrimonia,

1818 938 2161 1011 iurgiosita's,
2210 941 2574 1006 irritabilitas,
2627 941 2873 1007 audacia,
2920 938 3250 1006 arrogantia,
3288 936 3401 1004 glo-

1827 1036 2004 1097 riatio,
2058 1045 2108 1107 et
2130 1046 2347 1100 cetera;
2406 1034 3094 1103 concu’piscibilis.autem,
3147 1027 3399 1089 avaritia,

1824 1114 2243 1187 incontinentia,
2270 1126 2705 1192 intemperantia,
2732 1122 3031 1183 insatietas,
3062 1117 3398 1187 voluptatum

1824 1218 2045 1285 cupido,
2082 1220 2197 1269 auri
2236 1216 2425 1280 fames,
2480 1216 2563 1268 sui
2604 1212 2773 1282 ipsius
2824 1228 2995 1276 amor,
3028 1211 3234 1280 quiest
3285 1224 3397 1259 om-

1826 1308 1974 1359 nimn
1997 1307 2264 1375 pessimus
2291 1323 2305 1371 ;
2330 1316 2381 1359 et
2401 1308 2580 1360 carnis
2605 1304 2886 1372 passiones
2926 1313 3049 1355 sunt
3092 1296 3396 1359 fornicatio,

1828 1398 2082 1462 mazehia,
2116 1397 2471 1466 impudicitia,
2528 1395 2872 1457 comessatio,
2908 1393 3191 1461 iniustitia,
3222 1388 3392 1457 inglu-

1828 1492 1969 1555 vies,
2000 1493 2209 1552 accdia,
2255 1490 2499 1554 fatuitas,
2524 1489 2707 1551 luxus,
2737 1488 2935 1540 nimius
2979 1487 3100 1567 vitae
3145 1499 3320 1566 amor,
3348 1495 3396 1536 et

1826 1582 1963 1647 alia;
1999 1592 2053 1636 et
2094 1581 2340 1642 rationis,
2362 1580 2740 1643 incredulitas,
2774 1576 3134 1646 blasphemia.
3167 1573 3398 1634 malitia,

1829 1674 2008 1736 dolus,
2036 1672 2347 1736 curiositas,
2382 1671 2693 1740 duplicitas,
2753 1668 3093 1727 detrectatio.
3147 1663 3401 1719 diﬂ‘ama-

1829 1766 2336 1831 tio,condemnatio,
2394 1764 2745 1834 vituperatio,
2771 1761 3048 1825 dicacitas,
3071 1756 3401 1827 hypocrisis,

1827 1858 2191 1920 mendacium,
2223 1855 2633 1925 turpiloquium,
2663 1848 3396 1917 scurrilitas,dissimulatio,

1831 1952 2023 2009 ironia,
2052 1948 2368 2011 ostentatio,
2405 1946 2695 2016 placentia,
2720 1944 3032 2007 insolentia,
3076 1941 3397 2011 periurium,

1827 2044 2219 2111 vaniloquium,
2272 2050 2325 2095 et
2387 2041 2633 2109 reliqua;
2682 2051 2735 2093 ct
2772 2039 3097 2099 intellectus,
3145 2049 3400 2103 prmum-

1824 2138 1953 2206 ptio,
1988 2135 2173 2199 elatio,
2214 2132 2497 2201 iactantia,
2534 2131 2834 2195 contentio,
2872 2130 3091 2192 invidia,
3123 2127 3398 2181 suilicien-

1824 2234 1917 2292 tia,
1973 2226 2361 2290 contradictio,
2408 2224 2808 2286 inobedientia,
2841 2224 3146 2292 phantasia,
3198 2220 3397 2283 illusio,

1823 2320 2053 2383 vanitas,
2072 2317 2319 2386 gleriola,
2336 2316 2610 2384 superbia,
2638 2328 2758 2383 quae
2776 2324 2852 2369 est
2872 2317 3104 2382 primum
3126 2314 3400 2366 ultimum-

1820 2427 1923 2481 que
1970 2412 2210 2463 omnium
2272 2408 2577 2472 malorum;
2631 2417 2685 2461 et
2755 2406 3124 2475 cogitationis,
3196 2403 3397 2457 distra-

1820 2504 2051 2566 ctiones,
2085 2507 2299 2553 tumens
2358 2497 2604 2565 spiritus,
2658 2496 2947 2561 servilitas,
3005 2494 3398 2558 obtenebratio,

1819 2590 2133 2655 obcaecatio,
2165 2588 2539 2655 cvagationes,
2568 2588 2915 2652 tentationes,
2936 2602 3253 2651 consensus,
3273 2599 3397 2653 pro-

1823 2682 2137 2751 pensiones,
2173 2676 2580 2751 inclinationes,
2601 2678 2959 2748 repulsiones,
3005 2686 3057 2734 et
3108 2676 3399 2731 hurumsi-

1823 2775 1989 2835 milia,
2021 2774 2091 2825 ita
2124 2780 2203 2835 ut,
2268 2787 2376 2825 uno
2410 2772 2598 2836 verbo,
2664 2770 2847 2825 omnia
2904 2780 3089 2823 contra
3140 2778 3390 2821 naturam

1822 2866 1962 2916 mala
1992 2864 2047 2917 in
2076 2862 2251 2918 tribus
2289 2862 2481 2915 anima:
2529 2862 2734 2914 viribus
2785 2861 3066 2915 cornmista
3100 2862 3229 2922 sint,
3254 2861 3399 2913 sicut

1822 2965 1871 3007 et
1902 2934 2082 3008 omnia
2106 2954 2259 3021 iuxta
2300 2952 2701 3004 natttramlmna
2738 2952 2788 3004 in
2818 2951 2898 3006 eis
2914 2961 3039 3005 sunt
3061 2950 3395 3004 consociata.

1901 3046 1990 3099 80.
2043 3045 2100 3097 In
2157 3045 2355 3096 mentis
2406 3058 2630 3096 excessu
2661 3042 2829 3095 cllusa
2871 3058 2901 3095 ο
2943 3042 3397 3111 magniloquentia

1823 3136 2039 3191 Davitlis
2093 3139 2159 3189 ad
2258 3136 2419 3186 Dctttn
2483 3135 2709 3188 dicentis
2745 3136 2764 3165 ⁹
2806 3150 2819 3190 :
2864 3153 2880 3183 ι
2936 3132 3196 3187 Mirabilis
3258 3131 3397 3185 facta

1821 3240 1903 3282 est
1958 3228 2182 3283 scientia
2234 3238 2324 3280 tua
2379 3244 2441 3280 «ιχ
2495 3236 2698 3293 tne;et
2751 3241 2851 3279 non
2918 3236 3106 3294 potero
3140 3227 3203 3279 ad
3252 3240 3395 3289 eam,

1745 3335 1786 3392 ο
1821 3319 1941 3387 quia
2007 3318 2307 3385 ςοιιίονιίιιιι
2368 3328 2491 3380 est,
2532 3335 2549 3368 ι
2608 3312 2675 3372 σι’
2726 3317 3036 3382 inaccessa,
3103 3324 3158 3370 et
3234 3330 3395 3382 supe-

1823 3412 1935 3466 rior
1965 3412 2129 3465 debili
2166 3412 2393 3465 scientia
2426 3426 2545 3465 mea
2578 3420 2631 3465 et
2682 3410 2888 3465 viribus
2921 3413 3077 3475 meis,
3127 3412 3394 3477 quomodo

1821 3512 1875 3558 et
1912 3503 2083 3572 ipsius
2112 3504 2293 3555 carnis
2330 3502 2486 3569 hujus
2519 3502 3089 3571 incomprehensibilis
3127 3512 3211 3556 est
3240 3518 3395 3556 .con-

1820 3594 2169 3649 formationis
2217 3593 2563 3662 compositio,
2592 3609 2708 3661 quae
2734 3596 2931 3648 trinam
2986 3597 3036 3648 in
3070 3609 3395 3663 unoquoque

1822 3700 2020 3753 genere
2065 3694 2119 3738 et
2174 3685 2386 3738 unicam
2445 3685 2612 3739 habet
2641 3701 2861 3739 suorum
2932 3687 3297 3741 membrorum
3332 3703 3394 3741 ac

1824 3778 2060 3843 partium
2103 3776 2468 3839 harmoniam,
2519 3787 2740 3845 septeno
2795 3787 2849 3831 ct
2895 3777 3022 3832 bino
3073 3779 3393 3831 aestimatam

1820 3878 2070 3930 numero,
2102 3867 2193 3935 qui
2256 3871 2469 3935 tempus
2506 3875 2560 3921 et
2608 3875 2855 3933 naturam
2898 3867 3195 3923 secundum
3225 3869 3397 3922 arith-
3466 3888 3475 3893 ·

1822 3958 2051 4013 nieticos
2097 3958 2430 4029 significant,
2465 3960 2536 4013 ita
2572 3969 2631 4031 ut
2684 3948 2738 4014 et
2772 3960 2870 4029 ipSi
2935 3963 2999 4014 ad
3038 3956 3258 4029 gloriam
3303 3960 3394 4014 Dei

1820 4049 2111 4104 conferant
2142 4059 2427 4119 augustam
2449 4051 2771 4107 Trinitatem
2799 4053 3018 4121 physice
3038 4056 3396 4118 ostendendo,

1816 4141 1966 4207 juxta
1996 4139 2243 4195 emcaces
2274 4152 2485 4196 natura:
2520 4142 2683 4213 leges.

1891 4234 1979 4287 8t.
2033 4232 2239 4302 Reputa
2275 4233 2417 4303 leges
2456 4244 2662 4289 natura:
2708 4250 2831 4289 esse
2866 4237 3221 4305 particulares
3283 4254 3397 4291 mo-

1822 4333 1998 4379 torum
2063 4327 2432 4390 membrorum
2489 4328 2945 4395 compositiones,
2986 4346 3160 4399 quas
3228 4332 3392 4385 etiam

1820 4431 2002 4469 sermo
2037 4427 2194 4469 vocat
2241 4417 2597 4483 diﬂ'erentias,
2669 4421 2794 4489 quia
2844 4431 2972 4474 sunt
3021 4422 3183 4474 variae
3216 4432 3395 4490 partes

1822 4509 2161 4576 prepriorum
2218 4510 2627 4563 attributorum.
2660 4509 2757 4564 Vel
2818 4527 3009 4566 rursus
3045 4513 3130 4566 lex
3183 4524 3391 4568 natura:

1826 4611 1911 4653 est
1978 4601 2242 4667 cujusque
2318 4604 2534 4669 generis
2592 4614 2687 4657 aut
2752 4605 2981 4659 membri
3035 4608 3281 4683 operatio
3342 4610 3393 4662 in

116 4660 350 4733 ﬁrmam
382 4666 578 4730 κτίσιν,
614 4667 786 4732 οὕτως
815 4671 847 4740 ἡ
886 4670 1031 4742 ψυχὴ
1057 4673 1124 4725 τὰ
1157 4676 1251 4727 τοῦ
1283 4676 1532 4745 σώματος
1568 4680 1698 4749 μέλη

1826 4691 2087 4758 potentia.
2164 4691 2233 4746 Ut
2295 4694 2440 4746 enim
2499 4692 2639 4747 Deus
2689 4710 2891 4750 omnes
2941 4660 3255 4765 creaiuras,
3314 4702 3395 4756 sic

135 4756 221 4807 xci.
253 4758 495 4827 ἐνεργεῖ,
528 4760 620 4811 καὶ
650 4763 790 4813 κινεῖ
818 4762 1049 4818 ἕκαστον
1084 4765 1218 4835 πρὸς
1260 4768 1358 4838 τὴν
1396 4768 1531 4822 ίδίαν
1561 4768 1708 4834 ἐνέρ-

135 4862 307 4911 γειαν.
358 4850 631 4919 Ζητητέον
676 4852 731 4904 δὲ
780 4854 884 4907 τίνι
937 4856 1078 4927 λόγῳ
1119 4859 1207 4910 τὸν
1252 4860 1421 4930 θυμὸν
1470 4864 1561 4914 καὶ
1603 4863 1701 4932 τὴν

136 4938 449 5007 ἐπιθυμίαν,
480 4941 611 4993 ποτὲ
649 4944 745 5013 μὲν
775 4945 822 4997 οἱ
851 4945 1097 5016 θεοφόροι
1129 4950 1337 5021 ἄνδρες,
1374 4950 1471 5023 τῆς
1499 4956 1700 5024 σαρκὸς

133 5024 267 5083 εἶναι
318 5030 620 5098 φάσκουσι,
658 5036 787 5088 ποτὲ
816 5037 903 5103 δὲ,
936 5041 1018 5091 ὅτι
1045 5039 1144 5108 τῆς
1173 5042 1349 5113 ψυχῆς
1391 5046 1498 5098 είσι
1538 5046 1699 5099 δυνά-

135 5133 267 5186 μεις.
312 5122 420 5175 Καί
450 5141 660 5199 φαμεν,
694 5128 775 5181 ὅτι
810 5130 1068 5201 οὐδεμίαν
1100 5134 1455 5203 ἀσυμφωνίαν
1486 5137 1699 5208 ἔχουσιν

133 5211 177 5262 oi
212 5213 363 5280 λόγοι
401 5215 508 5269 τῶν
553 5218 724 5285 ἁγίων
756 5221 908 5291 παρὰ
939 5227 1053 5285 τοῖς
1092 5228 1333 5296 ἀκριϐῶς
1367 5230 1563 5283 εἰδόσιν
1604 5232 1698 5284 αὐ-

133 5303 270 5394 τοὺς,
304 5303 419 5357 ἀλλ’
458 5307 756 5389 ἀμφρτεροι
789 5312 1131 5383 ἀληθεύουσι,
1157 5321 1249 5371 καὶ
1270 5325 1409 5374 κατά
1432 5322 1493 5375 τὸ
1527 5340 1698 5394 προσ-

133 5393 259 5486 ῆκον
300 5400 400 5462 τὰς
443 5405 813 5474 ποοσηγορίας
866 5410 1253 5466 ὲναλλάσσουσι
1304 5415 1445 5469 πάνυ
1479 5393 1693 5486 σοφῶς,

134 5485 214 5542 διὰ
239 5487 342 5560 τὴν
369 5490 625 5564 ἀρρήτως
650 5496 815 5565 ἄμφω
841 5501 1054 5567 γένεσιν
1086 5507 1163 5569 είς
1190 5508 1249 5559 τὸ
1276 5504 1415 5561 εῖναι
1443 5485 1582 5563 κατά
1605 5513 1696 5565 τὸν

135 5578 220 5675 τῆς
283 5583 669 5656 συνυπάρξεως
715 5590 915 5660 τρόπον
941 5611 953 5625 ο
993 5594 1069 5659 ὠς
1119 5594 1257 5651 εἶναι
1301 5600 1399 5668 μὲν
1442 5602 1622 5656 τελεία
1661 5606 1694 5675 ή

137 5668 273 5767 ψυχὴ
322 5675 421 5729 ἀπ’
467 5678 757 5745 ἐντεῦθεν,
810 5686 997 5750 ἀτελὲς
1040 5689 1095 5742 δὲ
1145 5692 1203 5743 τι
1239 5691 1428 5763 σῶμα,
1469 5694 1556 5748 διὰ
1595 5668 1693 5767 τὴν

138 5760 428 5838 θρεπτικὴν
461 5770 710 5840 αὔξησιν.
772 5776 831 5828 Ἡ
882 5779 1027 5848 ψυχὴ
1060 5782 1165 5851 γὰρ
1219 5760 1341 5837 καθ’
1373 5786 1541 5857 αὐτὴν
1582 5760 1693 5858 ἔχει

190 5957 232 5991 "
254 5957 395 6015 νισι.
422 5949 659 6028 manu,
681 5972 710 6024 ις
726 6006 738 6020 .

1821 4782 2001 4835 anima
2030 4784 2279 4856 corporis
2318 4795 2477 4840 artus
2522 4798 2717 4852 movet,
2754 4798 2806 4841 et
2838 4789 2986 4843 ducit
3035 4808 3395 4861 unumquem-

1820 4891 1923 4941 que
1951 4874 2015 4927 ad
2050 4876 2321 4944 propriam
2355 4881 2746 4946 operationem.
2781 4873 3170 4949 Inquirendum
3209 4896 3387 4940 autem

1818 4977 1899 5039 est
1926 4982 2035 5035 quo
2078 4983 2240 5021 sensu
2271 4978 2474 5036 partem
2507 4972 2827 5027 irascibilem
2851 4978 3390 5047 etconcupiscihilem

1816 5060 1922 5113 divi
1959 5059 2152 5115 Patres
2180 5062 2343 5117 modo
2376 5065 2603 5127 carnis,-
2646 5067 2806 5121 modo
2856 5070 3053 5123 animae
3112 5074 3386 5137 potentias

1819 5162 2154 5220 nuncupeut.
2189 5155 2251 5207 Et
2311 5156 2543 5211 dicimus
2579 5158 2780 5211 nullam
2834 5160 2887 5213 in
2935 5173 3244 5216 Sanctorum
3276 5181 3391 5217 scr-

1816 5246 2065 5322 monibus
2099 5229 2491 5300 dissonantiam
2531 5250 2759 5303 inveniri
2811 5254 2877 5305 ab
2906 5254 2987 5305 his
3017 5255 3107 5322 qui
3140 5269 3234 5307 eos
3266 5272 3391 5322 per-

1812 5320 2034 5400 calléttt,
2071 5338 2162 5389 sed
2216 5338 2361 5404 ipsos
2417 5342 2670 5406 utrinque
2720 5356 2908 5395 verum
2948 5320 3150 5406 dicere,
3190 5320 3383 5415 et'pro

1812 5428 2162 5494 congruentia
2219 5430 2519 5485 locutioztes
2578 5444 2788 5487 mutare
2856 5435 3012 5489 Valde
3076 5437 3377 5505 sapienter,

1810 5520 1933 5587 quia
2000 5534 2198 5588 carpus
2254 5532 2305 5576 et
2364 5524 2539 5576 anima
2604 5525 2953 5579 insedabiliter
2985 5538 3107 5597 apta
3160 5539 3285 5583 sunt
3314 5536 3380 5585 ad

1812 5620 2049 5662 mutuam
2086 5612 2549 5681 coniunctionem,
2579 5616 2648 5668 ita
2695 5624 2753 5668 ut
2787 5617 3023 5684 perfecta
3074 5618 3185 5686 iam
3235 5632 3381 5675 nunc

1805 5700 1873 5754 sit
1934 5702 2137 5767 anima,
2198 5706 2573 5773 imperfectum
2633 5724 2760 5761 vero
2810 5726 3026 5778 corpus,
3058 5721 3241 5781 utpote
3282 5729 3383 5783 per

1801 5795 2161 5849 ntttrition‘cm
2194 5813 2469 5854 crescens.
2502 5798 2745 5857 Ν.ιιιια;;ρ
2771 5804 2952 5855 annua
2977 5805 3381 5876 concupisclbi—
