4108 6330
138 488 268 551 1265

1146 480 1230 534 (2A
1247 475 1413 535 l’lTA
1467 468 1614 529 ιιΕιι
1657 456 2089 522 ΛΟΗΟΞΤΙΕΗ
2104 453 2316 515 IDEM.

3208 441 3356 505 1266'

108 600 170 663 τῇ
193 590 408 661 νηστεία
434 584 607 655 ὑμῶν,
640 584 695 653 ἢ,
723 581 800 650 Τῇ
834 577 1111 647 ἀγρυπνία
1141 573 1310 643 ὑμῶν.
1356 569 1666 663 ’ἠττομονῆς

1816 584 1881 620 οη
1946 567 2080 620 dixit
2125 564 2224 618 :ln
2285 557 2491 631 jejunio
2544 566 2748 621 vestro,
2774 563 2866 609 aut
2920 555 3209 622 in-vigiliis
3263 572 3353 610 vco

108 659 364 749 λέγω,
400 678 496 747 τῆς
542 674 684 727 κατὰ
726 671 855 723 Θεὸν
887 665 1218 735 γινομένης.
1250 663 1345 730 τῆς
1402 659 1668 745 βασιλίδοξ

109 777 211 829 τῶν
257 769 496 842 ἀρετῶν,
543 766 637 818 τοῦ
692 760 942 832 θεμελίου
986 756 1093 809 τῶν
1142 749 1669 842 ἀνδραγαθημάτων.

109 863 250 931 Δῦτη
294 837 403 929 γάρ
432 860 602 922 ἐστιν,
637 853 796 921 αῦτη,
828 852 859 917 ὴ
905 851 961 900 ἐν
996 844 1251 912 πολέμοις
1290 840 1503 909 εἰρήνη,
1542 840 1575 906 ἡ
1616 837 1675 888 ἐν

110 954 244 1025 ζάλῃ
278 951 509 1020 γαλήνη,
546 948 579 1016 ἡ
615 947 672 998 ἐν
719 944 828 1005 τοῖς
865 936 1268 1006 κατορθωκόσιν
1325 933 1497 1025 αύτὴν
1542 932 1676 1025 dim—-

114 1022 393 1114 ρίτρεπτος
449 1040 696 1109 ἵδρυσις’
745 1034 812 1103 ἢν
860 1031 960 1099 οὐχ
1011 1027 1151 1081 ὅπλα
1198 1025 1290 1077 καὶ
1336 1024 1570 1092 δόρατα,
1614 1022 1673 1073 οῦ

112 1132 441 1205 στρατόπεδα
496 1128 804 1198 ἀφιέμενα,
859 1122 959 1193 οὐχ
1000 1117 1139 1187 αῦτη
1186 1118 1220 1185 ἡ
1264 1114 1372 1167 τῶν
1409 1114 1677 1205 δαιμδνων

111 1202 447 1296 παράταξις,
497 1220 594 1289 οὐχ
651 1219 684 1287 ἡ
735 1214 944 1283 ζοφερά
999 1210 1105 1263 τῶν
1159 1207 1414 1260 ἐναντίων
1467 1202 1678 1272 φάλαγξ

113 1318 307 1387 βλάψαι
344 1314 662 1381 δυνήσονται
698 1308 789 1360 τὸν
827 1304 1033 1372 ταύτην
1076 1300 1419 1370 κτησάμενον
1459 1300 1515 1348 ἐν
1548 1296 1681 1366 Χρι-

84 1408 93 1418 ’
114 1409 219 1478 στῷ
266 1403 466 1475 Ἰησοῦ.

177 1497 282 1551 πέ.
344 1496 410 1548 At
463 1490 696 1564 ἀρεταὶ,
748 1488 851 1540 κᾶν
900 1484 1145 1554 ἀλλήλων
1190 1484 1298 1534 εἰσὶ
1330 1478 1682 1549 γεννητικαὶ,

112 1591 223 1644 ἀλλ’
253 1591 320 1642 ἐκ
345 1588 453 1639 τῶν
480 1583 649 1655 τριῶν
682 1580 967 1647 δυνάμεων
997 1578 1095 1645 τῆς
1133 1574 1307 1643 ψυχῆς
1350 1572 1447 1641 τὴν
1474 1572 1685 1639 γένεσιν

114 1682 348 1750 ἔχουσιν,
388 1676 517 1730 ἄνευ
558 1673 667 1726 τῶν
712 1671 895 1725 θείων.
934 1667 1089 1721 Attia
1128 1666 1234 1734 γὰρ
1273 1665 1363 1717 καὶ
1398 1663 1542 1732 ἀρχὴ
1582 1661 1689 1713 τῶν

114 1770 392 1837 τεσσάρων
421 1764 654 1833 γενικῶν
694 1765 751 1815 ἐν
783 1762 895 1832 τοῖς
930 1758 1179 1827 φυσικοῖς
1228 1757 1320 1809 καὶ
1363 1754 1522 1805 θείων
1562 1752 1689 1819 ἁρε-

115 1863 239 1927 τῶν,
272 1858 335 1923 ἐξ
362 1852 436 1911 ὧν
465 1858 560 1910 καὶ
609 1857 665 1907 ἐν
697 1847 783 1916 αἷς
815 1852 867 1904 αἱ
897 1849 1085 1902 λοιπαὶ
1112 1846 1478 1908 συνίστανται,
1509 1843 1608 1911 τῆς
1634 1859 1691 1893 τε

1786 661 1932 713 suis.
1976 657 2297 713 Patientiam
2360 660 2536 705 autem
2585 650 2706 704 dico
2752 660 2871 717 Qua:
2924 657 3006 703 est
3061 649 3353 701 secundum

1786 753 1978 811 Deum,
2014 764 2134 818 qua:
2161 749 2347 817 regina
2378 756 2461 801 est
2497 745 2788 805 virtutum,
2831 745 3207 806 bonorumque
3229 753 3357 803 ope-

1788 861 1906 899 rum
1943 842 2367 895 fundamentum.
2397 836 2521 890 Haec
2548 843 2632 889 est
2654 833 2797 888 enim
2831 832 2885 885 in
2921 831 3059 886 bello
3094 845 3218 899 pax,
3243 830 3358 882 lum:

1788 941 1840 993 in
1868 946 2189 1007 tempestate
2244 932 2533 995 serenitas,
2569 932 2685 985 hazc
2738 921 3141 998 possidentibus
3184 925 3357 993 ipsam

1790 1031 2116 1084 inconcussa
2172 1026 2352 1091 "sedes,
2386 1038 2549 1092 quam
2603 1022 2647 1077 si
2701 1020 2823 1089 quis
2871 1020 2923 1073 in
2970 1018 3187 1072 Christo
3229 1014 3361 1070 Jcsu

1790 1122 2017 1190 adeptus
2046 1130 2153 1181 est,
2244 1133 2353 1171 non
2405 1116 2482 1169 illi
2544 1128 2692 1167 arma
2718 1122 2771 1167 et
2817 1112 2944 1176 tela,
2983 1128 3088 1165 non
3133 1110 3361 1163 militum

1791 1213 2043 1281 impetus,
2077 1228 2189 1267 non
2222 1211 2334 1279 ipsa
2382 1209 2692 1263 daamonum
2722 1206 2889 1269 acies,
2925 1219 3029 1258 non
3065 1202 3364 1259 tenebrosae

1793 1305 2029 1360 hostium
2058 1313 2291 1358 catervae
2322 1314 2519 1356 nocere
2551 1307 2801 1369 possunt.

1863 1483 1953 1538 85.
1994 1483 2227 1537 Invicem
2286 1476 2535 1548 quamvis
2586 1493 2645 1533 se
2693 1484 2955 1548 generem
2997 1476 3242 1539 virtutes,
3298 1490 3365 1528 ex

1792 1566 1966 1628 tribus
2020 1588 2199 1627 tamen
2277 1572 2472 1627 animat
2545 1570 2755 1625 viribus
2837 1568 3106 1638 originem
3161 1571 3367 1622 ducunt

1802 1664 2048 1736 exceptis
2081 1665 2417 1736 theologieis.
2465 1665 2601 1719 Nam
2663 1673 2896 1733 quatuor
2932 1648 3161 1716 virtutes
3187 1661 3367 1715 cardi-

1796 1760 1964 1823 nales,
1989 1772 2107 1827 quae
2139 1757 2415 1812 naturales
2445 1766 2572 1810 sunt
2624 1770 2687 1808 ac
2727 1754 2943 1821 divinas,
2974 1763 3026 1808 et
3065 1769 3128 1807 ex
3165 1754 3362 1821 quibus

1794 1862 1847 1904 et
1878 1852 1929 1903 in
1964 1851 2158 1919 quibus
2185 1860 2399 1904 cratera!
2431 1850 2758 1911 consistunt,
2807 1847 3023 1901 scilicet
3060 1848 3368 1915 prudentia,

119 1930 463 2023 φρονήσεως,
512 1948 605 2002 καὶ
652 1945 929 2017 ἀνδρείας,
990 1939 1343 2009 σωφροσύνης
1384 1954 1440 1989 τε
1485 1937 1580 1987 καὶ
1613 1934 1694 1985 δι-

1809 1943 2074 2007 'ortitudo,
2103 1943 2459 2011 temperantia
2507 1951 2561 1995 et
2595 1941 2827 2010 justitia,
2862 1956 3083 1993 causam
3120 1951 3173 1994 et
3202 1941 3369 2007 erigi.-

122 2022 441 2110 καιοσύνης,
477 2039 623 2091 ἔστιν
673 2039 704 2105 ἠ
743 2035 861 2088 θεία
886 2032 994 2085 τῶν
1033 2028 1296 2095 θεολόγων
1329 2022 1694 2093 πνευματοκί-

118 2151 275 2203 νητος
312 2131 495 2198 σοφία,
533 2128 673 2182 κατά
712 2126 835 2178 νοῦν
884 2122 1163 2193 τετραχῶς
1210 2117 1530 2186 κινουμένη.
1586 2115 1700 2183 Οὐχ

122 2201 235 2290 ἅμα
270 2221 329 2274 δὲ
365 2219 543 2281 πάσας
579 2216 814 2284 ἐνεργεῖ,
860 2211 974 2264 ἀλλ’
1014 2210 1121 2278 ἰδίᾳ
1152 2206 1390 2273 ἑκάστην
1432 2206 1489 2255 ἐν
1522 2201 1700 2270 καιρῷ

124 2312 294 2377 αὐτῆς
340 2307 521 2369 καθὼς
572 2303 819 2374 βούλεται
851 2317 863 2330 ⁸
902 2299 996 2352 καὶ
1034 2299 1130 2368 τὴν
1162 2296 1282 2363 μὲν,
1314 2293 1388 2354 ὼς
1419 2291 1535 2359 φῶς
1559 2308 1571 2319 ·
1602 2290 1701 2358 τὴν

124 2402 202 2462 δὲ,
249 2398 330 2461 ὡς
376 2397 605 2465 δύναμιν
654 2394 835 2459 ὀξεῖαν
882 2392 976 2443 καὶ
1021 2390 1333 2456 ἀεικίνητον
1364 2384 1696 2453 ἔμπνευσιν’

124 2490 219 2558 τὴν
243 2489 327 2548 δέ,
355 2487 428 2548 ὡς
460 2484 787 2553 ἁγιαστικὴν
824 2481 1052 2549 δύναμιν
1076 2478 1171 2530 καὶ
1199 2476 1537 2545 καθαρτικήν
1562 2490 1573 2501 ·
1607 2472 1703 2541 τὴν

122 2580 198 2643 δέ,
251 2580 330 2640 ὡς
358 2576 548 2645 δρόσον
593 2564 817 2639 ἁγνείας
848 2567 1217 2638 εὐφραντικὴν
1242 2607 1255 2630 ,
1305 2563 1522 2616 καὶτοῦ
1570 2561 1705 2613 καύ-

128 2688 297 2732 σωνος
365 2668 475 2721 τῶν
547 2663 737 2719 παθῶν
819 2658 1342 2729 ἀναψυχαγωγικήν.
1436 2654 1707 2724 Ἐκάστην

126 2764 375 2829 ἑκάστῳ,
440 2759 516 2819 ὡς
581 2754 939 2825 προείρηται,
977 2750 1166 2819 τελείῳ
1218 2748 1434 2800 τελείαν
1471 2747 1566 2799 καὶ
1608 2748 1707 2813 τὴν

126 2855 412 2924 ἐνέργειαν
442 2848 582 2903 κατὰ
607 2848 703 2919 τὴν
735 2843 1000 2916 τροπικὴν
1027 2842 1228 2895 δίδωσι.

193 2939 318 3007 πς¹.
364 2938 561 2992 Ῥῶσιν
591 2935 804 2991 τελείαν
832 2934 1013 3005 ψυχῆς
1035 2926 1095 2984 οὐ
1130 2927 1415 3000 χαρίζεται
1445 2928 1553 2981 τῶν
1580 2930 1706 2997 ἀρε-

127 3034 233 3085 τῶν
282 3032 345 3095 ἐξ
378 3031 511 3093 ίδίας
537 3029 773 3097 σπουδῆς
804 3029 873 3081 τὰ
899 3025 1307 3095 ἐπιτηδεύματα
1330 3064 1344 3087 ,
1378 3026 1424 3075 εί
1452 3024 1525 3091 μὴ
1553 3019 1711 3076 αὗται

128 3126 407 3187 οὐσιωδῶς
435 3126 491 3176 ἐν
524 3125 589 3193 τῇ
624 3122 735 3187 ἔξει
764 3120 850 3174 διά
874 3119 973 3187 τῆς
1008 3119 1229 3189 χάριτος
1261 3116 1707 3193 παραγένωνταιἶ

140 3217 382 3284 Ἐκάστη
437 3189 708 3283 γάρῄἑχει
773 3211 1018 3281 χάρισμα
1060 3209 1208 3271 ίδιον,
1257 3209 1539 3278 ἐνέργειαν
1588 3189 1770 3301 καθ’Ε

130 3308 327 3375 αὐτὴν,
378 3304 518 3355 ὥστε
566 3301 824 3354 δύνασθαι
855 3301 951 3353 καλ⁸
1006 3300 1080 3368 μὴ
1133 3298 1489 3368 βουλομένους
1532 3294 1711 3346 ἕλκειν
1736 3289 1773 3305 ’⁸

130 3399 258 3459 τοὺς
296 3394 556 3465 μετόχους
582 3393 753 3460 αὐτῆς
780 3392 914 3462 πρὸς
952 3389 1149 3459 ἑαυτὴν
1174 3391 1240 3457 τῇ
1268 3388 1379 3453 ἕξει
1415 3386 1510 3439 καὶ
1552 3387 1712 3452 φύσει

132 3486 227 3539 τοῦ
264 3482 493 3553 ἀγαθοῦ.
528 3484 637 3537 Καὶ
689 3483 776 3534 ὅτε
810 3482 941 3550 ἡμῖν
990 3478 1151 3548 δοθῇ,
1211 3476 1572 3531 ἀναλλοίωτον
1616 3474 1714 3526 καὶ

133 3582 412 3649 ἄτρεπτον
470 3575 654 3628 ἔκτοτε
714 3572 1081 3641 συπηρεῖται.
1135 3568 1324 3623 Ζῶσαν
1370 3568 1478 3637 γὰρ
1525 3567 1715 3635 ὥσπερ

133 3671 317 3741 ψυχὴν
351 3670 407 3720 ἐν
441 3668 590 3729 ἰδίοις
624 3665 840 3736 μέλεσιν
874 3664 1077 3731 ἔχουσι,
1120 3660 1217 3713 τοῦ
1249 3662 1495 3730 ἐνεργεῖν
1524 3658 1713 3722 αὑτὰς,

135 3764 232 3831 τὴν
283 3759 446 3831 χάριν
490 3756 584 3812 τοῦ
638 3754 973 3825 Πνεύματος.
1026 3754 1116 3804 Διὸ
1149 3754 1241 3804 καὶ
1275 3751 1468 3820 νεκρὸς
1498 3750 1641 3811 άπας
1680 3752 1707 3805 ὁ

136 3852 247 3905 τῶν
292 3850 507 3920 ἀρετῶν
550 3848 733 3918 ὅμιλος
772 3846 939 3915 χωρὶς
975 3843 1145 3911 αὐτῆς
1190 3842 1433 3909 πέφυκε·
1479 3841 1573 3893 καὶ
1606 3845 1719 3903 τοῖς

138 3942 362 3995 δοκοῦσι
417 3938 637 4001 τελείως
693 3937 835 4006 ἐχειν
887 3934 921 4003 ἢ
968 3931 1324 4003 κατορθοῦσιν
1368 3931 1567 3992 αὐτάς,
1624 3934 1717 3982 καὶ

139 4026 305 4086 αὗται.
345 4028 521 4098 ἐαυτῷ
563 4029 742 4097 μόναι,
778 4026 930 4078 σκιαὶ
963 4026 1055 4076 καὶ
1080 4024 1237 4077 τύποι
1270 4020 1364 4075 τοῦ
1398 4022 1586 4086 καλοῦ,
1620 4023 1714 4076 καὶ

140 4126 241 4179 οὐκ
271 4122 533 4193 ἀληθείας
568 4121 887 4187 ἰνδάλματα.

208 4216 322 4278 πζ’.
360 4213 512 4267 Εἰσὶν
536 4209 628 4265 οὖν
662 4210 923 4279 τέσσαρες
959 4208 1057 4279 μὲν
1098 4209 1154 4261 αί
1185 4207 1472 4261 καθολικαλ.
1501 4208 1715 4277 ἀρεταὶ,

136 4303 385 4375 ἀνδρεία,
411 4303 691 4372 φρόνησις,
723 4302 1061 4368 σωφροσύνη,
1090 4302 1183 4351 καὶ
1202 4300 1513 4369 δικαιοσύνη
1536 4315 1547 4327 ·
1576 4300 1717 4352 ὀκτὼ

136 4398 211 4457 δὲ,
266 4398 327 4448 αἱ
380 4393 501 4447 καθ’
549 4392 856 4462 ὑπερϐολὴν
906 4392 1001 4443 καὶ
1056 4390 1290 4459 ἔλλειψιν
1342 4391 1519 4444 αὐτῶν
1556 4392 1718 4457 ἐγγὺς

140 4487 562 4556 παρεστάμεναι·
628 4485 816 4536 κακίαι
873 4483 969 4551 μὲν
1025 4482 1151 4550 παρ’
1207 4483 1365 4551 ἡμῖν,
1419 4482 1612 4551 ἀρεταὶ
1662 4481 1716 4533 δὲ

1797 2048 1917 2086 nem
1943 2034 2144 2087 habent
2171 2032 2411 2087 divinam
2447 2033 2749 2085 divinarqu
2777 2046 2955 2084 rerum
2988 2032 3306 2100 sapientiam
3341 2047 3370 2085 a

1800 2127 2005 2193 Spiritu
2063 2128 2115 2180 in
2162 2135 2343 2179 mente
2372 2126 2799 2193 quadrupliciter
2832 2137 3050 2179 motam.
3091 2126 3222 2191 Qua:
3263 2142 3371 2180 non

1794 2234 1982 2279 omnes
2005 2218 2166 2275 simul
2197 2220 2313 2272 illas
2338 2220 2609 2287 producit,
2648 2219 2739 2272 sed
2764 2234 3007 2274 seorsum
3049 2221 3289 2289 singulas
3320 2222 3373 2273 in

1803 2317 2042 2375 tempore
2070 2318 2377 2375 opportuno
2418 2318 2575 2376 prout
2606 2308 2719 2362 vult
2749 2325 2763 2364 :
2793 2320 2847 2363 et
2882 2311 3041 2363 aliam
3074 2312 3288 2378 quidem
3318 2320 3377 2363 ut

1797 2399 1995 2463 lucem,
2028 2399 2188 2451 aliam
2222 2408 2279 2452 ut
2347 2403 2511 2453 robur
2571 2401 2895 2454 acerrimum
2946 2413 3376 2471 perpetumnque

1805 2491 2121 2559 impulsum,
2153 2492 2315 2544 aliam
2346 2499 2404 2543 ut.
2454 2492 2562 2545 vim
2599 2491 3027 2547 sanctificantem
3052 2504 3104 2545 et
3138 2510 3377 2562 purgan-

1804 2592 1930 2647 tcm,
1965 2582 2128 2635 aliam
2159 2582 2391 2650 denique
2425 2591 2483 2634 ut
2514 2597 2688 2637 rorem
2722 2584 2976 2652 puritatis
3007 2584 3274 2637 laetificum
3319 2594 3376 2639 et

1803 2674 2052 2726 vitiorum
2084 2673 2332 2726 ﬂammas
2382 2675 2830 2745 refrigerantem;
2866 2683 2918 2729 et
2964 2677 3207 2743 singulas
3261 2678 3377 2731 sin-

1802 2765 1941 2835 gulis
1984 2764 2416 2833 perfectionibus
2482 2766 2849 2834 perfectiones
2908 2778 2965 2821 et
3034 2770 3380 2836 operationes

1802 2851 2359 2925 congruasclargitur,
2393 2867 2451 2909 ut
2484 2857 2690 2911 dictum
2718 2868 2824 2911 est.

1877 2948 1969 3001 86.
2025 2945 2296 3002 Bonorum
2350 2948 2643 3017 perfectam
2706 2948 3012 3003 firmitatem
3084 2966 3188 3005 non
3254 2949 3385 3005 dant

1806 3041 1998 3093 anima:
2050 3041 2255 3109 proprii
2281 3040 2364 3094 sui
2392 3053 2647 3104 conatus,
2702 3042 2807 3095 nisi
2858 3042 2941 3095 illa
2974 3042 3039 3095 ad
3065 3044 3383 3097 substantiae

1810 3131 2048 3183 habitum
2096 3130 2273 3200 gratia
2311 3132 2681 3198 pervenerint.
2714 3130 2926 3200 Quippe
2956 3148 3075 3200 qua:
3101 3133 3380 3200 proprium

1812 3214 2149 3293 unaqtimque
2177 3224 2335 3277 habet
2370 3224 2640 3278 charisma
2701 3224 3385 3294 peculiaremqucropera-

1811 3314 2029 3380 tionem,
2064 3329 2169 3384 qua
2202 3314 2373 3383 possit
2415 3315 2577 3366 etiam
2629 3314 2862 3367 invicrOs
2888 3315 2969 3367 sui
2990 3296 3271 3384 compotes
3303 3324 3387 3369 at-

1809 3407 2023 3460 trahere
2065 3407 2131 3459 ad
2178 3408 2414 3475 seipsani
2458 3407 2643 3461 habitu
2678 3418 2730 3459 et
2764 3416 2955 3461 natura
2991 3407 3137 3464 boni.
3167 3409 3232 3465 Et
3262 3425 3383 3464 cum

1808 3498 1964 3550 nobis
2004 3499 2125 3550 data
2150 3508 2253 3563 est,
2282 3500 2510 3552 firmiter
2540 3508 2598 3553 et
2635 3499 3061 3563 iimnutabiliter
3099 3516 3389 3557 conserva-

1810 3599 1915 3641 tur.
1953 3588 2047 3643 Est
2072 3590 2213 3643 enim
2241 3591 2529 3644 virtutibus
2553 3593 2708 3658 quasi
2743 3593 2922 3645 anima
2955 3593 3142 3648 vivens
3172 3598 3388 3661 propria

1808 3697 1992 3734 earum
2022 3670 2264 3735 membra
2298 3682 2573 3737 vivificaris
2598 3685 2771 3752 gratia
2792 3683 3035 3752 spiritus.
3060 3685 3238 3751 Quare
3272 3688 3389 3740 sine

1813 3774 1911 3826 hac
1935 3781 2044 3825 tota
2074 3772 2332 3825 virtutum
2349 3773 2544 3827 cohors
2569 3784 2654 3829 est.
2682 3785 2915 3841 mortua,
2938 3784 2992 3829 et
3018 3776 3072 3828 in
3099 3776 3162 3829 iis
3188 3778 3277 3845 qui
3311 3778 3389 3830 vi;

1811 3869 2003 3917 dentur
2020 3878 2111 3918 eas
2129 3865 2404 3918 babere‘ac
2423 3866 2716 3934 possidere,
2736 3869 2871 3921 nihil
2896 3878 2976 3923 est
3013 3871 3118 3924 nisi
3136 3871 3247 3925 sola
3275 3886 3390 3923 um-

1814 3956 1906 4007 hra
1929 3966 1981 4010 et
2012 3956 2188 4025 imago
2208 3955 2357 4022 boui,
2382 3971 2489 4012 non
2521 3966 2700 4012 autem
2729 3961 2841 4029 ipsa
2868 3975 2953 4017 res
2974 3976 3134 4029 quam
3164 3960 3402 4031 eﬂingit..

1885 4289 1973 4343 87.
2010 4290 2078 4345 Ut
2110 4301 2237 4345 sunt
2266 4301 2499 4361 quatuor
2545 4292 2777 4347 virtutes
2810 4293 3133 4358 cardinales,
3174 4294 3391 4349 fortiter.

1819 4378 1906 4447 do,
1944 4384 2251 4453 prudentia,
2290 4386 2675 4455 temperantia,
2702 4386 2934 4453 justitia,
2969 4398 3093 4442 octo
3119 4398 3242 4441 sunt
3267 4390 3391 4442 illas

1824 4492 1917 4544 per
1948 4477 2219 4531 defectum
2252 4488 2344 4531 aut
2376 4493 2659 4533 excessum
2692 4469 2956 4545 proxime
2979 4482 3392 4548 consequentia,

138 4579 294 4647 παρὰ
326 4578 438 4638 τοῖς
478 4576 537 4626 ἐν
566 4575 777 4642 κόσμῳ,
811 4574 905 4626 καὶ
943 4574 1256 4641 λεγόμεναι,
1294 4573 1385 4624 καὶ
1411 4572 1707 4642 νοούμεναι.

1828 4585 1948 4639 qua:
1975 4587 2003 4624 a
2028 4571 2184 4625 nobis
2216 4570 2379 4641 mala,
2404 4586 2431 4622 a
2462 4570 2812 4624 smcularibus
2862 4584 2990 4624 vero
3036 4572 3170 4623 bona
3201 4572 3392 4625 dicun-

139 4666 403 4734 Καὶοτῆς
462 4665 561 4733 μὲν
608 4665 878 4734 ἀνδρείας,
937 4662 1210 4734 θρασύτης
1248 4664 1342 4715 καὶ
1374 4664 1575 4715 δειλία·
1623 4667 1719 4733 τῆς

141 4757 461 4826 φρονήσεως
484 4755 563 4819 δέ,
600 4755 832 4823 πονηρία
859 4755 948 4807 καὶ
982 4755 1167 4820 ἄγνοια
1198 4771 1209 4783 ·
1238 4754 1334 4823 τῆς
1369 4755 1718 4823 σωφροσύνης

141 4847 217 4913 δὲ,
266 4845 536 4907 ἀκολασία
590 4846 683 4898 καὶ
738 4844 1052 4914 ἠλιθιότηςο
1110 4845 1208 4913 τῆς
1256 4845 1312 4897 δὲ
1353 4845 1716 4911 δικαιοσύνης,

142 4935 430 5000 πλεονεξία
459 4936 553 4989 καὶ
581 4936 784 4997 ἀδικία,
822 4936 917 4987 εἴτ’
955 4930 1047 4987 οῦν
1080 4935 1369 5004 μειονεξία.
1406 4936 1581 4988 Μέσαι
1613 4940 1719 5005 γάρ

143 5030 282 5083 εἰσιν
331 5028 546 5095 ἀρεταὶ,
576 5029 639 5081 οὐ
689 5027 854 5098 μόνον
896 5028 951 5080 αἱ
983 5026 1267 5079 καθολικαὶ
1292 5067 1307 5088 ,
1341 5012 1716 5095 καιφυσικαὶ,

144 5124 241 5174 καὶ
298 5118 484 5187 πάσης
553 5118 847 5186 ἐλλείψεως
905 5118 997 5169 καὶ
1054 5117 1355 5186 ύπερδολῆς
1414 5116 1718 5186 άνώτεραι,

145 5212 283 5266 ἀλλὰ
315 5210 414 5263 καὶ
440 5212 495 5263 αἱ
529 5210 855 5279 πρακτικαί,
890 5210 999 5262 Καὶ
1025 5210 1081 5260 αἱ
1124 5210 1219 5277 μὲν
1254 5208 1351 5277 τὴν
1383 5208 1721 5277 προαίρεσιν,

146 5306 211 5373 τῇ
239 5302 349 5369 τῆς
376 5300 601 5371 γνώμης
630 5300 885 5375 εὐθύτητι
909 5317 920 5329 ο
950 5300 1006 5352 al
1034 5300 1109 5364 δὲ,
1146 5298 1244 5369 τὴν
1270 5298 1476 5367 τροπὴν
1506 5298 1599 5350 καὶ
1626 5298 1723 5368 τὴν

149 5393 331 5465 ρῑησιν
390 5392 649 5462 συνεργὸν
701 5392 1011 5459 κέκτηνται.
1076 5390 1211 5459 Περὶ⁵
1257 5389 1364 5458 γὰρ
1410 5388 1587 5441 αὐτῶν
1644 5390 1723 5441 ὅτι

154 5484 321 5553 μέσαι
349 5482 486 5534 εἰσὶν
518 5482 712 5552 ἀρεταὶ
741 5482 839 5550 τῆς
867 5481 1181 5551 εὐθύτητος,
1225 5481 1431 5550 μάρτυς
1464 5482 1497 5550 ἡ
1531 5497 1723 5551 παροι-

155 5576 251 5643 μία
294 5573 497 5626 οῦτωσὶ
544 5572 859 5641 φάσκουσα·
898 5590 915 5622 ι
958 5574 1061 5625 Καὶ
1104 5571 1472 5641 κατορθώσεις
1516 5572 1723 5633 πάντας

152 5666 351 5730 ἄξονας
380 5663 641 5732 ἀγαθούς.
676 5682 693 5714 ι
733 5666 912 5717 Πᾶσαι
941 5665 1032 5717 οῦν
1064 5664 1120 5715 ἐν
1143 5666 1261 5726 ταῖς
1287 5666 1435 5735 τρισὶ
1464 5658 1726 5733 δυνάμεσι

150 5757 247 5826 τῆς
274 5753 455 5823 ψυχῆς
489 5750 895 5817 συνιστάμεναι,
932 5750 987 5801 ἐν
1028 5744 1115 5809 αἷς
1154 5749 1428 5802 τίκτονται
1458 5750 1552 5801 καὶ
1581 5752 1726 5803 οἰκο-

152 5844 481 5917 δομοῦνται,
548 5846 622 5902 ῶς
686 5840 938 5907 θεμέλιον
1003 5839 1099 5900 τὰς
1176 5841 1448 5911 τέσσαρας
1514 5845 1734 5910 γενικὰς

1823 4672 1909 4715 ιυι·
1937 4670 1992 4715 et
2016 4662 2381 4715 aestimantur.
2422 4663 2487 4716 Et
2514 4661 2730 4731 quidem
2760 4660 3128 4715 fortitudinem
3158 4677 3395 4731 sequun-

1819 4762 1906 4805 tur
1935 4753 2161 4807 audacia
2190 4762 2243 4806 et
2274 4754 2476 4819 timor;
2508 4755 2879 4819 prudentiam,
2925 4756 3122 4809 astutia
3154 4766 3211 4808 et
3241 4756 3395 4822 igno-

1821 4844 2033 4909 rantia;
2066 4847 2508 4912 temperantiam,
2540 4844 2937 4899 incontinentia
2975 4855 3029 4899 et
3058 4844 3349 4913 stupiditas
3378 4864 3395 4913 ;

1816 4928 2106 5006 justitiam,
2135 4936 2365 4990 avaritia
2388 4945 2447 4991 et
2485 4936 2775 5005 injustitia,
2812 4948 3091 5005 quatenus-
3124 4948 3204 4991 est
3246 4937 3400 4992 defe-

1823 5041 1959 5081 eius.
1998 5028 2131 5081 Nam
2168 5028 2417 5096 virtutes,
2451 5044 2554 5080 non
2591 5030 2762 5082 solum
2800 5030 3104 5083 cardinales
3146 5038 3199 5083 et
3240 5039 3399 5083 natu,-

1823 5120 1962 5173 rales
1995 5157 2010 5182 .
2063 5120 2161 5173 sed
2230 5130 2285 5174 et
2333 5122 2583 5189 practicte
2613 5162 2626 5185 ,
2687 5121 2749 5173 in
2796 5121 2971 5174 incdlo
3020 5132 3186 5187 stant,
3237 5139 3400 5191 supra

1825 5228 2038 5266 omnem
2086 5214 2355 5268 defectum
2430 5224 2485 5267 et
2536 5226 2839 5267 excessum.
2907 5213 3137 5266 ELalice
3182 5215 3399 5282 quidem

1828 5319 1949 5358 cum
2009 5306 2175 5359 animi
2230 5306 2563 5365 rectitudine,
2594 5304 3019 5372 cooperatricem
3060 5305 3263 5358 habent
3306 5320 3404 5361 vo-

1828 5398 2139 5459 luntatem,
2205 5398 2324 5451 aliae
2386 5412 2511 5450 vero
2591 5390 2992 5450 inclinationem
3074 5406 3127 5448 et
3212 5410 3403 5463 super-

1832 5488 1994 5541 biam.
2060 5489 2237 5554 Atque
2269 5479 2495 5541 uirtutes
2560 5488 2612 5539 in
2637 5486 2817 5539 medio
2873 5487 3209 5549 rectitudinis
3259 5498 3407 5539 stare

1833 5588 2064 5632 testatur
2118 5578 2470 5631 Proverbium
2522 5578 2713 5630 dicens
2758 5593 2772 5629 :
2813 5595 2831 5626 ι
2874 5576 2938 5630 Ει
2968 5578 3168 5645 dirigas
3217 5592 3405 5629 omnes

1835 5674 2003 5725 bonas
2036 5672 2276 5725 semitas.
2315 5690 2332 5721 ι
2360 5670 2558 5724 Omnes
2585 5670 2748 5737 igitur
2781 5671 2831 5720 in
2870 5669 3041 5723 tribus
3093 5669 3284 5722 anima:
3314 5684 3410 5737 po-

1836 5766 2018 5816 tentiis
2040 5764 2312 5827 stabilitze,
2338 5770 2602 5830 generatae
2624 5771 2677 5814 et
2704 5760 2984 5814 aediﬁcata:
3009 5768 3064 5813 ut
3086 5759 3407 5815 fundamen-

1839 5863 1947 5905 tum
1978 5868 2084 5905 sum
2125 5852 2548 5905 constructionis
2586 5851 2782 5905 habent
2808 5858 3041 5916 quatuor
3076 5842 3405 5911 cardinales,
