4108 6330
254 391 392 455 1269

1281 389 1368 450 CA
1381 387 1559 467 P_lTA
1603 385 1751 444 PER
1789 385 2367 447 ACROSTICIIIDE
2378 386 2428 444 Μ

3364 378 3501 445 1270

218 496 327 548 καὶ
358 493 566 564 ἑτέροις
592 494 685 543 τὸν
721 489 1002 560 φωτισμὸν
1027 486 1119 541 τοῦ
1150 487 1408 558 Χριστοῦ.
1446 488 1656 558 Ὠσπερ
1688 488 1807 542 τινὰ

1938 494 2158 549 Bliristi.
2218 494 2355 549 Nam
2412 506 2718 550 sermonem
2775 489 2942 546 divini
2970 488 3144 544 instar
3193 489 3419 544 seminis
3447 489 3500 544 in

221 586 433 656 σπόρον
458 585 600 638 θεῖον
628 583 719 635 τόν
746 582 906 649 λόγον
938 582 997 634 ὲν
1019 582 1139 643 ταῖς
1161 579 1421 651 ψῦχικαῖς
1448 579 1558 632 τῶν
1581 582 1810 634 ἀκουόνὲ

215 693 335 729 ⁸ι’ων
368 674 632 745 ἀρούραις
670 673 832 727 αὐτὸν
865 671 1095 741 ἐνίησιν.
1140 690 1158 722 t
1209 671 1266 723 '0
1293 669 1452 739 λόγος
1491 669 1667 740 ὑμῶν,
1705 688 1810 740 φη-

219 769 339 829 σὶν,
373 767 511 819 ἔστω
560 767 620 819 ὲν
665 764 849 835 χάριτι
876 764 1181 832 ἠρτυμένος
1220 759 1371 823 θείας
1411 759 1799 831 χρηστότητος,

218 860 318 912 ἴνα
359 856 433 926 δῷ
477 857 641 927 χάριν
674 857 789 917 τοῖς
827 856 884 906 ὲν
925 852 1107 906 πίστει
1148 850 1421 904 ἀκούουσι.
1474 868 1491 900 ι
1530 849 1811 920 Γεωργοὺς

216 949 284 1001 δὲ
332 949 531 1013 πάλιν,
582 948 678 1001 καὶ
729 944 1037 1014 γεώργιον,
1098 942 1228 1005 τοὶς
1279 939 1662 1005 διδασκάλους,
1718 939 1813 992 καὶ

218 1038 647 1109 διδασκομένους
686 1034 878 1101 εἰπὼν,
933 1034 1189 1105 ἐμφαίνει
1233 1030 1379 1103 μάλα
1422 1031 1636 1108 σοφῶς,
1683 1030 1813 1095 τοὺς

224 1132 333 1199 μὲν
370 1131 445 1194 ὡς
511 1130 791 1202 ἀροτῆρας
849 1128 944 1181 καὶ
976 1129 1215 1197 ’σπορεῖς
1263 1121 1358 1178 τοῦ
1403 1124 1552 1177 θείου
1614 1123 1812 1191 λόγου,

247 1224 356 1285 τοὺς
394 1222 449 1275 δὲ
504 1222 581 1285 ὡς
640 1222 751 1275 τῶν
808 1219 1022 1291 ἀρετῶν
1066 1220 1171 1287 γῆν
1217 1221 1375 1281 πίαν,
1430 1216 1814 1286 καρποφόρον,

239 1314 325 1364 (αἱ
374 1310 665 1380 εὗσταχυν.
736 1309 1038 1381 Ἰερουργία
1089 1309 1197 1378 γὰρ
1230 1309 1433 1377 κυρίως
1462 1305 1714 1376 ἀληθινὴ,
1754 1305 1815 1359 οὐ

227 1403 397 1472 μόνον
444 1384 479 1472 ’ἠ
508 1402 619 1455 τῶν
660 1401 820 1454 θείων
861 1402 1130 1471 ἐνέργεια,
1167 1400 1302 1454 ἀλλά
1351 1398 1445 1452 καὶ
1478 1400 1511 1469 ἠ
1559 1395 1818 1468 μετουσία

224 1495 342 1548 τῶν
375 1494 594 1556 ἀγαθῶν
631 1493 726 1546 καὶ
758 1493 1067 1562 μετάδοσις.
1154 1521 1159 1524 η
1494 1475 1503 1486 ’

306 1585 407 1651 ιβ’.
444 1584 708 1653 Διάφορός
744 1584 893 1635 ἐστιν
928 1585 956 1633 ό
985 1583 1073 1635 διὰ
1116 1583 1395 1651 προφορᾶς
1431 1580 1565 1651 πρὸς
1597 1579 1820 1649 διδαχην

229 1675 645 1746 προερχόμενος
690 1673 849 1742 λόγος
870 1714 884 1738 ,

226 1785 355 1819 πων
392 1753 692 1833 συνάγεται
735 1766 800 1816 ὲκ
844 1764 1129 1834 τεσσάρων
1181 1760 1339 1814 εἰδῶν
1364 1777 1378 1791 ο
1414 1762 1442 1813 ό
1487 1758 1585 1831 μὲν
1622 1761 1686 1813 ὲκ
1721 1778 1823 1831 μα-

925 1676 1017 1724 καὶ
1044 1671 1317 1742 διαφόρως
1353 1673 1418 1723 ὲκ
1452 1668 1665 1723 πολλῶν
1695 1669 1818 1739 τρό-
1860 1680 1865 1685 “

1921 584 2263 641 audientium
2285 586 2497 640 animos
2518 584 2669 640 velut
2686 585 2740 637 in
2763 597 2950 653 agrum
2981 581 3254 639 immittit:
3281 575 3500 637 «sermo

1923 687 2121 743 vester,
2147 678 2363 746 dicitur,
2392 679 2462 732 sit
2508 677 2558 731 in
2595 676 2767 746 gratia
2818 673 3070 729 conditus
3110 672 3308 727 divina:
3347 673 3506 727 boni-

1926 771 2075 837 tatis,
2100 770 2260 825 utdet
2290 769 2518 837 gratiam
2544 767 2891 823 audientibus
2916 767 2969 821 in
3001 765 3124 821 ﬁde.
3158 784 3175 815 ι
3228 764 3509 836 Agricolas

1921 861 2048 916 alibi
2080 870 2133 917 et
2177 860 2561 931 agriculturam
2579 874 2782 915 vocans
2814 858 3108 930 Apostolus
3140 857 3426 925 magistros
3455 866 3509 910 et

1923 953 2240 1025 discipulos,
2270 952 2571 1008 manifeste
2623 950 2864 1007 ostendit
2922 950 3057 1004 alios
3096 950 3314 1019 quidem
3382 964 3507 1004 esse

1926 1054 1984 1102 ut
2013 1047 2245 1101 cultores
2278 1056 2331 1099 et
2359 1054 2568 1100 satores
2598 1044 2765 1099 divini
2800 1043 2974 1112 verbi,
3020 1041 3159 1099 alios
3182 1056 3314 1097 vero
3353 1042 3508 1109 quasi

1925 1152 2109 1209 agrum
2135 1139 2405 1207 pinguem,
2438 1136 2751 1204 frugiferum
2776 1142 2830 1191 et
2859 1146 3040 1209 segete
3069 1136 3308 1188 uberem.
3359 1132 3503 1188 Nam

1931 1244 2050 1285 vere
2079 1229 2368 1299 etproprie
2385 1226 2748 1289 sanctilicatid
2763 1233 2866 1293 est,
2898 1239 3006 1279 non
3032 1225 3190 1279 modo
3212 1238 3393 1278 rerum
3418 1221 3504 1275 di-

1924 1322 2173 1376 vinarum
2206 1320 2469 1388 operatio,
2513 1319 2609 1375 sed
2647 1318 2810 1375 etiam
2853 1317 3116 1373 bonorum
3167 1315 3511 1386 participatio

1927 1423 1979 1466 et
2007 1411 2443 1466 communicatio.

1976 1568 2087 1622 ‘94.
2130 1567 2224 1622 Est
2256 1568 2439 1622 varius
2466 1583 2647 1623 sermo
2676 1565 2743 1622 ad
2772 1568 3076 1621 doctrinam
3107 1581 3203 1621 ore
3232 1566 3502 1638 prolatus,

1928 1670 1978 1714 et
2018 1659 2164 1713 varie
2210 1675 2277 1713 ex
2320 1657 2936 1728 quadruplicisspeciei
2976 1657 3218 1712 fontibus
3266 1668 3504 1724 emanat,

1930 1753 2136 1806 scilicet
2166 1751 2303 1804 alius
2334 1767 2399 1805 ex
2432 1751 2684 1815 scientia,
2717 1750 2855 1803 alius
2884 1765 2951 1804 ex
2983 1749 3240 1815 lectione,
3270 1749 3414 1804 alius
3443 1766 3508 1805 ex

228 1852 483 1928 θήσεως,
524 1858 551 1911 ό
583 1858 639 1910 δὲ
691 1859 755 1910 ἐκ
803 1859 901 1927 τῆς
949 1854 1341 1922 ἀναγνώσεως’
1378 1853 1534 1915 ἄλλος
1585 1856 1649 1905 ὲκ
1682 1852 1822 1922 πρά-

1938 1842 2179 1905 actibus,
2232 1842 2373 1895 alius
2426 1855 2504 1902 ett
2548 1842 2742 1910 gratia.
2804 1840 3271 1906 Quemadmodum
3329 1852 3511 1897 autem

229 1949 398 2015 ξεως,
441 1948 537 2001 καὶ
561 1949 645 2000 ἒτε
658 1965 748 2017 ρος
779 1948 839 1998 ὲκ
865 1947 963 2015 τῆς
992 1946 1236 2014 χάριτος.
1273 1943 1483 2012 Ὥσπερ
1505 1942 1563 1995 δὲ
1590 1942 1650 1994 τὸ
1680 1940 1823 2011 ὕδωρ

228 2039 295 2091 ἓν
327 2040 444 2091 ἐστι
471 2040 539 2107 τῇ
562 2036 742 2105 φύσει,
772 2038 1143 2105 μεταποιεῖται
1178 2035 1234 2087 δὲ
1272 2036 1363 2086 καὶ
1399 2033 1819 2103 μεταϐάλλεται,

232 2130 385 2182 κατὰ
424 2130 524 2199 τὴν
564 2129 937 2197 ὑποκειμένην
983 2128 1241 2197 διάφορον
1268 2126 1362 2179 τοῦ
1394 2126 1517 2195 χοὸς
1561 2124 1714 2194 ὓλην,
1748 2127 1827 2186 εἰς

232 2220 452 2272 οἰκείαν
494 2220 778 2287 ποιότητα,
813 2218 886 2280 ὡς
915 2220 980 2287 τῇ
1013 2217 1198 2285 γεύσει
1243 2218 1533 2285 νοούμενον
1568 2212 1706 2269 εἶναι
1765 2216 1825 2266 τὸ

239 2311 345 2380 μὲν
396 2310 625 2380 πικρὸν,
666 2310 727 2361 τὸ
764 2309 820 2361 δὲ
881 2308 1089 2376 γλυκὺ,
1129 2310 1223 2361 καὶ
1262 2308 1390 2363 ἀλλο
1438 2306 1681 2378 ἁλμυρόν
1732 2308 1826 2358 καὶ

235 2401 442 2464 ὀζῶδες
489 2399 602 2471 [ἵσ.
655 2400 912 2470 όξῶδεςιο
964 2399 1106 2452 οὕτω
1152 2401 1294 2453 κατά
1339 2400 1438 2471 τὴν
1474 2398 1668 2469 ἠθικὴν
1714 2398 1827 2463 ἕξιν

238 2492 480 2544 ἑκάστου
539 2492 940 2562 προερχόμενος
988 2491 1015 2542 ὁ
1068 2490 1226 2558 λόγος
1276 2491 1371 2544 καὶ
1408 2490 1823 2565 ἀλλοιούμενος,

238 2584 495 2655 ἐνεργείᾳ
521 2584 851 2651 γινώσκεται
881 2586 975 2638 καὶ
1003 2585 1101 2653 τὴν
1126 2585 1398 2652 ὠφέλειαν
1427 2585 1661 2638 δίδωσιν.

317 2684 422 2745 ιιεο.
485 2678 704 2747 Ἐπειδὴ
760 2678 816 2730 δὲ
862 2680 889 2729 ό
926 2678 1083 2753 λόγος
1140 2681 1221 2753 εἰς
1273 2678 1571 2731 ἀπόλαυσιν
1621 2678 1830 2730 δέδοται

242 2774 432 2841 πάσης
458 2771 684 2839 λογικῆς
714 2770 950 2838 φύσεως,
981 2770 1174 2840 ὥσπερ
1203 2771 1474 2839 ὲδέσματά
1506 2787 1629 2825 τινα
1660 2770 1830 2823 πολλὰ

243 2861 512 2931 διάφορα,
559 2862 658 2930 τὴν
698 2860 890 2930 ἡδονὴν
924 2860 1100 2913 αὐτῶν
1146 2862 1420 2930 διαφόρως
1451 2862 1657 2931 ἡψυχὴ
1698 2862 1864 2917 ἀπο-ε

246 2953 606 3021 λαμϐάνουσα
655 2950 990 3005 αἰσθάνεται.
1042 2954 1196 3021 Ἔχει
1241 2952 1347 3023 γὰρ
1400 2953 1492 3005 τὸν
1534 2954 1832 3022 ἐπιστημο-

244 3032 401 3097 νικὸν
436 3043 630 3109 λόγον,
679 3042 755 3107 ὡς
809 3030 1157 3111 παιδαγωγόν
1200 3043 1335 3115 πρὸς
1380 3038 1512 3113 ἦθος
1560 3041 1834 3097 τυποῦντα

244 3134 423 3203 αὐτήν
446 3152 459 3165 σ
515 3136 604 3187 τόν
634 3134 690 3187 δὲ
735 3135 834 3203 τῆς
868 3133 1258 3203 ἀναγνώσεως,
1288 3134 1363 3197 ὡς
1394 3133 1537 3205 ὓδωρ
1586 3134 1835 3188 ἀναπαύ-

247 3242 392 3288 σεως
430 3227 800 3296 ἐκτρέφονταο
841 3226 931 3279 τὸν
979 3226 1035 3279 δὲ
1081 3228 1180 3297 τῆς
1225 3225 1510 3296 πράξεως,
1556 3228 1631 3289 ὡς
1668 3227 1833 3279 τόπον

244 3316 413 3386 χλόης
444 3316 727 3369 πιαίνοντα
751 3333 764 3347 ’
808 3317 899 3369 τὸν
944 3317 1000 3371 δὲ
1031 3317 1131 3385 τῆς
1172 3317 1426 3388 χάριτος,
1466 3317 1541 3380 ὡς
1572 3318 1833 3388 ποτήριον

249 3407 596 3477 μεθύσκοντα
626 3408 796 3477 αὐτὴν
828 3408 921 3461 καὶ⁵
956 3408 1314 3479 εὐφραίνοντα
1337 3425 1349 3437 °
1381 3407 1479 3477 τὴν
1508 3408 1565 3461 δὲ
1598 3409 1833 3480 ᾅρῥητον

259 3499 425 3569 ιύτῆς
464 3500 784 3569 ἀγαλλίασιν
809 3539 824 3565 ,
875 3501 950 3563 ὡς
1001 3500 1184 3554 ἔλαιον
1213 3501 1506 3571 πρόσωπον
1553 3476 1835 3571 ίλαρύνου-

253 3606 355 3642 σαν
374 3628 388 3649 ,
421 3589 514 3642 καὶ
542 3590 773 3660 φαιδρὰν
813 3583 1210 3661 ἐργαζομένην.

324 3679 445 3745 ις’.
494 3682 718 3750 Κυρίως
768 3683 829 3735 οὑ
868 3683 1027 3757 μόνρν
1069 3685 1125 3736 ὲν
1171 3682 1304 3752 αὐτῇ
1332 3681 1405 3745 ὡς
1440 3683 1648 3755 ζ’ωῆνῆ
1688 3683 1833 3755 ψυχὴ

245 3771 425 3825 ταῦτα
475 3773 777 3841 κέκτηται,
829 3773 945 3826 ἀλλ’
984 3774 1073 3825 ὅτε
1121 3774 1213 3826 καὶ
1254 3774 1384 3845 παρ’
1431 3773 1613 3837 ἄλλοις
1648 3775 1836 3827 ἀκούει

246 3862 427 3916 ταῦτα
454 3864 591 3933 πρὸς
616 3864 839 3935 διδαχὴν
862 3863 1187 3937 ,αἰσθάνεται
1210 3882 1222 3898 ·
1254 3863 1496 3935 ὁπηνίκα
1528 3868 1835 3937 προηγῆται

247 3953 580 4025 ἀμφοτέρων
634 3955 823 4026 ἀγάπη
885 3956 978 4008 καὶ
1032 3956 1248 4019 πίστις’
1307 3958 1401 4010 καὶ
1446 3958 1474 4009 ό
1514 3958 1612 4027 μὲν
1654 3959 1835 4011 πίστει

251 4043 493 4110 ἀκούων,
518 4045 546 4097 'o
570 4044 627 4096 δὲ
655 4045 845 4115 ἀγάπῃ
877 4045 1169 4111 παιδεύων,
1200 4048 1327 4100 ἄνευ
1354 4048 1524 4116 τύφου
1556 4050 1647 4101 καὶ
1678 4048 1836 4119 δόξης

263 4134 615 4205 εοῦςήλόγους
656 4134 764 4187 τῶν
812 4137 1024 4208 ἀρετῶν
1067 4138 1409 4208 ποιούμενος;
1448 4139 1551 4194 Τὸν
1585 4140 1684 4209 μὲν
1729 4140 1838 4211 γὰρ

259 4228 330 4277 ὲκ
377 4225 669 4296 μαθήσεως
709 4227 868 4295 λόγον
917 4230 991 4292 ὠς
1044 4222 1422 4299 παιδαγωγὸν’
1459 4231 1711 4301 δέχεταιο
1749 4233 1839 4286 τὸν

256 4319 316 4371 δὲ
363 4321 464 4387 τῆς
507 4316 1002 4386 ἀναγνώσεως,,ὡς
1052 4322 1251 4393 τροφόν
1277 4339 1290 4352 ·
1335 4322 1425 4375 τὸν
1464 4323 1520 4374 δὲ
1554 4325 1652 4392 τῆς
1694 4326 1835 4395 πρά-

258 4407 419 4473 ξεως,
449 4408 525 4469 ὼς
564 4409 888 4472 ἐνδιάθετον,
924 4410 999 4472 ὡς
1026 4412 1393 4481 νυμφοστόλον
1419 4411 1681 4480 ἡδύτατον
1709 4431 1719 4441 ·
1748 4414 1841 4467 τὸν

1860 3188 1904 3250 C

1930 1949 2069 2003 aqua
2112 1948 2217 1988 una
2258 1934 2346 1989 ’est
2381 1944 2601 1998 natura,
2631 1933 3046 1987 discriminatur
3081 1949 3211 1988 vero
3239 1949 3303 1988 ac
3336 1943 3517 1989 trans-

1930 2019 2190 2089 niutaiur,
2226 2040 2323 2094 pro
2357 2026 2578 2080 diverso
2615 2026 2766 2079 humi
2811 2024 3144 2093 subjacentis
3185 2026 3425 2097 ingenio,
3459 2027 3513 2082 in

1931 2119 2261 2187 peculiarem
2318 2118 2680 2187 qualitatem,
2740 2119 2812 2173 ita
2865 2127 2925 2171 ut
2979 2125 3139 2187 gustu
3191 2119 3513 2183 aestimetur,

1933 2213 2043 2264 haec
2080 2196 2420 2273 amara,‘illa
2464 2210 2663 2275 dulcis,
2698 2210 2803 2263 alia
2839 2209 2982 2264 salsa
3018 2221 3071 2263 et
3096 2210 3296 2277 acida;
3331 2211 3412 2266 sic
3449 2214 3516 2266 ad

1932 2300 2366 2371 uniuscujusque
2444 2300 2679 2356 indolem
2749 2302 3196 2357 accommodatus
3260 2310 3317 2356 et
3380 2317 3516 2357 con-

1932 2406 2121 2445 versus
2188 2407 2407 2459 sermo,
2470 2407 2633 2463 opere
2697 2394 3042 2463 dignoscitur
3106 2403 3159 2449 et
3228 2386 3515 2452 utilitatem

1932 2484 2105 2538 achrt.

1967 2684 2092 2752 .95.
2137 2683 2444 2739 Rationalis
2498 2684 2797 2755 cujuslibet
2843 2695 3049 2740 naturae
3102 2689 3167 2742 ad
3231 2691 3518 2746 utilitatem

1935 2792 2055 2830 cum
2088 2775 2250 2831 datus
2281 2777 2353 2830 sit
2385 2792 2588 2841 sermo,
2615 2793 2677 2832 ex
2714 2793 2776 2832 co
2808 2779 2953 2831 velut
2980 2793 3043 2832 ex
3075 2780 3259 2835 multis
3291 2783 3523 2850 dapibus

1936 2866 2103 2922 variis
2157 2870 2367 2921 variant
2427 2870 2609 2922 anima
2661 2870 2894 2939 percipit
2943 2884 3005 2925 ac
3048 2882 3229 2941 gustat
3278 2876 3523 2930 suavita-

1938 2969 2067 3015 tem.
2105 2960 2279 3014 llabet
2311 2960 2454 3014 enim
2489 2962 2733 3017 scientias
2766 2976 3074 3017 sermonem
3111 2976 3168 3017 ut
3203 2966 3522 3035 magistrum

1939 3066 2118 3105 mores
2165 3066 2293 3106 suos
2346 3052 2775 3119 informantem;
2817 3066 2873 3107 et
2924 3053 3198 3119 lectionis,
3234 3066 3293 3109 ut
3328 3072 3521 3124 aquam

1942 3145 2276 3199 rcticientem
2314 3155 2367 3198 et
2403 3146 2770 3214 nutrientem;
2819 3158 2872 3201 et
2917 3146 3173 3211 actionis,
3212 3159 3269 3202 ut
3308 3158 3521 3217 pratum

1938 3235 2105 3290 herba
2156 3236 2396 3305 pingue;
2433 3244 2487 3290 et
2530 3238 2736 3306 gratiae,
2778 3246 2833 3290 ut
2880 3248 3063 3305 putum
3105 3253 3207 3305 qua
3247 3240 3359 3306 ipsa
3406 3241 3524 3296 ine-

1936 3325 2149 3379 briatur
2181 3334 2236 3379 et
2270 3324 2594 3390 laetiﬁcatur,
2622 3335 2675 3381 et
2697 3325 3026 3381 ineffabilem
3059 3328 3176 3398 ejus
3206 3330 3526 3387 exsultatio-

1937 3432 2099 3482 nem,
2144 3425 2202 3471 ut
2250 3417 2454 3482 oleum,
2513 3417 2706 3473 {aciem
2764 3418 3008 3474 hilarans
3040 3429 3093 3474 et
3152 3421 3380 3477 nitidam
3444 3400 3524 3477 ri-

1936 3523 2105 3564 CICDS.

2011 3683 2102 3738 96.
2146 3682 2373 3748 Deinde,
2412 3683 2530 3738 haec
2569 3698 2676 3738 non
2716 3684 2890 3739 solum
2938 3686 2990 3739 in
3033 3688 3210 3756 seipsa
3265 3699 3322 3743 ut
3366 3690 3524 3745 vitam

1940 3776 2119 3829 anima
2171 3774 2447 3845 possidet,
2485 3774 2581 3828 sed
2625 3774 2787 3828 etiam
2835 3777 3131 3844 aliquando
3164 3780 3232 3833 ab
3270 3781 3392 3836 aliis
3434 3784 3527 3839 do.

1940 3865 2188 3921 centibus
2219 3855 2448 3921 audiens
2476 3864 2697 3931 ediscit,
2732 3882 2852 3920 cum
2886 3868 3038 3922 ducit
3070 3878 3362 3940 utrumque
3394 3872 3528 3930 ﬁdes

1941 3970 1994 4013 et
2032 3959 2270 4013 charitas
2309 3975 2323 4023 ;
2361 3972 2499 4027 unus
2549 3973 2745 4027 nempe
2793 3960 2845 4011 in
2887 3958 2994 4013 ﬁde
3021 3962 3191 4025 audit,
3230 3963 3367 4019 alter
3403 3981 3531 4021 vero

1943 4052 1996 4105 in
2034 4049 2302 4105 cbaritate
2349 4049 2531 4115 docet,
2562 4050 2682 4104 sine
2729 4050 2869 4105 fastu
2904 4063 2998 4106 aut
3029 4050 3292 4121 iactantia
3326 4056 3392 4111 de
3420 4059 3533 4113 vir-

1946 4145 2146 4198 tutibus
2186 4146 2587 4199 sermocinans.
2624 4143 2779 4198 Tunc
2818 4146 2960 4199 enim
3000 4148 3181 4203 anima
3219 4164 3527 4207 sermonem

1943 4235 2185 4292 scientiae
2218 4247 2277 4290 ut
2315 4236 2631 4305 magistrum
2674 4236 2999 4306 accipit;,et
3042 4238 3318 4307 lectionis,
3356 4251 3416 4297 ut
3453 4245 3532 4299 ci—

1947 4327 2107 4391 bum;
2142 4334 2199 4379 et
2237 4339 2544 4379 sermonem
2587 4340 2773 4394 opere,
2809 4341 2916 4379 non
2964 4342 3059 4382 ore
3097 4343 3436 4398 expressum,
3471 4342 3531 4387 ut

1946 4417 2313 4487 gratissimum
2357 4417 2829 4487 paranymplium;
2868 4427 2921 4471 et
2962 4418 3381 4477 illuminativum
3420 4424 3532 4494 spi-

255 4496 444 4567 Bsﬁoﬁ
500 4498 819 4568 Πνεύματος
877 4502 1237 4569 φωτιστικὸν,
1273 4502 1348 4564 ὡς
1404 4501 1636 4570 νυμφίον
1686 4503 1832 4570 λόγον

1950 4508 2091 4561 ritus
2129 4521 2461 4570 sermonem,
2496 4514 2554 4558 ut
2592 4505 2805 4559 laetiﬁca
2840 4521 3004 4561 verna
3040 4523 3294 4577 sponsam
3330 4526 3530 4582 sponso

254 4587 517 4640 ἑνωτικδν
560 4588 768 4658 αὐτῆς,
806 4590 895 4643 τὸν
942 4592 1324 4663 εὐφραίνοντα.
1378 4593 1492 4645 Πᾶν
1536 4594 1642 4662 γάρ
1692 4594 1843 4664 ῥῆμα

253 4679 693 4750 ἐκπορευόμενον
729 4683 818 4735 διὰ
850 4683 1137 4752 στόματος,
1157 4683 1314 4736 σΘεοῦ
1350 4685 1521 4747 ἐστιν,
1553 4686 1600 4737 οἱ
1631 4685 1721 4738 διὰ
1746 4685 1842 4739 τοῦ

253 4765 581 4840 Πνεύματος
646 4774 712 4827 ἐκ
763 4776 1032 4845 στόματος
1086 4774 1195 4827 τῶν
1259 4776 1430 4843 ἁγίων
1490 4776 1845 4845 προελθόντες
1916 4770 1919 4773 ’

253 4859 444 4928 λόγοι,
494 4863 527 4933 ἡ
572 4859 640 4917 δι’
697 4865 978 4934 ἐνέργειαν
1021 4864 1336 4936 γλυκυτάτη
1384 4865 1496 4923 τοῦ,
1529 4869 1845 4939 Πνεύματος

256 4952 556 5017 ἐπίπνοια,
611 4956 678 5025 ἣν
722 4957 1001 5031 τρυφῶσιν
1055 4958 1115 5010 οὐ
1158 4953 1398 5023 πάντες,
1446 4958 1579 5012 ἀλλὰ
1617 4960 1766 5029 μόνοι
1796 4963 1844 5014 oi

257 5043 423 5108 ἄξιοι.
489 5047 710 5118 Ἐπειδὴ
749 5049 805 5101 δὲ
854 5050 945 5101 καὶ
994 5050 1205 5122 τρυφὴν
1258 5051 1441 5120 ἔχουσι
1474 5048 1569 5103 τὸν
1608 5050 1765 5121 λόγον
1796 5055 1844 5106 οἱ

257 5135 495 5205 λογικοὶ,
523 5139 754 5193 ἐνταῦθα
788 5140 888 5221 μὲν
922 5142 971 5193 οἱ
1006 5141 1115 5194 τῶν
1140 5143 1232 5195 τοῦ
1266 5142 1578 5213 Πνεύματος
1601 5144 1847 5214 ἐναργῶς

258 5227 707 5302 εὐφραινόμενοι,
760 5232 932 5300 ὀλίγοι
983 5232 1105 5299 λίαν
1145 5234 1311 5286 εξσίνο
1366 5235 1491 5298 τοὺς
1537 5235 1741 5297 τύπους
1789 5234 1846 5289 δὲ

263 5317 429 5388 μόνον
477 5320 526 5371 οἱ
578 5320 766 5374 πολλοὶ
813 5311 923 5375 τῶν
969 5325 1361 5395 πνευματικῶν
1407 5325 1581 5393 λόγων
1623 5324 1713 5380 διὰ
1748 5327 1847 5398 τῆς

259 5409 490 5481 μνήμης
540 5411 635 5463 καλ¹
681 5413 1012 5480 γινώσκουσι
1069 5418 1160 5469 καὶ
1204 5416 1513 5488 μετέχουσι,
1551 5418 1643 5472 τὸν
1683 5418 1848 5490 ἄρτον

258 5498 418 5552 obrue
446 5500 538 5554 τὸν
571 5501 826 5570 ἀληθινὸν
877 5507 971 5560 τοῦ
1012 5508 1296 5577 μέλλοντος
1342 5509 1401 5562 ιν
1430 5507 1682 5580 αἰσθήσει
1712 5508 1849 5566 Θεοῦ

260 5590 420 5655 λόγον
454 5595 839 5666 μετασχόντες.
888 5598 1062 5662 Μόνος
1095 5599 1204 5669 γὰρ
1229 5598 1391 5663 αὐτὸς
1418 5600 1595 5653 ἐκεῖσε
1625 5606 1841 5675 πρόκει-

1950 4598 2214 4675 unientia.
2265 4595 2400 4650 Nam
2454 4612 2756 4653 sermones.
2785 4613 2850 4650 ex
2892 4613 2988 4653 ore
3036 4599 3126 4653 Dei
3176 4604 3534 4671 procedentes

1950 4700 2075 4745 Sunt
2118 4690 2299 4745 omnia
2347 4690 2510 4744 verba
2549 4688 2940 4759 per.Spiritunt
2978 4705 3044 4745 ex
3088 4707 3183 4746 ore
3216 4707 3531 4750 sanctorum

1950 4782 2182 4851 prolata,
2221 4791 2277 4835 et
2334 4796 2501 4849 opera
2562 4780 2880 4836 dulcissimo
2916 4780 3155 4851 Spiritus
3206 4784 3383 4840 alllata
3441 4789 3531 4842 in-

1950 4874 2176 4935 Stinctu,
2204 4886 2312 4941 quo
2339 4886 2449 4927 non
2479 4873 2818 4939 omnes,..s,etl
2846 4857 2992 4942 digni
3028 4884 3231 4929 tantum
3258 4876 3533 4939 fruuntur.

1940 4954 2084 5020 Cum
2136 4972 2316 5017 autem
2369 4978 2622 5018 sermone
2661 4962 2915 5018 fruantur
2948 4966 3263 5038 quicunque
3297 4971 3536 5027 rationa-

1950 5056 2047 5121 les,
2083 5068 2223 5107 nunc
2255 5046 2568 5122 paucissimi
2600 5066 2727 5109 sunt
2755 5072 2891 5125 quos
2924 5055 3158 5128 Spiritus
3193 5060 3365 5132 reipsa
3400 5062 3537 5119 lacti-~

1951 5149 2105 5211 licat,
2137 5147 2253 5201 sed.
2301 5146 2524 5215 plurimi
2582 5146 2820 5217 species.
2850 5146 3122 5203 duntaxat
3170 5152 3535 5220 spiritualium

1950 5254 2261 5295 sermonum
2291 5237 2919 5306 memoria.cognoscunt
2943 5249 2997 5293 et
3020 5242 3373 5311 participant,
3403 5250 3536 5299 noii-

1951 5335 2077 5387 dum
2117 5331 2279 5386 cibati
2316 5345 2446 5385 vero
2481 5343 2619 5398 pane
2652 5329 2830 5384 divini
2864 5332 3015 5387 verbi
3050 5348 3214 5402 quem
3251 5335 3309 5389 in
3349 5335 3536 5393 futuro

1951 5421 2264 5492 gustabunt,
2295 5427 2350 5475 et
2391 5421 2485 5490 qui
2537 5420 2688 5475 solus
2736 5419 2846 5474 illic
2888 5424 3210 5489 proponitur
3247 5424 3313 5479 ad
3360 5426 3537 5482 laetiti-

1952 5513 2155 5566 candos
2189 5525 2380 5566 omnes
2416 5510 2634 5580 dignos,
2676 5524 2778 5564 nec
2811 5524 3046 5578 unquam
3079 5506 3403 5580 coméditur,
3439 5533 3538 5573 nec

1952 5604 2275 5661 absorbetur
2311 5613 2403 5657 aut
2436 5604 2799 5660 consumitur.

268 5689 365 5727 ται
396 5675 477 5740 είς
512 5677 694 5735 πᾶσαν
727 5683 837 5744 τοῖς
864 5682 1036 5745 ἀξίοις
1065 5682 1266 5747 ἱκανῶς
1295 5683 1491 5750 ἡδονήν
1515 5700 1528 5714 ·
1558 5686 1699 5752 μήτε
1725 5686 2060 5754 ὲσθιόμενος,
2096 5684 2235 5753 μήτε
2260 5684 2675 5757 δαπανώμενος,
2702 5687 2737 5757 ἢ
2766 5686 3033 5758 θυόμενος
3066 5686 3311 5742 πώποτε.
3386 5681 3389 5683 ’
