4108 6330
275 364 414 431 ῙΞῙἿ

1323 370 1593 440 CAPITA
1635 379 1789 440 PER
1832 376 2478 440 ACROSTICHIDEM.

3377 370 3512 434 1978

266 492 520 562 νικήσας,
546 488 801 552 ὑποτάξαι
827 484 892 538 τὰ
915 484 1026 539 δύω
1055 481 1132 554 τῷ
1162 482 1262 547 ἑνὶ,
1292 483 1414 552 ὄρος
1439 481 1688 552 ἀνδρείας
1716 481 1829 554 τότε

1943 487 2136 542 unitati
2193 487 2665 556 subiecerit,tunc
2689 484 3026 539 fortitudinis
3075 483 3283 554 apicem
3317 484 3510 554 adepta

272 580 735 653 μεταποιούμενος
774 579 908 649 πρὸς
941 578 1072 630 Θεὸν
1105 575 1335 642 γίνεται.
1389 577 1448 627 Et
1499 575 1556 627 δὲ
1591 575 1838 645 ὑποταγῇ

262 676 389 736 ταῖς
413 673 563 724 δυσὶν
594 673 628 741 η
659 669 826 741 ψυχὴ,
853 668 1120 740 ἁμαρτίᾳ,
1158 667 1319 737 φημὶ.
1348 668 1441 719 καὶ
1477 667 1658 736 σαρκὶ,
1687 666 1838 727 τέλος

265 765 477 819 ἐκεῖθεν
510 765 741 833 βάσανος
784 763 921 832 αὐτῇ
950 760 1167 827 ἀνιλεὴς
1210 760 1570 819 καθίσταται,
1608 757 1682 819 ὠς
1716 757 1838 808 δου-

263 857 504 929 λωοείσῃ
540 855 850 925 αὐθαιρέτῳ
879 851 1072 924 γνώμῃ
1096 853 1207 913 τοῖς
1238 851 1521 912 ἐναντίοις.
1558 847 1838 902 Ἐντεῦθεν

265 949 584 1016 πράττουσα
617 947 684 998 τὰ
716 946 987 1014 αἴσχιστα,
1021 944 1114 997 καὶ
1155 943 1231 1006 ὡς
1265 943 1362 1012 τὴν
1393 942 1450 1006 ἐξ
1491 941 1701 1011 ἀρετῶν
1740 957 1840 995 κα-

261 1039 529 1090 τάστασιν
562 1037 875 1089 ἀπολέσασα
899 1076 912 1101 ,
964 1035 1309 1098 ὲκπέπτωκε,
1343 1033 1438 1086 τοῦ
1487 1033 1620 1107 Θεοῦ
1671 1050 1838 1103 χωρι-

267 1127 477 1185 σθεῖσα.

288 1260 305 1270 .
343 1216 432 1284 ρι’.
468 1218 683 1286 κυρίως
715 1219 930 1270 πάντων
978 1216 1088 1268 τῶν
1115 1216 1300 1268 παθῶν
1341 1215 1450 1268 δύω
1484 1216 1590 1268 εἰσὶ
1630 1213 1842 1283 σκληρά

265 1309 366 1360 καὶ
397 1308 669 1376 βαρύτατα
717 1310 901 1375 πάοη,
945 1307 1166 1376 πορνεία
1205 1309 1299 1360 καὶ
1351 1307 1566 1373 ἀκηδία,
1610 1307 1677 1357 τά
1719 1323 1842 1356 συν-

264 1398 460 1463 έχοντα
490 1400 587 1474 καὶ
612 1398 871 1450 ἐκλύοντα
903 1400 1004 1467 τὴν
1041 1399 1382 1467 ταλαίπωρον
1419 1396 1594 1468 ψυχήν
1609 1413 1630 1451 ολ
1653 1397 1838 1467 κοινήν

264 1487 625 1556 ἀλληλουχίαν
668 1487 858 1554 ἔχοντα
886 1487 980 1539 καὶ
1035 1485 1294 1554 συζυγίαν
1324 1486 1568 1555 ἀλλήλοις
1591 1503 1604 1517 ο
1636 1485 1836 1537 δυσκα-

262 1579 558 1647 ταμάχητα
589 1579 717 1638 δέλτα
755 1579 847 1630 καὶ
886 1580 1148 1648 ἀήττητα,
1185 1579 1277 1631 καὶ
1305 1577 1522 1639 τελείως
1559 1579 1648 1644 ὑφ’
1681 1577 1835 1647 ἡμῶν

263 1668 519 1736 ἀνίκητα.
557 1669 665 1720 Καὶ
688 1669 747 1719 τὸ
779 1669 876 1737 μὲν
922 1668 1213 1730 ’πλεονάζει
1239 1671 1296 1719 ὲν
1325 1667 1403 1737 τῷ
1430 1666 1829 1737 ἐπιθυμητικῷ,

261 1760 513 1828 περιέχει
544 1744 603 1810 δὲ
637 1759 732 1827 τὴν
777 1758 908 1828 ὓλην
938 1758 1445 1827 φύσεισάδιορίστως
1483 1758 1858 1839 ἀμφοτέρωνη

260 1848 437 1914 λέγω,
480 1847 656 1915 ψυχῆς
713 1848 807 1899 καὶ
863 1845 1146 1914 σώματος,
1208 1843 1660 1914 συγκεκραμένην
1714 1842 1835 1911 ἔχον

260 1939 395 2009 ὅλην
438 1941 494 1990 ὲν
525 1938 665 2000 ὅλοις
707 1937 895 2007 μέλεσι
918 1938 1013 2006 τὴν
1043 1937 1232 2006 ἡδονὴν
1267 1936 1437 2004 αὐτῆς
1459 1954 1471 1966 ·
1509 1937 1541 2005 ἡ
1573 1936 1660 1998 δὲ,
1696 1935 1828 1987 ἄνων

261 2029 358 2082 Θεν
395 2029 455 2082 τὸ
496 2029 826 2097 ἡγεμονικὸν
879 2026 1178 2097 κρατοῦσα,
1211 2026 1338 2096 ὃλην
1392 2026 1570 2095 ψυχὴν
1601 2025 1694 2078 καὶ
1738 2025 1840 2093 τὴν

260 2119 440 2186 σάρκα
490 2117 742 2187 καθάπερ
798 2119 999 2187 σμίλαξ
1036 2119 1131 2186 ὅλη
1178 2117 1680 2186 περιλαμϐάνουσα,
1737 2134 1837 2167 νω-

1946 581 2262 636 conscendit
2301 581 2364 633 ad
2390 581 2555 632 Deum
2579 581 2777 632 anima.
2799 576 2854 631 Si
2888 592 3015 631 vero
3043 577 3295 630 dualitati
3329 578 3508 630 anima

1945 673 2284 738 subjiciatur,
2345 682 2567 738 peccato
2629 669 2886 722 videlicet
2949 679 3111 737 alque
3168 667 3339 728 carni,
3379 667 3506 720 inde

1945 763 2301 832 consequitur
2335 763 2436 829 ipsi
2473 770 2799 818 tormentum
2833 760 3065 824 immite,
3091 761 3164 811 ita
3216 767 3273 815 ut
3305 759 3513 826 rediga-

1947 863 2031 906 tur
2062 853 2162 907 sub
2195 853 2352 922 plena
2402 852 3068 917 inimicorumpolestate.
3102 848 3254 903 Unde
3307 849 3511 916 turpis-

1943 947 2076 998 sima
2112 955 2452 1012 perpetrans,
2484 953 2536 996 et
2590 942 2846 1013 dignitate
2894 942 3187 996 virtutibus
3234 941 3511 1009 acquisita

1945 1037 2223 1099 excideris,
2264 1037 2374 1088 Deo
2398 1035 2649 1088 orbatur.

2017 1213 2138 1268 H0.
2173 1214 2308 1267 Ante
2349 1200 2538 1266 omnes
2579 1212 2857 1278 passiones
2896 1211 3013 1263 duze
3048 1218 3171 1262 sunt
3205 1209 3512 1262 durissima:

1943 1313 1998 1355 ct
2055 1304 2509 1371 prohiudissimm,
2537 1304 2742 1355 luxuria
2773 1295 3004 1355 scilicet
3041 1308 3095 1353 et
3145 1301 3356 1358 aredia,
3391 1316 3512 1367 quae

1946 1396 2195 1447 miseram
2263 1395 2546 1446 involvunt
2598 1409 2661 1446 ac
2725 1393 3329 1451 dissolvuntanimam,
3388 1407 3507 1444 mu-

1946 1492 2206 1550 tuamque
2243 1485 2382 1535 inter
2420 1498 2476 1536 se
2508 1483 2705 1535 habent
2750 1481 3143 1535 conuexionem
3171 1489 3238 1532 et
3261 1482 3510 1533 .necessi-

1947 1577 2212 1637 tudinem,
2247 1590 2344 1628 nec
2381 1575 2607 1642 pugnari
2642 1573 2958 1639 superarive
2996 1581 3089 1623 aut
3121 1571 3326 1631 devinci
3358 1586 3386 1623 a
3417 1585 3514 1625 no-

1948 1665 2029 1719 bis
2059 1665 2331 1718 ullatenus
2360 1661 2604 1732 possnnt.
2637 1663 2794 1717 Prior
2849 1664 3068 1730 quidem
3111 1661 3350 1714 abundat
3376 1661 3426 1713 in
3460 1662 3513 1715 vi

1945 1755 2378 1824 concupiscibili,
2410 1762 2463 1807 et
2514 1763 2678 1807 totum
2729 1753 3112 1821 complectitur
3155 1752 3511 1807 substantiam

1944 1850 2228 1916 utriusque
2265 1854 2492 1907 naturae,
2523 1847 2713 1899 animae
2745 1845 2954 1898 scilicet
2987 1855 3148 1913 atque
3181 1845 3386 1906 carnis,
3420 1853 3502 1897 to-

1941 1951 2047 1995 tam
2102 1941 2330 2009 singulis
2369 1941 2570 2008 passim
2620 1939 2878 1992 membris
2913 1953 3066 1991 snam
3102 1938 3388 1990 insinuans
3419 1951 3510 1988 vn-

1937 2030 2198 2100 luptatem
2233 2048 2248 2098 ;
2283 2032 2549 2101 posterior
2595 2045 2721 2083 vero
2774 2031 3116 2096 superiorem
3169 2028 3511 2080 rationalem-

1936 2141 2041 2194 que
2077 2137 2282 2192 partem
2341 2123 2646 2184 dominans,
2681 2131 2735 2174 et
2791 2129 2954 2174 totam
2991 2131 3099 2174 tota
3150 2120 3383 2171 animam
3449 2125 3510 2169 et

260 2209 434 2279 Θρὰν,
484 2212 576 2262 καὶ
633 2210 1035 2278 ἐκλελυμένην,
1093 2211 1185 2262 καὶ
1243 2209 1478 2278 πάρετον
1528 2209 1626 2278 τὴν
1677 2207 1829 2274 φύσιν

1935 2229 2152 2270 carnem
2193 2217 2342 2282 quasi
2396 2214 2594 2266 hedera
2634 2211 3037 2280 circumligatus,
3080 2209 3309 2277 pigram,
3357 2209 3505 2260 desi—

256 2303 429 2353 ποιεί.
479 2300 864 2369 Ἐκόἐϐληνται
903 2299 990 2362 δὲ,
1049 2300 1144 2351 καὶ
1195 2299 1255 2351 οὐ
1306 2297 1527 2359 τελείως
1566 2297 1837 2366 ἡττῶνται

259 2389 374 2456 πρὸ
402 2389 500 2457 τῆς
535 2390 818 2459 ’μακαρίας
850 2388 1138 2452 ἀπαθείας,
1177 2388 1388 2459 ὁπόταν.
1409 2389 1442 2456 ἡ
1475 2386 1644 2456 ψυχὴ,
1672 2385 1839 2438 Πνεύ-

262 2455 466 2548 ματος
495 2455 650 2546 ἁγίου
703 2455 960 2548 εἰληφυῖα
1005 2479 1230 2547 δύναμιν
1278 2479 1335 2530 ἐν
1380 2455 1695 2546 προσευχῇ,
1738 2475 1836 2547 τὴν

259 2569 526 2623 ποιοῦσαν
559 2571 740 2623 ἄνεσιν
773 2573 910 2640 αὐτῇ
945 2571 1038 2623 καὶ
1089 2552 1239 2640 ίσχῦν
1287 2573 1381 2624 καὶ
1422 2570 1643 2639 βαθεῖαν
1683 2569 1836 2640 εἰρή-

256 2679 363 2730 νην
405 2665 462 2714 ὲν
508 2664 704 2733 καρδίᾳ
727 2663 813 2716 διὰ
860 2665 957 2731 τῆς
991 2664 1221 2732 ἡσυχίας
1269 2663 1640 2732 εὐφραίνεται.
1687 2661 1832 2730 Αὕτη

256 2755 411 2804 ἐστὶν
439 2749 667 2822 ἡάρχὴ,
718 2755 811 2805 καὶ
853 2753 1080 2821 βασιλὶς,
1121 2737 1216 2822 καὶξ
1245 2752 1428 2822 κυρία,
1466 2753 1559 2804 καὶ
1610 2753 1642 2821 ἡ
1687 2768 1836 2821 περι-

255 2847 456 2913 εκτικὴ
474 2846 580 2896 τῶν
600 2845 801 2914 ἡδονῶν
836 2847 1018 2914 ἡδονὴ,
1046 2847 1137 2897 καὶ
1163 2849 1194 2913 ἡ
1224 2845 1517 2914 σύντροφος
1546 2844 1712 2912 αὐτῆς
1735 2845 1835 2913 ῥᾳ-

258 2939 436 3004 ουμία
477 2939 508 3004 ἡ
558 2940 678 2998 τοὺς
714 2940 1010 3006 τριστάτας
1041 2937 1131 2988 τοῦ
1172 2936 1371 3005 Φαραὼ
1416 2937 1749 3005 ἐπιφέρουσα
1773 2934 1832 2987 τὸ

255 3033 686 3098 ἁκαταμάχητον
716 3029 868 3097 ἅρμα
890 3047 902 3060 ο
937 3030 1002 3080 δι’
1039 3023 1112 3081 ὧν
1148 3029 1200 3080 ἀί
1237 3030 1482 3097 ἀφορμαὶ
1503 3029 1610 3080 τῶν
1642 3027 1832 3078 παθῶν

253 3120 340 3189 τῷ
373 3121 471 3189 βίῳ
501 3122 610 3179 τοῖς
641 3118 842 3181 ἀθλίοις
873 3122 1002 3188 ἡμῖν
1031 3119 1371 3188 ὲπεισῆλῦον.

338 3211 458 3281 pra’.
506 3214 670 3282 Ἀρχὴ
707 3214 804 3282 τῆς
848 3215 1038 3281 νοερᾶς
1086 3214 1428 3282 προσευχῆς,
1467 3214 1497 3282 ἡ
1547 3213 1824 3277 ἐνέργεια,

254 3305 361 3359 εἶτ’
394 3305 484 3356 οῦν
519 3307 549 3375 ἡ
582 3305 884 3375 καθαρτικὴ
924 3308 1016 3357 τοῦ
1051 3305 1365 3374 Πνεύματος
1389 3305 1637 3372 δύναμις,
1671 3304 1765 3355 καὶ
1793 3306 1825 3373 ἡ

259 3401 500 3470 μυστικὴ
531 3398 622 3452 τοῦ
649 3400 764 3462 νοὸς
806 3398 1081 3468 ἱερουργία
1112 3415 1122 3426 ·
1166 3398 1353 3464 ὥσπερ
1387 3395 1526 3466 ἁρχὴ
1567 3395 1664 3463 τῆς
1687 3385 1828 3462 ἠσυ-

254 3493 406 3562 χίας,
450 3495 483 3562 ὴ
520 3491 680 3560 σχολή
707 3507 719 3519 ’
771 3491 1001 3559 μεσότης
1029 3489 1082 3540 δὲ
1109 3530 1122 3553 ,
1157 3490 1532 3557 ἡ-φωτιστικὴ
1599 3487 1828 3555 δύναμις

254 3585 358 3636 καὶ
395 3581 627 3651 Θεωρία·
665 3581 758 3634 καὶ
811 3581 994 3643 τέλος,
1030 3581 1062 3649 ἡ
1112 3580 1363 3639 ἔκστασις
1396 3579 1487 3630 καὶ
1533 3579 1564 3647 ἡ
1603 3578 1825 3647 ἁρπαγὴ

248 3674 350 3727 τοῦ
379 3675 493 3735 νοὸς
525 3673 660 3742 πρὸς
698 3673 850 3725 Θεὸν.

330 3763 455 3834 ριβ’.
505 3764 792 3833 Ἰερατεῖον
843 3745 1208 3832 πνευματικόν
1247 3763 1362 3813 ἐστι
1407 3762 1510 3831 πρὸ
1557 3761 1656 3830 τῆς
1693 3760 1824 3830 μελ-

249 3856 452 3924 λούσης
509 3857 647 3925 ὐπὲρ
693 3856 816 3907 νοῦν
866 3854 1250 3916 ἀπολαύσεως,
1309 3853 1343 3922 ἡ
1379 3854 1540 3922 νοερά
1573 3854 1667 3904 τοῦ
1706 3853 1824 3915 νοὸς

249 3947 528 4016 ἐνέργεια,
577 3947 667 3998 τὸν
737 3946 936 4015 Ἀμνὸν
975 3947 1251 4015 μυστικῶς
1301 3947 1357 4000 ὲν
1385 3926 1680 4015 ἀρραὁώνι
1727 3944 1819 3997 τοῦ

249 4038 390 4091 Θεοῦ
417 4040 474 4090 ὲν
497 4036 574 4106 τῷ
608 4038 705 4106 τῆς
737 4037 915 4106 ψυχῆς
945 4038 1315 4106 θυσιαστηρίῳ
1347 4037 1438 4090 καὶ
1483 4035 1823 4106 ἱερουργοῦν-

247 4145 343 4191 τος
382 4129 477 4180 καὶ⁵
531 4128 867 4196 μετέχοντος.
922 4126 1150 4177 Ἐσθίειν
1203 4127 1259 4178 δέ
1300 4128 1416 4179 ἐστι
1467 4127 1558 4179 τὸν
1624 4127 1821 4196 Ἀμνὸν

248 4221 346 4273 τοῦ
397 4219 528 4271 Θεοῦ
565 4221 621 4271 ἐν
657 4219 734 4289 τῷ
765 4219 934 4289 νοερῷ
979 4218 1344 4288 Θυσιαστηρίῳ
1373 4219 1473 4288 τῆς
1518 4219 1730 4288 ψυχῆς,
1757 4221 1817 4270 οὑ

247 4312 317 4366 τὸ
345 4312 559 4380 νοῆσαι,
588 4311 619 4382 ἢ
653 4315 943 4382 μετασχεῖν
979 4311 1160 4380 μόνον,
1193 4311 1326 4362 ἁλλά
1360 4311 1533 4362 καὶτὸ
1563 4311 1818 4379 γενέσθαι

245 4403 325 4463 ὡς
370 4405 459 4453 τὸν
513 4403 565 4453 ’Δ
579 4402 706 4470 μνὸν
737 4404 874 4455 κατά
906 4402 1002 4470 τὴν
1046 4404 1323 4468 μόρφωσιν
1353 4402 1410 4451 ἐν
1438 4401 1514 4469 τῷ
1547 4402 1812 4468 μέλλοντι.

1936 2307 2056 2361 dem
2094 2321 2155 2359 ac
2179 2305 2492 2360 dissolutam
2524 2303 2700 2358 reddit
2729 2303 2986 2356 animam.
3022 2303 3390 2354 Removentur
3419 2314 3508 2353 au-

1939 2408 2047 2451 tem
2081 2396 2192 2460 illa,
2225 2409 2534 2464 quanquam
2584 2409 2691 2448 non
2743 2393 2962 2465 omnino
3009 2400 3339 2458 superantur
3377 2400 3503 2444 ante

1938 2489 2145 2542 beatam
2180 2487 2690 2555 impassibilitatem,
2740 2487 2955 2552 quando
3006 2485 3211 2544 anima,
3254 2497 3317 2535 ex
3369 2496 3497 2535 ora-

1937 2581 2084 2634 tione
2107 2588 2396 2634 consecuta
2429 2577 2661 2643 Spiritus
2696 2576 2866 2628 sancti
2904 2575 3182 2633 virtutcm,
3213 2588 3281 2626 ex
3333 2586 3508 2639 eaque

2010 2683 2128 2740 cpta
2189 2671 2430 2738 requiem
2471 2669 2950 2735 fortitudinemque
2981 2677 3036 2720 et
3069 2663 3387 2733 profundant
3423 2677 3507 2731 ναι

1935 2781 2074 2828 cem,
2113 2765 2169 2817 in
2201 2762 2379 2816 cordis
2427 2760 2740 2829 quietudiue
2770 2758 3002 2810 laetatur.
3038 2757 3179 2820 Dux,
3214 2765 3268 2808 et
3297 2753 3508 2822 regina,

1937 2867 1986 2908 et
2020 2855 2257 2915 domina.
2289 2862 2343 2904 et
2404 2862 2575 2904 mater
2625 2851 2958 2918 voluptatum
3013 2848 3100 2900 illa
3159 2845 3396 2908 luxuria,
3452 2856 3508 2898 et

1935 2960 2120 3001 comes
2149 2945 2268 3011 ejus
2316 2943 2551 3012 pigritia,
2586 2943 2672 2994 hic
2699 2950 2780 2994 est
2835 2954 3030 2993 currus
3071 2935 3502 3004 inexpugnabilis

1938 3034 2142 3085 vehens
2170 3031 2470 3085 Pharaonis
2502 3029 2665 3082 duces
2701 3045 2715 3084 :
2753 3043 2848 3096 per
2877 3027 2996 3080 illas
3024 3024 3166 3080 enim
3197 3023 3507 3092 passionum

1861 3148 1904 3207 ρ
1937 3124 2177 3192 impetus
2206 3122 2385 3175 vitam
2423 3129 2665 3174 nostram
2695 3119 3053 3172 miserrimam
3088 3116 3325 3169 irruunt.

2009 3215 2130 3269 Hi.
2165 3215 2357 3268 Trahit
2395 3213 2658 3282 originem
2711 3213 2963 3265 mentalis
3008 3209 3185 3264 oratio
3216 3209 3283 3262 ab
3311 3223 3507 3279 opera-

1937 3307 2081 3361 tione
2109 3322 2202 3360 seu
2237 3306 2438 3358 virtute
2485 3304 2770 3373 purgativa
2815 3300 3073 3370 Spiritus,
3109 3309 3161 3354 et
3206 3315 3234 3352 a
3279 3300 3506 3370 mystico

1934 3399 2130 3450 mentis
2174 3395 2440 3449 sacriﬁcio
2471 3412 2482 3448 :
2510 3395 2650 3448 sicut
2680 3394 3003 3462 principium
3047 3392 3380 3460 quietudiuis
3410 3400 3505 3444 est-

1933 3488 2099 3541 animi
2145 3486 2476 3541 recollectio.
2511 3485 2743 3539 Medium
2785 3494 2964 3536 autem
3001 3483 3147 3537 illius
3192 3469 3274 3536 est
3315 3483 3488 3536 virtus

1931 3575 2282 3628 illuminatira
2314 3585 2366 3626 et
2399 3572 2825 3642 contemplatio;
2861 3571 2987 3624 ﬁnis
3033 3573 3249 3624 demum
3286 3580 3368 3623 est
3398 3585 3490 3622 ex—

1931 3680 2119 3718 cessus
2149 3672 2204 3717 et
2243 3673 2426 3733 raptus
2460 3664 2660 3717 mentis
2689 3663 2757 3715 ad
2792 3663 2980 3715 Deum.

2004 3756 2130 3810 “2.
2160 3754 2511 3824 lntelligibile
2554 3753 2925 3808 sanetuarium
2958 3761 3063 3816 est,
3089 3761 3210 3804 ante
3246 3750 3502 3803 inintclli-

1929 3847 2146 3918 gibilem
2181 3846 2416 3899 futuram
2477 3845 2888 3908 beatitudinem,
2922 3840 3224 3910 spiritualis
3255 3843 3502 3909 Operatio

1930 3939 2149 4002 mentis,
2187 3939 2398 4006 Agnum
2435 3938 2723 4008 mysticum
2753 3937 2806 3989 in
2855 3935 2947 3992 Dei
2991 3933 3195 4004 Spiritu
3237 3948 3399 4002 super
3422 3935 3501 3988 al-

1930 4033 2033 4086 tari
2095 4031 2290 4107 animae
2344 4028 2703 4084 sacriﬁcantis
2761 4034 2816 4080 et
2849 4025 3247 4096 participantis.
3280 4024 3501 4079 Mandu-

1929 4138 2054 4178 care
2081 4131 2259 4176 autem
2293 4135 2489 4189 agnum
2525 4119 2615 4172 Dei
2657 4117 3014 4186 spiritualiter
3045 4118 3095 4168 in
3128 4114 3323 4168 anian
3356 4115 3496 4168 alta-

1929 4216 1996 4278 ri,
2039 4229 2142 4268 non
2185 4223 2268 4268 est
2312 4213 2460 4265 illum
2520 4194 2824 4279 intelligere
2865 4219 2959 4261 aut
3004 4207 3329 4276 participare
3373 4216 3496 4260 tan-

1930 4314 2064 4369 tum,
2105 4305 2196 4358 sed
2241 4303 2290 4357 ei
2334 4302 2568 4356 similem
2609 4300 2775 4355 forma
2812 4299 3016 4352 ﬁeri'in
3052 4298 3233 4353 futuro
3262 4299 3483 4353 smculo.

1929 4398 2062 4452 Nam
2091 4398 2177 4451 hic
2213 4397 2429 4466 quidem
2461 4395 2713 4456 rationes,
2740 4394 2831 4447 sed
2870 4393 2980 4446 illic
3030 4407 3117 4445 res
3167 4393 3316 4462 ipsas
3381 4407 3501 4463 my-

245 4493 390 4562 Toirg
418 4495 515 4561 μὲν
544 4495 651 4562 γὰρ
671 4493 857 4560 λόγους
909 4492 1141 4544 ἐνταῦθα
1167 4534 1178 4557 ,
1211 4494 1279 4544 τά
1299 4492 1354 4544 δὲ
1382 4494 1683 4562 πράγματα
1712 4493 1818 4545 τῶν

1935 4490 2218 4546 steriorum
2246 4502 2344 4542 nos
2365 4487 2794 4555 apprehensuros
2819 4473 3118 4552 speramus.

248 4585 563 4655 μυστηρίων
596 4586 769 4636 ἐκεῖσε
803 4584 1095 4637 ἀπολαϐεῖν
1133 4583 1442 4651 ἐλπίζομεν.

323 4683 446 4743 ριγ’.
483 4677 760 4745 Προσευχή
788 4678 922 4739 ἐστι,
959 4676 1108 4744 παρὰ
1140 4675 1237 4743 μὲν
1267 4677 1376 4735 τοῖς
1407 4675 1707 4744 ἀρχαρίοις,
1741 4674 1815 4736 ὡς

244 4767 364 4836 πῦρ
402 4766 736 4834 εὐφροσύνης
786 4767 893 4818 ἀπὸ
938 4768 1159 4836 καρδίας
1205 4767 1622 4835 ἀναδιδόμενον
1667 4767 1814 4838 παρὰ

242 4859 303 4910 δὲ
335 4859 442 4918 τοῖς
484 4856 744 4922 τελείοις,
791 4857 866 4920 ὡς
902 4857 1016 4924 φῶς
1069 4857 1360 4920 εὐωδιάζον
1400 4857 1811 4927 ὲνεργούμενον.

249 4949 323 5000 Ἦ
378 4947 571 5000 πάλινο
611 4949 888 5018 προσευχὴ
939 4949 1084 5000 ἐστιν
1155 4949 1466 5000 ἀποστόλων
1515 4949 1812 5018 κήρυγμαο

240 5039 482 5100 πίστεως
513 5039 763 5110 ἐνέργεια
784 5026 804 5070 θ’
836 5039 1037 5108 μᾶλλον
1061 5040 1139 5104 δὲ,
1179 5041 1362 5102 πίστις
1398 5039 1600 5110 ἄμεσος
1621 5057 1633 5072 ·
1662 5041 1813 5092 ἐλπι-

217 5131 488 5200 ζομένων
514 5131 809 5208 ὑπόστασις
828 5150 842 5164 ·
875 5133 1238 5204 ἐνεργουμένη
1274 5134 1464 5205 ἀγάπη
1489 5149 1504 5164 ·
1547 5133 1812 5203 ἀγγελικὴ

244 5217 465 5286 κίνησις
489 5230 503 5244 ⁸
537 5213 764 5281 δύναμις
803 5211 1108 5280 ἀσωμάτων
1130 5231 1142 5243 ·
1193 5213 1352 5282 ἔργον
1389 5217 1481 5266 καὶ
1510 5217 1816 5286 εὐφροσύνη

248 5304 433 5359 αὐτῶν
461 5320 502 5380 '_
533 5303 864 5372 Εὑαγγέλιον
927 5303 1100 5372 Θεοῦξ
1157 5303 1499 5371 πληροφορία
1550 5307 1777 5376 καρδίας
1804 5323 1816 5336 ·

253 5397 531 5467 σωτηρίας
567 5396 721 5459 ἐλπίς
742 5411 756 5426 ·
784 5394 1048 5463 ἁγνισμοῦ
1081 5399 1304 5465 σημεῖον
1370 5396 1654 5466 ἁγιότητος
1685 5398 1825 5467 σύμ-

256 5490 446 5543 6ολον·
498 5488 630 5542 Θεοῦ
671 5488 999 5555 ὲπίγνωσις’
1054 5488 1428 5556 βαπτίσματος
1481 5490 1821 5558 φανέρωσιςο

258 5577 486 5648 λουτροῦ
527 5578 825 5647 κάθαρσις’
876 5575 1190 5646 Πνεύματος
1237 5576 1392 5644 ἁγίου
1434 5578 1730 5648 ἀρραϐών·
1770 5579 1830 5631 τὸ

263 5670 356 5722 τοῦ
431 5669 599 5739 Ἰησοῦ
653 5669 1005 5739 ἀγαλλίαμα·
1061 5669 1369 5738 εὐφροσύνη
1419 5669 1626 5739 ψυχῆς·
1684 5670 1832 5733 ἕλεος

263 5757 438 5810 Θεοῦ·
469 5757 810 5824 καταλλαγῆς
838 5761 1060 5826 σημεῖον
1083 5775 1094 5788 ·
1122 5757 1354 5827 Χριστοῦ
1386 5760 1644 5828 σφραγίς·
1677 5762 1831 5824 ἀκτὶς

2003 4662 2134 4715 115.
2167 4659 2352 4716 Oratio
2389 4673 2488 4716 .est
2532 4662 2916 4731 incipientibus
2939 4664 3081 4715 velut
3118 4661 3256 4730 ignis
3301 4661 3500 4716 laetitia)

1927 4753 1997 4808 de,
2028 4753 2190 4806 corde
2222 4754 2483 4814 emicans,
2515 4741 2767 4819 perfectis
2794 4767 2920 4804 vero
2957 4751 3108 4819 quasi
3137 4751 3228 4803 lux
3259 4765 3484 4805 suavem

1928 4845 2166 4899 fundens
2196 4847 2443 4898 odorem.
2480 4843 2571 4897 Vel
2610 4845 2788 4898 adhuc
2811 4845 2990 4896 oratio
3008 4852 3089 4896 est
3121 4842 3500 4909 Apostolorum

1929 4936 2258 5004 praedicatio,
2295 4935 2418 4988 tidei
2463 4936 2854 5005 operatio,"‘s‘cu
2885 4935 3065 5003 potius
3132 4932 3266 4987 ﬁdes
3307 4934 3500 4987 immeo

1930 5026 2096 5085 diata.
2127 5024 2516 5092 sperandarum
2549 5025 2856 5092 substantia
2887 5037 3093 5088 rerum,
3131 5023 3374 5076 charitas
3395 5019 3501 5075 for-

1931 5127 2097 5183 mata,
2125 5126 2301 5172 motus
2345 5117 2649 5185 angelicus,
2684 5113 3102 5184 incorporalium
3142 5113 3335 5178 virtus,
3364 5127 3500 5181 Opus

1930 5219 1986 5260 et
2033 5209 2312 5276 gaudium,
2339 5207 2696 5286 livangelidm
2747 5207 2863 5272 Dei,
2906 5207 3100 5260 ﬁducia
3135 5208 3334 5270 cordis,
3367 5221 3496 5275 spes

1877 5335 1880 5340 -
1930 5301 2142 5366 salutis,
2200 5300 2454 5369 puritatis
2509 5290 2742 5368 sig'num,
2799 5299 3104 5368 symbolum
3164 5297 3497 5365 sanctitatis,

1929 5391 2023 5446 Dei
2056 5391 2319 5460 cognitio,
2349 5392 2631 5444 character
2657 5389 3017 5459 baptismatis,
3044 5388 3316 5442 lavacrum
3342 5404 3467 5441 mnu

1931 5485 2100 5549 dans;
2151 5483 2344 5553 pignus
2391 5481 2626 5552 Spiritus
2689 5482 2887 5546 sancti,
2937 5480 3141 5536 Christi
3170 5481 3494 5548 exsultatio,

1932 5577 2112 5632 laetitia
2136 5579 2350 5641 animae,
2378 5578 2468 5631 Dei
2501 5576 2892 5641 misericordia,
2923 5576 3135 5643 signum
3169 5573 3494 5628 reconcilia-

1933 5671 2117 5738 tionis,
2152 5670 2386 5738 sigillum
2428 5669 2652 5734 Christi,
2683 5671 2862 5723 radius
2895 5670 3024 5723 solis
3056 5667 3380 5736 spiritualis,
3407 5667 3493 5719 luo

1932 5761 2066 5816 citur
2121 5761 2387 5828 cordium,
2446 5759 2854 5815 fundamentum
2912 5757 3329 5820 Cliristianismi.
3399 5756 3492 5812 Dei
