4108 6330
216 454 238 520 Ῑ
252 453 358 518 2’27

214 584 353 638 νέας,
408 578 438 643 ή
487 573 754 639 κουφότης
779 584 793 600 ⁸
826 571 921 641 τῆς
950 567 1008 621 δὲ
1032 565 1334 636 προκοπῆς,
1371 565 1397 614 6
1427 560 1615 629 φθόνος
1641 574 1652 588 ο
1678 557 1771 623 τῆς
1804 564 1847 616 Α
1879 553 1999 614 dia',

212 670 266 715 δὲ
295 664 647 729 παιδευτικῆς
678 658 1149 728 παραχωρήσεως,
1183 657 1215 722 ἡ
1243 654 1555 721 ἐφαμαρτος
1601 647 1769 716 βιοτή.

213 757 323 806 Καὶ
357 756 388 820 ἡ
424 753 520 820 μὲν
571 753 633 801 ἐκ
664 748 881 815 φθόνου,
939 746 1033 797 καὶ
1058 745 1285 814 οἰήσεως
1342 742 1526 809 μόνης,
1556 739 1775 805 ταχεῖαν

212 848 326 911 ἔχει
352 846 447 911 τὴν
480 844 642 897 ἴασιν.
674 840 802 891 ὅταν
831 837 1063 907 μάλιστα
1089 837 1180 886 καὶ
1206 831 1543 901 ταπεινωθῃι
1566 830 1598 895 ἡ
1632 828 1685 879 δὲ
1716 828 1777 876 ὲκ

212 933 462 993 παιδείας
491 933 558 983 δι’
589 930 862 999 ἁμαρτίαν
896 926 971 995 τῷ
1002 926 1216 991 Σατανᾷ
1260 923 1489 983 ἕκδοσις,
1522 920 1779 977 πολλάκις

214 1025 379 1089 μέχρι
402 1022 631 1073 θανάτου
670 1018 805 1086 πρὸς
836 1017 1030 1084 ἄφεσιν
1068 1014 1096 1065 6
1122 1012 1256 1074 Θεὸς
1308 1010 1625 1077 παραχωρεῖ
1650 1006 1779 1057 ταύ-

210 1130 334 1175 την.
369 1112 521 1160 Ἐστι
551 1108 594 1159 δ’
626 1109 713 1158 ὅτε
761 1105 857 1160 καὶ
900 1102 1229 1163 ἀνευθύνους
1264 1100 1603 1163 κολάζεσθαι,
1646 1098 1779 1163 πρὸς

212 1199 490 1262 σιειτηρίαν
529 1195 796 1246 ἐκδίδωσι.
838 1192 959 1262 Χρὴ
990 1192 1043 1243 δὲ
1078 1189 1295 1251 εἰδέναι,
1335 1188 1415 1239 ὅτι
1451 1188 1545 1238 καὶ
1574 1184 1731 1244 αὐτὸς
1754 1184 1781 1233 6

190 1289 316 1352 ,τῆς
344 1288 568 1353 οἰήσεως
592 1284 801 1353 δαίμων
826 1281 1082 1350 προλέγει
1110 1282 1166 1331 ὲν
1204 1280 1316 1340 τοῖς
1345 1276 1418 1346 μὴ
1449 1275 1686 1345 ἀκριϐῶς
1716 1276 1781 1343 τῇ

213 1398 286 1429 κα
298 1380 414 1445 ρδιᾳ
449 1377 830 1443 προσέχουσιν.

295 1442 425 1533 ρλγδ.
462 1442 648 1532 Ἰγερείς
686 1465 779 1515 καὶ
812 1462 1048 1530 βασιλεῖς
1102 1462 1167 1527 τῇ
1200 1442 1427 1525 ἀληθεία
1459 1454 1700 1523 χρίονται
1729 1453 1784 1503 ἐν

211 1562 283 1625 τῇ
316 1555 654 1608 ἀνακαινίσει
686 1554 884 1613 πάντες
922 1550 969 1602 οί
1016 1549 1278 1609 εύσεϐεἰς,
1312 1545 1499 1611 ὥσπερ
1530 1543 1667 1593 κατά
1697 1541 1787 1591 τὸν

214 1650 395 1699 τύπον
442 1647 563 1697 τότε
597 1643 690 1695 καὶ
719 1645 767 1695 οί
794 1640 1036 1694 παλαιοί.
1096 1638 1266 1689 Τύποι
1295 1635 1401 1703 γὰρ
1430 1630 1568 1701 ἦσαν
1595 1632 1789 1683 ἐκεῖνοι

215 1744 291 1807 τῇ
327 1726 822 1807 ἡμετέρανὰληθεία
850 1748 863 1761 ’
899 1731 998 1782 οῦκ
1030 1732 1092 1781 ὲκ
1123 1729 1339 1796 μέρους,
1368 1723 1482 1776 ἀλλ’
1507 1723 1611 1775 ὅλοι
1638 1721 1791 1782 ὅλους

218 1829 375 1896 ἡμᾶς
426 1824 836 1891 ἐτεκμαίροντο.
871 1818 1007 1873 Οῦτε
1048 1819 1153 1887 γὰρ
1187 1816 1303 1868 κατ’
1344 1813 1583 1873 ἐκείνους
1611 1810 1791 1879 ὁμοιό-

906 428 937 454 ‘
1242 444 1506 503 C.\Pl’l‘.\
1555 443 1700 501 PER
1744 430 2402 497 ACROSTICIIIDEM.

3318 413 3461 472 1‘."J.3

2052 552 2261 603 dit-mon
2302 537 2613 614 progressui
2650 532 2942 588 annulatis:
2986 528 3211 597 puritatis
3248 525 3449 576 dereli-

1874 640 2089 705 ctionis,
2124 639 2231 691 vita
2277 632 2672 701 peccatninosa.
2710 626 2811 688 Qui
2856 632 2995 673 t-rrat
3036 636 3100 672 cx
3150 617 3353 669 invnlia
3402 625 3454 664 ct

1875 734 2125 799 superbia
2168 737 2397 789 tantum,
2435 732 2680 791 prompto
2756 726 2983 770 santtur
3019 709 3349 773 reiucdio,-p
3381 720 3453 756 ti:-

1874 823 2062 877 scrtitn
2100 822 2142 875 si
2191 818 2545 878 Innuilictur;
2594 811 2684 879 qui
2728 824 2854 860 vero
2893 806 2943 856 in
2990 816 3202 869 puniant
3248 796 3455 864 pecrati

1888 914 2102 966 Salaria:
2133 911 2361 964 traditus
2406 917 2507 968 cst,
2549 917 2688 970 saepe
2724 900 2872 952 illum
2906 910 3075 962 usque
3115 892 3180 943 ad
3227 900 3455 941 mortem

1877 1004 2077 1059 deserit
2135 1002 2273 1053 Deus
2334 1014 2396 1049 ac
2428 994 2775 1059 derelinquit.
2814 988 3118 1056 Aliquando
3158 995 3335 1035 tamen
3372 982 3454 1031 \‘cl

1876 1097 2049 1166 justos
2080 1109 2249 1162 pugnat
2309 1074 2472 1142 tradit
2502 1086 2570 1140 ad
2604 1084 2854 1139 salutem.
2889 1079 3183 1133 Sciendum
3217 1086 3346 1128 vero
3373 1081 3459 1126 est

1882 1188 1948 1240 ab
1972 1187 2087 1253 ipso
2112 1182 2374 1249 superbiae
2398 1177 2665 1232 daemonio
2706 1169 3073 1241 praeoccupari
3105 1181 3199 1221 eos
3226 1168 3457 1233 qui'nou

1883 1277 2170 1344 diligenter
2199 1272 2347 1327 cordi
2399 1284 2497 1323 suo
2542 1267 2850 1336 invigilant.

1964 1457 2079 1511 155.
2106 1453 2429 1509 Sacerdotes
2454 1462 2507 1504 et
2533 1465 2684 1517 rcges
2713 1448 2885 1514 rcipsa
2912 1455 3192 1513 unguntur
3218 1442 3270 1495 in
3298 1456 3460 1497 renox-

1889 1552 2100 1604 vatione
2130 1560 2319 1601 oumes
2363 1543 2458 1611 pii,
2492 1544 2627 1595 sicut
2670 1541 2798 1591 olim
2847 1538 3075 1607 ﬁgurate
3114 1534 3459 1602 nngebautur

1892 1651 2119 1693 veteres.
2146 1636 2221 1689 lbi
2244 1633 2387 1688 enim
2421 1630 2838 1701 praeligtirabant
2876 1610 3119 1680 nostram
3148 1624 3460 1685 veritatem,

1890 1739 1942 1781 ct
1975 1742 2080 1779 non
2114 1739 2178 1777 ex
2207 1731 2379 1793 parte,
2413 1720 2504 1774 sed
2534 1729 2682 1772 totos
2709 1719 2800 1768 toti
2831 1731 2927 1768 nos
2951 1713 3462 1785 prmiiionstrabam,

1894 1819 2077 1887 Neque
2106 1816 2249 1869 enim
2286 1811 2699 1880 congruentiam
2736 1817 2943 1861 tantum
2972 1814 3023 1858 et
3053 1805 3461 1858 similitudinem

217 1881 426 1989 τροπος
454 1881 833 1983 καῖ’όμοειδὴς
862 1913 895 1981 ἡ
924 1881 1172 1980 ἡμετέρα
1213 1905 1480 1977 βασιλεία,
1520 1904 1611 1955 καὶ
1650 1903 1793 1971 lapat-

1898 1925 2011 1964 cmn
2062 1907 2143 1961 eis
2189 1906 2388 1957 habent
2420 1912 2665 1956 nostrum
2716 1912 2935 1966 regnum
2987 1906 3039 1949 et
3075 1895 3459 1953 sacerdotium,

220 2012 370 2069 τεὶα.
400 2007 503 2060 κᾶν
530 2003 775 2073 σύμϐολα
804 2002 871 2053 τά
907 2001 1043 2052 αύτά
1071 2014 1082 2027 ·
1126 1996 1246 2048 οῦτε
1282 1995 1403 2048 καθ’
1450 1993 1594 2062 ἡμᾶς
1632 1992 1797 2059 διορι-

224 2100 368 2165 σδιὸν
396 2097 506 2165 ἔχει
539 2098 570 2164 ή
607 2094 789 2160 φύσις,
812 2092 843 2158 ἢ
869 2093 900 2159 ή
939 2090 1114 2159 χάρις,
1140 2089 1231 2139 καὶ
1266 2088 1297 2155 ἡ
1326 2084 1515 2153 κλῆσις
1545 2081 1677 2150 πρὸς
1699 2079 1795 2149 τὴν

221 2190 429 2256 χρίσιν,
454 2186 543 2238 τοῦ
579 2180 717 2235 εῖναι
750 2184 814 2234 τὰ
846 2180 1140 2250 χρισθέντα
1187 2177 1451 2245 διάφορα*
1489 2172 1624 2225 ἀλλά
1672 2170 1796 2239 μίαν

220 2278 325 2330 καὶ
351 2277 448 2345 τὴν
470 2273 637 2341 αὐτὴν
662 2272 876 2339 κλῆσιν,
914 2270 1006 2321 καὶ
1030 2269 1231 2324 πίστιν,
1262 2267 1353 2317 καὶ
1381 2264 1659 2333 μόρφωσιν
1684 2260 1798 2327 ἕχο-

226 2384 355 2436 μεν.
389 2365 545 2434 Δηλοῖ
573 2365 627 2416 δὲ
660 2363 753 2414 καὶ
783 2360 1058 2429 ἐμφαίνει,
1116 2356 1256 2410 κατὰ
1284 2356 1379 2406 τὸν
1408 2354 1508 2419 τῆς
1544 2351 1798 2420 ἀληθείας

222 2458 411 2524 λόγον,
446 2455 504 2506 τὸ
532 2452 775 2523 καθαρὸν
811 2452 905 2503 καὶ
939 2449 1169 2510 ἀπαθὲς,
1202 2447 1297 2500 καὶ
1337 2447 1455 2497 ὅλον
1490 2443 1800 2512 ἀφιερωμέ-

224 2566 344 2611 νον,
367 2546 485 2614 Θεῷ
509 2543 763 2613 γενέσθαι
792 2542 885 2593 νῦν
915 2558 972 2592 τε
1008 2541 1099 2591 καὶ
1122 2541 1177 2589 ὲν
1209 2537 1285 2601 τῷ
1314 2536 1582 2601 μέλλοντι.

308 2637 435 2705 ρλδ’.
478 2634 675 2703 Σοφίαν
700 2631 999 2698 τηνικαῦτα
1030 2632 1235 2689 ἐκεῖνος
1266 2626 1342 2696 τῷ
1375 2625 1600 2692 στόματι
1626 2624 1797 2689 λαλεῖ,

226 2727 330 2779 καὶ
372 2727 438 2793 τῇ
487 2724 584 2792 τῆς
616 2721 843 2790 καρδίας
883 2720 1079 2790 μελέτῃ
1112 2717 1346 2779 σύνεσιν,
1383 2718 1409 2767 6
1442 2713 1574 2765 Θεὸν
1607 2713 1797 2779 Λόγον,

227 2820 333 2883 τὴν
360 2815 454 2868 τοῦ
481 2814 614 2869 Θεοῦ
636 2816 727 2865 καὶ
765 2812 975 2880 Πατρὸς
1013 2810 1375 2861 ὲνυπόστατον
1425 2807 1634 2873 σοφίαν,
1666 2821 1798 2873 τρα-

227 2910 338 2968 νῶς
375 2909 437 2959 ὲκ
484 2905 592 2959 τῶν
642 2906 811 2957 ὄντων
851 2903 1149 2972 ἐμφαίνων,
1204 2900 1277 2962 ὡς
1308 2902 1432 2959 τοὺς
1475 2898 1663 2963 λόγους
1689 2897 1797 2949 τῶν

222 2994 556 3064 ἀρχετύπων
588 2996 644 3045 ἐν
672 2996 781 3052 τοῖς
808 2989 958 3043 οὖσιν
986 2991 1121 3058 ἔχων
1154 2989 1674 3058 χαρακτηρίςοντας,
1705 2987 1799 3040 καὶ

222 3087 323 3140 διὰ
371 3086 464 3136 τοῦ
509 3084 628 3136 κατ’
687 3084 967 3151 ἐνέργειαν
1009 3082 1206 3144 ζώντος
1237 3080 1419 3147 λόγου,
1469 3078 1545 3146 τῷ
1573 3078 1801 3140 στόματι

228 3176 388 3227 λαλεῖ
428 3174 617 3242 σοφίαν
646 3174 708 3223 ὲκ
735 3172 923 3238 σοφίας
943 3187 956 3199 ·
984 3174 1047 3240 τῇ
1080 3171 1133 3222 δὲ
1170 3170 1364 3238 καρδίᾳ
1397 3168 1803 3235 ἐλλαμπόμενος

232 3269 304 3332 τῇ
337 3264 560 3332 δυνάμει
587 3264 681 3331 τῆς
714 3260 1146 3331 μεταποιητικῆς
1194 3260 1461 3320 συνέσεως
1503 3258 1805 3325 μελετωμέ-

232 3371 336 3420 νης
363 3352 441 3422 τῷ
467 3353 759 3421 πνεύματι,
812 3353 983 3403 ποιεῖν
1032 3352 1123 3403 καὶ
1162 3349 1417 3417 φωτίζειν
1475 3346 1695 3399 δύναται
1720 3347 1829 3400 διὰ·

230 3446 334 3512 τῆς
367 3443 657 3506 συνέσεως,
689 3443 815 3501 τοὺς
846 3441 1049 3502 πιστῶς
1073 3439 1385 3500 ἀκούοντας.

313 3530 439 3604 ρλε’.
480 3533 542 3584 Ἠ
571 3532 783 3599 μεγάλη
810 3531 909 3599 τῆς
930 3530 1184 3598 ἀληθείας
1210 3528 1521 3590 ἀντίπαλος,
1549 3526 1643 3580 καὶ
1673 3527 1807 3599 πρὸς

232 3623 516 3677 ἀπώλειαν
558 3624 681 3683 τοὺς
714 3622 1032 3689 ἀνθρώπους
1056 3623 1311 3673 κὲλκουσα
1362 3620 1537 3689 πλάνη
1572 3621 1807 3689 σήμερον

233 3712 339 3783 (δι’
366 3706 432 3783 ἧς
466 3714 498 3781 ὴ
530 3713 719 3774 ἄγνοια
770 3710 859 3772 τοῦ
894 3712 1117 3771 σκότους
1176 3711 1233 3761 ὲν
1289 3713 1408 3770 ταῖς
1460 3710 1656 3778 ψυχαῖς
1699 3710 1806 3761 τῶν

234 3803 500 3874 ῥᾳθύμων
522 3802 892 3865 ἐϐασίλευσεν;
913 3804 974 3853 ὲκ
998 3801 1135 3859 Θεοῦ
1160 3800 1566 3869 ἀλλοτριώσασα
1591 3798 1805 3861 αὐτούς’

232 3896 290 3947 οἳ
312 3895 405 3946 καὶ
435 3895 509 3956 ὡς
541 3894 615 3963 μή
646 3888 784 3945 εἶναι
815 3894 947 3945 Θεὸν
978 3892 1361 3960 γινώσκοντες,
1389 3889 1481 3941 τὸν
1509 3892 1653 3959 ἡμᾶς
1682 3890 1809 3941 ἀνα-

232 3986 578 4054 γεννήσαντα
628 3985 721 4039 καὶ
769 3984 1101 4053 φωτίσαντα,
1132 3983 1165 4052 ἢ
1206 3982 1349 4050 λόγῳ
1381 3981 1525 4050 μόνῳ
1545 3978 1686 4049 ψιλῷ
1718 3996 1808 4031 πι-

234 4074 567 4143 στευόμενον
590 4074 685 4126 καὶ
710 4073 1133 4141 γινωσκόμενον,
1160 4072 1255 4125 καὶ
1296 4072 1396 4124 οὐκ
1429 4070 1596 4139 ἔργῳ,
1628 4070 1660 4140 ἢ
1698 4070 1811 4132 τοῖς

232 4162 487 4232 ἀρχαίοις
503 4162 681 4232 μόνοις
702 4163 1137 4232 ἐπιφαινόμενον,
1162 4162 1254 4214 καὶ
1270 4162 1388 4229 οὐχὶ
1410 4162 1501 4212 καὶ
1530 4162 1682 4227 ἡμῖν,
1708 4159 1809 4222 τὰς

236 4253 522 4321 Γραφικάς
555 4254 681 4323 περὶ
718 4252 852 4305 Θεοῦ
886 4252 1191 4324 μαρτυρίας
1244 4251 1443 4315 ἄλλοις,
1480 4249 1512 4319 ἢ
1544 4249 1639 4303 καὶ
1699 4250 1810 4312 τοῖς

231 4343 485 4412 εἰρηκόσι
503 4344 899 4411 προσάπτουσι,
924 4343 1018 4399 καὶ
1049 4342 1226 4408 δόξαν,
1259 4341 1332 4405 ὥς
1357 4358 1487 4410 φησι
1508 4341 1633 4409 περὶ
1649 4338 1805 4404 Θεοῦ,

235 4436 641 4504 βλασφημοῦσι,
674 4436 774 4506 τήν
818 4436 874 4489 δὲ
915 4438 1259 4503 ἐπιγνώσεως
1310 4437 1477 4496 ὅντως
1529 4432 1809 4487 εὐσέϐειαν

1887 2015 2005 2069 Quae
2029 1998 2215 2052 iisdem
2245 1996 2413 2063 signis
2432 1992 2862 2061 portenduntur;
2892 2004 3068 2056 neque
3092 1988 3463 2040 diversitatem

1891 2091 2089 2145 habent
2118 2088 2257 2156 apud
2290 2100 2389 2139 nos
2420 2093 2632 2145 natura,
2664 2093 2757 2135 aut
2789 2081 2983 2147 gratia,
3017 2090 3109 2132 aut
3138 2078 3352 2130 vocatiu
3401 2078 3465 2127 ad

1890 2182 2221 2245 unctionem,
2254 2185 2311 2231 ut
2345 2184 2503 2229 uncta
2532 2176 2645 2228 sint
2678 2172 3075 2240 disCI-epatttia,
3099 2170 3194 2223 sed
3226 2185 3386 2220 unam
3417 2176 3471 2220 et

1890 2273 2138 2329 eamdem
2167 2269 2505 2325 vocationem
2538 2266 2803 2330 iidemque
2828 2280 2889 2316 ac
2919 2263 3151 2315 fortnam
3181 2262 3466 2311 habemus.

1891 2363 2139 2419 Ostendit
2170 2369 2348 2414 autem
2382 2373 2445 2412 ac
2481 2358 2835 2417 demonstrat,
2880 2352 3032 2420 juxta
3068 2348 3317 2403 veritatis
3351 2362 3473 2401 vcr-

1893 2460 2039 2520 bum,
2080 2454 2285 2522 puritas
2329 2447 2845 2518 impassibililasque
2868 2455 2921 2496 ct
2950 2442 3156 2511 quaevis
3204 2441 3471 2496 sanctitas

1894 2548 2147 2599 unionem
2180 2557 2300 2595 cum
2337 2540 2447 2595 Deo
2478 2548 2801 2607 prassentctn
2838 2545 2890 2588 et.
2923 2534 3184 2588 futuram.

1960 2636 2089 2703 155.
2128 2632 2221 2687 ille
2263 2631 2376 2699 jam
2431 2644 2577 2682 nunc
2623 2643 2720 2680 ore
2769 2626 3008 2694 loquitur
3050 2624 3369 2693 sapientiam
3419 2631 3473 2674 et

1897 2727 2077 2782 cordis
2108 2722 2460 2779 meditatione
2483 2722 2849 2787 pru‘dentitutt,
2874 2718 2964 2786 qui
3002 2717 3167 2769 Dt‘lltli
3201 2715 3464 2778 Vctbum,

1897 2812 2434 2873 substantialem‘Dei
2464 2812 2640 2866 Patris
2668 2812 3015 2878 Sapientiam,
3043 2810 3188 2861 clare
3215 2825 3276 2860 cx
3311 2808 3474 2881 rebus

1896 2909 2166 2972 ostendit;
2214 2906 2308 2975 qui
2361 2906 2576 2958 ratione
2622 2902 3047 2970 archetyporum
3084 2904 3135 2953 in
3190 2900 3354 2953 rebus
3400 2902 3476 2951 vi-

1898 3000 2032 3054 dens
2079 3010 2392 3066 expressas,
2429 3010 2495 3049 ex
2548 2995 2782 3049 viventis
2833 3009 2928 3062 per
2977 2994 3348 3061 Operationctn
3394 3005 3477 3042 ra-

1901 3091 2063 3146 tionis
2096 3088 2359 3157 sapientia
2402 3084 2725 3157 sapientiam
2768 3101 2862 3139 ore
2909 3085 3173 3152 loquitur,
3210 3093 3266 3137 et
3311 3082 3475 3135 corde

1902 3180 2236 3233 illuminatus
2269 3190 2434 3247 atque
2472 3172 2889 3233 transformatus
2920 3192 3014 3244 per
3048 3175 3301 3227 virtutem
3332 3188 3468 3241 prn-

1900 3272 2094 3325 dentiae
2136 3269 2443 3336 spiritualia
2477 3268 2806 3327 meditantis,
2841 3264 3019 3318 facere
3066 3274 3121 3317 et
3158 3264 3470 3317 illuminare

1899 3370 2076 3431 potest
2102 3374 2195 3429 per
2234 3361 2373 3414 hanc
2403 3360 2745 3428 prudentiam
2774 3358 2959 3411 ﬁdeles
2996 3357 3292 3409 auditores.

1974 3535 2077 3589 155
2135 3532 2455 3593 Labefactat
2486 3532 2711 3587 multmn
2744 3534 3026 3585 veritatem
3059 3542 3113 3587 et
3143 3518 3390 3589 homines
3413 3536 3480 3591 ad

1854 3654 1863 3661 ι
1902 3626 2192 3694 perniciem
2228 3638 2374 3676 nunc
2437 3623 2598 3675 trahit
2650 3637 2823 3686 error,
2861 3639 2953 3690 per
2980 3638 3139 3690 quem
3178 3624 3479 3692 ignorantia

1902 3716 2197 3783 caliginosa
2243 3716 2292 3765 iu
2326 3712 2519 3766 animis
2556 3712 2873 3779 ignavorum
2922 3720 3129 3779 regnat,
3163 3728 3192 3765 a
3231 3713 3342 3768 Deo
3385 3729 3481 3769 eos

1903 3808 2245 3861 ahalienans:
2276 3807 2368 3872 qni
2401 3803 2640 3873 quidem,
2679 3815 2931 3870 tanquam
2965 3807 3271 3858 nescientes
3302 3808 3480 3860 exsis-

1906 3910 2014 3951 tere
2044 3897 2209 3967 Deum
2246 3898 2337 3965 qui
2371 3897 2518 3965 ipsos
2535 3896 2817 3949 creavit‘et
2846 3895 3192 3961 illuminavit,
3230 3909 3323 3949 aut
3356 3912 3479 3951 eum

1904 3991 2149 4043 dicentes
2172 4004 2320 4042 mera
2349 3997 2558 4041 tantum
2585 3988 2817 4053 ratione,
2843 3994 2900 4040 at
2920 3978 3311 4056 non'Operibus
3332 3986 3480 4043 c'rcdi

1906 4093 2066 4149 atque
2104 4082 2378 4149 cognosci,
2434 4088 2527 4133 aut
2569 4083 2844 4135 veteribus
2887 4088 3122 4145 tantum,
3157 4082 3298 4133 haud
3358 4096 3483 4135 vero

1907 4173 2066 4226 nobis
2113 4171 2515 4224 manifestatum
2566 4186 2709 4233 esse,
2747 4172 3039 4240 Scriptum
3072 4171 3140 4225 de
3174 4172 3283 4224 Deo
3329 4173 3479 4225 lusu--

1908 4264 2087 4316 monia
2120 4262 2239 4315 aliis
2270 4263 2589 4317 auctoribus
2636 4263 2967 4328 attribuunt,
3002 4278 3063 4316 ac
3101 4264 3327 4333 gloriam
3362 4264 3480 4330 Diri,

1910 4369 1965 4407 ιιι
1996 4357 2066 4408 ita
2097 4357 2293 4417 dicam,
2329 4356 2725 4423 lilasplietnant,
2772 4366 2933 4423 atque
2966 4369 3150 4410 veram
3195 4355 3479 4409 scientiam

1913 4457 2275 4515 pietatemque
2308 4457 2619 4510 renuentes,
2646 4446 3003 4515 corporaliter
3026 4454 3261 4511 tantum,
3288 4458 3341 4499 ut
3370 4465 3477 4500 nm.

224 4537 670 4607 ἀπαρνούμενοι,
707 4537 802 4591 καὶ
839 4539 1163 4608 σωματικῶς
1200 4538 1378 4607 μόνον,
1411 4536 1498 4589 ἵνα
1534 4537 1612 4607 μὴ
1670 4538 1800 4590 εἴπω

1913 4539 2087 4591 uicani
2112 4538 2349 4606 judaice,
2378 4536 2693 4606 Scripturas
2726 4539 2931 4606 legunt,
2958 4548 3007 4591 et
3042 4548 3361 4605 prtcsentem
3398 4556 3464 4592 re

224 4624 569 4691 ”1ουδαῖκῶς,
602 4628 697 4690 τὰς
725 4629 945 4698 Γραφάς
976 4628 1431 4695 ἀναγινώσκουσι,
1461 4626 1562 4697 τὴν
1594 4629 1683 4683 διὰ
1708 4630 1807 4698 τῆς

229 4719 580 4780 ἀναστάσεως
610 4718 708 4787 τῆς
738 4717 915 4787 ψυχῆς
941 4717 1189 4770 ἐντεῦθεν
1219 4717 1436 4786 ἔγερσιν
1456 4717 1806 4786 ἀπαρνούμε-

232 4828 336 4867 νοι,
373 4809 467 4859 καὶ
498 4809 771 4860 κατοικεῖν
804 4808 862 4858 ὲν
888 4807 1075 4872 τάφοις
1116 4806 1410 4873 ἀγνώστοις
1438 4806 1805 4875 ὲπιποθοῦσι)·

232 4894 304 4945 τὰ
337 4893 462 4961 τρία
494 4892 667 4945 ταῦτα
694 4893 841 4961 πάθη
877 4893 1213 4962 ὑπάρχουσιν
1235 4910 1246 4923 ·
1272 4894 1520 4957 ἀπιστία,
1554 4895 1808 4963 πονηρία,

238 4986 335 5037 καὶ
388 4980 649 5053 ῥᾳθυμία.
699 4984 968 5052 Ἀλλήλων
1015 4983 1069 5034 δέ
1099 4986 1203 5035 είσι
1234 4985 1528 5051 γεννητικά
1571 4985 1664 5037 καὶ
1698 5002 1813 5036 συν-

238 5075 437 5128 εκτικά
459 5092 471 5103 ·
500 5075 728 5127 ἀπιστία
751 5077 880 5145 γὰρ,
914 5075 1180 5145 πονηρίας
1202 5075 1517 5139 διδάσκαλος
1536 5092 1547 5103 ·
1580 5079 1815 5147 πονηρία

238 5168 320 5229 δὲ,
364 5165 659 5235 σύντροφος
693 5166 985 5236 ῥᾳθυμίας,
1027 5161 1094 5236 ἦς
1124 5168 1155 5235 ή
1181 5167 1409 5238 ὀκνηρία
1441 5167 1707 5237 σύμϐολον
1735 5185 1747 5199 ’
1779 5169 1811 5237 ἢ

240 5260 303 5308 τὸ
324 5257 611 5318 ἀνάπαλιν,
644 5258 907 5327 ῥᾳθυμία,
934 5259 1199 5327 πονηρίας
1222 5260 1533 5329 γεννήτρια,
1562 5260 1634 5320 ὡς
1654 5262 1681 5312 6
1709 5260 1815 5311 Κύ-

246 5366 364 5419 ριος
390 5349 620 5419 ἔφησεν·
660 5368 678 5400 ι
716 5351 925 5418 Πονηρὲ
969 5350 1122 5402 δοῦλε
1154 5352 1246 5402 καὶ
1274 5350 1493 5420 ὀκνηρέ.
1526 5370 1542 5401 ι
1581 5353 1817 5421 Πονηρία

241 5440 325 5504 δὲ,
367 5442 547 5509 μήτηρ
590 5440 880 5503 ἀπιστίας·
932 5442 1039 5502 πᾶς
1089 5440 1197 5509 γὰρ
1233 5442 1487 5510 πονηρὸς,
1516 5442 1763 5507 ἄπιστος,
1792 5446 1819 5496 6

245 5530 304 5580 δὲ
330 5529 405 5597 μὴ
441 5531 733 5592 πιστεύων,
768 5532 861 5583 καὶ
892 5530 1091 5597 ἄφοϐος
1125 5530 1264 5599 Θεῷ.
1309 5531 1396 5596 Ἐξ
1429 5526 1495 5600 ἧς
1520 5532 1551 5600 ἠ
1577 5532 1818 5602 ῥᾳθυμία

248 5620 531 5686 γεννᾶται,
567 5621 598 5687 ἡ
631 5620 813 5689 μήτηρ
860 5621 958 5689 τῆς
992 5622 1475 5690 καταφρονήσεως,
1506 5622 1570 5674 δι’
1594 5618 1661 5693 ἦς
1714 5627 1819 5676 πᾶν

248 5709 455 5771 ἀγαθὸν
475 5711 781 5779 ἀμελεῖται,
814 5714 907 5765 καὶ
929 5714 1037 5764 πᾶν
1073 5714 1240 5765 κακὸν
1270 5713 1686 5781 διαπράττεται.

324 5800 469 5874 ρλς’.
522 5802 657 5868 Δόξα
698 5806 823 5873 περὶ
878 5804 1011 5857 Θεοῦ
1068 5805 1289 5875 ἀληθής,
1336 5807 1426 5859 καὶ
1476 5807 1674 5873 γνῶσις
1709 5808 1819 5862 τῶν

1914 4632 2225 4685 vivisccntis
2256 4632 2448 4684 anima:
2486 4643 2745 4696 negantes
2787 4633 3269 4697 resurrectionem,
3309 4634 3361 4686 in
3399 4650 3484 4687 se~

1915 4721 2116 4790 pulcris
2163 4723 2375 4790 inglorii
2422 4722 2673 4774 habitare
2716 4723 2965 4791 cupiunt.
3004 4722 3255 4776 Errorem
3298 4726 3484 4779 subsc-

1913 4821 2158 4879 quuutur
2204 4813 2304 4863 tria
2354 4812 2464 4864 iure
2508 4810 2638 4863 vitia
2753 4812 3128 4878 incredulitas,
3181 4816 3381 4867 malitia
3433 4828 3485 4871 ct

1914 4903 2148 4971 ignavia.
2184 4901 2309 4956 Haec
2338 4917 2397 4955 se
2430 4902 2658 4956 invicem
2691 4915 2960 4971 generant
3002 4914 3055 4958 et
3094 4918 3422 4961 conservant
3468 4925 3484 4966 :

1915 4994 2262 5048 incredulitas
2290 4994 2433 5045 enini
2460 5004 2541 5047 est
2567 4994 2785 5047 malitia:
2804 4994 3069 5063 ,magistra
3099 5014 3113 5060 ;
3150 4997 3358 5052 malitia
3391 5013 3489 5051 an-

1918 5099 2023 5141 tetu
2053 5102 2237 5141 cantes
2270 5088 2519 5155 iguaviaa,
2557 5088 2711 5153 eujus
2747 5087 2961 5155 signum
3003 5098 3087 5143 est
3126 5090 3362 5157 pigritia,
3395 5104 3491 5145 aut

1915 5183 2031 5234 vice
2066 5195 2217 5232 versa
2266 5180 2480 5248 ignavia
2526 5188 2609 5232 est
2636 5179 2853 5233 malitia:
2891 5188 3087 5243 mater,
3123 5191 3183 5235 ιιι
3228 5180 3490 5238 Dtuninus

1912 5272 2039 5325 dit‘it
2074 5272 2291 5341 (Matth.
2330 5285 2457 5335 xxv,
2487 5270 2577 5335 26)
2599 5289 2645 5337 ,ι
2668 5270 2834 5324 Serve
2867 5272 3007 5326 male
3039 5283 3093 5326 et
3127 5274 3296 5341 piger.
3340 5294 3358 5325 ι
3386 5274 3493 5329 Illa-

1914 5364 2025 5418 litia
2074 5361 2214 5417 item'
2243 5374 2327 5416 est
2374 5363 2776 5417 incredulitatis
2820 5377 3018 5431 parens
3062 5380 3077 5419 :
3121 5366 3303 5419 onmis
3345 5367 3489 5419 cnim

1915 5454 2109 5515 malus.
2136 5454 2454 5509 incredulus
2476 5462 2595 5517 est;
2619 5462 2672 5508 et
2698 5455 2789 5522 qui
2821 5470 2924 5509 non
2956 5455 3155 5520 credit,
3188 5458 3353 5509 Deum
3385 5473 3489 5512 nec

1917 5546 2069 5598 timet
2104 5562 2116 5599 :
2148 5554 2199 5599 et
2227 5560 2288 5599 ex
2331 5546 2431 5599 hac
2454 5547 2695 5600 nascitur
2731 5548 2941 5615 ignavia
2972 5556 3146 5601 mater
3177 5548 3493 5617 despccdo-

1914 5639 2032 5703 nis,
2083 5652 2177 5706 per
2216 5652 2379 5705 quant
2426 5653 2589 5692 omne
2634 5639 2835 5711 bonum
2904 5639 3279 5705 committitur,
3328 5655 3493 5697 omne

1918 5730 2115 5785 malum
2150 5729 2447 5783 omittitur.

1988 5821 2111 5877 156.
2139 5822 2284 5878 Laus
2309 5821 2400 5878 Dei
2435 5839 2584 5891 vera,
2612 5834 2666 5881 et
2695 5822 2924 5880 scicntia
2961 5838 3139 5879 rerum
3166 5833 3340 5890 certa,
3371 5837 3492 5895 per.
