4108 6330
236 355 394 417 H33

1272 360 1691 419 νΡΙὶμΕΕΕΡΤλ
1734 362 1834 431 Αἰ)
1879 365 2435 429 llESYCH.‘tS’l‘AS.

3350 365 3482 431 133d

209 496 327 549 eo;
346 478 425 547 τῷ
472 478 654 545 τρόπῳ
684 477 898 545 χρᾶται,
932 477 958 527 ὁ
991 479 1151 545 μήπω
1208 477 1540 544 κεκτημένος
1579 477 1804 545 δύναμιν

1919 489 2093 532 :ontra
2151 495 2441 547 corport‘as
2511 485 2811 550 passiones,
2867 484 3107 537 acetliam
3177 482 3381 537 scilicet
3424 497 3480 536 ac

221 571 580 641 προσευχῆς,
617 568 750 622 ἀλλᾶ
784 569 874 634 καὶ
893 569 920 620 ὀ
968 566 1102 636 ἔχων
1128 567 1224 636 τὴν
1253 568 1347 635 τῆς
1379 569 1688 637 προσευχῆς
1717 570 1805 620 ἐν.

224 665 489 734 ἑργειαν,
513 664 603 713 ἐπὶ
647 662 754 712 τῶν
781 659 1109 727 σωματικῶν
1143 658 1351 719 παθῶν,
1392 659 1618 727 ἀκηδίας
1642 661 1804 726 φημὶ,

225 756 343 810 καὶ
365 753 636 822 πορνείας,
682 751 791 804 τῶν
825 750 1072 821 σκληρῶν
1104 750 1198 802 καὶ
1230 746 1545 817 βαρυτέρων
1593 748 1800 811 παθῶν,

228 842 508 902 πολλάκις
539 840 906 909 ἐγειρόμενος,
963 837 1191 890 ἐκτείνει
1226 834 1322 896 τὰς
1353 836 1539 903 χεῖρας
1570 836 1649 896 είς
1680 833 1804 904 βοή-

226 934 404 992 θειαν
448 933 567 987 κατ’
595 930 793 990 αὐτῶν.
826 930 969 997 Πλὴν
1014 927 1256 995 ὀλιγάκις
1313 925 1401 979 διά
1450 919 1549 995 τὴν
1599 924 1807 993 πλάνην

130 1032 133 1033 ⁷
228 1023 410 1078 τοῦτο
443 1025 604 1087 ποιεῖ,
655 1021 748 1073 καὶ
773 1020 930 1073 πάλιν
961 1018 1271 1081 καθέζεται,
1328 1018 1525 1086 μήπως
1560 1016 1805 1087 φαντάσῃ

229 1114 497 1169 ⁸τὸνενοῦν
518 1110 680 1169 αὐτοῦ
713 1112 741 1162 ὀ
766 1109 955 1179 ἐχθρὸς
983 1108 1208 1173 ἄνωθεν,
1238 1109 1519 1191 μόρφωσιν
1548 1108 1807 1178 ἀληθείας

231 1203 414 1273 δῆθεν
432 1201 664 1263 δεικνύς.
689 1199 766 1252 Τὸ
793 1200 901 1265 γὰρ
928 1196 1069 1267 ἔχειν
1082 1197 1174 1250 τὸν
1209 1195 1333 1250 νοῦν
1364 1197 1496 1261 ἄνω,
1523 1198 1611 1250 καὶ
1638 1198 1804 1263 κάτω,

1910 570 2203 636 luxuriam,
2232 572 2395 627 duras
2453 576 2917 643 gravissimasque
2965 574 3310 640 cupiditates,
3341 588 3481 640 επηορ

1905 674 2151 730 sargens.
2187 664 2360 715 tendit
2410 680 2598 718 manus
2652 665 2717 718 ad
2775 665 3033 717 auxilium
3064 663 3326 715 adversus
3362 677 3482 715 eas.

1906 751 2047 805 Raro
2070 760 2271 814 tamen,
2296 764 2435 805 metu
2463 755 2686 815 erroris.
2710 755 2809 809 ltoc
2830 756 2979 818 facit,
3004 763 3057 808 et
3084 754 3278 805 iterum
3306 752 3480 818 sedet,

1907 856 1977 894 tte
2034 842 2199 894 menti
2245 857 2355 895 stne
2397 843 2579 895 illudut
2619 844 2849 911 desuper
2897 845 3173 897 inimicus.
3242 840 3476 909 efﬁgiem

1904 930 2111 985 scilicet
2168 932 2407 985 veritatis
2461 933 2769 987 exltibens.'
2806 932 2939 987 Nam
2996 934 3198 987 habere
3240 943 3474 987 mentem

1902 1036 2143 1083 sursum,
2183 1033 2235 1075 et
2276 1022 2553 1084 deorsum,
2604 1032 2655 1075 et
2698 1023 2757 1076 in
2783 1023 2967 1084 corde,
2998 1032 3054 1076 et
3088 1024 3291 1090 ubique
3340 1024 3480 1077 inof-

1902 1110 2129 1173 l’ensmn,
2157 1122 2208 1165 et
2243 1111 2565 1165 incolumem
2596 1127 2837 1177 servare,
2862 1114 2990 1166 solis
3017 1115 3277 1180 competit
3313 1129 3469 1167 ruun-

1901 1200 1983 1253 dis
2015 1212 2179 1268 atque
2216 1201 2488 1270 perlectis.

250 1298 360 1352 καὶ
387 1298 443 1346 ἐν
472 1297 692 1366 καρδίῃ,
743 1298 835 1349 καὶ
894 1297 1173 1368 πανταχοῦ
1216 1298 1541 1364 ἄπταιστον,
1598 1304 1775 1371 μόνων
1810 1298 1961 1354 ίδιόν·
1995 1301 2111 1351 ἐστι
2139 1297 2246 1349 τῶν
2288 1294 2548 1366 καθαρῶν
2573 1293 2666 1346 καὶ
2692 1290 2940 1356 τελείων,
2973 1290 3190 1360 ἀϐλαϐῆ
3221 1288 3483 1357 διατηρῆ-

249 1384 377 1420 σαι.

609 1460 745 1528 Περὶ
766 1461 871 1513 τοῦ
904 1458 1025 1525 πῶς
1048 1460 1142 1512 δεῖ
1172 1461 1454 1527 ψάλλειν.

330 1571 393 1622 Οί
433 1570 531 1638 μὲν
560 1571 801 1638 ὀλιγάκις
828 1556 1116 1639 λέγουσιν,
1152 1572 1201 1622 οἱ
1227 1563 1284 1624 δέ
1329 1570 1612 1633 πολλάκις,
1634 1571 1809 1640 ἕτεροι

244 1659 314 1712 δὲ
341 1659 449 1712 οὐδ’
477 1660 631 1721 ὅλως.
665 1662 735 1713 Σὺ
760 1662 815 1713 δὲ
860 1662 998 1730 μήτε
1037 1660 1292 1722 πολλάκις
1318 1659 1505 1729 ψάλλε,
1554 1660 1813 1727 σύγχυσις

246 1748 402 1815 γάρ·
430 1748 566 1817 μήτε
621 1749 730 1803 οὐδ’
758 1750 915 1814 ὅλως,
937 1749 1024 1801 διὰ
1052 1749 1150 1819 τὴν
1180 1748 1647 1801 ἐπακολουθοῦσαν
1680 1746 1813 1815 χαύ-

249 1825 424 1890 νωσιν
470 1838 563 1888 καὶ
597 1838 856 1905 ἀμέλειαν
875 1855 889 1868 υ
931 1838 1064 1890 ἀλλὰ
1090 1839 1215 1900 τοὺς
1242 1838 1487 1906 ὀλιγάκις
1514 1837 1815 1905 ψάλλοντας

251 1936 521 2003 μίμησαι.
558 1935 670 1989 Πᾶν
694 1936 802 2003 γάρ
834 1934 1027 2004 μέτρον
1076 1933 1317 2001 ἄριστον,
1345 1933 1483 1986 κατὰ
1526 1933 1649 1995 τοὺς
1687 1932 1817 1985 ἀσο-

248 2042 394 2093 φους
421 2026 636 2093 σοφούς.
659 2025 733 2078 Τὸ
762 2025 872 2093 γὰρ,
899 2024 1065 2078 πολλὰ
1092 2024 1314 2092 ψάλλειν
1346 2024 1455 2075 τῶν
1506 2020 1822 2089 πρακτικῶν

254 2113 400 2175 ἐστι,
432 2112 519 2163 διὰ
542 2112 639 2181 τὴν
666 2111 939 2179 ἀγνωσίαν
980 2111 1071 2162 καὶ
1096 2100 1186 2163 τὸν
1217 2110 1406 2173 κόπον,
1435 2108 1495 2159 οὐ
1542 2107 1648 2157 τῶν
1684 2109 1819 2173 ησυ-

257 2202 498 2269 χαστῶν,
551 2202 900 2272 ἀρκουμένων
941 2201 999 2253 ἐν
1025 2200 1143 2270 Θεῷ
1176 2200 1321 2270 μόνῳ
1341 2198 1734 2268 προσεύχεσθαι
1766 2197 1822 2246 ἐν

257 2291 479 2359 καρδία,
511 2293 605 2343 καὶ
644 2291 938 2359 ἀπέχεσθαι
965 2292 1266 2359 νοημάτων.
1295 2288 1518 2357 Ἡσυχία
1544 2288 1649 2358 γάρ
1677 2288 1823 2337 ἐστιν

270 2380 837 2449 ἱπόθεσιςννοημάτων
882 2380 1153 2448 αἰσθητῶν
1190 2396 1249 2433 τε
1282 2379 1379 2431 καὶ
1416 2377 1643 2448 νοητῶν,
1680 2376 1822 2428 κατὰ

260 2475 355 2523 τὸν
401 2471 499 2539 τῆς
531 2472 827 2536 Κλίμακος.
861 2469 971 2538 Τὴν
1019 2470 1125 2537 γάρ
1153 2468 1377 2536 δύναμιν
1414 2465 1580 2520 αὑτοῦ
1641 2465 1820 2516 πᾶσαν

262 2562 595 2621 κενώσαντος
616 2563 674 2614 ἐν
695 2564 768 2630 .τῇ
804 2560 970 2629 πολλῇ
1004 2558 1307 2627 ψαλμῳδίᾳ,
1343 2557 1594 2626 άτονήσει
1638 2557 1665 2607 ὀ
1698 2552 1821 2615 νοῦς

260 2654 342 2712 εἰς
373 2650 434 2701 τδ
453 2650 527 2718 μὴ
555 2650 827 2718 κραταιῶς
854 2650 945 2702 καὶ
965 2648 1235 2715 ἐπιμόνως
1262 2644 1673 2716 προσεύχεσθαι.
1706 2643 1820 2694 Νύ-

259 2758 413 2811 κτωρ
440 2743 555 2811 μὲν,
581 2743 743 2813 φησὶν
769 2744 797 2794 ὀ
823 2742 922 2809 τῆς
943 2739 1242 2808 Κλίμακος,
1278 2739 1343 2791 τά
1367 2738 1534 2789 πολλὰ
1564 2740 1626 2805 τῇ
1653 2752 1820 2803 προσ-

256 2836 394 2902 ευχῇ
460 2833 738 2898 δίδου,τά
804 2831 861 2884 δὲ
924 2830 1129 2900 βραχέα
1177 2832 1243 2899 τῇ
1294 2828 1603 2897 ψαλμῳδίᾳ.
1660 2826 1817 2880 Οῦτω

256 2930 355 2981 καὶ
387 2927 452 2978 σὺ
488 2926 720 3004 ὀφείλεις
770 2926 959 2977 ποιεῖν.
993 2925 1119 2976 Ὅτε
1172 2921 1286 2992 ἴδῃς
1317 2924 1374 2974 ἐν
1403 2920 1481 2989 τῷ
1524 2919 1821 2987 καθίσματί

1857 1722 1894 1774 Β

258 3035 357 3069 σου
387 3005 714 3085 ἐνεργοῦσαν
764 3014 860 3081 τὴν
891 3014 1195 3083 προσευχὴν
1244 3013 1343 3064 καὶ
1387 3010 1462 3080 μὴ
1508 3010 1821 3077 παυομένην
1846 3045 1892 3106 c

256 3105 530 3159 κινεῖσθαι
558 3106 617 3156 ἐν
642 3107 709 3173 τῇ
742 3104 956 3173 καρδίᾳ,
1012 3106 1220 3172 μήποτε
1250 3103 1467 3171 ἁφήσῃς
1499 3098 1690 3167 αὐτὴν,
1726 3096 1820 3149 καὶ

255 3196 577 3252 ἀνίστασθαι
616 3197 835 3265 ψάλλειν
862 3196 963 3257 ἕως
987 3194 1199 3264 καιροῦ,
1237 3194 1328 3245 ἐὰν
1362 3194 1435 3261 μὴ
1463 3188 1819 3259 οἰκονομικῶς

256 3288 564 3359 καταλείψῃ
591 3305 669 3343 σε.
694 3288 797 3339 Τὸν
822 3287 929 3356 γάρ
957 3286 1087 3338 Θεὸν
1119 3284 1433 3341 καταλιπὼν
1449 3283 1668 3346 ἔσωθεν,
1686 3281 1819 3344 ἔξω-

256 3383 354 3434 θὲν
398 3380 614 3432 ῖστασαι
664 3378 1000 3448 προσλαλῶν,
1028 3381 1092 3429 ὲκ
1120 3376 1226 3431 τῶν
1260 3374 1477 3443 ὑψηλῶν
1508 3376 1586 3436 εἰς
1623 3374 1690 3425 τά
1718 3389 1817 3441 χα-

256 3470 503 3541 μαιπετῆ
554 3469 961 3539 παρεκκλίνων·
996 3467 1131 3519 ἀλλὰ
1176 3466 1267 3518 καὶ
1304 3465 1564 3533 σύγχυσιν
1623 3466 1813 3525 ποιεῖς,

256 3560 475 3613 καὶτὸν
516 3559 638 3612 νοῦν
674 3559 1024 3627 ἐκταράττεις
1055 3557 1162 3609 ἀπὸ
1206 3556 1305 3624 τῆς
1351 3557 1590 3625 γαλήνης
1622 3552 1811 3606 αὑτοῦ·

255 3650 460 3720 ἡσυχία
492 3652 620 3720 γάρ,
648 3650 783 3704 κατὰ
831 3650 881 3701 τὸ
905 3649 1074 3716 ὄνομα
1121 3648 1312 3715 αὐτῆς,
1344 3646 1569 3715 καὶ⁴την
1620 3644 1817 3713 πρᾶξιν

254 3742 538 3811 κέκτηται,
579 3740 666 3794 διὰ
686 3741 745 3795 τὸ
776 3742 834 3793 ἐν
864 3741 1051 3809 εἰρήνῃ
1088 3740 1182 3790 καὶ
1208 3738 1424 3809 γαλήνῃΔ
1455 3736 1598 3807 ἔχειν
1624 3735 1791 3803 αὑτήν

264 3835 328 3883 '0
353 3834 482 3892 θεὸς
522 3832 628 3901 γάρ
671 3834 858 3901 εἰρήνη
918 3832 1053 3892 ἐστὶ,
1091 3830 1404 3897 συγχύσεως
1434 3828 1533 3880 καὶ·
1566 3826 1767 3897 κραυγὶ

252 3924 529 3976 ἐπέκεινα.
574 3924 665 3973 Δεί
714 3923 823 3989 γὰρ
870 3918 1159 3987 άγγελικδν
1195 3916 1333 3971 εἶναι
1380 3918 1474 3969 καὶ
1510 3917 1600 3969 τὸν
1644 3916 1813 3985 ῦμνον

252 4011 412 4082 ήμῶν
446 4010 587 4062 κατὰ
613 4010 675 4062 τὸ
708 3990 1026 4075 πολίτευμα,
1077 4006 1171 4059 καὶ
1198 4007 1257 4059 οὺ
1293 4008 1552 4076 σαρκικόν
1573 4022 1585 4035 ·
1617 4006 1676 4058 τὸ
1705 4006 1813 4072 γὰρ

253 4100 396 4172 μετά
431 4104 612 4169 φωνῆς
650 4102 709 4151 ἐν
764 4100 976 4167 κραυγῇ
1036 4097 1255 4164 ψάλλειν
1323 4094 1645 4164 συμϐολικόν
1695 4098 1810 4147 ἐστι

248 4193 445 4261 νοερᾶς
481 4189 746 4259 κραυγῆς,
794 4190 889 4241 καὶ
932 4188 1019 4249 διὰ
1045 4190 1143 4256 τὴν
1175 4187 1448 4261 ρᾳθυμίαν
1499 4187 1593 4239 καὶ
1622 4186 1809 4261 άγροιο

248 4254 375 4334 κίεν
398 4254 553 4351 ἡμῶν
574 4254 792 4341 δίδοται,
826 4278 914 4330 διὰ
936 4278 997 4330 τὸ
1021 4254 1391 4344 ἐπανάγεσθαι
1426 4276 1562 4345 πρὸς
1681 4254 1810 4343 άλη-

2294 1459 2568 1525 Quomodo
2607 1459 2832 1529 psallere
2865 1467 3122 1522 oporteat.

1994 1572 2098 1626 Alii
2160 1570 2351 1624 dicunt
2415 1584 2560 1632 raro,
2604 1554 2698 1621 alii
2747 1584 2911 1634 smpe.
2946 1568 3036 1619 alii
3084 1580 3384 1635 nunquam.
3416 1563 3494 1616 Tu

1924 1678 2055 1714 vero
2104 1677 2205 1717 nec
2261 1675 2403 1727 smpe
2441 1660 2626 1728 psalle,
2664 1675 2731 1711 ne
2791 1658 3122 1730 perturberis
3159 1676 3171 1719 ;
3211 1671 3312 1712 nec
3360 1672 3497 1707 nuu—

1924 1767 2109 1820 quam,
2162 1766 2230 1804 ne
2280 1759 2538 1815 sequatur
2601 1747 2851 1803 remissio
2876 1756 2929 1801 et
2961 1746 3325 1813 incuria;setl
3376 1760 3501 1798 raro

1927 1840 2219 1911 paullentes
2256 1836 2497 1892 imitare.
2531 1837 2666 1891 Nam
2689 1854 2848 1891 omne
2873 1838 3207 1891 moderatmn
3237 1838 3499 1903 optimum

1924 1942 2026 1997 est,
2050 1930 2201 1999 juxta
2240 1930 2381 1983 ltautl
2414 1930 2750 1996 desipientes
2777 1928 3067 1994 sapientes.
3103 1927 3327 1980 Multum
3355 1927 3499 1977 enim

1925 2021 2181 2089 psallere,
2205 2031 2288 2074 est
2315 2021 2702 2089 practicorum,
2733 2020 2907 2071 atllmc
2934 2028 3089 2070 extra
3116 2018 3323 2082 gnosim
3351 2017 3503 2070 labo-

1926 2112 2183 2172 rantium.
2221 2113 2362 2164 haud
2411 2126 2543 2164 vero
2588 2111 2915 2177 quieturum,
2954 2108 3246 2161 valentium
3302 2109 3361 2160 in‘
3385 2108 3502 2160 solo

1927 2204 2033 2256 Deo
2061 2198 2223 2258 corde
2259 2218 2416 2256 orare
2447 2214 2498 2255 et
2531 2217 2558 2253 a
2582 2201 3006 2265 cogitationibus
3078 2215 3294 2253 vacare.
3327 2218 3343 2249 ι
3394 2198 3502 2251 No-

1922 2305 2172 2354 cturnus.
2195 2293 2369 2358 inquit
2401 2292 2626 2353 Clitnax,
2656 2291 2878 2342 mttltuttt
2912 2290 3142 2343 orationi
3188 2290 3276 2354 da,
3308 2304 3505 2356 parum

1924 2382 2253 2451 psalmodite.
2302 2404 2321 2435 ι
2350 2383 2440 2433 Sic
2470 2393 2525 2435 ct
2558 2390 2611 2433 tu
2646 2380 2822 2433 facere
2853 2381 3040 2433 debes.
3072 2380 3207 2457 Cum
3265 2380 3415 2433 vides
3446 2379 3499 2431 itt

1923 2475 2165 2528 sessione
2216 2485 2305 2525 tua
2358 2473 2571 2537 operari
2622 2472 2926 2524 orationem
2955 2481 3010 2524 et
3040 2470 3412 2523 indesinenter
3442 2469 3494 2520 in

1924 2562 2417 2626 cortletnoveri,'ne
2447 2578 2685 2629 unquam
2718 2542 2964 2614 dimittas
2990 2576 3135 2621 eam,
3167 2576 3269 2613 neu
3308 2574 3499 2625 surgas

1925 2666 1983 2707 ιιι
2020 2656 2221 2722 psallas
2256 2657 2321 2707 ad
2350 2666 2585 2721 tempus,
2611 2653 2711 2705 nisi
2741 2661 2813 2718 te,
2849 2654 3162 2719 providente
3189 2649 3317 2714 Deo,
3347 2650 3503 2704 dere-

1926 2747 2157 2813 linquat.
2204 2744 2337 2799 Nam
2397 2744 2565 2799 Deum
2616 2744 2931 2811 relinquens
2983 2744 3231 2805 interius,
3264 2741 3504 2794 exterius

1924 2849 2035 2890 stas
2055 2837 2438 2904 alloquens,ex
2470 2836 2792 2888 sublimibus
2820 2835 2885 2886 ad
2911 2835 3189 2887 terrestria
3218 2832 3498 2887 deﬂexus:

1923 2927 2053 2994 quin
2083 2927 2246 2980 etiam
2283 2925 2654 2981 confusionem
2685 2924 2854 2987 facis,
2885 2934 2939 2977 et
2968 2933 3202 2976 utentem
3250 2922 3491 2975 exturba:

1925 3032 1953 3069 a
1997 3032 2093 3070 sua
2146 3016 2583 3085 tranquillitate;
2637 3030 2829 3083 nempe
2855 3015 3031 3082 quies,
3065 3024 3121 3066 ut
3155 3012 3358 3066 indicat
3399 3027 3501 3064 no-

1928 3126 2050 3161 ιιιυιι
2100 3107 2242 3174 ejus.
2275 3108 2343 3161 ad
2392 3108 2599 3174 praxim
2656 3122 2716 3162 se
2750 3108 3019 3170 extendit,
3042 3116 3102 3160 ut
3134 3122 3252 3161 eam
3288 3108 3340 3158 in
3374 3120 3505 3172 pace

1925 3199 2330 3265 serenitateque
2361 3207 2558 3269 theat.
2594 3196 2735 3252 Deus
2765 3198 2909 3251 enim
2943 3212 3042 3264 pax
3075 3205 3180 3261 est,
3219 3197 3336 3250 sine
3377 3210 3508 3249 con-

1924 3288 2137 3343 fusione
2169 3303 2233 3343 ac
2263 3289 2519 3342 tumultu.
2553 3286 2781 3357 Oportet
2828 3290 2988 3357 igitur
3029 3288 3333 3357 angelicum
3385 3301 3507 3346 esse

1923 3377 2185 3446 hymnum
2226 3388 2469 3432 nostrum
2504 3388 2667 3447 atque
2699 3388 2929 3443 statum,
2958 3380 3102 3433 haud
3140 3392 3281 3435 vero
3313 3392 3507 3431 carna-

1925 3466 2220 3521 lem.'Nam
2273 3482 2396 3521 cmn
2434 3483 2567 3523 voce
2607 3470 2847 3524 clamosa
2881 3470 3138 3537 psallere,
3169 3470 3386 3539 signum
3421 3478 3507 3522 est

1922 3556 2141 3625 trepida:
2173 3557 2391 3623 mentis,
2409 3568 2695 3628 etpr0pter
2729 3561 3018 3629 segnitiem
3053 3567 3107 3612 et
3140 3559 3517 3613 rusticitatem.

1920 3657 2161 3702 nostram
2204 3649 2540 3713 conceditur,
2574 3658 2632 3703 ut
2671 3649 2737 3703 ad
2791 3649 3082 3704 veritatem
3139 3658 3505 3704 revertamur.

1919 3734 2305 3790 Nescientibus
2350 3738 2495 3790 enim
2529 3735 2835 3791 orationem
2860 3750 3009 3799 esse,
3044 3746 3103 3790 ut
3150 3737 3225 3791 ait
3258 3734 3498 3790 Joannes

1917 3820 2150 3891 Climax,
2174 3828 2391 3895 fontem
2428 3828 2689 3881 virtutum
2722 3829 2913 3882 insitas
2962 3830 3159 3882 anima:
3190 3829 3335 3883 vires
3372 3828 3491 3881 irri-

1919 3929 2155 3990 gantem,
2174 3920 2438 3974 convenit
2465 3920 2693 3972 multum
2724 3920 2977 3986 psallere,
2997 3929 3052 3987 et
3071 3920 3190 3973 sine
3214 3934 3496 3980 mensura.

1917 4020 1971 4063 ct
1998 4024 2211 4077 semper
2239 4010 2449 4062 variare
2477 4000 2667 4071 multa,
2685 4019 2739 4064 et
2759 4024 3032 4077 nunquam
3058 4022 3297 4071 cessare,
3320 4012 3495 4063 donec

1918 4114 1947 4154 a
2011 4098 2175 4153 multa
2232 4099 2607 4168 laborioanue
2664 4099 2818 4168 praxi
2867 4098 2934 4153 ad
2972 4100 3490 4167 contemplationem

1917 4191 2223 4258 progressi,
2283 4190 2586 4243 orationem
2667 4189 2959 4244 mentalem
3021 4190 3295 4242 inveniant
3358 4189 3499 4243 intra

1920 4279 2065 4346 ipsos
2108 4287 2447 4347 operantem.
2486 4278 2604 4332 Alia
2631 4278 2832 4346 quippe
2873 4289 2956 4333 est
2989 4280 3189 4348 quietis
3215 4278 3419 4347 praxis,
3446 4289 3495 4332 et

248 4374 494 4443 θῆιτοϊς
521 4372 627 4441 γάρ
670 4370 745 4440 μὴ
771 4370 934 4422 είδόσι
979 4368 1302 4447 προσευχὴν,
1342 4368 1476 4440 ὅπερ
1509 4367 1657 4421 ἐστὶν
1680 4367 1806 4438 ἀρε-

1922 4369 2024 4422 alia
2081 4368 2410 4432 cmuobitazg.
2463 4372 2832 4437 unusquisque
2878 4378 3071 4425 autem.
3120 4368 3173 4422 lu
3214 4368 3500 4427 vocatione

244 4462 356 4513 τῶν
383 4461 554 4528 πηγὴ,
580 4457 720 4511 κατὰ
738 4458 830 4511 τὸν
852 4456 950 4526 τῆς
973 4457 1248 4526 κλίμακος
1267 4458 1535 4526 Ἰωάννην,
1559 4457 1809 4526 ἀρδεύου-

249 4567 319 4601 σα
341 4550 490 4617 φυτά
516 4551 612 4611 τὰς
647 4548 745 4617 τῆς
773 4546 947 4617 ψυχῆς
974 4547 1249 4616 δυνάμεις,
1302 4547 1502 4617 πρέπει
1550 4547 1609 4599 τὸ
1640 4546 1809 4599 πολλὰ

244 4638 485 4710 ψάλλειν,
523 4637 617 4689 καὶ
657 4634 932 4705 ἀμέτρως,
978 4635 1071 4695 καὶ
1107 4635 1195 4688 ἀεὶ
1226 4636 1284 4686 ἐν
1328 4634 1571 4705 ποικιλίᾳ
1601 4633 1807 4687 πολλῶν

245 4728 409 4795 εἶναι,
452 4729 554 4781 καὶ
580 4727 851 4796 μηδέποτε
909 4724 1197 4789 παύεσθαι,
1242 4724 1347 4788 ἕως
1375 4725 1441 4777 ἂν
1469 4725 1576 4777 ἀπὸ
1610 4725 1807 4795 πολλῆς

245 4818 503 4871 ἐπιπόνου
541 4816 793 4886 πράξεως
833 4817 911 4877 είς
946 4815 1179 4883 θεωρίαν
1210 4813 1547 4883 προκόψωσι,
1576 4831 1806 4885 προσευυ

244 4910 346 4980 χὴν
408 4908 599 4979 voein
653 4906 982 4976 εὑρηκότες,
1036 4905 1363 4975 ἐνεργοῦσαν
1412 4905 1560 4967 ἐντὸς
1603 4905 1801 4960 αὐτῶν.

249 5001 419 5070 ’Δλλη
446 5003 555 5070 γάρ
577 5001 693 5052 ἐστι
721 4999 821 5066 τῆς
858 4999 1084 5067 ἡσυχίας
1108 5001 1142 5067 η
1178 4998 1394 5065 πρᾶξις,
1418 4999 1511 5049 καὶ
1533 4998 1693 5066 ἑτέρα
1711 4996 1803 5049 τοῦ

246 5092 535 5146 κοινοὸίου.
562 5092 828 5153 Ἕκαστος
857 5090 913 5142 δὲ
941 5092 998 5143 ἐν
1034 5084 1077 5156 ᾧ
1104 5089 1302 5159 ἐκλήθη
1332 5089 1674 5159 προσμένων,
1698 5105 1805 5141 σως

247 5174 607 5255 θήσεται.’Διὸ
643 5183 856 5237 δέδοικα
876 5182 1101 5251 γράφειν
1129 5181 1215 5233 διὰ
1229 5182 1354 5243 τοὺς
1382 5182 1640 5244 ἀσθενεῖς,
1665 5179 1803 5249 ὀρῶν

250 5294 311 5330 σε
364 5276 526 5344 μέσον
584 5275 788 5328 τούτων
824 5273 1311 5343 ἀναστρεφόμενον.
1379 5274 1491 5336 Πᾶς
1533 5272 1639 5341 γὰρ
1673 5274 1701 5325 ὀ
1745 5271 1804 5335 ἐξ

246 5367 435 5436 ἀκοῆς,
472 5365 503 5433 ἤ
543 5365 821 5434 μαθῆσεως
854 5366 911 5417 ἐν
952 5366 1222 5434 προσευχῇ
1280 5363 1522 5432 πάσχων,
1572 5363 1803 5417 ἀπόλλυ⁹

245 5475 357 5518 ται,
386 5457 461 5519 ὡς
488 5457 576 5508 τὸν
617 5456 910 5523 ὀδηγοῦντα
943 5456 1018 5523 μὴ
1051 5455 1416 5523 κεκτημένοςο
1449 5456 1477 5506 ὀ
1506 5454 1562 5506 δὲ
1600 5455 1800 5523 γευσά-

250 5560 408 5618 μενος
435 5547 528 5615 τῆς
559 5546 794 5616 χάριτος,
812 5544 1026 5614 ὀφείλει
1048 5546 1372 5615 συμμέτρως
1396 5544 1631 5614 ψάλλειν,
1648 5528 1649 5531 Ἴ
1668 5548 1802 5597 κατά

250 5642 372 5701 τοὺς
428 5639 694 5706 Πατέρας,
755 5639 813 5690 τὺ
847 5639 1095 5690 πλεῖστον
1129 5636 1521 5706 ἀσχολούμενος
1565 5639 1656 5700 ἐίς
1704 5636 1800 5703 τὴν

1916 4472 2015 4516 sua
2066 4462 2409 4529 permanetis,
2442 4460 2761 4515 salvabitur.
2793 4460 2978 4529 Itaque
3014 4474 3208 4514 vereor
3250 4460 3493 4515 scribere

1917 4558 2135 4620 propter
2173 4551 2400 4614 debiles,
2437 4551 2627 4605 videns
2686 4561 2738 4603 te
2792 4550 3030 4604 medium
3074 4552 3214 4605 inter
3240 4567 3332 4606 eos
3361 4568 3490 4605 con-

1917 4650 2245 4713 versantem.
2289 4639 2549 4709 Quisquis
2592 4641 2739 4694 enim
2802 4656 2871 4694 ex
2920 4640 3060 4695 fama
3110 4653 3164 4696 et
3214 4644 3491 4696 auditione

1919 4730 2151 4787 orationi
2184 4724 2411 4800 passiva:
2455 4742 2627 4798 vacat,
2661 4745 2876 4799 pessum
2906 4733 2969 4795 it,
3001 4734 3126 4801 quia
3163 4734 3350 4789 «lucent
3382 4751 3491 4788 non

1920 4823 2117 4878 habet:
2168 4824 2259 4892 qui
2312 4832 2493 4876 autem
2536 4824 2774 4891 gustavit
2841 4824 3094 4892 gratiam,
3152 4824 3315 4879 debet
3365 4842 3485 4878 cum

1919 4927 2169 4968 mensura
2210 4911 2463 4983 psallere,
2490 4914 2809 4983 plerumque
2856 4916 3088 4969 orationi
3122 4931 3365 4979 vacans;
3398 4920 3491 4985 qni

1917 5018 2048 5058 vero
2106 5004 2287 5073 segnis
2341 5014 2456 5067 est,
2490 5004 2685 5073 psallat
2737 5004 2986 5074 legatque
3047 5022 3211 5073 opera
3271 5006 3487 5059 Patrum

1916 5094 2177 5163 praetica.
2212 5086 2489 5163 Siquidem
2524 5110 2629 5149 non
2656 5096 2821 5149 remis
2854 5096 3058 5165 indiget
3088 5097 3262 5161 navis,
3325 5108 3485 5153 vente

1918 5188 2036 5241 vela
2096 5187 2335 5251 inﬂante,
2377 5188 2667 5241 secundam
2723 5202 2915 5256 nempe
2968 5204 3155 5242 auram
3201 5192 3249 5243 ei
3297 5192 3477 5258 spiritt

1918 5276 2139 5331 alﬂanté
2170 5277 2238 5330 ad
2285 5277 2517 5330 Strictim
2547 5277 2835 5331 labentium
2870 5278 2924 5331 in
2956 5279 3100 5333 salso
3130 5282 3485 5350 cupiditatum

1921 5368 2077 5432 mari,
2104 5368 2198 5422 sed
2252 5368 2561 5439 immorata,
2584 5368 2751 5419 remis
2783 5376 2876 5421 aut
2902 5368 3090 5437 cymba
3146 5370 3403 5424 trahitur.
3432 5372 3488 5424 Si

1918 5460 2008 5525 qui
2068 5472 2194 5512 vero
2253 5457 2537 5511 ambitiose
2589 5458 2850 5523 objiciunt
2900 5468 3117 5514 sanctos
3163 5460 3368 5528 Patres,
3402 5473 3495 5523 ant

1920 5549 2128 5617 aliquos
2174 5548 2317 5601 nunc
2359 5547 2638 5615 degentes,
2676 5560 2929 5617 tauquam
2957 5560 3064 5601 tota
3100 5561 3257 5604 nocte
3289 5564 3494 5608 stantes

1920 5649 1972 5693 et
2018 5639 2274 5693 facientes
2307 5638 2678 5702 psalmodiam,
2712 5639 2815 5693 illis
2846 5656 2910 5695 ex
2954 5640 3234 5709 Scriptura
3270 5658 3494 5705 I'CSDOll-'
