4108 6330
204 417 340 482 1337
1238 420 1331 480 PR
1344 421 1646 480 IECEPTA
1690 419 1790 477 AD
1834 416 2424 481 HESYCI-IASTAS.-
2939 469 2942 475 .
3304 412 3432 477 1133

203 553 352 594 κασι,
384 534 476 586 καὶ
525 533 554 584 ὀ
594 533 692 600 μὲν
727 531 926 598 ὀλίγον,
954 532 981 583 ὀ
1013 530 1070 583 δὲ
1102 530 1234 582 πολὺ
1269 531 1446 582 δέεται
1475 530 1608 599 πρὸς
1669 531 1761 582 σύ⁴

1862 533 1976 586 bitu
2005 533 2321 602 requiritur.
2349 532 2598 585 Attamen
2645 528 2901 598 quietista
2933 542 3153 598 semper
3186 528 3435 580 esuriens

201 643 393 678 στασιν
450 625 544 692 τῆς
571 621 804 691 φυσικῆς
835 621 996 674 αὐτοῦ
1035 621 1333 690 δυνάμεως,
1365 622 1593 682 ἕκαστος
1619 621 1761 674 κατὰ

1862 625 2020 676 debet
2043 637 2187 688 esse,
2223 607 2332 676 non
2367 629 2683 676 saturatus:
2715 629 2940 690 gravato
2971 618 3119 673 enim
3153 616 3434 671 stomacho

196 720 300 786 τὴν
332 717 561 785 δύναμιν
609 715 702 768 καὶ
728 717 853 782 "rip
903 714 1012 777 ἕξιν
1059 715 1488 784 ἐπαρκούμενος.
1524 714 1712 782 Ὅμως
1734 715 1760 764 ὁ

197 807 510 876 ἡσυχάζων,
555 805 781 858 πάντοτε
817 803 999 871 ἐνδεὴς
1023 803 1226 871 ὀφείλει
1256 800 1415 865 εἶναι,
1449 803 1524 872 μὴ
1573 819 1761 870 κορενο-

195 898 449 966 νύμενος·
484 896 848 965 βαρυνομένου
907 896 1014 964 γὰρ
1072 892 1168 946 τοῦ
1215 893 1506 962 στομάχου,
1538 893 1632 945 καὶ
1665 890 1758 943 τοῦ

193 989 318 1050 νοὸς
345 986 666 1047 θολωθὲντος
698 984 786 1037 δια
814 984 1020 1047 τούτου,
1052 984 1170 1036 οὐδὲ
1205 985 1510 1053 προσευχὴν
1541 981 1760 1034 δύναται

191 1078 378 1145 λέγειν
411 1077 703 1147 κραταιῶς,
735 1075 769 1145 ἢ
804 1075 1079 1144 καθαρῶς,
1132 1074 1244 1126 ἀλλ’
1300 1075 1363 1126 ἐκ
1409 1074 1508 1143 τῆς
1558 1072 1759 1126 ἀναθυ-

195 1169 439 1239 μιάσεως
465 1165 571 1220 τῶν
600 1165 810 1218 πολλῶν
841 1163 1142 1233 βρωμάτων
1164 1162 1240 1232 τῷ
1271 1162 1421 1231 ὕπνῳ
1450 1162 1758 1231 καταφερό-

195 1277 385 1329 μενος,
411 1257 739 1328 κοιμηθῆναι
763 1257 972 1324 ταχέως
1002 1257 1272 1316 ἐπιποθεῖ,
1307 1249 1447 1318 ἐξὉῦ
1469 1253 1758 1322 φαντασίαι

191 1353 557 1424 ἀναρίθμητοι
602 1352 659 1403 ἐν
690 1348 768 1418 τῷ
793 1349 944 1418 ὕπνῳ
995 1347 1344 1400 ἐπιπίπτουσι
1398 1347 1474 1416 τῷ
1505 1347 1602 1398 νοΐ.
1634 1346 1758 1398 Τοι-

189 1441 403 1511 γαροῦν
428 1439 503 1506 τῷ
537 1439 843 1508 βουλομένῳ
895 1439 1168 1506 σωτηρίας
1212 1440 1416 1506 τυχεῖν,
1451 1437 1545 1488 καὶ
1569 1435 1752 1506 βιαζο-

192 1535 348 1603 μένῳ
397 1531 490 1584 διὰ
540 1530 630 1581 τὸν
693 1528 896 1599 Κύριον
957 1529 1172 1598 ἡσύχως
1202 1528 1418 1596 βιῶναι,
1447 1526 1632 1597 ἄρτου,
1681 1527 1755 1588 ῶς

185 1624 374 1692 οἶμαι,
404 1621 559 1691 λίτρα
589 1621 766 1672 ίκανοϊ
816 1619 986 1687 αὐτῷ,
1043 1619 1137 1672 καὶ
1192 1618 1402 1682 ὓδατος,
1449 1619 1544 1671 καὶ⁵
1587 1619 1752 1679 οἴνου,

189 1713 337 1765 κατὰ
354 1712 454 1781 τὴν
479 1711 713 1779 ἡμέραν,
737 1709 885 1776 τρία,
915 1709 946 1777 ἢ
977 1709 1218 1779 τέσσαρα
1243 1710 1499 1779 ποτήρια,
1526 1708 1620 1760 καὶ
1649 1706 1756 1760 ἀπὸ

183 1805 303 1855 τῶν
361 1801 784 1872 παρατυχόντων
841 1799 1144 1869 βρωμάτων
1176 1800 1356 1866 ὀλίγον
1415 1801 1480 1852 ἐκ
1538 1799 1754 1851 πάντων

184 1895 338 1946 κατά
358 1893 546 1960 καιρὸν
579 1891 1028 1959 μεταλαμϐάνειν,
1080 1890 1464 1958 ἀπωθούμενον
1493 1889 1591 1956 τὴν
1616 1885 1751 1952 πλη-

185 1983 418 2051 σμονὴν,
454 1981 537 2032 ἵνα
577 1982 678 2034 κάν
724 1981 896 2050 τούτῳ
928 1981 1104 2049 σοφῶς
1153 1981 1513 2049 χρησάμενος,
1546 1979 1636 2030 τὸν
1661 1974 1756 2028 τύ·-

183 2093 291 2143 (ρον
319 2074 404 2125 διά
437 2075 533 2143 τῆς
565 2064 629 2126 ἐκ
657 2075 872 2128 πάντων
910 2073 1266 2143 μεταλήψεως
1304 2073 1560 2140 ἐκφυγεῖν
1593 2069 1750 2136 δυνή-

183 2181 375 2234 σηται,
431 2165 522 2216 καὶ
574 2165 643 2217 τὰ
691 2164 784 2217 τοῦ
815 2164 950 2217 Θεοῦ
1006 2164 1124 2216 λίαν
1154 2164 1293 2216 καλά
1349 2165 1626 2232 ποιήματα
1676 2159 1751 2228 μὴ

187 2251 518 2324 βδελύξοιτο,
542 2255 881 2327 εὐχαριστῶν
905 2254 1049 2324 αὐτῷ
1080 2255 1216 2324 ὑπὲρ
1242 2255 1474 2306 πάντων·
1500 2253 1590 2305 καὶ
1613 2250 1749 2319 αὕτη

177 2352 298 2405 τῶν
323 2350 600 2420 φρονίμων
649 2353 681 2418 ὴ
739 2350 1031 2421 διάκρισις.
1065 2353 1188 2413 Τοῖς
1216 2351 1272 2402 δὲ
1301 2351 1583 2405 ἀσθενοῦσι
1617 2352 1761 2405 κατὰ

181 2444 394 2503 πίστιν,
437 2441 532 2493 καὶ
571 2439 712 2492 κατὰ
737 2440 937 2511 ψυχὴν,
992 2443 1027 2511 ἡ
1078 2444 1256 2512 ἀποχὴ
1303 2443 1461 2495 πλέον
1496 2443 1761 2512 συμφέρει

179 2534 300 2587 τῶν
330 2532 624 2600 ἐδωδίμων,
648 2527 728 2594 οἷς
753 2533 960 2601 λάχανα
989 2532 1210 2584 ἐσθίειν·
1237 2534 1520 2585 ἐκέλευσεν
1548 2534 1577 2583 ὀ
1611 2533 1764 2585 ’Λπό-

182 2623 399 2689 στόλος,
441 2624 528 2676 διὰ
556 2601 633 2676 ’τὸ
678 2627 751 2693 μὴ
786 2621 1066 2676 πιστεύειν
1096 2625 1290 2686 αὐτοὺς
1318 2625 1381 2675 ἐκ
1413 2623 1548 2676 Θεοῦ
1589 2623 1760 2691 φυλα-

177 2715 403 2788 χθῆναι.
434 2715 498 2766 Τί
554 2715 610 2766 δέ
652 2733 732 2767 σοι
794 2716 954 2776 εἴπω,
977 2716 1060 2766 ὅτι
1093 2715 1295 2767 κανόνα
1351 2711 1641 2784 ἐζήτησας,
1668 2714 1762 2766 καὶ

183 2807 358 2876 βάρος
407 2806 565 2868 πολὺ,
605 2807 781 2875 γέρων
832 2805 943 2870 ὣν;
1002 2806 1254 2872 νεώτεροι
1304 2807 1364 2858 οὐ
1420 2807 1670 2858 δύνανται
1702 2807 1763 2859 ἐν

186 2894 421 2965 σταθμῷ
450 2895 548 2948 καὶ
601 2894 805 2966 μέτρῳ,
843 2896 937 2948 καὶ
980 2896 1095 2956 πῶς
1132 2899 1195 2948 σὺ
1259 2896 1553 2965 κρατήσεις
1594 2896 1759 2961 αὐτὸς

179 2987 302 3055 Τὴν
334 2984 648 3056 ἐλευθερίαν
705 2985 812 3053 γὰρ
862 2986 1062 3056 πρέπει
1097 3003 1178 3038 σοι
1223 2980 1546 3054 κρατεῖνέν
1576 2971 1762 3050 παντὶ,

182 3075 424 3129 ἐσθίοντι
443 3091 458 3105 ο
486 3077 534 3128 εί
571 3076 627 3127 δὲ
660 3076 910 3146 ἦττασαι,
957 3075 1261 3147 μεταμελοῦ
1282 3116 1296 3136 ,
1327 3076 1421 3129 καὶ
1454 3076 1614 3130 πάλιν
1642 3077 1763 3129 ἐπι-

183 3167 470 3238 χείρησον,
502 3168 599 3220 καὶ
661 3166 735 3236 μὴ
780 3165 964 3237 παύσῃ
992 3166 1135 3220 οὕτω
1179 3166 1349 3218 ποιῶν
1390 3166 1643 3228 πάντοτε,
1677 3165 1829 3251 ’πί-ε

184 3275 365 3322 πτων,
399 3258 491 3308 καὶ
546 3258 918 3326 ἐγειρόμενος,
967 3261 1062 3310 καὶ
1112 3259 1460 3326 μεμφόμενος
1483 3257 1569 3308 ἀεὶ
1601 3272 1762 3308 σεαυ-

182 3350 306 3413 τὸν,
337 3349 432 3400 καὶ
463 3349 536 3418 μὴ
566 3349 744 3411 ἄλλον,
778 3350 872 3401 καὶ
920 3349 1061 3412 ἕξεις
1103 3350 1430 3411 ἀνάπαυσιν,
1465 3349 1644 3418 σοφῶς
1661 3348 1765 3406 ,διὰ

183 3437 501 3506 πτωμάτων
531 3438 627 3506 τὴν
661 3438 819 3507 νίκην
848 3431 1189 3506 ποιούμενος,
1218 3437 1358 3490 κατὰ
1387 3436 1484 3508 τὴν
1516 3438 1760 3508 Γραφήνο

183 3527 332 3597 πλὴν
382 3529 455 3598 μὴ
487 3528 832 3598 παραϐαίνῃς
869 3529 960 3581 τὸν
997 3529 1122 3599 ὅρον
1167 3528 1227 3582 ὃν
1268 3529 1635 3597 προεθέμεθα,
1667 3528 1766 3581 καὶ

183 3619 355 3687 ἀρκεῖ
383 3631 484 3669 σοι·
516 3618 638 3670 οὐδὲ
667 3620 775 3688 γάρ
809 3618 1106 3686 ρωννύουσι
1147 3619 1204 3671 τδ
1263 3619 1418 3688 σῶμα
1475 3620 1532 3671 αί
1577 3607 1765 3671 λοιπαὶ

187 3707 425 3778 βρώσεις
464 3707 736 3773 τοσοῦτον,
767 3709 891 3760 ὅσον
922 3709 955 3776 ἡ
982 3708 1077 3760 τοῦ
1103 3709 1268 3774 ἄρτου
1319 3709 1410 3761 καὶ
1441 3708 1630 3770 ὓδατος
1667 3725 1763 3777 με-

183 3798 442 3870 τάληψις.
483 3800 581 3853 Διὰ
631 3801 790 3853 τοῦτο
840 3800 1026 3867 ἔλεγεν
1065 3802 1093 3853 ὀ
1145 3802 1453 3870 Προφήτης,
1497 3802 1580 3853 Τὰ
1627 3802 1764 3854 ἄλλα

186 3892 270 3950 είς
322 3890 475 3941 οὐδὲν
508 3889 757 3958 θέμενος,
800 3891 881 3942 υἱὲ
931 3890 1239 3960 ἀνθρώπου,
1292 3890 1515 3961 σταθμῷ
1544 3892 1632 3944 τὸν
1661 3893 1762 3962 ἄρο

184 3997 283 4033 τον
328 3996 425 4033 σου
476 3980 712 4051 φάγεσαι
763 3981 857 4032 καὶ
914 3981 1097 4050 μέτρῳ
1147 3981 1207 4032 τὸ
1241 3979 1384 4050 ὕδωρ
1425 3997 1518 4034 σου
1554 3982 1759 4034 πίεσαιο

185 4072 337 4138 τρεῖς
364 4069 472 4141 γὰρ
509 4071 664 4139 ὅρους
685 4071 798 4140 ἔχει
845 4072 877 4140 ἡ
912 4070 1134 4138 βρῶσις,
1167 4058 1522 4141 ἐγκράτειαν,
1555 4071 1759 4142 αύτάρ-

187 4179 370 4224 κειαν,
399 4163 492 4214 καὶ
528 4163 711 4231 κόρον.
752 4163 1080 4230 Ἐγκράτειά
1111 4165 1250 4214 ἐστιο
1279 4163 1338 4215 τὸ
1372 4165 1558 4234 πεινᾷν
1590 4165 1764 4215 ἑστια-

1859 724 1913 768 et
1947 724 2123 768 mente
2154 730 2248 783 per
2285 715 2429 769 hunc
2465 715 2703 776 turbata,
2757 728 2862 766 non
2901 721 3080 780 potest
3129 709 3430 762 orationem

1861 805 2044 859 dicere
2102 804 2322 860 fortiter
2368 820 2430 858 ac
2495 818 2652 874 pure,
2709 803 2802 858 sed
2842 803 3133 853 multorum
3183 800 3429 852 ciborum

1861 895 2156 962 vaporibus
2190 895 2255 947 ad
2306 910 2553 948 somnum
2590 888 2796 964 raptus,
2854 893 3053 946 cubare
3101 893 3209 946 cito
3259 891 3428 956 cupit,

1860 990 2001 1041 unde
2062 987 2341 1040 innumera
2386 988 2438 1039 in
2489 1001 2681 1039 somno
2715 987 3091 1054 phantasmata
3146 983 3312 1039 menti
3350 985 3434 1034 in-

1862 1086 2086 1147 gruunt.
2133 1077 2277 1143 Ergo
2302 1076 2505 1130 volenti
2539 1077 2767 1130 salutem
2797 1075 3080 1140 consequi,
3113 1084 3165 1126 et
3212 1072 3431 1126 conanti

1859 1176 2079 1236 propter
2141 1166 2427 1219 Dominum
2478 1167 2661 1233 quiete
2710 1168 2914 1229 vivere,
2951 1167 3130 1234 panis,
3185 1174 3240 1216 ut
3277 1175 3429 1231 puto.

1861 1257 1995 1311 libra
2027 1255 2240 1331 sufficit,
2283 1268 2336 1310 et
2381 1272 2535 1325 aqua:
2590 1272 2655 1311 ac
2694 1256 2802 1308 vini
2842 1257 2942 1308 tria
2997 1257 3075 1308 vel
3110 1268 3308 1324 quator
3341 1270 3434 1320 po-

1871 1350 2014 1411 cula,
2040 1357 2096 1401 et
2147 1362 2215 1400 ex
2265 1347 2681 1400 occurrentibus
2729 1345 2868 1400 cibis
2916 1346 3168 1400 omnibus
3203 1361 3430 1413 paucnm

1858 1440 2182 1501 desumere,
2220 1438 2416 1503 reiecta
2469 1439 2645 1506 copia,
2702 1447 2759 1489 ιιι
2793 1439 2896 1491 Ιιοο
2942 1453 3116 1506 pauco
3157 1438 3433 1506 Sapienter

1857 1512 2040 1591 utens,
2111 1529 2416 1597 superbiam
2485 1530 2752 1582 surnendn
2803 1544 2871 1593 ex
2926 1529 3176 1579 omnibus
3249 1529 3433 1594 fugere

1859 1623 2049 1688 possit,
2085 1633 2140 1674 et
2179 1621 2541 1689 pulcherrima
2574 1621 2666 1672 Dei
2727 1636 2890 1690 opera
2944 1636 3048 1672 non
3110 1620 3427 1681 abhorreat,
3497 1633 3502 1638 '

1860 1713 2061 1781 gratias
2093 1713 2139 1765 ei
2173 1729 2340 1780 agens
2371 1713 2439 1765 de
2473 1714 2762 1767 omnibus:
2795 1724 2846 1766 et
2875 1714 2976 1765 hoc
3000 1723 3084 1764 est
3106 1713 3430 1776 sapientium

1856 1806 2144 1874 judicium.
2175 1805 2409 1857 lniirmis
2441 1817 2619 1858 autem
2657 1805 2760 1858 [ide
2789 1816 2843 1859 et
2883 1807 3062 1857 anima
3108 1806 3280 1871 magis
3307 1819 3434 1871 pro-

1863 1898 1980 1950 dest
2009 1898 2194 1950 carnis
2222 1897 2547 1949 abstinentia
2574 1913 2589 1952 :
2625 1897 2821 1964 quibus
2863 1897 3127 1964 legumina
3178 1897 3436 1964 praecepit

1862 1991 2170 2056 Apostolus,
2213 1990 2338 2056 quia
2374 2003 2478 2040 non
2511 1987 2744 2039 credunt
2773 1989 2870 2054 ipsi
2902 2002 2960 2039 se
2990 2002 3017 2037 a
3070 1986 3181 2039 Deo
3210 2001 3434 2038 servan-

1864 2082 1980 2134 dos.
2047 2079 2184 2144 Quid
2239 2094 2364 2132 vero
2418 2078 2508 2130 tibi
2576 2077 2752 2129 dicam
2839 2076 3097 2144 qurerenti
3165 2078 3432 2144 regulam,

1867 2187 2030 2239 grave
2059 2171 2273 2238 pondus
2301 2169 2545 2223 seniori?
2575 2170 2632 2221 1d
2654 2169 2901 2237 juniores
2932 2184 3036 2221 non
3079 2170 3349 2220 sustinent
3381 2169 3434 2221 in

1866 2273 2070 2315 statera
2103 2273 2154 2314 et
2189 2276 2463 2321 mensura,
2497 2269 2550 2312 cl.
2581 2261 2851 2326 quomodo
2883 2270 2937 2312 tu
2990 2246 3225 2312 suffer-es
3266 2257 3434 2310 illud?

1864 2351 2187 2405 Libertatem
2250 2351 2344 2427 tibi
2413 2351 2720 2404 comedi-nti
2786 2351 3043 2404 convenit
3107 2364 3328 2403 servare
3379 2349 3436 2403 in

1863 2444 2156 2508 onmibns;
2217 2444 2360 2510 quod
2415 2444 2459 2496 si
2526 2443 2783 2503 vincat-is,
2841 2441 3120 2509 resipisce.
3158 2450 3210 2493 et
3260 2455 3435 2494 novos

1865 2535 2059 2587 adhibe
2092 2535 2264 2594 nisus,
2302 2550 2400 2585 nec
2435 2535 2623 2587 desine
2654 2535 2730 2585 sic
2768 2531 2946 2585 facere
2975 2547 3212 2598 semper,
3247 2536 3432 2597 lapsus

1861 2641 2163 2690 resurgere,
2218 2641 2280 2678 ac
2318 2636 2670 2678 contemnere
2700 2639 2913 2690 semper
2944 2633 2996 2675 te
3035 2625 3210 2691 ipsum
3242 2663 3256 2684 ,
3322 2637 3432 2675 non

1863 2729 1988 2766 vero
2019 2716 2204 2777 alium,
2253 2725 2307 2766 et
2335 2716 2557 2769 habebis
2619 2716 2882 2782 requiem,
2946 2715 3221 2782 sapienter
3274 2727 3435 2766 casus

1861 2806 1913 2859 in
1952 2807 2233 2858 victoriam
2263 2819 2500 2866 vertens.
2525 2805 2676 2870 juxta
2723 2806 3081 2873 Scripturam.
3145 2806 3221 2859 Ne
3259 2817 3434 2858 tamen

1879 2897 2097 2949 ~xcedas
2156 2910 2463 2949 mensuram
2512 2910 2675 2962 quam
2713 2906 2871 2948 antea
2925 2895 3433 2959 determinavinms,

1861 2995 1916 3041 et
1940 2972 2144 3048 'snilicit
2174 2985 2308 3037 tibi:
2364 2999 2541 3052 neque
2601 2984 2749 3037 enim
2805 2992 3014 3052 tantum
3077 2986 3437 3038 corroborant

1860 3089 2057 3144 corpus
2122 3073 2227 3126 alia
2306 3073 2582 3132 alimenta.
2635 3085 2897 3141 quantum
2936 3074 3117 3143 .panis
3171 3085 3226 3126 et
3280 3088 3436 3142 aqua:

1861 3171 2120 3234 sumptio.
2188 3164 2477 3231 Propterea
2529 3163 2752 3219 dicebat
2822 3159 3105 3234 propheta,
3159 3165 3265 3218 alia
3335 3180 3435 3233 pro

1860 3256 2032 3310 nihilo
2060 3265 2364 3322 reputans:
2411 3251 2499 3308 «In
2558 3255 2819 3323 pondere
2863 3271 3060 3324 panem
3125 3265 3277 3307 tuum
3322 3270 3435 3310 co-
3501 3312 3504 3316 ,

1861 3346 2066 3406 medes,
2123 3353 2177 3396 et
2197 3358 2392 3412 aquam
2447 3343 2499 3394 in
2531 3336 2782 3396 mensura
2816 3343 2966 3397 bibes
3000 3342 3040 3396 ⁸.
3086 3361 3109 3394 ι
3134 3342 3267 3396 Nam
3302 3351 3417 3396 tres

1860 3438 2023 3493 habet
2080 3438 2354 3490 nutrimen
2423 3434 2728 3489 terminos:
2821 3435 3261 3502 temperantiam,
3311 3432 3430 3487 ἰω-

1863 3529 2141 3598 galitatem
2196 3537 2252 3582 et
2292 3526 2656 3581 saturitatem.
2693 3524 2749 3578 In
2803 3524 3182 3593 temperantia,
3246 3534 3434 3593 pastus

1861 3620 2038 3672 adhuc
2091 3616 2309 3679 esurit;
2376 3615 2430 3669 in
2470 3614 2799 3684 frugalitate,
2833 3628 2933 3668 nec
2962 3614 3137 3668 esurit
3174 3629 3276 3668 nec
3308 3627 3434 3683 gra-

1861 3720 2054 3773 vatur;
2115 3709 2167 3760 in
2229 3708 2548 3770 saturitate;
2588 3715 2844 3774 gravatur
2883 3703 3127 3771 paulum.
3169 3703 3277 3757 Sed
3309 3714 3435 3771 post

1865 3802 2200 3856 saturitatem
2249 3799 2428 3852 adhuc
2475 3799 2780 3860 comedere,
2829 3806 2983 3865 porta
3017 3804 3100 3848 est
3155 3795 3432 3864 ingluvie,

1862 3909 1958 3962 per
2015 3907 2175 3960 quam
2207 3892 2414 3944 luxuria
2453 3885 2769 3957 ingreditur.
2805 3888 2884 3941 Tu
2920 3901 3047 3942 vero
3106 3887 3218 3941 haec
3253 3889 3422 3955 probe

1863 3985 2066 4049 sciens,
2121 3998 2220 4051 pro
2279 3983 2484 4036 viribus
2558 3983 2663 4035 tuis
2721 3981 2914 4034 melius
2961 3980 3121 4047 elige.
3178 3994 3283 4033 non
3333 3994 3432 4032 ex-

1871 4077 2071 4129 cedens
2098 4075 2338 4130 limites:
2398 4090 2520 4128 nam
2556 4074 2812 4143 perfeCIis
2863 4075 3124 4142 competit
3191 4071 3432 4140 Apostoli

1870 4166 2040 4220 instar
2068 4167 2310 4230 rsatiari,
2343 4178 2401 4219 et
2424 4168 2654 4230 esurire,
2685 4177 2740 4218 et
2767 4168 2943 4218 omnia
2999 4179 3153 4229 posse
3175 4166 3250 4214 ³.»

193 4257 359 4308 θέντα
387 4269 402 4283 ·
443 4254 748 4324 αὐτάρκεια
790 4256 868 4318 δὲ,
911 4259 972 4308 τὸ
1012 4261 1149 4326 μήτε
1196 4260 1408 4327 πεινᾷν,
1449 4261 1586 4328 μήτε
1628 4258 1951 4328 βαρεῖσθαι·
2015 4258 2176 4327 κόρος
2206 4256 2286 4318 δὲ,
2319 4256 2379 4305 τὸ
2415 4256 2680 4322 βαρείσθα
2741 4257 2960 4324 μικρόν.
2989 4255 3062 4306 Τὸ
3090 4255 3148 4306 δὲ
3180 4254 3320 4317 μετὰ
3354 4255 3418 4304 τὸ

194 4349 530 4418 κορεσθῆναι
559 4352 723 4402 πάλιν
753 4350 975 4416 ἐσθίειν,
1026 4351 1166 4419 θύρα
1212 4351 1334 4402 ἐστὶ
1395 4350 1864 4418 γαστριμαργίας,

1920 4348 1985 4400 δι’
2017 4344 2085 4418 ἧς
2116 4349 2148 4416 ἡ
2177 4348 2402 4416 πορνεία
2428 4349 2758 4416 εἰσέρχεται.
2786 4347 2860 4399 Σὺ
2887 4346 2943 4398 δὲ
2967 4345 3140 4400 ταῦτα
3175 4347 3419 4415 ἀκριϐῶς

195 4439 598 4507 ἐπιστάμενος,
625 4441 766 4492 κατὰ
807 4445 906 4518 τὴν
935 4443 1033 4510 σὴν
1063 4442 1294 4510 δύναμιν
1327 4441 1390 4494 τὸ
1427 4445 1678 4510 κρεῖττον
1701 4440 1967 4505 ἐπίλεξαι,
2002 4441 2078 4506 μὴ
2123 4441 2472 4511 ὑπερϐαίνων
2512 4441 2638 4500 τοὺς
2673 4439 2832 4505 ὅρους
2863 4453 2878 4470 ·
2913 4437 3022 4489 τῶν
3051 4435 3163 4506 γὰρ
3193 4437 3421 4490 τελείων

198 4535 324 4604 ipsi
350 4537 445 4589 καὶ
473 4536 656 4599 τοῦτο,
687 4537 832 4589 κατὰ
853 4537 945 4587 τὸν
984 4535 1334 4594 Ἀπόστολον,
1368 4535 1429 4587 τὸ
1465 4536 1679 4604 πεινᾷν,
1708 4536 1802 4586 καὶ
1827 4531 2211 4602 χορτάζεσθαι,
2243 4535 2338 4586 καὶ
2359 4536 2419 4585 ἐν
2444 4535 2580 4585 πᾶσι
2605 4531 2866 4588 δυνατοὺς
2890 4526 3056 4584 εἶναι.

195 4644 331 4710 Περὶ
359 4642 617 4708 πλάνης,
657 4638 728 4694 ἐν
758 4634 806 4706 ᾧ
836 4642 933 4692 καὶ
960 4641 1090 4706 περὶ
1127 4638 1375 4692 πολλῶν
1395 4640 1759 4693 ὑποθέσεων.

266 4735 410 4802 Ὅρα
440 4734 494 4784 δὲ
528 4734 607 4784 ὃτι
641 4732 896 4801 βούλομαί
927 4748 984 4782 σε
1015 4711 1258 4799 ἀκριϐῶς
1289 4730 1484 4782 ειδέναι
1517 4731 1764 4799 περὶτῆς

194 4825 427 4893 πλάνης,
480 4824 573 4876 τοῦ
632 4822 996 4892 φυλάττεσθαι
1065 4823 1124 4886 ἐξ
1180 4823 1397 4890 αὐτῆς,
1453 4821 1660 4897 μήπως,
1706 4821 1763 4887 ἐξ

195 4915 418 4983 ἀγνοίας
471 4913 789 4984 φερόμενος,
833 4912 1036 4982 βλαϐᾖς
1091 4914 1157 4966 τά
1217 4909 1471 4981 μέγιστα,
1516 4913 1610 4966 καὶ
1667 4911 1764 4981 τὴν

193 5005 371 5077 ψυχὴν
419 5004 711 5073 ἀπολέσῃς.
757 5005 904 5055 Διότι
956 5003 1191 5064 eux/sitm;
1234 5003 1406 5056 κλίνει
1455 5004 1515 5055 τὸ
1569 5003 1762 5067 αὐτεξ-

195 5098 382 5151 ούσιον
413 5097 505 5149 τοῦ
556 5097 849 5165 ἀνθρώπου
880 5095 1014 5164 πρὸς
1043 5094 1324 5146 κοινωνίαν
1355 5095 1462 5145 τῶν
1488 5095 1759 5160 ἐναντίων,

201 5189 296 5242 καὶ
337 5189 570 5256 μάλιστα
626 5186 733 5236 τῶν
787 5183 1048 5253 ἀπείρων,
1089 5184 1197 5235 τῶν
1224 5185 1656 5252 ’μετερχομένων
1689 5184 1765 5246 ὡς

201 5281 293 5333 ὑπ’
327 5278 525 5331 αὐτῶν·
551 5279 714 5344 ἐγγὺς
737 5277 845 5344 γὰρ
873 5275 1072 5337 αὐτῶν,
1102 5275 1195 5326 καὶ
1225 5274 1410 5344 κύκλῳ
1438 5276 1487 5326 οἱ
1515 5276 1765 5343 δαίμονες

201 5371 310 5423 τῶν
353 5369 630 5438 ἁρχαρίων
661 5368 754 5420 καὶ
793 5365 1150 5436 ίδιορρύθμων
1207 5364 1481 5432 πεφύκασι
1506 5407 1522 5431 ,
1569 5367 1764 5418 διατεί-

202 5473 385 5520 νοντες
415 5459 646 5527 παγίδας
701 5457 998 5525 λογισμῶν,
1042 5458 1132 5509 καὶ
1171 5457 1403 5517 λάκκους
1435 5457 1764 5524 πτωμάτων,

205 5549 296 5603 καὶ
327 5547 724 5615 φαντασμάτων
777 5545 1012 5616 θλεθροψ
1041 5548 1074 5616 ή
1125 5546 1276 5607 πόλις
1309 5546 1417 5616 γὰρ
1446 5547 1622 5600 αὐτῶν
1675 5548 1766 5600 ὑπ’

298 5735 412 5789 is”
431 5735 519 5789 ch.
564 5748 632 5795 ιν,
670 5733 750 5793 to,
791 5727 880 5783 tt.’
953 5730 972 5760 ·
1006 5713 1231 5796 Phdipp.
1273 5742 1346 5791 tv,
1384 5728 1470 5786 ιι,
1504 5729 1586 5781 ιδ.

2077 4626 2152 4681 De
2197 4641 2399 4697 errore,
2453 4627 2538 4680 ubi
2563 4637 2614 4680 et
2640 4631 2704 4680 de
2734 4626 2913 4681 multis
2959 4626 3197 4680 materiis

1943 4735 2096 4791 Scito
2125 4751 2209 4790 me
2238 4735 2376 4789 velle
2408 4735 2503 4790 tibi
2537 4735 2758 4804 penitus
2793 4736 3138 4790 innotescere
3167 4751 3433 4802 errorem,

1862 4837 1917 4881 ιιι
1943 4839 2139 4882 caveas
2167 4825 2237 4879 ab
2261 4840 2347 4890 eo,
2383 4839 2484 4879 nec
2509 4826 2816 4895 ignorantia
2848 4827 3070 4892 ductus,
3128 4828 3433 4879 maximum

1857 4919 2059 4972 subeas
2092 4921 2371 4982 damnum,
2402 4927 2456 4971 et
2521 4918 3006 4987 animamqierdas.
3076 4918 3210 4972 Nam
3277 4918 3436 4972 facile

1867 5010 2165 5064 inclinatur
2194 5008 2425 5061 liberum
2501 5009 2738 5063 hominis
2775 5010 3065 5062 arbitrium
3112 5011 3177 5061 ad
3241 5011 3433 5064 adver-

1863 5101 2496 5163 sariortttmsocietatem,
2545 5115 2604 5151 ac
2630 5095 2928 5167 praesertim
2953 5100 3092 5168 apud
3123 5099 3434 5169 inexpertos

1861 5197 1916 5242 et
1936 5190 2145 5256 seipsos
2161 5177 2368 5242 ducere
2391 5201 2787 5257 prmsnmentes
2810 5191 2918 5242 :eis
2938 5189 3203 5257 siquidem
3217 5191 3434 5258 propio-

1861 5295 1946 5334 res
1960 5281 2289 5334 novitiorum
2309 5279 2742 5334 etsolitarlorum
2762 5283 3035 5334 damones
3054 5265 3429 5346 circumstant,

1869 5373 2158 5424 tendentes
2221 5374 2605 5440 cogitationum
2653 5371 2876 5424 insidias
2920 5380 2974 5424 et
3020 5371 3244 5438 laqueos
3302 5387 3432 5440 pec~

1859 5474 2133 5525 catnrum,
2169 5472 2222 5515 et
2281 5463 2654 5530 phantasmata
2711 5463 2977 5517 exitiosa:
3039 5462 3231 5521 civitas
3267 5463 3426 5525 enim

1862 5552 2072 5615 illorum
2101 5553 2200 5605 sub
2231 5561 2497 5621 potestate
2534 5554 2889 5607 barbarorum
2919 5558 3022 5612 est,
3080 5564 3182 5608 nec
3239 5533 3432 5606 mirari
