4108 6330
133 465 278 531 1341
1173 463 1586 525 ΡΒᾸΞΟΕΡΤΛ
1623 462 1724 520 AD

1837 462 2259 524 ESYCHASTA
2270 463 2326 522 S.
3232 461 3368 524 1342

121 574 231 622 καὶ
259 571 426 639 χωρὶς
460 577 566 621 των
614 569 892 639 ἐμπείρων
937 570 1177 639 δέξηται,
1230 573 1468 643 εὐχερῶς
1499 575 1701 629 πλανᾶ-

1841 575 2033 642 rranti,
2068 575 2173 628 τινα
2199 587 2329 628 vero
2357 572 2536 628 omnia
2563 586 2668 625 non
2705 570 2977 639 excipere,
3025 583 3196 632 usque
3238 570 3366 623 dum

116 680 244 724 ται,
293 664 326 732 ἢ
375 662 555 730 μέλλει
597 662 923 724 πλανᾶσθαι,
982 663 1057 724 ὡς
1129 664 1551 735 εὐπαράδεκτος.
1607 671 1699 720 Δεῖ

1837 654 2068 722 edentur
2103 666 2404 735 passiones.
2457 666 2595 718 Deus
2630 670 2772 718 enim
2808 678 2913 716 non
2945 662 3258 730 indignatur
3312 662 3365 718 in

119 755 188 806 δὲ
231 754 322 805 τὸν
357 752 617 820 ἀρχάριον
663 756 727 822 τῇ
789 753 1054 823 καρδιακῇ
1106 757 1354 825 ἐνεργείᾳ
1390 758 1696 828 προσέχειν,

1838 767 2082 812 aventem
2121 757 2224 810 sibi
2253 755 2537 824 diligenter
2567 763 2708 807 metu
2734 754 2960 816 erroris,
2990 753 3204 807 etiamsi
3235 754 3365 820 quid

117 847 209 906 ὡς
235 844 464 897 ἀπλανεῖ
486 883 500 907 ,
525 844 593 895 τὰ
612 845 654 897 δ’
686 844 817 898 ἄλλα
845 847 1021 898 πάντα
1051 845 1125 915 μὴ
1140 847 1574 917 παραδέχεσθαι,
1594 850 1699 912 ἕως

1837 845 1873 900 ι)
1900 848 2018 914 ipso
2043 847 2265 899 missum
2292 846 2432 898 haud
2459 843 2743 899 admiserit
2773 843 2894 897 sine
2940 844 3368 912 interrogatione

119 933 329 1000 καιροῦ
358 934 576 1002 εἰρήνης
605 933 813 986 παθῶν.
857 932 916 985 '0
963 934 1071 1000 γὰρ
1114 934 1244 998 Θεὸς
1270 937 1369 989 οὑκ
1398 939 1697 1006 ἀγανακτεῖ

1837 937 2044 990 tmulta
2066 935 2438 1004 inquisitione,
2468 934 2563 988 sed
2596 949 2717 990 eum
2749 934 2928 1000 potius
2955 933 3136 986 laudat
3171 942 3228 985 ut
3281 948 3369 987 sa-

118 1025 271 1094 ’πρὸς
319 1023 409 1075 τὸν
452 1022 626 1092 ἐαυτῷ
660 1024 901 1092 ἀκριϐῶς
931 1026 1262 1094 προσέχοντα
1285 1027 1373 1079 διὰ
1421 1009 1518 1097 τὴν
1561 1032 1697 1083 πλά-

1839 1026 2056 1090 ientetn,
2079 1023 2190 1076 etsi
2220 1023 2540 1091 quihusdam
2570 1023 2639 1076 sit
2687 1024 2877 1074 iratus.

134 1126 270 1176 νην,
297 1109 405 1160 κᾶν
438 1109 610 1174 οὕτως
639 1113 713 1181 μὴ
747 1113 1108 1182 προσδέξηται
1137 1115 1196 1168 τὸ
1215 1113 1347 1184 παρ’
1369 1113 1559 1178 αὐτοῦ,
1591 1113 1716 1181 δίχα
1734 1109 2052 1186 ἐρωτήσεως
2082 1105 2178 1159 καὶ
2205 1101 2408 1172 πολλῆς
2455 1105 2709 1175 ἐρεύνης,
2751 1099 2884 1155 ἀλλὰ
2925 1100 3130 1169 μᾶλλον
3153 1101 3368 1156 ἐπαινεί

112 1202 206 1259 ὡς
233 1203 421 1271 σοφὸν,
453 1205 555 1258 κᾶν
583 1207 674 1260 ὶπί
698 1225 851 1271 τινας
879 1211 1282 1280 ἠγανάκτησεν.

213 1316 294 1371 Οὐ
330 1317 537 1376 πάντας
563 1313 620 1366 δὲ
657 1311 860 1379 ὀφείλει
897 1311 1126 1380 ἐρωτᾷν,
1158 1309 1269 1363 ἀλλ’
1305 1309 1400 1360 ενα
1433 1309 1526 1360 τὸν
1546 1308 1710 1375 ἐμπι-

141 1391 446 1460 στευθέντα
493 1405 590 1456 καὶ
620 1403 821 1471 ἐτέρων
862 1402 1214 1471 κυδέρνησιν,
1266 1400 1360 1452 καὶ
1391 1400 1489 1469 βίῳ
1511 1401 1711 1468 ἀστρα-

138 1495 596 1564 πτοντα,πτωχδν
617 1495 711 1564 μὲν
728 1492 1109 1557 ὅντα,πολλοὺς
1125 1493 1178 1544 δὲ
1196 1475 1714 1556 πλουτίζοντα,κατὰ

139 1596 250 1662 τὴν
280 1592 523 1661 Γραφήν.
559 1589 750 1642 Πολλοὶ
786 1588 894 1656 γὰρ
924 1587 1137 1657 ἄπειροι
1197 1586 1423 1649 πολλοὺς
1452 1585 1710 1655 ἀνοήτους

139 1684 414 1752 ἐσλαψαν,
449 1677 521 1749 ὧν
543 1682 603 1734 τὸ
629 1684 802 1751 κρῖμα
829 1679 1012 1744 ἕξουσι
1041 1679 1177 1744 μετὰ
1203 1679 1451 1737 θάνατον.
1478 1678 1552 1729 Οὐ
1582 1676 1717 1730 πάν-

142 1791 265 1826 των
291 1773 400 1842 γάρ
449 1773 594 1824 ὲστιν
615 1770 877 1838 δδηγῆσαι
931 1770 1024 1821 καὶ
1056 1769 1270 1832 ἄλλους,
1303 1769 1418 1819 ἀλλ’
1447 1762 1529 1829 οἷς
1559 1764 1712 1834 ἐδόθη

143 1867 180 1932 ἡ
218 1861 343 1914 θεία
379 1861 669 1929 διάκρισις,
708 1859 847 1910 κατὰ
904 1857 995 1909 τὸν
1041 1859 1394 1921 Ἀπόστολον,
1447 1855 1719 1924 διάκρισις

1902 1304 2017 1358 Non
2052 1318 2242 1358 omnes
2275 1311 2487 1370 oportet
2519 1303 2880 1370 interrogare,
2915 1305 3008 1356 sed
3055 1315 3220 1354 unum
3265 1301 3399 1352 alios

1835 1396 2034 1461 dueere
2081 1394 2342 1448 scientem
2382 1403 2435 1446 et
2478 1393 2586 1444 vita
2635 1390 3026 1461 refulgentem,
3071 1389 3160 1457 qui
3204 1403 3401 1457 pauper

1832 1487 1901 1540 sit
1929 1483 2583 1551 et-multoslocupletans,
2613 1484 2764 1551 juxta
2799 1483 3137 1550 Scripturam
3176 1482 3217 1532 ¹.
3253 1479 3404 1532 Multi

1833 1579 1978 1646 enim
2022 1578 2288 1645 inexperti
2337 1577 2534 1630 multos
2589 1574 2960 1642 imprudentes
3015 1571 3403 1641 perdiderunt,

1832 1683 2062 1738 quorum
2109 1669 2514 1723 damnationem
2555 1666 2810 1719 subibunt
2840 1672 2957 1732 post
2994 1675 3245 1716 mortem.
3285 1661 3406 1715 Non

1832 1763 2076 1816 omnium
2113 1761 2257 1814 enim
2300 1769 2382 1812 est
2413 1758 2546 1812 alios
2585 1757 2819 1819 ducere;
2857 1755 2950 1814 sed
2991 1756 3190 1822 quibus
3224 1753 3405 1806 divina

1806 1852 2117 1914 'discretio,
2149 1851 2404 1903 discretio
2441 1862 2631 1915 nempe
2655 1847 2965 1914 spirituum,
2994 1847 3144 1915 juxta
3179 1846 3406 1912 Aposto-

150 1929 504 2018 πνευμάτων,
531 1949 564 2017 ή
599 1947 879 2012 διαιροῦσα
909 1949 970 2000 τὸ
995 1951 1174 2017 χεῖρον
1198 1949 1305 2000 ἀπὸ
1323 1945 1428 1998 τοῦ
1473 1946 1720 2023 κρείττο-

1837 1943 1966 2010 lum‘,
2001 1943 2200 1996 booum
2245 1957 2273 1994 a
2318 1940 2455 1993 malo
2499 1953 2754 2007 separans
2792 1937 2970 2004 gladio
3011 1936 3158 1990 verbi
3193 1939 3234 1989 ³.
3269 1935 3402 1988 Nam

146 2059 267 2104 vo;,
299 2042 364 2108 τῇ
394 2039 632 2121 μαχαίρᾳ
662 2038 754 2089 τοῦ
782 2038 962 2105 λόγου.
989 2039 1254 2099 Ἕκαστος
1284 2039 1391 2107 γὰρ
1418 2036 1555 2090 ἰδίαν
1580 2038 1725 2103 γνῶ-

157 2149 275 2195 σιν,
307 2131 401 2183 καί
425 2130 690 2198 διάκρισιν
720 2129 951 2199 φυσικὴν
975 2169 990 2194 ,
1041 2130 1073 2200 ή
1108 2131 1436 2200 πρακτικὴν,
1467 2130 1504 2204 ἢ
1549 2132 1722 2198 μαθη⁴

160 2242 403 2314 ματικὴν
431 2242 710 2308 κέκτηται,
750 2240 843 2291 καὶ
871 2240 930 2292 οὐ
961 2238 1058 2308 τὴν
1085 2238 1179 2290 τοῦ
1214 2240 1520 2308 πνεύματος
1554 2240 1726 2294 ἃπαν-

156 2351 277 2396 τες.
315 2331 412 2387 Διὰ
431 2329 584 2382 τοῦτο
612 2330 797 2400 ἔλεγεν
827 2330 853 2380 ὁ
885 2329 1044 2401 σοφὸς
1077 2328 1297 2397 Σειρὰχ,
1330 2331 1393 2381 Οἱ
1424 2331 1731 2398 είρηνεύον-

154 2423 255 2485 τές
298 2438 400 2482 σοι,
429 2420 670 2472 ἔστωσαν
705 2419 913 2482 πολλοὶ,
961 2419 1010 2470 οἱ
1057 2419 1112 2469 δὲ
1160 2417 1458 2485 σύμϐουλοι.
1500 2436 1616 2481 σου,
1651 2415 1732 2482 εἷς

155 2507 274 2567 ἀπὸ
300 2505 504 2574 χιλίων.
536 2505 609 2556 Οὐ
642 2505 834 2573 μικρὸς
863 2505 918 2556 δὲ
955 2505 1104 2570 ἀγών
1140 2505 1308 2567 ἐστιν,
1339 2505 1518 2577 etiper
1540 2507 1731 2577 ὁδηγὸν

156 2596 404 2663 ἀπλανῆ,
433 2595 523 2648 καὶ
569 2598 680 2657 τοῖς
715 2596 917 2664 ἔργοις,
965 2596 1058 2648 καὶ
1109 2599 1222 2657 τοῖς
1272 2574 1470 2663 λόγοις,
1503 2574 1733 2661 καὶτοῖς

154 2689 468 2754 νοήμασιν..
517 2684 604 2736 Ἐν
660 2685 868 2746 τούτοις
925 2685 1116 2754 ὁρᾶταί
1199 2703 1281 2747 τις
1330 2686 1577 2756 ἀπλανὴς
1635 2687 1729 2748 ὢν,

153 2779 292 2828 ὅταν
325 2777 672 2844 ὲμμάρτυρον
708 2775 814 2826 ἀπὸ
866 2775 973 2826 τῶν
1030 2775 1188 2827 θείων
1220 2776 1450 2844 Γραφῶν
1501 2777 1600 2848 ἔχῃ
1637 2781 1730 2830 καὶ

154 2869 261 2936 τὴν
295 2866 514 2936 πρᾶξιν,
551 2869 644 2916 καὶ
679 2854 776 2932 τὴν
815 2865 1098 2933 φρόνησιν,
1134 2869 1536 2938 μετριοφρονῶν
1560 2871 1615 2921 ὲν
1651 2864 1732 2932 οἷς

156 2961 247 3010 δεῖ
277 2961 516 3026 φρονεῖν.
562 2957 660 3008 Βία
708 2957 816 3026 γὰρ
863 2957 962 3008 οὐκ
992 2956 1165 3025 ὀλίγη,
1203 2959 1403 3029 φθάσαι
1449 2961 1550 3028 τήν
1598 2947 1734 3028 ἀλήσ-

161 3050 322 3100 θειαν
348 3046 616 3117 φανερῶς,
646 3047 738 3099 καὶ
773 3046 1108 3115 καθαρεῦσαι
1157 3050 1263 3100 ἀπὸ
1319 3049 1425 3102 τῶν
1473 3053 1733 3102 ἐναντιων

155 3142 265 3208 τῆς
291 3138 532 3208 χάριτος,
567 3139 646 3190 ὅτι
688 3138 745 3187 tv
773 3139 1007 3206 σχήματι
1032 3124 1286 3206 ἀληθείας
1306 3139 1494 3194 εἴωθεν
1521 3127 1600 3204 (tv
1624 3143 1735 3203 τοῖς

1828 2036 2206 2102 unusquisque
2250 2032 2522 2100 propriam
2571 2030 2732 2083 habet
2783 2029 3064 2084 scientiam
3107 2038 3163 2082 et
3200 2030 3408 2082 discre-

1835 2127 2035 2180 tionem
2080 2123 2421 2190 naturalem,
2462 2130 2555 2175 aut
2595 2122 2886 2190 practicam
2913 2161 2928 2184 ,
2970 2133 3063 2174 aut
3104 2120 3407 2173 mathema-

1835 2215 2018 2280 ticam,
2039 2213 2477 2278 sedspiritualem
2508 2225 2616 2264 non
2634 2226 2842 2264 omnes.
2865 2210 3158 2276 Propterea
3190 2210 3408 2262 dicebat

1835 2306 2054 2371 Sapiens
2101 2300 2293 2356 Sirach
2319 2302 2338 2331 ³
2361 2317 2376 2356 :
2401 2320 2418 2351 ι
2455 2301 2602 2354 Multi
2629 2300 2840 2369 pacifici
2869 2299 2980 2353 sint
3009 2302 3128 2364 tibi,
3155 2300 3408 2354 etconsi-

1835 2395 2024 2447 liarius
2066 2403 2136 2449 ειι
2161 2395 2252 2449 tibi
2290 2408 2426 2446 unus
2457 2395 2522 2446 de
2552 2393 2716 2445 mille.
2747 2411 2766 2442 ›
2806 2393 2909 2445 Sed
2943 2408 3048 2445 non
3080 2409 3244 2461 parva
3263 2391 3406 2447 diﬂi-

1836 2486 2008 2538 cultas
2024 2486 2361 2538 estinvenire
2390 2485 2576 2536 ducem
2601 2499 2704 2535 non
2737 2486 3099 2536 errabundum
3127 2486 3404 2552 operibus,

1833 2578 2282 2644 sermonibusque
2330 2588 2386 2629 et
2431 2577 2869 2644 cogitatiOuibus.
2918 2579 2978 2628 ιιι
3019 2576 3101 2630 his
3134 2575 3406 2644 reperizur

1835 2668 2031 2734 aliquis
2064 2669 2267 2720 erroris
2305 2682 2521 2732 expers,
2556 2683 2675 2718 cum
2714 2668 2994 2734 probatam
3021 2667 3218 2718 divinis
3261 2667 3408 2718 Scri-

1837 2759 2012 2825 pturis
2043 2759 2206 2812 habet
2238 2760 2606 2828 Operationem
2645 2772 2699 2811 et
2731 2761 3094 2828 prudentiam,
3131 2761 3409 2811 moderate

1834 2851 2050 2918 sapiens
2102 2853 2154 2904 in
2209 2851 2404 2916 quibus
2460 2859 2675 2919 oportet
2733 2867 2947 2918 sapere.
3007 2850 3140 2903 Nam
3192 2851 3241 2902 vi
3301 2866 3408 2904 non

1835 2942 2046 2995 modica
2083 2957 2218 3010 opus
2257 2951 2342 3006 est
2381 2943 2444 2996 ad
2489 2943 2834 2996 manifestam
2876 2942 3160 2995 veritatem
3211 2958 3408 2994 conse-

1836 3035 2104 3100 quendam
2152 3042 2206 3086 et
2241 3032 2580 3086 liberandam
2637 3034 2706 3086 ab
2755 3034 2992 3085 inimicis
3031 3032 3242 3100 gratiae,
3284 3032 3410 3099 quia

1837 3125 1937 3177 sub
1970 3123 2150 3191 specie
2195 3123 2437 3178 veritatis
2483 3122 2616 3176 solet
2663 3122 2932 3185 diabolus,
2971 3124 3237 3190 imprimis
3272 3123 3411 3190 apud

135 3233 193 3304 ,ἁ
208 3229 456 3297 ρχαρίοις
488 3228 742 3296 μάλιστα)
770 3228 798 3278 ὁ
839 3228 1082 3291 διάϐολος
1105 3230 1368 3286 δεικνύειν
1399 3233 1498 3301 τὴν
1528 3233 1730 3302 πλάνην

1841 3213 2413 3276 ιιι·οιιεε,-οειειιιιοτιι
2465 3227 2616 3265 suam
2666 3213 2970 3275 fallaciam,
3020 3228 3116 3267 sua
3181 3227 3410 3274 nequam

159 3319 354 3380 αὺτοῦ,
405 3319 892 3393 μετασχηματίζων
921 3319 990 3372 τὰ
1019 3321 1227 3390 πονηρὰ
1257 3321 1422 3373 αὑτοῦ
1454 3323 1529 3385 ὠς
1569 3339 1734 3376 πνευ-

161 3427 397 3482 ματικα.

245 3503 340 3553 Διὰ
369 3499 524 3552 τοῦτο
550 3503 575 3551 ὁ
614 3501 747 3569 πρὸς
784 3501 881 3570 τὴν
924 3501 1166 3571 καθαρὰν
1197 3504 1503 3572 προσευχὴν
1533 3504 1735 3570 φθάσαι

159 3589 487 3651 σπουδάζων
513 3591 569 3642 tv
600 3590 819 3658 ἡσυχία,
854 3593 910 3641 ὲν
955 3591 1141 3658 τρόμῳ
1183 3589 1360 3659 πολλῴ
1390 3595 1484 3642 καὶ
1529 3592 1732 3656 πένθει,

157 3685 260 3736 καὶ
308 3686 385 3751 τῇ
408 3681 473 3732 δι’
522 3683 840 3749 ἐρωτήσεως
884 3681 1161 3749 ἐμπείρων
1205 3681 1487 3751 ὁδηγήσει,
1535 3684 1736 3749 ὀφείλει

154 3772 390 3831 ὁδεύειν,
421 3775 512 3823 καὶ
540 3771 746 3822 κλαίειν
775 3772 1005 3822 πάντοτε
1037 3771 1174 3839 ὑπὲρ
1211 3771 1319 3822 τῶν
1369 3773 1513 3824 ίδίων
1557 3775 1736 3841 ἁμαρ-

155 3864 316 3923 τιῶν,
348 3861 683 3928 λυπούμενος
733 3861 827 3913 καὶ
860 3855 1191 3930 φοόούμενος
1226 3864 1420 3930 μήπως
1473 3863 1730 3933 κολασθῇ,

158 3956 198 4025 ἢ
233 3952 326 4004 τοῦ
355 3952 486 4003 ε)εοῦ
517 3953 724 4020 ἐκπέσῃ
762 3952 1049 4019 χωρισθεὶς
1075 3952 1188 4014 νῦν,
1214 3953 1246 4021 ἢ
1279 3956 1335 4004 tv
1366 3952 1440 4020 τῷ
1467 3954 1732 4022 μέλλοντι.

161 4049 336 4096 ὐταν
361 4040 452 4096 οὖν
479 4044 560 4112 ἴδῃ
583 4043 609 4093 δ
638 4042 878 4103 διάϐολός
912 4058 1032 4093 τινα
1064 4043 1330 4105 πενθικῶς
1365 4044 1640 4111 διάγοντα,
1671 4047 1732 4098 οὐ

159 4133 465 4203 προσμένει
502 4134 635 4190 ἐκεῖ,
669 4130 766 4200 τὴν
801 4133 864 4181 ἐκ
912 4130 1006 4182 τοῦ
1045 4131 1270 4193 πένθους
1299 4136 1734 4204 προσγινομένην

157 4225 492 4278 ταπείνωσιν
513 4223 750 4276 δειλιῶν·
778 4223 824 4273 εἰ
845 4223 900 4280 δὲ
929 4223 1257 4290 φαντάζεται
1287 4224 1354 4275 τὰ
1382 4225 1560 4292 ὑψηλὰ
1601 4228 1736 4294 μετὰ

156 4316 392 4382 οἰήσεως
446 4312 645 4378 φθάσαι
675 4353 687 4372 ,
743 4311 907 4362 πόθον
954 4313 1241 4364 σατανικδν
1286 4313 1380 4365 καὶ
1428 4315 1527 4365 οὐκ
1563 4315 1735 4385 ἀληθῆ

155 4400 517 4467 κεκτημένος,
544 4401 650 4460 τοῖς
686 4399 873 4451 ἑαυτοῦ
897 4399 1127 4461 δικτύοις
1156 4401 1412 4470 δεσμεύει
1443 4405 1603 4455 αὑτὸν
1639 4406 1732 4456 εὑ-

164 4493 338 4552 κόλως
368 4492 440 4551 ὡς
472 4490 634 4541 αὑτοῦ
656 4491 954 4559 ὑπηρέτην.
981 4493 1077 4543 Διὰ
1114 4492 1272 4544 τοῦτο
1301 4494 1553 4561 μέγιστον
1576 4496 1735 4548 ὅπλον

1837 3307 2215 3369 phantasmata
2249 3303 2510 3356 exhibens
2546 3311 2802 3370 tanquam
2835 3303 3162 3372 Spiritualia.

1905 3478 2196 3546 Propterea
2249 3478 2341 3543 qui
2393 3495 2579 3546 puram
2620 3480 3164 3546 quietis‘oratiou'em
3219 3484 3436 3535 conse-'

1835 3575 1927 3636 qni
1979 3571 2180 3636 studet,
2223 3570 2276 3622 iu
2328 3579 2559 3623 tremore
2620 3571 2791 3622 multo
2839 3581 3001 3638 atque
3053 3571 3221 3637 luctu,
3273 3573 3412 3625 duce

1838 3663 2132 3729 peritorum
2207 3661 2672 3730 interrogatione,
2739 3661 3019 3715 ambulare
3094 3663 3296 3727 debet,
3356 3675 3412 3717 et

1835 3754 1964 3806 ﬂere
2008 3769 2219 3822 semper
2261 3770 2356 3805 sua
2407 3766 2645 3818 pet-cata,
2682 3770 2917 3806 [merens
2953 3737 3007 3806 et
3039 3754 3233 3806 timens
3277 3771 3342 3820 pe
3379 3771 3410 3807 a

1841 3848 1949 3901 Deo
1981 3848 2194 3900 excidat
2225 3865 2287 3900 ae
2318 3859 2598 3914 separetur
2637 3864 2687 3897 ιιι
2735 3848 2988 3914 ρι’ωεειιιι
3024 3846 3277 3900 futurove
3308 3862 3410 3900 sae-

1838 3940 1977 3991 culo.
2022 3920 2251 4003 Quando
2327 3942 2485 4006 igitur
2564 3939 2707 3990 videt
2765 3939 3011 3992 diabolus
3061 3939 3292 4006 aliquem
3356 3941 3408 3991 in

1837 4027 1982 4081 luctu
2032 4030 2342 4090 viventem,
2400 4045 2504 4081 ιιυιι
2558 4029 2632 4081 ibi
2687 4041 2965 4090 remanet,
3019 4031 3284 4081 orientem
3342 4045 3407 4082 ex

1841 4119 1984 4171 luctu
2036 4119 2336 4172 formidans
2379 4120 2768 4184 humilitatem;
2809 4120 2853 4172 si
2893 4133 3020 4171 vero
3064 4133 3122 4170 se
3166 4119 3268 4170 sibi
3321 4134 3412 4169 su~

1840 4211 2026 4264 hlitnia
2080 4213 2399 4278 adepturum
2454 4211 2802 4278 imaginatur,
2852 4210 3153 4262 satanicnm
3205 4212 3410 4262 habens

1837 4314 1893 4358 et
1938 4320 2043 4356 non
2097 4320 2282 4357 verum
2333 4305 2691 4366 desiderium,
2736 4302 2989 4355 ille'suis
3037 4302 3244 4354 retibus
3287 4317 3408 4353 eum

1837 4395 1996 4451 facile
2053 4397 2294 4465 implicat
2355 4406 2411 4449 ut
2463 4411 2618 4449 suum
2680 4411 2922 4448 servum.
2968 4394 3153 4461 Itaque
3187 4395 3412 4463 Optimo

1841 4499 2016 4542 tectus
2047 4495 2128 4541 est
2164 4499 2338 4550 scuto,
2379 4489 2468 4554 qui
2520 4487 2758 4553 possidet
2790 4487 2844 4538 in
2893 4488 3141 4538 oratione
3183 4486 3410 4551 luctum,

161 4583 390 4652 κρατεῖν
447 4583 505 4632 ὲν
562 4583 860 4649 προσευχῇ,
892 4582 986 4632 καὶ
1038 4580 1098 4633 τὸ
1132 4582 1342 4644 πένθος,
1395 4583 1480 4636 ἴνα
1534 4586 1607 4654 μὴ
1655 4589 1730 4648 είς

1844 4589 1902 4631 ιιι
1942 4597 2046 4632 non
2085 4581 2136 4632 in
2175 4579 2647 4645 praesumptionem
2691 4595 2753 4630 ex
2795 4576 3062 4628 orationis
3101 4576 3283 4627 Letitia
3326 4578 3410 4627 in-

161 4672 342 4740 οῖησιν
386 4670 491 4721 ἀπὸ
537 4669 631 4736 τῆς
686 4670 858 4735 χαρᾶς
902 4668 999 4735 τῆς
1043 4670 1350 4738 προσευχῆς
1409 4677 1732 4743 περιπίπτῃ,

161 4760 305 4816 ἀλλὰ
347 4761 444 4828 τὴν
471 4758 828 4827 χαρμολύπην
877 4758 1052 4828 ἑαυτῷ
1108 4759 1480 4827 ἐκλεγόμενος,
1525 4764 1737 4834 τηρήσῃ

162 4851 412 4917 ἀϐλαϐῆθ
451 4853 481 4917 ἡ
522 4850 626 4918 γὰρ
663 4849 906 4916 ἀπλανὴς
965 4850 1259 4917 προσευχὴ.
1311 4850 1544 4920 ἠθέρμη
1601 4857 1736 4922 μετά

164 4935 269 5010 τῆς
300 4941 604 5009 προσευχῆς
634 4940 725 4990 τοῦ
773 4937 966 5005 Ἰησοῦ,
1007 4939 1099 4990 τοῦ
1135 4940 1382 5006 βαλόντος
1408 4943 1517 5009 πῦρ
1539 4945 1617 5005 εἰς
1641 4946 1736 5013 τὴν

168 5035 274 5100 γῆν
304 5032 398 5098 τῆς
430 5030 653 5098 καρδίας
680 5027 836 5096 ἡμῶν
865 5031 1028 5089 ἐστιν,
1074 5032 1106 5098 ή
1137 5031 1459 5097 φλογίζουσα
1491 5034 1557 5085 τὰ
1596 5035 1734 5103 πάθη

170 5122 246 5183 ὡς
271 5120 528 5179 ἀκάνθας,
554 5122 646 5170 καὶ
669 5118 1002 5186 εὐφροσύνην
1031 5121 1122 5169 καὶ
1166 5121 1455 5188 ίλαρότητα
1484 5124 1738 5190 ἐμποιοῦ-

175 5227 244 5262 σα
277 5212 341 5277 τῇ
373 5208 538 5276 ψυχῇ.
569 5209 660 5259 καὶ
701 5210 833 5275 μήτε
869 5207 1033 5270 δεξιὰ,
1070 5209 1100 5278 ἢ
1146 5210 1432 5276 ἀριστερὰ,
1463 5211 1496 5279 ἢ
1525 5212 1732 5264 ἀνωθεν

172 5301 465 5367 ἐρχομένη,
498 5297 608 5347 ἀλλ’
654 5299 710 5347 ὲν
740 5297 932 5364 καρδίᾳ
981 5297 1345 5363 βλυστανουσα
1371 5300 1525 5368 δίκην
1555 5302 1735 5369 πηγῆς

173 5390 368 5450 ὓδατος
398 5391 459 5437 ὲκ
487 5387 576 5438 τοῦ
603 5386 864 5448 ζωοποιοῦ
899 5387 1238 5453 Πνεύμοιτος⁹
1285 5391 1374 5440 καὶ
1413 5391 1612 5458 ταύτην
1643 5393 1736 5459 μό-

175 5498 273 5547 νην
300 5481 354 5528 ἐν
395 5477 590 5542 καρδίᾳ.
649 5493 742 5525 σου
782 5475 1012 5542 πόθησον
1051 5477 1226 5544 εὑρεῖν
1275 5481 1366 5529 καὶ
1415 5482 1735 5548 κτήσασθαι,

173 5568 354 5635 τηρῶν
392 5584 482 5616 σου
530 5568 618 5615 τὶν
677 5564 804 5615 νοῦν
850 5567 934 5616 ἀεὶ
975 5567 1311 5634 ἁφάνταστον
1338 5608 1351 5630 ,
1391 5571 1483 5620 καὶ
1534 5575 1736 5639 γυμνὸν

175 5659 460 5725 νοημάτων
482 5659 572 5707 7.3.".
605 5655 893 5722 λογισμῶν,
925 5658 1014 5707 καὶ
1044 5659 1118 5727 μὴ
1145 5659 1328 5724 εοΰοῦ
1358 5663 1383 5710 ὁ
1408 5662 1515 5728 γὰρ
1543 5663 1733 5726 εἰπὼν,

263 5853 351 5910 'U
383 5851 506 5907 (lor.
543 5868 610 5917 ιι,
646 5853 726 5918 ιι).

849 5854 864 5880 ¹
895 5852 908 5903 ι
945 5851 1065 5903 Cor.
1110 5866 1203 5914 λιι,
1259 5849 1351 5913 l0;
1391 5848 1550 5903 llcbr.
1602 5867 1649 5914 γ,
1690 5851 1778 5916 li;
1827 5853 2023 5920 Ephes.
2071 5868 2144 5917 vr,
2188 5851 2268 5905 l7.

1834 4671 2002 4734 cidat,
2037 4671 2130 4724 sed
2163 4671 2435 4723 laetiﬁcum
2478 4685 2766 4722 tmerorem
2821 4667 2924 4720 srbi
2971 4669 3197 4736 eligens,
3229 4677 3409 4720 servet

1838 4765 2123 4818 intactum.
2161 4762 2294 4814 Nam
2343 4763 2517 4814 oratio
2561 4750 2666 4824 non
2711 4777 2935 4814 errouea
2977 4771 3059 4814 est
3100 4760 3270 4812 oratio
3307 4759 3412 4810 fer-

1837 4859 1961 4911 vida
1992 4857 2144 4917 Jesu,
2177 4857 2264 4924 qui
2301 4856 2444 4909 misit
2479 4856 2654 4924 ignem
2686 4857 2736 4905 in
2773 4868 2971 4907 terram
3005 4854 3182 4909 cordis
3216 4859 3410 4917 nostri,

1838 4950 2163 5002 comburens
2205 4949 2327 5000 vitia
2350 4949 2486 4999 sit-nt
2514 4950 2728 5018 Spinas,
2755 4946 3107 5018 lg-titiamqne
3139 4954 3190 4997 et
3224 4945 3378 4996 hilari
3399 4971 3412 4982 -

1839 5047 2003 5090 tatem
2024 5038 2252 5089 aﬂeretrs
2271 5040 2485 5098 auinne,
2516 5053 2610 5088 nec
2637 5038 2701 5088 ad
2729 5037 3027 5092 dexteram.
3065 5044 3159 5086 aut
3194 5035 3256 5084 ad
3283 5034 3414 5085 sini-

1848 5138 2043 5191 stram,
2081 5137 2172 5179 aut
2204 5143 2417 5180 sursum
2452 5128 2658 5192 abiens,
2693 5129 2783 5178 sed
2819 5129 2867 5178 in
2903 5135 3064 5178 (οισι)
3108 5126 3412 5178 seaturiens

1848 5220 2002 5285 qttasi
2043 5219 2164 5270 fons
2205 5234 2357 5284 aqua:
2403 5233 2428 5268 a
2466 5218 2677 5268 virilico
2710 5216 2922 5284 spiritu.
2957 5215 3106 5267 Illam
3147 5217 3316 5268 solatii
3361 5216 3410 5267 in

1848 5309 2009 5362 corde
2063 5319 2154 5361 tuo
2207 5311 2393 5375 cupias
2447 5309 2689 5376 invenire
2747 5322 2810 5359 ac
2866 5309 3148 5373 consequi,
3194 5322 3416 5360 servans

1848 5409 2082 5450 tuentem
2139 5409 2284 5451 tuam
2341 5415 2551 5465 seraper
2600 5400 2893 5466 imaginum
2955 5398 3302 5464 idi-arnmqne
3354 5413 3417 5450 ac

1848 5490 2234 5556 cogitationum
2299 5499 2617 5557 expertem;
2681 5505 2780 5540 nec
2835 5489 3049 5559 timeas.
3106 5488 3204 5550 Qui
3270 5488 3416 5540 enim

1853 5578 2036 5630 tlixit‘
2071 5597 2084 5631 :
2117 5597 2134 5629 ι
2179 5578 2380 5631 Hahete
2436 5580 2681 5629 ﬁduciam
2721 5595 2733 5630 :
2785 5593 2881 5645 ego
2933 5593 3086 5640 smn,
3135 5577 3296 5629 nolite
3348 5580 3416 5629 ιίο

1857 5685 2018 5720 mere.
2053 5688 2070 5719 ι
2112 5669 2224 5736 ipse
2269 5669 2541 5721 Itobisrum
2573 5677 2650 5721 est
2687 5683 2846 5734 quem
2893 5668 3206 5732 qnwrimns,
3241 5677 3417 5732 prote-

2407 5851 2424 5880 ³
2456 5851 2620 5905 L'ccli.
2657 5866 2731 5917 vt,
2764 5852 2813 5904 6.
2915 5853 2931 5880 ⁸
2965 5849 3145 5902 Matth.
3181 5864 3288 5911 xiv,
3325 5847 3414 5903 27.
