4108 6330
171 426 313 492 135⁵1

160 636 527 707 τυραννούσῃ.
560 636 652 689 καὶ
677 635 737 687 rb
761 634 975 705 χρόνιον
1012 632 1132 695 ἔθος
1160 633 1250 685 καὶ
1276 630 1369 684 τὸν
1398 628 1625 698 φυσικδν
1647 625 1734 678 νό-

170 745 273 796 μον
299 726 619 796 ἔπιτειχίζει
652 743 763 791 μοι,
794 727 885 780 καὶ
920 725 1134 795 μάλισθ’
1168 725 1249 777 ὅτι
1300 724 1395 775 καὶ
1423 721 1547 774 ἄλλο
1593 736 1732 787 συμ-

169 819 405 887 μαχεκδν
436 820 498 871 ὲκ
537 819 728 884 καινῆς
773 817 1264 885 προσεταιρέζεται,
1297 817 1357 869 rb
1410 818 1495 869 ἐπ’
1535 815 1733 877 ὀσφύος

167 914 269 964 καὶ
318 910 404 961 ἐπ’
432 908 676 977 ὀμφαλοῦ
715 910 947 980 γαστρὸς
996 910 1175 981 ἰσχύον
1209 911 1509 974 τηνικαῦτα
1541 908 1731 971 πάθος.

169 999 271 1052 καὶ
296 1003 433 1070 πρός
458 1018 521 1067 γε
560 1001 619 1053 rb
667 1002 1090 1069 φιλοχρήματον,
1121 1001 1181 1054 rb
1214 998 1516 1069 φιλότιμον.
1556 1000 1652 1054 καὶ
1685 999 1740 1053 εί

166 1107 221 1142 τι
252 1094 463 1155 τούτοις
511 1094 706 1146 ὀπαδὸν
747 1094 935 1165 ἕτερον
966 1093 1101 1160 μετὰ
1144 1094 1358 1147 τοσοῦδε
1409 1095 1501 1146 καὶ
1530 1092 1733 1146 τοιοῦδε

169 1180 398 1249 στίφους
445 1183 757 1236 συνίσταται
809 1187 900 1237 καὶ
948 1183 1426 1249 ἀντιστρατεύεταί
1485 1202 1593 1250 μοι,
1643 1185 1736 1237 καὶ

167 1279 617 1343 καταστρατηγεῖ
668 1276 759 1328 καὶ
801 1274 1188 1346 αἰχμαλωτίζει
1245 1290 1310 1346 με
1339 1272 1415 1343 τῷ
1447 1277 1597 1345 νόμῳ
1639 1277 1737 1344 τῆς

168 1364 471 1431 ἁμαρτίας,
522 1366 616 1417 καὶ
670 1366 846 1419 πείθει
899 1368 1158 1434 πράττειν
1209 1370 1303 1421 καὶ
1362 1366 1736 1437 συμπράττειν

170 1454 347 1523 αὐτῷ,
369 1454 397 1506 δ
428 1454 502 1524 μὴ
538 1457 675 1511 θέλω
700 1459 833 1523 μηδὲ
866 1456 1143 1527 βούλομαι.
1180 1458 1368 1521 Οὕτως
1397 1456 1535 1512 οἶδεν
1572 1462 1738 1530 άρχε-

170 1545 335 1598 σθαι·
367 1546 507 1601 οὕτω
540 1548 738 1617 νόμους
766 1549 1041 1613 ὑποταγῆς
1095 1551 1251 1620 τιμᾷ.
1288 1551 1576 1604 Ἐντευθεν
1613 1554 1739 1622 μέν·

167 1653 258 1688 τοι
305 1641 630 1704 συνήνεγκεν
683 1639 770 1701 ἄν,
822 1633 868 1692 ῶ
920 1639 1063 1707 φίλοι
1121 1640 1280 1706 Θεοῦ,
1344 1644 1418 1711 μὴ
1484 1645 1738 1713 ῥοπάλοις

171 1726 400 1779 κόπτειν
467 1728 799 1797 όνηλατικῶς
853 1729 914 1782 rb
960 1730 1334 1799 γαυρούμενον
1394 1730 1535 1787 οὕτω
1586 1738 1737 1803 παρά

172 1816 340 1875 φύσιν
369 1818 463 1870 καὶ
499 1819 735 1887 σκιρτῶν
768 1818 1068 1882 ἀκάθεκτα,
1094 1822 1188 1873 καὶ
1218 1823 1413 1891 μηκέτι
1448 1825 1736 1892 κτηνωδῶς
1769 1838 1810 1891 Β

172 1903 513 1973 όξνκὼμενον.
563 1905 698 1959 ἀλλά
751 1906 1030 1978 θηριωδῶς
1064 1908 1434 1980 βρυχώμενον,
1477 1912 1600 1967 οὔτε
1635 1914 1738 1985 μήν

179 1996 402 2063 μάστιξι
463 1999 560 2051 καλ⁵
611 2000 856 2068 πυγμαῖς
907 1996 1240 2063 δεσποτικῶς
1294 1999 1636 2067 ὑπωπιάζειν
1680 2007 1740 2058 rb

174 2089 628 2154 ἐπανιστάμενον,
675 2090 769 2145 καὶ
798 2090 1073 2159 τυραννίδι
1103 2092 1381 2161 προδήλως
1427 2096 1741 2165 ἐπιτιθέμε-

173 2197 287 2243 νον,
324 2179 458 2233 ἀλλὰ
508 2181 709 2251 σιδήρῳ
758 2183 1024 2251 μετιέναι,
1072 2184 1101 2236 δ
1137 2201 1290 2251 φασι,
1315 2188 1410 2238 καὶ
1444 2189 1603 2257 πυρὶ,
1647 2192 1741 2242 καὶ

173 2270 442 2338 λαμπρὰν
493 2271 748 2338 καθάπαξ
776 2274 1011 2343 ἄρασθαι
1062 2277 1260 2345 μάχην,
1308 2278 1406 2332 καὶ
1440 2280 1605 2342 όμόσε
1638 2300 1743 2350 χω-

178 2358 431 2431 ρήσασαν
468 2364 544 2433 τῷ
576 2366 838 2435 πολεμίῳ,
871 2367 903 2436 ἦ
962 2366 1062 2437 ζῇν
1113 2369 1348 2433 εὐκλεῶς
1382 2387 1743 2440 παραστησα-

180 2453 353 2522 μένην
386 2454 534 2519 αὐτὸ,
564 2455 597 2524 ἦ
632 2457 691 2509 rb
738 2456 832 2510 τοῦ
871 2458 1119 2525 γενναίου
1168 2458 1403 2527 Σαμψὼν
1459 2460 1655 2530 δρᾶσαί
1682 2480 1742 2516 τε

177 2544 278 2596 καὶ
327 2546 539 2609 παθεῖν,
574 2548 669 2599 καὶ
724 2548 926 2603 σπεῖσαι
958 2546 1101 2616 λέγω
1131 2550 1192 2603 rb
1229 2550 1470 2618 ὑϐρίζον,
1504 2554 1598 2605 καὶ
1649 2553 1741 2606 πί·

183 2650 377 2688 πτοντι
440 2639 728 2693 ὲπαπιέναι
786 2642 1102 2710 χαίρουσαν.
1151 2636 1256 2695 Ἦν
1315 2642 1371 2694 δὲ
1419 2643 1525 2710 ἄρα
1580 2645 1745 2713 κᾱιμολ⁷

182 2728 498 2795 συμπίπτον
520 2731 694 2782 ἐκεῖνο
720 2732 778 2782 rb
808 2730 958 2799 παρά
980 2732 1075 2799 τῆς
1106 2733 1401 2801 παροιμίας
1434 2733 1745 2802 σχετλιαζὸ-

188 2832 373 2882 μενον·
432 2817 498 2872 Δί
546 2820 623 2881 αἱ,
671 2822 729 2873 rb
783 2822 933 2888 δήτοι
980 2819 1151 2876 δεινὸν
1200 2821 1507 2891 ἀνθρώποις
1557 2825 1742 2887 κακὸν,

180 2908 317 2958 ὅταν
364 2925 445 2970 τις
480 2908 592 2978 εἰδῇ
639 2898 896 2976 τάγαθὸν,
950 2911 1152 2980 χρῆται
1182 2913 1239 2965 δὲ
1278 2914 1377 2979 μή.
1405 2914 1589 2967 Εἰδυῖα
1640 2918 1747 2984 γάρ

180 2993 259 3056 ὡς
292 2996 354 3047 οὐ
413 3000 784 3062 μαστιγωτέον
835 3000 953 3052 ἐστὶ
985 3000 1047 3051 rb
1104 2999 1275 3064 οὕτως
1333 3003 1577 3067 ἀπειθὲς,
1629 3002 1747 3057 ἀλλ’

185 3086 509 3154 ἐχθραντέον
540 3084 614 3149 ὡς
671 3086 933 3159 πολεμίῳ,
966 3092 1116 3157 ὅμως
1172 3090 1233 3145 οὐ
1282 3094 1499 3161 χρῶμαι
1528 3095 1747 3165 τάγαθῷ

183 3177 387 3243 τουτῳί
447 3177 712 3247 λογισμῷ.
767 3174 1130 3249 Ἐκκρούομαι
1178 3182 1286 3250 γάρ
1327 3184 1479 3253 παρὰ
1540 3187 1747 3254 μυρίων

188 3268 401 3323 παθῶν.
460 3266 590 3321 Τίνα
627 3266 841 3336 ταῦτα;
887 3268 950 3323 οὐ
1004 3272 1112 3341 γὰρ
1162 3272 1550 3345 ἀποκρύψομαι
1581 3274 1745 3341 ὑμᾶς.

180 3356 388 3419 Αἰδὼς,
422 3357 608 3440 φειδὼ,
645 3358 813 3423 ἔλεος,
842 3359 961 3424 δέος
990 3358 1089 3415 οὐκ
1128 3360 1300 3428 ἀδεὲς,
1331 3358 1467 3417 ἀλλὰ
1516 3366 1747 3434 καίριον.

191 3448 459 3510 Αἰδοῦμαι
513 3450 587 3513 ὡς
617 3445 925 3519 ὁμόδουλον,
964 3452 1056 3504 καὶ
1100 3447 1175 3514 ὡς
1209 3449 1471 3524 σύνεργόν
1519 3467 1667 3517 ποτε,
1701 3456 1749 3511 εί

191 3540 290 3591 καὶ
337 3539 411 3607 μὴ
444 3540 557 3605 νῦν,
604 3541 731 3602 ίσως
779 3540 1054 3610 ἐσόμενον,
1096 3545 1188 3595 καὶ
1222 3540 1297 3605 ὡς
1346 3545 1751 3617 συντεθραμμέ-

191 3645 304 3689 νον,
336 3628 428 3679 καλ¹
466 3627 618 3695 φίλον
649 3629 865 3698 ζξταίρον
894 3629 989 3681 καὶ
1029 3628 1192 3699 ἥλικα
1213 3645 1225 3659 ·
1258 3624 1508 3699 φείδομαι
1544 3628 1619 3694 ὡς
1645 3632 1752 3685 δει-

189 3717 345 3768 λαίου
370 3717 463 3769 καὶ
488 3717 749 3785 δυστήνου
782 3715 877 3768 καὶ
905 3714 1169 3782 τλήμονος
1187 3732 1201 3746 ⁶
1231 3715 1322 3770 καί
1357 3734 1444 3783 μοι
1474 3717 1644 3778 δεινός
1668 3736 1751 3779 τις

190 3806 340 3868 ἕλεος
374 3804 579 3866 ὕπεισι,
626 3807 720 3859 καὶ
755 3805 851 3858 οὐκ
887 3800 985 3856 οἶδ’
1013 3806 1160 3867 ὅπως
1210 3806 1546 3873 συνανιῶμαι
1574 3805 1753 3868 πιεζοά

195 3899 362 3965 μένῳ,
392 3897 485 3949 καὶ
506 3895 806 3965 θλιϐομένῳ
831 3894 1221 3963 συνοδυνῶμαι,
1242 3897 1337 3949 καλ⁸
1364 3894 1613 3961 ἀλγοῦντι
1633 3912 1754 3949 συν-

189 3987 386 4055 έχομαι
413 4003 427 4018 ο
458 3984 540 4039 ἔτι
571 3986 910 4055 φυλάττομαι
947 3985 1019 4055 μὴ
1056 3986 1178 4047 ταῖς
1236 3986 1542 4038 κακώσεσιν
1584 3987 1752 4040 ἐκκα-

196 4080 372 4147 κῆσαν
427 4078 581 4132 λάθοι
629 4076 813 4140 πεσδν,
865 4078 959 4131 καὶ
1001 4076 1391 4148 προστρίψαιτὸ
1444 4095 1533 4148 μοι
1578 4080 1756 4132 αἰτίαν

195 4171 558 4240 αὐτοχείρων,
587 4169 620 4240 ἥ
656 4168 892 4239 δεσμίων
936 4170 1326 4240 διορυσσόντων
1367 4171 1630 4241 φρουρὰν,
1662 4171 1757 4225 καὶ

192 4260 723 4330 ἀποδιδρασκόντων,
746 4259 779 4331 ἢ
802 4261 1135 4331 θεράποντας
1156 4261 1317 4322 ίδίους
1337 4259 1756 4329 διαφθειρόντων

195 4348 448 4416 ὲτασμῶν
477 4348 569 4399 καὶ
600 4348 846 4417 βασάνων
882 4349 1214 4401 ἔπιτάσεσιν.
1252 4350 1400 4415 Ὀσῳ
1434 4350 1541 4420 γὰρ
1580 4351 1752 4418 θρασύ

195 4439 290 4491 καὶ
317 4440 507 4508 ἰταμόν
540 4441 706 4505 ἐστιν,
738 4440 826 4493 ὅτε
854 4441 949 4492 καὶ
988 4439 1187 4509 μᾶλλον
1213 4442 1493 4510 εὐτραφεῖ,
1519 4441 1757 4512 τοσούτῳ

195 4530 350 4599 παρά
378 4530 476 4598 τῆς
518 4530 929 4600 προστυχούσης
961 4529 1291 4598 τληπαθείας
1342 4533 1757 4601 καταρασσόμε-

195 4636 288 4675 νον
312 4620 907 4697 τέθνηκενκούχλὸπως
932 4618 1039 4688 γὰρ
1064 4618 1275 4677 νοσοῦν.
1296 4618 1430 4672 άλλά
1455 4622 1547 4671 καὶ
1576 4618 1760 4689 ριγοῦν

196 4712 293 4764 καὶ
348 4691 683 4781 ἁγρυπνούν,
734 4691 1003 4778 ἦπεινῶν
1053 4707 1146 4759 καὶ
1187 4705 1377 4775 διψῶν,
1441 4704 1760 4776 ριπτάζεται

200 4800 344 4853 κατά
374 4796 475 4865 γῆς
502 4799 768 4861 ἐκλεῖπον,
808 4798 899 4850 καὶ
927 4796 1077 4865 παρά
1103 4796 1380 4862 δυσμενῶν
1410 4797 1569 4851 ἕλκον
1594 4797 1759 4851 ἔλεον⁴

205 4891 282 4961 μή
310 4893 391 4946 ὃτι
412 4904 475 4958 γε
500 4891 600 4960 τῆς
632 4890 763 4960 παρ’
788 4886 920 4957 ἐμοῦ
949 4886 1205 4941 κοινωνοῦ
1228 4888 1492 4954 γενέσεως
1517 4890 1610 4941 καὶ
1639 4889 1765 4958 βιῶ-

205 4996 365 5041 σεως,
419 4977 506 5032 ναὶ
538 4980 643 5047 μὴν
698 4977 795 5031 καὶ
839 4972 1256 5045 παλιγγενεσίας
1302 4976 1396 5029 καὶ
1454 4976 1764 5047 παλιμϐιώ·

204 5085 345 5131 σεως

279 5158 543 5221 Τάλαινα,
574 5157 626 5209 τί
650 5156 806 5210 πάθω
834 5156 864 5227 ἢ
895 5156 1096 5228 δράσω,
1121 5152 1310 5225 τοιῷδε
1331 5156 1565 5225 συνοίκῳ
1604 5157 1765 5210 πολυι

210 5250 373 5301 παθεῖ
420 5247 739 5312 συζυγεῑσα,
793 5249 887 5301 καὶ
937 5250 1048 5311 τοῖς
1100 5248 1262 5301 αὐτοῦ
1326 5247 1766 5318 συνδιατιθεμένη

210 5340 472 5405 πάθεσιν;
528 5335 571 5406 ᾧ
627 5337 1138 5409 παιδοτροφουμένῳ
1189 5339 1282 5390 ἐπὶ
1333 5337 1425 5391 τδν
1456 5339 1617 5390 αὐτὸν
1666 5336 1766 5405 τῆς

211 5431 429 5495 ἀγνοίας
462 5432 825 5499 κατασπῶμαι
857 5430 1034 5499 βυθὸν,
1071 5430 1163 5483 καὶ
1209 5430 1507 5499 σφριγῶντι
1542 5428 1675 5499 πρὸς
1702 5429 1769 5482 τά

216 5520 513 5591 ἔφύϐριστα
568 5521 993 5590 συνεκφέρομαι,
1043 5520 1134 5572 καὶ
1185 5520 1496 5591 χαλεπαίνω
1542 5519 1641 5588 μὲν
1683 5516 1770 5571 εὐ-

219 5609 584 5678 σωματοῦντι,
624 5612 718 5662 καὶ
750 5610 884 5681 πρὸς
919 5610 953 5663 δ.
986 5609 1059 5679 μὴ
1102 5607 1257 5677 θέμις
1288 5607 1613 5677 ἁρπάζοντι·
1642 5606 1771 5677 τλη-

223 5700 482 5753 παθοῦντι
533 5700 588 5753 δὲ
643 5701 823 5766 πάλιν,
880 5701 1275 5769 κατακλωμένη
1334 5698 1769 5767 ὲπικάμπτομαι,

219 5790 313 5844 καὶ
346 5790 667 5856 προσϐλέπω
713 5791 941 5855 ἥμερον.
989 5788 1156 5850 Ποίας
1200 5787 1374 5853 δίκης,
1416 5787 1558 5850 τίνος
1602 5802 1780 5851 τιμω-

1491 410 1968 476 ΡΠΟΞΟΡΟΡἝΙ
1982 407 2064 474 Ε.

165 564 264 616 μοι
311 542 614 617 κρατερῶς,
646 545 738 597 καὶ
781 544 857 606 ὡς
890 540 1198 610 καινοτόμῳ
1247 553 1340 591 και
1374 537 1525 600 παρὰ
1576 533 1729 598 δίκην
1760 520 1804 575 Δ
1835 516 1960 617 pia;
1988 515 2089 567 οὐκ
2121 514 2156 567 ά

3266 382 3403 449 1358

2162 512 2275 578 ξιον
2305 510 2365 565 rb
2394 508 2570 572 οὕτως
2617 504 2994 576 άγνωμονοῦν,
3032 505 3408 569 καὶ¹ὐ6ριστισ

1835 605 1947 669 κῶς
2003 621 2094 673 μοι
2144 600 2613 674 προσφερόμενον,
2663 599 2731 667 τῇ
2793 595 2969 658 οὕτως
3023 596 3267 648 ἐπιεικεῖ
3316 597 3408 649 καὶ

1836 696 2268 766 προσπασχούσῃ
2291 691 2538 754 ἐλεεινῶς
2555 687 2908 754 διακειμένῳ,
2941 687 3016 748 ῶς
3045 685 3164 737 οὐδὲ
3198 684 3409 750 σπλάγ-

1837 801 1986 854 χνοις
2020 781 2245 844 οἰκείοις
2278 784 2459 851 μήτηρ
2512 779 2821 847 φιλότεκνος
2843 793 2858 807 ’
2890 774 3006 829 ἀλλ’
3036 772 3180 827 οὕτω
3209 774 3308 841 μὲν
3347 773 3411 843 δὴ

1844 873 2342 951 μειρακιευόμενον
2388 866 2876 934 νεανισκευόμενόν
2918 881 2977 918 τε
3005 865 3099 917 καὶ
3131 862 3414 928 ἐξανδρού-

1841 982 2023 1038 μενον,
2046 969 2105 1020 οὐ
2131 963 2460 1019 κατακούειν
2498 978 2624 1031 μουΔ
2654 960 2867 1024 πέφυκε
2890 972 2903 985 ·
2934 955 3217 1024 γηράσκον
3247 952 3302 1005 δὲ
3327 952 3415 1005 δε-

1837 1060 1950 1126 ξιόν
1995 1060 2112 1111 ἐστι
2167 1055 2262 1109 καὶ
2301 1053 2586 1119 εὐάγωγον
2642 1048 2779 1117 πρὸς
2816 1047 2884 1100 τὰ
2918 1043 3108 1099 δέοντα
3141 1044 3410 1113 δργανον;

1838 1152 2010 1206 Πόθεν
2034 1165 2047 1215 ;
2076 1150 2105 1202 ὅ
2135 1158 2199 1215 γε
2229 1146 2340 1200 τῶν
2369 1145 2540 1198 τόνων
2573 1145 2667 1195 καλ,
2698 1140 3009 1205 συνδέσμων
3037 1136 3411 1204 παρειμένων,

1838 1246 1934 1297 καὶ
1984 1240 2079 1299 τοῦ
2136 1238 2380 1309 ἐμφύτου
2423 1232 2805 1302 ἀπεσϐηκότος
2862 1226 3091 1298 θερμοῦ,
3152 1224 3415 1292 ἀκινησία

1842 1332 2199 1407 μαρασμώδει
2250 1330 2577 1397 πεπέδηται,
2627 1324 2720 1379 καί
2778 1320 3096 1393 γερανδρύῳ
3130 1318 3417 1373 άνανθέντι

1839 1429 2151 1501 προσέοικε.
2201 1424 2354 1494 Ταχύ
2402 1420 2456 1491 γ’
2492 1422 2559 1476 ἄν
2594 1421 2655 1473 rb
2689 1416 2933 1471 τοιοῦτον
2994 1412 3212 1467 δύναιτο
3246 1426 3416 1466 σπιυ-

1837 1521 2002 1574 δαίων
2042 1515 2486 1585 συνεφάπτεσθαι
2546 1511 2820 1581 πράξεων,
2870 1506 2980 1559 τῶν
3038 1504 3418 1572 ὑπανεχόντων

1839 1610 1935 1666 καὶ
1966 1607 2534 1681 γερονταγωγούντων
2570 1603 2847 1671 δεόμενον.
2888 1597 3152 1665 Ἢγάπων
3180 1594 3224 1647 δ’
3253 1593 3339 1654 ἂν,
3370 1593 3419 1643 εί

1844 1702 1916 1768 μὴ
1949 1696 2435 1769 προσανεμάττετό
2468 1712 2556 1763 μοι
2584 1694 2681 1753 τὰς
2710 1689 2909 1745 ἑαυτοῦ
2940 1688 3138 1757 κῆρες,
3185 1688 3282 1736 καὶ
3309 1685 3418 1734 τῶν

1841 1787 2003 1844 αὐτοῦ
2058 1788 2444 1859 πρεσϐυτικῶν
2497 1782 2817 1853 ἀνεπίμπλα
2862 1780 3074 1839 κακῶν,
3103 1776 3196 1828 τοῦ
3232 1776 3419 1843 ληρεῖν

1840 1880 2003 1945 λέγω,
2038 1881 2135 1932 καὶ
2163 1876 2525 1945 παραπαίειν,
2561 1874 2658 1927 καὶ
2688 1871 3009 1944 ληθαργείν.
3040 1867 3210 1935 Εἴπερ
3236 1866 3343 1933 γάρ
3368 1880 3421 1914 τι

1842 1972 2039 2040 ἀληθὲς
2073 1970 2163 2023 τὸν
2195 1969 2324 2022 νοῦν
2350 1966 2637 2036 συγγηρᾷν
2667 1964 2744 2032 τῷ
2784 1959 3035 2027 Τιθωνῷ,
3065 1961 3160 2013 καὶ
3182 1956 3262 2020 δὶς
3292 1958 3420 2016 τοὺς

1841 2063 2105 2131 γέροντας
2161 2059 2359 2127 παῖδας
2408 2057 2681 2125 γ.νεσθαι,
2741 2057 2798 2117 ἐς
2827 2053 2888 2107 rb
2922 2051 3212 2120 νηπιάζειν
3240 2049 3421 2102 τοίνυν

1841 2152 1932 2204 διὰ
1958 2149 2057 2217 τῆς
2090 2148 2341 2216 περιόδου
2376 2146 2485 2198 τῶν
2538 2144 2765 2215 ήλικιῶν
2811 2142 3283 2211 ἀνακάμπτομεν,
3325 2142 3424 2193 καὶ

1845 2245 2007 2311 σῶμα
2042 2242 2143 2310 μὲν
2167 2242 2268 2309 ὁρᾷ
2300 2238 2397 2292 καὶ
2427 2237 2618 2291 ἀκούει
2648 2234 2996 2303 ἀμϐλύτερον
3015 2250 3030 2264 ο
3065 2232 3202 2300 αὐτὴ
3231 2228 3275 2285 δ’
3310 2230 3423 2297 εγὼ

1844 2332 2124 2401 χρονικαῖς
2171 2329 2377 2397 λήμαις
2426 2327 2860 2394 ἔπεσκοτοῦμαι,
2925 2324 3023 2375 καὶ
3065 2322 3251 2374 οὐκέτι
3311 2320 3421 2389 Ιἔχω

1846 2423 2059 2476 ἐπαΐειν
2116 2419 2405 2489 όξύτερονο
2443 2420 2664 2471 κάκεῖνο
2724 2416 2844 2485 μὲν,
2879 2417 2928 2468 εί
2963 2416 3056 2467 καὶ
3102 2413 3212 2466 τῶν
3244 2412 3423 2467 ἄλλων

1844 2512 2287 2576 ἐπιλανθάνεται,
2353 2509 2449 2563 τοῦ
2506 2526 2572 2577 γε
2632 2507 2740 2577 μήν
2787 2506 3087 2575 τρέφεσθαι
3146 2502 3423 2573 μέμνηται

1847 2603 2023 2667 ἐσαεὶ,
2044 2607 2136 2657 καὶ
2155 2599 2406 2671 γομφίων
2428 2599 2610 2652 οὐκέτι
2638 2599 2749 2659 τοῖς
2777 2597 3134 2664 φατνώμασιν
3162 2596 3419 2663 ἐμπεπη-

1848 2696 2043 2762 γότων,
2074 2693 2225 2761 ὅμως
2251 2692 2443 2761 ἀλήθει
2474 2690 2695 2759 γνάθοις
2727 2687 2959 2757 ἀμύλοις
2987 2687 3061 2749 ὡς
3104 2682 3216 2739 οἶόν
3244 2704 3325 2750 τε,
3350 2686 3418 2748 ἃς

1847 2786 2062 2845 καίτις
2096 2782 2369 2853 παροιμία
2394 2782 2496 2835 ὅσα
2526 2781 2621 2835 καὶ
2673 2778 2979 2848 βακτηρίαν
3015 2775 3417 2845 άποχαρίζεται

1848 2875 2004 2946 ἀνδρὶ
2027 2875 2275 2945 γέροντιο
2335 2869 2445 2941 ἐγὼ
2497 2871 2555 2925 δὲ
2602 2871 2787 2924 οὐκέτι
2831 2869 3068 2938 μαθήσει
3099 2866 3191 2921 καὶ
3225 2869 3418 2938 μνήμῃ

1848 2958 2133 3037 χρωμένη,
2163 2964 2287 3017 οὔτε
2321 2963 2428 3034 μὴν
2463 2958 2938 3029 άναπεμπάζουσα
2964 2962 3060 3022 τὰς
3082 2962 3420 3028 ἀναμνήσεις

1850 3058 1926 3123 ὡς
1963 3058 2188 3128 ἐμαθον,
2246 3058 2407 3126 μόνου
2441 3044 2904 3123 κατεμφοροῦμαι
2934 3051 3029 3103 τοῦ
3063 3052 3289 3120 ληθαίου
3318 3050 3420 3103 πό-

1771 3156 1817 3218 C
1842 3167 2021 3223 ματος
2046 3165 2062 3181 ο
2100 3149 2195 3202 καὶ
2249 3143 2393 3201 οὕτω
2450 3128 2774 3214 κατάϐραχύ
2807 3134 3116 3206 ἀναποδίζω
3146 3142 3283 3210 πρὸς
3318 3143 3418 3213 τήν

1848 3244 2114 3314 νηπίαχον
2161 3240 2393 3297 ἄνωθεν.
2438 3234 2504 3292 El
2559 3237 2665 3308 γὰρ
2717 3235 2814 3288 καὶ
2845 3234 3109 3304 κράσεσιν
3144 3236 3420 3295 ἐναντίαις

1850 3333 2187 3384 πεποίωνται
2209 3329 2265 3383 ot
2289 3342 2348 3382 re
2376 3328 2589 3395 παῖδες,
2622 3325 2719 3378 καὶ
2747 3325 2797 3378 οί
2843 3326 3303 3394 ὲσχατογέροντες
3330 3340 3345 3356 ⁶
3371 3326 3423 3379 οί

1853 3424 1954 3493 μὲν
1984 3423 2091 3492 γὰρ
2119 3421 2399 3491 ὐγροὶ,καὶ
2422 3417 2614 3499 θερμοὶ
2644 3458 2660 3481 ,
2692 3418 2743 3471 οί
2775 3416 2833 3471 δὲ
2865 3415 3024 3486 ξηροὶ
3050 3419 3145 3480 καὶ
3180 3416 3380 3487 ψυχροί
3405 3434 3423 3449 ο

1851 3514 1987 3569 άλλά
2037 3512 2131 3567 καὶ
2164 3511 2258 3565 ὐπ’
2291 3509 2620 3581 ἀμφοτέρων
2648 3510 2710 3561 rb
2734 3504 2957 3578 φρονεῖν
2977 3512 3421 3577 ,περικόπτομαω

1851 3604 2017 3657 Ταῦτ’
2061 3604 2188 3673 ἄρα,
2220 3604 2308 3656 ὅτε
2340 3602 2437 3671 μὶν
2462 3601 2521 3654 rb
2564 3601 2722 3671 σῶμα
2754 3601 2814 3654 rb
2834 3590 3094 3653 παιδικὸν
3124 3599 3422 3670 ὐπ’)’βρεχ-

1856 3696 1942 3766 μῷ
1997 3694 2257 3766 πλαδαρῷ
2283 3694 2456 3763 ὑδαρῆ
2482 3695 2640 3762 φορεῖ
2665 3693 2756 3745 τὸν
2784 3691 3106 3760 ἐγκέφαλον,
3124 3693 3201 3755 ὡς
3230 3694 3426 3762 vinum

1853 3788 2109 3853 ἀξύνετον
2151 3785 2369 3857 φρονῶ’
2416 3785 2506 3837 ὅτε
2563 3784 2703 3837 δὲτὸ
2754 3781 3127 3859 πρεσϐυτικὸν
3158 3783 3423 3853 ὐπανέχει

1853 3881 2095 3949 κρανίον,
2131 3876 2301 3947 μηδὲν
2335 3874 2629 3942 ἀσταφίδος
2660 3873 2720 3925 rb
2772 3874 2873 3941 τῆς
2906 3873 3209 3941 παροιμίας
3235 3874 3427 3927 ἀπεοιο

1855 3969 1970 4032 κὸς,
1998 3968 2073 4030 ὡς
2099 3967 2292 4036 νήπιον
2314 3961 2470 4027 αὖθις
2497 3963 2811 4032 λογίζομαι.
2845 3962 3028 4015 Δειναλ.
3044 3961 3154 4032 γὰρ
3185 3965 3241 4015 αί
3259 3964 3429 4033 ὐπερ-

1855 4059 2009 4113 ϐολαὶ
2064 4058 2174 4111 τῶν
2214 4056 2537 4124 ποιοτήτων,
2592 4052 2689 4105 καὶ
2723 4051 2993 4120 σωμάτων
3028 4052 3125 4120 μὲν
3151 4053 3313 4120 φύσιν
3338 4054 3431 4105 λυ-

1860 4149 2155 4219 μήνασθαι,
2187 4146 2284 4215 οὐχ
2317 4145 2520 4215 ἥκιστα
2546 4144 2602 4196 δὲ
2638 4143 2736 4196 καὶ
2768 4143 2829 4194 τὸ
2858 4143 3105 4212 ἐμαυτῆς
3139 4142 3430 4211 λογιζόμε-

1855 4256 1965 4294 νον.
2005 4236 2112 4290 Ἐῶ
2164 4234 2486 4301 καταλέγειν
2532 4231 2630 4286 καὶ
2670 4230 2862 4295 τᾶλλα,
2892 4232 2993 4284 ὅσα
3026 4234 3149 4294 ταῖς
3186 4233 3430 4302 ἡλικίαις

1857 4329 2106 4392 ταύταις,
2159 4329 2227 4397 τῇ
2260 4325 2451 4396 πρώτῃ
2481 4324 2625 4390 λέγω
2659 4325 2753 4375 καὶ
2803 4324 2870 4392 τῇ
2904 4323 3130 4395 ἐσχάτῃ,
3166 4324 3427 4393 ἀδελφαῖς

1860 4422 2187 4493 παρέπεται,
2209 4420 2271 4472 rb
2297 4418 2768 4490 περιττωματικόν
2789 4432 2934 4487 φημι
2963 4418 3074 4469 τῶν
3100 4419 3425 4487 ὲκκρίσεων,

1860 4513 1958 4583 τὴν
1981 4512 2209 4582 ψίλωσιν
2231 4511 2342 4563 τῶν
2378 4508 2639 4581 κρανίων,
2667 4509 2728 4560 rb
2761 4508 2871 4562 τῶν
2904 4509 3193 4578 στομάτων
3222 4511 3430 4563 συελῶ-

1859 4601 1947 4664 δες
1986 4601 2082 4655 καί
2111 4597 2494 4663 άνοδόντωτον,
2524 4598 2594 4651 τὰ
2628 4596 2919 4669 δακρυὼδη
2942 4599 3041 4651 καὶ
3070 4601 3214 4668 ὐγρά
3247 4600 3432 4671 δμμα-

1862 4698 1951 4750 τα,
1986 4689 2040 4739 αί
2066 4687 2173 4740 τῶν
2209 4688 2507 4757 μυκτήρων
2558 4686 2812 4756 κόρυζαι,
2853 4689 2951 4739 καὶ
2983 4688 3164 4752 πόδες,
3191 4690 3301 4744 τῶν
3333 4690 3433 4758 μὲν

1868 4775 2111 4844 μηδέπω,
2135 4775 2245 4829 τῶν
2273 4777 2329 4829 δὲ
2362 4777 2559 4846 μηκέτι
2584 4775 2888 4846 βαδιστικοί
2910 4792 2925 4810 ·
2957 4778 2993 4848 ἦ
3019 4796 3088 4831 τε.
3111 4781 3222 4834 τῶν
3254 4782 3434 4851 μελῶν

1864 4866 2516 4936 τρομερϊάστασίαηκαὶ
2545 4865 2639 4919 τοῦ
2676 4866 2877 4927 παντὸς
2918 4867 3173 4937 σώματος
3201 4871 3433 4940 κράδαν-

1868 4969 1970 5017 σις.
2007 4955 2166 5009 Ἀλλὰ
2200 4957 2361 5025 μέχρι
2389 4956 2533 5018 τίνος
2566 4955 2929 5025 φιλονεικήσω
2960 4961 3126 5013 πᾶσιν
3156 4962 3433 5027 ἐπεξιέναι

1865 5051 1979 5109 τοῖς
2010 5045 2105 5099 τοῦ
2148 5046 2402 5117 σώματος
2434 5047 2655 5117 λυγροῖς
2684 5049 2998 5120 παθήμασι,
3029 5050 3098 5103 δι’
3117 5047 3213 5115 ὧν,
3236 5054 3269 5124 ἢ
3296 5057 3432 5123 πρὸς

1866 5137 1926 5189 rb
1959 5139 2241 5213 συναλγεῖν
2298 5138 2604 5189 ὲπισπᾶταί
2651 5154 2719 5207 με
2753 5138 3061 5208 δυστυχῶς,
3115 5139 3148 5210 ἢ
3209 5144 3346 5211 πρὸς
3372 5144 3432 5195 rb

1870 5229 2189 5298 συνήδεσθαι
2245 5229 2582 5295 συναρπάζει
2626 5242 2693 5297 με
2726 5229 3188 5299 δυστυχέστερον;
3224 5232 3431 5285 Οὐκοῦι

1869 5322 1978 5376 τῶν
2028 5320 2240 5374 πολλῶν
2299 5322 2566 5389 ἀφεμένη,
2627 5320 3061 5393 παραδραμοῦσα
3114 5322 3169 5375 δὲ
3223 5329 3317 5377 καὶ
3368 5324 3439 5379 τᾶ“

1873 5415 2056 5483 σμήνη
2082 5412 2187 5465 τῶν
2217 5411 2545 5481 νοσημάτων
2574 5410 2663 5479 ὐφ’
2702 5405 2776 5464 ὧν
2810 5416 2905 5467 καὶ
2939 5412 3286 5484 θαλπομένῳ,
3344 5434 3413 5473 κα

1875 5506 2137 5577 ῥιγοῦντι,
2169 5505 2260 5556 καὶ
2287 5503 2697 5572 στρεϐλουμένῳ
2718 5502 2787 5555 τά
2806 5503 3006 5575 ἄρθρα,
3024 5506 3121 5557 καὶ
3152 5506 3431 5561 συνελόντα

1875 5599 2062 5664 φάναι,
2098 5594 2283 5656 κακῶς
2306 5594 2660 5662 διακειμένῳ,
2714 5594 3216 5663 συμϐασανίςομαι,
3242 5597 3426 5649 ἀνακε-

1877 5685 2261 5755 φαλαιὼσομαι
2317 5678 2391 5739 ὦν
2453 5683 2742 5755 ἀδικοῦμαι
2802 5685 2871 5739 τὰ
2904 5686 3282 5758 σχιτλιὼτερα.
3311 5688 3436 5741 Ἀπ’

1877 5777 2056 5841 ἔδειξα
2079 5778 2225 5840 ὅπως
2251 5779 2371 5842 ταῖς
2394 5779 2652 5847 φυσικαῖς
2674 5778 3094 5847 παρακέχρηται
3121 5778 3434 5843 δυνάμεσιν,
