4048 6176
296 352 999 405 ,ᾧ
1080 352 1117 353 η
2210 352 2217 383 ,

299 390 3563 417 W

1560 536 1725 583 ANNO
1754 535 1962 582 DOMIN!
2007 535 2277 582 MLXXXIX

865 700 1085 911 B.
1223 688 2977 913 LANFRANCUS

513 1046 1283 1124 CANTUARIENSIS
1355 1043 2192 1117 ARCHIEPISCOPUS
2271 1044 2388 1117 ET
2466 1044 2864 1119 ANGLI/E
2942 1046 3305 1120 PRIMAS

1206 1339 2645 1478 PROLEGOMENA.

794 1709 1307 1773 SERENISSIMO
1350 1708 1692 1772 PRINCIPI
1737 1708 1841 1770 DE
1884 1710 2165 1781 CONTY,
2216 1708 2603 1770 ABMANDO
2659 1703 3077 1767 BORBONIO.

362 1844 773 1899 Acerbissimus
802 1845 1052 1898 animum
1083 1845 1243 1899 dolor
1270 1843 1609 1905 lancinabat,
1654 1842 1890 1897 serenis—
1911 1848 1955 1904 A
1976 1842 2129 1897 ribus
2169 1859 2457 1913 expressas
2486 1848 2544 1896 et
2568 1842 2624 1895 in
2655 1857 2879 1896 omnem
2907 1842 3293 1913 posteritatem
3323 1840 3571 1896 transfu-

293 1936 437 1988 sime
466 1934 743 2004 princeps,
766 1950 894 1987 cum
920 1933 1163 1987 viderem
1198 1950 1467 2003 magnum
1502 1932 1892 1993 Lanfrancum,

293 2023 809 2093 splendidissimum
855 2022 1050 2075 mundi
1092 2024 1334 2087 oculum,
1376 2024 1489 2077 situ
1535 2026 1593 2076 et
1638 2022 1897 2091 squalore

295 2111 539 2165 obsitum
589 2111 835 2175 sordere,
888 2110 1237 2164 densissimis
1294 2110 1599 2164 obductum
1650 2109 1898 2162 tenebris

298 2205 628 2270 perpetuum
676 2197 794 2268 pati
827 2198 1169 2268 deliquium;
1216 2198 1311 2268 qui
1357 2214 1487 2251 cum
1544 2195 1895 2253 eruditionis.

295 2294 417 2341 tum
458 2287 774 2340 sanctitatis
824 2286 1058 2355 facibus,
1088 2287 1169 2341 sic
1216 2287 1364 2341 inter
1384 2290 1595 2340 ‘caetera
1626 2284 1777 2339 orbis
1809 2285 1897 2339 lu-

301 2363 454 2428 mina
478 2375 761 2445 quondam
790 2375 1040 2430 emicuit.
1104 2420 1109 2423 ι

441 2464 629 2529 Qualis
657 2465 964 2516 discutiens
992 2466 1273 2531 fugientia
1321 2464 1542 2531 Lucifer
1571 2469 1750 2525 astra,

444 2553 580 2605 Cum
612 2567 762 2605 roseo
792 2555 1011 2605 clarum
1044 2553 1292 2620 provehit
1321 2568 1411 2605 ore
1441 2554 1589 2605 diem
1617 2542 1709 2621 (ἰ).

1979 1949 2089 1997 sas,
2117 1949 2245 1985 cum
2266 1931 2536 2001 singulari
2558 1930 2931 1985 admiratione
2951 1930 3226 1984 memoria
3243 1930 3573 1985 saeculorum

1980 2020 2308 2075 intuebitur.

2052 2111 2255 2164 Beatus
2282 2109 2646 2172 Lanfrancus,
2685 2108 3041 2179 ingeniorum
3072 2108 3308 2179 phoenix
3350 2124 3576 2180 suaeque

1980 2199 2160 2252 aetatis
2184 2198 2537 2263 miraculum,
2554 2199 2623 2252 ad
2640 2198 2697 2251 id
2717 2198 2983 2252 doctrinm
3001 2203 3057 2251 et
3079 2198 3411 2252 eruditionis
3426 2198 3580 2253 venit

1981 2287 2130 2358 quod
2167 2287 2457 2357 superiora
2485 2287 2687 2341 saecula
2718 2286 2802 2340 vix
2831 2287 2889 2341 in
2938 2287 3048 2340 alio
3079 2287 3359 2351 viderunt,
3391 2292 3578 2357 poste-

1983 2376 2133 2429 riora
2152 2375 2421 2429 admirari
2453 2375 2629 2445 magis
2676 2392 2845 2446 quam
2876 2376 3086 2429 imitari
3134 2380 3456 2445 potuerunt.
3494 2375 3580 2429 Ad

1983 2480 2131 2530 eum,
2160 2464 2312 2518 velut
2339 2464 2410 2517 ad
2450 2464 2692 2517 alterum
2742 2463 3118 2529 Salomonem,
3152 2480 3265 2519 non
3299 2463 3464 2518 modo
3512 2462 3581 2517 ab

1984 2552 2196 2606 ultimis
2233 2552 2427 2607 Galliae
2455 2552 2680 2619 ﬁnibus,
2713 2552 2809 2606 sed
2852 2552 3239 2607 remotissimis
3271 2552 3439 2606 etiam
3469 2553 3583 2607 Eu-

374 2640 536 2694 Nunc
589 2646 800 2706 autem,
850 2639 1036 2693 divino
1084 2641 1315 2694 afﬂante
1362 2641 1610 2703 numine,
1658 2640 1902 2710 querelis
1984 2658 2134 2711 mpm
2152 2641 2447 2712 provinciis
2467 2640 2919 2711 frequentissimo
2934 2658 3207 2696 concursu
3229 2641 3580 2696 celeberrimi

303 2729 445 2783 meis
473 2729 673 2783 modus
701 2728 1028 2799 imponitur,
1065 2729 1220 2795 dum,
1245 2729 1535 2784 eliminata
1563 2738 1723 2783 nocte
1755 2735 1905 2783 tene-
1987 2730 2194 2801 quique
2225 2729 2612 2796 convolabant,
2648 2734 2713 2784 ut
2765 2728 3173 2801 amplissimum
3202 2731 3338 2785 illud
3384 2731 3586 2785 divinae

304 2818 647 2888 brarumque
676 2818 909 2889 expulsa
943 2818 1200 2889 caligine,
1245 2819 1621 2874 clarissimum
1658 2819 1716 2872 in
1754 2819 1907 2873 Occi-
1986 2820 2275 2891 sapientia:
2296 2820 2583 2873 theatrum
2611 2819 2961 2890 suspicerent
2983 2818 3080 2888 (2).
3102 2820 3351 2875 Athenas
3371 2820 3427 2874 in
3454 2821 3585 2874 Bec-

307 2907 477 2961 dente
514 2912 710 2961 nostro
747 2907 902 2961 sidus
931 2907 1127 2973 oritur,
1170 2907 1523 2979 Galliamque
1562 2907 1906 2978 postliminio
1989 2925 2153 2964 cense
2181 2907 2494 2962 cmnobium
2514 2908 2822 2972 transtulit,
2847 2906 3120 2962 Romanae
3139 2908 3308 2962 decus
3328 2909 3588 2979 eloquen-

308 2995 523 3059 invisit,
564 3002 629 3049 ut
681 3012 936 3049 errorum
994 2995 1228 3050 nebulas
1276 2996 1568 3068 sapientiae
1624 3012 1737 3050 sua:
1785 2996 1908 3049 luce
1990 2998 2082 3052 tiae
2126 2998 2185 3051 in
2220 2996 2463 3050 Galliam
2511 2996 2793 3062 evocavit;
2835 2996 2958 3065 ejus
2995 2996 3178 3061 ludus,
3212 2996 3315 3051 toti
3356 2998 3589 3068 Europae

311 3084 590 3137 discutiat.
632 3085 701 3138 Et
728 3101 865 3137 sane
894 3085 1150 3139 Ecclesiae
1187 3102 1303 3139 sua;
1332 3102 1629 3157 supremus
1670 3084 1766 3138 ille
1798 3085 1911 3138 Mo-
1994 3085 2217 3140 ofﬁcina
2248 3084 2552 3155 sapientiae,
2586 3084 2671 3138 vel
2702 3100 2877 3154 equus
2907 3085 3200 3154 Trojanus,
3238 3101 3303 3139 ex
3332 3102 3440 3155 quo
3473 3086 3590 3139 cla-

313 3173 539 3225 derator
574 3178 892 3243 opportune
934 3174 1236 3243 consuluit,
1267 3191 1393 3228 cum
1429 3175 1532 3228 hac
1575 3177 1911 3245 tempestate
1934 3159 2203 3229 Brissimi
2256 3174 2520 3229 doctrinae
2576 3173 2746 3228 duces
2799 3172 2853 3226 in
2893 3173 3225 3228 Christianae
3277 3173 3590 3245 reipublicae

313 3261 690 3315 Lanfrancum
726 3262 887 3332 quasi
928 3278 995 3316 ex
1034 3262 1327 3317 oblivionis
1357 3264 1575 3317 tumulo
1603 3263 1910 3317 redivivum
1994 3264 2349 3317 commodum
2389 3268 2446 3316 et
2488 3267 2880 3316 ornamentum
2914 3262 3260 3332 prodierunt.
3294 3263 3371 3316 Eo
3399 3262 3596 3317 fulmi-u

316 3349 595 3415 excitavit,
641 3356 705 3403 ut
744 3351 849 3403 hoc
892 3351 1094 3404 saeculo
1134 3352 1434 3406 redivivam
1492 3353 1764 3406 haereseos
1814 3351 1913 3421 hy-
1994 3359 2164 3406 nante
2204 3351 2417 3406 Graecia
2467 3351 2774 3416 exhorruit,
2834 3351 2997 3405 Italia
3051 3351 3345 3421 ingemuit,
3412 3352 3596 3407 Gallia

314 3438 499 3503 drum,
532 3455 645 3492 non
676 3455 740 3493 ex
771 3440 1001 3493 Lernaeo
1054 3440 1151 3493 sed
1192 3456 1257 3493 ex
1301 3442 1548 3495 Lemano
1584 3442 1705 3494 lacu
1737 3455 1915 3494 emer—
1995 3441 2381 3511 triumphavit.
2417 3440 2507 3494 Sic
2536 3446 2590 3493 te
2619 3445 2739 3505 tua,
2774 3440 3131 3494 serenissime
3160 3442 3435 3513 princeps,
3471 3460 3597 3497 eru-

313 3544 459 3585 sam.
489 3527 686 3580 eodem
716 3545 825 3597 quo
862 3528 1139 3599 perﬁdum
1180 3529 1312 3583 olim
1352 3528 1757 3599 Berengarium
1798 3545 1912 3582 suae

314 3615 585 3669 doctrinae
617 3617 727 3669 telo
752 3617 1053 3671 confodiat.
1079 3619 1439 3688 Pugnatums
1471 3619 1660 3688 itaque
1676 3634 1801 3671 cum
1835 3617 1916 3670 in-

314 3704 651 3758 fensissimis
679 3705 809 3759 ﬁdei
838 3705 1091 3760 hostibus
1117 3707 1322 3761 iterum
1352 3708 1411 3760 in
1435 3723 1664 3760 arenam
1694 3707 1918 3760 descen-

317 3793 421 3857 dit,
442 3810 684 3864 eumque
704 3794 1011 3864 principem
1042 3796 1111 3849 ad
1142 3795 1459 3865 perfugium
1490 3795 1705 3865 quaerit.
1733 3794 1788 3847 in
1818 3810 1915 3846 cu-

312 3883 414 3952 jus
438 3883 563 3935 sinu
585 3888 642 3935 et
662 3883 837 3936 tutela
854 3883 1075 3936 fortiter
1098 3883 1384 3949 dimicare,
1411 3884 1629 3936 vincere
1652 3882 1911 3951 gloriose,

321 3970 609 4041 quiescere
637 3988 763 4025 cum
798 3971 1003 4025 ﬁducia
1032 3972 1226 4042 possit.
1263 3971 1567 4025 Commode
1594 3971 1769 4040 igitur
1796 3986 1917 4023 sese

322 4059 397 4112 ad
427 4065 482 4113 te
512 4060 727 4130 recipit,
776 4060 835 4114 in
865 4078 976 4131 quo
1003 4078 1117 4115 uno
1147 4061 1333 4114 omnia
1382 4077 1504 4131 qua:
1547 4060 1614 4114 ad
1646 4060 1919 4113 securita-

323 4155 440 4202 tem
467 4148 811 4211 certaminis,
841 4166 997 4220 spem
1017 4149 1272 4211 victoriae,
1303 4149 1685 4203 celebritatem
1714 4148 1919 4202 trium-

326 4236 428 4307 phi
449 4237 769 4290 desiderare
796 4244 1003 4307 posset,
1037 4237 1258 4292 abunde
1279 4243 1606 4309 reperturus
1633 4242 1736 4290 est.
1757 4236 1926 4291 Dabit

330 4324 437 4395 ipsi
465 4325 606 4393 regii
623 4324 846 4395 generis
869 4326 1133 4396 splendor
1152 4331 1567 4390 ornamentum,
1595 4325 1773 4396 pietas
1804 4342 1928 4396 per:

1996 3530 2133 3583 ditio
2148 3528 2449 3598 singularis
2463 3528 2566 3581 toti
2585 3528 2705 3581 orbi
2728 3529 3109 3599 spectaculum
3135 3530 3403 3597 exhibuit,
3425 3536 3595 3603 atque

1997 3618 2247 3671 omnium
2278 3618 2333 3670 in
2382 3622 2438 3670 te
2484 3616 2703 3670 animos
2756 3618 3056 3686 oculosque
3112 3619 3403 3673 convertit.
3459 3620 3597 3683 Quis

2001 3708 2149 3761 enim
2175 3707 2247 3759 ad
2267 3712 2553 3776 stuporem
2585 3722 2761 3775 usque
2783 3722 2895 3759 non
2916 3711 3000 3759 est
3021 3706 3329 3760 demiratus
3352 3714 3597 3762 mentem

2000 3801 2155 3850 tuam
2186 3795 2428 3865 quodam
2462 3795 2590 3864 igne
2611 3794 2913 3858 volucrem,
2939 3811 3108 3865 quam
3129 3797 3282 3849 nulla
3300 3796 3598 3851 difficultas

2001 3890 2352 3947 remoretur;
2404 3881 2765 3951 sagacitatem
2815 3881 3014 3948 animi,
3055 3882 3143 3936 cui
3199 3883 3340 3936 nihil
3388 3884 3599 3955 imper-

2002 3970 2152 4024 vium
2173 3969 2468 4039 objicitur;
2497 3969 2725 4039 ingenii,
2747 3970 3015 4024 torrentis
3036 3971 3215 4025 instar
3243 3974 3598 4040 exundantis,

2001 4059 2452 4113 fmcunditatem?
2484 4060 2859 4128 ingenuarum
2900 4060 3106 4113 artium
3137 4077 3298 4114 succo
3332 4079 3366 4115 a
3394 4063 3602 4117 teneris

2001 4148 2239 4202 feliciter
2264 4147 2564 4213 enutritus,
2592 4147 3105 4218 splendidissimum
3136 4148 3395 4203 Minerva:
3420 4167 3604 4205 sacra-

2007 4237 2153 4292 rium
2183 4237 2471 4303 exstitisti;
2505 4241 2561 4289 et
2586 4236 2740 4302 dum,
2775 4237 2991 4290 Caesare
3022 4238 3222 4307 major,
3245 4238 3421 4292 frater
3448 4246 3599 4306 tuus,

2009 4326 2266 4399 princeps
2295 4325 2715 4387 invictissimus,
2730 4340 3015 4379 armorum
3034 4326 3267 4391 fulmen,
3289 4326 3605 4383 Germaniae

331 4410 571 4479 fugium,
626 4412 944 4467 humanitas
981 4414 1248 4482 favorem,
1295 4416 1535 4499 eruditio
1581 4415 1925 4486 praesidium.
1946 4475 1988 4499 Π
2012 4422 2069 4470 et
2096 4414 2272 4484 Belgii
2299 4404 2500 4480 terrer,
2534 4414 2728 4468 Galliae
2760 4414 3035 4481 columen,
3078 4415 3273 4470 Martis
3301 4423 3486 4471 castra
3518 4435 3607 4472 se-

332 4502 569 4571 :equitas
596 4502 945 4572 suifragium,
978 4503 1152 4557 virtus
1182 4504 1621 4557 ﬁrmamentum.

407 4591 522 4644 Nec
544 4607 674 4645 vero
707 4608 1043 4661 quemquam
1070 4608 1292 4646 movere
1321 4592 1526 4663 poterit
1569 4592 1718 4663 quod
1752 4598 1807 4646 te
1843 4592 1929 4647 di-

337 4678 452 4732 vini
506 4679 676 4748 hujus
716 4679 901 4750 operis
954 4686 1289 4734 assertorem
1342 4681 1625 4750 elegerim,
1668 4680 1715 4734 si
1767 4681 1931 4735 modo

339 4766 623 4837 intelligat
647 4784 736 4821 me
763 4768 1062 4822 Lanfranci
1087 4769 1263 4823 nostri
1305 4769 1559 4835 virtutes,
1592 4769 1650 4823 in
1682 4775 1737 4823 te
1783 4771 1936 4824 velut

335 4856 393 4909 in
425 4855 758 4910 nitidissima
798 4856 1024 4927 speculo
1053 4857 1381 4925 relucentes,
1413 4858 1761 4921 observasse,
1795 4858 1934 4912 adeo

337 4950 404 4998 ut
446 4944 635 4998 dolere
672 4945 933 4999 desierim
975 4944 1215 4999 Galliam
1255 4947 1561 5001 Lanfranco
1602 4946 1809 5013 orbari,
1837 4946 1933 5000 ubi

339 5038 525 5087 totum
553 5033 612 5087 in
641 5040 695 5087 te
744 5050 1038 5105 superesse
1079 5035 1447 5101 adverterem,
1499 5051 1705 5105 easque
1753 5035 1933 5099 dotes,

341 5137 483 5190 quas
511 5121 571 5174 in
623 5138 689 5175 eo
735 5122 1029 5176 universus
1070 5124 1352 5193 quondam
1391 5123 1540 5177 orbis
1565 5122 1854 5194 obstupuit
1884 5128 1939 5177 et

341 5208 536 5275 coluit,
567 5209 627 5263 in
664 5214 719 5262 te
749 5211 871 5280 pari
916 5211 1128 5265 honore
1170 5212 1515 5285 venerandas
1549 5228 1934 5282 agnoscerem.

344 5297 499 5362 Quas
520 5297 749 5368 quidem
779 5315 889 5353 non
921 5300 1059 5354 meis
1092 5301 1470 5366 lineamentis,
1517 5300 1613 5355 sed
1645 5302 1757 5355 tuis
1789 5302 1941 5355 colo-

413 5441 497 5511 (1)
548 5438 881 5494 Guillelmus
918 5441 1172 5498 Malmes.
1225 5441 1323 5498 lib.
1368 5455 1430 5498 in
1478 5443 1557 5498 De
1612 5448 1753 5513 gest.
1805 5444 1942 5515 Reg.

339 5527 684 5599 Anglorum,
713 5544 886 5599 agens
913 5530 982 5584 de
1010 5530 1340 5586 Lanfranco.

588 5628 836 5690 ΡΑΤιιοῐ.
903 5630 1018 5690 CL.
1074 5612 1087 5622 “

200 5795 438 6036 06°“

1946 4475 1991 4536 θ
2011 4475 2356 4568 ctatus:imo
2384 4475 2534 4557 Mars
2563 4503 2724 4567 alter,
2760 4501 2984 4556 bellicas
3012 4475 3113 4556 suo
3141 4519 3272 4557 ense
3302 4504 3491 4560 lauros
3519 4507 3611 4560 de-

2014 4592 2194 4658 metit,
2221 4597 2304 4658 tu,
2332 4591 2558 4645 mitiora
2579 4595 2803 4644 secutus
2820 4591 3073 4648 Minerva:
3093 4597 3293 4657 castra,
3314 4592 3370 4646 in
3389 4594 3611 4648 umbra-

2012 4681 2130 4735 tilis
2145 4681 2267 4734 vitae
2288 4679 2489 4734 studiis
2509 4679 2714 4733 artium
2733 4679 2952 4733 laureas
2969 4679 3296 4750 palmasque
3314 4683 3607 4753 collegisti.

2017 4771 2086 4823 Et
2115 4769 2307 4840 primae
2333 4768 2557 4838 quidem
2588 4768 2696 4821 illic
2718 4767 2845 4822 visae
2874 4772 3007 4821 sunt
3025 4768 3308 4838 surgent—is
3338 4776 3612 4842 tanquam

2015 4857 2227 4927 ingenii
2256 4856 2426 4923 faces,
2462 4856 2663 4927 quibus
2692 4856 2761 4908 ad
2789 4856 3003 4925 majora
3032 4857 3344 4927 przeludens
3371 4860 3612 4915 eluxisti.

2016 4946 2283 5000 Volitavit
2327 4945 2534 5014 ingenii
2593 4944 2781 5014 vigore
2842 4943 3053 5015 inclyta
3105 4962 3207 5015 per
3253 4948 3616 5019 antiquorum

2018 5033 2487 5106 encyclopaediam
2543 5032 2934 5098 adolescentia,
2987 5038 3044 5086 et
3092 5050 3415 5104 supremum
3461 5037 3618 5092 brevi

2021 5123 2384 5177 scientiarum
2440 5121 2675 5191 attigisti
2742 5121 2977 5192 apicem,
3011 5122 3361 5194 celestisque
3408 5125 3619 5196 ingenii

2022 5211 2221 5282 pennis
2266 5208 2532 5264 subnixus
2572 5210 2632 5262 in
2672 5209 2972 5262 secretiora
3019 5210 3313 5280 theologia:
3356 5216 3625 5282 mysteria

2024 5300 2350 5371 penetrasti.
2396 5297 2658 5362 Quamvis
2705 5302 2895 5351 autem
2934 5297 3294 5353 nobilissimis
3324 5302 3539 5359 artibus
3569 5312 3626 5360 et

2103 5440 2168 5508 (2)
2202 5441 2336 5497 Milo
2362 5439 2599 5511 Crispin.
2633 5439 2699 5494 In
2737 5439 2868 5493 Vita
2897 5440 2958 5493 B.
3000 5440 3330 5510 Lanfranci;
3361 5444 3627 5500 Malmes-

2030 5529 2178 5599 bur.,
2223 5530 2318 5585 lib.
2361 5546 2381 5583 1
2422 5527 2631 5584 Pontif.
2663 5528 2990 5598 Anglorum.
3034 5529 3293 5586 Chronic.
3331 5532 3627 5591 Beccense.

3349 5639 3375 5695 1
