4008 6186
470 254 518 309 l'l
1117 253 1174 302 Β.
1220 249 1694 304 LANFRANCUS
1736 250 2314 332 CANTHARIEXSIS
2355 253 2999 307 ARCII]EHSCOPL'S.
3659 258 3718 312 'l‘.’

454 373 700 429 scientiis
730 372 983 427 animum
1021 376 1179 426 tuum
1201 372 1507 442 plurimum
1528 375 1830 440 exornaris,
1860 376 2044 429 minus
2064 379 2114 434 Α
2133 376 2288 441 taris,
2321 377 2496 430 animi
2527 379 2802 432 modestia
2844 380 3131 433 retineret.
3166 379 3254 434 Ea
3301 385 3434 434 sunt
3466 397 3588 452 qua
3617 383 3720 454 spi-

456 469 541 519 est
561 468 748 518 tamen
767 462 914 534 quod
935 461 1035 516 tibi
1052 462 1408 517 contulerunt
1421 480 1588 533 quam
1608 464 1808 534 quoda
1819 471 1873 518 te
1887 480 2047 517 orna-

452 560 707 608 mentum
753 557 1089 622 acceperunt
1120 570 1132 617 ;
1183 568 1277 606 eas
1325 552 1600 622 siquidem
1630 552 1772 623 regii
1804 553 1886 607 tui
1914 570 2045 606 san-

450 643 639 715 guinis
680 641 1075 696 communione
1113 642 1356 712 quadam
1412 641 1594 711 regias
1641 642 1836 708 fecisti,
1871 648 1928 696 et
1973 643 2044 696 ad

452 737 621 787 tanta
667 731 958 802 dignitatis
996 730 1224 785 evexisti
1257 730 1563 801 fastigium,
1595 736 1658 786 ut
1705 731 1849 786 sicut
1891 731 2044 785 omni

451 822 662 875 honore
692 827 749 874 et
775 819 1049 889 dignitate
1078 820 1261 889 major
1287 836 1365 886 es,
1401 819 1478 874 sic
1509 837 1611 875 nec
1642 820 1776 891 ipsis
1816 820 2044 875 honoris

449 911 662 982 aliquid
703 914 802 964 aut
837 908 1172 963 excellentia
1203 909 1379 979 possit
1405 910 1686 964 accedere.
1729 893 2043 981 Singularis

448 1000 691 1054 eruditio
712 1000 774 1052 B.
807 998 1102 1053 Lanfranci
1124 997 1264 1051 nihil
1285 998 1352 1051 de
1374 1000 1496 1068 ejus
1523 998 1727 1053 virtute
1749 1004 1805 1052 et
1834 999 2042 1069 pietate

447 1089 709 1154 detraxit,
735 1089 831 1142 sed
873 1092 1070 1150 mutuo
1101 1086 1358 1141 amicitiae
1385 1087 1610 1154 fadere,
1645 1093 1701 1142 et
1729 1088 2041 1143 communis

444 1177 728 1233 societatis
756 1176 1088 1231 commercio
1123 1176 1392 1230 doctrina
1427 1176 1695 1247 pietatem
1726 1179 2038 1247 conjunxit.

444 1269 580 1338 Ejus
623 1267 735 1321 vita
772 1266 1210 1320 clarissimarum
1257 1265 1528 1320 virtutum
1574 1265 1761 1336 imago
1807 1267 2037 1333 exstitit,

440 1373 640 1412 norma
669 1373 909 1422 morum,
941 1355 1204 1410 vitiorum
1234 1371 1487 1410 censura.
1520 1355 1858 1424 Edomandis
1883 1373 2041 1410 erro-

440 1464 568 1501 rum
630 1445 914 1510 monstris,
974 1445 1323 1515 proterendis
1382 1445 1670 1498 hareseon
1739 1445 2034 1514 portentis,

437 1535 875 1591 exterminandis
905 1533 1051 1587 vitiis
1096 1533 1310 1603 jugiter
1354 1533 1655 1588 insudavit.
1703 1534 2033 1588 Primavum

436 1625 810 1680 Benedictina
839 1622 1203 1677 observantiae
1224 1623 1473 1692 vigorem
1499 1623 1557 1676 in
1587 1622 1783 1676 ordine
1813 1628 2034 1677 restau-

2130 469 2347 518 rantem
2376 465 2432 519 in
2471 471 2525 520 te
2554 467 2928 522 Lanfrancum
2978 469 3151 522 oculis
3201 471 3405 525 nostris
3445 470 3718 537 exhibent,

2129 559 2186 607 et
2211 560 2276 607 ut
2307 571 2432 608 eum
2459 555 2559 608 tibi
2590 557 2686 609 uni
2727 556 2984 611 sisterem
3012 574 3047 610 a
3077 575 3163 612 me.
3207 565 3538 629 exegerunt,
3583 560 3716 616 insi-

2123 643 2458 712 gnissimum
2515 649 2650 715 puta
2703 646 3046 717 theologum,
3105 649 3496 718 theologorum
3553 650 3717 720 hujus

2126 733 2306 786 atatis
2333 734 2630 803 corypheo,
2663 734 2874 788 ordinis
2900 736 3283 790 restitutorem
3311 737 3716 792 studiosissimo

2126 821 2377 890 ejusdem
2411 823 2789 894 propagatori,
2823 824 3134 896 principem
3158 825 3324 895 regia
3354 825 3544 896 stirpis
3576 827 3720 898 prin-

2125 909 2251 980 cipi.
2281 911 2443 964 Haud
2483 912 2743 981 equidem
2770 917 2983 967 temere
3012 914 3385 969 Lanfrancum
3414 916 3719 987 principem

2125 1000 2456 1070 nuncupavi,
2493 1018 2519 1052 α
2565 1000 2661 1071 qui
2701 1001 2931 1056 absente
2986 1019 3117 1073 rege
3162 1004 3422 1075 princeps
3478 1010 3618 1071 erat,
3666 1003 3735 1059 et.

2123 1094 2311 1143 custos
2351 1089 2586 1159 Anglia,
2619 1090 2880 1160 subjectis
2925 1092 3030 1145 sibi
3057 1093 3318 1148 omnibus
3355 1093 3713 1165 principibus,

2127 1183 2183 1231 et
2221 1177 2548 1247 juvantibus
2577 1179 2635 1232 in
2676 1179 2745 1233 iis
2776 1197 2898 1250 qua
2923 1181 2993 1235 ad
3034 1181 3416 1236 defensionem
3446 1188 3504 1236 et
3531 1183 3716 1254 dispo-

2125 1265 2383 1319 sitionem
2433 1267 2519 1320 vel
2563 1283 2756 1336 pacem
2807 1269 2966 1339 regni
3002 1269 3360 1340 pertinebant
3411 1271 3714 1326 secundum

2122 1354 2274 1423 leges
2313 1356 2508 1425 patria
2532 1355 2630 1421 (3i.
2670 1375 2690 1406 ι

2195 1443 2642 1499 Illustrissimum
2676 1463 2810 1517 ergo
2855 1447 3162 1518 principem
3189 1450 3273 1515 (ut
3306 1453 3492 1520 spero)
3517 1465 3584 1502 ea
3611 1465 3717 1520 qua

2122 1529 2345 1585 infimos
2384 1533 2553 1586 etiam
2600 1534 2744 1588 soles
2773 1534 3123 1590 humanitate
3168 1537 3317 1607 apud
3346 1542 3402 1591 te
3432 1537 3713 1604 admittes,

2121 1621 2280 1690 cujus
2291 1621 2661 1677 eruditionem
2673 1623 2811 1678 adeo
2823 1629 3120 1678 veneratus
3133 1626 3540 1680 estAlexander
3551 1643 3713 1698 papa,

436 1715 598 1780 ravit,
631 1721 705 1780 et,
747 1719 812 1767 ut
860 1714 982 1783 ejus
1006 1711 1246 1782 scriptor
1277 1711 1404 1766 vita
1442 1711 1692 1782 loquitur
1714 1712 1867 1778 (Milo
1909 1713 2031 1766 Cri-
2053 1713 2181 1788 But
2209 1725 2338 1763 eum
2367 1710 2425 1764 in
2453 1711 2756 1781 singularis
2776 1711 3172 1768 benevolentia
3195 1721 3594 1785 argumentum
3614 1717 3717 1771 du-

431 1804 663 1875 spinus),
716 1820 743 1854 ((
775 1801 1140 1856 canobialem
1188 1801 1441 1854 ordinem
1482 1800 1576 1870 qui
1620 1801 1914 1872 prolapsus
1959 1801 2030 1855 ad
2115 1798 2242 1869 plici
2295 1800 2462 1870 pallio
2495 1800 2809 1871 insigniret,
2870 1808 2926 1856 et
2973 1803 3043 1857 ab
3098 1805 3220 1874 ejus
3265 1805 3572 1859 tenerrimo
3627 1807 3712 1860 vix

432 1893 686 1947 laicalem
743 1890 1166 1945 dissolutionem
1209 1889 1410 1952 fuerat,
1465 1889 1536 1942 ad
1578 1889 2030 1960 probatiSSimam
2112 1886 2298 1940 divelli
2321 1894 2608 1958 pateretur
2645 1891 2909 1960 amplexu
2949 1890 3041 1960 (4).
3081 1893 3200 1946 Tuo
3229 1893 3388 1948 illum
3412 1893 3598 1949 favore
3627 1895 3712 1949 di-

431 1981 902 2037 monasteriorum
931 1978 1286 2049 disciplinam
1314 1978 1704 2034 reformavit».
1723 1979 2029 2034 Labentem

429 2070 620 2140 itaque
651 2069 906 2123 ordinem
939 2068 1170 2134 fulcivit,
1203 2073 1520 2139 torpentem
1559 2069 1835 2133 excitavit,
1870 2087 2030 2123 rena-

426 2165 675 2214 scentem
704 2158 856 2224 fovit,
893 2157 1148 2211 adultum
1187 2156 1484 2212 roboravit.
1517 2158 1581 2212 In
1624 2175 1737 2228 qua
1774 2174 1854 2223 re,
1884 2175 2029 2212 sere-

427 2248 656 2303 nissime
686 2248 960 2318 princeps,
1002 2263 1117 2301 non
1163 2246 1479 2301 absimilem
1525 2247 1741 2301 navasti
1771 2263 2020 2318 Operam.

427 2340 622 2409 Neque
645 2354 783 2409 opus
811 2341 898 2391 est
923 2353 990 2390 ea
1009 2335 1261 2408 pluribus
1283 2335 1666 2407 comprobare,
1696 2353 1818 2407 qua
1847 2337 2025 2391 solem

423 2427 610 2498 ipsum
640 2431 842 2480 testem
871 2424 1206 2479 habuerunt.
1244 2425 1376 2496 Ipsi,
1410 2425 1516 2495 ipsi
1542 2441 1738 2478 sumus
1768 2425 1870 2479 tibi
1901 2443 2022 2479 ma-

422 2515 848 2570 nifestissimum
868 2522 980 2570 tua
1002 2514 1223 2569 virtutis
1242 2519 1692 2581 monumentum,
1717 2520 2022 2585 nostroque

421 2605 714 2660 commodo
771 2604 985 2675 experti
1040 2621 1148 2675 quo
1196 2603 1372 2658 animi
1424 2603 1608 2658 studio
1660 2604 2021 2659 Benedictino

422 2694 604 2748 ordini
650 2693 1016 2747 instaurando
1060 2692 1433 2756 incumberes,
1484 2709 1594 2763 qua
1636 2692 2024 2748 benevolentia

419 2783 914 2854 congregationem
960 2787 1209 2836 nostram
1248 2782 1712 2852 complectereris,
1761 2799 1874 2852 qua
1904 2800 2024 2836 mu-

420 2871 704 2926 niﬁcentia
731 2871 1036 2937 ornaveris,
1091 2887 1202 2941 qua
1241 2888 1378 2925 cura
1411 2871 1824 2942 pr0pagaveris.
1860 2872 2022 2934 Quod

416 2961 592 3014 trium
604 2960 1076 3015 monasteriorum
1088 2960 1403 3014 accessione
1416 2976 1527 3014 non
1538 2960 1618 3014 ita
1629 2960 1844 3031 pridem
1859 2965 2024 3014 aucta

2109 1976 2390 2045 gnaberis,
2417 1995 2581 2048 quem
2615 1979 2895 2050 principes
2929 1983 3227 2050 magniﬁce
3250 1990 3608 2053 exceperunt,
3630 2001 3711 2039 re-

2108 2081 2208 2135 ges
2255 2066 2313 2120 in
2341 2066 2553 2121 deliciis
2588 2068 2923 2136 habuerunt,
2960 2071 3224 2140 praesules
3265 2089 3491 2126 summa
3518 2072 3707 2127 obser-

2110 2154 2298 2208 vantia
2346 2157 2659 2223 coluerunt,
2712 2175 2879 2228 quem
2922 2159 3102 2213 anxiis
3149 2160 3290 2214 votis
3329 2161 3550 2231 Anglia,
3593 2163 3705 2218 imo

2109 2247 2261 2298 totus
2289 2243 2438 2298 orbis
2479 2247 2725 2317 expetiit.
2762 2248 2843 2301 En
2871 2248 3083 2302 scilicet
3112 2266 3180 2303 ea
3211 2250 3392 2304 malus
3423 2251 3534 2304 situ
3565 2268 3706 2322 pra-

2106 2333 2274 2400 celsa,
2323 2334 2507 2405 specie
2538 2335 2760 2400 eximia,
2787 2337 3076 2391 fructuum
3101 2337 3359 2392 ubertate
3390 2339 3695 2411 luxurians,

2105 2421 2165 2475 B.
2195 2422 2462 2476 Herluino
2482 2423 2699 2478 coalitus
2720 2425 3106 2480 demonstrata
3123 2426 3224 2494 (5),
3243 2443 3412 2497 quam
3435 2444 3502 2481 ex
3522 2429 3705 2499 opimo

2106 2510 2298 2564 Gallia
2330 2517 2533 2566 nostrae
2573 2513 2691 2567 solo
2722 2514 2989 2577 evulsam,
3023 2514 3260 2568 nimium
3281 2516 3473 2584 gloria
3501 2522 3703 2572 nostra

2104 2598 2357 2653 invidens
2381 2600 2714 2654 Guillelmus
2736 2618 2832 2655 rex
2861 2602 2917 2655 in
2951 2603 3171 2673 Anglici
3201 2604 3360 2673 regni
3390 2605 3552 2658 horto
3573 2622 3703 2660 con-

2105 2688 2276 2753 sevit;
2302 2689 2398 2742 sed
2421 2689 2586 2743 hodie
2607 2690 2940 2760 primigenio
2961 2692 3080 2744 solo
3107 2693 3386 2756 restituta,
3411 2693 3701 2763 pristinam

2105 2792 2205 2846 per
2232 2783 2287 2830 te
2324 2778 2726 2832 fecunditatem
2756 2786 3068 2850 recuperat,
3102 2786 3160 2834 et
3186 2781 3246 2834 in
3275 2783 3464 2852 gentis
3497 2789 3702 2838 nostrae

2104 2865 2274 2920 decus
2304 2874 2361 2920 et
2382 2867 2825 2922 emolumentum
2853 2869 3204 2936 reviviscens,
3236 2871 3352 2924 suis
3383 2871 3581 2926 melius
3596 2873 3703 2927 fixa

2106 2954 2406 3021 radicibus,
2459 2956 2674 3010 felicius
2727 2957 3000 3027 pubescit,
3049 2959 3316 3013 adolescit
3355 2961 3700 3030 generosius,

416 3051 510 3118 sit,
533 3068 566 3105 a
593 3057 650 3104 te
675 3051 861 3105 habet.
879 3049 1039 3114 Quod
1062 3051 1277 3116 ﬂoreat,
1307 3054 1469 3103 tuum
1501 3056 1603 3103 est.
1645 3050 1804 3114 Quod
1826 3050 2019 3105 incon-
2039 3047 2080 3106 Ο
2105 3042 2361 3097 fundit“r
2385 3044 2635 3099 Uberius-
2669 3045 3044 3110 QuamObl‘em
3080 3049 3300 3118 quoties
3333 3049 3703 3104 Lanfrancum

416 3157 580 3196 cussa
608 3144 957 3212 permaneat,
981 3138 1082 3192 tibi
1104 3138 1288 3192 debet.
1320 3139 1483 3193 Tanti
1503 3137 1759 3192 beneficii
1777 3140 2020 3209 gratiam

415 3230 519 3284 tibi
532 3231 817 3300 acceptam
835 3227 1030 3282 referri
1048 3228 1094 3281 si
1122 3243 1233 3281 non
1257 3227 1630 3297 agnoscimus,
1652 3228 1810 3294 caeci;
1832 3229 1878 3281 si
1907 3245 2019 3283 non

417 3319 766 3389 proﬁtemur,
784 3317 952 3370 simul
975 3316 1201 3385 ingrati.
1217 3315 1446 3369 Minime
1472 3332 1600 3370 vero
1619 3316 1706 3369 his
1737 3317 2020 3386 angustio-

415 3406 571 3460 ribus
593 3406 850 3460 cancellis
876 3411 976 3458 tua
998 3405 1176 3474 pietas
1205 3404 1484 3458 clauditur
1513 3423 1524 3470 ;
1559 3405 1728 3458 latius
1768 3422 1889 3459 sese
1909 3406 2018 3459 dif-

415 3495 620 3559 fundit,
654 3501 822 3565 atque
861 3495 922 3548 in
949 3509 1245 3548 commune
1287 3493 1461 3546 totius
1504 3493 1760 3548 Ecclesia
1808 3495 2017 3549 bonum

417 3583 701 3650 exuberat,
736 3600 859 3654 qua
908 3583 967 3636 in
1010 3588 1068 3636 te
1115 3581 1438 3652 prasidium
1491 3589 1789 3652 repertura
1832 3590 1918 3638 est
1959 3601 2024 3638 eo

417 3672 700 3744 potentius
724 3689 834 3742 quo
855 3679 911 3726 te
941 3672 1082 3742 regii
1111 3671 1403 3741 sanguinis
1433 3671 1699 3742 splendor
1727 3672 2023 3728 sublimius

421 3762 618 3816 evexit.

490 3852 733 3905 Cateras
763 3851 921 3905 dotes
947 3849 1150 3920 quibus
1182 3850 1244 3903 B.
1271 3849 1646 3904 Lanfrancum
1678 3852 1854 3906 refers
1881 3869 2021 3908 enu-

419 3955 718 4006 merarem,
742 3939 849 3994 nisi
876 3956 965 3994 me
985 3939 1099 4006 illa,
1125 3954 1237 4010 qua
1264 3939 1635 3994 Lanfrancum
1659 3957 1881 4012 quoque
1899 3943 2022 3996 imi-

497 4081 564 4153 (3)
599 4081 754 4136 Idem
781 4081 913 4135 Milo
945 4085 1002 4134 et
1029 4080 1431 4151 Malmesburg.
1465 4081 1560 4136 ubi
1583 4099 1774 4172 supra.

489 4171 568 4244 (4)
602 4171 779 4226 Iidem
807 4176 1062 4225 auctores
1093 4170 1228 4225 locis
1255 4170 1461 4225 citatis.

1259 4300 1509 4313 ﬂ

2102 3133 2415 3187 nominabit
2465 3135 2781 3204 posteritas,
2815 3142 2927 3190 tua
2969 3137 3169 3206 gratiae
3219 3138 3556 3192 meminerit.
3591 3139 3704 3193 Nos

2101 3222 2331 3276 interim
2364 3223 2682 3278 immortale
2710 3226 2812 3279 hoc
2835 3227 3033 3294 gratia
3045 3227 3254 3280 donum
3271 3228 3472 3282 animis
3501 3228 3705 3283 nostris

2102 3311 2212 3364 alte
2242 3311 2634 3379 inscribemus,
2687 3331 2797 3385 quo
2842 3315 3182 3369 immortalis
3209 3316 3394 3386 vigeat
3422 3318 3570 3387 apud
3602 3334 3703 3371 nos

2100 3403 2329 3453 tuorum
2361 3399 2762 3456 beneﬁciorum
2790 3404 3082 3458 memoria.
3099 3405 3212 3474 Ego
3234 3421 3362 3459 vero
3384 3406 3558 3459 totius
3581 3422 3706 3460 con-

2098 3488 2448 3558 gregationis
2480 3491 2536 3544 S.
2585 3492 2769 3546 Mauri
2798 3492 3024 3547 nomine
3055 3493 3195 3548 illud
3233 3494 3497 3564 polliceor
3535 3495 3705 3565 proﬂ-

2108 3581 2361 3632 teoroue.

2180 3594 2233 3630 π
2274 3594 2361 3632 ue.

2180 3594 2561 3714 Segrenissima
2585 3665 2697 3715 tua
2721 3661 3039 3717 celsitudini
3067 3663 3450 3719 deditissimus
3471 3664 3707 3719 devotis-

2106 3747 2395 3820 simusque
2433 3754 2642 3804 orator.

2912 3859 2973 3914 F.
3009 3859 3190 3914 LUCAS
3221 3858 3558 3914 onaaaws.

2213 3960 2480 4032 Ejusdem
2512 3963 2962 4034 congregationis
2982 3971 3169 4020 asceta
3181 3966 3592 4022 Benedictinus.

2173 4103 2250 4176 (5)
2295 4104 2580 4160 Gilbertus
2609 4105 2849 4177 Crispin.
2873 4107 2933 4161 in
2961 4105 3090 4162 Vita
3109 4107 3260 4162 beati
3280 4106 3558 4164 Herluini.

2307 4305 3682 4331 —.________~

1410 4388 1638 4517 AD
1709 4389 2740 4530 LECTOBEM.

488 4560 574 4616 Ita
603 4567 706 4625 est,
747 4564 964 4628 Lector,
997 4580 1352 4636 nequaquam
1399 4583 1557 4620 mens
1594 4566 1793 4623 fuisset
1821 4569 2010 4640 magni
2029 4573 2077 4632 D
2095 4587 2264 4643 opera
2285 4571 2486 4643 publici
2507 4574 2652 4644 juris
2681 4575 2862 4630 facere
2893 4576 3308 4648 protelaverim,
3346 4585 3403 4634 et
3429 4596 3532 4636 cur
3554 4579 3700 4636 votis

415 4650 711 4706 Lanfranci
727 4653 1135 4724 evulgationem
1149 4654 1398 4724 aggredi,
1421 4655 1629 4708 nedum
1645 4656 2020 4713 adnotationi-

415 4737 518 4793 bus
546 4739 847 4803 illustrare,
864 4741 922 4794 ni
936 4741 1237 4811 jussissent
1267 4742 1631 4813 animumque
1651 4745 2013 4812 addidissent,

415 4843 446 4880 e
471 4844 711 4898 quorum
748 4835 889 4884 nutu
921 4831 1136 4900 pendeo
1161 4835 1332 4897 totus,
1354 4832 1690 4902 superiores,
1716 4850 1932 4888 necnon
1961 4840 2018 4888 et

411 4916 602 4987 plures
629 4918 732 4971 viri
761 4919 928 4983 docti,
951 4935 1079 4973 cum
1102 4918 1301 4985 verbis,
1328 4925 1451 4974 tum
1478 4922 1683 4976 litteris
1709 4924 2015 4994 impensius

412 5005 821 5060 adhortassent.
879 5008 947 5061 Et
994 5024 1121 5062 vero
1171 5025 1282 5062 suae
1328 5009 1558 5064 inscitia
1606 5028 1717 5066 non
1769 5013 2008 5080 nescius,

409 5094 748 5148 canobiticis
774 5096 1223 5151 exercitamentis
1253 5100 1567 5153 necessario
1594 5100 2004 5172 interpellatus,

407 5201 470 5238 ac
500 5184 734 5255 proinde
769 5184 1099 5255 interruptis
1131 5187 1334 5240 studiis
1374 5188 1648 5243 duntaxat
1686 5189 2010 5245 incumbere

406 5273 615 5340 valens,
644 5277 761 5326 tam
792 5273 979 5326 nobile
1005 5289 1145 5344 opus
1176 5275 1365 5345 digne,
1392 5282 1449 5330 et
1477 5294 1576 5348 pro
1603 5295 1792 5332 rerum
1822 5280 2009 5350 gravi-

405 5366 541 5427 tate,
589 5363 650 5414 in
705 5361 887 5415 lucem
935 5363 1189 5433 prodere,
1238 5365 1386 5419 notis
1429 5372 1486 5420 et
1530 5365 2008 5424 observationibus

407 5449 683 5504 adornare
713 5451 838 5521 quis
869 5452 1084 5522 potest?
1113 5453 1192 5506 En
1225 5470 1411 5519 causa,
1452 5461 1516 5510 ut
1557 5457 1718 5524 scias,
1764 5456 2003 5528 benigne

2100 4663 2498 4717 nonnullorum
2529 4663 2680 4717 ocius
2710 4681 2773 4718 ac
2802 4664 3016 4720 felicius
3036 4667 3226 4722 forsan
3251 4685 3362 4724 non
3392 4671 3700 4741 responde-

2098 4749 2222 4804 rim.
2259 4751 2332 4805 Ut
2370 4755 2436 4805 ut
2471 4752 2545 4805 sit
2575 4752 2825 4822 tandem,
2857 4755 3005 4825 quod
3046 4755 3192 4812 bono
3231 4758 3418 4813 animo
3464 4759 3698 4827 contuli,

2099 4839 2244 4909 aequi
2273 4838 2516 4910 bonique
2545 4842 2807 4896 consulas
2833 4844 3018 4898 velim.

2169 4927 2234 4981 In
2263 4928 2367 4982 hac
2395 4945 2561 4999 porro
2597 4930 2840 4986 editione
2876 4934 3012 5004 quid
3040 4935 3467 5005 prastiterimus
3505 4938 3702 5008 paucis

2095 5032 2208 5070 non
2236 5016 2334 5071 abs
2365 5035 2425 5072 re
2457 5019 2567 5073 erit
2587 5020 2825 5090 aperire.
2851 5022 3040 5078 Vitam
3069 5025 3134 5078 B.
3167 5024 3484 5092 Lanfranci,
3519 5026 3701 5097 publi-

2095 5121 2217 5158 cam
2266 5123 2299 5159 a
2341 5105 2501 5161 nobis
2547 5107 2603 5161 in
2653 5109 2835 5164 lucem
2881 5112 3164 5178 emissam,
3213 5113 3386 5184 ipsius
3435 5114 3699 5186 operibus

2094 5195 2432 5264 praﬁximus
2457 5215 2468 5264 ;
2505 5197 2682 5251 multa
2695 5204 2884 5254 tamen
2913 5206 3110 5254 notatu
3140 5202 3487 5272 dignissima,
3523 5209 3580 5257 et
3607 5221 3699 5258 va-

2093 5283 2294 5338 rietate
2317 5286 2588 5354 jucunda,
2625 5304 2858 5359 quaque
2879 5290 2983 5342 viri
3013 5289 3328 5359 scientiam,
3354 5292 3694 5361 doctrinam,

2091 5373 2380 5443 pietatem,
2427 5376 2761 5447 sapientiam
2792 5377 3239 5449 spectabiliorem
3282 5381 3543 5447 reddunt,
3587 5399 3693 5436 au-

2089 5469 2209 5516 ctor
2253 5466 2678 5534 pratermisisse
2722 5466 2961 5533 videtur,
3017 5484 3120 5523 nos
3176 5486 3279 5541 pro
3311 5471 3583 5542 singulari
3630 5473 3694 5526 in

401 5537 596 5606 lector,
642 5556 742 5594 cur
789 5541 988 5596 tandiu
1036 5540 1346 5598 beatissimi
1394 5544 1545 5600 illius
1601 5546 2002 5620 archiepiscopi
2082 5553 2501 5610 sanctissimum
2531 5556 2818 5612 doctorem
2846 5556 3159 5627 devotione,
3176 5537 3260 5615 ex
3287 5559 3521 5616 diversis
3541 5577 3692 5632 pra-
