4008 6186
324 248 378 303 l3
1670 250 2230 309 PROLEGOMENA.
3515 253 3574 311 14
3640 259 3646 265 ’

312 373 472 445 cipue
501 373 799 429 coataneis
819 374 904 429 vel
932 373 1269 447 supparibus
1297 375 1663 448 scriptoribus
1691 393 1758 432 ea
1786 378 1902 432 col-
1922 378 2193 449 Aginula
2229 376 2627 434 onerabantur.
2662 376 2902 451 Obliqua
2942 379 3122 435 multa
3165 384 3224 434 et
3259 384 3582 436 transversa

316 463 506 534 ligare,
553 463 812 536 notisque
848 468 907 519 et
932 463 1411 521 observationibus
1437 465 1685 522 inserere
1713 483 1908 523 sumus

316 554 587 623 majorem
613 553 675 608 in
704 553 933 609 modum
960 553 1239 608 delectati.
1261 555 1581 625 Adjecimus
1609 556 1695 610 his
1716 555 1911 612 funda-

313 641 494 697 tiones
521 647 580 697 et
594 642 886 713 privilegia
905 644 1377 699 monasteriorum
1399 645 1589 700 Sancti
1614 644 1903 722 Stephani,

300 748 524 786 ,necnon
570 731 946 787 Sanctissima
992 733 1283 788 Trinitatis
1320 734 1785 801 Cadomensium;
1819 750 1909 788 eo-

303 837 430 877 rum
459 821 613 876 enim
634 828 829 876 auctor
846 821 956 875 fuit
981 838 1047 875 ac
1069 822 1240 876 veluti
1266 822 1534 878 fundator
1547 824 1608 878 B.
1630 821 1905 878 Lanfran-

308 924 446 975 cus;
487 909 552 964 in
592 926 811 964 summo
848 909 1221 965 versabantur
1251 910 1574 965 discrimine
1613 911 1909 982 (quemad-

309 998 541 1052 modum
566 998 684 1053 suis
706 998 841 1053 locis
869 999 1256 1067 indicavimus)
1290 1005 1461 1071 aulue
1484 1001 1602 1055 hac
1626 1000 1751 1072 ipsa
1778 1017 1910 1055 exo-

310 1086 550 1158 ptabant
571 1087 721 1143 docti
740 1087 843 1142 viri
864 1088 1149 1159 permulti.
1184 1089 1301 1144 Illa
1329 1089 1561 1144 tandem
1591 1089 1911 1145 adnotatio-

309 1192 409 1237 nes
438 1192 553 1231 non
580 1177 919 1248 spernendis
948 1178 1348 1246 monumentis,
1382 1179 1440 1234 in
1467 1179 1695 1251 pulvere
1718 1185 1776 1234 et
1798 1180 1912 1235 situ

310 1264 673 1333 Iactantibus,
696 1266 851 1322 fuere
870 1283 904 1322 a
931 1266 1091 1322 nobis
1116 1268 1409 1324 decorata.

375 1355 843 1415 Elucubrationes
869 1356 929 1412 in
956 1357 1231 1429 Epistolas
1251 1359 1314 1413 B.
1332 1359 1513 1427 Pauli,
1532 1364 1763 1431 propter
1787 1375 1915 1430 ope-

318 1444 391 1498 ris
434 1445 794 1516 dignitatem.
835 1446 1085 1517 primum
1114 1447 1373 1503 obtinent
1397 1448 1615 1517 locum;
1649 1449 1748 1503 SS.
1778 1449 1917 1502 Am-

1987 467 2229 534 inerant,
2247 468 2329 523 ita
2356 468 2503 540 quod
2532 469 2668 523 ordo
2707 473 2890 525 textus
2930 469 3307 542 Epistolarum
3345 470 3581 527 minime

1988 562 2325 624 servaretur,
2357 575 2550 620 verum
2579 575 2702 629 quae
2727 575 2794 613 ex
2825 575 2937 614 uno
2966 564 3195 615 auctore
3214 559 3583 631 profereban-

1987 650 2082 701 tur
2109 647 2168 701 in
2199 646 2448 718 qualibet
2475 647 2700 718 pagina,
2730 664 2780 701 v.
2801 664 2840 718 g
2866 688 2879 715 ,
2923 649 2980 702 S.
2998 648 3299 718 Augustini
3318 648 3582 705 continuo

1986 736 2276 806 scripturae
2318 736 2514 791 ordine
2555 737 2798 804 inverso,
2828 737 3302 808 expendebantur.
3352 739 3588 794 Verum-

1991 831 2183 880 tamen
2207 842 2332 880 cum
2361 827 2580 881 nullum
2621 826 2776 880 aliud
2827 827 3110 898 exemplar
3156 827 3306 896 (licet
3351 827 3586 884 diversis

1991 914 2339 969 diversarum
2384 914 2680 985 regionum
2730 914 2862 969 viris
2915 915 3110 984 doctis,
3145 921 3201 971 et
3229 917 3583 988 antiquariis,

1992 1004 2186 1075 Anglis
2223 1004 2553 1075 prasertim,
2601 1004 2985 1071 Nortmannis,
3027 1010 3084 1059 et
3110 1006 3293 1077 Belgis
3330 1007 3588 1078 scripsis-

1993 1109 2130 1157 sem,
2158 1091 2226 1146 ob
2247 1092 2417 1164 idque
2431 1092 2703 1164 plurimas
2721 1093 2950 1147 Parisiis
2970 1093 3340 1150 Bibliothecas
3358 1096 3590 1152 lustras-

1994 1179 2139 1251 sem)
2156 1181 2505 1253 suppeditari
2530 1182 2824 1252 potuisset,
2857 1198 3081 1236 omnem
3109 1198 3323 1250 curam,
3363 1201 3589 1240 omnem

1995 1268 2264 1336 laborem,
2280 1287 2443 1325 omne
2458 1271 2729 1335 studium,
2748 1286 2975 1325 omnem
2997 1271 3238 1343 denique
3255 1271 3593 1329 industriam

1995 1359 2225 1414 adhibui
2253 1364 2314 1414 ut
2342 1376 2513 1431 quam
2543 1359 2970 1430 castigatissime
2992 1360 3441 1417 Commentarius
3464 1363 3594 1435 iste,

1999 1449 2071 1502 ad
2120 1448 2313 1502 limam
2355 1449 2559 1521 sapius
2590 1453 2648 1504 et
2673 1449 2934 1504 incudem
2962 1452 3232 1506 revocatis
3278 1452 3591 1518 sententiis,

317 1533 568 1591 brosium
591 1540 651 1590 et
678 1535 1059 1606 Augustinum
1088 1536 1353 1591 continuo
1381 1538 1577 1604 ferme,
1610 1537 1696 1592 bis
1715 1542 1816 1592 aut
1831 1542 1920 1592 ter
2002 1538 2290 1603 ederetur;
2330 1537 2601 1610 impedire
2650 1538 3017 1593 nihilominus
3047 1538 3103 1592 id
3135 1556 3319 1611 opera
3347 1540 3599 1612 nequivit

311 1624 669 1683 solummodo
690 1625 1207 1697 SS.Hieronymum
1222 1633 1279 1680 et
1292 1626 1623 1698 Gregorium
1652 1628 1919 1697 Magnum
1942 1696 1979 1702 Α
2003 1626 2139 1697 quin
2167 1632 2355 1681 errata
2381 1627 2731 1698 irrepserint,
2762 1627 2909 1682 sicut
2937 1627 3067 1682 etin
3091 1629 3417 1700 appendice,
3450 1630 3600 1702 quod

311 1718 363 1772 in
386 1714 643 1771 medium
657 1713 891 1786 profert,
915 1696 1249 1786 prafertque
1264 1732 1380 1770 sua
1409 1696 1699 1771 sententia
1723 1696 1921 1771 auctor
1942 1696 1985 1755 Β
2006 1696 2192 1770 minus
2220 1715 2470 1771 studiose
2498 1696 2904 1788 diligenterque
2929 1696 3320 1790 chalcographi
3352 1696 3486 1774 sese
3505 1719 3601 1775 ha-

313 1805 692 1861 noster.Loca
709 1804 1007 1859 citavimus
1032 1805 1096 1858 B.
1124 1804 1445 1875 Augustini,
1462 1811 1667 1877 prater
1696 1806 1918 1877 paucis-
2002 1804 2252 1862 buerint.

314 1896 488 1961 sima;
522 1893 706 1950 sancti
736 1910 868 1948 vero
895 1892 1175 1949 Ambrosii
1192 1894 1532 1960 nullatenus,
1554 1895 1761 1966 quippe
1775 1894 1923 1949 inter
2074 1895 2333 1949 Glossula
2353 1894 2580 1966 quidem
2590 1894 2968 1949 interlinearis
2982 1894 3041 1949 in
3057 1896 3405 1968 autographa
3422 1902 3601 1953 exsta-

316 1987 440 2055 ejus
490 2000 666 2055 opera
716 1999 788 2037 ne
843 1982 1072 2037 verbum
1135 1983 1363 2053 quidem
1416 1984 1717 2039 citatorum
1774 2001 1808 2038 a
1854 1985 1917 2039 B.
2003 1984 2118 2050 bat,
2141 1984 2240 2038 sed
2269 1999 2398 2038 cum
2427 1984 2826 2039 obscuritatem
2856 1984 3115 2055 ingerere
3138 1984 3421 2040 videretur
3435 1986 3602 2055 (litte-

312 2073 646 2135 Lanfranco,
678 2072 788 2127 etsi
816 2071 1030 2126 diutius
1075 2072 1430 2143 multumque
1462 2071 1521 2125 in
1550 2072 1662 2127 illis
1688 2071 1921 2125 adinve-
2000 2089 2123 2126 ram
2165 2072 2316 2127 enim
2370 2072 2734 2142 grammatice
2774 2074 3034 2144 explanat
3080 2072 3335 2145 subinde)
3368 2074 3605 2146 interje-

316 2161 535 2217 niendis
564 2160 1650 2230 desudaverimus,licuitinvenire;sed
1679 2160 1918 2214 maxime
1999 2166 2168 2225 ctam,
2216 2160 2486 2215 nimirum
2527 2160 2858 2233 explicatius
2889 2160 3056 2215 verba
3102 2161 3439 2217 enodantem
3482 2163 3603 2233 pla-

321 2251 388 2306 ab
419 2251 675 2322 Epistola
707 2250 778 2303 ad
821 2250 1104 2305 Romanos
1137 2251 1210 2305 ad
1240 2251 1548 2322 Epistolam
1576 2251 1647 2304 ad
1690 2250 1919 2304 Galatas
2001 2250 2119 2304 cuit
2136 2250 2399 2320 evulgare
2423 2268 2437 2317 ;
2461 2249 2531 2303 ab
2561 2249 2805 2304 auctoris
2831 2255 3021 2304 tamen
3048 2255 3107 2303 et
3133 2255 3337 2317 mente,
3364 2256 3422 2306 et
3435 2267 3605 2306 sensu

317 2358 533 2411 usque;
582 2340 865 2411 siquidem
914 2339 974 2393 in
1012 2340 1288 2411 Epistolas
1332 2341 1403 2394 ad
1436 2341 1719 2394 Romanos
1756 2344 1813 2393 et
1849 2339 1920 2393 ad

321 2429 641 2485 Corinthios
683 2428 853 2484 verba
879 2427 985 2484 sub
1021 2430 1248 2483 nomine
1283 2430 1350 2483 D.
1393 2428 1674 2483 Ambrosii
1712 2429 1920 2499 produ-

319 2527 425 2586 cta,
458 2520 521 2574 in
553 2519 976 2574 Commentario
1000 2518 1107 2589 ipsi
1128 2535 1423 2590 perperam
1452 2520 1695 2589 ascripta
1725 2534 1921 2572 occur-

321 2626 439 2664 rere
460 2608 742 2670 nonnulla
763 2627 777 2673 ;
809 2608 959 2663 haud
976 2608 1230 2679 equidem
1252 2613 1678 2679 consequenter,
1696 2607 1795 2662 sed
1814 2624 1927 2662 una

322 2706 417 2754 aut
444 2699 634 2753 altera
660 2697 812 2752 linea
839 2697 993 2751 intra
1021 2697 1239 2768 pagina
1284 2697 1580 2751 dimidium
1617 2696 1925 2751 identidem

323 2788 624 2859 desumpta
660 2786 898 2852 videtur,
931 2802 1336 2858 nonnunquam
1357 2787 1467 2841 duo
1489 2791 1589 2841 aut
1611 2786 1720 2841 tria
1735 2785 1923 2847 verba.

325 2877 480 2932 Unde
517 2893 731 2947 magna
776 2875 915 2930 mihi
949 2876 1191 2947 suspicio
1234 2881 1322 2930 est
1363 2876 1423 2929 B.
1473 2868 1772 2931 Lanfranci
1814 2892 1927 2930 avo

2002 2339 2320 2407 verborum,
2355 2356 2468 2394 non
2490 2345 2891 2405 transversum,
2923 2344 2989 2393 ut
3018 2340 3196 2405 aiunt,
3230 2357 3478 2411 unguem
3496 2341 3608 2397 dis-

2002 2428 2161 2484 cessi.
2188 2430 2265 2483 At
2292 2434 2566 2500 quantum
2596 2430 2680 2483 fas
2719 2430 2841 2495 fuit,
2873 2428 3145 2500 potuique
3173 2429 3442 2497 divinare,
3480 2447 3608 2503 ger-

2006 2534 2176 2573 mana
2203 2517 2501 2572 Lanfranci
2528 2517 2698 2571 verba
2722 2517 3011 2589 descripsi,
3027 2522 3085 2572 et
3111 2518 3207 2572 ubi
3238 2519 3457 2574 litteras
3485 2536 3609 2575 sen-

2006 2624 2198 2662 sumve
2224 2607 2498 2679 explicare
2527 2623 2641 2661 non
2678 2607 2942 2672 valerem,
2973 2612 3181 2678 puncta
3209 2608 3465 2680 interjeci
3484 2609 3606 2664 loco

2005 2696 2339 2764 verborum;
2370 2697 2457 2750 vel
2478 2712 2613 2750 sane
2652 2696 2701 2750 si
2739 2696 2964 2767 quando
3006 2695 3328 2752 obscuriora
3358 2702 3608 2755 attexue-

2007 2786 2134 2854 rim,
2167 2787 2226 2840 in
2257 2785 2510 2856 margine
2537 2787 2888 2856 conjecturas
2917 2786 3116 2857 adjeci.

2081 2875 2228 2929 Loca
2272 2874 2471 2929 divina
2500 2873 2802 2945 Scriptura
2855 2890 2982 2929 cum
3009 2874 3251 2944 vulgatis
3281 2875 3496 2943 Bibliis,
3552 2881 3612 2932 et

324 2965 749 3021 Commentaria
786 2964 968 3019 sancti
1010 2964 1291 3019 Ambrosii
1333 2965 1631 3032 exstitisse,
1678 2982 1802 3036 qua
1858 2964 1928 3019 ad
2011 2963 2318 3018 sententias
2346 2962 2729 3032 B.Augustini
2761 2979 2888 3016 cum
2922 2962 3166 3017 editione
3194 2964 3609 3035 Antuerpiensi,

324 3062 517 3110 nostra
546 3060 807 3126 tempora
834 3055 1273 3126 haudquaquam
1306 3061 1698 3126 pervenerunt,
1722 3056 1807 3107 vel
1843 3055 1987 3115 la-C
2009 3052 2261 3106 omnium
2298 3049 2751 3120 castigatissima,
2791 3049 3130 3105 contulimus
3162 3069 3174 3105 :
3215 3055 3500 3116 Quantum
3538 3054 3611 3108 ad

324 3150 439 3199 tere
462 3143 698 3199 alicubi.
744 3143 833 3198 Ab
875 3143 981 3197 hac
1022 3144 1344 3214 conjectura
1384 3144 1615 3198 minime
1665 3143 1932 3198 abhorret
2013 3141 2069 3195 S.
2092 3138 2472 3205 Ambrosium,
2503 3138 2756 3194 conferre
2779 3139 2939 3194 licuit
2964 3138 3123 3207 nihil,
3156 3145 3388 3212 propter
3432 3142 3610 3198 ratio-

326 3235 603 3290 Antonius
649 3233 988 3288 Possevinus
1031 3233 1089 3286 in
1138 3235 1428 3305 Apparatu
1461 3250 1621 3288 sacro
1660 3233 1730 3287 de
1776 3233 1930 3287 hisce
2011 3246 2111 3284 nes
2134 3228 2394 3300 superius
2420 3228 2638 3282 allatas.

323 3322 764 3378 Commentariis
786 3338 961 3392 agens
996 3340 1009 3376 :
1046 3339 1072 3372 ‹‹
1100 3321 1224 3376 Jam
1259 3338 1407 3389 vero,
1428 3322 1931 3393 inquit,Commen-
2085 3319 2154 3373 Et
2176 3318 2311 3389 quia
2335 3317 2749 3373 B.Lanfrancus
2759 3318 3010 3388 glossula
3032 3334 3136 3373 sua
3154 3319 3420 3374 continuo
3436 3336 3609 3392 prope

323 3412 498 3466 tarios
522 3411 582 3466 in
614 3411 895 3481 Epistolas
923 3410 1084 3465 Pauli
1111 3426 1224 3464 non
1265 3427 1387 3465 esse
1421 3409 1724 3475 Ambrosii,
1766 3412 1929 3465 hosce
2011 3413 2225 3462 textum
2254 3407 2536 3474 emendat,
2577 3424 2681 3461 nos
2710 3423 2777 3461 ea
2802 3408 2872 3462 de
2902 3424 2964 3461 re
2991 3408 3321 3477 glossulam,
3346 3408 3443 3463 ubi
3469 3410 3610 3465 sim-

319 3501 417 3572 qui
464 3501 588 3554 dati
623 3505 761 3555 sunt
800 3500 978 3571 prelo,
1008 3499 1105 3554 sed
1149 3499 1430 3555 interiisse
1473 3516 1803 3571 persuasum
1843 3506 1930 3554 est
2012 3498 2136 3569 plex
2161 3496 2268 3551 fuit
2302 3496 2590 3558 correctio.
2630 3495 3019 3563 subticuimus,
3055 3502 3113 3551 et
3133 3497 3434 3567 Vulgatam
3462 3499 3609 3554 hanc

320 3590 438 3645 fere
466 3589 814 3648 doctoribus.
851 3609 874 3641 ι

390 3678 704 3749 Agnoveris
737 3679 911 3733 etiam
954 3678 1012 3732 in
1041 3680 1145 3732 hoc
1185 3677 1380 3733 eodem
1422 3678 1719 3733 Lanfranci
1764 3679 1926 3734 Com-

318 3768 605 3823 mentario
630 3768 903 3839 quasdam
932 3767 1391 3837 sententias,qua
1407 3767 1688 3821 Ambrosii
1717 3784 1925 3822 nomen

319 3873 436 3928 pra
462 3874 528 3913 se
551 3857 764 3923 ferunt,
795 3873 1001 3912 revera
1015 3872 1137 3910 esse
1159 3855 1477 3926 Augustini,
1492 3855 1768 3922 videlicet,
1787 3874 1915 3928 pag.

315 3946 445 4014 1‘38,
478 3948 541 4002 in
566 3947 739 4019 Epist.
772 3946 845 4001 ad
876 3946 1126 4013 Galatas,
1160 3945 1233 4000 ad
1264 3945 1381 4000 hac
1410 3944 1579 4000 verba
1607 3945 1806 4017 capitis
1844 3945 1913 4002 3:

316 4037 593 4092 Hediator
633 4041 841 4103 autem,
873 4040 1003 4102 etc.,
1052 4038 1103 4090 si
1130 4037 1309 4090 Filius
1333 4036 1434 4089 Dei
1472 4038 1751 4101 naturali,
1806 4042 1914 4092 etc.

314 4124 463 4179 Item
483 4123 715 4191 ibidem,
740 4140 871 4195 pag.
888 4120 994 4179 129
1010 4141 1023 4177 :
1039 4123 1144 4179 Sed
1167 4125 1439 4197 conclusit
1470 4123 1776 4190 Conclusio,
1811 4128 1917 4178 etc.

314 4212 385 4268 Et
412 4214 489 4268 ad
521 4211 735 4284 caput!»
759 4212 1013 4283 ejusdem
1032 4210 1291 4283 Epistola
1310 4228 1439 4283 pag.
1468 4209 1563 4268 131
1593 4230 1604 4265 :
1638 4213 1920 4267 Elementa

2009 3588 2188 3659 ipsam
2202 3603 2395 3641 sumus
2420 3588 2479 3640 in
2499 3590 2692 3639 nostra
2711 3585 2959 3640 editione
2981 3587 3178 3653 secuti,
3194 3587 3387 3663 paucis
3407 3589 3607 3644 saltem

2008 3676 2250 3747 exceptis
2274 3692 2399 3747 qua
2427 3675 2744 3729 inconsulto
2768 3664 3070 3746 irrepsere,
3115 3677 3355 3748 exempli
3398 3678 3604 3748 gratia,

2005 3767 2467 3821 holocaustomata
2517 3781 2619 3836 pro
2668 3766 3128 3835 holocautomata,
3159 3767 3412 3838 quamvis
3455 3768 3606 3825 idem

2004 3861 2226 3909 sonent.

2075 3944 2176 3999 lllo
2204 3944 2265 3999 in
2297 3942 2713 3999 Commentario
2744 3943 2886 3999 duas
2919 3944 3273 4015 potissimum
3307 3944 3378 4000 ob
3407 3962 3604 4002 causas

2004 4034 2151 4099 (mea
2188 4033 2486 4103 sententia)
2524 4032 2785 4087 brevitati
2810 4032 3029 4088 studuit
3061 4038 3285 4102 auctor;
3317 4036 3498 4089 altera
3518 4041 3604 4090 est

2003 4121 2266 4192 quoniam
2302 4122 2359 4175 id
2388 4127 2523 4177 tunc
2542 4121 2833 4193 temporis,
2860 4138 2925 4175 ac
2953 4122 3130 4176 multo
3166 4123 3340 4193 prius,
3383 4122 3600 4178 divina-

2001 4227 2129 4265 rum
2199 4227 2389 4266 rerum
2449 4215 2918 4265 commentatores
2975 4226 3194 4264 sacram
3252 4210 3600 4282 Scripturam

314 4305 373 4356 id
398 4309 500 4369 est,
533 4304 869 4371 temporibus
888 4304 1193 4366 servitutis,
1222 4306 1327 4355 etc.
1361 4301 1595 4355 Exstant
1621 4301 1737 4357 hac
1768 4303 1917 4374 apud
1934 4303 2283 4374 ηλακωνικῶς
2319 4298 2862 4371 interpretabantur;
2893 4299 3071 4353 altera
3100 4315 3249 4365 vero,
3275 4298 3408 4370 quia
3426 4299 3599 4354 studii

309 4392 723 4462 Augustinum,
752 4389 850 4444 lib.
883 4389 1258 4461 Expositionis
1287 4389 1547 4461 Epistola
1573 4389 1646 4444 ad
1667 4390 1918 4462 Galatas,

307 4487 446 4535 ante
476 4480 751 4536 medium.
772 4479 848 4535 Et
874 4479 993 4534 hac
1016 4478 1327 4549 objicienda
1355 4479 1851 4550 putavi,quatenus
1868 4480 1917 4534 si

307 4586 426 4641 qua
455 4570 520 4624 id
546 4586 730 4640 genus
758 4568 1075 4634 attenderis,
1122 4567 1315 4633 lector,
1343 4567 1574 4638 colligas
1602 4584 1670 4622 ea
1705 4568 1917 4639 promi-

306 4675 449 4714 scue
477 4665 539 4714 et
558 4658 865 4713 oscitanter
890 4674 926 4712 a
952 4656 1180 4712 librario
1216 4657 1391 4711 fuisse
1422 4657 1485 4711 Β.
1508 4656 1805 4712 Ambrosio
1834 4675 1920 4713 as-

303 4748 561 4818 signate.
593 4747 801 4803 Omnia
825 4751 1014 4802 autem
1033 4751 1555 4818 percurrere,atque
1565 4747 1635 4801 ad
1650 4747 1921 4802 amussim

302 4852 604 4903 revocare,
645 4841 703 4891 et
751 4836 902 4891 locos
943 4852 1009 4890 ex
1052 4841 1292 4908 utroque
1338 4835 1682 4891 doctore‘ab
1717 4836 1916 4891 eodem

301 4925 632 4981 Lnnfranco
677 4930 966 4980 mutuatos
1017 4926 1288 4991 conferre,
1332 4924 1577 4996 ingentis
1622 4932 1771 4981 esset
1824 4937 1916 4999 (ne

298 5014 503 5070 dicam
539 5016 816 5070 humanas
850 5015 1255 5086 propemodum
1291 5014 1438 5069 vires
1475 5014 1813 5084 excedentis)
1860 5019 1917 5069 et

296 5102 529 5159 laboris
562 5104 801 5158 forsitan
836 5103 1016 5158 vacui.

373 5193 629 5250 Caduca
656 5192 798 5248 adeo
826 5198 991 5248 erant
1017 5191 1221 5248 littera
1249 5209 1315 5249 ac
1339 5192 1733 5248 minutissima
1766 5194 1920 5259 (coa-

293 5289 487 5338 tanea
506 5290 700 5337 tamen
733 5286 792 5337 et
813 5297 928 5337 non
968 5281 1276 5353 ineleganti
1303 5299 1475 5338 manu
1502 5285 1784 5352 exarata),
1832 5282 1916 5336 uti

294 5374 499 5428 visum
528 5372 791 5443 fugerent
809 5372 1141 5444 aliquando;
1170 5371 1354 5427 lituris
1373 5372 1605 5444 insuper
1624 5373 1759 5427 Com
1768 5388 1919 5426 men-

293 5463 503 5518 tarios
534 5460 821 5533 plerisque
868 5459 930 5515 in
974 5461 1110 5517 locis
1159 5460 1668 5530 contaminabatur,
1701 5461 1920 5516 mendis

295 5568 422 5609 non
464 5550 716 5619 arebat,
756 5551 1037 5608 asteriscis
1070 5554 1128 5607 et
1152 5551 1338 5608 obelis
1383 5551 1742 5608 subobscuris
1768 5567 1920 5607 mar-

1934 4350 1982 4408 D

2002 4406 2222 4461 parum,
2241 4389 2623 4443 meditationis
2652 4388 3129 4459 quamplurimum
3150 4388 3351 4443 divinis
3380 4389 3441 4443 in
3457 4390 3602 4443 Scri-

1998 4477 2179 4549 pturis
2208 4476 2606 4547 intelligendis,
2631 4492 2738 4530 usu
2776 4474 2947 4547 probe
2978 4477 3062 4530 vir
3086 4476 3181 4530 ille
3210 4476 3408 4531 divina
3436 4478 3597 4533 theo-

1998 4567 2095 4622 ria
2119 4565 2525 4621 scientissimus
2549 4570 2779 4620 noverat
2810 4565 3226 4620 insumendum.

2073 4658 2218 4711 Loca
2242 4672 2273 4710 e
2310 4654 2464 4710 Petri
2495 4653 2798 4709 Lombardi
2829 4654 3311 4711 lucubrationibus
3348 4657 3407 4712 in
3448 4659 3601 4714 Pau-

2003 4746 2118 4800 lum
2149 4745 2429 4816 descripta
2471 4761 2536 4798 ac
2564 4743 2723 4797 initio
2775 4744 3322 4800 Commentariorum
3360 4762 3396 4800 a
3435 4746 3598 4802 nobis

2002 4840 2232 4898 attexta,
2283 4834 2435 4888 aliud
2482 4849 2622 4905 opus
2661 4832 2721 4887 in
2764 4832 3040 4904 Epistolas
3069 4835 3322 4905 Apostoli
3358 4836 3599 4892 edidisse

1997 4924 2370 4978 Lanfrancum
2396 4923 2698 4994 indigitare
2722 4923 3000 4990 videntur,
3016 4928 3211 4994 utpote
3235 4941 3377 4996 qua,
3395 4932 3601 4997 prater

1998 5013 2110 5068 duo
2139 5012 2469 5085 posteriora,
2499 5012 2731 5067 minime
2759 5017 3017 5083 prostant
3039 5011 3098 5066 in
3118 5012 3205 5066 his
3236 5015 3598 5070 Commenta-

2004 5103 2124 5157 riis.
2144 5103 2311 5157 Forte
2340 5102 2492 5157 aliud
2521 5101 2806 5172 sepultum
2835 5101 3106 5156 hactenus
3136 5103 3381 5173 pulvere,
3405 5104 3597 5159 blattis

1998 5192 2278 5262 tineisque
2326 5190 2780 5263 depradantibus
2825 5207 3072 5244 exesum.
3107 5192 3244 5245 Cum
3275 5208 3404 5245 vero
3446 5192 3596 5247 ullus

1999 5278 2368 5336 dubitationis
2397 5296 2536 5335 mea
2564 5286 2810 5335 assertor
2836 5296 3115 5350 nusquam
3147 5282 3421 5345 Occurrat,
3447 5280 3598 5350 quod

1999 5368 2351 5442 publicamus
2389 5368 2871 5424 Commentarium
2920 5368 3081 5423 nobis
3138 5366 3367 5421 interim
3421 5368 3596 5424 fuerit

2001 5458 2199 5514 solatio
2209 5499 2222 5514 .

2072 5550 2397 5604 Tractatum
2434 5548 2515 5603 De
2566 5546 2917 5602 eucharistia
2954 5550 3310 5601 sacramento
3344 5548 3603 5618 (repetita
