4008 6186
408 260 476 311 15

1101 252 1162 306 Β.
1207 249 1685 304 LANFRANCUS
1725 247 2303 302 CANTUARIENSIS
2341 247 2986 301 ARCHIEPISCOPUS.

3631 247 3682 303 16

403 382 646 438 editione
673 379 957 434 multoties
979 377 1317 446 evulgatum)
1342 376 1554 446 primus
1571 374 1718 429 eruit
1746 371 2260 433 Francis-Avirum
2300 377 2560 426 sanctum
2602 387 2835 425 summae
2886 370 3237 427 abstinentia:
3282 374 3590 439 addictum,
3625 391 3684 428 ac

405 488 503 527 cus
557 472 796 525 Carreus
848 485 948 522 seu
996 465 1335 530 Quadratus,
1369 463 1658 518 Beccensis
1709 462 2003 544 coeno'bita,

407 559 554 632 quod
612 558 849 629 ipsemet
898 556 955 609 in
995 570 1116 620 sua,
1146 569 1314 624 quam
1343 551 1609 606 tractatui
1639 551 1994 622 praeﬁximus,

402 648 812 719 nuncupatoria
839 644 1078 715 epistola
1104 646 1524 696 commonstrat.
1575 640 1683 694 Sed
1714 657 1842 693 vero
1871 655 1996 693 cum

402 741 460 793 in
490 739 586 791 illa
606 735 799 791 Carrei
819 734 1065 788 editione
1091 731 1415 801 Berengarii
1441 729 1842 801 professionem
1859 745 1992 798 pon-

398 829 548 882 tiﬁce
578 824 849 895 Gregorio
883 823 981 878 VII
1015 822 1311 885 factam,et
1339 819 1594 890 quaedam
1623 817 1994 889 praecedentia

399 922 456 969 et
502 911 902 983 subsequentia
952 908 1119 963 verba
1173 905 1712 970 animadvertissem,
1777 904 1847 958 ab
1905 903 1990 957 his

398 1002 671 1066 videlicet,
721 1002 802 1055 Ad
837 1001 946 1053 haec
987 999 1237 1063 Gregorii
1280 998 1516 1063 septimi,
1561 999 1691 1056 etc.,
1735 994 1804 1047 ad
1848 993 1986 1046 illa:

399 1095 534 1148 Cum
558 1096 742 1144 autem
768 1089 866 1142 sub
889 1088 1135 1150 Nicolao,
1169 1089 1271 1138 etc.
1306 1084 1526 1154 adjecta
1552 1083 1722 1136 fuisse
1749 1081 1817 1136 ab
1835 1082 1989 1136 evul-

393 1187 589 1252 gatore
630 1180 798 1232 hacce
844 1177 1167 1246 conjectura
1196 1172 1459 1226 movebar
1493 1191 1504 1223 :
1533 1172 1682 1227 haud
1709 1172 1856 1225 enim
1902 1187 1990 1224 me

395 1269 604 1324 latebat
650 1269 713 1323 B.
745 1267 1120 1321 Lanfrancum
1171 1262 1407 1334 epistola
1457 1260 1485 1314 3
1514 1263 1584 1315 ad
1612 1261 1992 1314 Alexandrum

388 1375 594 1429 papam
649 1359 952 1410 tractatum
999 1369 1163 1406 suum
1217 1351 1297 1405 De
1341 1367 1570 1421 corpore
1619 1354 1676 1403 et
1719 1349 1992 1418 sanguine

389 1446 615 1502 Domini
645 1450 839 1498 contra
884 1441 1304 1510 Berengarium,
1337 1439 1568 1493 Cadomi
1617 1437 1837 1491 abbatis
1866 1437 1993 1490 fun-

388 1540 615 1607 gentem
631 1533 831 1599 ofﬁcio,
856 1530 1210 1585 elucubrasse
1224 1528 1535 1599 professum
1555 1546 1567 1594 ;
1591 1525 1993 1596 constabatque

2092 462 2414 529 monachos,
2475 467 2680 516 sanctze
2735 461 2941 531 regulae
3015 460 3422 528 observatores,
3482 465 3578 535 qui
3632 464 3683 518 in

2088 551 2447 604 resarcienda
2493 550 2786 619 disciplina
2833 550 3142 604 monastica
3183 569 3404 606 omnem
3461 569 3680 622 operam

2080 643 2370 700 navarent,
2402 637 2716 692 dedeceret.
2753 638 3025 692 Caeterum
3055 638 3518 694 instaurationem
3561 640 3677 694 vitae

2078 727 2357 790 solitariae,
2395 744 2518 797 quae
2558 734 2877 781 asservatur
2916 728 2972 781 in
3028 729 3260 798 collegio
3319 729 3676 783 Benedictino

2075 815 2467 885 Cantabrigim,
2501 814 2670 869 aliam
2693 815 2922 869 minime
2949 833 3069 870 esse
3101 835 3134 871 a
3164 817 3433 883 Decretis,
3465 819 3597 882 sive,
3621 820 3680 871 ut

2074 911 2292 970 vocant,
2325 905 2702 972 Ceremoniis,
2734 905 2899 959 ﬁdem
2941 905 3076 960 facit
3101 907 3375 962 Seldenus
3423 906 3494 961 ad
3539 906 3676 961 Ead-

2074 994 2214 1047 meri
2243 994 2550 1047 Historiam
2583 995 2930 1065 praefatione.

2142 1084 2228 1137 Ad
2251 1083 2518 1154 epistolas
2537 1084 2684 1154 quod
2706 1084 2928 1146 attinet,
2955 1083 3316 1139 adhibuimus
3336 1084 3673 1155 ipsissimum

2073 1173 2386 1243 exemplum
2418 1174 2579 1242 cujus
2610 1173 2866 1226 meminit
2893 1173 3194 1226 cardinalis
3232 1174 3505 1228 Baronius
3562 1175 3673 1228 An-

2074 1262 2186 1317 nal.
2239 1261 2742 1316 ecclesiasticorum
2796 1267 2950 1315 tonio
3008 1263 3079 1328 ΙΙ,
3138 1263 3207 1316 ad
3269 1279 3479 1317 annum
3537 1260 3673 1319 1070

2073 1350 2320 1416 (illorum
2375 1351 2582 1404 etenim
2641 1350 2941 1404 nonnullas
2991 1351 3060 1404 ad
3101 1368 3319 1406 sacram
3369 1352 3671 1406 Historiam

2075 1445 2410 1510 spectantes,
2435 1440 2646 1494 eisdem
2678 1438 2987 1493 Annalibus
3018 1440 3302 1509 intexuit),
3327 1440 3422 1511 qui
3451 1447 3670 1512 postea-

2078 1544 2246 1598 quam
2268 1528 2563 1582 Lanfranci
2596 1528 2888 1599 epistolam
2923 1529 3235 1583 Alexandro
3267 1531 3317 1584 ΙΙ
3346 1530 3670 1602 inscriptam

389 1624 722 1694 Gregorium
753 1637 862 1675 non
885 1619 1083 1673 eadem
1108 1622 1464 1688 tempestate,
1493 1632 1687 1670 verum
1727 1616 1851 1686 plus
1877 1613 2040 1694 tri-_
2064 1616 2276 1680 retulit,
2307 1617 2416 1670 ista
2467 1616 2680 1686 profert
2713 1633 2723 1668 :
2761 1637 2784 1667 «
2822 1617 3120 1687 Hucusque
3170 1617 3406 1687 epistola
3438 1619 3508 1672 ad
3551 1619 3670 1673 Ale-

384 1687 645 1783 bus'post
670 1709 834 1763 annis
861 1707 1032 1762 fuisse
1052 1711 1304 1760 creatum
1329 1710 1475 1771 (cum
1499 1705 1617 1774 jam
1659 1703 1717 1756 in
1741 1687 2339 1758 Cantua-Bxandrum
2371 1705 2714 1775 pontiﬁcem,
2765 1721 2932 1775 quam
2975 1706 3160 1776 accepi
3217 1723 3330 1761 una
3377 1723 3505 1761 cum
3551 1708 3672 1762 aliis

384 1801 554 1856 riensi
591 1799 860 1854 cathedra
900 1797 1121 1850 sederet
1150 1793 1511 1864 Lanfrancus)
1545 1809 1610 1846 ac
1639 1791 1871 1862 proinde
1903 1791 1985 1844 di-

381 1896 528 1946 ctam
558 1888 960 1960 professionem
973 1902 1073 1939 suo
1093 1883 1281 1937 libello
1300 1883 1547 1936 inserere
1562 1881 1713 1935 haud
1736 1881 1984 1952 potuisse

385 1978 694 2034 videbatur.

451 2067 662 2122 Deinde
691 2065 892 2121 collato
923 2065 1188 2118 'l‘ractatu
1216 2061 1285 2114 ad
1338 2060 1447 2114 tria
1477 2075 1582 2113 ms.
1613 2057 1982 2112 bibliotheca-

382 2174 510 2212 rum
554 2156 763 2225 Regize,
801 2151 1094 2207 Beccensis
1150 2156 1208 2204 et
1266 2148 1600 2212 Petavianze,
1645 2163 1858 2201 necnon
1910 2146 1981 2199 ad

382 2263 576 2301 omnes
607 2262 729 2315 qum
759 2245 1123 2297 occurrerunt
1159 2239 1430 2294 editiones
1477 2254 1602 2291 cum
1641 2234 1982 2306 ejuscemodi

381 2333 744 2407 professionis
772 2350 843 2386 ne
872 2331 956 2384 vel
981 2330 1216 2384 minima
1245 2327 1460 2398 syllaba
1488 2325 1981 2396 legeretur.magis

381 2424 694 2495 augebatur
737 2420 999 2492 suspicio.
1057 2417 1248 2473 Nihilo
1296 2423 1487 2470 tamen
1534 2415 1714 2468 secius
1767 2413 1982 2467 addita-

380 2519 574 2568 menta
600 2529 722 2566 esse
745 2528 866 2581 quae
893 2508 1227 2580 protulimus
1258 2523 1368 2560 non
1390 2511 1476 2559 est
1490 2521 1590 2558 cur
1612 2504 1976 2565 affirmemus,

379 2601 833 2674 quandoquidem
869 2597 1140 2668 adjecisse
1177 2613 1243 2650 ea
1272 2596 1337 2652 B.
1371 2594 1767 2656 Lanfrancum,
1794 2592 1983 2645 elabo-

379 2709 646 2763 rasseque
673 2696 735 2744 ut
773 2689 1013 2760 amplior
1057 2691 1226 2757 atque
1257 2683 1606 2738 emendatior
1643 2683 1788 2736 foret
1830 2681 1984 2735 libel-

379 2784 486 2849 lus,
511 2797 639 2834 vero
671 2777 961 2834 simillima
978 2781 1063 2828 est
1082 2773 1225 2828 ratio
1250 2791 1262 2839 ;
1292 2772 1440 2843 quod
1463 2777 1519 2825 et
1537 2771 1719 2824 solent
1732 2770 1983 2841 plerique

381 2876 656 2935 auctores,
688 2865 1015 2937 saapiuscule
1045 2879 1216 2934 opera
1245 2878 1274 2915 a
1307 2878 1367 2915 se
1415 2861 1565 2914 edita
1591 2859 1694 2913 sub
1719 2859 1982 2913 incudem

379 2975 660 3015 revocare.
705 2957 830 3010 Non
869 2954 959 3007 hic
985 2953 1259 3006 immoror
1287 2951 1347 3004 in
1377 2949 1819 3004 commendando
1850 2965 1986 3020 prae-

2065 1792 2134 1846 ab
2173 1793 2351 1846 amico
2386 1793 2852 1863 conjunctissimo
2878 1794 3016 1848 mihi
3056 1795 3358 1849 christiana
3403 1797 3672 1851 charitate

2065 1881 2294 1935 Nicolao
2321 1881 2506 1935 Fabro
2535 1882 2856 1936 Parisiensi.
2894 1904 2918 1934 ››
2966 1889 3069 1936 etc.
3104 1884 3346 1938 Fabrum
3375 1903 3441 1939 ex
3469 1885 3670 1940 celebri

2068 1969 2408 2024 bibliotheca
2465 1971 2800 2025 (Lottoniana
2845 1971 2903 2025 in
2951 1973 3150 2042 Anglia
3193 1974 3471 2045 accepisse
3513 1975 3668 2029 testis

2066 2059 2204 2112 mihi
2233 2065 2319 2113 est
2339 2059 2489 2113 idem
2513 2059 2607 2130 qui
2630 2077 2798 2130 supra
2816 2060 3088 2115 Seldenus
3115 2062 3233 2116 loco
3262 2063 3452 2117 citato.
3486 2065 3667 2134 Atque

2064 2148 2201 2201 illud
2233 2149 2459 2219 quidem
2490 2151 2874 2220 apographum
2918 2150 3308 2205 liberalissime
3360 2153 3663 2206 communi-

2063 2237 2212 2290 cavit
2256 2238 2613 2292 doctissimus
2668 2238 3029 2307 Sirmondus;
3065 2257 3176 2311 quo
3215 2240 3574 2311 potissimum
3604 2242 3660 2296 in

2065 2331 2260 2380 nostra
2306 2327 2409 2380 hac
2447 2328 2532 2380 usi
2573 2344 2768 2381 sumus
2811 2328 3074 2382 editione.
3117 2330 3414 2400 Suppetias
3447 2347 3665 2401 quoque

2065 2415 2255 2468 attulit
2275 2416 2591 2487 exemplum
2622 2417 2946 2470 earumdem
2971 2417 3288 2472 litterarum
3314 2429 3364 2474 (θ
3395 2425 3670 2474 monaste-

2066 2503 2170 2566 rio,
2208 2504 2265 2558 ni
2295 2505 2476 2572 fallor,
2512 2505 2701 2559 Sancti
2736 2505 3005 2576 Stephani
3036 2507 3422 2576 Cadomensis)
3440 2508 3509 2562 ab
3540 2525 3664 2564 eru-

2065 2594 2344 2648 ditissimo
2375 2597 2590 2649 Joanne
2622 2601 2668 2650 le
2711 2599 2898 2649 Prc‘ro‘t
2927 2597 3365 2667 Rothomagensi
3401 2599 3668 2653 canonico

2067 2684 2484 2738 transmissum.
2519 2685 2700 2738 Unam
2751 2691 2852 2739 aut
2879 2685 3116 2739 alteram
3170 2703 3235 2738 ex
3270 2687 3400 2740 Vita
3429 2688 3492 2741 B.
3525 2689 3666 2742 Lan-

2069 2771 2247 2825 franci
2283 2779 2339 2825 et
2391 2772 2650 2826 Eadmeri
2694 2772 2944 2826 Historia
2992 2773 3273 2844 excerpsi;
3321 2775 3669 2845 trigesimam

2067 2861 2368 2931 septimam
2419 2862 2601 2931 (cujus
2651 2861 2872 2914 initium
2906 2861 3178 2915 duntaxat
3209 2870 3512 2934 utrumque
3540 2881 3670 2936 apo-

2066 2950 2347 3020 graphum
2377 2949 2719 3019 continebat)
2744 2951 3018 3020 integram
3035 2951 3188 3005 misit
3207 2952 3356 3005 idem
3385 2956 3432 3007 Ie
3455 2956 3664 3020 Prévdt,

379 3049 554 3104 coniis
601 3047 708 3100 isto
761 3059 929 3115 opere
979 3058 1182 3107 aureo;
1235 3039 1370 3094 satis
1415 3039 1564 3092 enim
1604 3055 1884 3109 superque
1913 3038 1983 3091 de
2006 3037 2543 3107 Cquemadmodum
2572 3055 2673 3091 suo
2707 3039 2827 3092 loco
2871 3038 3280 3110 adnotavimus.
3317 3041 3492 3094 Porro
3521 3058 3667 3095 com-

381 3139 575 3193 eodem
607 3150 779 3205 supra
816 3147 1115 3186 numerum
1141 3128 1425 3183 tradidere
1451 3128 1768 3198 scriptores.
1805 3134 1861 3180 et
1881 3144 1982 3181 nos
2066 3126 2255 3196 plures
2285 3127 2425 3180 alias
2453 3127 2740 3197 scripsisse
2774 3128 2990 3181 litteras
3017 3145 3180 3182 nemo
3212 3129 3306 3200 qui
3330 3146 3443 3184 non
3461 3130 3666 3199 videat;

378 3228 591 3300 pariter
613 3225 670 3277 in
709 3218 1188 3276 observationibus
1239 3234 1306 3271 ex
1354 3217 1550 3271 iisdem
1594 3217 1984 3270 adnotavimus
2068 3216 2275 3285 quippe
2304 3217 2462 3285 cujus
2512 3216 2785 3282 doctrina,
2821 3217 3015 3282 virtus,
3050 3217 3368 3288 prudentia,
3399 3220 3670 3274 sanctitas

380 3304 1298 3386 plura.Mendis,quibusScatebat,
1328 3304 1985 3374 expurgavimus,distri-
2068 3319 2168 3373 per
2195 3304 2510 3357 universam
2563 3322 2704 3374 pene
2753 3305 3030 3376 Europam
3081 3306 3436 3372 insonuerat;
3465 3309 3670 3380 quique

381 3403 718 3470 buimusque
766 3398 825 3450 in
854 3395 1035 3466 capita
1065 3394 1336 3458 libellum,
1370 3399 1423 3447 et
1467 3392 1823 3446 citationibus
1875 3393 1983 3458 (di-
2066 3408 2193 3445 cum
2223 3408 2258 3444 a
2285 3393 2520 3447 summis
2551 3393 2927 3463 pontiﬁcibus,
2973 3399 3092 3448 tum
3125 3394 3194 3448 ab
3224 3395 3516 3467 episcopis,
3547 3403 3668 3452 tum

380 3491 587 3549 scussis
617 3489 772 3560 prius
801 3501 930 3540 cum
961 3502 1064 3538 ms.
1098 3484 1183 3537 vel
1223 3481 1387 3537 editis
1433 3481 1729 3551 codicibus)
1781 3482 1986 3553 margi-
2065 3481 2237 3535 etiam
2286 3498 2320 3534 a
2366 3482 2731 3553 principibus,
2766 3488 2823 3536 et
2846 3483 2970 3537 aliis
2999 3484 3300 3554 cujuslibet
3331 3485 3669 3542 conditionis

385 3597 485 3636 nes
521 3575 936 3633 adornavimus.

456 3667 713 3724 Proxime
742 3667 1056 3734 sequuntur
1077 3661 1304 3715 decreta
1331 3677 1432 3732 pro
1456 3659 1650 3714 ordine
1673 3660 1854 3714 sancti
1885 3661 1984 3714 Be-

385 3757 594 3814 nedicti
621 3756 723 3818 (De
770 3749 1249 3806 annotatiunculis
1294 3749 1365 3802 ad
1411 3749 1739 3803 Cassianum
1771 3749 1980 3803 dictum

389 3852 476 3902 est
504 3846 563 3899 in
592 3838 1072 3898 observationibus
1120 3838 1190 3890 ad
1221 3837 1408 3891 Vitam
1452 3854 1579 3908 pag.
1631 3835 1692 3892 41
1753 3843 1810 3891 et
1854 3836 1985 3906 25?.)

390 3935 564 3992 semel
593 3932 866 3986 duntaxat
893 3927 1040 4000 typis
1071 3925 1141 3979 ab
1165 3925 1384 3979 erudito
1404 3942 1560 3996 aeque
1589 3942 1653 3979 ac
1681 3925 1774 3997 pio
1805 3926 1984 3980 Bene-

390 4024 600 4080 dictino
621 4017 1069 4090 congregationis
1084 4015 1404 4084 Anglicanze
1423 4015 1710 4069 Clemente
1725 4015 1984 4086 Reynero

390 4114 676 4177 mandata,
709 4109 808 4163 sed
837 4107 988 4161 enim
1031 4104 1445 4158 characteribus
1473 4103 1801 4172 gobliteratis
1827 4120 1984 4158 men-

390 4205 588 4274 disque
643 4196 873 4254 libraria
923 4193 1218 4250 oscitantia
1273 4192 1480 4263 passim
1536 4192 1772 4258 referta;
1839 4210 1981 4263 quae,

2066 3569 2386 3625 hominibus
2414 3570 2834 3638 consulebatur;
2871 3577 2931 3625 at
2957 3588 3027 3625 ne
3060 3573 3259 3626 saltem
3295 3590 3467 3627 unam
3496 3574 3571 3628 ab
3599 3591 3668 3630 eo

2066 3665 2370 3726 exaratam,
2427 3661 2758 3731 priusquam
2832 3661 3038 3714 infulas
3095 3661 3356 3728 deferret,
3425 3663 3509 3717 fas
3563 3664 3671 3720 fuit

2065 3748 2312 3818 reperire
2343 3767 2354 3801 :
2387 3747 2660 3803 obvolutae
2694 3749 2925 3803 fuerunt
2955 3749 3108 3803 haud
3137 3750 3305 3804 dubie
3334 3751 3437 3805 sub
3463 3752 3663 3821 ruinis,

2066 3837 2199 3891 dum
2232 3837 2452 3892 circiter
2467 3854 2558 3892 an.
2601 3835 2753 3904 1624,
2779 3837 3057 3892 ditissima
3079 3839 3176 3892 illa
3204 3845 3372 3910 atque
3404 3842 3557 3895 omni
3584 3859 3671 3898 ve-

2068 3927 2359 3980 neratione
2397 3927 2567 3996 digna
2617 3927 2734 3980 ruit
2785 3926 3073 3980 Beccensis
3121 3926 3468 3981 Bibliotheca
3507 3928 3667 3999 (proh

2068 4015 2259 4068 dolor!
2290 4021 2502 4085 quanta
2539 4015 2814 4086 pernicies
2844 4015 2975 4069 viris
3011 4015 3296 4082 litteratis)
3328 4015 3423 4070 ubi
3455 4017 3670 4071 scilicet

2068 4102 2287 4157 codices
2316 4120 2449 4157 mss.
2487 4120 2621 4157 cura
2651 4109 2708 4157 et
2733 4103 2920 4159 studio
2946 4109 3062 4157 tam
3094 4104 3157 4157 B.
3180 4104 3478 4158 Lanfranci
3493 4121 3666 4175 quam

2069 4192 2124 4246 S.
2161 4192 2412 4246 Anselmi
2436 4192 2747 4246 elucubrati
2794 4197 2850 4247 et
2881 4192 3157 4263 castigati,
3192 4193 3441 4248 studiose
3489 4210 3669 4250 asser-

390 4298 556 4367 prout
591 4289 827 4344 facultas
875 4284 1145 4356 suppetiit
1193 4282 1406 4348 (nullus
1452 4281 1603 4336 enim
1647 4282 1832 4337 Codex
1873 4279 2358 4376 ms.Dvabantur.

391 4380 672 4450 occurrit).
706 4375 1085 4440 correximus;
1117 4373 1272 4440 colis,
1297 4372 1452 4426 caesis
1478 4376 1536 4425 et
1564 4371 1783 4442 punctis
1814 4371 1983 4442 pluri-

2138 4371 2312 4424 Notas
2341 4375 2390 4424 et
2427 4368 2843 4424 observationes
2876 4369 3255 4441 adjunximus,
3281 4377 3357 4438 et,
3387 4377 3667 4443 quantum

389 4489 484 4527 ma
509 4487 576 4523 cx
607 4471 766 4538 parte
794 4463 1175 4526 distinximus,
1223 4461 1604 4530 nonnullaque
1641 4460 1830 4530 capita
1860 4463 1984 4528 (sua
2067 4459 2226 4512 nobis
2247 4459 2532 4529 integrum
2558 4459 2879 4530 fuitresque
2910 4459 3517 4530 postulavere,vetusta
3539 4478 3666 4516 mo-

387 4557 705 4632 prolixitate
733 4550 1156 4623 importuniora)
1201 4548 1258 4602 in
1286 4547 1559 4602 sectiones
1589 4549 1770 4603 varias
1798 4549 1983 4604 divisi-
2064 4552 2334 4602 numenta
2354 4548 2623 4602 hactenus
2643 4548 2790 4602 carie
2814 4553 2872 4602 et
2899 4548 3157 4618 squalore
3186 4549 3409 4614 fmdata,
3433 4566 3668 4622 susque-

388 4666 533 4703 mus.
568 4645 880 4706 Enimvero,
915 4645 978 4694 ut
1003 4639 1184 4692 dicam
1217 4638 1363 4708 quod
1394 4636 1596 4702 sentio,
1644 4638 1980 4707 gravitatem
2064 4637 2245 4706 deque
2274 4636 2467 4690 habita
2497 4636 2951 4703 interseruimus;
2979 4653 3101 4707 quae
3121 4655 3284 4709 spero
3300 4639 3667 4709 antiquarum

386 4737 628 4808 stylique
659 4733 1010 4802 majestatem
1041 4728 1104 4782 B.
1150 4725 1550 4797 archiepiscopi
1593 4743 1704 4780 non
1735 4727 1986 4780 referunt

388 4827 595 4897 ubique
624 4821 754 4898 (scio
785 4821 844 4873 in
874 4819 979 4873 hoc
1005 4816 1283 4871 scribendi
1329 4831 1536 4886 genere
1565 4815 1835 4870 concinna
1864 4833 1982 4870 ver-

385 4917 457 4971 ba
484 4931 596 4968 non
625 4928 745 4967 esse
775 4906 1118 4982 quaerenda);
1148 4922 1215 4960 ea
1251 4911 1480 4976 propter
1523 4905 1775 4976 suspicor
1804 4906 1980 4960 multa

388 5005 522 5062 mihi
545 5004 771 5058 decreta
791 5017 824 5053 a
842 4995 1290 5053 consarcinatore
1310 4998 1576 5064 congesta
1597 4994 1789 5058 fuisse,
1812 5000 1870 5048 et
1897 5012 1979 5049 re-

382 5111 515 5151 vera
566 5093 623 5146 id
678 5091 1063 5144 demonstrare
1111 5085 1371 5139 videntur
1415 5100 1556 5154 quae,
1600 5083 1798 5154 capitis
1826 5082 1858 5139 2
1890 5100 1973 5138 se-

379 5186 563 5240 ctione
591 5181 646 5238 ‘2.
679 5196 805 5251 pag.
841 5176 966 5242 257,
999 5177 1064 5230 D.
1098 5174 1395 5239 habentur,
1427 5171 1523 5227 ubi
1561 5172 1654 5226 ille
1685 5172 1804 5244 ipse
1832 5173 1970 5227 cita-

377 5283 471 5331 tur
515 5269 862 5328 Lanfrancus
907 5284 918 5318 :
977 5286 998 5314 ι
1042 5264 1283 5318 Cantent
1334 5260 1638 5314 matutinas
1683 5261 1968 5328 (Decretas

375 5361 691 5430 Lanfranci)
718 5356 932 5413 laudes.
969 5373 995 5405 »
1029 5353 1114 5416 Et,
1146 5368 1266 5422 cap.
1291 5350 1345 5414 8,
1377 5354 1557 5416 sect.I,
1590 5348 1969 5420 praescribitur

370 5459 436 5508 ut
462 5449 800 5509 cellerarius,
820 5462 929 5518 quo
952 5443 1040 5497 die
1070 5445 1430 5511 computuum
1447 5438 1725 5492 rationem
1748 5439 1962 5507 reddet,

369 5541 627 5597 festivum
656 5537 956 5610 prandium
983 5529 1253 5589 fratribus
1284 5527 1581 5596 exhibeat;
1627 5529 1774 5600 quod
1801 5529 1967 5600 plane

2067 4742 2257 4779 rerum
2296 4726 2530 4780 curiosis
2559 4725 3001 4796 exploratoribus
3039 4726 3157 4781 fore
3178 4743 3290 4781 non
3319 4727 3658 4797 injucunda:

2067 4816 2288 4870 tametsi
2319 4816 2573 4886 quedam
2594 4814 2836 4886 benigna
2864 4832 3036 4870 manu
3063 4816 3311 4887 expungi
3341 4815 3412 4869 ab
3437 4816 3517 4871 eis
3537 4834 3667 4888 per-

2064 4910 2214 4976 opto,
2250 4906 2491 4959 maxime
2521 4921 2661 4975 quas,
2687 4921 2813 4976 pag.
2852 4902 2973 4970 338,
3006 4922 3072 4959 ex
3103 4905 3437 4976 pervetustis
3475 4921 3662 4960 mem-

2061 4994 2251 5048 branis
2275 4994 2574 5048 formulam
2605 4993 2999 5049 denuntiandae
3029 4994 3226 5047 mortis
3256 4993 3504 5048 defuncti
3533 5012 3660 5049 mo-

2060 5084 2227 5138 nachi
2281 5083 2608 5154 produxisse
2659 5101 2749 5138 me
2805 5083 3118 5149 affirmavi;
3179 5083 3456 5154 siquidem
3513 5084 3663 5140 hanc

2054 5173 2234 5244 ipsam
2277 5172 2617 5243 jampridem
2666 5173 2820 5244 prelo
2879 5173 3247 5243 suppositam,
3301 5178 3357 5226 et
3404 5171 3663 5228 Marbodi

2053 5261 2298 5333 episcopi
2324 5261 2671 5316 Redonensis
2702 5261 2962 5334 operibus
2986 5260 3272 5331 praeﬁxam
3300 5260 3472 5316 fuisse
3495 5261 3664 5316 intel-

2049 5350 2176 5405 lexi.

2121 5442 2316 5512 Neque
2345 5441 2482 5495 mihi
2507 5456 2834 5496 succenseas
2859 5455 2977 5507 oro,
3013 5439 3160 5513 quod
3191 5439 3520 5512 saepiuscule
3549 5440 3665 5497 for-

2051 5547 2154 5586 san
2191 5547 2281 5585 res
2310 5531 2654 5586 monasticas
2685 5528 2934 5602 qualibet
2971 5529 3104 5585 data
3145 5529 3435 5586 occasione
3461 5529 3666 5589 videar
