4008 6186
398 320 464 377 19
1374 317 1438 370 Β.
1478 315 1896 373 LANFRANCI
1936 313 2292 373 CANTUAR.
2334 313 2670 368 ARCHIEP.

3595 316 3667 376 20

394 446 531 500 dum
560 444 642 499 sic
667 442 858 499 eﬂ'usis
886 439 1144 514 precibus
1171 445 1230 495 et
1268 439 1532 512 lacrymis
1560 439 1788 496 beatum
1823 440 1984 496 illum
2000 439 2431 503 ABeccensium
2468 438 2738 494 abbatum
2778 443 3023 511 quatuor
3063 440 3315 512 priorum
3342 442 3487 499 Vite
3510 443 3666 517 (con-

392 534 576 590 virum
592 550 628 587 a
645 533 761 588 Deo
781 529 1187 603 impetravit,et
1197 545 1298 584 suo
1319 530 1661 585 monasterio
1672 530 1981 602 acquisivit,

394 627 676 697 quatenus
692 620 982 676 casnobitze
1004 618 1279 673 institutis
1298 619 1624 674 monasticis
1645 619 1850 674 instrui
1866 635 1989 691 pos-

394 717 523 769 sent
552 710 623 766 ab
650 727 715 766 eo
744 710 926 780 iisque
957 712 1227 780 perpetuo
1248 708 1716 776 adhaerescerent;
1743 709 1989 781 produnt

392 800 453 856 id
502 800 674 855 etiam
720 798 1017 869 utriusque
1068 797 1199 851 Vita
1235 801 1293 851 et
1328 797 1645 851 Chronicon
1686 798 1983 864 Beccense,

396 905 617 944 necnon
636 893 695 943 et
718 886 921 942 scholis
949 886 1234 941 doctorem
1256 886 1634 941 Lanfrancum
1653 886 1713 940 in
1741 887 1846 941 hoc
1873 903 1990 940 mo-

394 978 642 1035 nasterio
686 976 996 1049 praefuisse,
1042 979 1211 1047 atque
1249 975 1320 1028 ad
1359 974 1545 1046 ipsum
1580 992 1694 1030 non
1738 993 1897 1031 secus
1925 992 1990 1030 ac

392 1069 711 1122 litterarum
738 1066 1174 1120 instauratorem
1204 1080 1270 1118 ex
1297 1065 1560 1120 universa
1584 1065 1991 1136 propemodum

401 1155 603 1223 Gallia,
635 1154 857 1226 Anglia,
891 1153 1056 1208 Italia
1084 1159 1142 1208 et
1162 1153 1466 1209 Germania
1491 1154 1750 1209 alumnos
1777 1155 1991 1209 conﬂu-

394 1245 561 1301 xisse.
595 1245 671 1299 Ex
695 1244 786 1312 iis,
814 1258 983 1314 quam
1013 1242 1250 1298 feliciter
1267 1242 1521 1298 societati
1548 1242 1845 1313 religiosae,
1868 1260 1991 1315 quae

393 1335 663 1407 pietatem
696 1347 853 1404 aeque
882 1348 947 1386 ac
975 1331 1269 1386 scientiam
1303 1332 1524 1401 excolit,
1567 1337 1625 1386 et
1649 1332 1764 1386 acri
1803 1333 1988 1387 studio

393 1424 463 1478 ad
486 1439 581 1477 eas
610 1421 997 1493 adipiscendae
1025 1420 1279 1475 animum
1304 1421 1554 1493 appellit,
1581 1437 1672 1476 res
1690 1422 1989 1476 succedere

393 1513 633 1578 soleant,
664 1510 923 1580 colligere
954 1514 1074 1576 est;
1110 1508 1389 1564 inhabitat
1418 1510 1568 1564 enim
1614 1515 1735 1564 tum
1763 1510 1987 1582 sapien-

390 1602 474 1657 tia
495 1617 735 1673 quacum
762 1600 997 1654 veniunt
1020 1598 1234 1669 pariter
1255 1599 1446 1653 omnia
1462 1598 1628 1653 bona.

463 1691 541 1746 Ex
563 1689 765 1745 Codice
786 1703 1097 1760 papyraceo
1119 1687 1459 1742 Chronicum
1478 1688 1629 1743 istud
1666 1694 1988 1761 excerptum

2068 529 2217 584 sulto
2243 529 2307 584 B.
2339 529 2592 585 Anselmi
2623 528 2822 596 Vitam,
2856 534 3052 602 utpote
3065 531 3353 587 multoties
3380 548 3662 602 excusam,

2068 618 2576 691 pretermisimus)
2642 618 2877 690 perinde
2943 624 3115 691 atque
3183 619 3337 676 illius
3395 622 3659 678 Chronici

2070 707 2522 763 Commentarius
2546 726 2557 775 ;
2586 707 2760 763 malui
2784 724 3030 779 namque
3044 708 3294 780 integras
3304 710 3665 783 edere,quam

2070 797 2227 852 varia
2269 797 2585 869 fragmenta
2631 797 3108 853 observationibus
3135 800 3346 854 nostris
3392 800 3617 856 insuere
3648 820 3662 869 ;

2071 887 2235 941 sicuti
2283 886 2625 958 jampridem
2674 886 2734 941 in
2777 887 2895 942 suis
2932 887 3003 942 ad
3030 887 3295 959 epistolas
3324 889 3388 943 B.
3416 890 3672 945 Anselmi

2072 975 2530 1030 adnotationibus
2563 975 2826 1047 pmstitit
2843 977 3089 1031 Joannes
3116 977 3385 1033 Picardus
3405 978 3462 1034 S.
3494 979 3674 1044 Quin-

2070 1065 2176 1119 tini
2206 1064 2556 1120 Belvacensis
2584 1064 2886 1120 canonicus
2915 1066 3211 1136 regularis,
3246 1067 3317 1122 de
3346 1067 3482 1122 viris
3515 1068 3670 1122 litte-

2072 1153 2231 1220 ratis,
2290 1153 2425 1208 dum
2480 1151 2712 1219 viveret,
2755 1157 2812 1207 et
2856 1157 2985 1224 post
3038 1153 3255 1223 funera,
3295 1153 3507 1226 optime
3547 1171 3672 1211 me-

2072 1242 2235 1297 ritus.

2141 1332 2329 1386 Vitam
2390 1331 2447 1386 S.
2491 1330 2794 1401 Augustini
2841 1331 3152 1401 Anglorum
3199 1333 3457 1405 apostoli,
3499 1335 3666 1407 primi

2074 1420 2497 1475 Cantuariensis
2526 1419 2927 1492 archiepiscOpi
2949 1426 3007 1475 et
3023 1421 3197 1476 totius
3217 1422 3521 1479 Britanniae
3551 1425 3669 1496 pri-

2073 1510 2259 1575 matis,
2303 1526 2370 1564 ex
2412 1509 2590 1563 ruinis
2632 1509 2911 1580 praedictae
2954 1509 3305 1566 bibliotheca:
3355 1518 3414 1567 et
3440 1514 3667 1584 pulvere

2071 1605 2342 1670 ereptam,
2385 1597 2753 1670 publicamus,
2797 1599 3249 1671 quandoquidem
3292 1617 3377 1667 ea,
3418 1602 3489 1657 ad
3531 1619 3665 1674 pro-

2070 1687 2318 1742 bandum
2365 1687 2786 1742 Cantuariensis
2815 1687 3070 1743 Ecclesiae
3091 1689 3396 1760 primatum
3426 1691 3485 1745 in
3514 1691 3663 1747 Ebo-

393 1783 498 1840 est;
520 1778 659 1832 adeo
672 1775 1272 1830 scilicetcontaminate
1294 1777 1992 1848 exaratum,ut,nisiquan-
2007 1782 2052 1840 B
2071 1792 2378 1839 racensem,
2434 1776 2739 1847 saepissime
2784 1775 2929 1830 foret
2956 1778 3348 1848 producenda;
3396 1780 3663 1852 scriptam

394 1873 455 1923 to
476 1865 611 1940 [vix,
637 1867 796 1936 E.P.]
814 1866 951 1920 dicit
972 1870 1157 1937 potest
1173 1866 1363 1919 labore
1387 1882 1450 1919 ac
1471 1866 1636 1920 taedio
1656 1866 1766 1936 legi
1788 1866 1993 1920 descri-

392 1956 560 2027 bique
589 1954 854 2027 potuerit.
891 1954 1109 2009 Mendis
1130 1953 1398 2021 scatebat;
1431 1954 1738 2009 dictionum
1763 1960 1987 2009 contra-

396 2045 608 2099 ctiones
637 2042 944 2114 percrebrae
971 2047 1028 2097 et
1055 2042 1325 2109 obscurae,
1359 2046 1529 2114 atque
1572 2043 1794 2098 inversa
1820 2043 1990 2098 verba

390 2134 615 2189 inerant
638 2133 831 2204 plura;
865 2147 975 2201 quo
1006 2132 1213 2186 factum
1236 2135 1321 2186 est
1348 2132 1432 2186 uti
1448 2131 1608 2186 nobis
1632 2133 1842 2204 passim
1867 2133 1990 2188 fue-

392 2223 471 2278 rit
500 2221 839 2292 conjecturis
854 2221 1148 2275 utendum.
1164 2222 1393 2275 Certum
1411 2225 1468 2275 et
1487 2221 1575 2275 sui
1595 2221 1835 2276 similem
1855 2223 1993 2277 scri-q

395 2311 564 2367 bendi
593 2310 823 2364 modum
854 2314 1053 2364 auctor
1080 2325 1193 2363 non
1227 2308 1414 2375 habet,
1445 2309 1542 2363 sed
1568 2311 1775 2382 stylum
1807 2315 1993 2365 mutat

395 2400 655 2467 subinde,
692 2399 1004 2472 praesertim
1052 2399 1123 2453 ad
1154 2415 1257 2453 sua
1284 2415 1463 2470 usque
1490 2404 1781 2471 tempora:
1816 2401 1990 2469 (velut

389 2488 713 2561 inspicienti
752 2488 1048 2558 constabit)
1100 2489 1279 2543 multa
1318 2489 1466 2543 enim
1497 2505 1562 2543 ex
1591 2490 1702 2544 BB.
1736 2489 1992 2544 Herluini

394 2584 451 2634 et
474 2578 772 2633 Lantranci
818 2582 988 2649 atque
1022 2576 1289 2632 abbatum
1321 2577 1699 2632 Beccensium'
1718 2577 1893 2648 gestis
1919 2578 1991 2632 ad

395 2666 627 2723 verbum
655 2667 1025 2729 emendicata,
1055 2666 1248 2738 paucis
1276 2666 1578 2737 aliquando
1607 2667 1800 2721 recisis
1828 2667 1989 2722 addi-

392 2757 550 2823 tisve,
584 2756 863 2828 expilavit.
907 2756 1216 2811 Consilium
1248 2762 1370 2811 erat
1404 2756 1462 2810 id
1492 2756 1755 2812 Chronici
1794 2757 1990 2828 pingui

396 2846 664 2912 Minerva,
708 2851 771 2900 ut
806 2845 986 2910 aiunt,
1036 2846 1510 2918 consarcinatum,
1561 2851 1619 2900 et
1662 2846 1751 2900 sui
1802 2847 1990 2901 saeculi

395 2935 654 2991 barbarie
693 2935 1050 3007 inquinatum
1090 2935 1422 3007 elegantiori
1451 2935 1596 3006 stylo
1622 2935 1985 2990 concinnare:

394 3040 588 3079 verum
618 3025 688 3078 ab
729 3025 834 3079 hoc
877 3024 1166 3096 praposito
1206 3024 1392 3091 amici,
1432 3024 1535 3078 viri
1576 3024 1902 3093 doctissimi,
1937 3030 1995 3079 et

2072 1870 2260 1920 autem
2291 1864 2361 1919 ab
2390 1866 2721 1920 amanuensi
2759 1866 2823 1920 B.
2874 1867 3184 1922 Lanfranco
3211 1884 3474 1941 compare
3518 1869 3665 1926 indi-

2069 1960 2201 2009 cant
2227 1955 2600 2009 characteres.

2143 2043 2455 2098 Novissime
2499 2043 2793 2115 appendici
2830 2061 2942 2100 non
2987 2045 3248 2117 indignos
3292 2048 3435 2115 luce,
3485 2064 3668 2120 neque

2074 2128 2233 2187 extra
2283 2149 2404 2186 rem
2460 2138 2738 2188 tractatus
2788 2135 2929 2189 duos
2976 2135 3057 2189 De
3105 2136 3459 2192 eucharistize
3486 2153 3670 2193 sacra-

2074 2227 2265 2277 mento
2291 2226 2490 2276 contra
2513 2221 2935 2292 Berengarium,
2965 2222 3232 2277 duximus
3277 2224 3663 2296 apponendos;

2072 2311 2277 2366 horum
2306 2314 2566 2365 auctores
2595 2319 2728 2364 sunt
2757 2312 2920 2381 Hugo
2950 2311 3318 2383 Lingonensis
3350 2313 3663 2386 episcopus,

2074 2405 2131 2455 et
2158 2400 2459 2455 Durandus
2502 2400 2688 2455 Abbas
2721 2401 3110 2467 Troarnensis,
3143 2401 3308 2456 ambo
3345 2401 3497 2457 beati
3524 2404 3669 2461 Lan-

2071 2489 2247 2544 franci
2277 2488 2578 2561 synchroni
2602 2508 2615 2557 ;
2646 2489 2742 2561 qui
2777 2489 3070 2544 fortissimi
3098 2489 3354 2546 Ecclesiae
3380 2491 3667 2560 catholicae

2073 2579 2279 2633 milites
2324 2577 2426 2633 sub
2458 2578 2654 2633 eodem
2698 2577 2891 2634 labaro
2920 2579 3279 2647 dimicarunt,
3312 2581 3462 2635 idem
3492 2581 3668 2636 iniere

2070 2673 2377 2731 certamen,
2427 2668 2688 2723 eumdem
2724 2669 2941 2723 hostem
2981 2668 3232 2739 aggressi
3264 2674 3399 2725 sunt
3428 2674 3487 2725 et
3528 2670 3668 2725 vice-

2071 2762 2222 2812 runt.
2256 2758 2337 2811 De
2363 2758 2601 2828 Hugone
2630 2762 2688 2812 et
2730 2758 2996 2813 Durando
3031 2758 3358 2813 testimonia
3392 2759 3452 2814 in
3482 2759 3668 2816 fronte

2072 2848 2344 2917 cujusque
2386 2846 2569 2917 operis
2620 2847 2978 2918 praeﬁximus,
3022 2846 3144 2903 vide
3171 2847 3220 2902 si
3248 2844 3423 2903 lubet.
3475 2849 3670 2906 Fuerit

2076 2953 2258 3007 operm
2283 2936 2526 3007 pretium
2556 2938 2949 3008 tantummodo
2976 2937 3120 2992 scire
3146 2938 3352 3005 locum,
3386 2937 3501 3011 qui,
3534 2953 3663 3010 pag.

2080 3024 2200 3090 109.,
2232 3025 2297 3079 D.
2330 3025 2409 3079 sic
2437 3025 2656 3096 incipit:
2691 3028 2839 3081 Unus
2855 3030 3042 3096 panis,
3076 3044 3258 3081 unum
3284 3044 3498 3097 corpus,
3533 3033 3663 3095 etc.,

395 3113 752 3185 antiquitatis
800 3118 1081 3169 amatores
1123 3118 1504 3181 removerunt,
1545 3114 1693 3184 quod
1725 3100 2049 3168 historicaC
2073 3124 2292 3168 exstare
2320 3114 2470 3186 apud
2507 3120 2764 3170 sanctum
2782 3115 2988 3170 Bedam
3032 3115 3093 3170 in
3121 3117 3146 3171 Ι
3175 3116 3429 3172 Corinth.
3470 3135 3522 3183 x,
3557 3116 3665 3172 mi-

392 3202 600 3257 veritas
629 3208 687 3257 et
712 3218 803 3258 res
832 3202 1038 3272 ignotae
1061 3218 1174 3256 non
1200 3207 1553 3266 ornamenta,
1574 3218 1684 3255 non
1714 3201 1992 3256 lenocinia

394 3291 691 3346 verborum
729 3290 789 3344 in
816 3290 969 3344 hisce
998 3290 1378 3344 monumentis
1419 3288 1820 3344 desiderarent.
1849 3290 1995 3345 Prte-

396 3383 557 3435 terea
591 3395 717 3432 cum
749 3384 945 3433 auctor
974 3378 1067 3432 ille
1096 3378 1344 3432 maxima
1370 3384 1530 3449 parte
1561 3395 1627 3432 ex
1650 3378 1991 3449 chartophy-

396 3468 539 3523 lacio
568 3467 831 3522 Beccensi
859 3472 1167 3534 recenseat,
1200 3483 1369 3522 causa
1408 3472 1493 3521 est
1523 3483 1623 3521 cur
1663 3466 1803 3521 nihil
1834 3484 1992 3539 pror-

398 3573 494 3613 sus
517 3557 1021 3613 immutaverimus.
1058 3557 1290 3611 Brevem
1316 3556 1591 3612 Chronico
1620 3556 1987 3628 appendicem

340 3703 343 3706 .
402 3645 761 3716 subjecimus,
795 3663 905 3717 quo
952 3650 1073 3701 tota
1114 3645 1355 3701 ccenobii
1402 3645 1695 3700 Beccensis
1723 3644 1990 3701 abbatum

398 3735 574 3791 series
594 3735 790 3791 lectori
820 3735 1195 3791 exhiberetur.

465 3825 685 3881 Additae
713 3830 864 3893 sunt,
892 3825 1218 3880 eorumdem
1238 3825 1545 3881 amicorum
1575 3824 1987 3893 adhortatione,

953 4151 1369 4282 VITA
1467 4148 1990 4280 BEATI

2074 3202 2225 3256 nime
2256 3220 2385 3257 vero
2414 3203 2563 3274 apud
2604 3203 2669 3258 D.
2700 3204 3082 3274 Augustinum
3112 3223 3125 3273 ;
3165 3206 3393 3260 tametsi
3429 3222 3554 3278 quae
3583 3223 3669 3261 se-

2075 3296 2323 3362 quuntur
2350 3290 2519 3346 verba
2538 3292 2790 3363 proxime
2810 3298 2938 3364 post
2965 3294 3245 3361 eumdem,
3274 3295 3481 3361 locum,
3508 3295 3672 3350 nimi-

2074 3396 2200 3435 rum
2226 3380 2297 3434 ab
2326 3380 2393 3434 iis
2417 3399 2427 3434 :
2462 3380 2666 3450 Siquis
2688 3384 3116 3437 manducauerit
3142 3400 3206 3438 ea:
3225 3384 3322 3438 hoc
3344 3399 3508 3453 pane,
3533 3388 3667 3449 etc.,

2076 3474 2318 3524 tractatu
2347 3468 2417 3525 26
2446 3470 2700 3540 ejusdem
2742 3471 3041 3542 Augustini
3070 3471 3128 3526 in
3158 3473 3451 3538 Joannem,
3480 3472 3668 3543 legere

2074 3562 2175 3613 est.
2207 3558 2325 3613 Hoc
2365 3564 2557 3613 nostro
2602 3559 2977 3631 qualicunque
3019 3560 3210 3617 labore
3236 3561 3443 3628 fruere,
3476 3561 3671 3616 Chris-

2072 3647 2226 3703 tiane
2255 3649 2452 3717 lector,
2480 3655 2538 3703 et
2564 3649 2687 3703 vale
2719 3649 2781 3704 in
2819 3650 3075 3717 Domino,
3113 3651 3203 3706 cui
3249 3651 3355 3707 soli
3400 3651 3584 3707 honor
3613 3656 3672 3709 et

2073 3736 2254 3807 gloria
2284 3736 2344 3791 in
2359 3741 2655 3792 aeternum.
2682 3739 2885 3793 Amen.

2091 4149 3095 4282 LANFRANCI

1389 4380 1986 4445 AltCHlEPlSCOPI
2030 4382 2667 4444 CANTUARIENSIS

716 4544 1009 4611 Auctore
1075 4545 1683 4624 MILONE—CRISPINO,
1757 4544 2094 4610 monacho
2164 4550 2233 4609 et
2296 4549 2573 4610 cantore
2629 4544 2973 4624 Beccensi,
3037 4545 3338 4628 subpari.

1276 4713 1563 4782 (MABILL.,
1594 4711 1732 4769 Acta
1760 4711 1854 4769 SS.
1895 4714 2026 4768 0rd.
2055 4712 2112 4767 S.
2146 4715 2229 4780 B.,
2260 4727 2386 4768 saec.
2417 4714 2515 4779 VI,
2550 4728 2682 4785 pars
2710 4710 2803 4785 II.)

1403 4944 2204 5019 OBSERVATIONES
2254 4944 2712 5021 PRZEVIE.

482 5097 530 5150 1.
562 5095 695 5151 Milo
718 5096 1026 5150 monachus
1044 5099 1101 5150 et
1127 5100 1324 5150 cantor
1343 5095 1637 5151 Beccensis
1648 5095 1994 5162 monasterii,
2014 5102 2063 5161 D
2083 5102 2260 5163 rente,
2294 5114 2420 5151 cum
2438 5096 2692 5169 pluribus
2709 5097 2835 5152 aliis
2861 5097 3070 5153 audivi.
3094 5116 3117 5150 ι
3144 5097 3335 5165 Porro,
3355 5096 3461 5152 etsi
3488 5097 3675 5170 ipsum

410 5204 474 5241 ex
489 5184 1050 5257 nobiliCrispinorum
1068 5185 1281 5239 familia
1291 5185 1542 5251 ortus,de
1558 5182 1733 5257 quain
1748 5185 2000 5240 observa-

410 5275 657 5333 tionibus
687 5275 757 5329 ad
780 5274 930 5330 beati
954 5274 1208 5330 Herluini
1226 5276 1411 5330 Vitam
1434 5276 1669 5346 egimus,
1688 5274 1839 5329 beati
1860 5275 2001 5329 Lan-

410 5366 586 5422 franci
614 5366 801 5418 Vitam
831 5365 1034 5419 litteris
1066 5364 1368 5418 mandavit.
1399 5365 1531 5433 Ejus
1557 5369 1780 5418 aetatem
1802 5381 1865 5417 ex
1895 5364 2000 5418 hac

410 5456 530 5526 ipsa
557 5456 681 5509 Vita
701 5454 1036 5523 colligimus,
1061 5453 1157 5507 ubi
1192 5453 1372 5524 capite
1405 5453 1729 5524 14,10quens
1755 5453 1823 5506 de
1850 5452 1999 5507 beati

412 5543 707 5600 Lanfranci
741 5543 994 5609 diacono,
1028 5542 1123 5613 qui
1155 5560 1185 5595 a
1216 5542 1467 5596 daemone
1495 5548 1752 5613 arreptus
1793 5543 1995 5608 fuerat,

414 5634 493 5689 sic
519 5631 689 5688 habet
716 5650 762 5686 ει
793 5634 928 5699 Hoc,
962 5632 1125 5687 beato
1148 5631 1411 5691 Ansclmo
1441 5632 1834 5704 archiprwsule
1862 5631 2000 5688 refe-

2081 5191 2212 5241 ante
2264 5186 2559 5241 Lanfranci
2609 5186 2824 5242 obitum
2854 5187 2911 5242 in
2942 5187 3078 5242 vivis
3106 5186 3280 5243 fuisse
3309 5204 3422 5242 non
3450 5187 3671 5243 dubite-

2082 5292 2228 5341 mus,
2259 5276 2561 5331 verisimile
2594 5281 2784 5331 tamen
2822 5282 2906 5332 est
2925 5276 2994 5331 ab
3024 5293 3089 5331 eo
3120 5276 3495 5332 Lanfrancum
3523 5295 3672 5335 nun-

2083 5381 2252 5435 quam
2280 5365 2459 5419 visum
2483 5365 2672 5433 fuisse,
2699 5366 2846 5437 quod
2872 5382 2937 5420 ex
2958 5367 3078 5435 ejus
3107 5367 3339 5438 prologo
3370 5368 3674 5439 patethubi

2082 5453 2163 5508 ait
2190 5470 2249 5507 se
2280 5470 2347 5507 ea
2376 5471 2497 5524 quae
2526 5461 2856 5509 narraturus
2886 5460 2974 5510 est
3015 5472 3080 5510 ex
3123 5456 3377 5510 Herluini
3419 5456 3547 5512 Vita
3577 5473 3674 5512 ex-

2081 5542 2370 5614 cerpsisse,
2407 5548 2506 5597 aut
2533 5549 2683 5598 certe
2729 5561 2795 5598 ex
2840 5543 2911 5598 iis
2958 5561 3081 5616 quae
3122 5566 3144 5598 α
3195 5563 3229 5600 a
3264 5545 3674 5602 venerabilibus

2081 5649 2146 5687 ac
2186 5632 2476 5689 veracibus
2504 5633 2638 5689 viris
2680 5633 2974 5703 audierat;
3040 5655 3065 5690 »
3107 5640 3166 5691 et
3219 5636 3386 5708 paulo
3436 5635 3673 5693 inferius
