4048 6176
372 293 438 350 '21

1508 295 1695 350 VlTA.
1738 327 1807 336 —
1847 295 2150 351 OBSERV.
2195 297 2521 352 PRIEVI/E.

3585 295 3656 353 22

373 415 668 487 subjungit
697 432 709 469 :
737 433 766 468 α
797 416 866 470 Et
904 416 974 470 de
1001 416 1090 471 his
1118 417 1342 488 quidem
1366 434 1478 472 non
1508 417 1699 472 omnia
1743 433 1866 488 quae
1890 415 1971 470 di-
1989 417 2039 477 A
2058 416 2180 471 lans
2221 435 2375 484 cura,
2410 434 2537 472 cum
2596 417 2898 473 maximam
2937 419 3327 475 auctoritatem
3369 420 3656 493 sapientiae

373 505 557 560 cenda
579 504 764 559 forent
784 504 984 560 audire
1012 507 1188 576 potui.
1227 526 1249 556 ι
1286 505 1449 561 Haud
1481 505 1716 561 dubium
1750 505 1904 577 quin,
1931 505 1978 560 si

371 594 679 666 aliquando
703 594 786 648 illi
806 595 1114 666 ipsummet
1141 595 1517 651 Lanfrancum
1541 595 1738 650 audire
1781 600 1880 650 aut
1907 595 1980 649 vi-

372 683 510 738 dere
531 684 731 739 fuisset
748 684 965 750 datum,
992 684 1053 738 id
1077 685 1148 739 ad
1179 685 1618 756 comparandam
1643 701 1758 739 suae
1787 701 1980 739 narra-

371 771 514 827 tioni
539 773 930 828 auctoritatem
953 789 1066 827 non
1095 773 1428 828 reticuisset.

448 861 500 918 ‘2.
541 864 724 917 Multa
760 869 892 918 sunt
929 880 1052 934 quae
1091 863 1388 918 Lanfranci
1435 864 1637 919 merita
1671 865 1978 936 plurimum

376 952 798 1017 commendant,
847 957 970 1006 tum
1022 953 1081 1006 in
1123 969 1241 1007 rem
1310 954 1696 1020 monasticam,
1740 961 1861 1009 tum
1917 956 1975 1009 in

371 1040 733 1101 litterariam.
765 1047 887 1095 tum
917 1042 1089 1096 etiam
1116 1042 1175 1096 in
1206 1043 1509 1096 Ecclesiam
1562 1044 1963 1100 universalem.

373 1132 452 1186 Ut
467 1148 500 1184 a
516 1130 683 1185 rebus
699 1131 1024 1186 monasticis
1045 1148 1335 1186 sumamus
1365 1132 1676 1201 exordium,
1700 1134 1972 1188 Beccense

375 1220 598 1291 insigne
627 1221 1050 1287 monasterium,
1079 1221 1124 1275 si
1183 1237 1295 1274 non
1317 1221 1369 1274 ei
1399 1221 1835 1290 institutionem,
1866 1224 1977 1277 sal-

376 1315 494 1364 tem
533 1309 946 1364 incrementum
975 1314 1031 1363 et
1061 1308 1426 1364 stabilitatem
1459 1309 1640 1364 debet.
1660 1311 1848 1366 Alium
1879 1313 1978 1365 hu-

371 1400 468 1470 jus
498 1399 580 1452 rei
612 1405 815 1453 testem
841 1398 1108 1453 adhibere
1137 1415 1364 1453 necesse
1381 1415 1490 1453 non
1513 1405 1598 1454 est
1619 1406 1822 1471 praeter
1842 1403 1978 1456 Her-

373 1488 590 1543 luinum
620 1489 825 1559 ipsum,
860 1489 959 1558 qui
979 1487 1266 1542 asserebat
1293 1506 1352 1542 se
1373 1505 1408 1542 a
1435 1490 1550 1542 Deo
1580 1490 1774 1544 multis
1802 1491 1978 1562 lacry-

375 1577 480 1631 mis
507 1579 825 1648 postulasse
857 1583 915 1631 et
942 1578 1275 1649 impetrasse
1334 1579 1729 1645 Lanfrancum,
1762 1586 1828 1635 ut
1855 1598 1976 1635 mo-

375 1667 690 1721 nasterium
717 1683 902 1731 suum,
936 1667 1003 1720 ad
1039 1668 1185 1738 quod
1237 1674 1387 1722 recte
1417 1669 1822 1724 instituendum
1869 1671 1975 1724 im-

2060 507 2275 578 pariter
2302 525 2366 562 ac
2398 507 2715 563 sanctitatis
2765 509 3134 580 praerogativa
3160 511 3524 582 comparavit,
3565 527 3653 565 se-

2061 597 2358 650 curitatem
2386 614 2499 651 non
2530 613 2763 668 parvam
2793 598 3016 668 optima
3046 599 3408 654 sollicitudini
3427 601 3657 671 promit-

2061 691 2200 742 tere.
2228 687 2420 757 Ipsum
2448 686 2542 756 pia
2571 687 2813 756 quadam
2837 686 3100 740 violentia
3131 689 3459 743 monasterii
3482 689 3656 744 Cado-

2060 774 2267 829 mensis
2315 775 2577 829 abbatem
2626 776 2842 842 statuit,
2873 792 2987 830 non
3043 777 3230 831 minus
3284 779 3655 832 reluctantem

2060 863 2423 934 subjectionis
2474 881 2665 918 amore
2725 881 2893 935 quam
2951 865 3166 919 altioris
3193 867 3402 936 gradus
3427 867 3650 921 timore.

2060 954 2250 1008 Multis
2293 953 2496 1007 deinde
2539 954 3003 1024 possessionibus,
3037 954 3171 1007 item
3199 961 3449 1025 argento,
3493 973 3652 1023 auro,

2055 1042 2400 1113 diversisque
2431 1043 2776 1097 ornamentis
2807 1043 3212 1097 monasterium
3239 1045 3386 1099 idem
3417 1045 3655 1115 locuple-

2053 1132 2211 1198 tavit,
2240 1152 2262 1183 »
2297 1136 2401 1185 etc.

2133 1220 2182 1276 3.
2233 1220 2597 1288 Lanfrancus,
2655 1221 2725 1274 ad
2777 1221 3242 1276 Cantuariensem
3281 1223 3660 1294 archiepisco-

2059 1315 2254 1380 patum
2280 1315 2590 1380 promotus,
2642 1311 2859 1380 majora
2879 1311 3033 1365 dedit
3060 1311 3120 1365 in
3142 1329 3262 1366 rem
3291 1312 3656 1367 monasticam

2059 1398 2448 1470 propensionis
2478 1416 2592 1453 suae
2623 1406 2976 1470 argumenta.
3011 1402 3167 1455 Tunc
3225 1401 3429 1474 quippe
3459 1419 3656 1456 mona-

2060 1489 2197 1553 chis,
2220 1489 2528 1559 praecipuas
2571 1489 2864 1558 Anglicani
2894 1490 3055 1560 regni
3077 1491 3339 1544 ecclesias
3370 1491 3659 1546 cathedra-

2059 1578 2139 1631 les
2165 1577 2586 1648 occupantibus,
2619 1577 2943 1632 invidebant
2961 1579 3169 1645 clerici,
3206 1579 3458 1651 nihilque
3488 1579 3656 1634 omit-

2061 1666 2270 1731 tebant,
2319 1683 2650 1737 quacunque
2708 1667 2838 1720 data
2889 1668 3199 1736 occasione,
3254 1675 3320 1723 ut
3358 1687 3451 1723 eos
3481 1669 3550 1723 ab
3587 1669 3656 1723 iis

375 1773 571 1828 parem
601 1773 724 1811 sese
753 1756 1019 1811 censebat
1060 1757 1144 1811 vir
1179 1763 1425 1821 sanctus,
1487 1759 1609 1829 ejus
1655 1760 1885 1814 consilio
1923 1766 2038 1835 etB
2060 1756 2306 1810 ecclesiis
2336 1754 2718 1820 exturbarent,
2749 1755 3108 1810 immemores
3139 1757 3284 1812 hanc
3338 1758 3507 1811 fuisse
3537 1759 3654 1828 pri-

371 1863 542 1917 opera
569 1847 1021 1901 conﬁrmaretur.
1077 1865 1103 1899 ((
1165 1847 1462 1913 Multoties,
1522 1847 1812 1917 inquiebat
1859 1848 1973 1916 ille,

370 1935 747 1990 Lanfrancum
776 1936 960 2007 ipsum
991 1936 1301 2006 alloquens,
1338 1953 1440 2006 per
1468 1953 1702 2004 magnos
1729 1938 1976 2008 gemitus

375 2024 551 2078 Deum
581 2024 796 2096 rogavi,
829 2024 1131 2078 uberrimis
1156 2025 1418 2096 lacrymis
1439 2025 1636 2079 divinae
1671 2027 1975 2097 supplicavi

371 2113 768 2168 misericordiae
798 2119 862 2168 ut
893 2113 1065 2167 talem
1097 2113 1234 2166 mihi
1263 2113 1444 2167 virum
1476 2119 1787 2184 praestaret,
1817 2116 1976 2186 cujus

369 2203 602 2258 consilio
625 2209 686 2256 et
710 2203 919 2258 auxilio
947 2203 1131 2257 locum
1159 2203 1333 2256 istum
1362 2204 1743 2271 emendarem,
1777 2209 1976 2274 etquae

371 2293 488 2347 Deo
520 2296 709 2346 essent
737 2292 946 2362 placita
995 2292 1396 2346 monachorum
1447 2291 1641 2346 usibus
1691 2293 1974 2347 instaura-

369 2398 516 2437 rem.
557 2381 626 2434 Et
687 2380 931 2452 quando,
992 2380 1167 2434 frater
1214 2380 1543 2446 Lanfrance,
1577 2381 1686 2436 huc
1716 2386 1772 2435 te
1828 2382 1977 2438 Deus

371 2468 624 2532 adduxit,
644 2485 839 2540 preces
859 2468 1195 2523 humilitatis
1213 2485 1351 2523 meae
1381 2470 1673 2524 exauditas
1694 2471 1924 2525 credidi.
1947 2490 1974 2525 ι

367 2558 439 2613 Et
469 2575 531 2612 re
563 2557 791 2628 quidem
822 2573 952 2612 vera
987 2557 1243 2612 Herluini
1272 2575 1430 2629 spem
1457 2575 1570 2612 non
1594 2558 1791 2613 fefellit
1819 2577 1980 2615 even-

367 2652 460 2701 tus
486 2666 497 2713 ;
527 2664 664 2700 nam
679 2646 856 2718 ipsius
873 2646 1173 2701 Lanfranci
1193 2663 1365 2718 opera
1383 2647 1545 2702 Becci
1574 2650 1976 2704 monasterium

368 2752 435 2790 ex
456 2735 791 2790 tenuissimo
821 2735 1247 2790 celeberrimum
1279 2753 1514 2791 numero
1545 2738 1969 2805 monachomm,

366 2827 582 2898 pietate
609 2831 667 2880 et
695 2826 948 2881 doctrina
980 2826 1304 2893 illustrium,
1357 2833 1525 2898 atque
1555 2829 1724 2883 etiam
1755 2834 1973 2900 tempo-

368 2915 574 2970 ralium
605 2914 882 2970 bonorum
917 2915 1208 2970 affluentia
1259 2916 1469 2982 evasit;
1514 2918 1661 2988 quod
1688 2935 1752 2972 ex
1783 2918 1972 2972 subse-

367 3005 593 3076 quentis
617 3005 760 3058 Vitae
791 3010 1051 3059 contextu
1081 3004 1282 3058 melius
1338 3005 1569 3076 patebit.
1605 3006 1746 3070 Quid
1779 3007 1847 3060 de
1875 3008 1974 3062 Ca-

2061 1861 2209 1899 mam
2248 1845 2568 1915 Anglicanas
2621 1844 2878 1898 Ecclesiae
2899 1845 3253 1916 disciplinam
3284 1845 3353 1899 ab
3380 1846 3500 1917 ipso
3523 1862 3656 1900 san-

2058 1940 2146 1988 cto
2168 1933 2505 2004 Augustino,
2537 1933 2634 2003 qui
2665 1951 2791 1988 cum
2849 1934 3012 1988 sociis
3067 1935 3185 1988 suis
3243 1935 3451 1989 ordinis
3481 1935 3658 1989 nostri

2059 2023 2347 2078 monachis
2375 2022 2744 2092 Anglicanam
2773 2028 3000 2093 gentem
3031 2024 3102 2077 ad
3129 2025 3295 2078 fidem
3327 2025 3657 2090 adduxerat,

2059 2112 2395 2166 institutam.
2430 2112 2760 2182 Opportuna
2787 2112 2906 2165 visa
2932 2111 3040 2165 fuit
3094 2113 3310 2167 clericis
3350 2113 3562 2167 occasio
3601 2113 3658 2168 in

2059 2205 2217 2255 tanta
2267 2216 2458 2254 rerum
2515 2199 2828 2254 mutatione
2876 2200 3249 2271 persuadendi
3279 2218 3419 2256 novo
3448 2203 3567 2273 regi
3596 2209 3661 2256 ut

2058 2287 2288 2342 clericos
2317 2289 2604 2342 monachis
2645 2288 2703 2342 in
2735 2288 2982 2343 ecclesiis
3013 2289 3430 2344 cathedralibus
3459 2291 3661 2344 substi-

2059 2382 2263 2431 tueret.
2289 2378 2359 2431 Et
2382 2377 2606 2448 quidem
2625 2394 2726 2432 sua
2753 2395 2849 2432 eos
2869 2395 2982 2432 non
3004 2377 3291 2433 fefellisset
3313 2379 3522 2448 Opinio,
3553 2379 3662 2432 nisi

2059 2466 2406 2520 Lanfrancus
2436 2483 2632 2520 eorum
2682 2466 2973 2521 conatibus
3030 2467 3164 2520 totis
3194 2465 3402 2520 viribus
3429 2468 3662 2523 restitis-

2059 2561 2162 2610 set.
2187 2554 2521 2610 Guillelmus
2543 2555 2748 2627 quippe
2762 2573 2858 2609 rex
2874 2556 3181 2628 episcopos,
3214 2573 3352 2627 quos
3379 2556 3438 2610 in
3459 2557 3664 2628 Anglia

2059 2645 2128 2699 de
2145 2661 2284 2698 novo
2303 2645 2689 2711 constituerat,
2725 2661 2918 2699 omnes
2939 2662 3082 2716 pene
3103 2663 3169 2699 ex
3197 2645 3441 2700 clericali
3463 2647 3660 2702 ordine

2057 2735 2324 2803 elegerat,
2343 2733 2437 2803 qui
2455 2733 2689 2804 proinde
2707 2733 3036 2788 clericorum
3067 2735 3359 2789 conatibus
3379 2735 3656 2803 favebant,

2057 2829 2155 2877 aut
2184 2839 2320 2876 sane
2343 2839 2455 2876 non
2476 2823 2719 2876 multum
2748 2822 3207 2890 adversabantur,
3235 2825 3385 2878 unde
3413 2842 3502 2879 res
3524 2825 3660 2896 ipsis

2055 2912 2195 2965 adeo
2218 2911 2535 2965 indubitata
2564 2911 2874 2975 videbatur,
2914 2932 2935 2963 ‹
2972 2917 3037 2966 ut
3065 2913 3424 2968 Valchelinus
3453 2915 3659 2984 episco-

2056 3017 2159 3072 pus
2182 3000 2609 3065 Wintoniensis,
2649 3021 2670 3050 ι
2707 3001 2893 3070 inquit
2912 3001 3239 3067 Eadmerus,
3276 3001 3375 3055 lib.
3409 3020 3445 3066 ι,
3492 3020 3517 3054 (‹
3539 3004 3657 3073 jam

368 3094 623 3148 domensi
654 3099 897 3164 utroque
923 3094 1267 3148 monasterio
1300 3095 1690 3164 proferamus?
1732 3112 1973 3166 quorum
1994 3095 2036 3154 C
2057 3089 2358 3143 adnutatos
2387 3104 2528 3159 pene
2559 3088 2934 3159 quadraginta
2980 3089 3228 3156 clericos,
3261 3090 3657 3146 canonicorum
3715 3123 3718 3127 λ

369 3183 612 3237 alterum
643 3182 702 3236 in
734 3183 1004 3236 honorem
1028 3182 1206 3236 sancti
1237 3183 1505 3254 Stephani
1536 3201 1635 3254 pro
1665 3184 1970 3251 monachis,

365 3271 611 3324 alterum
641 3271 699 3324 in
728 3275 1000 3324 honorem
1046 3276 1250 3325 sanctae
1311 3272 1603 3326 Trinitatis
1642 3290 1742 3344 pro
1767 3273 1974 3328 sancti-

369 3359 728 3425 monialibus,
781 3379 815 3414 a
845 3360 1144 3413 Guillelmo
1200 3360 1339 3414 duce
1394 3361 1644 3415 construi
1690 3368 1746 3416 et
1791 3363 1973 3417 dotari

360 3450 684 3521 procuravit
714 3450 1077 3503 Lanfrancus.
1114 3450 1252 3503 Cum
1285 3449 1433 3503 enim
1457 3450 1778 3520 illegitimas
1808 3452 1973 3522 hujus

356 3538 630 3609 principis
659 3538 885 3608 nuptias
915 3538 1227 3608 approbare
1283 3538 1580 3603 renuisset,
1629 3539 1872 3593 obtinuit
1909 3545 1974 3594 ut

364 3643 458 3680 res
487 3625 557 3679 ad
589 3626 907 3679 Romanum
950 3627 1270 3696 pontificem
1315 3627 1646 3688 deferretur,
1677 3628 1971 3698 dispensa-

357 3714 535 3768 tionis
590 3712 908 3768 obtinendze
957 3715 1159 3784 gratia,
1207 3732 1375 3785 quam
1432 3716 1546 3781 ille,
1579 3722 1780 3786 agente
1832 3719 1974 3771 Lan-

359 3803 557 3856 franco
579 3803 825 3856 V'illelmi
851 3803 1025 3872 ipsius
1054 3805 1257 3874 legato,
1288 3821 1354 3857 ea
1399 3805 1719 3858 conditione
1753 3822 1974 3860 conccs—
1995 3841 2012 3854 ο

359 3893 458 3958 sit,
477 3898 542 3946 ut
564 3892 676 3946 duo
707 3892 1050 3946 monasteria
1093 3892 1148 3945 in
1177 3893 1380 3963 piaculi
1437 3894 1806 3964 expiationem
1839 3913 1973 3950 con-

361 3982 654 4036 derentur.
691 3982 914 4035 Perstat
934 3981 1255 4036 etiamnunc
1286 3988 1590 4054 utrumque
1642 3983 1745 4037 sub
1777 3985 1973 4039 ordine

363 4075 580 4135 nostro,
614 4070 684 4123 de
733 4069 937 4140 quibus
999 4069 1118 4123 fuse
1175 4076 1356 4140 agunt
1383 4071 1654 4124 Acherius
1683 4076 1874 4125 noster
1910 4073 1968 4126 in

363 4160 514 4214 notis
538 4159 610 4212 ad
630 4158 928 4213 Lanfranci
957 4158 1166 4223 Vitam,
1195 4165 1251 4213 et
1278 4161 1519 4214 Arturus
1548 4161 1885 4215 Monsterius
1910 4161 1968 4215 in

364 4249 634 4303 Neustria
671 4248 796 4318 pia;
827 4264 892 4301 ex
917 4247 1004 4301 his
1036 4249 1440 4302 monasterium
1465 4250 1652 4303 Sancti
1701 4250 1968 4320 Stephani

363 4338 611 4392 virorum
669 4341 873 4390 nostrae
925 4337 1344 4406 congregationi
1391 4338 1579 4391 Sancti
1630 4339 1813 4392 Mauri
1849 4340 1964 4409 jam

2056 3195 2212 3232 more
2265 3184 2501 3232 tonsura
2555 3193 2619 3231 ac
2667 3182 2818 3230 veste
2872 3177 3162 3231 redimitos
3221 3178 3472 3246 haberet,
3517 3197 3657 3250 quos

2057 3267 2254 3338 ejectis
2302 3266 2593 3320 monachis
2647 3266 2944 3320 Wentanae
2983 3266 3223 3322 ecclesiae
3262 3268 3351 3322 cui
3389 3269 3655 3339 praeside-

2056 3357 2153 3410 bat
2179 3373 2306 3410 mox
2334 3356 2756 3409 intromitteret.
2791 3373 2818 3408 »
2846 3356 3007 3410 Solus
3032 3361 3327 3426 supererat
3353 3374 3656 3413 consensus

2055 3444 2351 3500 Lanfranci
2417 3444 2772 3510 obtinendus,
2817 3461 2984 3514 quem
3043 3444 3253 3516 absque
3303 3447 3530 3518 negotio
3596 3464 3656 3500 se

2055 3535 2489 3605 impetraturum
2529 3533 2880 3587 autumabat.
2909 3534 2984 3587 At
3026 3551 3115 3588 res
3145 3534 3310 3604 longe
3341 3535 3507 3590 aliter
3535 3553 3655 3590 eve-

2054 3625 2156 3688 nit,
2217 3629 2279 3677 ut
2328 3622 2687 3694 prosequitur
2725 3623 3034 3676 Eadmerus
3069 3641 3081 3688 ;
3129 3641 3152 3674 ί(
3193 3640 3324 3677 nam
3365 3624 3459 3678 ubi
3502 3626 3652 3696 quod

2056 3713 2348 3784 episcopus
2387 3712 2682 3766 moliretur
2744 3710 2995 3765 insonuit
3031 3711 3261 3766 auribus
3321 3714 3462 3783 ejus,
3505 3714 3652 3768 illico

2055 3803 2269 3856 facinus
2300 3801 2608 3868 exhorruit,
2641 3817 2744 3854 nec
2773 3817 2851 3867 se,
2885 3801 3019 3854 dum
3047 3801 3275 3868 viveret,
3300 3808 3364 3856 ut
3393 3804 3652 3858 effectum

2055 3890 2334 3962 quomodo
2385 3889 2515 3944 talis
2565 3889 2868 3943 voluntatis
2925 3888 3206 3943 obtineret
3243 3906 3652 3946 consensurum

2054 3980 2314 4034 asseruit.
2345 3999 2367 4027 ι
2405 3978 2587 4032 Multo
2609 3971 2834 4048 gravior
2855 3976 3029 4031 fuitin
3054 3979 3357 4033 monachos
3383 3981 3651 4051 procella,

2053 4086 2177 4124 cum
2209 4069 2278 4122 de
2316 4067 2621 4139 primatiali
2669 4066 2985 4122 Cantuariae
3027 4068 3271 4121 Ecclesia
3298 4075 3483 4123 actum
3522 4070 3648 4138 fuit,

2051 4159 2397 4230 proindeque
2437 4156 2637 4226 majori
2676 4157 2746 4210 ad
2785 4173 2908 4209 eam
2973 4156 3277 4210 sedandam
3334 4159 3652 4213 constantia

2052 4265 2190 4318 opus
2215 4246 2414 4301 habuit
2442 4246 2815 4312 Lanfrancus;
2845 4245 2940 4298 sed
2973 4261 3100 4298 eum
3118 4261 3221 4299 nec
3248 4246 3397 4315 regis
3411 4249 3650 4301 auctori-

2050 4343 2156 4400 tas,
2217 4352 2319 4390 nec
2385 4335 2622 4388 aliorum
2678 4333 2990 4404 principum
3051 4350 3356 4389 consensus
3394 4352 3644 4406 unquam

361 4426 432 4481 ab
461 4427 682 4496 aliquot
708 4425 870 4478 annis
898 4405 1224 4495 adjunctum
1245 4424 1367 4478 fuit.
1402 4427 1481 4479 De
1510 4427 1667 4496 cujus
1695 4405 2032 4482 mona'ste-D
2052 4425 2327 4478 adducere
2358 4427 2663 4495 potuerunt
2691 4427 2756 4476 ut
2784 4423 3187 4477 monachorum
3236 4441 3301 4478 ex
3358 4441 3420 4478 ea
3462 4405 3646 4481 Eccle-

359 4515 431 4569 rii
461 4515 784 4569 conditione
806 4520 862 4568 et
889 4515 956 4568 de
978 4515 1310 4579 Lanfranco,
1346 4532 1512 4585 quem
1555 4519 1604 4568 ei
1627 4516 1959 4572 Guillelmus

360 4603 466 4657 loci
495 4603 766 4657 fundator
793 4603 1036 4674 primum
1067 4589 1326 4657 abbatem
1359 4604 1624 4674 praefecit,
1674 4605 1752 4658 sic
1780 4605 1963 4676 loqui-

358 4697 456 4746 tur
484 4693 687 4745 Petrus
709 4691 1090 4758 Pictaviensis,
1150 4697 1346 4745 auctor
1398 4692 1645 4762 mqualis,
1689 4691 1745 4745 in
1785 4693 1961 4763 ipsius

359 4781 650 4835 Guillelmi
673 4781 857 4834 Gestis
885 4800 896 4834 :
935 4800 960 4832 «
993 4781 1608 4850 Lanfrancum,inquit,
1637 4782 1956 4851 quemdam,

359 4870 429 4924 de
459 4887 570 4941 quo
593 4870 746 4924 venit
777 4870 836 4923 in
867 4870 1044 4934 litem,
1077 4871 1275 4940 plusne
1309 4869 1384 4923 sit
1425 4869 1657 4923 meritus
1700 4887 1960 4924 reveren-

358 4958 500 5011 tiam
532 4964 702 5028 atque
737 4957 976 5028 gloriam
1005 4958 1353 5012 saecularium
1381 4975 1444 5011 ac
1473 4958 1786 5012 divinarum
1816 4958 1961 5013 litte-

355 5064 552 5101 rarum
580 5046 851 5118 singulari
873 5046 1176 5118 peritia,an
1196 5046 1408 5101 ordinis
1427 5047 1741 5101 monachici
1761 5047 1958 5118 singu-

357 5135 465 5190 lari
511 5134 880 5202 observantia,
937 5135 1138 5190 intima
1189 5135 1572 5190 familiaritate
1627 5136 1958 5190 Guillelmus

353 5224 593 5288 colebat,
619 5230 684 5279 ut
714 5230 936 5296 patrem
977 5241 1269 5291 venerans,
1316 5242 1511 5280 verens
1542 5230 1608 5280 ut
1650 5230 1956 5298 praecepto-

353 5330 497 5379 rem,
528 5313 766 5383 diligens
786 5318 852 5368 ut
871 5331 1204 5383 germanum
1246 5318 1343 5369 aut
1365 5314 1595 5385 prolem.
1630 5315 1717 5369 Illi
1739 5317 1957 5370 consul-

351 5409 411 5456 ta
441 5402 645 5456 animae
673 5419 809 5470 suae,
841 5402 922 5456 illi
952 5403 1234 5474 speculam
1269 5403 1591 5475 quamdam,
1626 5405 1774 5458 unde
1804 5405 1955 5458 ordi-

348 5491 517 5546 nibus
547 5491 936 5546 ecclesiasticis
964 5509 1065 5565 per
1111 5509 1333 5547 omnem
1391 5493 1792 5547 Normanniam
1824 5511 1954 5565 pro-

345 5581 677 5653 spiceretur,
703 5581 1004 5636 commisit.
1039 5582 1230 5638 Potuit
1268 5598 1510 5654 namque
1540 5582 1641 5637 viri
1663 5582 1792 5636 talis
1812 5582 1950 5654 vigi-

2043 4522 2126 4576 sia
2145 4520 2454 4592 expulsioni
2477 4519 2848 4586 consentiret;
2879 4540 2899 4571 α
2926 4519 3061 4588 imo,
3095 4520 3279 4590 inquit
3309 4522 3638 4589 Eadmerus,

2046 4637 2115 4674 ne
2153 4625 2282 4691 post
2334 4618 2548 4672 obitum
2601 4634 2767 4672 suum
2815 4619 2993 4684 ﬁeret,
3037 4619 3185 4690 quod
3233 4636 3293 4673 se
3343 4621 3644 4690 superstite

2043 4719 2254 4772 sciebat
2272 4734 2369 4789 per
2391 4716 2659 4771 auxilium
2697 4716 2799 4770 Dei
2826 4733 3179 4787 nequaquam
3212 4718 3639 4788 perliciendum,

2043 4818 2295 4871 nesciens
2343 4815 2540 4869 mortis
2581 4831 2694 4868 suae
2733 4814 2882 4868 diem
2920 4815 3005 4868 vel
3037 4818 3250 4881 horam,
3287 4816 3402 4887 egit
3431 4819 3641 4888 sagaci-

2042 4919 2158 4968 tate
2196 4918 2253 4967 et
2289 4912 2564 4966 industria
2602 4928 2713 4983 qua
2750 4910 3013 4982 pollebat,
3053 4917 3117 4966 ut
3148 4913 3482 4968 auctoritate
3525 4915 3638 4970 Ro-

2043 5029 2222 5066 manae
2270 5018 2327 5065 et
2389 5009 2705 5082 apostolica;
2734 5010 2899 5076 sedis,
2932 5010 3333 5065 monachorum
3361 5012 3637 5068 habitatio

2039 5109 2096 5164 in
2147 5109 2342 5162 eadem
2399 5107 2631 5162 ecclesia
2677 5109 3124 5176 conﬁrmaretur,
3181 5114 3237 5162 et
3289 5109 3631 5177 inconvulsa,

2039 5209 2172 5262 dum
2199 5207 2460 5262 saeculum
2481 5206 2729 5273 duraret,
2754 5205 2812 5259 in
2841 5210 3173 5278 perpetuum
3203 5206 3568 5262 stabiliretur.
3605 5224 3631 5260 υ

2039 5307 2232 5360 Exstat
2259 5321 2325 5359 ea
2353 5303 2422 5358 de
2453 5320 2512 5356 re
2541 5303 2847 5358 Alexandri
2875 5304 2926 5358 II
2958 5320 3115 5375 papae
3151 5304 3437 5358 decretum
3487 5304 3635 5358 inter

2038 5404 2176 5458 alias
2242 5403 2408 5471 hujus
2470 5401 2747 5473 pontiﬁcis
2813 5403 3098 5473 epistolas,
3141 5403 3289 5473 quod
3329 5403 3633 5459 Eadmerus

2037 5495 2245 5566 aliique
2269 5499 2524 5547 auctores
2552 5491 2834 5562 integrum
2861 5492 2975 5546 suis
3003 5491 3222 5562 scriptis
3251 5490 3611 5548 inseruerunt

2039 5583 2247 5639 Exinde
2287 5581 2680 5638 Benedictinus
2715 5581 2851 5637 ordo
2889 5581 2945 5635 in
2975 5579 3367 5638 Cantuariensi
3395 5583 3631 5656 aliisque
