4008 6186
369 242 441 303 23

1364 242 1428 296 B.
1471 239 1886 297 LANFRANCI
1923 238 2285 294 CANTUAR.
2324 234 2664 292 ARCHIEP.

3584 235 3653 292 24

374 367 804 441 quamplurimis
827 367 1040 438 Anglia
1068 364 1228 437 regni
1265 362 1514 419 ecclesiis
1559 361 2037 423 cathedralibusA
2061 366 2167 415 ret.
2202 358 2415 430 Viginti
2455 358 2703 430 quinque
2740 360 2997 413 maneria
3037 377 3064 413 a
3106 376 3169 414 ex
3206 359 3275 414 iis
3325 364 3664 414 enumerant

373 456 749 530 perseveravit
783 472 961 527 usque
1006 455 1075 508 ad
1144 455 1418 524 ejuratam
1457 458 1711 524 tempore
1751 451 1976 506 Henrici

374 547 507 601 VIII
546 545 875 600 catholicam
917 544 1105 597 ﬁdem.
1148 543 1294 607 Quid
1355 547 1625 614 praterea
1688 540 1976 595 monachis

376 634 703 708 praestiterit
738 633 1099 697 Lanfrancus,
1145 649 1209 686 ex
1251 631 1446 686 eodem
1504 629 1778 685 Eadmero
1833 630 1980 683 aliis-

379 742 488 797 que
527 722 848 777 auctoribus
889 720 1258 792 repetendum
1311 725 1426 787 est;
1470 735 1649 790 pauca
1684 736 1749 773 ex
1788 718 1980 772 multis

375 813 468 867 hic
495 812 741 866 delibare
779 810 1041 864 sufﬁciat.
1086 809 1485 863 Monachorum
1519 807 1761 861 ecclesia
1800 806 1977 861 sancti

378 900 684 957 Salvatoris
721 899 888 953 domo
925 896 1097 952 veteri
1135 898 1439 958 destructa,
1503 915 1529 947 «
1589 895 1728 949 alias
1780 895 1979 949 decore

376 1006 441 1044 ac
477 987 865 1059 magnitudine
904 987 1145 1041 multum
1204 990 1535 1057 prastantes
1595 984 1906 1050 aediﬁcavit,
1951 1002 1976 1037 ι

375 1078 562 1149 inquit
593 1078 934 1144 Eadmerus;
968 1075 1251 1129 abbatiam
1277 1074 1467 1129 Sancti
1501 1074 1723 1140 Albani,
1759 1095 1779 1123 α
1812 1088 1981 1144 quam

379 1168 534 1222 intus
564 1172 621 1221 et
646 1172 800 1221 extra
831 1166 901 1219 ad
931 1165 1171 1219 nihilum
1226 1164 1342 1218 fere
1380 1163 1718 1225 devolutam,
1760 1163 1881 1233 ipse
1919 1167 1984 1215 ut

388 1273 569 1322 suam,
598 1256 860 1310 instituto
890 1255 942 1309 ei
966 1253 1124 1308 bonae
1151 1253 1437 1308 memoria
1480 1253 1655 1307 Paulo
1688 1251 1906 1317 abbate,
1949 1269 1984 1306 a

380 1345 759 1399 fundamentis
790 1343 1167 1410 readiﬁcavit,
1201 1348 1257 1396 et
1277 1343 1429 1396 intus
1455 1358 1661 1413 magna
1687 1341 1976 1411 religione,

380 1433 517 1487 foris
541 1434 845 1487 multarum
867 1448 1057 1485 rerum
1089 1430 1391 1484 donatione
1438 1429 1610 1496 auxit,
1642 1429 1976 1494 honestavit,

379 1520 597 1577 ditavit.
625 1542 649 1574 »
686 1522 794 1576 Per
822 1520 1165 1575 Gundulfum
1194 1520 1551 1584 monachum,
1587 1534 1754 1589 quem
1770 1518 1983 1591 episco-

379 1626 516 1681 pum
539 1610 855 1664 Roll'ensem
886 1608 1154 1673 instituit,
1185 1624 1213 1659 ι
1239 1612 1516 1662 vetustam
1549 1607 1838 1661 ecclesiam
1864 1606 1983 1678 epi-

2058 450 2331 504 Rodulfus
2369 449 2437 502 de
2474 449 2687 515 Diceto,
2731 454 2787 502 et
2814 450 3110 504 Matthaus
3158 450 3406 506 Parisius
3447 451 3516 504 ad
3555 467 3661 505 an-

2058 556 2193 594 num
2241 536 2403 595 1039.
2461 538 2685 602 Quanta
2718 555 2848 592 vero
2899 539 3074 593 animi
3113 540 3428 594 constantia
3481 538 3662 594 Odoni

2060 628 2350 699 Bajocensi
2396 627 2677 699 episcopo,
2721 629 2941 683 uterino
2982 629 3234 699 ejusdem
3291 629 3440 699 regis
3478 627 3660 691 fratri,

2064 718 2320 771 Ecclesia
2346 716 2767 771 Cantuariensis
2810 718 2939 787 jura
2963 718 3191 771 violanti
3217 718 3507 784 restiterit,
3538 734 3666 771 nar-

2060 812 2189 859 rant
2236 806 2562 871 Eadmerus,
2609 805 2703 859 lib.
2766 820 2784 858 Ῑ
2830 807 3134 873 Novorum,
3183 811 3240 860 et
3279 807 3420 861 Vita
3467 811 3666 860 auctor

2062 912 2183 966 cap.
2202 893 2256 952 9.
2276 895 2405 948 Hac
2427 912 2556 949 vero
2575 894 2762 948 omnia
2784 895 2830 948 ei
2848 900 3061 949 tantam
3083 895 3473 950 auctoritatem
3492 895 3663 949 etiam

2063 984 2211 1055 apud
2269 1000 2459 1054 regem
2504 983 2681 1054 ipsam
2740 984 3122 1050 conciliarant,
3165 990 3248 1050 ut,
3283 1001 3410 1039 cum
3439 984 3662 1038 Willel-

2063 1089 2189 1127 mus
2224 1072 2279 1126 in
2301 1072 2653 1126 Normannia
2703 1078 3040 1139 versaretur,
3073 1074 3417 1127 Lanfrancus
3453 1093 3474 1121 ι
3514 1072 3665 1145 prin-

2062 1179 2192 1233 ceps
2223 1167 2280 1215 et.
2307 1166 2494 1216 custos
2530 1161 2746 1232 Anglia
2769 1166 2934 1227 esset,
2965 1161 3231 1233 subjectis
3261 1162 3367 1216 sibi
3396 1162 3663 1233 principi-

2061 1250 2185 1311 bus,
2222 1270 2247 1303 ν
2273 1256 2414 1305 teste
2445 1251 2588 1305 Vita
2625 1256 2871 1313 auctore,
2907 1269 3006 1323 cap
3078 1252 3159 1308 15.
3209 1252 3519 1305 Eadmerus
3537 1251 3665 1305 aliis

2066 1339 2245 1395 verbis
2274 1340 2421 1393 idem
2454 1340 2680 1394 omnino
2705 1341 2927 1405 astruit,
2972 1342 3272 1395 asserenda
3308 1362 3329 1391 σι
3365 1340 3433 1394 ad
3460 1345 3663 1394 nutum

2064 1427 2357 1482 Lanfranci
2381 1428 2555 1481 totius
2604 1428 2758 1498 regni
2792 1428 3057 1482 intuitum
3108 1434 3406 1498 spectasse.
3445 1448 3468 1479 »
3501 1427 3662 1491 Quod

2064 1522 2190 1588 post
2218 1518 2340 1587 ejus
2370 1522 2606 1570 mortem
2630 1516 2980 1587 potissimum
3013 1516 3234 1571 enituit.
3258 1518 3401 1570 Nam
3428 1515 3662 1571 Guillel-

2066 1622 2191 1660 mus
2220 1606 2413 1662 Rufus.
2450 1605 2542 1676 qui
2558 1606 2673 1675 jam
2698 1606 2843 1676 patri
2864 1622 2965 1659 suo
2996 1610 3356 1671 successerat,
3395 1604 3664 1658 rconfes-

380 1703 642 1771 scopatus
663 1714 787 1752 cum
829 1696 1041 1751 fabrica
1071 1696 1364 1766 adjacente
1419 1694 1709 1759 subvertit,
1749 1701 1806 1749 et
1836 1712 1977 1748 nova
1995 1681 2038 1739 Β
2060 1694 2164 1748 tim
2193 1716 2218 1743 ι)
2242 1694 2427 1765 inquit
2446 1695 2755 1749 Eadmerus
2776 1695 2969 1748 «foras
2988 1694 3278 1765 expressit,
3300 1694 3449 1764 quod
3479 1693 3595 1757 illo,
3636 1715 3656 1741 ο

384 1805 618 1861 quaque
647 1786 1099 1843 extruxit.........
1134 1785 1322 1840 sedem
1368 1784 1737 1855 episcopalem
1792 1800 1983 1836 mona-

385 1877 525 1931 chici
553 1876 765 1930 ordinis
802 1875 959 1929 cultu
1008 1873 1274 1938 instituit,
1317 1889 1381 1926 ac
1409 1872 1678 1942 delegatis
1703 1872 1886 1937 terris,
1929 1876 1985 1926 et

385 1965 511 2018 aliis
552 1980 673 2034 qua
711 1962 1107 2017 sustentationi
1137 1962 1250 2014 illic
1278 1960 1637 2015 servientium
1679 1961 1793 2014 Deo
1832 1977 1985 2015 com-

384 2051 671 2125 petebant,
705 2051 930 2105 divitem
962 2051 1031 2104 de
1061 2066 1326 2121 paupere,
1351 2048 1643 2104 sublimem
1667 2050 1735 2103 de
1762 2049 1981 2117 humili,

386 2142 534 2196 sicut
558 2141 616 2194 in
646 2140 907 2211 prasenti
934 2139 1194 2204 habetur,
1229 2140 1428 2193 ell'ecit.
1461 2160 1487 2192 »
1522 2141 1650 2193 Hac
1680 2140 1988 2194 Eadmerus

388 2236 445 2286 et
472 2230 789 2284 Willelmus
818 2228 1356 2284 Malmesburiensis.
1400 2229 1515 2283 Nec
1546 2229 1732 2283 minus
1758 2246 1885 2282 eum
1917 2229 1987 2283 de

393 2324 657 2374 accurata
692 2319 968 2389 regularis
1008 2317 1314 2389 disciplina
1361 2316 1747 2372 observatione
1779 2305 1988 2372 sollici-

392 2414 517 2464 tum
541 2408 727 2472 fuisse,
741 2424 910 2479 quam
936 2407 1004 2461 de
1017 2407 1313 2478 splendore
1334 2412 1434 2460 aut
1461 2406 1830 2478 amplitudine
1857 2406 1987 2461 adi-

388 2497 644 2552 ﬁciorum
670 2495 913 2569 probant
933 2496 1199 2567 praclara
1226 2495 1322 2549 illa
1350 2500 1582 2562 statuta,
1604 2512 1725 2567 qua
1755 2513 1856 2567 pro
1873 2512 1987 2549 mo-

388 2586 582 2641 nachis
612 2586 806 2652 edidit,
840 2602 874 2638 a
903 2590 1095 2639 nostro
1124 2585 1362 2638 Acherio
1393 2585 1560 2638 edita.
1585 2585 1836 2656 Denique
1869 2584 1986 2639 sin-

389 2691 579 2731 cerum
604 2676 724 2745 ejus
755 2675 812 2728 in
860 2674 1227 2727 monasticam
1260 2673 1428 2728 vitam
1461 2690 1709 2729 amorem
1746 2678 1989 2728 testatur

389 2765 487 2819 illa
516 2764 751 2836 epistola
780 2780 947 2835 quam
981 2763 1049 2817 ad
1082 2763 1459 2817 Alexandrum
1490 2779 1692 2834 papam
1741 2763 1981 2835 scripsit,

388 2858 453 2909 ut
480 2854 550 2908 ab
582 2852 824 2907 ecclesiae
838 2851 1258 2907 Cantuariensis
1283 2852 1555 2922 regimine
1581 2852 1982 2906 absolveretur.

2064 1783 2394 1848 Lanfranco,
2431 1802 2457 1835 α
2480 1783 2763 1837 confotum
2784 1783 2998 1837 habuit.
3028 1783 3185 1837 Fecit
3207 1800 3338 1854 ergo
3361 1782 3662 1837 Ecclesiam

2066 1872 2269 1926 Christi
2298 1873 2569 1938 venalem,
2608 1892 2629 1923 ιι
2665 1878 2770 1926 etc.
2804 1873 2965 1926 Unde
3015 1872 3214 1926 merito
3244 1872 3313 1925 de
3350 1871 3662 1926 Lanfranco

2066 1960 2257 2032 paucis
2311 1961 2492 2015 verbis
2544 1978 2668 2015 cum
2730 1961 2922 2016 eodem
2964 1961 3237 2015 Eadmero
3291 1960 3397 2015 dici
3440 1965 3659 2032 potest:

2073 2068 2097 2101 α
2122 2050 2373 2104 Breviter
2391 2051 2514 2104 dico
2544 2051 2725 2122 ipsum
2757 2067 2953 2105 revera
2989 2066 3255 2121 magnum
3286 2054 3343 2104 et
3369 2050 3664 2121 insupera-

2068 2138 2235 2193 bilem
2263 2140 2517 2195 Ecclesia
2570 2140 2776 2194 Christi
2811 2140 3181 2206 defensorem,
3220 2144 3278 2194 et
3306 2138 3459 2211 pium
3489 2138 3665 2192 totius

2067 2229 2281 2298 Anglia
2311 2229 2641 2301 principem,
2668 2247 2750 2295 ac,
2806 2229 2864 2282 in
2898 2235 3171 2301 quantum
3220 2227 3327 2282 sibi
3354 2222 3528 2291 licuit,
3570 2227 3666 2281 bo-

2068 2334 2202 2371 num
2234 2324 2515 2389 pastorem
2547 2318 2760 2372 cunctis
2788 2318 2845 2372 in
2876 2335 2943 2372 ea
2961 2316 3559 2383 consistentibus‘,dum
3588 2316 3667 2371 vi-

2069 2407 2168 2467 xit,
2194 2408 2385 2463 fuisse.
2416 2427 2438 2459 ι
2468 2409 2716 2462 Noverat
2741 2408 2798 2462 id
2828 2408 3140 2461 Alexander
3168 2408 3219 2461 II
3252 2423 3507 2461 summus
3520 2422 3665 2478 pon-

2068 2495 2221 2563 tifex,
2251 2496 2345 2567 qui
2372 2497 2523 2569 apud
2551 2497 2809 2551 eumdem
2840 2501 3146 2564 auctorem,
3178 2496 3554 2550 Lanfrancum
3574 2511 3667 2548 vo-

2069 2590 2160 2639 cat
2187 2609 2210 2633 α
2240 2586 2460 2640 Patrem
2486 2587 2681 2657 patria
2700 2587 3041 2657 Anglicana;
3072 2607 3092 2633 ν
3120 2592 3177 2640 et
3192 2586 3243 2639 ei
3261 2601 3453 2639 revera
3481 2588 3665 2655 pasto-

2069 2673 2215 2727 rales
2244 2674 2445 2745 virgas,
2475 2679 2641 2745 prout
2659 2674 2765 2745 ipsi
2784 2673 3084 2740 videretur,
3110 2673 3510 2744 dispensandas
3539 2689 3669 2726 con-

2065 2762 2393 2817 tradiderat.
2418 2762 2888 2834 Chronographus
2916 2768 3106 2817 noster
3150 2762 3472 2827 Saxonicus,
3508 2762 3627 2815 Nor
3644 2792 3666 2800 -

2067 2851 2291 2905 mannis
2320 2852 2451 2905 licet
2482 2852 2737 2914 infestus,
2772 2852 3144 2907 Lanfrancum
3177 2852 3372 2905 laudat
3401 2869 3427 2903 α
3471 2850 3531 2904 in
3561 2851 3663 2905 Ec-

392 2960 419 2995 α
453 2943 627 3015 Rogo,
659 2941 861 3012 inquit,
889 2946 1166 3012 quatenus
1189 2945 1418 3012 propter
1446 2942 1623 2995 Deum
1655 2946 1712 2995 et
1739 2941 1984 2995 animam
2006 2999 2046 3015 η
2068 2940 2237 2994 clesia
2273 2941 2578 3006 doctorem,
2611 2943 2770 3012 cujus
2800 2941 2986 2995 studio
3017 2947 3074 2995 et
3103 2941 3262 3012 prius
3291 2940 3348 2994 in
3377 2939 3576 3005 Gallia,
3610 2945 3668 2993 et

388 3037 652 3097 vestram,
685 3037 752 3084 ut
811 3029 955 3084 sicut
1003 3034 1205 3095 vestra,
1254 3030 1342 3083 cui
1393 3030 1700 3084 contradici
1743 3031 1825 3084 fas
1872 3047 1984 3084 non

390 3120 515 3187 fuit,
546 3137 637 3174 me
670 3119 1005 3173 auctoritate
1022 3117 1314 3188 alligastis,
1339 3118 1417 3172 sic
1434 3136 1656 3190 quoque
1670 3119 1982 3190 alligatum,

388 3209 626 3280 abrupto
658 3225 760 3280 per
786 3207 1039 3261 eamdem
1071 3207 1462 3261 auctoritatem
1490 3208 1660 3278 hujus
1684 3209 1989 3261 necessita-

386 3298 461 3352 tis
488 3298 726 3363 vinculo,
752 3296 1073 3362 absolvatis,
1095 3296 1380 3366 vitamque
1412 3295 1791 3361 canobialem,
1819 3313 1989 3367 quam

387 3403 502 3458 pra
568 3384 827 3441 omnibus
866 3385 1055 3455 diligo,
1114 3384 1404 3455 repetendi
1450 3384 1733 3439 licentiam
1799 3402 1990 3440 conce-

387 3474 555 3540 datis,
603 3492 628 3527 ι
671 3491 793 3545 qua
831 3473 1021 3527 omnia
1059 3472 1299 3544 probant
1335 3474 1565 3527 titulum
1602 3494 1621 3521 α
1657 3473 1841 3527 Patris
1865 3491 1986 3528 mo-

389 3563 697 3617 nachorum
755 3580 775 3613 ιο
833 3561 963 3631 jure
1028 3560 1227 3615 merito
1294 3562 1604 3616 Lanfranco
1662 3578 1985 3617 concessum

383 3651 577 3706 fuisse.

458 3739 512 3796 4.
549 3739 784 3794 Mutatis
819 3739 876 3793 in
915 3739 1117 3810 Anglia
1154 3739 1340 3806 rebus,
1382 3756 1522 3811 opus
1574 3752 1696 3795 erat
1734 3741 1849 3795 viro
1890 3744 1984 3813 qui

388 3829 647 3885 Ecclesia
701 3828 928 3899 negotia
963 3829 1045 3883 ita
1083 3828 1473 3884 moderaretur
1500 3834 1692 3884 utnec
1731 3831 1985 3885 ecclesia-

387 3919 526 3974 stica
563 3916 859 3989 disciplina
894 3917 982 3972 his
1030 3917 1368 3973 tumultibus
1409 3920 1691 3988 jacturam
1730 3920 1979 3991 aliquam

386 4008 709 4073 sustineret,
767 4023 870 4061 nec
926 4005 1302 4062 Ecclesiarum
1355 4009 1488 4078 jura
1542 4008 1888 4063 violarentur
1947 4026 1982 4063 a

384 4096 704 4152 victoribus.
734 4096 970 4167 Utrique
994 4096 1219 4166 egregie
1241 4095 1482 4166 providit
1513 4097 1878 4163 Lanfrancus,
1912 4116 1980 4153 ea

383 4187 443 4242 in
482 4204 542 4241 re
579 4185 912 4241 auctoritate
950 4202 1063 4256 qua
1098 4183 1344 4256 pollebat
1365 4184 1424 4239 in
1455 4202 1644 4255 regem
1673 4187 1979 4257 prudenter

381 4286 564 4343 utens,
598 4277 759 4346 cujus
788 4292 823 4329 a
850 4274 1094 4328 consiliis
1122 4279 1263 4329 erat.
1282 4272 1526 4337 Etenim,
1550 4280 1613 4328 ut
1627 4280 1785 4329 notat
1802 4276 1979 4330 Adam

2067 3030 2423 3101 postmodum
2454 3031 2517 3084 in
2538 3031 2759 3101 Anglia,
2792 3031 2954 3085 multi
3001 3031 3069 3085 ad
3125 3030 3395 3103 divinum
3432 3028 3667 3083 animati

2070 3124 2201 3172 sunt
2225 3118 2575 3190 obsequium.
2611 3138 2636 3172 »

2145 3209 2175 3261 5
2239 3206 2360 3262 Non
2424 3208 2589 3261 factis
2650 3208 2830 3263 solum
2891 3208 2986 3262 sed
3045 3206 3213 3262 etiam
3273 3206 3388 3261 suis
3446 3205 3668 3278 scriptis

2071 3296 2417 3350 Lanfrancus
2469 3297 2767 3351 Ecclesiam
2824 3297 3153 3351 catholicam
3193 3295 3509 3358 illustravit,
3544 3312 3666 3367 qua

2072 3384 2122 3438 ei
2160 3384 2309 3437 inter
2346 3384 2748 3440 ecclesiasticos
2782 3390 3038 3439 auctores
3093 3386 3275 3439 locum
3316 3389 3661 3439 meruerunt.

2070 3472 2204 3542 Ejus
2236 3490 2404 3543 opera
2431 3473 2639 3540 omnia,
2683 3492 2805 3545 qua
2834 3473 3072 3528 inveniri
3120 3479 3440 3545 potuerant,
3482 3472 3664 3544 primo

2068 3560 2125 3615 in
2163 3578 2338 3615 unum
2392 3563 2625 3617 collecta
2678 3563 2852 3618 edidit
2896 3569 3089 3617 noster
3141 3563 3319 3617 Lucas
3367 3562 3660 3629 Acherius,

2070 3667 2307 3722 quorum
2375 3652 2463 3705 hic
2512 3658 2598 3706 est
2663 3653 2950 3723 catalogus
2992 3671 3002 3705 :
3039 3675 3057 3702 ι
3108 3652 3559 3707 Commentarius
3606 3652 3665 3706 in

2067 3739 2344 3811 Epistolas
2372 3739 2524 3795 beati
2565 3740 2746 3796 Pauli.
2787 3741 3034 3796 Libellus
3064 3742 3133 3796 de
3189 3758 3419 3813 corpore
3448 3750 3504 3797 et
3531 3758 3663 3796 san-

2063 3829 2234 3900 guine
2264 3829 2489 3883 Domini
2510 3836 2707 3884 contra
2735 3831 3135 3902 Berengarium
3178 3831 3665 3885 Annotatiuncula

2063 3918 2121 3972 in
2152 3919 2450 3972 nonnullas
2495 3919 2727 3973 Joannis
2771 3920 3025 3974 Cassiani
3054 3920 3378 3975 collationes
3404 3920 3660 3974 Patrum.

2063 4008 2299 4062 Decreta
2335 4025 2435 4079 pro
2456 4008 2651 4062 ordine
2688 4008 2868 4063 sancti
2922 4009 3224 4064 Benedicti.
3257 4008 3422 4064 Liber
3460 4008 3664 4080 episto-

2061 4096 2263 4151 larum.
2296 4097 2564 4168 Pericope
2594 4098 2863 4152 orationis
2902 4115 3069 4169 quam
3103 4097 3299 4152 habuit
3325 4097 3384 4152 in
3425 4097 3659 4153 concilio

2059 4186 2405 4256 Anglicano;
2433 4192 2489 4239 et
2514 4186 2736 4241 libellus
2758 4188 2839 4241 De
2864 4186 3211 4242 confessione
3232 4188 3481 4241 celanda.
3520 4208 3540 4237 ι
3575 4188 3654 4242 Ex

2062 4274 2149 4328 his
2197 4275 2633 4329 commentarius
2686 4275 2742 4329 in
2786 4276 2945 4331 Pauli
2994 4276 3257 4347 epistolas
3303 4275 3373 4330 ab
3415 4276 3652 4330 Acherio

383 4364 722 4428 Bremcnsis,
744 4362 840 4416 lib.
875 4380 941 4429 IV,
968 4363 1228 4417 Historia
1259 4363 1662 4431 ecclesiastica,
1695 4381 1815 4436 cap.
1839 4380 1931 4419 x1v
1956 4384 1966 4419 :
1994 4353 2340 4434 Dvulgatus,
2389 4381 2499 4418 non
2530 4371 2614 4418 est
2658 4364 2912 4423 sincerus
2948 4364 3243 4419 Lanfranci
3273 4365 3452 4432 fetus;
3494 4365 3650 4419 illum

385 4474 409 4505 ι
432 4453 751 4507 Willelmus
781 4452 1084 4505 Bastardus
1100 4451 1300 4505 ablatis
1321 4453 1597 4506 scandalis
1626 4469 1752 4508 eum
1774 4471 1978 4525 posue-

382 4546 474 4596 rat
500 4539 754 4595 Ecclesia
784 4539 1090 4606 doctorem,
1127 4541 1288 4609 cujus
1325 4542 1510 4596 studio
1538 4543 1702 4596 multi
1734 4543 1804 4597 ad
1833 4544 1976 4597 divi-

383 4646 518 4685 num
576 4628 810 4682 animati
865 4633 999 4681 sunt
1049 4627 1399 4698 obsequium.
1442 4649 1464 4679 ι
1510 4630 1650 4683 Hinc
1686 4648 1811 4685 cum
1851 4632 1975 4702 pius

380 4719 616 4774 antistes
645 4716 1005 4771 conciliorum
1035 4732 1200 4771 usum
1226 4717 1287 4771 in
1314 4718 1517 4789 Anglia
1545 4735 1578 4772 a
1601 4720 1794 4774 multis
1824 4727 1975 4775 retro

381 4808 546 4863 annis
574 4806 911 4862 obsolevisse
939 4806 1444 4869 animadvertisset,
1473 4808 1687 4862 curavit
1733 4815 1798 4863 ut
1826 4810 1978 4864 dein-

381 4914 511 4968 ceps
533 4896 857 4967 frequenter
878 4893 1254 4962 haberentur;
1288 4896 1437 4966 quod
1466 4903 1522 4950 et
1549 4898 1758 4953 factum
1789 4904 1892 4964 est,
1922 4905 1979 4954 et

378 4986 561 5040 multa
586 4985 643 5038 in
667 4984 736 5037 iis
754 4983 823 5038 ad
846 4983 1194 5054 disciplinam
1218 4989 1367 5039 recte
1406 4988 1736 5040 servandam
1762 4993 1975 5042 statuta

378 5080 530 5130 sunt.
554 5074 711 5128 Bona
749 5089 876 5126 vero
903 5072 1255 5143 temporalia,
1297 5089 1422 5143 qua
1452 5075 1695 5130 ecclesia
1730 5094 1842 5131 sua
1864 5076 1975 5131 bel-

376 5163 558 5217 lorum
606 5168 861 5232 tempore
905 5167 1067 5231 rapta
1095 5161 1335 5226 fuerant,
1369 5163 1591 5218 restitui
1632 5166 1969 5235 procuravit,

373 5252 445 5306 ad
472 5251 528 5306 id
551 5251 911 5306 Guillelmum
934 5265 1122 5319 regem
1143 5250 1444 5319 prudentia
1462 5269 1565 5306 sua
1589 5273 1609 5303 ι
1637 5254 1964 5323 perducens,

2061 4458 2250 4506 autem
2282 4453 2485 4524 ipsum,
2509 4455 2605 4524 qui
2639 4453 2708 4507 ab
2730 4472 2794 4507 eo
2822 4456 3062 4525 scriptus
3109 4459 3211 4518 est,
3237 4452 3509 4508 habemus
3537 4470 3653 4524 pra

2060 4542 2338 4608 manibus,
2400 4559 2586 4613 quem,
2655 4543 2702 4596 si
2758 4542 3058 4613 aliquando
3108 4549 3426 4613 opportuna
3485 4541 3655 4596 fuerit

2059 4632 2290 4695 occasio,
2326 4632 2383 4685 in
2413 4631 2590 4686 lucem
2628 4633 2994 4703 proferemus.
3039 4632 3244 4685 Verum
3292 4637 3497 4703 prater
3536 4630 3655 4686 hac

2058 4736 2228 4791 opera
2247 4721 2450 4775 dicitur
2467 4721 2635 4774 etiam
2659 4720 2898 4774 edidisse
2918 4720 3397 4775 Commentarium
3427 4721 3485 4775 in
3511 4720 3655 4791 psal-

2059 4825 2180 4863 mos
2245 4810 2560 4874 Davidicos,
2610 4813 2666 4862 et
2725 4809 3019 4863 historiam
3077 4810 3528 4878 ecclesiasticam;
3553 4812 3654 4866 sed

2060 4903 2323 4952 neutrum
2389 4899 2661 4953 hactenus
2718 4899 2966 4971 reperire
3025 4899 3199 4954 licuit.
3260 4900 3425 4953 Certe
3502 4900 3654 4970 quod

2057 4988 2402 5042 Lanfrancus
2474 4987 2765 5042 historiam
2842 4988 2930 5042 sui
3002 4988 3272 5060 temporis
3345 4989 3650 5061 scripserit,

2057 5082 2211 5130 extra
2237 5076 2468 5130 dubium
2526 5076 2747 5130 videtur
2796 5093 2956 5145 esse;
3019 5079 3178 5148 cujus
3230 5077 3312 5131 rei
3354 5078 3516 5132 testis
3568 5084 3655 5131 est

2056 5164 2367 5218 Eadmerus
2396 5164 2537 5218 libro
2562 5179 2582 5217 Ι
2613 5166 2914 5231 Novarum,
2950 5165 3044 5220 ubi
3099 5166 3168 5220 de
3217 5166 3527 5221 Lanfranco
3574 5167 3656 5221 sic

2051 5254 2345 5324 loquitur:
2389 5272 2411 5304 α
2467 5254 2712 5324 Ipsemet
2763 5254 2832 5308 de
2878 5242 3043 5308 rebus'
3093 5254 3483 5309 ecclesiasticis
3529 5272 3653 5326 quae

371 5339 558 5410 inquit
602 5338 935 5401 Eadmerus,
968 5343 1031 5391 ut
1079 5338 1440 5407 quamplures
1486 5345 1666 5395 terras
1722 5343 1968 5396 ecclesia
2051 5360 2152 5397 suo
2201 5348 2453 5413 tempore
2491 5349 2653 5412 gesta
2694 5350 2843 5406 sunt,
2880 5342 3232 5396 veracissimo
3282 5348 3339 5396 et
3393 5359 3653 5415 compen-

373 5427 813 5491 Cantuariensis,
848 5425 1080 5481 diversis
1120 5425 1301 5478 causis
1357 5444 1421 5482 ac
1468 5430 1743 5484 violentiis
1784 5432 1966 5486 homi-
2050 5430 2366 5487 diosissimo
2408 5432 2623 5486 calamo
2672 5431 2907 5502 scripsit.
2950 5451 2971 5481 ι
3026 5432 3141 5485 Hoc
3186 5448 3345 5502 opus,
3399 5438 3465 5487 ut
3513 5433 3652 5487 mihi

371 5533 507 5573 num
528 5516 760 5575 ablatas.
792 5533 891 5587 pro
920 5513 1306 5587 redemptione
1339 5517 1537 5574 anima:
1570 5538 1683 5576 sua
1712 5522 1968 5576 restitue-
2047 5521 2285 5586 videtur,
2320 5521 2512 5576 laudat
2539 5522 2855 5575 Willelmus
2894 5520 3409 5581 Malmesburiensis
3437 5521 3576 5576 libro
3608 5537 3647 5587 ι,
