4048 6176
316 256 388 312 ‘25
1416 254 1606 309 VITA.
1649 283 1714 294 —
1754 253 2057 310 OBSERV.
2105 251 2430 307 PRAEVUE.
3532 237 3602 294 ‘26

319 381 400 435 De
428 381 786 453 pontiﬁcibus
808 381 1138 452 Anglorum,
1163 377 1259 432 ubi
1282 377 1352 433 de
1372 378 1749 433 controversia
1775 379 1994 437 interA
2011 377 2329 431 Willelmus
2357 376 2887 442 Malmesburiensis,
2919 375 3061 430 libro
3092 391 3107 428 1
3137 372 3218 426 De
3253 367 3426 441 gestis
3463 380 3604 437 pon-

318 469 502 540 ipsum
535 471 911 525 Lanfrancum
942 476 998 524 et
1017 469 1290 523 Thomam
1325 468 1728 523 Eboracensem
1747 469 1930 523 archi-

325 558 645 629 episcopum
674 564 868 612 exorta
899 574 1087 627 agens,
1112 573 1229 610 rem
1257 573 1378 610 esse
1398 573 1462 609 ex
1489 557 1932 610 Lanfranciscri-

320 647 436 717 ptis
457 649 822 718 repetendam
881 647 969 700 his
1015 645 1198 699 verbis
1241 651 1434 699 monet
1465 664 1476 697 :
1515 665 1541 694 «
1575 647 1698 715 Ipse
1727 645 1931 699 melius

320 736 532 805 scripto
563 754 668 790 suo
695 735 1006 790 insinuabit
1060 734 1208 805 quod
1242 734 1311 786 de
1342 734 1694 787 ordinatione
1719 750 1838 800 sua,
1875 739 1932 788 et

321 825 706 879 controversia
737 825 883 878 inter
911 842 970 878 se
990 829 1044 878 et
1066 823 1473 877 Eboracensem
1495 822 1767 875 Thomam
1781 838 1931 875 com-

315 918 478 966 mota
507 919 564 966 et
597 915 808 976 sedata,
831 914 910 966 ita
939 913 1163 983 scripsit
1193 930 1204 964 :
1238 912 1401 964 Anno
1418 910 1717 966 Dominicee
1746 912 1930 965 Incar-

313 1001 566 1054 nationis
619 999 756 1056 1070
807 1001 1056 1059 intravit.
1093 1019 1118 1050 »
1151 1006 1258 1056 etc.
1292 1002 1465 1056 Porro
1525 1003 1673 1056 inter
1729 1007 1931 1055 caetera

314 1090 370 1156 ej
380 1106 443 1141 us
459 1105 632 1160 Opera
655 1090 962 1160 principem
983 1091 1162 1144 locum
1182 1089 1342 1144 facile
1353 1091 1569 1145 obtinet
1588 1090 1728 1144 liber
1740 1106 1926 1160 quem,

320 1193 455 1231 cum
486 1180 670 1233 adhuc
698 1179 853 1250 prior
881 1183 1027 1233 esset
1050 1179 1228 1238 Becci,
1267 1199 1292 1229 α
1327 1179 1408 1233 De
1451 1196 1683 1250 corpore
1713 1184 1769 1232 et
1797 1194 1930 1232 san-

316 1267 497 1335 guine
519 1269 743 1322 Domini
776 1289 803 1318 ι)
836 1268 1011 1322 edidit
1038 1269 1303 1322 adversus
1335 1269 1734 1338 Berengarium
1761 1268 1932 1321 haere-

317 1355 627 1409 siarcbam.
661 1358 823 1410 Hunc
851 1357 1074 1427 quidem
1091 1359 1210 1426 jam
1241 1358 1415 1411 semel
1435 1365 1493 1412 et
1521 1357 1726 1410 iterum
1748 1355 1931 1410 verbis

319 1446 732 1511 confutaverat,
764 1447 1010 1515 primum
1060 1446 1272 1499 scilicet
1301 1447 1357 1499 in
1414 1447 1667 1500 Romana
1716 1445 1930 1515 synodo

318 1539 602 1602 przesente
635 1551 855 1586 summo
886 1535 1146 1605 pontifice
1187 1536 1395 1599 Leone,
1429 1540 1486 1587 et
1516 1535 1723 1588 iterum
1757 1533 1814 1586 in
1844 1533 1929 1586 al-

319 1628 444 1676 tera
474 1623 689 1692 synodo
719 1637 851 1676 oxm
883 1623 1291 1693 episcoporum,
1341 1639 1531 1676 coram
1589 1623 1822 1676 Nicolao
1853 1623 1924 1687 II,

2015 466 2230 520 tificum
2262 467 2592 536 Anglorum,
2626 467 2720 520 ubi
2749 467 2818 521 de
2866 465 3175 520 Lanfranco
3205 460 3284 514 sic
3309 455 3558 526 loquitur
3588 470 3599 505 :

2018 572 2041 605 ‹‹
2069 554 2413 608 Litteratura
2441 555 2778 626 perinsignis
2801 554 3057 608 liberales
3103 556 3270 612 artes,
3307 563 3430 618 quia
3453 545 3604 615 jam-

2015 643 2223 698 dudum
2246 645 2598 712 sorduerant,
2628 661 2658 698 e
2685 643 2840 698 Latio
2861 645 2918 697 in
2937 641 3148 697 Gallias
3163 653 3364 693 vocans
3392 631 3605 689 acumi-

2012 749 2083 786 ne
2112 749 2211 787 suo
2242 733 2503 804 expolivit
2650 733 2829 787 Exivit
2858 733 3007 786 fama
3037 731 3159 800 ejus
3201 723 3606 781 remotissimas

2012 822 2332 876 Latinitatis
2352 823 2564 892 plagas,
2597 828 2829 892 eratque
2865 823 3100 875 Beccum
3133 829 3400 886 magnum
3431 815 3488 865 et
3522 810 3606 863 fa-

2013 927 2231 964 mosum
2256 911 2586 965 litteraturae
2614 911 2993 983 gymnasium.
3029 927 3054 960 »
3087 909 3241 961 Inter
3274 900 3606 957 celebriores

2012 999 2305 1053 Lanfranci
2367 1000 2670 1071 discipulos
2733 1003 3095 1053 recensentur
3161 991 3473 1048 Alexander
3528 988 3600 1050 II,

2012 1105 2266 1142 summus
2327 1089 2592 1160 pontifex,
2629 1088 3003 1143 Guilmundus
3050 1086 3364 1138 Aversanus
3415 1081 3609 1148 postea

2013 1177 2479 1248 archiepiscopus,
2544 1179 2877 1232 Guillelmus
2932 1168 3419 1241 Rothomagensis,
3465 1167 3608 1220 Iler-

2012 1272 2207 1319 nostus
2241 1271 2298 1319 et
2335 1267 2652 1320 Gundulfus
2683 1265 2925 1336 episcopi
2965 1264 3268 1324 Rolfenses,
3289 1257 3456 1312 Fulco
3485 1253 3608 1308 Bel-

2011 1355 2280 1420 vacensis,
2306 1356 2397 1409 lvo
2419 1355 2798 1420 Carnotensis,
2831 1360 2894 1408 ut
2914 1353 3075 1407 testis
3097 1356 3183 1404 est
3224 1346 3502 1402 Robertus
3538 1342 3608 1395 de

2012 1444 2219 1507 Monte,
2252 1445 2458 1514 aliique
2480 1461 2648 1515 quam
2677 1442 2922 1514 plurimi,
2956 1441 3052 1512 qui
3083 1439 3149 1493 ad
3198 1436 3403 1490 infulas
3427 1431 3609 1486 varia-

2013 1549 2134 1586 rum
2163 1533 2533 1586 Ecclesiarum
2563 1533 2709 1602 rapti
2740 1536 2888 1585 sunt.
2943 1531 3180 1583 Sanctus
3235 1540 3362 1578 vero
3407 1519 3608 1574 Ansel-

2012 1637 2136 1674 mus
2164 1621 2241 1675 ita
2294 1622 2593 1675 Lanfranci
2635 1620 3007 1674 eruditionem
3038 1612 3396 1685 suspiciebat,
3437 1615 3502 1663 ut
3537 1607 3604 1661 ad

320 1713 421 1766 ubi
451 1715 844 1784 Berengarius,
893 1692 1152 1783 abjurata
1209 1715 1427 1780 haeresi,
1477 1715 1762 1768 catholicae
1800 1713 1932 1767 ﬁdei
1953 1692 2144 1763 Beum
2170 1728 2196 1762 α
2228 1710 2606 1779 Monologium
2645 1729 2667 1760 ι
2702 1726 2736 1762 a
2759 1725 2820 1762 se
2840 1707 3054 1761 editum
3082 1698 3462 1756 transmiserit
3489 1698 3610 1765 ejus

319 1802 628 1856 formulam
659 1803 846 1873 palam
875 1803 1106 1871 legerat,
1140 1809 1195 1856 et
1225 1804 1276 1856 ei
1307 1820 1428 1857 sese
1453 1803 1672 1856 sincero
1717 1802 1928 1867 animo,

323 1891 578 1944 adhibito
605 1891 774 1944 etiam
796 1891 1188 1960 jurejurando,
1215 1892 1498 1945 adhaerere
1521 1891 1802 1962 professus
1821 1891 1934 1945 fue-

324 1986 438 2044 rat,
466 1979 625 2033 libris
654 1980 770 2033 suis
799 1981 857 2033 in
907 1980 1093 2050 ignem
1149 1981 1410 2050 projectis
1456 1997 1642 2033 coram
1673 1980 1933 2033 universa

320 2069 540 2139 synodo
563 2087 576 2134 ;
610 2070 777 2138 paulo
803 2074 928 2138 post
957 2075 1146 2122 tamen
1165 2069 1235 2121 ad
1260 2068 1530 2122 vomitum
1558 2085 1720 2122 suum
1752 2085 1932 2121 rever-

320 2173 438 2219 sus,
468 2176 491 2206 ι
525 2157 858 2226 pravitatem
889 2173 1070 2217 suam,
1107 2177 1136 2208 ν
1163 2157 1346 2227 inquit
1373 2157 1767 2220 Lanfrancus,c
1786 2158 1934 2211 clan-

318 2245 559 2299 destinis
586 2245 1065 2316 disputationibus
1091 2246 1239 2315 apud
1271 2245 1563 2316 imperitos
1595 2246 1742 2299 tueri
1782 2264 1806 2296 »
1837 2262 1930 2300 co-

319 2333 584 2388 nabatur.
620 2335 726 2388 Sed
752 2335 808 2388 id
825 2335 1054 2404 impune
1075 2351 1186 2388 non
1208 2334 1366 2402 tulit;
1399 2351 1530 2388 nam
1563 2335 1927 2398 Lanfrancus,

318 2431 389 2478 ut
417 2429 661 2477 testatur
691 2423 989 2482 Baronius,
1014 2423 1084 2477 ad
1107 2439 1318 2477 annum
1375 2421 1530 2488 1059,
1558 2422 1702 2477 libro
1731 2424 1930 2477 adver-

319 2529 420 2566 sus
451 2528 581 2565 eum
613 2527 676 2565 ac
705 2513 828 2582 ejus
866 2528 1086 2566 errores
1135 2512 1307 2575 edito,
1346 2530 1372 2563 ¢
1402 2512 1722 2582 arrogantis
1752 2513 1930 2567 haere-

321 2600 562 2655 siarchm
578 2600 790 2654 retudit
813 2600 1130 2660 audaciam,
1158 2601 1366 2654 refellit
1410 2617 1648 2659 errores,
1680 2600 1933 2654 dissolvit

318 2689 594 2754 fallacias,
622 2688 999 2759 blasphemias
1049 2689 1359 2758 redarguit,
1393 2696 1722 2744 convertens
1751 2706 1846 2743 eas
1875 2689 1932 2742 in

2014 1814 2260 1852 censurae
2289 1798 2713 1874 subjiciendum,
2739 1797 2853 1849 imo
2875 1805 2931 1848 et
2955 1795 3328 1848 Lantrancum
3350 1789 3610 1857 precatus

2014 1893 2116 1951 est,
2137 1893 2199 1940 ut
2214 1870 2602 1957 quemcunque
2619 1886 2843 1939 titulum
2865 1882 3153 1936 meliorem
3161 1877 3460 1948 judicaret,
3480 1870 3610 1925 huic

2016 1974 2158 2028 libro
2186 1975 2517 2045 imponeret.
2559 1995 2579 2025 α
2621 1974 2755 2036 Hoc,
2804 1991 2829 2024 υ
2859 1968 3044 2040 inquit
3071 1966 3388 2023 Anselmus,
3431 1960 3523 2014 lib.
3566 1972 3604 2022 1,

2015 2063 2176 2133 epist.
2213 2064 2301 2121 63,
2337 2081 2363 2115 α
2396 2079 2522 2116 cum
2550 2059 2978 2132 importunitate
3008 2074 3042 2110 a
3061 2054 3248 2109 vestra
3277 2048 3610 2105 auctoritate

2015 2168 2127 2206 non
2157 2152 2410 2205 desinam
2437 2150 2676 2220 exigere,
2709 2152 2990 2219 quatenus
3018 2144 3089 2198 de
3129 2141 3325 2196 eodem
3379 2151 3613 2208 opuscu-

2014 2241 2146 2298 lo...
2179 2241 2310 2310 quid
2343 2239 2465 2293 fieri
2491 2238 2694 2294 debeat
2745 2241 2931 2290 vestra
2980 2234 3246 2287 decernat
3283 2225 3608 2282 auctoritas.

2013 2329 2261 2383 Titulum
2282 2335 2472 2383 autem
2501 2328 2718 2382 nullum
2771 2325 2852 2379 illi
2898 2321 3193 2395 praaposui,
3229 2317 3434 2389 quippe
3464 2313 3612 2385 quod

2014 2434 2370 2488 nequaquam
2395 2416 2539 2472 tanti
2586 2414 2898 2470 existimavi
2940 2417 3005 2467 ut
3058 2409 3197 2464 illud
3244 2423 3346 2462 suo
3385 2406 3613 2460 nomine

2013 2508 2295 2578 dignarer.
2326 2507 2382 2561 Si
2408 2506 2586 2576 igitur
2607 2509 2790 2559 vestro
2839 2501 3048 2558 sederit
3095 2496 3328 2553 arbitrio
3367 2497 3432 2548 ut
3460 2490 3610 2563 quod

2013 2596 2211 2666 scripsi
2239 2595 2576 2666 scripserim,
2601 2611 2634 2648 a
2662 2610 2771 2664 quo
2801 2590 3028 2646 habebit
3062 2587 3408 2647 firmitatem,
3452 2580 3522 2635 ab
3549 2595 3614 2633 eo

2015 2685 2220 2739 habeat
2248 2691 2304 2738 et
2319 2701 2544 2738 nomen.
2573 2701 2599 2736 ιο
2631 2682 2779 2737 Eum
2808 2697 2938 2735 vero
2967 2695 3130 2750 quem
3159 2675 3344 2729 vivum
3371 2670 3516 2725 tanti
3539 2669 3614 2723 fe-

323 2784 500 2848 caput
529 2777 724 2848 ipsius,
755 2797 780 2829 »
813 2783 919 2831 etc.
952 2779 1116 2832 Hunc
1162 2778 1368 2833 librum
1412 2780 1654 2832 Joannes
1681 2779 1935 2831 Bromto—
2016 2780 2187 2838 cerat,
2220 2779 2346 2844 post
2375 2779 2613 2827 mortem
2646 2771 2912 2824 adversus
2942 2766 3263 2822 haereticum
3310 2757 3615 2856 calumnia:

322 2883 436 2920 nus
466 2865 1364 2921 abbasJornalensisinChronico
1394 2867 1642 2938 appellat
1671 2885 1693 2917 σ
1717 2868 1936 2921 Tonan-
2016 2869 2194 2917 torem
2243 2863 2464 2933 egregie
2509 2859 2899 2932 pr0pugnavit.
2952 2858 3097 2910 Nam
3130 2849 3475 2909 Roscelinus,
3518 2849 3614 2916 qui

321 2961 441 3008 tem
484 2954 712 3020 librum,
754 2975 776 3006 ι
808 2972 974 3025 quem
1005 2955 1075 3009 ab
1118 2955 1237 3026 ipso
1269 2955 1574 3010 Lanfranco
1609 2974 1634 3009 «
1661 2955 1937 3010 Scintilla-
1957 2958 2132 3028 Ctres
2165 2968 2435 3022 personas
2466 2949 2830 3004 sanctissimae
2849 2943 3138 3000 Trinitatis
3160 2948 3272 2994 tres
3297 2950 3614 3028 res-esse-eo

327 3059 458 3097 rum
495 3061 519 3092 ι
555 3042 732 3096 fuisse
765 3063 785 3094 ι
810 3043 1158 3097 intitulatum
1193 3063 1218 3097 ι)
1251 3043 1464 3096 scribit.

403 3131 452 3184 6.
486 3132 680 3186 Tantae
700 3132 967 3185 doctrinae
986 3132 1134 3185 fama
1162 3149 1261 3203 per
1291 3137 1468 3186 totam
1500 3133 1779 3202 Europam
1803 3149 1932 3203 per-

326 3235 534 3288 agrans
584 3219 859 3289 plurimos
890 3219 1194 3290 discipulos
1250 3219 1561 3274 Lanfranco
1617 3220 1930 3290 acquisivit,

324 3309 573 3378 hincque
601 3309 878 3362 Beccense
921 3308 1260 3375 coenobium,
1295 3309 1441 3379 quod
1474 3309 1737 3378 exiguum
1767 3315 1936 3363 antea

322 3400 454 3448 erat
481 3401 537 3448 et
565 3396 654 3448 vix
683 3400 900 3458 notum,
961 3394 1111 3448 brevi
1151 3395 1355 3465 amplis
1392 3395 1840 3466 possessionibus
1879 3402 1936 3450 et

323 3484 735 3537 monachorum
759 3500 997 3537 numero
1028 3483 1245 3538 celebre
1280 3485 1471 3538 evasit.
1505 3486 1624 3539 Imo
1654 3486 1936 3539 Norman-

319 3573 438 3637 nia,
473 3589 597 3642 quae
637 3573 748 3626 huc
779 3589 956 3643 usque
1005 3573 1322 3626 litterarum
1365 3590 1564 3643 expers
1602 3573 1930 3637 habebatur,

318 3661 636 3716 Lanfranco
669 3660 940 3730 magistro
971 3660 1051 3714 ita
1076 3661 1310 3732 profecit
1334 3667 1397 3715 ut
1428 3667 1622 3733 postea
1651 3663 1784 3716 viris
1805 3680 1935 3718 eru-

322 3750 540 3804 ditione
562 3755 619 3803 et
658 3749 912 3803 doctrina
966 3749 1183 3804 eximiis
1225 3750 1610 3805 abundaverit.
1652 3752 1730 3806 Ea
1768 3752 1838 3805 de
1875 3769 1936 3806 re

323 3839 645 3892 audiendus
667 3838 968 3892 Ordericus
993 3839 1213 3915 Vitalis,
1229 3838 1371 3893 libro
1401 3855 1458 3893 1v
1489 3841 1748 3894 Historia).
1764 3841 1934 3894 eccle-

323 3927 589 3992 siasticze,
623 3926 718 3981 ubi
746 3927 815 3981 de
845 3926 1156 3981 Lanfranco
1185 3929 1303 3982 haec
1332 3927 1502 3982 habet
1537 3945 1548 3982 :
1579 3948 1604 3979 «
1639 3928 1934 3983 Cmnobio-

327 4016 450 4070 lum
484 4019 760 4072 Beccense
791 4017 849 4070 in
880 4017 1227 4071 Normannia
1256 4017 1359 4071 loci
1393 4017 1504 4071 situ
1528 4023 1584 4071 et
1605 4022 1937 4088 paupertate

2015 3040 2181 3094 modo
2213 3040 2360 3109 quod
2393 3045 2512 3092 tres
2537 3036 2720 3107 angeli
2741 3042 2856 3089 tres
2883 3050 2973 3087 res
3019 3035 3152 3084 sunt
3196 3025 3502 3088 asserebat,
3535 3024 3617 3077 ita

2014 3135 2204 3183 tamen
2235 3134 2300 3182 ut
2321 3145 2433 3182 una
2463 3133 2610 3181 esset
2637 3126 2695 3178 in
2727 3124 2814 3177 his
2859 3121 3039 3176 tribus
3068 3117 3322 3190 personis
3360 3115 3615 3168 voluntas

2015 3224 2115 3272 aut
2134 3222 2399 3288 potestas,
2433 3233 2497 3270 eo
2523 3213 2885 3286 impudentiae
2921 3211 3223 3264 devenerat
3249 3212 3312 3261 ut
3339 3203 3614 3259 Lanfran-

2017 3324 2142 3361 cum
2165 3313 2222 3360 et
2245 3307 2572 3360 Anselmum
2602 3303 2688 3358 sui
2708 3300 2988 3372 dogmatis
3015 3299 3266 3353 fautores
3295 3311 3416 3350 esse
3454 3307 3614 3346 men-

2017 3396 2238 3450 tiretur.
2263 3396 2336 3448 At
2361 3393 2607 3449 haeretici
2629 3392 2942 3446 calumnias
2971 3387 3192 3442 fortiter
3208 3382 3470 3440 reiutavit
3496 3382 3612 3434 An-

2017 3485 2246 3549 selmus,
2277 3490 2341 3538 ut
2367 3488 2524 3555 patet
2550 3499 2614 3536 ex
2644 3482 2767 3551 ejus
2805 3478 3045 3550 epistola
3070 3476 3138 3530 ad
3160 3475 3464 3530 Fulconem
3485 3470 3612 3524 Bel-

2017 3590 2310 3628 vacensem
2336 3573 2657 3643 episc0pum
2708 3569 2936 3639 scripta,
2960 3583 3083 3638 quae
3120 3570 3206 3619 est
3225 3561 3353 3618 libri
3381 3558 3612 3615 secundi

2018 3676 2130 3727 XLI,
2164 3661 2256 3716 ubi
2286 3678 2413 3715 eum
2449 3664 2640 3714 monet
2669 3663 2732 3712 ut
2752 3656 3049 3711 Lanfranci
3080 3671 3145 3708 ac
3203 3651 3290 3706 sui
3337 3647 3614 3704 defensio-

2018 3767 2148 3804 nem
2169 3749 2439 3820 suscipiat
2474 3749 2530 3802 in
2561 3744 2795 3801 cencilio
2826 3746 2975 3816 quod
3006 3761 3072 3798 ea
3103 3743 3171 3796 de
3195 3758 3256 3795 re
3287 3757 3321 3793 a
3340 3736 3614 3793 Rainaldo

2017 3841 2321 3893 Remorum
2371 3836 2787 3906 archiepiscopo
2850 3833 3100 3905 proxime
3160 3826 3614 3900 congregandum

2018 3934 2158 3982 erat.
2188 3929 2274 3982 Ita
2303 3943 2431 3980 vero
2449 3926 2518 3979 de
2547 3922 2844 3979 Lanfranci
2873 3921 3128 3976 doctrina
3152 3918 3434 3990 loquitur:
3458 3933 3486 3966 α
3514 3915 3616 3968 Ar-

2019 4016 2432 4087 chiepiscopum
2465 4014 2691 4084 quidem
2721 4013 3096 4067 Lanfrancum
3131 4009 3246 4062 vita
3274 4008 3400 4076 ejus
3422 4002 3616 4058 multis

329 4103 524 4173 elegit,
549 4104 696 4174 quod
724 4103 1023 4175 prudentia
1042 4103 1219 4175 ipsius
1240 4103 1780 4175 vigilantissimaque
1802 4121 1939 4158 cura
2022 4104 2296 4174 religiosis
2316 4110 2372 4157 et
2400 4101 2746 4174 sapientibus
2767 4100 2896 4154 viris
2926 4106 3077 4164 nota,
3101 4097 3233 4168 quia
3263 4096 3332 4149 de
3370 4110 3434 4147 eo
3465 4108 3617 4146 nun-

333 4193 715 4262 locupletavit.
751 4197 808 4246 et
830 4194 886 4246 in
919 4196 1130 4247 statum
1161 4193 1527 4263 pulcherrimi
1574 4192 1785 4246 ordinis
1815 4209 1940 4264 pro-
2021 4209 2188 4263 quam
2220 4191 2433 4262 aliquid
2463 4191 2573 4244 tale
2593 4190 2800 4256 sonuit,
2833 4188 2903 4242 ab
2960 4190 3063 4242 hoc
3093 4185 3324 4238 crimine
3357 4181 3493 4236 satis
3521 4197 3616 4234 ex-

329 4281 570 4336 vexit....
600 4285 808 4336 anctu
839 4281 1168 4336 obedientize
1193 4282 1261 4334 de
1291 4281 1577 4335 claustrali
1599 4281 1786 4351 quiete
1813 4297 1939 4352 pro-

327 4376 550 4424 tractus
579 4370 850 4440 magister
879 4370 1168 4441 processit,
1198 4387 1308 4440 quo
1333 4370 1566 4423 docente
1597 4369 1937 4441 philosophi-

325 4475 525 4512 carum
557 4476 621 4512 ac
652 4458 967 4512 divinarum
1012 4458 1326 4512 litterarum
1350 4458 1686 4512 bibliotheca
1711 4458 1934 4514 effulsit.

327 4529 394 4600 In
427 4554 668 4618 utraque
687 4547 862 4601 nodos
884 4547 1256 4617 quaestionum
1275 4547 1488 4602 solvere
1516 4547 1937 4618 potentissimus

321 4642 475 4689 emt.
505 4637 621 4690 Hoc
653 4637 924 4707 magistro
981 4635 1243 4707 primitus
1297 4637 1613 4690 Normanni
1653 4636 1932 4690 litterato-

318 4725 473 4777 riam
506 4730 684 4779 artem
718 4725 1055 4795 perscrutati
1084 4730 1232 4789 sunt,
1277 4730 1334 4779 et
1353 4725 1422 4778 de
1450 4725 1638 4779 schola
1668 4725 1930 4779 Beccensi

315 4814 658 4883 eloquentes
702 4813 762 4866 in
808 4812 1011 4866 divinis
1037 4820 1094 4866 et
1121 4812 1480 4867 saecularibus
1509 4812 1770 4884 scphistae
1809 4830 1933 4884 pro-

316 4906 636 4955 cesserunt.
657 4902 802 4955 Nam
833 4908 1004 4955 antea
1031 4901 1135 4955 sub
1166 4908 1418 4972 tempore
1448 4918 1544 4955 sex
1563 4902 1767 4956 ducum
1790 4902 1936 4956 Neu-

319 4989 505 5054 striae,
537 4989 622 5042 vix
655 4989 802 5043 ullus
853 4989 1311 5042 Normannorum
1369 4987 1694 5043 liberalibus
1731 4989 1935 5043 studiis

316 5079 586 5141 adluesit,
641 5095 743 5132 nec
799 5078 994 5131 doctor
1042 5077 1445 5141 inveniebatur,
1473 5079 1650 5132 donec
1687 5077 1937 5148 provisor

315 5167 585 5222 omnium
609 5167 757 5221 Deus
773 5166 1166 5221 Normannicis
1181 5168 1293 5220 oris
1306 5168 1676 5221 Lanfrancum
1696 5168 1931 5238 appulit.

311 5257 508 5311 Fama
532 5255 748 5326 peritiae
767 5255 917 5308 illius
935 5255 993 5306 in
1010 5260 1130 5308 tota
1153 5255 1395 5308 ubertim
1422 5255 1667 5310 innotuit
1692 5256 1930 5327 Europa,

311 5345 481 5400 unde
517 5345 588 5398 ad
655 5343 1047 5414 magisterium
1084 5345 1204 5414 ejus
1245 5343 1406 5398 multi
1443 5350 1826 5400 convenerunt
1865 5345 1935 5399 de

311 5433 588 5499 Francia,
621 5434 690 5487 de
719 5434 1038 5497 Wasconia,
1073 5433 1141 5488 de
1175 5433 1482 5499 Britannia,
1520 5451 1737 5489 necnon
1767 5434 1934 5488 Flan-

310 5521 508 5577 dria.»
538 5521 901 5576 Paucioribus
929 5521 1110 5578 verbis
1131 5524 1246 5577 haec
1267 5522 1460 5577 eadem
1479 5522 1669 5578 omnia
1682 5523 1937 5594 exposuit

1954 4332 2004 4390 D

2021 4286 2198 4345 cusat,
2226 4301 2254 4332 »
2279 4285 2382 4333 etc.
2416 4280 2533 4333 Nec
2559 4279 2766 4332 mirum
2797 4283 2882 4331 est
2908 4276 2964 4330 id
3012 4275 3320 4330 Lanfranco
3353 4269 3614 4324 defuncto

2021 4369 2324 4440 impactum
2352 4367 2523 4421 fuisse
2554 4366 2701 4437 quod
2728 4365 2832 4436 ipsi
2861 4365 3043 4418 adhuc
3064 4363 3123 4416 in
3147 4361 3283 4415 vivis
3310 4357 3498 4430 agenti
3528 4356 3610 4410 fa-

2020 4465 2171 4511 ctum
2201 4458 2403 4510 fuerat.
2429 4454 2698 4509 Nonnulli
2727 4453 2896 4519 enim,
2931 4452 3115 4506 nescio
3148 4467 3256 4521 quo
3285 4447 3488 4521 spiritu
3517 4445 3620 4500 du-

2019 4545 2112 4600 cti.
2143 4561 2268 4600 eum
2325 4544 2470 4615 apud
2504 4545 2817 4598 Romanum
2846 4541 3164 4613 pontificem
3196 4539 3613 4600 accusaverant,

2019 4634 2179 4704 quasi
2200 4632 2523 4702 Berengarii
2538 4630 2820 4686 erroribus
2836 4629 3251 4693 faveret.Quam
3273 4624 3615 4682 calumniam

2015 4722 2173 4776 brevi
2203 4738 2314 4775 non
2345 4721 2525 4774 solum
2571 4719 2816 4792 scriptis.
2849 4719 2947 4773 sed
2999 4717 3168 4773 etiam
3207 4715 3389 4770 verbis
3426 4729 3614 4768 coram

2013 4811 2229 4864 duobus
2259 4808 2613 4880 pontiﬁcibus
2633 4814 2690 4862 ct
2717 4807 2992 4862 universis
3019 4807 3266 4877 synodis,
3300 4811 3366 4860 ut
3386 4805 3506 4875 jam
3527 4802 3615 4855 di-

2015 4899 2220 4964 ximus,
2247 4897 2472 4970 penitus
2501 4915 2534 4950 a
2565 4915 2623 4951 se
2653 4896 2923 4963 removit;
2978 4895 3166 4966 sicque
3193 4916 3213 4945 ‹
3248 4894 3404 4966 pravi
3433 4909 3618 4947 rumo-

2016 4987 2112 5054 ris,
2150 5005 2176 5039 ι)
2208 4994 2273 5042 ut
2300 4987 2540 5058 ipsemet
2567 4986 2814 5058 loquitur
2837 4985 2896 5039 in
2925 4985 3110 5039 libello
3132 4989 3328 5039 contra
3344 4985 3618 5054 Berenga-

2017 5076 2164 5131 rium
2214 5093 2383 5146 supra
2431 5076 2676 5141 laudato,
2713 5094 2738 5126 «
2767 5093 2799 5129 a
2846 5091 2904 5129 se
2934 5075 3212 5129 maculam
3254 5092 3280 5126 »
3332 5071 3616 5132 abstersit.

2022 5183 2046 5215 «
2081 5165 2247 5218 fidem
2265 5181 2425 5219 suam
2462 5185 2487 5217 ι)
2517 5164 2808 5235 exposuit;
2841 5169 3009 5234 atque
3040 5163 3186 5233 quod
3217 5162 3356 5216 dixit
3386 5179 3412 5212 α
3442 5159 3618 5213 omni-

2018 5253 2122 5306 bus
2152 5253 2384 5324 placuit,
2408 5254 2547 5307 nulli
2579 5253 2882 5324 displicuit.
2913 5273 2934 5303 ι
2967 5253 3233 5322 Magnum
3265 5249 3504 5320 denique
3531 5264 3618 5301 ar-

2020 5348 2355 5412 gumentum
2390 5348 2477 5397 est
2494 5343 2794 5398 Lanfranci
2841 5342 3126 5407 doctrinae,
3150 5339 3296 5411 quod
3324 5343 3450 5410 post
3497 5339 3619 5410 ejus

2019 5437 2258 5487 mortem
2282 5433 2526 5504 episc0pi
2539 5432 2854 5503 Anglicani,
2869 5431 3037 5486 simul
3054 5430 3113 5484 in
3129 5445 3302 5484 unum
3322 5428 3383 5484 in
3402 5429 3616 5500 synodo

2019 5521 2270 5590 adunati,
2298 5537 2427 5577 eum
2459 5541 2480 5574 ι
2513 5521 2842 5594 Magistrum
2874 5540 2899 5573 ι)
2937 5535 3102 5576 suum
3147 5517 3612 5593 nuncupaverint.
