4008 6186
366 287 437 346 27

1317 293 1377 349 Β,
1424 294 1836 350 LANFRANCI
1876 293 2236 350 CANTUAR.
2277 293 2615 350 ARCHlEP.
3559 293 3630 351 28

439 419 487 473 7.
508 419 777 490 Superest
789 425 854 474 ut
867 419 1218 491 inquiramus
1234 435 1345 491 quo
1364 435 1531 485 anno,
1564 435 1741 491 quove
1765 421 2026 482 mense-A
2041 436 2132 474 res
2153 419 2287 474 data
2323 435 2494 491 opera
2523 419 2709 474 Vitam
2740 419 2919 475 sancti
2967 421 3266 476 Lanfranci
3292 419 3641 493 scripserint,

369 512 429 565 et
451 524 564 582 qua
587 508 816 564 tandem
846 509 939 564 die
996 508 1341 564 Lanfrancus
1385 526 1416 564 e
1443 509 1580 564 vivis
1629 511 1960 578 excesserit;

370 595 489 652 hac
507 595 659 651 enim
679 597 871 651 omnia
889 595 946 650 in
967 596 1399 652 controversiam
1426 602 1740 652 vertuntur.
1755 599 1962 654 Verum

373 685 422 740 si
444 685 806 758 antiquorum
836 685 1173 756 scriptorum
1193 686 1516 741 testimonio
1541 691 1691 742 stare
1725 689 1963 744 volueri-

2046 510 2262 565 cateris
2293 525 2360 564 ea
2379 509 2448 564 de
2477 525 2537 563 re
2565 525 2630 563 ex
2655 510 2945 564 occasione
2984 511 3338 566 solummodo
3369 509 3644 582 loquenti-

2043 597 2167 653 bus.

2115 690 2168 742 8.
2198 688 2372 742 Porro
2401 687 2505 742 etsi
2560 688 2718 743 nulla
2767 688 3126 744 veneratione
3156 689 3378 760 publica
3433 689 3648 743 colatur

369 775 675 841 mus,nulla
691 776 794 828 erit
809 775 878 829 de
893 775 1626 842 annodiﬁlcultas;illienim
1646 783 1968 836 constanter
2047 776 2317 832 memoria
2355 777 2504 831 beati
2532 777 2846 844 Lanfranci,
2883 779 3001 848 ejus
3031 783 3224 833 tamen
3274 794 3479 832 nomen
3517 793 3648 832 cum

369 863 1054 919 affirmant-Lanfrancum
1084 880 1230 920 anno
1250 862 1390 922 1089
1410 883 1439 920 e
1467 866 1602 921 vivis
1627 870 1958 925 excessisse:

371 953 450 1008 sic
466 952 676 1008 habent
705 954 948 1024 Symeon
965 955 1374 1019 Dunelmensis,
1407 955 1651 1011 Joannes
1694 957 1964 1014 Bromton

367 1041 427 1096 in
473 1041 766 1108 Chronico,
800 1041 1099 1098 Ordericus
1145 1043 1365 1110 Vitalis,
1397 1044 1493 1098 lib.
1542 1059 1636 1099 vm
1684 1047 1960 1115 Historia,

375 1120 691 1185 Chronicon
712 1129 992 1186 Beccense
1019 1131 1090 1185 ab
1108 1132 1346 1187 Acherio
1375 1133 1608 1202 editum,
1631 1135 1765 1189 item
1787 1137 1964 1191 Chro-

373 1219 540 1274 nicon
569 1219 950 1287 Mailrosense,
966 1227 1024 1276 et
1049 1221 1147 1276 alii
1171 1221 1377 1294 passim
1422 1229 1677 1279 auctores
1705 1225 1964 1282 Historia

371 1309 711 1379 Anglicana,
737 1309 936 1380 quibus
964 1311 1179 1381 praivit
1191 1312 1461 1382 Ingulfus,
1484 1313 1812 1382 Lanfranco,
1829 1316 1964 1370 dum

371 1397 598 1464 viveret,
630 1398 881 1452 amicitia
924 1401 1275 1470 conjunctus,
1325 1407 1390 1455 ut
1426 1402 1664 1473 ipsemet
1716 1405 1774 1458 in
1823 1422 1964 1460 nova

375 1487 498 1557 ejus
520 1487 778 1541 Historia
811 1488 1043 1560 integra
1071 1490 1316 1544 editione
1328 1495 1647 1545 attestatur.
1680 1493 1861 1562 Major
1881 1499 1966 1548 est

371 1574 520 1629 circa
547 1591 796 1630 mensem
826 1577 1144 1632 difﬁcultas.
1176 1580 1321 1632 Nam
1356 1595 1549 1634 omnes
1577 1580 1751 1635 ferme
1779 1598 1966 1637 recen-

2051 884 2078 919 «
2107 866 2286 921 sancti
2329 886 2350 917 ι
2385 865 2549 921 titulo
2575 866 2635 920 in
2665 867 2905 936 vulgatis
2930 867 3345 938 Martyrologiis
3374 867 3648 921 insertum

2048 961 2148 1021 est,
2168 961 2232 1010 ut
2259 955 2319 1009 in
2340 955 2740 1026 Martyrologio
2767 957 3130 1010 Benedictino
3146 956 3376 1011 Arnoldi
3404 956 3645 1022 Wionis,

2047 1051 2105 1100 et
2132 1045 2191 1099 in
2214 1045 2482 1114 Catalogo
2509 1045 2758 1115 generali
2779 1050 3101 1100 sanctorum
3122 1045 3364 1117 Philippi
3381 1045 3645 1100 Ferrarii.

2047 1136 2210 1204 Hugo
2242 1133 2562 1199 Menardus,
2599 1133 2892 1188 Eduardus
2932 1134 3170 1189 Maihew
3212 1139 3270 1189 et
3312 1134 3410 1189 alii
3438 1134 3649 1206 passim

2050 1243 2078 1278 (ι
2100 1223 2326 1278 beatum
2361 1243 2386 1274 »
2419 1223 2705 1294 appellant
2738 1244 2760 1275 ί
2791 1240 3025 1278 summa
3064 1223 3380 1279 sanctitatis
3433 1228 3491 1278 et
3545 1224 3648 1278 do-

2047 1315 2259 1369 ctrina.
2288 1333 2313 1366 ι)
2347 1313 2554 1368 Iisdem
2584 1313 2762 1368 titulis
2792 1319 2959 1367 antea
2983 1313 3224 1368 donatus
3265 1314 3455 1368 fuerat
3473 1329 3506 1366 a
3529 1312 3651 1368 Tri-

2046 1404 2277 1469 themio,
2311 1403 2576 1468 Lelando,
2631 1402 2961 1472 Capgravio,
3001 1402 3148 1472 quod
3191 1401 3527 1472 jamdudum
3555 1418 3650 1456 ve-

2048 1492 2316 1546 tustiores
2337 1493 2638 1564 scriptores
2666 1491 2933 1546 fecerant.
2949 1491 3039 1546 Sic
3059 1491 3265 1562 quippe
3293 1491 3361 1545 de
3391 1507 3455 1545 eo
3475 1489 3652 1562 loqui-

2045 1585 2140 1634 tur
2184 1580 2520 1635 Guillelmus
2542 1580 2906 1635 Pictaviensis
2935 1579 2993 1634 in
3021 1579 3164 1634 libro
3184 1580 3264 1634 De
3289 1579 3465 1650 gestis
3494 1579 3652 1634 Guil-

366 1663 538 1719 tiores
558 1664 806 1719 historici
822 1682 890 1719 ea
906 1667 965 1720 in
980 1684 1169 1722 rease
1195 1669 1433 1724 invicem
1463 1671 1963 1727 dissentiunt.Mat-
2047 1669 2197 1723 lelmi
2235 1669 2392 1723 ducis
2434 1689 2445 1723 :
2479 1688 2501 1719 «
2527 1668 2615 1724 Illi
2645 1669 2901 1722 consulta
2955 1668 3154 1723 anima
3185 1684 3318 1734 sua,
3356 1685 3382 1719 ι)
3419 1667 3644 1722 Guillel-

370 1753 553 1808 thaus
581 1754 1199 1811 Westmonasteriensis
1229 1775 1357 1812 eum
1396 1760 1486 1814 die
1539 1761 1571 1815 9
1617 1762 1742 1816 Kal.
1783 1764 2170 1841 April.Bmus
2203 1758 2334 1824 dux,
2371 1776 2396 1810 ‹‹
2433 1757 2517 1812 illi
2547 1757 2833 1828 speculam
2887 1757 3212 1828 quamdam,
3261 1757 3413 1811 unde
3443 1757 3652 1811 ordini-

373 1841 575 1896 obiisse
614 1849 916 1911 memorat;
944 1845 1242 1901 Matthaus
1295 1848 1575 1903 Parkerus
1604 1850 1695 1904 die
1721 1850 1758 1903 4
1785 1852 1958 1917 Junii,
2047 1847 2152 1901 bus
2181 1846 2571 1902 ecclesiasticis
2591 1863 2692 1918 per
2720 1862 2943 1901 omnem
2965 1846 3373 1900 Normanniam
3400 1847 3651 1900 consule-

369 1930 573 1986 Petrus
605 1931 896 2002 Equilinus
927 1934 957 1987 5
989 1935 1134 1989 Non.
1167 1936 1318 2001 Julii,
1351 1938 1567 1993 Balaus
1589 1939 1618 1994 5
1650 1940 1772 1994 Kal.
1806 1941 1959 2008 Julii,
2047 1942 2152 2002 ret,
2177 1936 2490 2001 commisit;
2523 1935 2706 2007 potuit
2725 1952 2927 2006 nempe
2950 1935 3057 1990 viri
3076 1935 3207 1989 talis
3229 1934 3467 2005 vigilans
3490 1952 3644 2002 cura,

367 2020 649 2074 Arnoldus
679 2021 865 2087 Wion,
901 2023 1062 2093 Hugo
1093 2026 1389 2080 Menardus
1407 2027 1612 2098 aliique
1627 2029 1966 2084 recentiores
2047 2042 2175 2080 cum
2221 2025 2524 2080 maximam
2581 2025 2972 2079 auctoritatem
3027 2023 3314 2095 sapientia
3337 2027 3549 2094 pariter
3585 2041 3682 2079 ac«

369 2108 622 2180 plerique
646 2112 817 2163 tertia
832 2111 922 2164 die
941 2112 1094 2166 Julii.
1122 2113 1220 2168 His
1235 2120 1425 2170 tamen
1447 2117 1704 2172 omnibus
1723 2120 1965 2189 prateri-
2046 2115 2360 2169 sanctitatis
2379 2114 2746 2186 praerogativa
2765 2113 3126 2185 comparavit,
3149 2113 3506 2168 securitatem
3533 2129 3647 2169 non

370 2213 496 2252 mus
523 2198 904 2269 antiquiorum
927 2201 1140 2272 Anglia
1169 2203 1502 2275 scriptorum
1544 2209 1959 2275 auctoritatem,
2047 2220 2272 2275 parvam
2295 2203 2656 2258 sollicitudini
2683 2201 3029 2274 promittere.
3068 2219 3093 2253 ι)
3129 2202 3198 2256 Et
3219 2201 3503 2257 Osbernus
3531 2218 3650 2256 mo-

371 2287 466 2358 qui
496 2287 872 2343 Lanfrancum
902 2307 1094 2345 mense
1122 2293 1268 2346 Maio
1289 2293 1493 2348 obiisse
1521 2313 1634 2350 una
1669 2313 1796 2351 voce
1817 2298 1966 2351 afﬁr—
2047 2293 2259 2346 nachus
2288 2292 2346 2346 in
2368 2292 2604 2363 epistola
2633 2291 2703 2344 ad
2730 2295 2987 2345 sanctum
3007 2290 3334 2344 Anselmum
3365 2309 3378 2344 :
3409 2309 3432 2340 α
3465 2291 3648 2345 Recu-

371 2379 547 2428 mant.
581 2377 655 2429 At
675 2393 786 2446 quo
844 2377 1014 2449 hujus
1062 2381 1270 2436 mensis
1296 2382 1386 2436 die
1430 2383 1484 2437 id
1517 2385 1832 2455 contigerit,
1875 2387 1965 2442 hic
2047 2397 2310 2452 peremus
2339 2380 2396 2434 in
2452 2386 2509 2434 te
2558 2379 2704 2450 quod
2733 2379 2792 2433 in
2833 2383 3057 2432 mortuo
3097 2378 3449 2433 sanctissimo
3479 2379 3647 2433 Patre

371 2467 524 2518 totus
548 2471 635 2518 est
659 2464 1004 2521 difﬁcultatis
1045 2469 1246 2538 nodus,
1271 2487 1459 2541 quem,
1492 2479 1557 2527 ut
1579 2491 1770 2528 verum
1789 2475 1964 2530 fatea-

372 2568 519 2619 mur,
553 2563 720 2608 nemo
747 2555 909 2610 facile
939 2557 1114 2612 solvet
1143 2558 1212 2612 ob
1249 2560 1481 2615 nimiam
1519 2563 1845 2633 opinionum
1877 2565 1963 2618 di-

371 2643 766 2712 screpantiam.
800 2645 889 2700 Sic
918 2647 1123 2718 quippe
1152 2665 1218 2702 ea
1267 2650 1336 2704 de
1390 2667 1451 2704 re
1473 2651 1716 2723 Symeon
1754 2655 1964 2709 Dunel-

370 2732 616 2787 mensis:
656 2756 678 2783 ι
709 2736 872 2790 Anno
927 2736 1071 2793 1089
1125 2739 1265 2794 feria
1296 2757 1345 2806 v,
1402 2757 1456 2795 1x
1480 2741 1603 2796 Kal.
1635 2743 1787 2797 Junii
1827 2744 1964 2798 obiit

371 2821 734 2878 Lanfrancus.
772 2845 796 2877 »
825 2826 978 2879 Idem
1013 2827 1308 2898 ipsissimis
1337 2829 1519 2885 verbis
1571 2839 1832 2888 asserunt
1857 2835 1964 2888 Ro-

367 2912 558 2982 gerius
588 2915 921 2970 Hovedenus
951 2917 1010 2970 in
1066 2923 1225 2989 parte
1271 2921 1446 2990 priori
1482 2923 1805 2988 Annalium,
1841 2925 1963 2978 Flo-

371 3001 588 3056 rentius
615 3003 1026 3074 Wigorniensis
1053 3007 1111 3060 in
1152 3006 1441 3064 Chronico.
1477 3011 1545 3064 Et
1565 3011 1788 3081 quidem
1815 3018 1961 3068 nota

2048 2471 2164 2524 Lan
2174 2471 2362 2524 franco
2378 2469 2780 2541 perdidimus.)
2802 2469 2997 2523 Exstat
3013 2467 3162 2522 inter
3174 2468 3438 2539 epistolas
3467 2467 3646 2522 sancti

2046 2559 2297 2613 Anselmi
2344 2558 2485 2612 libro
2505 2573 2588 2625 Ill,
2619 2575 2776 2612 num.
2796 2556 2848 2624 5,
2879 2557 3048 2612 edita.
3083 2556 3302 2611 Asserit
3328 2557 3647 2612 Willelmus

2049 2647 2565 2703 Malmesburiensis
2592 2647 2690 2702 lib.
2722 2665 2741 2701 ι
2786 2647 2866 2702 De
2925 2647 3285 2718 pontiﬁcibus
3309 2647 3643 2717 Anglorum,

2048 2743 2303 2793 sanctum
2327 2739 2683 2800 Dunstanum
2705 2736 3015 2792 Lanfranco
3029 2753 3249 2807 semper
3260 2735 3648 2807 aﬂ‘uissc,quo—

2043 2827 2151 2881 ties
2173 2828 2241 2882 de
2259 2827 2483 2882 tuendis
2499 2826 2756 2881 Ecclesia
2783 2843 2898 2881 sua
2913 2825 3137 2896 juribus
3166 2829 3446 2896 ageretur,
3491 2825 3640 2896 quod

2049 2916 2222 2970 etiam
2254 2917 2425 2970 refert
2444 2915 2728 2971 Osbernus
2759 2915 2816 2969 in
2845 2915 2976 2968 Vita
3007 2915 3186 2969 sancti
3216 2914 3511 2981 Dunstani,
3554 2931 3643 2969 suo

2044 3005 2250 3075 periori
2272 3005 2471 3059 saculo
2497 3005 2666 3058 edita.
2695 3022 2720 3055 «
2749 3004 2895 3068 Quin
2922 3004 3092 3058 etiam
3125 3023 3151 3054 »
3185 3003 3548 3069 Lanfrancus,
3581 3007 3647 3058 ut

368 3087 489 3144 ista
510 3090 913 3163 chronologicae
963 3095 1172 3165 optime
1199 3097 1351 3160 inter
1395 3115 1455 3152 se
1483 3099 1792 3169 cohaerent;
1836 3093 2192 3163 namCide
2241 3094 2558 3148 Willelmus
2595 3093 2871 3158 observat,
2905 3111 2932 3146 α
2977 3092 3278 3164 quemdam
3329 3109 3537 3163 agrum
3589 3098 3647 3146 et

371 3193 519 3233 anno
538 3178 674 3236 i089
693 3181 809 3236 dies
835 3183 1124 3239 Dominica
1144 3192 1265 3240 erat
1303 3187 1422 3242 dies
1443 3187 1514 3244 20
1534 3190 1656 3256 Mai,
1695 3192 1964 3247 existente

368 3267 559 3322 littera
578 3270 911 3325 Dominicali
933 3273 999 3338 G,
1033 3290 1096 3328 ac
1112 3276 1347 3345 proinde
1377 3277 1515 3332 feria
1544 3297 1594 3345 v,
1629 3297 1869 3351 sequens
1907 3282 1962 3335 in

368 3357 517 3410 diem
547 3357 616 3413 24
641 3359 806 3429 hujus
838 3361 1045 3416 mensis
1077 3363 1375 3430 incidebat,
1397 3384 1563 3437 quam
1594 3368 1684 3422 isti
1708 3376 1964 3425 auctores

370 3446 680 3516 assignant.
713 3449 921 3503 Verum
943 3452 1240 3508 Gervasius
1274 3455 1713 3512 Dorobernensis
1738 3459 1796 3512 in
1825 3460 1964 3514 actis

365 3535 690 3606 pontificum
704 3538 1192 3595 Cantuariensium
1211 3543 1320 3597 alia
1333 3545 1422 3598 die
1437 3545 1731 3601 Lanfranci
1751 3547 1964 3603 obitum

368 3624 622 3695 assignat
641 3626 728 3681 his
760 3627 942 3684 verbis
977 3647 988 3682 :
1027 3650 1052 3682 «
1083 3631 1236 3686 Obiit
1257 3649 1404 3688 anno
1427 3635 1844 3705 patriarchatus
1873 3638 1961 3692 sui

369 3726 480 3779 xxx,
509 3730 542 3764 v
575 3715 698 3769 Kal.
727 3716 898 3783 Junii,
929 3718 1070 3772 feria
1097 3734 1138 3774 II
1166 3727 1292 3792 post
1329 3728 1551 3778 octavas
1582 3724 1956 3792 Pentecostes,

367 3801 508 3856 hora
535 3803 646 3858 diei
674 3805 878 3876 prima.
917 3828 938 3858 ι
965 3808 1332 3864 Consentiunt
1353 3811 1483 3866 Milo
1507 3813 1647 3868 Vita
1677 3816 1961 3885 sequentis

366 3895 580 3958 auctor,
613 3894 854 3950 Joannes
884 3897 1221 3954 Bromtonus
1251 3901 1308 3954 in
1333 3902 1627 3969 Chronico,
1653 3909 1710 3956 et
1735 3904 1960 3958 Tabula

366 3981 611 4037 ecclesia
631 3984 1072 4046 Cantuariensis.
1095 3989 1590 4046 Conveniuntitem
1610 3992 1737 4046 huic
1749 3993 1958 4048 calculo

364 4070 488 4126 alia
514 4077 661 4127 nota
682 4074 1122 4146 Chronologica,
1141 4095 1265 4133 cum
1293 4097 1358 4134 eo
1370 4097 1517 4134 anno
1537 4081 1655 4135 dies
1673 4082 1958 4137 Paschatis

364 4159 624 4216 inciderit
652 4163 709 4217 in
737 4165 883 4219 diem
917 4167 1158 4237 primam
1206 4169 1432 4240 Aprilis,
1486 4186 1550 4222 ac
1588 4170 1712 4224 ideo
1749 4171 1955 4225 festum

2047 3182 2362 3237 cunctantis
2383 3183 2507 3236 vita
2536 3188 2852 3253 pertaesum,
2885 3182 2944 3235 in
2973 3181 3182 3236 visione
3206 3197 3320 3251 qua
3364 3181 3647 3235 videretur

2046 3288 2174 3326 cum
2205 3288 2271 3326 eo
2298 3272 2502 3326 luctam
2525 3271 2769 3336 inivisse,
2804 3271 3014 3342 eripuit
3040 3270 3366 3336 discrimini,
3399 3270 3664 3325 restituit.

2045 3361 2202 3416 bona
2232 3360 2557 3426 valetudini,
2585 3380 2610 3413 »
2637 3361 2785 3432 quod
2815 3360 3160 3415 occasionem
3189 3359 3435 3431 praebere
3465 3359 3642 3430 potuit

2045 3450 2351 3511 nonnullis,
2393 3448 2634 3503 maxime
2692 3449 2901 3512 Wioni,
2953 3450 3328 3504 Lanfrancum
3360 3450 3646 3504 miraculis

2047 3538 2418 3592 clarissimum
2439 3537 2766 3609 pradicare.
2803 3538 3058 3608 Denique
3089 3539 3146 3591 in
3177 3539 3345 3592 variis
3394 3537 3640 3592 auctori-

2047 3629 2170 3693 bus,
2201 3646 2226 3678 ‹‹
2255 3626 2413 3680 bona
2443 3645 2471 3677 ι»
2502 3632 2601 3680 aut
2639 3645 2663 3679 «
2690 3627 2797 3698 pia
2825 3627 3110 3682 memoria
3139 3627 3222 3680 vir
3252 3645 3277 3679 »
3311 3627 3519 3698 passim
3543 3644 3645 3698 ap-

2045 3715 2305 3786 pellatur.
2343 3715 2477 3778 Qua
2509 3731 2644 3770 sane
2675 3715 2863 3770 omnia
2890 3715 3131 3786 probant
3160 3716 3308 3786 quod
3328 3715 3646 3769 Willelmus

2047 3804 2188 3858 libro
2212 3818 2275 3858 ιιι
2298 3804 2378 3858 De
2397 3804 2572 3874 gestis
2601 3805 2816 3874 Regum
2848 3805 3157 3875 Anglorum
3196 3804 3254 3858 in
3292 3804 3470 3858 nostri
3505 3805 3646 3858 Lan-

2042 3892 2218 3946 franci
2242 3893 2510 3946 honorem
2540 3893 2792 3963 protulit,
2825 3909 2954 3947 eum
2987 3893 3194 3964 quippe
3253 3910 3374 3947 esse
3409 3912 3431 3945 ι
3459 3893 3670 3946 virum~

2042 3981 2286 4052 antiquis
2314 3981 2548 4035 scientia
2567 3987 2625 4036 et
2653 3982 2922 4052 religione
2950 3983 3410 4053 comparandum,
3444 3981 3513 4035 de
3531 3998 3641 4052 quo

2041 4071 2188 4124 serio
2202 4070 2308 4123 dici
2327 4074 2510 4140 potest
2541 4087 2554 4123 :
2594 4073 2806 4124 Tertius
2820 4073 2981 4125 θεαιιο
3004 4074 3192 4126 cecidit
3213 4074 3344 4128 Cato
3357 4071 3476 4139 (5*),
3500 4071 3640 4125 adeo

2041 4157 2281 4211 coelestia
2320 4172 2487 4227 sapor
2514 4162 2708 4228 pectus
2733 4159 2856 4228 ejus
2884 4163 2941 4212 et
2994 4159 3245 4230 palatum
3274 4157 3571 4212 infecerat.
3607 4179 3628 4206 ι

360 4247 717 4307 Pentecostes
746 4253 836 4308 die
862 4252 932 4311 20
960 4255 1109 4322 Maii,
1132 4256 1444 4312 celebratus
1495 4258 1684 4326 fuerit,
1722 4260 1841 4328 ejus
1871 4276 1958 4313 oc-
2040 4245 2210 4299 Plura
2223 4245 2292 4298 de
2311 4245 2430 4315 ejus
2456 4244 2714 4300 laudibus
2733 4245 3013 4301 habentur
3031 4247 3092 4301 in
3119 4245 3264 4328 libro
3277 4246 3494 4301 dierum
3513 4245 3634 4300 obi-

361 4342 489 4393 tava
507 4341 598 4395 die
614 4340 684 4398 27
697 4343 949 4413 ejusdem
973 4347 1200 4414 mensis,
1217 4352 1273 4400 et
1295 4347 1528 4418 proinde
1548 4364 1789 4418 sequens
1815 4348 1954 4403 feria
1971 4391 2018 4418 η
2037 4335 2275 4389 tualium
2287 4333 2532 4389 ecclesia
2553 4334 2996 4398 Cantuariensis.
3017 4335 3110 4390 ubi
3131 4335 3512 4406 praescribitur
3523 4351 3634 4406 qua

361 4440 399 4480 ιι
415 4441 538 4499 quae
554 4445 592 4483 a
611 4430 876 4486 δεῖνδείο
899 4434 1237 4504 assignatur,
1257 4435 1377 4489 dies
1398 4442 1520 4491 erat
1536 4437 1668 4491 Maii
1685 4436 1772 4492 '28,
1798 4437 1954 4492 Hanc
1974 4423 2018 4449 υ
2037 4423 2390 4477 solemnitate
2402 4423 2976 4494 ejusanniversarium
2991 4423 3194 4478 debeat
3207 4423 3628 4485 celebrari.Adi,

361 4518 699 4572 sententiam
727 4522 1016 4591 amplexus
1062 4529 1146 4577 est
1192 4525 1434 4579 Joannes
1478 4526 1819 4596 Capgravius
1858 4527 1953 4598 qui

2047 4512 2081 4566 si
2110 4513 2209 4580 vis,
2258 4512 2472 4582 Anglia
2525 4528 2696 4567 sacra
2740 4517 2878 4567 tom.
2909 4514 2952 4580 Ι,
2987 4513 3081 4567 ubi
3110 4512 3350 4567 habetur
3377 4529 3504 4584 pag.
3541 4513 3627 4568 55.

359 4611 682 4662 sanctorum
720 4611 934 4680 Anglia;
973 4612 1130 4666 Vitas
1167 4614 1514 4684 conscripsit,
1559 4631 1623 4668 ac
1660 4621 1786 4685 post
1823 4632 1950 4670 eum
2035 4601 2287 4672 Denique
2307 4602 2496 4655 nullus
2515 4601 2690 4655 ferme
2709 4600 3074 4656 historiarum
3101 4601 3341 4672 scriptor
3368 4601 3636 4656 Lanfran-

362 4696 654 4751 Eduardus
685 4699 919 4754 Maihew
950 4700 1008 4754 in
1029 4701 1315 4772 Trophais
1345 4703 1948 4773 Anglo-Benedictinis.

2047 4705 2161 4742 :um
2189 4690 2380 4744 multis
2409 4689 2668 4744 laudibus
2684 4707 2795 4745 non
2826 4690 3135 4745 exornavit.
3167 4691 3276 4745 Sed
3296 4692 3417 4762 jam
3455 4691 3635 4763 profe-

360 4785 462 4840 Cui
483 4787 695 4843 calculo
710 4805 812 4844 nos
831 4806 1052 4862 quoque
1067 4791 1494 4857 adharebimus,
1517 4792 1692 4846 donec
1712 4793 1952 4848 certiora
2035 4778 2212 4831 renda
2237 4784 2322 4832 θεῖ
2350 4779 2470 4849 eius
2490 4779 2637 4842 νίίθς
2671 4796 2839 4850 quam
2869 4779 2938 4834 ab
2968 4780 3208 4834 Aeherio
3229 4786 3422 4834 Ποείνο
3452 4797 3515 4834 ex
3536 4796 3633 4834 σθ’

360 4891 461 4946 pro
491 4876 665 4948 priori
685 4878 1356 4951 uﬂ'eranturargumenta.
1398 4881 1483 4934 Ad
1514 4881 1568 4934 id
1600 4898 1701 4936 nos
1724 4882 1951 4953 potissi-

359 4980 515 5020 mum
541 4973 727 5022 movet
741 4969 887 5040 quod
901 4971 1070 5041 hujus
1087 4971 1412 5044 posterioris
1437 4972 1728 5027 sententia
1756 4978 1948 5028 aucto-

429 5107 526 5180 (5‘)
553 5110 749 5168 Jovem.
773 5113 892 5170 Sal.
914 5112 970 5182 2,
1001 5112 1090 5171 40.

2033 4866 2155 4921 dice
2187 4867 2468 4933 Beccensi,
2504 4867 2696 4922 multis
2717 4868 2924 4939 passim
2947 4868 3358 4940 pratermissis,
3394 4869 3622 4934 editam,

2033 4955 2343 5026 integritati
2371 4973 2485 5012 sua
2513 4956 2877 5012 restituimus.
