4048 6176
357 315 428 369 ‘29

3557 317 3626 378 30

2878 502 2896 516 ο
2960 495 2978 509 ο

2085 541 2196 552 ~-“‘
2373 526 2454 556 ..αθ
2491 514 2614 556 ..⁸2
2658 513 2677 556 ζ
2714 506 2808 556 ...ορ
2837 518 2866 556 ..
2903 516 2933 556 ,ο
2962 527 2980 546 ⁸

1849 542 3009 582 -..φη-*ψ”η
2435 542 2563 556 ’⁷⁷
2965 542 2979 546 V

2116 585 2130 591 -
2599 573 2730 599 ⁸⁵⁸.
2792 582 2855 599 ο.
2918 576 2983 599 ⁵-

1473 681 1513 740 ι
1563 617 1947 758 mani
1987 624 2618 758 PRCLOGII‘S...’
2662 633 2681 648 ’

1126 889 1204 949 ΙΝ
1255 888 1498 950 VITAM
1542 886 1806 950 MAGNI
1852 887 1952 948 ET
1998 888 2361 949 GLORIOSI
2405 889 2854 950 LANFltANCl

1452 1064 1996 1111 CANTUARIBNSIUH
2039 1064 2525 1110 ARCHIEPISCOPI.

421 1284 698 1349 Quoniam
737 1303 773 1340 a
815 1286 1071 1358 pluribus
1117 1288 1389 1360 quaeritur
1435 1287 1564 1343 Vita
1608 1287 2300 1349 venerabilisAhonorem
2322 1288 2423 1344 Dei
2441 1293 2498 1344 et
2517 1288 2826 1344 utilitatem
2849 1287 3186 1360 legentium;
3223 1294 3393 1358 atque
3430 1291 3494 1340 ut
3524 1302 3626 1339 no-

350 1375 646 1428 Lanfranci
687 1374 1130 1431 Dorobernensis
1184 1377 1612 1449 archiprzesulis,
1661 1395 1764 1432 nec
1791 1378 1950 1432 inve-

350 1464 521 1530 nitur,
554 1464 703 1518 volui
754 1465 823 1519 de
869 1481 935 1518 eo
986 1466 1197 1537 aliquid
1241 1466 1486 1521 scribere
1527 1483 1630 1539 pro
1669 1467 1946 1521 tenuitate

350 1553 560 1623 ingenii
589 1553 721 1618 mei,
762 1571 833 1607 ne
863 1555 1093 1608 omnino
1115 1556 1259 1610 tanti
1289 1555 1393 1610 viri
1423 1556 1693 1610 memoria
1723 1556 1946 1610 silentio

347 1641 620 1696 deleatur.
646 1643 798 1713 Opus
818 1642 1116 1714 siquidem,
1150 1649 1214 1698 ut
1233 1645 1371 1698 mihi
1400 1644 1638 1711 videtur,
1673 1646 1948 1700 hactenus

350 1731 771 1799 intermissum;
806 1749 968 1786 rarus
998 1733 1204 1805 quippe
1233 1734 1301 1787 de
1331 1751 1395 1788 eo
1419 1733 1629 1805 aliquid
1660 1734 1948 1806 scripsisse

350 1819 652 1890 reperitur.
679 1819 920 1890 Propter
948 1821 1098 1890 quod
1127 1821 1186 1874 in
1216 1821 1344 1876 Vita
1377 1821 1524 1876 beati
1551 1823 1735 1876 Patris
1767 1823 1949 1877 nostri

352 1907 606 1962 Herluini
629 1909 685 1975 ρ)
711 1907 1044 1963 venerabilis
1073 1909 1566 1965 Westmonasterii
1587 1909 1758 1965 abbas
1775 1910 1952 1966 Gisle—

352 1997 564 2059 bertus,
600 1998 762 2068 quasi
804 2014 870 2050 ex
935 1998 1225 2052 occasione
1280 1999 1524 2053 inseruit
1566 2006 1839 2070 quantum
1878 2001 1949 2054 ad

351 2086 646 2141 historiam
667 2087 948 2158 pertinere
962 2086 1139 2141 visum
1155 2087 1280 2153 fuit;
1306 2105 1428 2159 quae
1448 2088 1647 2142 exinde
1661 2094 1945 2155 mutuans,

351 2180 408 2230 et
428 2175 487 2229 in
517 2163 1066 2230 hanc’narrationem
1086 2176 1450 2244 transferens,
1481 2177 1660 2248 adjeci
1691 2176 1950 2249 quaelibet

353 2265 604 2319 invenire
622 2265 796 2335 potui,
819 2264 933 2319 sive
957 2282 1078 2336 quae
1093 2282 1128 2319 a
1148 2265 1557 2320 venerabilibus
1577 2283 1640 2321 ac
1662 2266 1950 2321 veracibus

350 2354 486 2408 viris
503 2353 707 2407 audivi.
725 2355 844 2408 Hoc
871 2363 1060 2408 autem
1081 2355 1205 2409 ideo
1228 2355 1409 2410 facere
1429 2341 1644 2423 studui,
1665 2362 1729 2410 ut
1752 2358 1951 2427 (quan-

350 2449 475 2497 tum
523 2443 581 2497 in
611 2459 701 2497 me
730 2442 860 2511 fuit)
891 2459 1004 2498 non
1041 2443 1245 2499 lateret
1274 2443 1369 2516 qui
1399 2444 1524 2498 aliis
1555 2446 1956 2517 proponendus

349 2532 422 2585 ad
461 2531 800 2586 imitandum
837 2531 1001 2599 foret,
1046 2532 1143 2586 sed
1181 2538 1350 2587 notus
1389 2533 1649 2588 omnibus
1688 2535 1850 2588 fieret
1886 2533 1956 2588 ad

1297 2711 1659 2787 INCIPIT
1713 2712 1966 2788 VITA.

866 2918 1099 2974 CAPUT
1126 2917 1433 2973 PRIMUM.

428 3011 476 3062 1.
505 3008 637 3062 Fuit
665 3007 895 3080 quidam
916 3008 1000 3062 vir
1021 3024 1276 3079 magnus,
1308 3006 1472 3062 Italia
1501 3012 1660 3061 ortus
1695 3006 1952 3078 i’),quem

353 3097 630 3152 Latinitas
659 3098 716 3152 in
743 3097 1037 3168 antiquum
1072 3097 1318 3152 scientia:
1355 3102 1566 3151 statum
1596 3096 1666 3150 ab
1695 3113 1759 3151 eo
1785 3097 1951 3151 resti-

351 3191 481 3241 tuta
506 3193 647 3252 tota,
684 3203 1010 3258 supremum
1041 3186 1230 3241 debito
1267 3203 1396 3240 cum
1427 3202 1618 3240 amore
1649 3191 1706 3240 et
1741 3186 1952 3240 honore

352 3277 608 3346 agnoscit
635 3276 992 3347 magistrum,
1016 3276 1243 3330 nomine
1262 3275 1630 3330 Lanfrancus.
1667 3277 1793 3346 Ipsa
1821 3291 1952 3346 quo-

352 3382 462 3436 que
477 3365 535 3418 in
555 3365 937 3420 liberabilibus
948 3365 1148 3420 studiis
1163 3365 1429 3435 magistra
1447 3364 1704 3435 gentium
1721 3363 1954 3429 Griecia,

349 3453 660 3526 discipulos
696 3453 846 3508 illius
878 3455 1121 3508 libenter
1162 3453 1429 3509 audiebat
1453 3459 1511 3508 et
1547 3453 1952 3508 admirabatur.

350 3544 456 3598 Hic
483 3544 658 3614 Papia
681 3543 904 3598 civitate
931 3543 1202 3598 oriundus
1230 3543 1337 3598 fuit
1367 3542 1452 3613 (3).
1488 3543 1756 3598 Parentes
1786 3543 1956 3607 illius,

351 3633 603 3704 ejusdem
635 3632 792 3687 urbis
816 3633 980 3694 cives.
1017 3639 1076 3697 2
1110 3631 1302 3703 magni
1333 3637 1390 3686 et
1421 3631 1775 3687 honorabiles
1796 3633 1963 3686 habe-

351 3722 560 3777 bantur
588 3722 736 3776 inter
766 3738 896 3776 suos
934 3721 1204 3776 concives.
1240 3723 1407 3788 Nam,
1453 3726 1518 3776 ut
1561 3723 1762 3788 fertur,
1794 3727 1956 3793 pater

351 3813 475 3882 ejus
512 3811 583 3866 de
619 3811 817 3866 ordine
854 3811 1081 3866 illorum
1121 3811 1218 3882 qui
1252 3811 1384 3882 jura
1421 3815 1478 3866 et
1526 3811 1680 3882 leges
1715 3810 1955 3865 civitatis

351 3900 716 3955 asservabant
741 3900 848 3954 fuit
887 3900 978 3969 (6).
1011 3900 1376 3966 Lanfrancus,
1409 3900 1469 3955 in
1499 3900 1764 3972 primaeva
1788 3904 1954 3954 aetate

353 3995 514 4061 patre
565 3988 816 4054 orbatus,
871 4005 1000 4044 cum
1029 3989 1080 4043 ei
1109 3990 1168 4044 in
1210 3990 1484 4044 honorem
1531 3995 1589 4044 et
1621 3989 1955 4059 dignitatem

352 4079 653 4133 succedere
683 4077 929 4144 deberet,
964 4077 1160 4133 relicta
1197 4077 1442 4143 civitate,
1473 4093 1666 4132 amore
1705 4077 1956 4132 discendi

355 4168 429 4221 ad
456 4167 644 4221 studia
668 4167 988 4221 litterarum
1016 4167 1292 4238 perrexit;
1326 4166 1422 4221 ubi
1443 4166 1688 4239 plurimo
1705 4171 1959 4239 tempore

2029 1378 2229 1444 verint,
2265 1378 2360 1449 qui
2397 1377 2539 1432 scire
2568 1377 2782 1442 volunt,
2813 1377 2939 1448 quis
2967 1377 3050 1431 vel
3071 1377 3220 1432 unde
3246 1375 3432 1440 fuerit,
3459 1389 3628 1445 quam

2030 1467 2248 1522 vivendi
2291 1467 2703 1521 institutionem
2748 1466 3027 1532 habuerit,
3063 1465 3340 1538 quomodo
3385 1464 3456 1518 ad
3497 1462 3629 1517 reli-

2027 1556 2274 1627 gionem,
2311 1573 2376 1610 ac
2403 1557 2605 1610 deinde
2633 1556 2703 1610 ad
2725 1555 3030 1617 abbatiam,
3055 1561 3112 1609 et
3139 1560 3333 1626 postea
3352 1553 3422 1608 ad
3452 1551 3632 1606 archi-

2031 1647 2410 1718 episcopatum
2437 1645 2667 1711 venerit,
2695 1661 2794 1699 seu
2823 1645 3065 1716 qualiter
3084 1645 3154 1698 de
3173 1645 3276 1698 hac
3290 1644 3412 1698 luce
3427 1642 3633 1712 migra-

2029 1735 2194 1790 verit.
2245 1735 2310 1789 Et
2340 1734 2410 1788 de
2463 1733 2552 1788 his
2589 1733 2817 1804 quidem
2856 1750 2968 1787 non
3006 1733 3196 1786 omnia
3233 1749 3356 1803 qua:
3395 1730 3632 1785 dicenda

2031 1823 2214 1878 forent
2252 1823 2447 1877 audire
2476 1822 2652 1894 potui.
2685 1824 2800 1876 Nec
2821 1823 3118 1893 quisquam
3149 1821 3286 1874 mihi
3306 1835 3633 1874 succensere

2032 1912 2197 1967 debet
2222 1913 2371 1984 quod
2407 1912 2704 1983 imperitus
2742 1927 3001 1966 sermone
3044 1916 3101 1964 et
3129 1909 3361 1964 scientia
3390 1908 3628 1980 aggredi

2033 2002 2330 2056 materiam
2382 2007 2499 2055 tam
2548 2001 2776 2071 dignam
2810 2017 2982 2055 ausus
3029 1999 3252 2064 fuerim,
3286 1998 3418 2070 quia
3448 1997 3635 2068 potius

2029 2090 2161 2145 duxi
2186 2091 2577 2162 quoquomodo
2608 2090 2850 2144 dicerem
2882 2105 3049 2160 quam
3065 2086 3447 2151 nullus.Quod
3467 2085 3514 2140 si
3543 2085 3635 2141 cui

2031 2179 2315 2235 rusticitas
2364 2179 2495 2250 styli
2542 2184 2598 2232 et
2635 2178 2879 2232 incultus
2923 2193 3108 2232 sermo
3157 2175 3523 2248 displicuerit,
3573 2180 3630 2228 et

2032 2270 2284 2325 ornatius
2313 2269 2512 2322 eadem
2549 2267 2732 2321 dicere
2772 2267 3026 2333 voluerit,
3043 2282 3342 2338 precorne,
3364 2264 3635 2318 mutando

2036 2358 2222 2424 verba,
2239 2357 2400 2411 tollat
2421 2356 2501 2410 rei
2528 2362 2701 2428 gestae
2731 2356 3092 2424 sententiam,
3127 2355 3235 2410 nisi
3256 2355 3400 2410 forte
3421 2353 3633 2425 aliquid

2037 2448 2220 2503 inesse
2251 2445 2528 2518 repererit
2555 2445 2835 2500 falsitatis.

2034 2716 2116 2788 B.
2181 2712 2697 2788 LAFRANCI.

1968 2921 2014 2980 B
2035 2921 2094 2975 in
2123 2917 2528 2973 Normanniam
2549 2915 2819 2991 pervenit.
2841 2921 2898 2970 et
2916 2915 2976 2970 in
2997 2914 3386 2970 Abrincatensi
3404 2918 3641 2982 (Avran-

2033 3007 2168 3077 chcs)
2199 3007 2420 3062 civitate
2443 3007 2787 3070 demoratus,
2806 3021 2906 3076 per
2923 3003 3150 3074 aliquod
3173 3008 3396 3074 tempus
3415 3003 3630 3063 docuit.

2034 3097 2407 3152 Considerans
2453 3113 2584 3151 vero
2641 3092 3048 3149 scientissimus
3074 3092 3158 3145 vir
3212 3092 3361 3162 quod
3410 3098 3640 3163 captare

2037 3185 2358 3240 mortalium
2388 3202 2586 3240 auram
2615 3185 2834 3239 vanitas
2863 3187 2967 3248 est,
3003 3186 3061 3236 et
3099 3181 3235 3253 quia
3271 3182 3343 3235 ad
3371 3199 3485 3236 non
3514 3199 3636 3238 esse

2035 3274 2279 3329 tendunt
2307 3275 2512 3340 omnia,
2549 3280 2753 3346 praeter
2781 3289 2910 3326 eum
2941 3271 3036 3342 qui
3078 3270 3210 3324 fecit
3253 3270 3512 3326 universa
3543 3274 3640 3344 qui

2038 3381 2262 3436 semper
2289 3369 2393 3430 est,
2420 3369 2477 3419 et
2504 3363 2599 3434 qui
2625 3363 2675 3417 ei
2704 3361 3023 3425 intendunt,
3043 3360 3114 3414 ad
3129 3360 3497 3416 obtinendum
3521 3363 3642 3432 ejus

2039 3469 2290 3508 amorem
2313 3453 2566 3507 animum
2604 3451 2878 3507 convertit
2907 3455 2965 3505 et
2983 3450 3259 3504 studium.
3288 3450 3449 3514 Quod
3469 3450 3646 3522 igitur

2040 3543 2100 3596 in
2147 3542 2351 3597 litteris
2383 3542 2680 3613 perfectius
2729 3541 2945 3595 invenit
2982 3539 3180 3594 salutis
3219 3539 3538 3606 consilium,
3586 3546 3644 3595 et

2043 3632 2301 3704 placendi
2330 3633 2464 3696 Deo,
2499 3631 2750 3702 arripere
2780 3629 2998 3696 statuit,
3032 3634 3097 3683 ut
3123 3629 3331 3683 relictis
3357 3629 3638 3695 omnibus,

2036 3721 2292 3775 abdicato
2321 3721 2490 3775 etiam
2517 3721 2604 3775 sui
2634 3720 2812 3791 ipsius
2829 3721 2980 3790 jure,
3007 3718 3165 3773 illum
3190 3723 3522 3789 sequeretur
3546 3718 3645 3790 qui

2036 3810 2178 3864 dixit
2198 3829 2215 3865 :
2235 3811 2432 3879 Siquis
2448 3814 2567 3864 vult
2583 3815 2698 3878 post
2711 3826 2794 3863 me
2805 3811 3014 3874 venire,
3031 3810 3253 3875 abneget
3270 3810 3641 3878 semetipsum,

2036 3904 2086 3954 et
2101 3901 2259 3952 tollat
2285 3913 2498 3952 crucem
2521 3913 2702 3964 suam,
2727 3903 2775 3952 et
2793 3902 3058 3967 sequatur
3075 3913 3160 3950 me
3177 3895 3637 3969 (Mallh.xv1,24).

2037 3987 2108 4042 Et
2148 3985 2282 4058 quia
2310 3991 2520 4056 quanto
2565 4002 2804 4058 magnus
2840 3985 3044 4052 fuerat,
3073 3990 3232 4040 tanto
3261 3984 3493 4057 optabat
3521 3985 3643 4041 ﬁeri

2036 4074 2324 4140 humilior,
2345 4074 2530 4130 locum
2553 4075 2710 4130 adire
2722 4073 2949 4130 nolebat
2971 4074 3065 4130 ubi
3081 4074 3315 4130 litterati
3333 4073 3642 4147 [versaren-

2041 4170 2153 4220 tur.
2163 4163 2430 4234 ED.PAT.]
2440 4164 2558 4235 ,qui
2576 4181 2707 4219 eum
2721 4164 2922 4219 honori
2934 4181 2998 4219 ac
3011 4163 3338 4219 reverentiae
3350 4164 3642 4222 haberent.

354 4257 698 4321 demoratus,
718 4255 871 4310 omni
889 4255 1124 4310 scientia
1143 4255 1400 4311 saeculari
1424 4256 1667 4327 perfecte
1684 4255 1952 4323 imbutus,
1975 4243 2019 4304 Ο
2109 4253 2162 4310 2.
2180 4254 2405 4308 Interea
2425 4269 2553 4308 cum
2573 4253 2657 4308 ire
2678 4253 2844 4309 vellet
2853 4254 3287 4324 Rothomagum,
3316 4253 3426 4308 iter
3442 4252 3646 4324 agebat

356 4346 542 4401 rediit.
567 4345 782 4400 Deinde
803 4345 989 4416 patria
1000 4361 1278 4416 egressus,
1300 4351 1357 4400 et
1367 4345 1536 4417 Alpes
1551 4350 1956 4416 transgressus,

356 4434 416 4488 in
454 4433 667 4488 Gallias
695 4433 850 4488 venit
876 4437 1128 4506 tempore
1159 4434 1385 4490 Henrici
1413 4434 1562 4506 regis
1591 4435 1957 4502 Francorum,

357 4530 416 4577 et
448 4522 680 4593 gloriosi
707 4522 864 4577 ducis
891 4525 1349 4580 Normannorum
1379 4524 1686 4591 Guillelmi,
1718 4524 1813 4595 qui
1841 4527 1958 4579 An-

355 4613 530 4683 gliam
561 4611 665 4666 sibi
693 4611 867 4667 armis
885 4613 1126 4685 subegit.
1146 4613 1220 4668 Et
1241 4613 1627 4685 pertransiens
1641 4613 1956 4680 Franciam,

359 4699 724 4773 quamplures
753 4701 944 4772 magni
961 4701 1206 4757 nominis
1217 4702 1500 4757 scholares
1517 4718 1707 4757 secum
1726 4701 1957 4768 habens,

437 4841 512 4912 (6)
539 4842 816 4899 Robertus
841 4843 910 4899 de
935 4843 1122 4899 Monte
1146 4843 1205 4898 in
1236 4844 1512 4899 Chronico
1533 4860 1638 4899 ms.
1661 4845 1778 4900 haec
1793 4843 1962 4898 habet

360 4914 435 4968 ad
475 4930 694 4969 annum
720 4913 864 4972 1042
903 4932 916 4968 :
955 4917 1305 4983 Lanfrancus
1341 4917 1404 4971 de
1432 4921 1750 4970 senatorum
1782 4918 1962 4985 Papia

361 4987 541 5040 nobili
567 5003 758 5054 genere
784 4993 967 5049 natus,
1003 4989 1066 5040 in
1086 4993 1281 5056 septem
1309 4989 1634 5042 liberalibus
1649 4988 1962 5056 disciplinis

360 5059 704 5112 mirabiliter
729 5061 1000 5112 eruditus.

440 5129 509 5195 (7)
544 5129 695 5202 Risla
714 5128 1315 5202 Normanniieﬂuvius,
1334 5129 1444 5202 qui
1473 5145 1646 5202 prope
1669 5129 1722 5184 S.
1749 5128 1962 5185 Ebrulfi

359 5201 770 5272 monasterium
799 5206 985 5272 ortum
1005 5199 1191 5254 habet.
1223 5199 1385 5256 Unde
1412 5199 1688 5272 conjicere
1706 5207 1793 5272 est
1815 5202 1962 5256 Lan-

360 5271 619 5326 francum
649 5289 684 5326 a
706 5271 1014 5328 latronibus
1041 5272 1342 5328 snoliatum
1370 5271 1542 5327 fuisse
1569 5271 1629 5326 in
1660 5271 1808 5326 Silva
1837 5272 1962 5328 Uti-

360 5343 538 5406 censi,
569 5343 736 5414 vulgo
778 5346 832 5398 ια
878 5343 1312 5415 foréld'Ouchc,
1355 5359 1477 5413 qua:
1536 5343 1800 5415 praedicto
1849 5360 1964 5398 nio-

358 5412 796 5485 nasteriorUtici
841 5412 1044 5468 nomen
1073 5414 1246 5479 dedit,
1285 5412 1396 5485 qua
1437 5412 1843 5470 transeundum
1877 5419 1964 5470 est

359 5501 432 5538 eu
441 5485 548 5556 n_do
572 5484 828 5540 Abrincis
848 5485 1279 5556 Rothomagum.

441 5554 513 5629 (8)
557 5556 731 5612 Paulo
782 5556 955 5629 aliter_
974 5573 1093 5629 rem
1123 5554 1320 5629 narrat
1344 5557 1801 5629 chronographus
1831 5559 1960 5614 Bec-

354 5628 545 5686 censis
564 5629 634 5685 ad
655 5645 870 5686 annum
894 5627 1055 5697 1041,
1082 5628 1175 5686 ubi
1195 5629 1368 5687 refert
1386 5627 1631 5688 latrones
1651 5627 1960 5688 Lanfranco

2040 4341 2314 4398 inclinata
2321 4343 2443 4413 jam
2457 4342 2548 4397 die
2564 4359 2666 4414 per
2685 4342 2882 4398 silvam
2900 4342 3050 4397 ultra
3065 4342 3296 4398 ﬂuvium
3313 4340 3639 4414 Rislam(7);

2041 4430 2238 4486 incidit
2267 4430 2329 4500 (4)
2355 4431 2416 4486 in
2447 4431 2694 4487 latrones
2724 4432 2819 4500 (8),
2857 4432 2973 4502 qui,
3017 4437 3219 4488 cuncta
3254 4448 3377 4504 quae
3405 4430 3648 4487 habebat

2042 4521 2316 4583 tollentes,
2355 4520 2544 4591 ligatis
2561 4537 2597 4574 a
2618 4526 2778 4592 tergo
2803 4520 3084 4592 manibus,
3116 4527 3172 4576 et
3199 4522 3424 4593 caputio
3453 4538 3644 4594 cappa:

2043 4613 2174 4664 ante
2211 4609 2402 4664 oculos
2439 4611 2687 4677 admoto,
2730 4610 3090 4666 abduxerunt
3131 4611 3293 4666 illum
3341 4611 3410 4666 de
3446 4611 3557 4676 via,
3588 4616 3647 4666 et

2043 4700 2194 4756 inter
2239 4700 2522 4755 condensa
2555 4701 2733 4757 saltus
2773 4700 2984 4756 fruteta
3031 4700 3384 4756 dimiserunt.
3419 4699 3646 4757 Talibus

2044 4841 2236 4916 omnia
2257 4847 2482 4916 praeter
2529 4847 2775 4898 veterem
2817 4843 3167 4916 chlamydem
3208 4842 3526 4899 abstulisse.
3567 4845 3648 4916 Ac

2043 4914 2162 4996 ipse
2187 4913 2377 4996 volens
2406 4913 2485 4968 eis
2527 4919 2584 4968 et
2631 4913 3338 4998 chlamydem'dimittere,
3391 4915 3645 4987 exemplo

2044 4984 2318 5040 Libertini
2350 4985 2420 5040 de
2451 5001 2560 5042 auo
2590 4985 2894 5042 Gregorius
2923 4988 3158 5042 Magnus
3187 4986 3280 5041 lib.
3333 5002 3352 5042 i
3397 4987 3640 5042 Dialoz..

2046 5003 2420 5067 Lioeriinice
2451 5003 2560 5067 quo
2590 5003 2894 5058 uregorius
2923 5003 3158 5059 magnus
3188 5003 3280 5041 no.
3333 5003 3352 5042 ι
3399 5003 3640 5060 Uiaiog.,

2046 5075 2094 5111 c.
2117 5056 2267 5130 2,_ut
2293 5055 2418 5130 sibi,
2449 5062 2595 5112 sicut
2632 5059 2916 5114 Libertina
2953 5059 3283 5130 contigerat,
3321 5059 3513 5114 omnia
3540 5059 3644 5114 mi-

2044 5128 2234 5202 raculo
2256 5129 2708 5202 restituerentur,
2741 5147 2870 5186 cum
2894 5135 3047 5186 recta
3081 5128 3195 5186 non
3223 5137 3372 5187 esset
3395 5133 3516 5202 ejus
3553 5130 3646 5185 in-

2045 5199 2244 5274 tentio,
2292 5201 2638 5274 contrarium
2682 5203 2893 5274 evenit;
2938 5199 3437 5274 latronesrquippe'
3456 5202 3643 5272 ipsum

2048 5271 2286 5345 nudum‘
2308 5271 2499 5345 arbori
2544 5273 2644 5328 uni
2694 5273 3014 5345 alligarunt,
3051 5279 3108 5328 et
3135 5271 3446 5345 schblarem
3474 5271 3642 5345 suum

2045 5342 2227 5415 alteri.
2265 5341 2354 5397 Sic
2382 5343 2611 5415 relictus
2635 5345 2751 5399 Deo
2779 5341 3039 5415 promisit
3052 5361 3112 5399 se
3140 5343 3329 5398 omnia
3355 5343 3645 5398 mundana

2045 5413 2430 5481 dimissurum,
2472 5414 2520 5468 si
2557 5413 2699 5468 liber
2753 5413 3031 5482 evaderet,
3063 5415 3365 5485 statimque
3406 5415 3642 5470 vinculis

2042 5486 2164 5556 ejus
2196 5485 2462 5541 divinitus
2475 5485 2693 5552 solutis,
2716 5487 2964 5542 sodalem
2987 5502 3151 5543 suum
3172 5485 3354 5554 solvit,
3371 5492 3428 5542 et
3448 5492 3641 5543 votum

2043 5573 2208 5613 suum
2237 5558 2387 5635 apud
2408 5559 2646 5617 Beccum
2671 5559 2928 5634 explevit.
