4008 6186
353 299 413 356 31
1284 294 1326 338 .:
1350 292 1412 344 Β.
1443 277 2296 360 ἸᾎΑΝΡἨᾹΝΟΓΌΑΝῨΗΑᾟῘ-
2313 293 2648 348 ARCHIEP.
3561 291 3628 350 3-2

348 424 624 493 angustiis
655 425 1112 497 comprehensus,
1141 417 1363 473 nescius
1379 415 1511 487 quid
1541 421 1753 486 ageret,
1777 433 1942 471 suum
1961 405 2265 483 AQuando
2297 420 2528 474 attendo
2564 417 2767 471 laicum
2797 415 2990 480 istum,
3024 416 3210 470 nescio
3241 416 3374 487 quid
3420 416 3623 483 dicam,

347 506 1421 568 infortuniumlamentaba‘tnirlTandem
1438 511 1711 562 nocta'mo
1727 505 1966 568 silentio
2003 542 2006 550 ε
2033 508 2140 564 nisi
2156 509 2287 580 quia
2303 509 2544 580 Spiritus
2565 505 2662 561 ubi
2689 505 2810 559 vult
2824 504 3002 576 spirat
3029 506 3208 569 (Joan.
3235 520 3314 571 Ill,
3341 508 3416 576 8).
3442 505 3639 562 Abbess

347 599 404 654 in
434 618 494 655 se
524 619 799 667 reversus,
833 597 1293 654 volui't'Domino‘
1317 595 1532 648 laudes;
1549 591 1765 652 debitas
1779 601 1951 664 «pe?-

348 689 580 755 solvere,
615 696 672 745 et
691 707 801 744 non
824 687 1024 760 potuit,
1059 686 1192 757 quia
1213 685 1282 738 ad
1311 685 1416 738 hoc
1444 688 1613 737 antea
1643 699 1754 737 non
1785 699 1947 736 vaca-

259 798 271 807 ο
349 783 524 832 verat.
551 779 617 832 Et
637 794 935 832 conversus
967 776 1036 829 ad
1067 773 1369 829 Dominum
1407 790 1416 824 :
1451 791 1476 823 α
1508 772 1744 826 Domine
1776 772 1944 837 Deus,

349 866 446 932 ait,
481 872 701 920 tantum
729 872 952 937 tempus
987 865 1044 918 in
1074 862 1338 917 discendo
1365 861 1621 932 expendi,
1660 867 1716 915 et
1744 878 1946 932 corpus

352 959 410 1009 et
447 955 700 1008 animum
737 955 794 1008 in
824 953 1025 1008 studiis
1072 952 1390 1006 litterarum
1419 951 1634 1017 attrivi;
1682 956 1739 1004 et
1765 952 1947 1005 adhuc

352 1043 630 1113 quomodo
655 1049 712 1097 te
740 1043 974 1097 debeam
1004 1058 1184 1105 orare,
1214 1045 1383 1111 atque
1411 1039 1594 1094 laudis
1624 1040 1810 1094 ofﬁcia
1843 1040 1944 1093 tibi

349 1132 663 1203 persolvere
693 1149 807 1187 non
845 1131 1033 1186 didici.
1075 1129 1277 1184 Libera
1321 1146 1410 1183 me
1448 1129 1516 1184 de
1565 1129 1667 1184 hac
1708 1129 1946 1184 tribula-

349 1220 536 1287 tione;
570 1227 628 1275 et
647 1238 770 1292 ego,
804 1226 859 1275 te
890 1219 1214 1283 auxiliante,
1248 1219 1327 1274 sic
1354 1218 1524 1271 vitam
1556 1235 1737 1272 meam
1783 1219 1952 1272 corri-

349 1325 502 1379 gere,
535 1315 593 1363 et
623 1310 917 1364 instituere
943 1309 1169 1374 curabo,
1201 1313 1266 1363 ut
1300 1307 1402 1361 tibi
1424 1308 1632 1362 servire
1656 1308 1866 1362 valeam
1895 1314 1952 1362 et

351 1398 542 1451 sciam.
578 1417 602 1450 »
625 1399 900 1469 Surgente
923 1415 1144 1463 aurora,
1171 1397 1228 1452 in
1253 1397 1373 1468 ipso
1393 1397 1718 1468 crepusculo
1739 1398 1951 1452 audivit

355 1485 598 1539 viatores
627 1486 736 1540 iter
768 1492 1082 1558 carpentes,
1108 1492 1164 1540 et
1191 1486 1358 1556 cmpit
1389 1485 1739 1539 vociferando
1771 1485 1839 1539 ab
1871 1486 1951 1540 eis

351 1573 618 1628 auxilium
671 1580 880 1645 petere.
939 1576 1024 1629 Illi
1071 1575 1364 1629 audientes
1421 1575 1602 1644 primo
1647 1590 1947 1646 expavere;

348 1662 552 1718 dehinc
578 1680 768 1718 vocem
807 1664 1051 1718 hominis
1079 1665 1451 1727 advertentes,
1479 1664 1547 1717 ad
1572 1681 1772 1718 sonum
1803 1665 1952 1718 vocis

349 1767 666 1821 perrexere,
688 1758 745 1806 et
766 1753 890 1824 quis
912 1754 1216 1825 esset,quid
1244 1753 1772 1808 haberetindicavit.
1793 1755 1948 1808 Tunc

350 1855 480 1894 eum
511 1841 785 1896 solventes
814 1843 1160 1897 reduxerunt
1186 1844 1256 1897 ad
1285 1844 1450 1896 viam.
1471 1844 1706 1913 Rogavit
1733 1860 1867 1897 sane
1887 1850 1951 1899 ut

351 1928 514 1982 vilius
529 1935 586 1982 et
597 1931 898 2000 pauperius
911 1930 1224 1985 coenobium
1242 1932 1389 2002 quod
1408 1932 1464 1984 in
1485 1931 1712 2001 regione
1723 1939 1951 1987 nossent

358 2015 463 2070 sibi
493 2017 971 2073 demonstrarent.
1005 2020 1438 2090 Responderunt
1472 2039 1481 2072 :
1534 2020 1712 2074 Vilius
1757 2029 1813 2076 et
1854 2022 1952 2076 ab-

344 2105 550 2174 jectius
600 2108 1006 2162 monasterium
1062 2109 1278 2162 nullum
1339 2109 1544 2163 scimus
1591 2127 1758 2181 quam
1800 2111 1952 2166 istud

354 2194 501 2265 quod
516 2194 572 2248 in
592 2196 848 2266 proximo
865 2197 1104 2252 aediﬁcat
1126 2198 1350 2269 quidam
1367 2199 1534 2253 homo
1551 2200 1670 2264 Dei,
1698 2207 1753 2254 et
1771 2207 1953 2255 osten-

351 2282 548 2337 dentes
578 2284 723 2338 viam
753 2285 1131 2341 discesserunt
1177 2289 1250 2340 At
1279 2288 1371 2341 ille
1398 2305 1652 2359 gressum
1683 2289 1814 2344 illuc
1836 2309 1953 2345 ver-

352 2376 496 2434 tens,
557 2373 791 2427 Beccum
853 2375 1009 2439 adiit,
1072 2393 1180 2448 quo
1249 2377 1467 2431 nullum
1535 2395 1772 2448 usquam
1820 2384 1953 2434 tunc

354 2461 657 2531 panperius
711 2463 1098 2519 aestimabatur
1151 2445 1236 2518 vel
1291 2466 1560 2537 abjectius
1613 2467 1947 2523 coenobium.

353 2548 521 2603 Forte
574 2555 709 2604 tunc
765 2552 936 2607 abbas
984 2555 1332 2609 exstruendae
1374 2555 1587 2609 fornaci
1629 2564 1947 2629 occupatus,

347 2637 589 2709 ipsemet
615 2641 954 2710 Operabatur
984 2643 1241 2698 manibus
1291 2645 1442 2711 suis;
1496 2651 1553 2698 et
1589 2646 1856 2701 accedens
1887 2649 1955 2702 ad

353 2744 483 2781 eum
519 2729 694 2783 dixit:
733 2731 880 2785 Deus
911 2737 967 2786 te
993 2733 1207 2786 salvum
1234 2733 1421 2788 faciat.
1458 2736 1526 2788 Et
1561 2735 1770 2789 abbas:
1805 2737 1952 2792 Deus

352 2821 409 2870 te
450 2815 762 2878 benedicat.
792 2819 993 2890 inquit.
1021 2822 1091 2874 Es
1130 2822 1508 2877 Lombardus?
1538 2830 1597 2876 at
1627 2825 1719 2878 ille
1745 2843 1755 2878 :
1791 2825 1948 2880 Sum.

1996 667 1998 671 Ι
2032 602 2167 668 erga
2199 598 2354 652 illum
2384 597 2573 653 debita
2600 595 3093 658 veneratione,ille
3121 611 3255 664 erga
3286 611 3416 649 eum
3438 595 3626 650 omni-

2031 672 2586 741 moda‘conten'debat
2602 683 2993 749 submissione,
3019 683 3200 737 forma
3213 683 3371 754 gregi
3393 689 3631 755 uterque

2031 776 2247 829 vivendi
2301 776 2453 842 facti,
2508 791 2652 829 unus
2705 773 2914 838 activae,
2973 773 3114 826 alter
3153 773 3621 843 contemplativa.

2029 864 2214 918 Abbas
2261 864 2508 927 humilis,
2535 863 2819 934 patientiae
2848 878 3104 925 summm,
3137 861 3195 914 in
3221 877 3356 915 cura
3383 862 3632 932 corporis

2029 953 2562 1015 continentissimus,
2600 952 2812 1005 nullam
2849 950 3129 1004 saecularis
3171 967 3389 1021 pompae
3437 968 3628 1004 curam

2029 1059 2249 1113 gerens,
2282 1043 2469 1112 legum
2501 1041 2694 1112 patriae
2707 1038 3128 1102 scientissimus,
3153 1039 3475 1109 praesidium
3508 1045 3633 1094 erat

2031 1132 2150 1186 suis
2165 1137 2360 1186 contra
2382 1131 2602 1201 iniquos
2623 1128 3001 1192 exactores,ad
3022 1128 3315 1181 tractanda
3335 1145 3630 1183 causarum

2031 1223 2384 1277 saecularium
2425 1220 2651 1291 negotia
2696 1224 2752 1274 et
2783 1218 3132 1289 disponenda
3160 1218 3439 1273 exteriora
3484 1219 3628 1290 peri-

2031 1312 2316 1378 tissimus;
2351 1311 2408 1365 in
2437 1308 2789 1365 exstruendis
2833 1308 2915 1360 vel
2967 1306 3330 1379 procurandis
3379 1325 3630 1362 necessa-

2032 1401 2131 1455 riis
2160 1418 2262 1457 nec
2290 1400 2623 1472 prudentior
2669 1415 2770 1452 nec
2816 1397 3112 1462 efﬁcacior,
3147 1397 3299 1450 salva
3334 1397 3625 1468 religione,

2034 1507 2155 1544 esse
2186 1496 2423 1562 poterat.
2461 1496 2518 1554 3
2549 1491 2622 1542 At
2651 1489 2844 1541 doctor
2865 1486 2958 1540 ille
2983 1485 3265 1540 maximus
3298 1486 3355 1538 in
3385 1486 3630 1540 claustro

2035 1595 2259 1632 onmem
2294 1594 2520 1650 operam
2553 1574 2914 1647 impendebat
2945 1574 3120 1644 quieti
3145 1579 3203 1627 et
3230 1573 3476 1639 silentio,
3508 1589 3632 1627 cor-

1971 1693 2018 1754 B
2037 1668 2122 1722 dis
2152 1669 2237 1722 sui
2271 1665 2652 1721 novaliaverbi
2679 1664 2823 1719 sacri
2851 1664 3107 1717 excolens
3127 1662 3353 1717 assidua
3373 1662 3629 1727 lectione,

2035 1757 2279 1827 irrigans
2300 1775 2365 1811 ea
2383 1756 2551 1822 dulci,
2576 1770 2743 1827 quam
2761 1771 2906 1826 saepe
2929 1750 3233 1818 obtinebat,
3256 1752 3631 1823 lacrymarum

2031 1847 2476 1920 compunctione.

2665 1932 2897 1986 CAPUT
2927 1931 2977 1985 II
2989 1972 3000 1983 .

2108 2011 2134 2083 ~’i
2149 2029 2282 2083 .Nec
2321 2024 2525 2080 oblitus
2549 2021 2698 2093 quod
2720 2021 2834 2075 Deo
2860 2019 2918 2074 in
2939 2024 3214 2073 nocturna
3236 2018 3491 2090 captione
3513 2035 3636 2090 pro-

2035 2119 2286 2179 miserat,
2330 2119 2624 2186 postquam
2654 2110 2832 2164 factus
2862 2114 2949 2163 est
2976 2107 3303 2175 monachus,
3337 2107 3395 2162 in
3424 2108 3638 2162 discen-

2036 2209 2120 2262 dis
2171 2205 2366 2261 ofﬁciis
2409 2201 2625 2256 diurnis
2683 2206 2740 2253 et
2784 2197 3072 2253 nocturnis
3107 2214 3298 2252 curam
3332 2198 3635 2251 maximam

2035 2295 2359 2368 impendere
2388 2291 2581 2358 voluit,
2616 2295 2679 2344 ut
2725 2289 2892 2343 sciret
2923 2289 3035 2342 Deo
3074 2287 3255 2341 laudis
3297 2287 3635 2342 sacriﬁcium

2034 2384 2369 2455 persolvere,
2400 2381 2545 2434 sicut
2583 2381 2832 2432 noverat.
2867 2376 2955 2431 Sic
2985 2392 3086 2447 per
3125 2380 3241 2429 tres
3282 2391 3458 2429 annos
3499 2375 3636 2429 vixit

2035 2472 2339 2536 solitarius,
2357 2470 2608 2541 gaudens
2638 2466 2785 2538 quod
2817 2463 3188 2530 nesciebatur,
3204 2469 3406 2535 praeter
3427 2480 3634 2535 paucos

2036 2562 2237 2634 quibus
2268 2559 2568 2631 aliquando
2598 2556 2952 2627 loquebatur,
2974 2552 3233 2607 omnibus
3264 2552 3504 2622 ignotus.
3525 2553 3636 2608 Ru-

2043 2667 2182 2715 mor,
2200 2656 2258 2704 ut
2291 2651 2396 2703 hoc
2416 2649 2625 2702 factum
2648 2644 2913 2717 prodidit,
2929 2644 3093 2713 longe
3124 2644 3348 2713 lateque
3379 2643 3630 2712 protulit,

2038 2746 2095 2795 et
2121 2741 2270 2792 fama
2298 2737 2396 2792 viri
2422 2735 2844 2808 praeclarissima
2865 2734 3121 2796 Beccum,
3142 2737 3198 2786 et
3219 2730 3476 2785 abbatem
3500 2732 3638 2786 Her-

2034 2829 2251 2883 luinum
2285 2827 2436 2880 brevi
2468 2842 2565 2897 per
2581 2823 2773 2878 orbem
2796 2828 3076 2876 terrarum
3101 2820 3298 2874 extulit
3319 2820 3404 2886 (3).
3438 2818 3636 2874 Clerici

351 2905 422 2959 Et
441 2905 613 2960 abbas
640 2925 650 2959 :
687 2908 831 2971 Quid
854 2910 981 2963 vis?
1007 2911 1329 2976 Monachus,
1353 2913 1451 2976 ait,
1471 2913 1592 2967 ﬁeri
1624 2915 1766 2967 volo.
1798 2917 1952 2970 Tunc
2033 2921 2352 2979 accurrunt,
2397 2916 2602 2969 ducum
2651 2913 2769 2974 ﬁlii,
2829 2909 3263 2966 nominatissimi
3315 2909 3633 2964 scholarum

351 2992 524 3048 abbas
563 2995 814 3067 praecipit
849 2997 1070 3051 cuidam
1103 3000 1396 3065 monacho,
1433 3001 1658 3055 nomine
1687 3003 1947 3073 Rogerio,
1970 3012 2011 3071 (ζ
2035 3006 2290 3076 magistri
2323 3003 2661 3065 Latinitatis,
2693 3001 2821 3054 laici
2852 3004 3126 3071 potentes,
3180 3003 3235 3051 et
3287 2998 3502 3052 nobiles
3535 2997 3634 3051 viri

357 3083 453 3155 qui
474 3083 528 3137 in
552 3090 714 3154 parte
739 3102 879 3156 opus
901 3104 1065 3140 suum
1094 3087 1337 3142 faciebat
1354 3086 1436 3158 (⁵),
1456 3095 1519 3144 ut
1542 3090 1622 3142 illi
1640 3092 1959 3145 ostenderet
2041 3096 2330 3165 multi,pro
2352 3093 2525 3164 ipsius
2547 3107 2738 3145 amore
2768 3089 2944 3143 multa
2969 3089 3150 3142 eidem
3177 3087 3420 3140 ecclesiae
3444 3092 3637 3140 contu-

355 3172 560 3227 librum
614 3175 820 3243 regulae
846 3175 947 3244 (9).
981 3177 1104 3239 Qua
1134 3178 1399 3247 perlecta,
1435 3180 1721 3250 respondit
1768 3181 1957 3234 omnia
2038 3177 2243 3238 lerunt.
2271 3183 2371 3236 Hic
2391 3199 2522 3251 ergo
2557 3180 2919 3242 Lanfrancus,
2953 3175 3049 3247 qui
3071 3193 3172 3247 pro
3193 3177 3307 3230 Deo
3331 3192 3391 3229 se
3420 3175 3638 3229 abdica-

349 3259 466 3314 Deo
494 3277 555 3315 se
580 3263 812 3332 juvante
851 3264 1092 3319 libenter
1133 3273 1505 3322 servaturum.
1553 3269 1681 3322 Hec
1723 3270 1955 3324 audiens
2039 3279 2196 3327 verat
2240 3271 2365 3336 sibi,
2412 3269 2563 3323 omni
2605 3269 2816 3322 vilitate
2845 3272 2901 3320 et
2931 3265 3284 3320 extremitate
3315 3269 3630 3330 contentus,

351 3347 542 3415 abbas,
577 3355 634 3404 et
662 3352 843 3406 sciens
887 3353 1013 3423 quis
1058 3361 1207 3409 esset
1254 3362 1312 3409 et
1363 3357 1531 3422 unde,
1582 3359 1852 3411 concessit
1899 3359 1950 3413 ei

353 3439 502 3508 quod
551 3439 794 3510 petebat.
850 3444 924 3496 At
979 3443 1071 3497 ille
1116 3460 1215 3514 per
1259 3459 1322 3497 os
1368 3445 1521 3498 furni
1553 3446 1848 3516 procidens
1893 3448 1949 3501 in

353 3524 572 3589 faciem,
603 3529 887 3583 osculatus
917 3536 1002 3583 est
1039 3531 1207 3601 pedes
1233 3532 1736 3602 ejus.Lanfrancus
1765 3534 1949 3588 humi-

353 3613 568 3669 litatem
621 3617 796 3672 animi
844 3620 1229 3692 sermonisque
1265 3623 1598 3691 gravitatem
1655 3623 1712 3676 in
1754 3623 1951 3678 abbate

353 3704 661 3774 plurimum
699 3713 996 3762 veneratus
1058 3715 1117 3764 et
1154 3726 1370 3777 amans,
1415 3712 1482 3780 (⁸)
1522 3713 1829 3768 monachus
1874 3713 1950 3767 ibi

353 3792 611 3848 efﬁcitur.

423 3886 473 3935 3.
508 3883 629 3948 Quo
656 3883 800 3938 facto
818 3885 880 3954 (⁷)
907 3886 1240 3941 venerabilis
1274 3889 1446 3942 Pater
1478 3889 1782 3944 Herluinus
1808 3907 1949 3960 gau-

352 3970 444 4025 dio
470 3973 718 4043 repletus
748 3980 832 4028 est
868 3991 978 4030 non
1020 3977 1256 4040 modico,
1293 3978 1426 4047 quia
1457 3979 1721 4032 credebat
1759 3997 1792 4033 a
1836 3981 1949 4034 Deo

351 4077 545 4131 preces
571 4079 702 4117 suas
741 4081 862 4119 esse
903 4067 1211 4121 exauditas.
1263 4069 1408 4122 Nam
1453 4069 1586 4139 quia
1623 4076 1950 4141 sumptuum

354 4153 836 4220 procurandorum
886 4155 1190 4210 necessitas
1229 4156 1389 4211 illum
1437 4163 1593 4212 extra
1639 4159 1948 4214 claustrum

352 4241 633 4296 demorari
654 4243 905 4314 cogebat,
923 4262 1024 4299 nec
1047 4253 1167 4299 erat
1191 4249 1286 4318 qui
1308 4248 1629 4318 prasideret
1646 4249 1943 4314 introrsus,

2033 3362 2185 3416 omni
2220 3359 2538 3414 obedientia
2567 3374 2626 3412 se
2651 3356 2981 3410 submittere
3009 3353 3242 3408 curabat
3271 3353 3491 3422 majori.
3533 3354 3636 3406 De-

2033 3452 2221 3521 nique,
2255 3455 2318 3504 ut
2362 3449 2557 3509 fertur,
2609 3446 2904 3500 lectionem
2956 3461 3067 3498 non
3115 3442 3334 3496 volebat
3361 3443 3546 3512 legere
3575 3442 3633 3496 in

2034 3540 2267 3595 ecclesia
2297 3538 2403 3592 nisi
2431 3537 2584 3608 prius
2615 3552 2738 3590 eam
2765 3540 2960 3588 cantor
2984 3532 3514 3596 audisset.Quadam
3539 3531 3631 3584 die

2033 3629 2166 3682 dum
2184 3628 2255 3681 ad
2287 3643 2538 3681 mensam
2570 3623 2955 3694 legeret,dixit
2985 3621 3248 3692 quiddam
3283 3621 3428 3673 inter
3449 3620 3635 3690 legen-

2035 3719 2168 3771 dum
2201 3717 2347 3770 sicut
2392 3715 2576 3768 dicere
2610 3711 2820 3775 debuit,
2859 3710 3007 3781 quod
3036 3726 3149 3763 non
3192 3708 3402 3779 placuit
3449 3709 3634 3779 praesi-

2035 3805 2209 3871 denti,
2242 3810 2299 3859 et
2342 3804 2506 3857 aliter
2535 3802 2716 3855 dicere
2740 3800 2940 3870 jussit;
2975 3799 3126 3852 velut
3153 3797 3200 3850 si
3241 3797 3333 3850 ille
3380 3795 3626 3862 dixisset,

2035 3897 2234 3959 docere,
2271 3892 2455 3946 media.
2475 3890 2764 3962 producta,
2782 3896 2847 3942 ut
2867 3893 2977 3954 est;
3003 3892 3059 3941 et
3085 3887 3189 3940 iste
3219 3886 3413 3939 eadem
3447 3886 3633 3940 media

2033 3988 2289 4054 correpta
2342 3980 2695 4035 emendasset
2748 3978 2950 4040 docere,
3012 3975 3159 4046 quod
3202 3991 3315 4028 non
3358 3980 3461 4029 est.
3506 3975 3631 4028 Non

2034 4072 2182 4126 enim
2215 4070 2366 4141 prior
2387 4070 2478 4123 ille
2504 4068 2786 4121 litteratus
2806 4071 2945 4120 erat.
2981 4065 3054 4118 At
3085 4065 3166 4118 vir
3195 4065 3420 4135 sapiens
3448 4063 3631 4118 sciens

2033 4161 2212 4230 magis
2232 4157 2606 4213 obedientiam
2623 4155 2846 4210 Christo
2867 4154 3058 4208 deberi
3077 4169 3245 4224 quam
3283 4153 3518 4217 Donato,
3544 4153 3630 4206 di-

2032 4249 2186 4303 misit
2212 4248 2359 4318 quod
2388 4247 2529 4300 bene
2560 4244 3042 4316 pronuntiaverat,
3077 4247 3136 4295 et
3170 4241 3311 4294 dixit
3339 4239 3487 4311 quod
3517 4256 3629 4294 non

352 4333 409 4382 et
439 4329 766 4401 religionem
795 4341 1134 4400 asservaret;
1169 4336 1456 4390 multoties
1485 4337 1662 4390 Deum
1696 4353 1822 4390 cum
1855 4353 1949 4389 ex-
1967 4340 2013 4398 D
2034 4344 2180 4392 recte
2210 4337 2394 4390 dicere
2419 4334 2742 4405 jubebatur.
2776 4333 2920 4386 Nam
2947 4331 3253 4402 producere
3281 4329 3523 4393 brevem,
3545 4329 3630 4383 vel

351 4424 584 4484 orasset,
641 4421 828 4474 divina
879 4422 1165 4478 miseratio
1188 4425 1292 4478 sibi
1314 4425 1752 4478 accommodavit
1793 4425 1951 4479 auxi-

352 4505 511 4571 lium,
534 4507 815 4563 sufﬁciens
835 4510 904 4562 ad
927 4511 1118 4566 omnia
1146 4529 1266 4583 quae
1296 4514 1512 4582 agenda
1546 4514 1730 4568 forent
1753 4516 1950 4568 suifra-

349 4594 769 4665 gium.Videres
797 4614 932 4668 ergo
962 4599 1110 4654 inter
1138 4617 1230 4654 eos
1262 4601 1413 4671 pium
1435 4609 1738 4656 certamen.
1768 4603 1953 4657 Abbas

354 4700 417 4737 ex
441 4685 738 4754 grandaeva
766 4686 909 4742 laico
935 4705 1114 4759 nuper
1142 4688 1199 4742 in
1223 4690 1432 4743 clerum
1457 4697 1763 4761 promotus,
1800 4708 1950 4745 vere-

355 4771 521 4827 batur
550 4773 655 4828 sibi
685 4774 966 4828 subditam
989 4776 1132 4830 tanti
1154 4777 1396 4831 doctoris
1425 4778 1836 4845 celsitudinem;
1859 4779 1949 4833 ille

354 4861 566 4916 nullam
620 4880 721 4934 pro
770 4864 1036 4918 eminenti
1077 4864 1308 4920 scientia
1335 4883 1538 4937 gerens
1567 4867 1946 4933 insolentiam,

352 4950 665 5006 humillime
692 4953 762 5007 ad
807 4953 998 5008 omnia
1026 4954 1274 5026 parebat,
1323 4956 1667 5024 attendebat,
1709 4956 1948 5010 admira-

354 5039 522 5095 batur
569 5046 627 5095 et
680 5042 1019 5112 praedicabat
1072 5060 1240 5115 quam
1294 5045 1400 5116 ipsi
1453 5046 1511 5100 in
1569 5045 1944 5117 intelligendis

353 5128 657 5201 Scripturis
699 5132 940 5201 gratiam
988 5133 1137 5188 Deus
1183 5139 1551 5201 concesserat,
1590 5141 1647 5189 et
1675 5136 1936 5190 dicebat:

528 5274 696 5356 Juxta
718 5273 1016 5356 regulae
1050 5275 1112 5330 P.
1143 5276 1426 5356 Benedicti
1469 5278 1856 5356 praescriptum
1886 5278 1944 5333 in

351 5345 530 5418 capite
557 5346 628 5400 58
655 5345 724 5399 de
753 5345 1046 5416 disciplina
1067 5345 1542 5418 suscipiendorum
1574 5345 1833 5403 fratrum.

420 5415 531 5482 llU)
560 5418 876 5501 llaeeterra,
896 5415 1142 5501 uthputo,
1161 5415 1247 5472 est
1264 5420 1664 5501 monasterium
1691 5421 1947 5501 S.l‘;bru_l:

353 5486 410 5549 ﬁ.
444 5488 592 5573 quod
613 5489 930 5573 Willelrpus
953 5486 1148 5573 Geroii
1172 5491 1510 5573 monasterio
1542 5493 1816 5573 Beccensi,
1852 5492 1945 5573 ubi

351 5559 688 5614 monachum
746 5560 947 5625 induit,
1005 5561 1259 5618 tradidit.
1314 5561 1398 5618 Ibi
1454 5563 1796 5619 Lanfrancus
1841 5563 1944 5618 ali-

351 5629 601 5702 quandiu
643 5631 811 5703 deget
863 5648 992 5689 cum
1019 5633 1236 5707 aliquot
1265 5635 1573 5702 monachis,
1621 5651 1686 5691 ac
1730 5635 1968 5717 celebre.

2033 4428 2256 4497 longam
2291 4424 2570 4495 corripere
2617 4421 2910 4494 syllabam,
2941 4436 3052 4473 non
3096 4418 3336 4489 capitale
3393 4421 3630 4471 noverat

2033 4516 2273 4580 crimen;
2305 4529 2497 4567 verum
2515 4510 2736 4582 jubenti
2761 4527 2827 4562 ex
2849 4513 3006 4579 parte
3028 4507 3128 4561 Dei
3146 4523 3260 4561 non
3292 4505 3630 4577 parere,cul-

2037 4621 2165 4676 pam
2199 4620 2311 4657 non
2340 4603 2518 4656 levem
2550 4617 2670 4654 esse
2694 4599 2927 4653 sciebat.

2101 4693 2155 4746 5.
2189 4691 2426 4756 Quidam
2458 4688 2737 4744 saecularis
2767 4687 2922 4740 dedit
2960 4685 3220 4740 Beccensi
3250 4683 3492 4739 ecclesiae
3520 4689 3632 4736 ter-

2035 4798 2157 4835 ram
2198 4779 2325 4850 ‘10),
2355 4780 2425 4832 ad
2457 4795 2626 4850 quam
2657 4777 2861 4830 missus
2890 4780 2977 4830 est
3015 4775 3378 4838 Lanfrancus,
3409 4777 3473 4827 ut
3503 4788 3630 4826 eam

2032 4874 2280 4924 servaret
2301 4875 2358 4922 et
2377 4869 2734 4922 instauraret.
2768 4866 2892 4920 Una
2919 4864 3137 4918 dierum
3168 4864 3302 4918 dum
3344 4863 3413 4916 de
3435 4878 3626 4916 mona-

2027 4959 2199 5013 sterio
2228 4959 2298 5011 ad
2329 4958 2511 5012 locum
2535 4956 2692 5010 illum
2716 4953 3126 5024 regrederetur,
3141 4951 3341 5007 detulit
3355 4956 3542 5006 catum
3567 4950 3626 5005 in

2028 5064 2212 5120 panno
2241 5047 2575 5110 involutum,
2617 5048 2742 5116 post
2770 5060 2830 5098 se
2857 5043 2927 5096 ad
2967 5043 3162 5098 sellam
3191 5042 3446 5112 ligatum.
3478 5040 3623 5094 Dum

2026 5137 2135 5192 iter
2161 5137 2384 5202 faceret,
2416 5134 2644 5206 quidam
2673 5132 2931 5203 adjunxit
2958 5149 3017 5187 se
3045 5131 3126 5186 illi
3151 5150 3163 5199 ;
3186 5147 3427 5202 cumque
3456 5129 3624 5183 simul

2028 5280 2162 5334 olim
2208 5279 2378 5332 istum
2429 5275 2856 5340 monasterium,
2917 5273 3065 5344 quod
3102 5273 3331 5326 omnino
3370 5271 3622 5344 dirutum

2027 5359 2166 5410 erat,
2200 5357 2484 5420 utcunque
2503 5341 3081 5420 restauravit._Postea
3092 5345 3234 5420 data
3254 5341 3622 5420 Beccensibus

2028 5423 2156 5476 villa
2177 5413 2424 5477 [iusseris
2453 5437 2487 5474 a
2514 5420 2574 5474 Β.
2606 5417 2967 5479 Theoderico,
3000 5421 3064 5470 ut
3090 5415 3146 5469 in
3178 5417 3298 5485 ejus
3334 5415 3460 5468 Vita
3483 5413 3623 5468 dixi-

2029 5511 2174 5560 mus,
2207 5491 2612 5548 monasterium
2664 5493 2722 5546 S.
2757 5488 2966 5544 Ebrulﬁ
3008 5487 3309 5560 pristinum
3364 5485 3621 5558 splendo-

2028 5582 2148 5622 rem
2175 5564 2403 5637 recepit.
