4008 6186
279 308 336 359 33
1765 302 1922 357 VITA
1937 349 1946 358 .

3456 310 3526 365 3i

278 437 569 503 pergerent,
601 432 784 487 socius
815 433 992 486 viator
1033 432 1246 486 audivit
1276 449 1462 487 vocem
1493 434 1622 496 cati,
1654 438 1710 487 et
1739 448 1848 485 σαθ-
1868 432 1915 488 Α
1939 427 2255 497 prorumpit
2288 445 2296 477 :
2339 446 2358 475 α
2403 427 2521 480 Ileu
2555 429 2688 482 mihi
2723 431 2812 485 cui
2842 433 2954 486 tale
2984 434 3251 489 damnum
3284 435 3532 491 minatur

277 520 344 590 pit
371 520 562 573 mirari
609 527 667 574 et
710 521 1138 592 circumspicere
1189 520 1282 574 ubi
1332 529 1475 576 esset
1509 529 1664 576 catus
1693 521 1855 590 cujus

274 608 517 662 audiebat
546 626 740 664 vocem
767 629 778 674 ;
815 612 1041 664 tandem
1073 610 1315 663 advertit
1343 612 1673 681 magistrum
1707 612 1853 664 Lan-

273 696 502 750 francum
532 696 694 751 illum
717 706 845 768 post
871 715 931 752 se
951 698 1186 768 ligatum
1217 698 1382 764 ferre,
1404 704 1463 752 et
1479 699 1558 752 ait
1587 698 1665 752 illi
1699 716 1709 750 :
1743 699 1853 752 Do-

271 785 417 848 mine,
452 785 588 855 quid
619 786 842 857 portas?
872 786 1184 857 Respondit
1217 806 1228 839 :
1260 788 1448 841 Mures
1475 793 1532 841 et
1560 788 1667 841 rati
1693 788 1852 841 valde

269 872 405 927 nobis
434 880 572 928 sunt
599 875 804 940 infesti,
857 881 914 930 et
954 875 1160 929 idcirco
1190 892 1339 930 nunc
1367 877 1537 930 all'ero
1565 883 1750 932 catum
1781 877 1850 930 ad

267 963 732 1032 comprimendum
762 964 1010 1018 furorem
1035 965 1282 1018 illorum.
1317 966 1452 1020 Ecce
1478 967 1547 1019 ad
1581 972 1848 1036 quantam

269 1051 638 1106 humilitatem
668 1058 858 1107 tantus
883 1054 968 1106 vir
997 1070 1097 1124 pro
1124 1054 1239 1107 Deo
1265 1071 1385 1108 sese
1408 1055 1738 1109 submittere
1759 1071 1851 1108 cu-

264 1141 415 1204 ravit;
450 1147 512 1194 et
558 1142 690 1212 quia
719 1143 959 1196 multum
1001 1159 1059 1196 se
1113 1143 1446 1210 humiliavit,
1497 1145 1646 1198 Deus
1687 1144 1846 1197 illum

261 1230 491 1283 exaltare
521 1230 582 1283 in
616 1233 875 1301 praesenti
905 1249 1018 1286 non
1049 1233 1285 1288 distulit.

315 1318 365 1371 6.
394 1319 610 1373 Verum
644 1321 848 1374 fratres
876 1322 972 1392 qui
1011 1323 1129 1391 jam
1179 1322 1410 1376 adunati
1441 1327 1602 1377 erant
1641 1323 1697 1377 in
1727 1323 1848 1394 ipso

260 1408 380 1470 loco,
411 1423 531 1460 non
562 1408 803 1461 multum
839 1409 1074 1462 litterati
1104 1425 1206 1463 nec
1235 1410 1537 1464 admodum
1579 1411 1846 1479 religione

255 1495 500 1548 instructi
527 1494 900 1553 habebantur.
935 1497 1184 1552 Cernens
1231 1498 1573 1552 Lanfrancus
1605 1499 1843 1553 fratrum

253 1582 524 1648 inertiam,
556 1599 778 1638 morum
803 1585 1158 1655 pravitatem,
1194 1587 1406 1641 ordinis
1436 1589 1841 1657 transgressio-

254 1689 384 1737 nem,
417 1678 699 1726 contuens
728 1673 946 1744 aliquos
978 1675 1147 1728 etiam
1174 1675 1280 1729 sibi
1311 1676 1577 1741 invidere,
1612 1678 1707 1747 qui
1733 1677 1840 1732 sibi

253 1760 566 1814 metuebant
595 1777 725 1815 eum
757 1763 1170 1832 pmﬁciendum
1206 1763 1343 1828 fore,
1380 1765 1677 1834 ignorabat
1706 1767 1837 1837 quid

251 1856 443 1918 ageret,
483 1866 598 1920 quo
628 1867 687 1903 se
715 1852 1062 1907 transferret.
1097 1853 1364 1907 Taedebat
1386 1871 1513 1908 eum
1547 1871 1843 1921 conversa-

252 1938 399 1991 tionis
413 1938 760 2007 inhonestze,
779 1939 1032 1994 inhiabat
1059 1942 1322 1996 ardenter
1340 1943 1409 1996 ad
1436 1944 1700 1999 solitariae
1721 1945 1839 1999 dul-

252 2027 486 2080 wdinem
522 2027 665 2082 vitae.
691 2029 969 2082 Simulata
997 2028 1172 2098 igitur
1185 2033 1454 2086 stomachi
1487 2033 1836 2100 infirmitate,

251 2115 614 2169 Fulcrannum
634 2117 996 2171 hortulanum
1018 2119 1238 2188 rogavit
1259 2125 1323 2173 ut
1341 2120 1392 2174 ei
1413 2121 1664 2191 quotidie
1685 2123 1844 2176 atl'er-

249 2212 324 2256 ret
350 2204 572 2257 radices
604 2207 979 2274 quorumdam
1009 2207 1367 2268 carduorum.
1394 2226 1538 2279 quas
1562 2210 1666 2264 sibi
1696 2227 1844 2265 asse-

250 2293 392 2346 rebat
429 2294 640 2346 afferre
687 2294 988 2348 solutionis
1031 2296 1360 2350 remedium.
1393 2299 1510 2352 Hoc
1541 2305 1727 2353 autem
1759 2301 1842 2354 fa-

245 2381 409 2435 ciebat
471 2389 541 2436 ut
577 2399 782 2452 corpus
839 2400 1003 2437 suum
1057 2385 1432 2441 assuefaceret
1478 2388 1576 2442 tali
1633 2389 1836 2456 edulio,

247 2471 385 2540 quali
416 2471 608 2524 vivere
635 2470 969 2542 disponebat
988 2473 1045 2525 in
1072 2490 1260 2528 eremo
1285 2476 1365 2540 {9).
1403 2476 1543 2530 Cum
1565 2493 1697 2547 ergo
1720 2479 1839 2547 jam

243 2555 486 2608 animum
526 2561 581 2608 et
621 2572 824 2626 corpus
858 2565 1197 2627 praepararet
1225 2559 1293 2613 ad
1333 2560 1524 2630 fugam
1555 2567 1841 2617 nocturnae

243 2645 568 2714 elapsionis,
623 2645 832 2699 domno
862 2646 1132 2701 Herluino
1162 2647 1349 2702 abbati
1380 2650 1520 2703 nihil
1549 2650 1618 2704 de
1646 2651 1750 2705 hac
1779 2669 1840 2706 re

243 2733 563 2803 suspicanti,
591 2734 729 2787 dum
759 2735 816 2788 in
841 2735 984 2788 lecto
1016 2736 1348 2807 quiesceret,
1374 2739 1613 2808 egregiae
1636 2740 1839 2802 indolis

1937 516 2123 569 Deus?
2153 516 2246 568 νω
2267 515 2400 569 mihi
2434 516 2530 585 qui
2561 534 2746 572 meum
2773 522 3065 576 consilium
3092 524 3531 595 perdidi,meum

1936 604 2277 673 adjutorium
2309 604 2508 657 amisi!
2545 605 2829 662 Multoties
2875 627 2977 679 per
3007 628 3241 681 magnos
3277 612 3525 682 gemitus

1936 693 2111 747 Deum
2145 693 2354 763 rogavi,
2380 692 2680 748 uberrimis
2710 696 2972 768 lacrymis
3002 699 3203 755 divinae
3230 701 3534 772 supplicavi

1935 788 1996 846 4
2026 781 2438 846 misericordiae,
2490 788 2555 836 ut
2592 784 2762 837 talem
2807 787 2943 840 mihi
2992 788 3170 842 virum
3219 795 3528 860 praestaret,
3627 803 3639 812 ’

1934 872 2095 940 cujus
2126 871 2356 924 consilio
2399 876 2456 924 et
2484 873 2690 926 auxilio
2732 874 2913 928 locum
2947 876 3116 930 istum
3149 879 3528 946 emendarem,

1934 964 1991 1012 et
2029 977 2150 1029 quae
2179 961 2292 1013 Deo
2338 966 2526 1014 essent
2553 961 2756 1030 placita
2784 965 3184 1019 monachorum
3219 966 3412 1021 usibus
3441 968 3530 1022 in-

1933 1054 2274 1104 staurarem.
2317 1050 2384 1102 Et
2436 1051 2675 1119 quando,
2729 1051 2905 1106 frater
2950 1054 3274 1121 Lanfrance,
3325 1057 3432 1110 huc
3471 1062 3528 1111 te

1931 1138 2080 1190 Deus
2131 1138 2380 1203 adduxit,
2439 1155 2630 1208 preces
2679 1140 3012 1194 humilitatis
3057 1159 3193 1198 meae
3239 1145 3528 1199 exauditas

1930 1226 2158 1279 credidi.
2190 1227 2303 1296 Ego
2328 1227 2387 1280 in
2409 1233 2464 1280 te
2477 1244 2617 1281 onus
2640 1245 2822 1282 meum
2847 1231 3155 1285 transferre
3184 1233 3522 1302 cogitabam;

1932 1331 2034 1385 ego
2063 1320 2120 1369 te
2149 1317 2320 1369 totius
2350 1317 2536 1370 oneris
2559 1317 2668 1371 mei
2690 1319 2967 1372 sarcinam
2987 1326 3320 1390 supportare
3341 1339 3527 1394 spera-

1931 1402 2077 1457 bam.
2115 1405 2275 1458 Nunc
2327 1410 2515 1458 autem
2549 1406 2734 1460 nescio
2765 1425 2875 1477 qua
2903 1408 2972 1462 de
3001 1424 3169 1462 causa
3198 1409 3326 1464 hinc
3347 1410 3526 1465 disce-

1927 1492 2078 1557 dere,
2124 1510 2212 1546 me
2265 1494 2475 1559 relicto,
2531 1495 2762 1564 satagis,
2808 1502 2865 1550 et
2903 1497 2973 1550 ad
3018 1498 3239 1552 deserta
3295 1516 3527 1570 pergere

1926 1583 2103 1652 cupis.
2163 1603 2184 1632 υ
2239 1584 2587 1638 Lanfrancus
2629 1585 2949 1655 intelligens
2991 1587 3335 1642 voluntatem
3365 1605 3526 1642 suam

1923 1670 2221 1736 detectam,
2252 1679 2308 1725 et
2336 1673 2681 1742 propositum
2713 1674 2894 1727 cordis
2923 1675 3030 1741 sui,
3065 1676 3213 1746 quod
3242 1677 3521 1731 ociaultum

1857 1734 2175 1830 Bputabat,
2212 1734 2516 1814 evident-er
2572 1762 2945 1832 prOpalatum,
3006 1734 3225 1818 abbatis
3289 1765 3524 1835 pedibus

1925 1848 2076 1901 illico
2107 1849 2437 1915 advolvitur,
2471 1854 2528 1902 et
2557 1850 2799 1920 qualiter
2827 1850 2928 1904 sibi
2954 1852 3333 1906 innotuissent
3363 1853 3518 1921 talia,

1925 1936 2214 1990 humiliter
2243 1937 2573 1990 sciscitatur.
2625 1939 2780 1992 Tunc
2826 1939 2876 1992 ei
2923 1939 3093 1994 abbas
3141 1941 3347 1996 blanda
3393 1958 3522 1997 voce

1927 2025 2193 2079 visionem
2224 2026 2464 2096 aperuit,
2493 2032 2550 2080 et
2574 2027 2706 2096 quid
2735 2027 2838 2080 sibi
2872 2028 3138 2083 divinitus
3163 2046 3264 2100 per
3286 2047 3524 2101 puerum

1925 2115 2230 2168 revelatum
2273 2115 2364 2177 sit,
2418 2115 2563 2169 sicut
2591 2116 2849 2185 superius
2878 2117 3201 2183 reteximus,
3234 2135 3334 2189 per
3370 2119 3521 2173 ordi-

1928 2219 2056 2256 nem
2087 2203 2400 2274 explicavit.
2431 2204 2775 2270 Lanfrancus
2807 2204 3117 2260 mirabilius
3143 2207 3296 2261 dictu
3328 2208 3523 2262 obstu-

1927 2293 2197 2362 pefactus,
2226 2297 2283 2345 et
2306 2292 2406 2345 Dei
2437 2293 2680 2362 gratiam
2711 2293 2770 2346 in
2801 2293 3002 2348 abbate
3023 2295 3383 2350 vehementer
3412 2297 3522 2352 ad-

1925 2380 2181 2446 miratus,
2236 2381 2391 2435 liumi
2441 2387 2776 2452 prostratus,
2809 2399 2910 2452 per
2936 2383 3337 2438 confessionem
3370 2387 3526 2440 Patri

1925 2469 2180 2540 protinus
2240 2469 2511 2540 quidquid
2568 2471 2626 2523 in
2679 2471 2967 2525 voluntate
3017 2472 3309 2538 habuerat,
3356 2476 3524 2530 corde

1924 2564 2292 2628 compunctus
2324 2559 2597 2629 exposuit,
2627 2559 3067 2631 poenitentiaque
3095 2567 3322 2632 accepta
3347 2571 3404 2617 et
3432 2563 3526 2617 ab-

1924 2647 2202 2701 solutione
2230 2649 2550 2718 impetrata,
2571 2649 2873 2719 spOpondit
2904 2667 2964 2703 se
3005 2667 3295 2721 nunquam
3312 2651 3382 2705 ab
3403 2653 3522 2724 ipso

1917 2736 2318 2802 discessurum,
2345 2738 2577 2807 ejusque
2598 2739 2888 2808 praeceptis
2902 2755 3003 2809 per
3024 2741 3213 2793 omnia
3239 2740 3523 2813 obtempe-

241 2822 394 2892 Hugo
425 2839 594 2893 puer,
618 2823 715 2893 qui
737 2824 1061 2894 nuperrime
1082 2825 1316 2892 obierat,
1347 2827 1404 2881 in
1433 2833 1584 2882 veste
1604 2830 1842 2883 candida
1928 2831 2205 2879 raturum.
2241 2825 2427 2879 Abbas
2477 2827 2732 2895 ingentes
2769 2827 3141 2898 omnipotenti
3170 2829 3285 2883 Deo
3311 2831 3524 2900 gratias

242 2912 500 2982 apparuit
523 2912 696 2978 (ﬁlius
721 2913 969 2966 Haldrici
996 2913 1064 2967 de
1091 2914 1454 2983 Sauvarvilla,
1493 2933 1666 2988 nepos
1698 2920 1846 2988 ejus-
1932 2915 2202 2981 referens,
2238 2931 2403 2984 quam
2436 2915 2602 2969 citius
2640 2916 2840 2986 potuit,
2881 2917 3252 2971 Lanfrancum
3280 2919 3523 2988 priorem

239 3001 356 3054 dem
375 2999 842 3070 abbatis).Cujus
871 3009 1102 3072 aspectu
1133 3004 1189 3057 in
1222 3005 1377 3058 nullo
1399 3006 1676 3071 turbatus,
1698 3024 1905 3077 ama-ﬁ
1930 3004 2241 3068 constituit,
2279 3009 2331 3056 et
2363 3003 2635 3073 quidquid
2681 3004 2880 3057 ditioni
2911 3005 3238 3058 monasterii
3268 3005 3526 3077 subjace-

242 3089 422 3142 biliter
446 3090 536 3142 sic
557 3107 689 3144 eum
714 3090 888 3144 abbas
919 3092 1123 3145 affatur
1154 3111 1165 3144 :
1200 3112 1224 3142 «
1255 3093 1400 3156 Quid
1426 3101 1530 3156 est,
1563 3096 1673 3148 ﬁli?
1703 3089 1906 3160 Quo-”
1930 3091 2043 3156 bat,
2073 3092 2312 3145 interius
2343 3098 2400 3144 et
2419 3092 2662 3145 exterius
2681 3091 2856 3162 ipsius
2877 3108 3025 3146 cura:
3045 3094 3343 3148 commisit.
3375 3095 3526 3159 Quos

241 3179 400 3232 modo
415 3185 476 3233 te
509 3178 726 3233 habes?
748 3199 774 3232 ι
807 3180 876 3234 Et
907 3196 1046 3250 puer
1075 3181 1372 3236 alacriter:
1410 3201 1435 3235 α
1469 3183 1583 3253 Ego
1605 3201 1713 3249 me,
1745 3185 1844 3252 ait,
1929 3182 2010 3236 ita
2037 3180 2332 3234 unanimes
2360 3179 2558 3234 tribuit
2585 3197 2706 3234 esse
2735 3180 2922 3234 divina
2949 3182 3238 3250 protectio,
3271 3188 3336 3236 ut
3372 3184 3526 3238 nulla

243 3266 378 3321 bone
431 3269 632 3335 Pater,
683 3267 826 3322 bene
868 3269 1064 3328 habeo.
1109 3272 1244 3340 quia
1271 3287 1371 3341 per
1400 3271 1500 3325 Dei
1530 3273 1848 3327 misericor-

241 3357 407 3423 diam,
455 3365 520 3411 et
559 3362 718 3411 tuam
758 3357 1236 3425 intercessionem,
1296 3359 1566 3415 liberatus
1603 3379 1728 3416 sum
1777 3363 1848 3417 ab

243 3447 392 3499 omni
409 3452 730 3500 tormento.
760 3446 865 3501 Sed
899 3448 1047 3501 Deus
1077 3449 1232 3502 misit
1250 3466 1340 3502 me
1366 3450 1435 3503 ad
1467 3456 1541 3517 te,
1573 3457 1638 3505 ut
1664 3451 1847 3506 dicam

237 3535 333 3589 tibi
363 3537 535 3607 quia,
567 3537 615 3590 si
641 3536 743 3590 tibi
772 3554 882 3591 non
919 3540 1283 3609 prospexeris,
1318 3540 1646 3610 magistrum
1698 3543 1846 3596 Lan-

237 3624 502 3680 francum
532 3625 600 3678 ad
621 3626 937 3696 proximum
955 3644 1064 3680 non
1082 3627 1329 3682 habebis.
1360 3647 1386 3680 io
1403 3629 1585 3684 Abbas
1613 3631 1680 3684 ad
1691 3631 1850 3686 mira-

238 3723 324 3768 tus
359 3735 375 3768 :
400 3734 428 3765 α
469 3715 789 3780 Quomodo,
808 3715 1140 3786 inquit,ﬁli?
1174 3736 1199 3766 ι
1226 3718 1374 3772 Puer
1400 3718 1469 3772 ad
1498 3719 1615 3774 haec
1641 3738 1685 3773 ει
1705 3721 1849 3784 Quia

235 3804 563 3857 solitariam
585 3803 754 3858 vitam
783 3805 1083 3870 desiderat,
1111 3812 1168 3860 et
1193 3807 1262 3860 de
1289 3809 1631 3863 monasterio
1658 3811 1849 3880 egredi

237 3892 547 3956 deliberat,
575 3893 842 3963 quoniam
873 3910 1058 3948 mores
1094 3894 1330 3949 fratrum
1366 3901 1420 3950 et
1451 3897 1562 3951 vita
1601 3897 1707 3952 sibi
1738 3916 1850 3953 non

234 3981 468 4050 placent
498 3981 645 4034 Vide
663 3997 796 4051 ergo
826 3982 958 4052 quid
991 3983 1178 4050 facias,
1203 3985 1334 4054 quia
1361 3985 1463 4039 tibi
1489 4002 1600 4040 non
1631 3988 1854 4058 expedit

234 4079 296 4124 ut
331 4078 391 4124 te
437 4071 692 4125 deserat.
737 4091 755 4121 ο
801 4071 900 4125 His
947 4072 1109 4125 dictis
1154 4090 1296 4143 puer
1340 4074 1634 4146 disparuit.
1665 4076 1852 4130 Abbas

233 4161 533 4214 attonitus
574 4159 634 4212 in
680 4159 767 4212 his
813 4175 937 4228 quae
975 4161 1250 4227 audierat,
1282 4161 1560 4232 reliquum
1585 4164 1762 4218 noctis
1793 4165 1849 4218 in

233 4249 445 4318 vigiliis
470 4254 538 4302 et
564 4247 911 4302 orationibus
937 4248 1192 4303 insomne
1230 4253 1466 4321 peregit.
1498 4252 1728 4306 Summo
1757 4270 1852 4308 au-

233 4345 347 4391 tem
373 4352 583 4403 mane,
618 4335 708 4406 (ίο)
735 4352 862 4389 mox
885 4341 904 4403 (
920 4335 970 4392 Il
985 4345 1000 4400 )
1031 4343 1096 4391 ut
1123 4339 1264 4392 hora
1288 4339 1554 4410 loquendi
1582 4357 1642 4394 se
1673 4341 1844 4408 dedit,
1867 4331 1916 4391 D

234 4426 636 4480 Lanfrancum
703 4425 952 4491 adscivit,
1012 4442 1200 4480 secum
1257 4427 1622 4498 singulariter
1659 4430 1854 4486 sedere

227 4516 406 4582 fecit;
482 4532 586 4568 cor
616 4513 834 4568 abbatis
872 4514 1072 4569 intimo
1116 4515 1307 4571 dolore
1348 4517 1682 4583 concutitur,
1751 4533 1854 4570 vox

231 4606 389 4660 intra
423 4607 630 4658 fauces
663 4603 960 4674 premitur,
1011 4604 1270 4675 lacrymaa
1310 4611 1668 4677 erumpentes
1697 4605 1854 4659 dolo-

228 4712 350 4750 rem
384 4692 594 4748 cordis
613 4692 893 4762 aperiunt.
923 4692 1266 4747 Lanfrancus
1299 4694 1402 4747 hoc
1431 4693 1623 4747 videns
1652 4693 1711 4747 in
1741 4700 1857 4748 ter-

229 4800 356 4837 ram
391 4781 792 4855 prosternitur
817 4799 828 4848 ;
859 4797 960 4836 cur
987 4780 1158 4836 abbas
1187 4783 1266 4836 sic
1295 4784 1478 4854 plorat
1515 4783 1720 4854 aperiri
1751 4782 1856 4837 sibi

229 4871 592 4944 suppliciter
628 4874 906 4941 precatur.
952 4870 1200 4924 Tandem
1241 4871 1412 4926 abbas
1458 4871 1519 4926 in
1548 4871 1663 4926 haec
1691 4871 1860 4925 verba

303 5015 426 5082 lii)
491 5014 628 5067 Post
675 5013 1166 5085 primamscilicet
1204 5018 1260 5068 et
1288 5030 1478 5084 preces
1521 5014 1580 5067 in
1614 5013 1856 5085 capitulo

225 5089 550 5149 recitatas,
588 5091 720 5138 ante
746 5085 896 5156 enim
924 5084 1077 5156 istud,
1117 5091 1340 5155 tempus
1368 5084 1854 5156 silentium,quod

224 5160 284 5212 in
328 5156 572 5227 regula
618 5173 737 5226 cap.
795 5155 865 5211 42
904 5155 1155 5210 strictius
1193 5156 1589 5226 praescribitur,
1643 5155 1857 5210 solvere

224 5230 474 5301 absque
507 5228 664 5295 gravi
693 5227 1026 5301 necessitate
1047 5243 1160 5282 non
1188 5228 1332 5301 licet.

295 5298 434 5365 (ΕΖ)
483 5301 646 5352 lianc
677 5298 967 5368 epistolam
1012 5315 1077 5352 ex
1115 5317 1200 5353 ms
1267 5299 1530 5369 Beccensi
1558 5299 1860 5369 vulgarunt

222 5372 550 5427 Iohannes
581 5370 862 5433 i’icardus,
889 5375 946 5424 et
966 5376 1157 5424 noster
1178 5368 1402 5424 Gabriel
1424 5368 1780 5424 Gerberonus
1799 5368 1858 5422 in

219 5445 388 5500 notis
437 5441 523 5495 ad
576 5441 870 5512 epistolam
919 5440 981 5497 41
1018 5441 1114 5495 lib.
1162 5455 1202 5495 ιι
1249 5440 1397 5496 beati
1443 5441 1712 5496 Anselmi.
1770 5441 1852 5494 Ad

217 5515 618 5586 W’illelmum
649 5512 870 5586 scripsit
898 5512 1584 5586 Lanfrancuspepistolam,
1617 5516 1855 5586 quaeest

218 5587 292 5646 48
327 5583 634 5643 editionis
653 5581 994 5641 Aclierianaa.
1027 5584 1178 5643 Obiit
1215 5581 1364 5640 circa
1395 5600 1606 5643 annum
1627 5581 1766 5641 1109
1787 5599 1854 5638 ex

1931 3287 2180 3340 unquam
2235 3269 2382 3323 inter
2419 3285 2514 3322 eos
2544 3274 2668 3322 orta
2698 3269 2868 3322 fuerit
2892 3269 3256 3324 dissensionis
3284 3273 3520 3327 occasio.

1933 3359 2090 3412 Hanc
2121 3358 2385 3411 visionem
2411 3358 2758 3412 Lanfrancus
2772 3373 2874 3411 nec
2893 3358 3082 3412 volens
3102 3361 3528 3430 propalare,nec

1929 3446 2158 3500 omnino
2203 3447 2482 3500 occultare
2523 3446 2609 3512 (ίί)
2642 3446 2909 3500 indicavit
2942 3447 3096 3500 illam
3140 3447 3362 3502 cuidam
3398 3466 3529 3503 mo-

1929 3536 2127 3601 nacho,
2156 3535 2382 3590 nomine
2407 3535 2709 3600 Willelmo,
2737 3551 2902 3605 quem
2931 3535 3047 3606 ipse
3065 3552 3097 3590 a
3117 3553 3293 3607 puero
3318 3539 3530 3594 nutrie-

1931 3631 2022 3678 rat
2052 3630 2108 3678 et
2137 3624 2423 3690 docuerat,
2448 3624 2868 3694 plurimumque
2917 3623 3160 3691 amabat,
3203 3627 3526 3698 praecipiens

1931 3729 2002 3767 ne
2026 3713 2112 3768 cui
2141 3714 2372 3778 diceret,
2389 3712 2636 3783 quandiu
2658 3713 2776 3782 ipse
2802 3713 2858 3766 in
2879 3729 3109 3783 corpore
3130 3713 3525 3779 viveret.Quod

1932 3802 2026 3856 ille
2056 3803 2300 3856 servavit
2344 3818 2523 3872 usque
2562 3800 2630 3854 ad
2672 3802 2928 3855 ultimam
2972 3808 3342 3862 senectutem.
3395 3805 3531 3859 Post

1935 3898 2174 3946 mortem
2200 3908 2329 3945 vero
2350 3890 2669 3957 Lanfranci,
2686 3907 2812 3944 cum
2835 3891 2956 3960 jam
2975 3892 3134 3954 nulla
3154 3891 3530 3962 prohibitione

1934 3985 2250 4050 urgeretur,
2280 3979 2504 4049 scripsit
2533 3995 2654 4032 rem
2684 3978 2831 4032 sicut
2859 3979 3136 4045 audierat,
3170 3985 3228 4033 et
3246 3979 3435 4034 abbati
3464 3997 3530 4036 ac

1934 4069 2222 4123 monachis
2251 4069 2409 4122 Becci
2440 4067 2706 4138 scriptam
2738 4067 2864 4137 (ιῖ),
2901 4074 3066 4138 prout
3095 4085 3265 4139 supra
3293 4069 3532 4139 digessi-

1936 4175 2080 4225 mus,
2127 4157 2349 4212 direxit.
2384 4157 2515 4212 Fuit
2554 4157 2704 4210 idem
2752 4157 3062 4211 Willelmus
3092 4156 3263 4210 abbas
3307 4158 3531 4212 Carme-

1936 4247 2128 4302 liensis
2155 4245 2407 4300 ccenobii.

2546 4333 2779 4389 CAPUT
2807 4333 2907 4387 III.

2008 4424 2061 4478 7.
2094 4424 2179 4478 Ad
2208 4422 2656 4477 administranda
2685 4437 2908 4492 quoque
2933 4420 3106 4475 totius
3135 4423 3330 4493 patriae
3355 4439 3530 4494 nego-

1937 4514 2018 4567 tia
2039 4512 2128 4582 (⁸³)
2161 4528 2416 4567 summus
2444 4511 2514 4565 ab
2537 4511 2658 4582 ipso
2695 4511 3175 4566 Nortmannorum
3216 4513 3356 4568 duce
3385 4514 3532 4570 Wil-

1938 4603 2104 4657 lelmo
2133 4600 2484 4656 consiliarius
2513 4600 2840 4654 assumitur.
2869 4600 3044 4669 Cujus
3071 4601 3267 4670 gratiae
3299 4603 3533 4658 nimiam

1940 4690 2440 4762 perturbationem,
2466 4706 2587 4760 quae
2616 4694 2849 4759 repente
2876 4688 3060 4757 irruit,
3082 4689 3365 4760 insperato
3385 4693 3532 4747 Deus

1939 4797 2136 4835 sereno
2181 4779 2500 4834 laetificavit.
2555 4777 2937 4842 Quorumdam
2969 4778 3118 4831 enim
3159 4781 3533 4835 accusationi-

1938 4869 2042 4925 bus
2071 4869 2382 4924 delatorum
2414 4868 2526 4922 dux
2552 4869 2612 4922 in
2633 4884 2760 4921 eum
2782 4866 3149 4932 vehementer
3169 4869 3529 4936 amaricatus,

1941 5012 2206 5068 Orderico
2239 5010 2421 5074 \‘itali,
2455 5009 2531 5063 lib
2582 5024 2643 5074 ιι,
2685 5009 2780 5080 qui
2811 5026 2938 5063 eum
2965 5010 3115 5063 inter
3151 5011 3298 5064 viros
3331 5013 3532 5066 sancti-

1939 5089 2055 5138 tate
2086 5090 2142 5137 et
2165 5083 2420 5136 doctrina
2449 5082 2752 5152 praecipuos
2781 5087 3052 5141 recenset,
3085 5081 3163 5134 sic
3183 5082 3331 5136 enim
3357 5083 3537 5154 loqui-

1939 5161 2034 5209 tur
2057 5173 2069 5207 :
2102 5157 2168 5208 In
2192 5157 2287 5208 illo
2309 5161 2542 5222 tempore
2565 5156 2953 5219 migrauerunt
2963 5157 3151 5220 plures
3174 5157 3461 5207 sanctitate
3483 5159 3534 5206 et

1937 5229 2214 5295 sapientia
2254 5227 2525 5293 precipui
2561 5226 2801 5278 doctores
2824 5224 3529 5295 Ecclesiarum,Ansetmus

1937 5301 2141 5351 scilicet
2192 5298 2624 5364 archiepiscopus
2679 5295 3137 5348 Cantuariorum.
3200 5294 3528 5348 Guittetmus

1939 5370 2377 5436 archiepiscopus
2406 5368 2940 5434 Rothomagensium,
2977 5365 3411 5436 venerabitesque
3436 5381 3530 5420 ca:-

1940 5435 2233 5494 nobiorum
2254 5435 2500 5503 rectores,
2536 5440 2689 5506 Hugo
2712 5439 2878 5491 abbas
2899 5437 3300 5501 Utunz'acensis,
3335 5435 3532 5492 Gerva-

1935 5514 2050 5566 sius
2081 5511 2442 5566 Rhedonensis
2471 5514 2520 5563 et
2550 5508 2878 5566 Guittetmus
2911 5507 3312 5563 Oormetiensis.
