4048 6176
399 265 466 319 35

1377 255 1434 308 Β.
1482 249 1895 307 LANFRANCI
1938 242 2296 300 CANTUAR.
2341 242 2679 298 ARCHIEP.

3593 241 3660 296 36

397 388 628 447 mandat
655 392 718 443 ut
757 381 1099 440 monasterio
1128 377 1474 444 exturbetur,
1523 375 1707 448 patria
1739 373 2054 430 discedatA
2075 388 2225 426 mam
2260 371 2500 442 petierat
2525 370 2616 442 (³4)
2648 385 2816 425 causa
2862 366 3150 437 cujusdam
3193 365 3401 433 clerici,
3435 364 3662 421 nomine

395 481 756 537 Lanfrancus.
780 476 897 530 Nec
916 476 1103 527 motus
1131 468 1306 524 animi
1334 467 1421 523 sui
1441 467 1547 522 hac
1567 465 1777 521 indicta
1795 464 1992 520 sedare

395 569 606 633 valens,
635 562 924 620 mandavit
945 560 1091 631 juris
1119 557 1446 612 monasterii
1474 555 1684 616 villam,
1709 571 1832 625 quae
1862 555 1994 608 Par-

396 675 495 714 cus
520 656 744 720 dicitur,
770 650 1016 706 ﬂammis
1038 647 1236 703 excidi.
1261 647 1500 701 Paretur
1527 652 1645 699 tam
1675 644 1856 698 effera:
1869 644 1992 714 jus-

397 745 561 802 sioni.
590 745 668 798 Eo
693 739 1034 802 discedente,
1071 735 1166 808 qui
1195 751 1362 789 omne
1411 733 1683 804 gaudium
1726 731 1994 786 fratribus

402 839 526 890 erat
542 838 599 888 et
628 827 954 893 consolatio,
984 825 1143 880 dolor
1163 825 1312 878 altus
1337 828 1608 878 remanet.
1635 822 1779 886 Quia
1798 822 1996 876 melior

401 939 514 978 non
543 919 873 983 habebatur,
898 915 1074 986 tripes
1090 929 1268 985 equus
1289 918 1488 984 quarto
1517 912 1657 984 pede
1683 911 1887 977 inutili,
1913 910 1993 964 illi

402 1010 693 1074 tribuitur,
727 1013 785 1061 et
815 1021 961 1060 unus
1007 1003 1266 1057 famulus.
1320 1002 1541 1056 Instant
1571 1000 1762 1071 itaque
1794 999 1995 1054 fratres

400 1097 659 1163 orationi,
707 1098 869 1167 juxta
914 1091 1056 1148 illud
1090 1090 1347 1146 Jeremiae
1394 1108 1405 1143 :
1439 1089 1833 1144 Praestolantes
1865 1105 1994 1143 cum

402 1186 625 1243 silentio
663 1185 911 1240 salutare
954 1180 1180 1236 Domini
1213 1179 1433 1249 (Thren.
1464 1193 1544 1242 ιιι,
1576 1176 1687 1242 26).
1734 1177 1996 1232 Protinus

405 1293 520 1348 qua
547 1275 642 1329 ille
667 1271 989 1328 discedebat
1025 1269 1153 1324 duci
1196 1267 1390 1323 obvius
1417 1267 1657 1322 venienti
1693 1267 1996 1338 appropin-

405 1381 603 1436 quans,
635 1379 779 1434 equo
817 1378 918 1433 per
953 1358 1202 1429 singulos
1246 1373 1445 1428 passus
1474 1360 1642 1427 caput
1679 1355 1750 1409 ad
1786 1361 1997 1410 terram

402 1453 793 1515 submittente,
819 1449 1111 1504 dominum
1133 1447 1346 1502 salutat
1370 1465 1382 1512 ;
1415 1444 1750 1500 innocentiae
1770 1444 1997 1515 quidem

405 1543 676 1607 conscius,
725 1540 773 1594 si
822 1539 974 1593 locus
1022 1536 1242 1591 dicendi
1289 1536 1538 1602 daretur,
1571 1551 1684 1589 non
1712 1533 2002 1588 difﬁdebat

2074 460 2419 531 Berengarii,
2448 459 2543 531 qui
2567 460 2638 514 de
2663 462 3013 514 sacramento
3035 456 3228 512 altaris
3243 457 3410 512 aliter
3430 456 3661 526 dogma-

2074 550 2282 606 tizabat
2304 566 2474 620 quam
2513 548 2756 604 Ecclesia
2795 553 2966 602 tenet.
2998 555 3061 614 5
3095 547 3186 618 (‘5)
3232 545 3466 602 Dicebat
3511 544 3664 600 enim

2076 656 2276 712 panem
2298 644 2356 693 et
2373 639 2562 694 vinum
2585 644 2711 710 post
2726 635 3220 703 consecrationem,
3251 640 3667 701 sacramentum

2075 735 2318 795 tantum,
2353 744 2465 782 non
2513 732 2701 782 autem
2735 744 2856 781 esse
2886 743 3081 781 verum
3122 725 3332 780 Christi
3371 727 3669 795 corpus-et

2075 818 2428 888 sanguinem.
2459 818 2572 872 Iste
2603 816 2834 870 clericus
2860 816 3175 870 Lanfranco
3207 814 3366 886 quasi
3406 812 3669 868 familiari

2075 924 2178 962 suo
2209 906 2292 976 (“3)
2320 907 2539 960 litteras
2567 905 2679 974 (14)
2709 905 2944 960 miserat
2971 921 3161 960 errore
3196 904 3318 975 ipso
3353 920 3664 974 respersas;

2077 1013 2172 1052 eas
2203 996 2298 1067 qui
2329 996 2587 1066 legerunt
2629 993 3006 1049 Lanfrancum
3051 993 3190 1048 talia
3216 993 3428 1048 sentire
3456 991 3668 1063 Opinati

2077 1093 2228 1152 sunt,
2261 1090 2317 1139 et
2344 1085 2558 1139 socium
2585 1084 2792 1139 erroris
2807 1084 3254 1138 diffamaverunt.
3286 1084 3357 1138 At
3381 1088 3501 1136 tum
3528 1082 3671 1136 forte

2078 1173 2532 1230 Lantrancus‘ad
2574 1173 2780 1228 Urbem
2812 1173 3092 1244 profectus
3121 1178 3262 1236 erat,
3311 1172 3672 1242 pontiﬁcante

2078 1270 2214 1319 tunc
2232 1263 2423 1318 sedem
2456 1263 2603 1318 beati
2630 1262 2784 1318 Petri
2807 1263 2992 1317 Leone
3015 1261 3130 1332 (15)
3149 1267 3341 1316 octavo
3357 1261 3438 1332 (‘7)
3451 1261 3667 1326 .Amici,

2081 1353 2177 1424 qui
2197 1352 2489 1407 infamiam
2509 1352 2612 1406 sibi
2635 1353 2938 1407 conﬂatam
2955 1351 3276 1417 audierunt,
3295 1351 3510 1405 litteras
3525 1351 3675 1422 ipsas

2079 1447 2208 1513 post
2233 1458 2363 1496 eum
2393 1441 2670 1496 miserunt
2697 1441 2956 1506 Romam;
2986 1439 3176 1511 ibique
3205 1439 3576 1510 suspicionem
3606 1439 3675 1492 de

2082 1532 2393 1586 Lanfranco
2445 1529 2779 1601 quibusdam
2816 1534 3178 1600 pepererunt.
3218 1529 3372 1600 Papa
3400 1529 3676 1598 Berenga-

404 1631 742 1687 causaDux
773 1628 954 1699 primo
985 1626 1197 1679 vultum
1227 1625 1448 1685 avertit.
1477 1624 1574 1678 sed
1595 1623 1784 1678 divina
1798 1628 2000 1694 agente
2022 1689 2061 1699 _
2082 1619 2230 1674 rium
2260 1619 2332 1673 ad
2371 1619 2519 1673 diem
2570 1619 2798 1673 vocavit.
2831 1619 3042 1672 Verum
3090 1618 3185 1672 ille
3227 1618 3435 1671 timens
3464 1617 3672 1681 venire,

404 1717 724 1782 clementia,
739 1689 869 1770 mox
891 1713 1211 1768 miserando
1226 1712 1489 1782 respexit,
1517 1717 1574 1766 et
1600 1716 1742 1767 nutu
1770 1689 2064 1766 benevo—B
2082 1709 2301 1763 distulit
2324 1708 2463 1776 {sed
2491 1708 2841 1779 responsales
2871 1725 2972 1779 pro
2997 1724 3058 1761 se
3086 1707 3226 1762 duos
3247 1707 3476 1760 clericos
3503 1705 3672 1771 misit,

405 1806 593 1862 lentiae
619 1805 836 1860 aditum
865 1801 1131 1873 loquendi
1156 1800 1426 1855 concedit.
1472 1801 1629 1855 Tunc
1658 1800 2002 1855 Lanfrancus
2084 1798 2180 1870 qui
2209 1804 2338 1852 ante
2367 1814 2572 1869 papam
2593 1797 2897 1861 venientes,
2925 1797 3059 1851 etin
3083 1813 3310 1851 causam
3335 1795 3676 1862 deﬁcientes,

405 1895 628 1952 decenti
649 1895 775 1965 joco
806 1892 888 1947 ait
920 1910 932 1945 :
961 1892 1081 1946 Tuo
1113 1892 1275 1960 jussu
1315 1889 1600 1960 provincia
1645 1893 1747 1945 tua
1776 1890 2000 1944 discedo
2082 1887 2365 1958 reprobati
2394 1893 2452 1942 et
2469 1886 2621 1958 capti
2647 1892 2799 1942 sunt.
2825 1887 3172 1941 Lanfrancus
3190 1887 3382 1956 jussus
3407 1884 3675 1951 surrexit,

405 1985 594 2056 pedes,
642 1983 746 2037 hoc
788 1981 975 2035 inutili
1017 1984 1318 2050 occupatus
1369 1978 1767 2050 quadrupede;
1813 1980 1898 2034 vel
1937 1984 2001 2034 ut
2081 1977 2237 2048 pravi
2263 1976 2506 2032 rumoris
2532 1994 2568 2030 a
2605 1993 2667 2030 se
2698 1977 2975 2031 maculam
3007 1975 3289 2040 abstersit,
3320 1975 3489 2029 ﬁdem
3519 1991 3684 2029 suam

401 2072 643 2144 jussioni
659 2078 770 2126 tuae
786 2085 984 2142 parere
1004 2068 1306 2139 queam,da
1315 2068 1452 2122 mihi
1468 2085 1673 2138 equum
1693 2068 2004 2125 meliorem.
2085 2066 2359 2137 exposuit,
2389 2064 2694 2136 expositam
2714 2065 2838 2135 plus
2866 2064 3040 2118 sacris
3061 2063 3489 2118 auctoritatibus
3507 2078 3677 2133 quam

409 2161 512 2218 Cui
541 2161 653 2215 dux
679 2158 1016 2215 subridendo
1043 2176 1054 2210 :
1081 2157 1449 2228 Quis,inquit,
1471 2157 1542 2212 ab
1561 2158 1772 2213 offenso
1793 2158 2002 2228 judice,

403 2251 608 2306 infecto
656 2248 799 2303 illati
839 2247 1094 2302 criminis
1145 2246 1391 2316 negotio,
1441 2263 1680 2302 munera
1703 2246 2002 2319 exposcit?

405 2339 658 2396 Tandem
685 2336 1091 2392 disertissimus
1138 2339 1330 2390 orator
1365 2336 1526 2406 petiit
1554 2336 1921 2402 audientiam,
1949 2342 2006 2391 et

2085 2155 2434 2226 argumentis
2465 2153 2736 2225 probavit.
2773 2153 2932 2217 Quod
2961 2153 3101 2207 dixit
3127 2159 3185 2207 et
3211 2153 3469 2224 probavit
3499 2152 3682 2206 omni-

2087 2244 2191 2299 bus
2220 2244 2450 2316 placuit,
2483 2243 2622 2297 nulli
2671 2242 2974 2313 displicuit.
3017 2242 3094 2315 (‘8;
3121 2243 3251 2296 Haec
3281 2243 3478 2296 eadem
3506 2243 3566 2295 in
3591 2258 3680 2312 sy-

2088 2334 2234 2388 nodo
2263 2332 2602 2388 Vercellensi
2627 2336 2871 2386 retracta
2897 2336 3049 2397 sunt,
3081 2337 3139 2386 et
3163 2331 3444 2386 sententia
3472 2332 3684 2386 Beren-

311 2457 316 2460 -
409 2429 526 2485 Deo
555 2426 662 2483 sibi
683 2442 846 2498 opem
875 2424 1337 2480 subministrante
1366 2441 1592 2480 causam
1621 2425 2004 2494 exorsus,bre-
2084 2423 2231 2494 garii
2255 2423 2447 2478 audita
2471 2429 2527 2477 et
2553 2421 2880 2493 reprobata;
2910 2422 3050 2477 ﬁdes
3074 2438 3204 2476 vero
3235 2422 3685 2491 Ecclesiae,quam

406 2515 459 2570 vi
485 2516 556 2570 ad
586 2520 843 2586 optatum
866 2515 1032 2569 ﬁnem
1050 2513 1350 2585 peroravit.
1372 2514 1435 2568 In
1457 2513 1860 2585 amplissimam
1873 2532 2004 2586 gra-
2090 2513 2434 2570 Lanfrancus
2477 2511 2706 2566 tenebat
2745 2518 2802 2566 et
2832 2510 3138 2577 astruebat,
3171 2510 3441 2582 exposita,
3475 2515 3532 2564 et
3553 2525 3683 2563 con-

408 2605 550 2659 tiam
595 2604 745 2659 illico
776 2610 1052 2676 receptus,
1074 2603 1278 2674 accipit
1306 2602 1642 2674 promissum
1668 2604 1816 2674 quod
1853 2604 2008 2659 nulla
2090 2602 2511 2657 cordiomnium
2529 2617 2760 2656 assensu
2773 2602 3102 2656 conﬁrmata
3128 2601 3376 2665 est.Qua2
3406 2600 3687 2656 sententia

408 2693 670 2764 deinceps
690 2693 1046 2747 accusatione
1059 2691 1274 2746 subiret
1294 2692 1572 2763 purgandi
1597 2693 2006 2764 praajudicium.
2088 2707 2202 2746 non
2221 2692 2297 2746 eff
2297 2691 2418 2761 ugit
2431 2691 2600 2762 hujus
2615 2690 2818 2744 Leonis
2832 2706 2988 2762 papae
2999 2690 3657 2745 successoremVictorem
3668 2731 3681 2743 .

411 2781 734 2836 Gratissimi
755 2797 882 2834 mox
903 2781 1210 2834 succedunt
1229 2780 1517 2851 amplexus
1536 2786 1593 2834 et
1616 2781 2006 2837 oscula.Multo
2093 2781 2181 2852 (η’)
2210 2780 2463 2851 Denique
2493 2779 2551 2833 in
2589 2779 2822 2833 concilio
2858 2780 3170 2834 Turonensi
3201 2780 3336 2848 (16),
3390 2779 3481 2834 cui
3508 2779 3684 2850 ipsius

407 2870 578 2926 etiam
610 2886 737 2924 cum
761 2874 1065 2940 augmento
1090 2869 1438 2924 restituenda
1455 2870 1864 2940 promittuntur
1883 2887 2005 2942 qua;
2087 2869 2327 2924 Victoris
2369 2868 2674 2923 interfuere
2713 2873 2882 2938 atque
2909 2868 3180 2939 praefuere
3216 2867 3406 2938 legati,
3439 2868 3573 2922 data
3599 2873 3684 2922 est

409 2957 522 3012 dux
551 2958 878 3029 nuperrime
905 2958 1187 3013 devastari
1203 2959 1474 3029 jusserat.
1510 2959 1852 3014 Alacerrime
1879 2961 2004 3030 qui-
2088 2959 2196 3030 ipsi
2215 2957 2556 3028 Berengario
2571 2957 2724 3028 optio
2739 2956 3072 3011 defendendi
3085 2961 3300 3028 partem
3326 2973 3680 3027 suam;quam

405 3047 534 3102 dam
569 3063 924 3118 praecurrens
979 3047 1206 3102 nuntiat
1261 3046 1529 3102 fratribus
1582 3047 1742 3102 illum
1795 3049 1998 3104 redire.
2019 3052 2063 3112 Ο
2085 3065 2212 3104 cum
2233 3047 2640 3102 defendendam
2671 3046 2954 3118 suscipere
2985 3062 3098 3100 non
3119 3047 3371 3112 auderet,
3398 3046 3681 3101 confessus

406 3136 843 3191 Commutantur
861 3137 1140 3207 lacrymze,
1159 3141 1427 3207 personat
1442 3152 1554 3190 non
1577 3137 1771 3204 semel,
1793 3138 1889 3192 sed
1908 3154 2007 3209 per
2087 3143 2174 3193 est
2200 3153 2387 3192 coram
2419 3135 2677 3190 omnibus
2706 3151 3061 3190 communem
3093 3135 3348 3190 Ecclesia
3377 3135 3544 3190 ﬁdem
3570 3155 3583 3203 ;
3625 3141 3682 3190 et

409 3229 590 3280 totum
619 3226 767 3280 diem
796 3225 1006 3296 ubique
1035 3225 1201 3279 corde
1226 3231 1283 3279 et
1310 3242 1407 3278 ore
1435 3242 1470 3278 a
1497 3226 1710 3280 cunctis
1747 3226 1902 3297 pium
1941 3229 2005 3282 Te
2080 3226 2291 3297 juravit
2317 3225 2388 3280 ab
2407 3225 2506 3279 illa
2523 3225 2664 3279 hora
2689 3241 2750 3278 se
2775 3224 2855 3278 ita
2881 3225 3246 3292 crediturum,
3273 3224 3421 3280 sicut
3439 3225 3683 3280 Ecclesia

407 3316 584 3368 Deum
617 3316 934 3368 laudamus.
979 3313 1166 3367 Abbas
1192 3313 1492 3384 inopinata:
1531 3315 1614 3368 rei
1648 3315 1814 3368 ﬁdem
1848 3315 2004 3370 adhi-

407 3401 539 3456 bere
568 3419 680 3456 non
707 3405 929 3472 poterat
943 3407 1173 3472 propter
1199 3401 1482 3456 feritatem
1504 3418 1672 3472 quam
1697 3403 1756 3456 in
1774 3403 2002 3459 domino

407 3490 636 3558 sciebat,
693 3490 871 3545 donec
913 3490 1265 3545 desideratus
1310 3490 1553 3545 advenit.
1603 3492 2005 3548 Accumulatur

404 3579 696 3652 gaudium,
731 3579 865 3650 quia
909 3579 1272 3634 incensorum
1318 3580 1382 3634 ﬁt
1427 3579 1649 3651 integra
1677 3581 1998 3649 restitutio;

406 3673 688 3723 terrarum
729 3683 951 3740 quoque
995 3668 1178 3723 eidem
1225 3668 1472 3723 ecclesiae
1509 3686 1899 3725 concessurum
1929 3669 2000 3725 ab

407 3757 607 3813 eodem
639 3757 864 3812 domino
903 3757 1190 3812 obtinetur
1217 3758 1587 3812 conﬁrmatio.

475 3848 530 3902 8.
547 3847 632 3911 (ιε’)
651 3847 832 3918 Hujus
852 3851 969 3902 tam
995 3845 1318 3918 improvidae
1337 3847 1610 3917 jussionis
1636 3864 1863 3903 causam
1889 3847 2003 3919 (13)

406 3936 587 4003 aiunt,
617 3937 766 4008 quod
789 3936 940 3991 idem
965 3935 1310 3992 Lanfrancus
1351 3937 1770 3992 contradicebat
1789 3938 2001 4010 nuptiis

405 4024 536 4080 filim
557 4025 780 4080 comitis
807 4025 1104 4092 Flandriae,
1151 4041 1322 4097 quam
1359 4025 1479 4096 ipse
1507 4025 1612 4080 sibi
1639 4026 1752 4081 dux
1779 4028 2002 4098 copula-

406 4119 564 4169 verat
586 4113 644 4169 in
675 4114 1058 4181 matrimonio,
1101 4114 1235 4185 quia
1262 4114 1519 4185 proxima
1546 4115 1731 4170 carnis
1767 4132 2001 4170 consan-

400 4203 677 4274 guinitate
687 4202 1216 4275 jungebatur.Unde
1235 4203 1568 4259 auctoritate
1587 4205 1826 4259 Romani
1841 4222 2000 4278 papae

2083 3320 2258 3371 tenet.
2293 3315 2452 3378 Quod
2465 3315 2856 3384 juramentum
2884 3318 3291 3384 transgressus,
3315 3313 3681 3369 nihilominus

2085 3404 2330 3475 primum
2359 3403 2564 3472 dogma
2603 3402 2663 3456 in
2691 3403 2896 3474 pepulo
2915 3419 3180 3474 spargere
3210 3419 3324 3457 non
3349 3403 3556 3457 omisit.
3591 3403 3676 3474 (³ο)

2085 3494 2245 3558 Quod
2257 3510 2384 3548 cum
2406 3492 2661 3547 audisset
2689 3493 2954 3548 Nicolaus
2982 3492 3500 3559 secundus,vocavit
3526 3509 3674 3560 eum;

2085 3583 2180 3654 qui
2196 3583 2432 3637 Romam
2453 3583 2765 3648 veniens,et
2779 3599 2959 3637 causa
2983 3599 3099 3637 suae
3112 3582 3392 3650 difﬁdens,
3417 3588 3474 3637 et
3493 3588 3679 3654 patro-

2083 3673 2230 3726 cinio
2258 3688 2454 3726 eorum
2483 3688 2623 3742 quos
2662 3671 2768 3726 sibi
2815 3672 3083 3743 impensis
3107 3672 3391 3727 beneﬁciis
3420 3673 3679 3727 concilia-

2079 3767 2254 3828 verat,
2285 3777 2486 3832 parum
2515 3760 2820 3828 conﬁdens,
2853 3777 2980 3815 cum
3011 3777 3124 3815 non
3144 3761 3378 3816 auderet
3397 3777 3558 3816 suam
3586 3761 3680 3815 de-

2081 3850 2299 3905 fensare
2327 3848 2687 3916 sententiam,
2721 3850 3023 3920 postulavit
3050 3850 3342 3904 Nicolaum
3370 3851 3678 3905 secundum

2083 3941 2318 4010 ejusque
2344 3939 2661 4003 concilium,
2692 3944 2969 4009 quatenus
2997 3939 3184 4005 ﬁdem,
3210 3955 3378 4010 quam
3408 3939 3569 3994 illum
3598 3945 3678 3994 te-

2082 4044 2218 4083 nere
2245 4027 2486 4093 volebat,
2510 4027 2692 4082 verbis
2711 4027 2818 4081 sibi
2840 4034 3161 4098 exponeret,
3177 4027 3382 4099 scripto
3401 4029 3672 4083 ﬁrmaret.

2082 4118 2279 4188 Itaque
2291 4115 2526 4188 jubente
2547 4132 2712 4188 papa,
2736 4116 2873 4170 ﬁdes
2890 4116 3072 4170 verbis
3097 4116 3432 4188 exposita,et
3445 4118 3673 4189 scripta,

2082 4204 2400 4260 etomnium
2425 4221 2660 4259 assensu
2684 4205 3037 4269 conﬁrmata,
3058 4204 3267 4258 tradita
3285 4209 3371 4259 est
3399 4205 3676 4275 Berenga-

400 4297 521 4348 tota
547 4293 814 4349 Neustria
849 4293 1036 4348 fuerat
1070 4292 1142 4347 ab
1186 4292 1368 4347 ofﬁcio
1399 4293 1839 4349 Christianitatis
1875 4311 1994 4350 sus-
2013 4291 2062 4350 D
2080 4295 2165 4349 rio
2185 4293 2257 4348 ad
2274 4294 2592 4364 legendum.
2616 4293 2862 4366 Accepit,
2887 4293 3040 4365 legit,
3063 4293 3150 4365 (9‘)
3169 4299 3226 4348 et
3249 4311 3374 4349 eam
3395 4310 3455 4348 se
3479 4300 3674 4349 tenere

401 4397 579 4452 pensa
629 4387 689 4437 et
738 4382 1060 4437 interdicta.
1119 4381 1476 4454 Quapropter
1515 4383 1862 4438 Lanfrancus
1888 4385 1988 4439 ite-

400 4485 530 4524 rum
558 4469 877 4527 Romanum
905 4486 1108 4542 papam
1138 4469 1311 4539 adiit;
1348 4471 1471 4541 jam
1508 4471 1659 4526 enim
1687 4477 1854 4528 antea
1884 4472 1997 4528 Ro-

480 4609 589 4681 (13)
625 4611 810 4666 Aliam
840 4627 1064 4666 causam
1111 4611 1280 4681 hujus
1318 4611 1400 4667 rei
1441 4619 1637 4668 narrat
1673 4615 1996 4671 Willelmus

401 4682 932 4758 Malmesburiensis,
959 4699 1125 4758 quam
1143 4683 1264 4752 ejus
1287 4682 1468 4738 verbis
1496 4701 1771 4756 exponere
1788 4688 1948 4758 juvat
1979 4705 1992 4741 :

400 4755 714 4827 Lanfranco
766 4755 919 4822 apud
961 4756 1196 4827 BeccumA
1240 4755 1590 4826 monac/tato,
1617 4773 1744 4812 cum
1791 4755 1994 4827 ubique

400 4825 668 4879 sclwlares
697 4827 912 4894 inflatis
955 4827 1133 4879 buccis
1161 4825 1505 4882 dialecticam
1532 4825 1836 4894 ructarent,
1863 4825 1994 4884 Her-

398 4897 578 4964 fastus
597 4898 722 4969 jam
764 4897 1026 4951 Willelmi
1065 4899 1300 4962 comitis,
1344 4903 1528 4966 postea
1565 4903 1728 4967 regis,
1758 4904 1992 4969 capella-

398 4981 522 5032 nus,
556 4967 629 5020 ad
658 4968 934 5035 famosum
979 4972 1357 5036 gymnasium,
1391 4985 1598 5038 magna
1638 4967 1912 5025 sociorum
1942 4976 1992 5024 et

392 5053 660 5105 equorum
685 5054 885 5107 pompa
912 5041 1180 5108 pervenit.
1220 5041 1376 5094 Tunc
1400 5043 1752 5108 Lanfrancus
1780 5058 1847 5095 ea:
1869 5044 1991 5110 pri-

394 5124 488 5162 ma
516 5111 869 5164 collocatione
897 5112 1218 5176 intelligens
1237 5128 1407 5179 quam
1431 5127 1598 5180 prope
1628 5113 1774 5166 nihil
1805 5115 1985 5179 sciret,

393 5181 779 5234 abecedarium
832 5183 941 5249 ipsi
971 5182 1365 5248 expediendum
1402 5185 1672 5251 apposuit,
1720 5185 1988 5251 ferociam

391 5251 634 5304 hominis
661 5253 854 5305 italica
901 5252 1102 5318 facetia
1150 5254 1414 5307 illudens.
1469 5255 1582 5320 Quo
1612 5257 1659 5307 is
1698 5256 1880 5308 iratus
1905 5271 1988 5308 co-

390 5325 581 5396 mitem
610 5324 883 5396 pere/fecit
908 5321 969 5393 [i.
997 5338 1048 5377 e.
1066 5338 1169 5390 per
1186 5326 1436 5378 comitem
1463 5327 1633 5392 effecit
1662 5324 1760 5378 En.
1785 5325 1983 5396 Pun]

388 5397 452 5445 ut
471 5393 822 5460 Lanfrancus
852 5395 1008 5448 Becco
1048 5396 1307 5463 omnique
1355 5396 1714 5450 Normannia
1744 5393 1984 5452 summa;

388 5469 628 5516 veretur.
650 5463 775 5531 Sed,
803 5471 909 5519 etc.

2074 4383 2304 4454 juravit,
2334 4399 2618 4454 manuque
2639 4383 2867 4454 propria
2895 4382 3240 4454 subscripsit.
3262 4383 3384 4447 Quo
3411 4382 3555 4437 facto
3577 4400 3674 4454 ga-

2079 4473 2230 4529 visus
2260 4478 2347 4527 est
2375 4488 2540 4544 papa,
2574 4477 2632 4527 et
2657 4471 2822 4526 multi
2852 4471 2964 4538 alii,
3010 4472 3080 4526 de
3120 4472 3242 4541 ejus
3274 4472 3591 4527 reversione
3616 4476 3674 4527 et

2079 4614 2253 4670 refert
2295 4619 2487 4686 noster
2523 4613 2795 4686 Acherius
2832 4612 2895 4686 in
2927 4613 3042 4667 suis
3072 4614 3241 4686 notis.
3282 4615 3411 4670 Haec
3438 4613 3560 4686 ipsa
3587 4621 3674 4669 est

2080 4703 2202 4756 quae
2248 4703 2282 4740 a
2320 4685 2519 4739 clerico
2565 4685 2808 4755 quodam
2862 4684 3129 4756 Remensi
3167 4685 3404 4740 Romam
3454 4684 3675 4756 perlata

2076 4755 2471 4828 Lanfrancum
2494 4755 3048 4828 idegBerengariana
3101 4756 3299 4810 haeresi
3348 4755 3670 4828 suspectum

2074 4844 2296 4883 summo
2319 4826 2568 4899 pontiﬁci
2594 4826 2770 4899 Leoni
2795 4826 3135 4899 reddiderat,
3179 4843 3352 4899 quam
3397 4826 3669 4899 suspicio-

2073 4915 2203 4954 nem
2233 4895 2458 4970 penitus
2498 4897 2557 4950 in
2598 4896 2824 4970 synodo
2851 4895 3111 4970 Romana
3141 4915 3174 4952 a
3194 4895 3260 4953 se
3289 4895 3514 4970 amovit:
3540 4900 3671 4954 Haec

2071 4967 2252 5041 refert
2271 4967 2617 5041 Lanfrancus
2644 4968 2764 5039 ipse
2810 4967 2872 5041 in
2915 4968 3057 5024 libro
3095 4970 3368 5041 adversus
3391 4969 3670 5041 Berenga-

2071 5040 2240 5114 rium,
2272 5039 2368 5094 ubi
2395 5044 2456 5114 et
2478 5039 2677 5114 eadem
2709 5055 2833 5114 quae
2861 5040 2952 5096 hic
2980 5041 3050 5096 de
3087 5041 3298 5114 synodo
3323 5039 3667 5095 Vercellensi

2071 5111 2352 5177 dicuntur,
2383 5110 2562 5165 fusius
2582 5111 2828 5181 exponit.

2145 5182 2252 5250 (15)
2266 5182 2329 5254 Is
2352 5188 2440 5254 est
2467 5182 2523 5236 S.
2557 5182 2669 5237 Leo
2698 5182 2862 5254 IX,7a
2895 5181 3301 5254 Milonerdictus
3328 5183 3479 5250 VIII,
3515 5183 3664 5254 quod

2069 5252 2326 5308 nonnulli
2346 5253 2611 5325 Leonem,
2639 5253 2737 5323 qui
2765 5253 2835 5308 ab
2865 5254 3070 5308 Ottone
3098 5253 3439 5325 imperatore
3467 5252 3665 5309 contra

2067 5325 2346 5397 Joannem
2373 5324 2475 5378 XII
2506 5331 2728 5397 creatus
2764 5325 2890 5391 fuit,
2921 5324 3242 5380 censuerint
3277 5343 3307 5380 e
3335 5325 3662 5397 pontiﬁcum

2067 5396 2338 5466 Catalogo
2367 5396 2819 5466 expungendum.

2135 5467 2180 5534 (1
2192 5463 2243 5534 6)
2266 5463 2410 5522 Huic
2432 5463 2744 5523 Turonensi
2765 5465 3000 5521 concilio
3020 5465 3265 5522 adfuisse
3285 5466 3662 5523 Lanfrancum

457 5531 579 5606 (14)
604 5533 912 5605 Epistolam
954 5535 1099 5590 hanc
1143 5535 1468 5606 Berengarii
1498 5537 1570 5592 ad
1600 5537 1974 5594 Lanfrancum
2057 5531 2338 5594 testis'est
2364 5537 2665 5594 Ordericus
2691 5537 2911 5606 Vitalis,
2944 5537 3038 5593 lib.
3070 5555 3124 5594 xv
3156 5538 3435 5594 Historiae.
