4008 6186
348 309 395 364 :37
1821 292 1859 344 ν
1870 293 1980 346 ΙΤΛ
1995 335 2004 346 .

3486 294 3554 353 38

341 427 645 488 conversione,
678 423 771 493 qui
803 427 971 475 antea
998 418 1262 473 dolebant
1290 420 1359 474 (le
1398 422 1519 490 ejus
1548 419 1854 475 aversione.
1877 421 1926 478 Α
1944 431 2171 486 operam
2204 432 2362 469 suam
2390 417 2700 487 expendere
2725 417 2978 476 desistat.
3013 437 3037 471 »
3070 421 3184 475 Nec
3213 421 3388 477 multo
3416 428 3543 494 post

343 521 480 589 Hujus
515 511 834 570 sacramenti
881 510 1185 580 sacrilegus
1221 516 1622 581 transgressor,
1665 515 1860 564 contra

340 607 564 681 prafatsm
597 601 890 674 synodum,
931 603 1126 654 contra
1181 599 1514 654 catholicam
1565 599 1859 653 veritatem

339 696 636 763 omniumque
679 689 1178 745 ecclesiasticorum
1235 688 1524 743 doctorum
1578 688 1744 742 ﬁdem
1777 686 1856 758 (θ’)

334 785 548 854 scriptum
585 785 773 851 postea
809 777 1075 832 condidit.
1123 777 1226 831 Cui
1257 777 1599 832 Lanfrancus
1627 793 1858 848 respon-

333 875 452 936 dens,
477 870 566 925 sub
592 868 813 922 nomine
855 867 1119 938 epistolae,
1152 865 1239 928 (³³)
1267 865 1517 920 libellum
1547 867 1859 937 elegantem

331 957 602 1030 composuit,
637 955 907 1009 catholica
932 955 1165 1008 veritate
1194 956 1517 1021 subnixum,
1560 962 1618 1010 et
1647 963 1862 1010 sancto-

327 1065 426 1103 rum
435 1047 637 1101 Patrum
651 1044 900 1116 undique
912 1044 1341 1099 auctoritatibus
1354 1044 1772 1100 corroboratum
1782 1046 1861 1110 ,in

329 1154 412 1209 quo
427 1134 899 1190 inveniuntur'ista
928 1150 1050 1204 quae
1083 1134 1345 1188 diximus.
1387 1135 1487 1188 His
1513 1135 1662 1188 enim
1686 1135 1860 1205 gestis

325 1226 610 1281 Lanfrancus
636 1223 907 1289 interfuit,
941 1223 1038 1294 qui
1066 1239 1235 1278 causa
1279 1224 1446 1294 hujus
1484 1224 1599 1278 litis
1625 1225 1860 1278 Romam

324 1320 523 1380 venerat,
548 1319 602 1367 et
620 1318 684 1366 ut
705 1318 900 1383 ageret
917 1329 1019 1385 pro
1048 1313 1189 1367 duce
1215 1315 1627 1368 Normanorum
1644 1319 1701 1368 et
1723 1330 1860 1368 uxo-

322 1421 367 1458 re
381 1405 478 1474 ejus
501 1403 640 1473 apud
660 1403 1053 1472 apostolicum,
1085 1419 1187 1472 pro
1205 1419 1317 1473 qua
1335 1419 1416 1467 re,
1440 1403 1585 1457 sicut
1598 1402 1856 1468 diximus,

323 1493 424 1546 illuc
446 1496 768 1562 perrexerat.
804 1491 984 1561 Igitur
1011 1491 1230 1545 locutus
1267 1507 1394 1545 cum
1426 1507 1572 1563 papa
1610 1490 1860 1558 Nicolao,

321 1580 517 1635 ostendit
540 1579 672 1651 quia
698 1578 819 1649 ejus
846 1580 1124 1634 sententia
1155 1580 1277 1634 illos
1305 1586 1529 1635 tantum
1575 1579 1863 1650 gravabat,

319 1670 392 1739 qui
415 1685 495 1722 eos
521 1685 618 1722 nec
647 1670 774 1739 conj
785 1673 1076 1734 unxerant,
1107 1685 1212 1723 nec
1264 1685 1526 1740 separare
1570 1675 1862 1739 poterant;

1942 505 2274 576 presbyterii
2312 523 2445 576 pars
2474 506 2704 560 dextera
2732 509 2960 574 corruit,
2998 509 3052 563 in
3093 527 3203 581 qua
3231 511 3539 566 oratorium

1941 599 2080 658 erat,
2116 599 2174 647 et
2197 595 2374 648 altare
2416 596 2594 649 sancti
2631 597 2934 650 Benedicti.
2978 599 3215 653 Anxiato
3239 616 3408 672 super
3438 601 3543 656 hoc

1941 689 1998 737 et
2045 684 2286 737 multum
2330 684 2661 738 conturbato
2711 685 2900 739 abbati
2952 703 3088 742 suus
3137 688 3196 741 in
3240 688 3392 743 omni
3435 705 3540 744 sua

1942 772 2285 826 desolatione
2335 774 2654 827 consolator
2705 775 2952 841 accessit,
2996 775 3292 831 obsecrans
3339 783 3421 846 ut,
3455 779 3542 833 vel

1943 877 2091 914 nunc
2120 861 2496 932 acquiescens,
2541 864 2758 932 majora
2785 864 3077 919 inchoaret
3102 866 3354 922 aediﬁcia.
3387 870 3538 924 Tan-

1943 949 2070 1003 dem
2098 950 2291 1016 victus,
2342 967 2501 1021 spem
2549 951 2606 1004 in
2658 952 2772 1005 Deo
2803 953 3172 1008 certissimam
3213 973 3442 1028 gerens,
3484 964 3542 1013 et

1943 1039 2249 1110 plurimum
2290 1039 2346 1093 in
2397 1038 2700 1093 consiliarii
2748 1040 2834 1094 sui
2891 1059 2993 1112 ope.
3043 1045 3347 1112 conﬁdens,
3381 1048 3543 1118 cujus

1943 1144 2113 1198 opera
2140 1128 2244 1182 sibi
2274 1127 2421 1182 bona
2454 1128 2643 1182 omnia
2683 1129 3105 1199 proveniebant,
3144 1132 3202 1186 in
3244 1134 3543 1190 salubriori

1943 1217 2182 1271 multum
2218 1222 2274 1270 et
2304 1217 2741 1271 convenientiori
2769 1218 2888 1272 loco
2931 1235 3072 1274 nova
3101 1220 3398 1290 inchoavit,
3429 1241 3544 1280 mo-

1945 1305 2253 1359 nasterium
2283 1313 2338 1359 et
2386 1305 2653 1372 ofﬁcinas,
2695 1323 2834 1376 opus
2866 1308 3200 1378 pergrande,
3237 1311 3385 1380 quod
3423 1329 3538 1367 non

1943 1411 2032 1447 res
2055 1394 2309 1465 propriae,
2338 1411 2460 1464 quae
2483 1395 2666 1448 adhuc
2694 1401 2856 1449 erant
2900 1397 3248 1466 permodica,
3281 1399 3378 1453 sed
3403 1399 3543 1455 ﬁdes

1948 1482 2006 1537 in
2051 1483 2230 1537 Deum
2260 1485 2440 1549 ﬁrma,
2474 1488 2529 1537 et
2557 1500 2683 1554 spes
2711 1489 2881 1552 certa,
2916 1485 3174 1540 universa
3203 1487 3540 1542 conferendo

1949 1572 2335 1626 accumulavit.
2379 1573 2722 1627 Lanfrancus
2779 1572 3001 1644 quoque
3045 1575 3271 1629 licentia
3323 1575 3543 1633 abbatis

1949 1661 2036 1715 sui
2060 1661 2142 1730 (³⁷)
2174 1661 2378 1714 iterum
2429 1662 2676 1715 scholam
2720 1662 2921 1728 tenuit,
2961 1668 3017 1717 et
3045 1680 3113 1717 ea
3159 1681 3281 1736 quae
3315 1683 3349 1720 a
3389 1667 3546 1720 scho-

318 1775 417 1812 nam
442 1758 540 1812 dux
581 1759 835 1829 puellam
883 1773 1054 1828 quam
1083 1739 1376 1828 acceperat
1404 1758 1557 1812 nullo
1587 1763 1748 1828 pacto
1775 1739 1926 1812 di-B
1947 1751 2158 1804 lasticis
2185 1750 2493 1821 accipiebat
2520 1749 2710 1804 abbati
2758 1751 3097 1818 conferebat,
3131 1752 3302 1808 abbas
3350 1770 3546 1826 cpera-

319 1848 496 1900 mittere
515 1847 695 1901 vellet.
729 1847 846 1901 Hoc
873 1846 1106 1900 audiens
1126 1851 1183 1900 et
1205 1863 1396 1901 verum
1417 1863 1541 1902 esse
1569 1848 1865 1902 advertens

318 1951 522 1989 summus
547 1935 819 2006 pontifex,
861 1934 1274 2007 dispensatione
1298 1935 1514 2005 habita,
1541 1936 1864 2006 conjugium

318 2024 551 2088 concessit,
577 2041 644 2078 eo
664 2028 856 2078 tamen
889 2024 1053 2078 modo
1079 2029 1356 2094 quatenus
1375 2025 1486 2078 dux
1507 2030 1564 2078 et
1587 2042 1726 2079 uxor
1745 2026 1792 2095 ej
1802 2043 1864 2079 us

317 2109 399 2162 duo
435 2108 772 2162 monasteria
815 2113 1224 2173 construerent,
1258 2110 1318 2162 in
1358 2108 1566 2180 quibus
1611 2109 1864 2179 singulas

314 2198 733 2268 congregationes
761 2198 1008 2252 virorum
1032 2214 1097 2252 ac
1125 2197 1423 2252 mulierum
1459 2198 1859 2265 coadunarent,

314 2287 388 2354 qui
411 2286 473 2340 ibi
506 2287 605 2340 sub
635 2303 844 2341 norma
887 2291 1094 2340 sanctae
1135 2286 1421 2356 religionis
1455 2287 1545 2341 die
1583 2293 1863 2358 noctuque

310 2374 399 2428 Deo
429 2375 789 2439 deservirent,
812 2380 870 2429 et
899 2392 1000 2446 pro
1025 2375 1205 2429 salute
1234 2391 1428 2429 eorum
1460 2376 1858 2446 supplicarent.

309 2461 394 2529 (17)
409 2463 588 2518 Paruit
613 2465 732 2519 dux
763 2464 1083 2535 apostolicae
1115 2464 1533 2535 dispensationi,
1556 2470 1614 2518 et
1630 2465 1864 2519 aediﬁca-

309 2558 469 2606 verunt
496 2552 603 2607 duo
628 2553 979 2608 monasteria
1008 2553 1066 2607 in
1096 2553 1303 2624 praedio
1333 2552 1418 2616 (Ἃ)
1449 2553 1598 2623 quod
1624 2553 1866 2624 antiqui-

304 2646 373 2694 tas
387 2641 682 2696 Cadomum
706 2641 1066 2712 nuncupabat
1080 2687 1092 2698 .
1115 2641 1200 2706 (9‘)
1215 2643 1338 2696 Dux
1358 2658 1532 2696 unum
1563 2643 1866 2696 monacho-

303 2745 402 2783 rum
443 2731 491 2783 in
525 2731 760 2785 nomine
801 2731 981 2784 sancti
1009 2731 1278 2802 Stephani
1309 2731 1778 2802 protomartyris;
1808 2736 1869 2786 .et

295 2832 417 2869 .uxor
439 2819 550 2886 ejus
565 2818 652 2889 (³⁸)
670 2819 915 2872 alterum
944 2818 1453 2872 sanctimonialium
1484 2818 1544 2872 in
1566 2819 1792 2872 nomine
1814 2824 1871 2873 et

301 2904 480 2960 honore
515 2912 727 2960 sanctae
755 2906 1081 2973 Trinitatis;
1114 2907 1317 2977 quibus
1352 2912 1578 2961 tantum
1603 2907 1673 2960 de
1701 2907 1868 2961 rebus

301 3000 346 3046 et
379 2995 640 3050 reditibus
692 2995 810 3049 suis
860 2996 1237 3061 contulerunt,
1271 3001 1542 3066 quantum
1588 2995 1870 3051 sufﬁceret

301 3082 474 3137 ibidem
507 3083 896 3140 habitantibus
919 3090 976 3138 et
994 3085 1065 3138 ad
1096 3085 1301 3138 victum
1323 3089 1380 3138 et
1403 3085 1688 3139 vestitum.

682 3232 686 3234 .
895 3174 1128 3228 CAPUT
1156 3174 1248 3228 1V.

368 3259 413 3317 9.
436 3261 538 3316 Per
554 3263 715 3317 idem
741 3267 967 3333 tempus
987 3268 1268 3316 crescente
1281 3263 1542 3317 Beccensi
1570 3279 1869 3333 congrega-

295 3349 441 3410 tione,
463 3351 518 3405 in
550 3369 621 3406 eo
649 3353 775 3406 loco
797 3351 1032 3421 contigit
1059 3352 1197 3405 illud
1218 3352 1430 3406 dictum
1451 3369 1485 3406 a
1513 3354 1749 3406 Domino
1769 3368 1869 3423 per

296 3436 469 3492 Isaiam
497 3440 839 3512 prophetam
869 3458 880 3492 :
928 3440 1216 3508 Angustus
1256 3441 1396 3496 mihi
1429 3447 1503 3496 est
1547 3444 1734 3504 locus;
1778 3444 1868 3508 fac

290 3530 505 3594 spatium
534 3536 606 3583 ut
641 3530 950 3589 inhabilem
993 3529 1152 3596 (Isai.
1190 3543 1339 3594 xmx,
1378 3529 1488 3584 20).
1534 3530 1866 3601 Spatiositas

293 3615 418 3669 enim
443 3617 748 3673 domorum
778 3633 948 3688 parva
977 3617 1397 3672 multitudinem
1427 3618 1732 3673 adunatam
1757 3619 1867 3673 fra-

289 3709 416 3759 trum
429 3707 547 3775 jam
572 3722 783 3776 capere
811 3722 924 3761 non
951 3705 1199 3773 valebat;
1233 3707 1330 3761 sed
1359 3707 1500 3761 situs
1522 3708 1625 3761 loci
1652 3708 1866 3762 incolu-

291 3795 448 3848 mitati
471 3796 810 3866 degentium
837 3796 1151 3850 contrarius
1173 3795 1462 3851 existebat.
1485 3797 1681 3867 Itaque
1708 3814 1869 3852 vene-

287 3880 454 3938 rabilis
482 3885 840 3939 Lanfrancus
867 3889 1120 3939 sanctum
1163 3885 1388 3939 Patrem
1436 3886 1772 3940 Herluinum
1801 3887 1870 3942 de

289 3968 495 4041 majoris
535 3973 875 4028 monasterii
922 3973 1287 4027 aediﬁcatione
1317 3974 1652 4045 compellare
1683 3976 1866 4047 coepit.

291 4056 428 4114 Tanti
480 4062 676 4133 operis
731 4062 907 4116 solam
959 4063 1391 4117 commotionem
1448 4063 1542 4117 ille
1593 4065 1865 4131 extimuit,

289 4149 444 4203 atatis
477 4150 605 4219 jam
646 4149 957 4204 deﬁcientis
991 4150 1203 4205 viribus
1240 4151 1546 4222 plurimum
1590 4153 1869 4208 difﬁdens.

290 4234 611 4305 Confortari,
644 4238 956 4304 adhortari,
1002 4254 1067 4293 ac
1095 4256 1240 4311 saepe
1286 4239 1344 4294 id
1372 4241 1556 4312 ipsum
1593 4242 1868 4313 ingerere,

287 4326 364 4394 qui
386 4333 643 4399 cceperat
669 4344 785 4382 non
813 4326 1126 4394 omittebat,
1166 4329 1355 4384 dicens
1385 4330 1570 4384 locum
1599 4347 1873 4402 aquosum

1890 4371 1937 4430 D

1947 1839 2045 1893 riis
2069 1839 2257 1893 dabat.

2015 1925 2105 1984 10.
2165 1929 2298 1982 Post
2345 1926 2574 1982 triennii
2631 1929 3083 1999 completionem,
3136 1931 3256 1985 sola
3305 1931 3544 1987 necdum

1945 2017 2222 2088 completa
2271 2017 2518 2083 basilica,
2579 2018 2912 2073 venerabilis
2965 2019 3310 2074 Lanfrancus
3374 2021 3542 2093 coepti

1946 2107 2130 2177 operis
2167 2106 2476 2173 institutor,
2505 2113 2622 2161 tam
2650 2108 2806 2162 ducis
2835 2109 3195 2164 Normanniae
3225 2126 3398 2180 quam
3433 2110 3543 2181 pri-

1947 2201 2162 2249 matum
2189 2197 2594 2267 supplicatione
2616 2196 2864 2252 coenobio
2885 2198 3237 2262 Cadomensi,
3264 2199 3412 2269 quod
3431 2198 3544 2253 dux

1944 2285 2172 2339 hortatu
2195 2302 2349 2356 papae
2370 2285 2583 2339 Nicolai
2606 2285 2996 2351 aediﬁcaverat,
3022 2286 3192 2341 abbas
3215 2287 3538 2358 prmﬁcitur.

1945 2374 2052 2437 Qui
2083 2374 2152 2427 de
2181 2375 2520 2428 monasterio
2552 2375 2709 2429 Becci
2733 2375 2804 2429 ad
2830 2375 2934 2429 hoc
2959 2393 3100 2446 opus
3130 2377 3338 2444 exiens,
3363 2393 3542 2432 unum

1945 2463 2104 2517 duxit
2139 2479 2347 2527 secum,
2397 2463 2491 2534 qui
2541 2480 2721 2534 nuper
2765 2464 3019 2518 habitum
3057 2471 3398 2536 susceperat,
3445 2465 3544 2520 sed

1947 2553 2350 2623 professionem
2393 2552 2644 2609 nondum
2692 2554 2917 2619 fecerat,
2963 2553 3188 2608 nomine
3216 2553 3542 2623 Radulfum,

1949 2641 2044 2712 qui
2073 2648 2269 2712 postea
2307 2643 2366 2696 in
2394 2659 2458 2696 eo
2489 2643 2608 2696 loco
2635 2642 2767 2696 fecit
2795 2642 3198 2712 professionem
3225 2662 3237 2710 ;
3271 2649 3328 2697 et
3357 2659 3547 2714 proce-

1949 2730 2116 2785 dente
2152 2737 2424 2802 tempore,
2453 2732 2703 2793 eiusdem
2726 2731 2968 2786 ecclesiis
3004 2732 3364 2786 Cadomensis
3392 2732 3549 2804 prior

1951 2820 2181 2887 exstitit,
2214 2821 2283 2874 ad
2334 2821 2597 2875 ultimum
2631 2820 2802 2874 abbas
2843 2821 2913 2874 de
2966 2821 3118 2875 Bello
3145 2820 3249 2889 (18)
3297 2821 3452 2875 obiit.
3483 2822 3548 2876 In

1949 2909 2190 2961 adventu
2221 2909 2516 2962 Lanfranci
2557 2925 2682 2962 mox
2717 2909 2787 2961 ad
2823 2907 3008 2977 ipsum
3040 2908 3225 2961 locum
3258 2909 3447 2962 venire
3477 2908 3548 2962 ad

1949 2997 2366 3051 conversionem
2397 3003 2688 3068 coeperunt
2715 2996 2928 3050 nobiles
2957 2995 3081 3061 viri,
3120 3001 3176 3049 et
3213 2996 3411 3067 optimi
3442 2996 3549 3050 cle-

1883 3097 1926 3156 ο
1949 3085 2069 3151 rici,
2102 3085 2250 3138 inter
2269 3102 2408 3154 quos
2435 3084 2538 3138 fuit
2571 3084 2830 3154 egregius
2867 3089 2922 3137 et
2962 3082 3294 3138 venerabilis
3322 3085 3546 3138 Willel-

1950 3190 2076 3228 mus
2101 3171 2210 3245 (19)
2230 3173 2444 3228 Rabodi
2481 3174 2647 3239 ﬁlius,
2684 3173 2779 3244 qui
2811 3178 2937 3244 post
2968 3172 3336 3227 Lanfrancum
3367 3174 3548 3228 Cado-

1950 3263 2130 3317 mensi
2170 3263 2425 3316 Ecclesiae
2459 3263 2696 3334 praefuit,
2747 3267 2804 3316 et
2838 3266 3033 3332 postea
3082 3262 3549 3333 Rothomagensis

1949 3352 2398 3422 archiepiscopus
2419 3351 2649 3405 exstitit.
2673 3351 2785 3405 Iste
2805 3350 3122 3404 Willelmus
3143 3367 3270 3404 cum
3291 3351 3549 3406 habitum

1948 3441 2236 3511 religionis
2275 3441 2505 3495 Cadomi
2537 3439 2891 3511 suscepisset,
2926 3439 3130 3494 missus
3163 3445 3249 3493 est
3287 3441 3546 3508 Beccum,

1947 3535 2011 3584 ut
2056 3530 2308 3584 ordinem
2357 3529 2434 3583 ibi
2473 3529 2807 3591 addisceret,
2842 3528 2974 3599 quia
3028 3529 3245 3582 novella
3276 3528 3550 3599 plantatio

1947 3618 2121 3690 ipsius
2142 3618 2246 3674 loci
2275 3619 2524 3673 nondum
2551 3623 2772 3688 poterat
2799 3617 2938 3671 alios
2969 3617 3211 3687 perfecte
3241 3618 3543 3673 instruere.

1949 3709 2061 3762 Iste
2085 3708 2170 3761 vir
2205 3708 2494 3778 generosis
2540 3706 2821 3761 natalibus
2871 3713 3046 3771 ortus,
3093 3707 3346 3777 simplex,
3389 3706 3553 3762 bonis

1949 3795 2198 3850 moribus
2227 3802 2477 3862 ornatus,
2509 3795 2805 3866 religiosus
2832 3812 2843 3844 :
2878 3811 3010 3848 cum
3034 3795 3388 3866 aliquantum
3411 3801 3554 3850 tem-

1953 3885 2102 3956 poris
2145 3883 2221 3939 ibi
2263 3885 2416 3956 prius
2455 3885 2544 3956 [f.,
2591 3883 2771 3956 prior]
2820 3883 3152 3949 claustralis,
3204 3889 3330 3955 post
3379 3883 3550 3939 abbas

1953 3975 2352 4045 transegisset;
2391 3974 2520 4029 inde
2566 3979 2892 4045 assumptus
2923 3972 3029 4043 (³⁸),
3081 3979 3438 4029 consecratus
3468 3978 3556 4029 est

1953 4063 2403 4135 archiepiscopus
2449 4063 2947 4133 Rothomagensis;
3001 4063 3059 4116 in
3109 4079 3220 4133 quo
3267 4063 3387 4117 loco
3432 4079 3556 4134 per-

1953 4153 2186 4223 longum
2230 4157 2452 4224 tempus
2492 4152 2646 4219 vixit,
2681 4158 2738 4206 et
2779 4151 2837 4206 in
2876 4150 3024 4205 bona
3071 4155 3360 4204 senectute
3402 4151 3553 4205 diem

1952 4243 2215 4296 ultimum
2235 4242 2455 4296 clausit.
2475 4242 2541 4296 In
2559 4241 2654 4295 illo
2677 4239 3009 4296 Cadomensi
3025 4238 3274 4292 coenobio
3294 4244 3551 4310 tempore

1954 4330 2272 4394 Lanfranci,
2321 4335 2378 4384 et
2428 4346 2623 4384 eorum
2664 4329 2778 4400 qui,
2828 4328 3093 4382 saeculum
3147 4327 3550 4398 relinquentes,

287 4428 379 4469 non
405 4433 532 4470 esse
574 4422 774 4488 aptum
811 4415 1146 4471 habitationi
1190 4418 1612 4473 monachorum.
1658 4415 2323 4475 Abbate"monasticam
2348 4419 2519 4472 vitam
2550 4417 2654 4472 sub
2700 4434 2766 4472 eo
2803 4417 3186 4488 arripuerunt,
3217 4417 3385 4488 coepit
3427 4416 3556 4472 reli-

282 4505 598 4560 nullatonus
633 4505 1043 4577 acquiescente,
1079 4505 1257 4560 fertur
1289 4506 1498 4561 dixisse
1527 4508 1874 4565 Lanfrancus

283 4593 616 4662 quibusdam
639 4593 923 4649 nobilibus
949 4593 1100 4662 viris,
1123 4611 1250 4649 cum
1276 4595 1475 4666 quibus
1501 4597 1870 4668 loquebatur:

281 4701 298 4729 ί
322 4682 580 4739 Domnus
608 4683 782 4738 abbas
801 4684 1083 4738 consumit
1105 4689 1330 4756 tempus
1352 4689 1408 4738 et
1434 4685 1684 4741 laborem
1711 4705 1874 4743 suum

278 4767 327 4823 in
349 4771 453 4826 hoc
471 4789 698 4845 aquoso
722 4772 862 4839 loco,
879 4789 980 4828 nec
1010 4774 1130 4827 vult
1148 4774 1287 4828 mihi
1315 4774 1562 4842 credere,
1582 4775 1878 4832 utdesinat

275 4858 332 4912 ab
360 4861 470 4916 isto
501 4879 699 4934 opere,
729 4868 786 4917 et
811 4862 1043 4933 incipiat
1067 4862 1218 4916 aliud
1247 4879 1386 4934 opus
1415 4864 1472 4918 in
1501 4866 1709 4920 saniori
1729 4867 1870 4922 loco.

272 4946 407 5002 Deus
436 4951 808 5022 omnipotens
823 4956 890 5016 θ
911 4951 1007 5005 det
1028 4951 1110 5004 illi
1129 4951 1240 5009 tale
1255 4951 1721 5023 impedimentum
1743 4972 1876 5026 qua-

268 5040 424 5093 tenus
477 5056 581 5094 me
621 5039 818 5094 audiat
855 5044 1026 5111 atque
1062 5039 1121 5093 in
1151 5044 1268 5094 tam
1317 5041 1718 5113 incompetenti
1755 5043 1874 5098 loco

331 5177 440 5247 (17)
471 5181 562 5234 De
596 5181 811 5236 duobus
833 5180 958 5235 istis
979 5181 1334 5236 monasteriis
1365 5183 1596 5238 Cadomi
1621 5184 1874 5240 excitatis

263 5252 477 5324 egimus
506 5252 731 5324 praeviis
761 5252 1266 5307 observationibus.

328 5323 442 5385 (48)
470 5323 826 5396 _Ccnnobium
854 5324 923 5396 de
953 5324 1128 5389 Bello,
1162 5325 1326 5395 vulgo
1355 5327 1611 5392 Bataille,
1640 5326 1698 5380 in
1738 5342 1875 5396 agro

259 5390 627 5468 Sussexiensi
648 5395 704 5468 in
714 5394 926 5468 anglia
941 5390 1608 5468 construxit'Guillelmus
1627 5390 1879 5468 conquae-

257 5471 370 5538 star
398 5482 572 5520 anno
607 5464 742 5523 4067
782 5464 841 5520 in
871 5483 936 5521 eo
971 5466 1094 5538 ipso
1131 5467 1250 5522 loco
1299 5467 1414 5533 ubi,
1447 5468 1638 5538 praelia
1685 5464 1881 5524 contra

258 5533 584 5611 Heraldum
595 5606 607 5611 _
630 5537 793 5611 regni
815 5533 1155 5611 invasos-em
1169 5533 1486 5611 commisso,
1519 5539 1704 5611 ipsum
1715 5610 1722 5611 ί
1733 5539 1879 5596 vice-

251 5612 352 5678 rat,
390 5607 570 5682 quod
593 5606 720 5665 ideo
736 5609 955 5666 Bellum
973 5609 1207 5667 vocavit.
1225 5610 1360 5681 Ejus
1377 5606 1618 5667 historia
1638 5610 1879 5668 habetur

1951 4509 2044 4578 gio
2073 4524 2297 4579 magna,
2321 4524 2442 4579 quae
2471 4507 2741 4578 perdurat
2758 4522 2936 4578 usque
2967 4505 3154 4561 hodie.
3189 4507 3414 4562 Interea
3442 4506 3556 4563 dux

1956 4597 2410 4651 Normannorum
2430 4595 2746 4650 Willelmus
2766 4594 3172 4649 hereditarium
3193 4593 3300 4649 sibi
3319 4611 3556 4666 regnum

1955 4685 2169 4755 Angliae
2204 4685 2531 4756 pervadens,
2567 4684 2638 4738 ad
2683 4700 2807 4755 quae
2857 4684 3030 4738 voluit
3052 4685 3186 4754 jura
3229 4683 3506 4755 disposuit
3537 4705 3551 4754 ;

1958 4773 2158 4828 deinde
2186 4773 2257 4828 ad
2290 4772 2698 4828 meliorandum
2740 4771 2996 4827 Ecclesiae
3039 4777 3272 4842 statum,
3304 4773 3556 4828 animum

1957 4863 2217 4918 intendit.
2280 4863 2458 4933 Igitur
2526 4861 2827 4916 Alexandri
2895 4861 3221 4938 uuiversalis
3296 4861 3554 4918 Ecclesiae

1956 4952 2162 5006 summi
2179 4951 2478 5022 pontiﬁcis,
2497 4951 2603 5004 viri
2617 4951 2729 5004 vita
2749 4954 2806 5004 et
2825 4949 3060 5004 scientia
3079 4950 3552 5020 excellentissimi,

1957 5041 2208 5097 consulto
2231 5045 2284 5095 et
2301 5046 2519 5111 rogatu,
2545 5040 2798 5095 omnium
2820 5055 3042 5112 quoque
3063 5040 3286 5111 Anglici
3314 5045 3371 5095 et
3390 5040 3556 5096 Nort-

1957 5184 2016 5238 in
2041 5189 2194 5238 torno
2223 5185 2247 5238 Ι
2278 5183 2570 5238 Monastici
2599 5182 2912 5252 Anglicani,
2938 5179 3205 5253 pag.A310

2030 5253 2132 5335 (19)
2158 5255 2474 5335 Willglrnus
2493 5249 2761 5335 successit
2786 5249 3122 5335 anno—1079,
3155 5251 3357 5335 Joanni
3377 5249 3556 5305 archi-

1959 5326 2220 5396 episcopo
2277 5325 2730 5396 Rothomagensi,
2779 5342 2949 5396 quam
2996 5326 3191 5406 sedem
3231 5322 3557 5406 ad.anuum

1964 5395 2101 5449 1110
2126 5396 2325 5449 tenuit.
2361 5398 2494 5449 Eius
2524 5397 2720 5449 laudes
2751 5402 3107 5449 nroseaultur
3135 5392 3436 5448 Ordericus
3471 5395 3559 5449 V1-

1964 5394 2101 5453 1Ἶ10
2126 5394 2325 5451 tenuit.
2361 5398 2494 5467 Ejus
2524 5394 2720 5451 laudes
2789 5394 3107 5466 rosequitur
3135 5394 3436 5448 Ordericus
3471 5394 3558 5449 Vi-

1958 5467 2210 5546 talis_lib_.
2235 5485 2303 5546 vi
2319 5469 2389 5546 ad
2419 5485 2645 5546 annum.
2664 5413 2800 5523 10%
2817 5467 2952 5546 ;_cui
2975 5465 3097 5546 Aelii
3125 5469 3384 5546 auctores
3421 5481 3558 5546 con-

1960 5539 2230 5623 sentiunt.
2262 5539 2549 5598 Ratbodus
2597 5540 2720 5611 ejus
2765 5542 2926 5611 pater
2967 5535 3082 5592 fuit
3120 5536 3413 5608 episcopus
3452 5537 3556 5594 Sa-

1959 5627 2189 5683 giensis.
