4008 6186
422 288 492 347 39
1406 278 1468 332 B.
1512 281 1922 342 LANFRANC]
1968 288 2325 347 CANTUAR.
2370 289 2706 344 ARCHIICP.
3629 289 3692 346 40

420 415 665 471 mannici
683 411 904 484 imperii
919 407 1624 481 magnatumlibentissimo
1640 427 1893 479 assensu,
1918 431 2012 468 rex
2031 421 2069 475 Α
2095 417 2275 469 mensi
2307 417 2463 470 illum
2482 415 2730 487 praefecit
2761 413 3016 468 invitum.
3043 413 3122 467 Ea
3149 417 3486 486 tempestate
3507 414 3696 468 civitas

416 505 751 570 Willelmus,
797 501 944 572 quod
980 499 1335 570 potissimum
1367 499 1658 570 solumque
1687 503 2014 572 acceptabat

417 593 734 658 consilium,
750 591 1032 646 doctorem
1046 604 1216 660 supra
1231 594 1623 657 memoratum,
1640 590 2011 646 Lanfrancum

417 683 644 746 scilicet,
680 681 750 735 ad
787 681 891 732 hoc
915 677 1085 748 elegit
1114 677 1402 747 negotium
1429 678 1866 748 suscipiendum.

1058 766 1290 820 CAPUT
1309 766 1375 818 V.

491 860 576 917 11.
624 857 786 914 Libet
835 873 985 910 nunc
1031 855 1190 926 quasi
1245 854 1316 908 ab
1374 855 1484 908 alio
1529 856 1754 909 exordio
1811 857 2012 910 seriem

417 955 619 1004 nostrae
638 945 976 1002 narrationis
1005 943 1267 1013 dirigere,
1293 951 1350 997 et
1367 944 1619 1014 quaedam
1643 945 1850 999 omissa
1872 946 2016 1000 inse-

414 1055 539 1092 rere
568 1038 698 1104 (20),
721 1041 779 1088 et
806 1035 885 1088 sic
914 1037 1114 1087 cuncta
1151 1033 1220 1086 de
1253 1033 1450 1086 eodem
1487 1033 1816 1099 Lanfranco,
1847 1040 2015 1104 prout

415 1126 743 1198 poterimus,
801 1121 1082 1194 prosequi.
1133 1121 1236 1174 Hic
1288 1121 1462 1190 igitur
1499 1121 1665 1175 homo
1717 1123 2008 1191 religione,

415 1215 693 1287 sapientia
710 1211 862 1266 omni
882 1227 996 1264 aevo
1018 1208 1416 1276 memorabilis,
1440 1209 1613 1263 nobili
1634 1216 1791 1265 ortus
1816 1229 2013 1282 paren-

415 1305 548 1370 tela,
581 1303 650 1356 ab
671 1302 834 1356 annis
864 1298 1169 1370 puerilibus
1198 1299 1451 1353 eruditus
1466 1304 1552 1353 est
1569 1299 1626 1353 in
1647 1301 1850 1354 scholis
1871 1301 2009 1354 libe-

415 1393 619 1448 ralium
648 1391 857 1445 artium
881 1395 938 1443 et
965 1390 1153 1459 legum
1183 1388 1533 1442 saecularium
1558 1388 1627 1441 ad
1655 1405 1768 1442 suae
1796 1405 2010 1442 morem

413 1482 628 1554 patriae.
663 1479 998 1534 Adolescens
1025 1482 1213 1531 orator
1244 1480 1536 1531 veteranos
1563 1477 1922 1531 adversantes
1952 1477 2010 1531 in

416 1571 730 1627 actionibus
767 1585 1062 1623 causarum
1120 1567 1440 1637 frequenter
1490 1566 1701 1631 revicit,
1761 1570 2010 1619 torrente

415 1660 688 1715 facundiae
718 1663 973 1712 accurate
1016 1655 1272 1709 dicendo.
1307 1654 1402 1723 (’9)
1442 1656 1505 1708 In
1543 1655 1664 1725 ipsa
1697 1660 1860 1708 atate
1889 1670 2012 1708 sen-

2096 505 2446 576 Rothomaga
2475 505 2702 558 viduata
2732 508 2818 557 est
2847 508 3040 556 sancto
3069 519 3133 556 ac
3161 503 3464 558 venerabili
3516 503 3695 557 archi-

2095 595 2330 664 praesule
2369 595 2624 649 Maurilio
2659 593 2764 660 (‘22)
2802 611 2812 645 :
2851 598 2985 645 tunc
3013 593 3195 647 clerus
3231 594 3413 646 omnis
3444 603 3501 646 et
3530 609 3698 664 popu-

2094 682 2182 736 lus
2212 683 2534 753 congregati
2558 681 2818 736 volebant
2847 680 3301 735 substituendum
3327 682 3531 751 eligere
3561 682 3698 735 Lan-

2095 771 2347 825 francum
2385 770 2492 839 (‘23)
2521 789 2532 836 ;
2585 787 2778 824 verum
2811 774 2929 823 toto
2960 771 3256 824 conamine
3285 771 3380 823 ille
3413 771 3525 824 tale
3557 786 3697 824 onus

2095 859 2379 913 devitabat
2409 859 2616 924 subire,
2663 859 2953 913 humiliter
2984 859 3162 928 magis
3191 859 3421 930 cupiens
3473 859 3698 913 subesse

2097 964 2264 1018 quam
2287 965 2542 1018 praeesse.
2575 949 2720 1002 Nam
2751 947 3033 1001 abbatiam
3058 947 3487 1014 Cadomensem,
3523 964 3688 1018 quam

2094 1036 2301 1090 invitus
2330 1043 2669 1107 susceperat,
2701 1035 2942 1089 libenter
2960 1035 3289 1100 dimisisset,
3313 1036 3360 1089 si
3390 1041 3547 1089 extra
3583 1036 3698 1089 ani-

2095 1141 2199 1178 mae
2248 1125 2532 1179 laesionem
2576 1141 2804 1194 gravem
2856 1125 3036 1178 fecere
3079 1124 3367 1178 valuisset.
3401 1125 3562 1188 Quod
3603 1142 3694 1178 rex

2060 1214 2407 1279 advertens,
2453 1213 2534 1284 (3‘)
2585 1213 2824 1284 providit
2875 1212 3181 1282 subrogare
3235 1215 3506 1268 Joannem
3563 1212 3689 1284 (24),

2093 1317 2259 1372 quem
2273 1301 2720 1356 Abricatensium
2741 1301 3113 1355 constituerat
3135 1301 3455 1372 pontiﬁcem
3479 1319 3492 1368 ;
3518 1301 3613 1355 sed
3633 1307 3695 1354 ut

2092 1390 2198 1444 hoc
2229 1391 2496 1444 canonice
2550 1391 2729 1456 ﬁeret,
2775 1390 3058 1444 licentiam
3101 1390 3326 1461 petendi
3362 1391 3548 1460 gratia
3584 1391 3691 1445 Ro-

2092 1495 2244 1532 mam
2270 1479 2477 1532 direxit
2505 1478 2763 1532 eumdem
2815 1477 3074 1532 abbatem
3115 1479 3522 1532 Cadomensem
3552 1479 3688 1532 Lan-

2091 1567 2344 1622 francum
2372 1587 2384 1634 ;
2420 1569 2515 1638 qui
2543 1585 2686 1622 onus
2706 1569 2936 1638 hujusce
2965 1567 3261 1638 legationis
3287 1567 3550 1621 alacriter
3573 1584 3691 1638 per-

2091 1655 2297 1723 ferens,
2346 1656 2490 1710 sicut
2544 1656 2802 1710 Ecclesiis
2834 1656 3096 1727 cupiebat
3144 1673 3266 1709 esse
3304 1657 3621 1710 consultum
3658 1673 3693 1710 a

412 1751 621 1805 tentias
644 1751 973 1820 depromere
994 1746 1198 1817 sapuit,
1222 1762 1361 1816 quas
1395 1751 1687 1815 gratanter
1698 1744 2010 1815 jurisperiti
2028 1737 2073 1795 Β
2094 1761 2240 1816 papa
2252 1745 2568 1798 Alexandro
2585 1746 2931 1816 impetravit;
2953 1761 3176 1798 sacrum
3199 1761 3420 1816 quoque
3441 1744 3687 1816 pallium,

414 1846 514 1895 aut
537 1840 756 1910 judices
784 1837 870 1890 vel
898 1844 1166 1907 praetores
1197 1834 1436 1888 civitatis
1483 1834 1863 1904 acceptabant.
1902 1835 2012 1887 Me-

413 1929 579 1983 minit
601 1929 797 1982 horum
828 1926 1020 1996 Papia.
1052 1928 1126 1978 At
1154 1940 1280 1977 cum
1302 1923 1361 1976 in
1383 1923 1574 1976 exsilio
1598 1923 2013 1992 philosophare-

411 2023 524 2082 tur,
555 2015 809 2070 accendit
847 2013 1104 2066 animum
1135 2012 1258 2080 ejus
1285 2011 1502 2063 divinus
1544 2009 1709 2079 ignis,
1742 2017 1799 2063 et
1827 2009 2010 2063 illuxit

414 2105 567 2159 cordi
615 2105 738 2174 ejus
786 2117 945 2156 amor
979 2117 1118 2154 verae
1165 2098 1477 2169 sapientiae.
1513 2098 2010 2152 Animadvertebat

353 2183 357 2188 ⁶
413 2193 560 2247 enim
583 2192 730 2263 quod
759 2190 953 2244 mundi
979 2190 1148 2258 hujus
1163 2187 1502 2258 prosperitas
1523 2194 1581 2240 et
1591 2189 1772 2257 gloria
1793 2188 2008 2241 vanitas

414 2287 518 2338 est.
567 2280 879 2351 Repentino
928 2278 1118 2347 itaque
1156 2277 1328 2330 animi
1380 2281 1534 2329 motu
1587 2294 1646 2329 se
1701 2277 2004 2346 abnegans,

413 2372 734 2441 mundoque
760 2368 1108 2431 renuntians,
1141 2365 1382 2436 sumpsit
1408 2366 1568 2418 Becci
1597 2364 1853 2418 habitum
1886 2364 2010 2417 reli-

409 2460 614 2532 gionis,
647 2465 704 2512 et
748 2456 1081 2527 regulariter
1111 2455 1295 2508 vivere
1336 2454 1518 2524 coepit.
1567 2453 1860 2506 Studiosus
1902 2453 2008 2506 fuit

413 2549 559 2602 idem
590 2545 885 2608 coenobita,
911 2543 1061 2597 verbi
1088 2543 1274 2612 gladio
1292 2543 1566 2612 perimere
1588 2547 1787 2606 sectas,
1805 2541 1848 2594 si
1867 2558 2006 2610 quas

412 2637 744 2691 advertisset
773 2633 1103 2687 catholicam
1142 2631 1342 2685 laedere
1371 2631 1557 2683 ﬁdem.
1598 2631 1751 2683 Idem
1783 2645 2006 2700 quoque

412 2726 657 2797 optimus
687 2721 1032 2794 plenitudine
1061 2719 1370 2783 charitatis,
1413 2718 1744 2772 resuscitare
1791 2723 2006 2787 satage-

413 2814 529 2880 bat,
564 2829 665 2884 per
688 2809 1257 2870 ﬁdeirectitudinem,
1292 2808 1350 2861 in
1376 2807 1569 2861 haeresi
1600 2812 1870 2860 mortuos.
1906 2807 2006 2860 Sa-

413 2903 629 2974 pientes
659 2907 717 2954 et
747 2899 990 2969 religiosi
1021 2897 1310 2968 pontiﬁces
1333 2895 1770 2966 metropolitani,
1792 2910 2007 2948 necnon

413 2997 470 3046 et
493 2992 742 3054 abbates,
769 2991 1121 3042 tremuerunt
1138 2985 1472 3056 sapientiam
1494 2983 1808 3042 Lanfranci.
1837 2989 2008 3052 atque

2093 1851 2220 1888 cum
2262 1834 2488 1887 licentia
2514 1835 2680 1904 hujus
2712 1834 3100 1904 promotionis,
3134 1834 3449 1905 deportavit
3485 1854 3498 1901 ;
3547 1834 3691 1888 unde
3721 1879 3728 1888 .

2094 1931 2150 1976 et
2179 1923 2284 1992 ipsi
2309 1923 2413 1976 toti
2444 1923 2721 1977 Neustriaa
2749 1923 3020 1992 gaudium
3053 1923 3177 1977 fuit.

2714 2012 2947 2066 CAPUT
2979 2011 3072 2066 VI.

2167 2098 2233 2156 12
2247 2145 2258 2157 .
2273 2101 2406 2154 Post
2425 2100 2541 2154 haec
2557 2107 2828 2154 venerunt
2847 2101 2917 2153 ad
2934 2117 3123 2170 regem
3141 2100 3197 2153 in
3213 2100 3475 2169 Angliam
3489 2104 3602 2153 tres
3619 2101 3691 2153 le-

2087 2189 2402 2258 gatisimul,
2423 2189 2810 2243 Erminfredus
2830 2189 3183 2243 Sedunorum
3202 2189 3494 2260 episcopus
3507 2194 3564 2242 et
3579 2189 3687 2242 duo

2088 2278 2274 2331 clerici
2304 2278 2638 2343 cardinales,
2665 2278 2819 2330 missi
2845 2278 2913 2331 ad
2942 2278 3271 2348 petitionem
3296 2278 3470 2348 ipsius
3492 2295 3525 2331 a
3545 2294 3686 2348 papa

2090 2367 2424 2430 Alexandro,
2458 2367 2552 2436 qui
2595 2383 2746 2431 eum,
2780 2367 2837 2419 in
2869 2368 3081 2420 Pascha
3110 2383 3372 2420 coronam
3404 2368 3561 2436 regni
3592 2384 3685 2420 ca-

2089 2455 2190 2524 piti
2220 2455 2340 2524 ejus
2368 2455 2742 2525 imponentes,
2761 2456 2818 2508 in
2849 2472 3039 2525 regem
3069 2455 3366 2524 Anglicum
3397 2456 3688 2509 conﬁrma—

2089 2549 2306 2597 verunt.
2361 2543 2442 2612 (3'2)
2487 2545 2838 2614 Congregata
2886 2551 2972 2597 est
3015 2560 3148 2613 ergo
3193 2544 3445 2614 synodus
3484 2560 3688 2614 magna

2087 2631 2467 2686 Windresoris
2483 2633 2560 2702 [al
2571 2678 2578 2685 .
2590 2673 2602 2698 ,
2612 2631 3129 2705 Windreford];(‘25)
3144 2634 3202 2686 in
3215 2651 3342 2703 qua,
3358 2634 3686 2704 praesidente

2089 2737 2238 2789 rege,
2269 2720 2338 2774 ab
2369 2720 2502 2791 ipsis
2547 2720 2746 2791 legatis
2792 2722 2996 2791 dejecti
3025 2729 3158 2775 sunt
3186 2722 3413 2792 quidam
3444 2723 3684 2794 episcopi

2089 2808 2303 2878 indigni
2331 2809 2675 2880 episcopatu,
2722 2816 2952 2880 propter
3003 2810 3172 2864 vitam
3217 2811 3576 2864 criminosam
3629 2818 3686 2865 et

2089 2897 2372 2951 inscitiam
2401 2914 2548 2952 curae
2579 2899 2895 2969 pastoralis.
2929 2897 3086 2952 Inter
3113 2915 3252 2968 quos
3281 2898 3370 2966 (³³)
3411 2900 3684 2970 deposue-

2090 2991 2226 3039 runt
2254 2986 2589 3056 Stigandum
2613 3003 2740 3040 cum
2761 2987 3120 3041 anathemate
3139 2987 3522 3058 reprobatum,
3549 2989 3686 3042 mul-

411 3080 834 3150 religiositatem
866 3083 923 3130 et
963 3074 1375 3137 auctoritatem,
1427 3075 1546 3142 ejus
1577 3079 1634 3126 et
1679 3071 2008 3126 correctioni
2029 3051 2160 3128 Ctis
2189 3074 2517 3128 criminibus
2548 3075 3003 3144 coinquinatum;
3033 3075 3130 3145 qui
3161 3091 3288 3128 cum
3325 3075 3543 3129 duobus
3573 3077 3680 3146 epi-

410 3185 470 3224 se
499 3168 662 3222 subdi
689 3166 866 3237 gavisi
893 3171 1046 3219 sunt.
1070 3165 1258 3233 Ipsum
1291 3179 1511 3232 quoque
1545 3161 1800 3214 Ecclesiae
1821 3161 2009 3230 plures

408 3258 729 3328 pontiﬁcem
785 3256 870 3309 vel
915 3253 1176 3307 abbate‘m
1217 3252 1325 3305 sibi
1375 3250 1682 3304 incredibili
1727 3248 2002 3302 desiderio

409 3347 712 3416 petierunt.
747 3343 840 3412 (3°)
890 3343 1087 3407 Roma,
1124 3345 1293 3411 caput
1341 3339 1510 3403 orbis,
1553 3337 1872 3392 sollicitavit
1900 3336 2000 3405 (21)

409 3450 538 3496 eum
569 3432 840 3503 epistolis,
884 3435 1113 3500 precatu
1144 3433 1346 3482 conata
1373 3445 1501 3481 eum
1546 3428 1790 3480 retinere
1832 3433 1888 3480 et
1929 3425 1999 3479 vi.

410 3522 627 3592 Quippe
648 3525 1023 3589 cognoverant
1044 3535 1170 3572 eum
1195 3516 1596 3587 peritissimum
1614 3516 1848 3569 honesta
1861 3531 2007 3584 quae-

409 3611 562 3676 libet,
585 3616 642 3664 et
660 3625 853 3663 eorum
875 3607 1157 3661 contraria
1177 3621 1494 3670 secernere;
1513 3603 2000 3673 diligentissimum

409 3699 609 3770 cuique
635 3714 738 3751 sua
767 3696 1075 3750 retribuere
1103 3693 1498 3766 perpendiculo
1519 3692 1999 3759 rationabilitatis;

403 3787 888 3858 .promptissimum
913 3785 1091 3838 ardua
1115 3784 1367 3853 duraque
1387 3781 1670 3851 suscipere
1692 3797 1760 3834 ac
1786 3781 2003 3851 perpeti

407 3891 578 3931 causa
595 3876 708 3928 veri
729 3873 879 3928 boni.
905 3874 1294 3943 Cognoverant
1319 3871 1488 3924 etiam
1511 3871 1654 3923 hanc
1673 3870 1795 3939 ejus
1811 3870 2000 3936 vitam,

406 3981 530 4036 quae
558 3964 757 4017 merito
801 3962 1022 4015 dicatur
1050 3960 1305 4032 quaedam
1351 3965 1399 4024 θ
1435 3959 1806 4013 directissima
1836 3964 2005 4028 atque

398 4053 690 4110 tutissima
720 4053 790 4105 ad
831 4051 1095 4122 perennis
1151 4049 1275 4103 vitae
1321 4054 1544 4119 portum
1589 4048 1698 4101 via.
1748 4047 1846 4100 Ille
1878 4063 2004 4101 vero

406 4143 575 4196 nimis
602 4141 777 4195 altum
800 4140 908 4194 sibi
937 4138 1095 4193 duxit
1113 4139 1237 4192 aliis
1258 4154 1515 4208 praeesse,
1545 4137 1794 4190 inﬁmam
1825 4141 2006 4189 extre-

405 4231 661 4285 mitatem
690 4229 856 4284 corde
885 4233 942 4282 et
989 4228 1190 4281 affectu
1231 4243 1344 4280 non
1381 4226 1664 4280 deserens.
1715 4225 2004 4278 Gloriosus

2091 3163 2292 3234 scopiis
2324 3163 2555 3216 infanda
2585 3163 2890 3216 ambitione
2921 3163 3383 3218 Cantuariensem
3411 3164 3684 3235 archiepi-

2084 3259 2374 3323 scopatum
2396 3252 2694 3306 invaserat.
2713 3251 3039 3306 Substitutis
3057 3253 3245 3322 itaque
3263 3252 3322 3305 in
3337 3252 3518 3306 locum
3537 3253 3683 3322 deje-

2087 3346 2307 3393 ctorum
2328 3341 2544 3394 idoneis
2573 3340 2902 3404 rectoribus,
2923 3341 3194 3394 remansit
3213 3357 3384 3394 vacua
3407 3341 3681 3395 Dorober-

2088 3427 2279 3481 nensis
2307 3428 2591 3493 cathedra,
2625 3428 2684 3481 in
2715 3445 2824 3498 qua
2862 3429 3139 3498 pretiosus
3169 3429 3374 3482 Christi
3403 3430 3684 3484 confessor

2085 3516 2435 3585 Augustinus
2485 3515 2745 3570 omnibus
2786 3517 3008 3587 praefuit
3055 3517 3357 3572 Britannize
3386 3518 3679 3589 episc0pis.

2088 3604 2369 3674 Cogitanti
2387 3621 2516 3658 vero
2537 3605 2654 3675 regi
2686 3605 2754 3658 de
2783 3606 2886 3659 hac
2915 3621 2977 3659 re
2998 3611 3055 3658 et
3083 3622 3339 3675 proceres
3369 3607 3526 3676 regni
3555 3623 3684 3660 con-

2086 3693 2310 3759 sulenti,
2335 3693 2862 3748 convenientissimo
2885 3695 3012 3755 ﬁne,
3032 3694 3088 3746 in
3118 3693 3426 3748 Lanfranco
3453 3694 3680 3764 quievit.

2087 3785 2365 3850 quatenus
2394 3780 2740 3835 uberrimum
2775 3781 3054 3835 luminare
3086 3782 3146 3835 in
3190 3783 3292 3835 hac
3318 3799 3442 3835 arce
3472 3783 3683 3836 elatum

2087 3869 2322 3923 nebulas
2365 3870 2612 3940 undique
2654 3870 2993 3940 pravitatum
3041 3875 3099 3923 et
3127 3870 3393 3939 caligines
3423 3871 3682 3937 dilueret,

2086 3958 2454 4012 saluberrimo
2485 3958 2701 4028 fulgore
2730 3965 2928 4012 cuncta
2968 3959 3290 4012 honestans.
3334 3959 3686 4030 Quapropter

2087 4047 2242 4100 misit
2260 4046 2553 4117 praedictos
2575 4046 2787 4115 legatos
2812 4047 2870 4100 in
2891 4047 3296 4101 Normanniam
3315 4048 3386 4101 ad
3416 4049 3520 4101 hoc
3543 4064 3684 4118 opus

2086 4135 2511 4207 perﬁciendum.
2547 4136 2686 4188 Cum
2714 4135 2886 4205 igitur
2916 4135 3257 4189 Sedunensis
3287 4135 3577 4206 episcopus
3604 4136 3686 4190 in-

2087 4226 2288 4278 vitaret
2315 4241 2442 4278 eum
2472 4224 2542 4277 ad
2591 4224 2843 4294 regimen
2886 4224 3222 4294 pontiﬁcale,
3257 4224 3594 4278 denuntians
3623 4225 3684 4277 in

403 4321 514 4376 dux
565 4321 1019 4374 Normannorum
1057 4316 1394 4382 Willelmus,
1455 4315 1602 4368 hunc
1651 4313 2314 4384 praecordialiDconcilio
2336 4313 2792 4383 episcoporumet
2811 4312 3685 4383 abbatumNormanniaapetitio-

407 4408 626 4463 colebat
659 4406 1076 4473 familiaritate;
1130 4409 1472 4476 quapropter
1518 4401 1768 4456 caenobio
1822 4401 2004 4456 Cado-

491 4547 596 4617 (20)
625 4549 746 4603 Huc
773 4563 952 4618 usque
971 4547 1086 4600 fere
1111 4550 1294 4600 totum
1315 4562 1380 4598 ex
1405 4544 1534 4598 Vita
1563 4544 1712 4599 beati
1743 4544 2001 4598 Herluini

407 4621 772 4675 desumntum
806 4627 908 4672 est.

487 4691 546 4756 (2
561 4686 661 4756 I)"
666 4691 755 4743 ide
783 4706 850 4743 ea
870 4689 939 4742 de
957 4705 1019 4741 re
1043 4686 1337 4758 epistolam
1366 4686 1665 4758 Lanfranci
1686 4687 2009 4758 adiAlexang

410 4762 573 4816 drum
594 4761 936 4832 pontiﬁcem,
961 4756 1116 4832 num.
1138 4756 1228 4816 14,
1248 4756 1412 4822 infra,
1439 4763 1495 4809 et
1514 4757 1687 4826 ipsius
1708 4757 2006 4832 Alexandri

412 4828 704 4903 epistolam
745 4831 813 4884 ad
875 4829 1234 4903 Guillelmum
1261 4834 1743 4903 __conquaestorem
1791 4828 2006 4903 Anglize

408 4897 618 4973 regem.
650 4919 774 4972 quae
807 4907 893 4954 est
919 4901 1096 4973 hujus
1121 4898 1398 4973 pontiﬁcis
1440 4898 1655 4973 decima
1688 4897 1835 4968 apud
1869 4897 2008 4951 Lab-

407 4969 594 5041 beum,
627 4969 764 5027 tom.
792 4973 866 5025 IX
892 4969 1419 5041 Conciliarum,col.
1453 4969 1480 5022 1
1501 4969 1612 5041 I23.

485 5038 596 5114 ('22)
629 5043 884 5114 Mauriliir
902 5042 1154 5114 Elogium
1174 5040 1814 5114 _dedi_inus_‘ad__annum_
1847 5038 2003 5114 1067.

493 5110 598 5181 (23)
623 5113 969 5169 Idemrefert
989 5110 1286 5166 0rdericus
1303 5110 1531 5175 ‘Vitalis,
1551 5111 1647 5164 lib.
1672 5125 1723 5164 Iv
1749 5111 2007 5165 Historiae

409 5186 814 5242 ecclesiastica.

461 5258 599 5330 (24)
631 5258 685 5312 Is
715 5257 958 5311 Joannes
998 5259 1085 5330 est
1114 5259 1309 5330 auctor
1335 5251 1510 5330 libelli
1535 5251 1617 5330 de
1646 5252 1846 5330 divi_n_is
1891 5252 2008 5330 ofﬁ-

408 5323 526 5393 ciis,
576 5345 740 5401 quem
785 5332 908 5380 tum
945 5325 1237 5395 episcopus
1281 5323 1700 5377 Abrincatensis
1747 5324 2005 5378 Maurilio

407 5398 847 5470 Rothomagensi
871 5396 1231 5470 nuncupavit.
1264 5394 1516 5470 Quatuor
1546 5395 1616 5470 ad
1655 5395 1847 5470 ipsum
1887 5395 1998 5470 epi-

409 5472 581 5525 stolas
630 5464 856 5540 scripsit
903 5464 1528 5540 Lanfrancus,‘quae_ab
1571 5466 1807 5540 Acherio
1837 5464 2000 5540 edita;

407 5548 559 5596 sunt.
602 5541 683 5595 De
709 5535 906 5609 cedem
941 5538 1062 5609 agit
1098 5535 1409 5609 Ordericus
1429 5535 1524 5609 lib.
1559 5553 1606 5590 v.
1639 5537 1901 5609 Historiae
1929 5537 1999 5592 ad

404 5627 618 5670 annum
648 5608 806 5679 1079,
839 5627 949 5684 quo
978 5607 1133 5668 obiit.
1164 5608 1306 5664 Vide
1339 5607 1416 5663 ibi
1449 5608 1569 5678 ejus
1613 5608 1990 5680 epitaphium.

2086 4418 2214 4457 nem
2244 4401 2411 4471 regis,
2443 4402 2722 4472 simulque
2750 4402 3096 4456 voluntatem
3136 4419 3317 4467 suam,
3351 4409 3407 4455 et
3436 4402 3682 4472 reliquo-

2168 4543 2274 4612 (25)
2311 4544 2568 4614 Synodus
2597 4544 2654 4596 in
2683 4559 2795 4613 qua
2823 4544 3075 4614 deposito
3115 4544 3384 4614 Stigando
3433 4545 3681 4598 Cantua-

2088 4615 2260 4670 riensi
2289 4615 2626 4669 substitutus
2655 4621 2739 4668 est
2763 4615 3126 4676 Lanfrancus,
3163 4615 3458 4668 Winloniaa
3488 4615 3684 4668 habita

2089 4695 2190 4748 est,
2225 4703 2373 4739 anno
2404 4684 2562 4751 1070,
2610 4685 2668 4738 in
2719 4687 2924 4739 octavis
2965 4686 3204 4750 Pascha,
3239 4703 3302 4739 ac
3333 4687 3496 4756 paulo
3531 4693 3680 4756 post,

2088 4758 2227 4810 feria
2255 4757 2465 4811 scilicet
2491 4756 2735 4810 secunda
2765 4765 2891 4826 post
2919 4758 3302 4822 Pentecosten,
3346 4757 3494 4827 apud
3527 4757 3685 4810 Win-

2089 4827 2410 4881 dleshorum
2434 4847 2446 4894 ;
2470 4827 2804 4882 Guillelmus
2821 4828 3223 4882 Eboracensem
3243 4828 3686 4898 archiepiscopa-

2088 4903 2209 4952 tum
2233 4899 2458 4952 Thomas
2483 4898 2754 4970 contulit;
2789 4916 2910 4969 qua
2940 4900 3147 4964 omnia,
3182 4899 3340 4970 quasi
3377 4899 3435 4952 in
3466 4900 3684 4968 synodo

2091 4969 2572 5023 Windleshorensi
2611 4969 2778 5023 simul
2806 4969 3452 5040 contigissent,’enarrat
3485 4977 3689 5024 auctor

2091 5047 2315 5107 noster;
2365 5040 2462 5094 sed
2503 5041 2776 5108 Rogerius
2824 5043 3155 5095 Hovedenus
3199 5041 3256 5094 in
3304 5045 3463 5110 parte
3507 5040 3686 5110 priori

2087 5112 2408 5176 Annalium,
2442 5111 2581 5164 duas
2631 5111 2732 5165 has
2768 5113 3009 5182 synodos
3044 5112 3355 5182 distinguit.
3402 5112 3688 5165 Caeterum

2090 5183 2342 5252 quamvis
2361 5182 2654 5251 Anglicani
2683 5191 2938 5237 auctores
2961 5183 3295 5252 Stigandum
3313 5198 3424 5236 non
3450 5182 3688 5252 omnino

2089 5251 2370 5324 excusent,
2407 5269 2541 5324 eum
2568 5259 2758 5307 tamen
2793 5259 2850 5308 et
2875 5254 3013 5308 alios
3050 5251 3337 5324 episcopos
3366 5258 3424 5305 et
3451 5251 3689 5306 abbates

2087 5323 2157 5377 ob
2182 5325 2237 5377 id
2264 5323 2616 5394 potissimum
2639 5341 2672 5377 a
2695 5325 2991 5379 Guillelmo
3011 5323 3141 5394 rege
3171 5323 3494 5378 exturbatos
3511 5323 3691 5377 fuisse

2086 5395 2355 5459 scribunt,
2389 5400 2453 5449 ut
2479 5395 2806 5460 Normanni,
2845 5395 3044 5467 quibus
3092 5396 3185 5448 ille
3222 5396 3400 5465 magis
3445 5394 3680 5460 ﬁdebat,

2083 5483 2278 5538 eorum
2309 5467 2536 5520 sedibus
2564 5468 2900 5537 potirentur.
2915 5467 3075 5531 Quod
3087 5467 3385 5538 scriptores
3405 5467 3693 5538 Norman-

2082 5537 2246 5664 pgcida
2264 5538 2563 5664 Gtuillelmo
2595 5546 2746 5594 recta
2768 5538 3080 5594 intentione
3110 5537 3316 5594 factum
3350 5537 3516 5592 fuisse
3545 5554 3694 5596 con-

2139 5625 2178 5664 n
2219 5625 2296 5664 un
2328 5651 2338 5664 .

2080 5613 2338 5665 tendunt.
