4048 6176
309 299 338 347 -¹ι
356 295 370 349 l
1856 293 2044 349 VITA.

3521 304 3590 360 42

313 436 446 474 rum
475 419 626 476 sedis
646 416 963 488 apostolica:
985 417 1317 486 legatorum,
1349 423 1407 474 et
1426 398 1588 490 quasi
1612 424 1911 490 praecepto-
1929 424 1974 480 A
1994 419 2094 473 dos
2124 420 2496 490 quaestionum
2538 421 2597 475 in
2640 425 2879 494 utraque
2923 424 3137 482 solvere
3174 428 3583 498 potentissimo.

310 526 443 562 rum
473 506 1111 578 superhacpraelatione,
1130 512 1328 561 sancta
1345 507 1450 575 ira,
1477 515 1670 563 sancta
1683 507 1916 562 tristitia

312 597 400 652 sic
413 596 800 668 perturbatum
828 595 998 650 fuisse
1021 603 1415 666 compererunt
1434 603 1498 652 ut
1525 597 1750 652 omnino
1781 614 1913 651 con-

315 687 692 740 tradicturum
713 690 976 755 putarent
1005 685 1258 740 inducias
1279 687 1348 740 ad
1377 686 1799 741 deliberandum
1815 703 1913 757 pe-

313 776 917 844 tentem.Perspectum
933 791 1174 844 namque
1189 775 1274 828 vel
1295 775 1673 830 indubitatum
1686 775 1914 830 tenebat

308 865 482 918 simul
500 864 584 917 ire
604 880 716 917 non
738 880 899 933 posse
920 863 1206 932 negotium
1231 864 1380 918 archi
1387 866 1642 935 praesulis
1662 870 1718 918 et
1733 864 1911 918 otium

305 953 589 1006 monachi.
606 953 687 1006 Ad
704 953 807 1006 hoc
818 953 904 1006 sui
924 959 1251 1022 provectum
1273 954 1438 1008 solito
1467 955 1809 1026 despiciebat
1823 959 1910 1008 at-

305 1060 418 1112 que
431 1041 740 1096 extimebat
754 1041 1212 1095 onerosissimum
1235 1042 1698 1112 gubernaculum.
1716 1044 1913 1098 Preca-

303 1139 404 1186 tur
415 1131 611 1201 regina
627 1147 750 1184 cum
775 1131 910 1193 ﬁlio,
926 1130 1088 1200 jubet
1108 1131 1283 1185 abbas
1299 1131 1761 1200 Herluinus,licet
1774 1132 1912 1186 invi-

305 1228 422 1286 tus,
445 1221 535 1274 cui
555 1226 824 1290 tanquam
855 1219 1078 1274 Christo
1101 1219 1328 1274 obedire
1357 1221 1556 1276 solitus
1589 1226 1741 1288 erat;
1777 1222 1908 1275 hor-

304 1317 509 1366 tantur
536 1310 708 1364 etiam
735 1308 985 1362 studiose
1015 1309 1085 1362 ad
1118 1309 1223 1363 hoc
1250 1309 1468 1364 collecti
1499 1310 1759 1380 majores,
1777 1327 1910 1365 nam

305 1400 456 1453 hanc
466 1404 759 1468 urgentem
772 1397 1022 1468 undique
1034 1397 1353 1452 violentiam
1365 1397 1673 1452 dictaverat
1683 1399 1913 1454 manda-

305 1494 432 1542 tun‘.
474 1487 642 1557 regis,
676 1486 907 1541 scientis
945 1486 1378 1540 obstinationem
1408 1487 1757 1542 dilectissimi
1803 1487 1910 1542 sibi

303 1576 513 1643 Patris,
547 1592 674 1631 cum
704 1576 775 1630 ad
806 1575 1011 1629 altiora
1039 1575 1395 1630 invitaretur.
1428 1577 1554 1631 Non
1591 1577 1790 1630 abnuit
1815 1577 1910 1631 ille

302 1665 578 1737 pracipiti
607 1665 910 1732 sententia,
943 1669 1007 1720 ut
1037 1682 1204 1720 omne
1234 1665 1442 1721 factum
1475 1683 1539 1720 ac
1561 1667 1773 1721 dictum
1789 1667 1911 1736 ejus

1996 509 2187 564 Fidem
2218 509 2437 581 scriptis
2465 526 2686 566 merear
2709 513 2944 581 nullam,
2976 516 3085 571 nisi
3113 534 3236 590 qua:
3265 518 3446 573 scribo
3475 519 3588 575 Eu-

1995 615 2144 670 ropae
2175 599 2414 654 latitudo
2441 606 2678 656 asserat.
2712 601 2906 674 Neque
2929 604 3082 660 sileri
3115 613 3251 678 puto
3278 607 3347 661 de
3375 608 3589 662 eisdem

1996 687 2055 741 in
2092 688 2281 742 Africa
2326 689 2426 742 vel"
2455 689 2614 749 Asia.
2653 691 2778 761 Ipse
2820 709 2951 748 vero
2994 694 3340 751 Lanfrancus
3382 697 3587 752 idcirco

1995 777 2312 848 pontificale
2341 795 2482 834 onus
2512 779 2901 850 subterfugere
2920 784 3198 852 gestiebat
3218 786 3352 856 quia
3373 786 3591 858 sapien-

1994 867 2076 921 tia
2093 868 2292 938 plenus
2306 868 2646 939 prmvidebat
2656 869 2805 940 quod
2825 871 3000 926 otium
3026 875 3354 929 monachilis
3376 876 3590 930 ordinis

1993 956 2139 1010 inter
2176 958 2604 1029 occupationum
2665 959 3062 1032 episcopalium
3107 963 3590 1034 frequentissimos

1992 1047 2269 1102 tumultus
2306 1064 2664 1118 nequaquam
2709 1065 2774 1102 ex
2803 1048 3022 1121 integro
3051 1050 3244 1106 haberi
3271 1057 3457 1126 potest
3478 1053 3588 1126 (34).

1991 1135 2224 1190 Terreat
2271 1137 2589 1208 exemplum
2630 1137 2782 1194 istud
2835 1138 3131 1195 damnatos
3187 1157 3314 1198 cum
3361 1144 3589 1200 Simone

1991 1226 2154 1295 Mago
2193 1225 2309 1278 zelo
2350 1225 2617 1297 principis
2646 1227 3064 1299 apostolorum;
3107 1229 3235 1284 hinc
3272 1230 3590 1302 intelligant

1992 1313 2360 1385 perditissimi
2397 1313 2707 1370 amentiam
2750 1331 2913 1371 suam
2964 1335 2975 1370 :
3027 1317 3352 1374 muneribus
3395 1326 3591 1377 emunt

1993 1400 2327 1473 ineptissimi
2357 1403 2504 1474 quod
2550 1403 2859 1458 secundum
2901 1404 3080 1461 Deum
3120 1404 3370 1462 oblatum
3397 1409 3593 1466 tremit

1990 1492 2142 1558 talis,
2175 1492 2441 1562 pecunias
2469 1492 2730 1559 offerunt,
2762 1494 3007 1565 majores
3055 1495 3408 1565 promittunt,
3443 1513 3592 1554 nunc

1994 1597 2093 1650 per
2111 1596 2190 1646 se,
2213 1596 2361 1636 nunc
2379 1596 2481 1652 per
2501 1581 2730 1647 amicos,
2747 1581 2949 1652 quibus
2970 1571 3311 1654 dignitatum
3321 1586 3588 1655 culmina,

1995 1668 2042 1722 si
2064 1668 2134 1722 ad
2154 1669 2474 1739 hujusmodi
2487 1669 2758 1724 honorem
2779 1670 3068 1742 pervenire
3079 1673 3386 1744 potuerint,
3404 1693 3594 1750 repro-

300 1735 662 1811 discretionis
688 1770 889 1808 norma
905 1753 1201 1824 dirigebat.
1219 1755 1609 1810 Obedientiam
1631 1735 1912 1810 olfendere
1933 1735 1982 1798 Β
1995 1735 2248 1812 mittunt.

305 1850 489 1910 cavet,
513 1844 678 1898 simul
706 1849 762 1897 et
789 1847 978 1897 tantos
1009 1843 1338 1914 quirogant,
1361 1843 1567 1911 favent,
1591 1843 1908 1898 hortantur.

305 1935 543 1988 Mcestus
571 1949 703 2003 ergo
741 1937 900 1997 trans
939 1949 1094 1986 mare
1126 1939 1450 1987 excusatum
1498 1951 1557 1987 se
1588 1933 1758 1999 vadit,
1791 1950 1913 2005 spe-

302 2039 446 2076 rans
469 2023 884 2092 jucunditatem
914 2021 974 2076 in
1021 2021 1359 2076 reversione.
1395 2023 1519 2076 Non
1562 2023 1713 2076 enim
1762 2022 1914 2076 aesti-

301 2129 465 2166 mare
494 2112 676 2183 potuit
708 2111 790 2165 vir
815 2111 1139 2181 singularis,
1174 2111 1354 2165 forma
1394 2112 1650 2183 perfectae
1681 2111 1912 2166 humili-

305 2203 466 2268 tatis,
500 2202 733 2255 invitum
772 2218 833 2254 se
862 2200 932 2254 ad
961 2201 1502 2272 archiepiscopatum
1527 2202 1700 2256 trahi.
1731 2203 1912 2256 Caete-

301 2308 435 2345 rum
455 2291 651 2345 divinze
675 2290 1027 2361 dispositioni
1055 2307 1165 2361 quo
1189 2290 1421 2345 consilio
1453 2290 1640 2344 resisti
1671 2290 1911 2361 poterit?

305 2381 427 2434 Rex
447 2397 571 2434 cum
590 2380 796 2450 gaudio
817 2385 985 2448 atque
1002 2395 1129 2432 cum
1151 2379 1324 2448 digna
1352 2380 1669 2434 reverentia
1700 2379 1912 2450 recepit

306 2469 642 2523 Christianae
671 2468 964 2538 religionis
1007 2468 1344 2537 adjutorem,
1378 2468 1581 2522 devicit
1625 2469 1912 2524 reluctan-

307 2564 446 2622 tem,
494 2557 902 2612 excusationem
934 2557 1165 2627 pulchre
1214 2573 1473 2628 pugnans
1509 2558 1828 2612 humilitate
1856 2564 1915 2613 et

310 2649 624 2715 majestate.
658 2646 1012 2700 Advocantur
1055 2646 1218 2700 hilari
1240 2646 1548 2718 festivoque
1573 2647 1735 2717 jussu
1766 2649 1914 2702 Can-

309 2737 613 2791 tuariensis
666 2735 924 2791 Ecclesia;
973 2735 1266 2806 primores,
1331 2742 1390 2790 et
1441 2737 1621 2791 multa
1668 2736 1914 2807 dignitas

319 2826 481 2895 regni
509 2825 886 2879 ecclesiastica
915 2829 972 2879 et
999 2825 1304 2882 saecularis.

394 2914 475 2971 i3.
519 2915 681 2968 Hunc
707 2914 884 2984 igitur
911 2931 1005 2968 rex
1036 2914 1238 2968 intima
1278 2930 1501 2985 semper
1534 2915 1709 2969 coluit
1749 2915 1916 2970 fami-

314 3005 579 3069 liaritate,
623 3009 742 3058 tum
772 3018 872 3074 pro
902 3002 1171 3057 eminenti
1200 3004 1553 3058 saecularium
1594 3020 1660 3059 ac
1707 3004 1917 3058 divina-

313 3108 440 3146 rum
468 3093 787 3147 litterarum
820 3093 1040 3162 peritia,
1071 3100 1192 3146 tum
1223 3109 1323 3163 pro
1364 3093 1674 3147 monachici
1705 3093 1917 3148 ordinis

310 3181 584 3251 singulari
614 3181 987 3247 observantia,
1019 3181 1351 3252 impendens
1381 3183 1432 3235 ei
1461 3182 1830 3236 reverentiam
1861 3188 1919 3236 et

307 3272 550 3342 gloriam
574 3291 586 3338 ;
623 3288 894 3326 venerans
919 3277 982 3324 ut
1012 3277 1250 3341 patrem,
1294 3288 1489 3325 verens
1518 3277 1582 3325 ut
1610 3276 1939 3342 prmcepto-.

305 3378 455 3426 rem,
511 3361 746 3431 diligens
782 3367 846 3415 ut
879 3359 1054 3416 lilium
1095 3361 1181 3413 vel
1219 3359 1474 3414 fratrem.
1517 3360 1604 3414 Illi
1659 3361 1916 3414 consulta

309 3452 514 3505 animae
540 3468 677 3513 suae,
693 3450 774 3504 illi
791 3449 1078 3520 speculam
1105 3449 1429 3520 quamdam,
1454 3450 1602 3504 unde
1623 3449 1913 3504 ordinibus

308 3540 702 3594 ecclesiasticis
746 3539 944 3608 regula
970 3538 1189 3592 vivendi
1233 3555 1333 3609 per
1361 3555 1588 3593 omnem
1630 3539 1911 3592 Norman-

304 3631 463 3684 niam
495 3637 552 3684 et
575 3629 838 3699 Angliam
887 3627 1322 3698 prospiceretur,
1353 3627 1650 3681 commisit.
1696 3626 1754 3680 Si
1786 3627 1911 3698 quis

307 3732 443 3770 vero
469 3715 755 3768 admirans
784 3712 989 3783 qumrit
1019 3729 1120 3766 cur
1146 3717 1337 3767 tantus
1371 3712 1451 3766 vir
1483 3716 1777 3782 tantopere
1821 3728 1912 3765 vo-

305 3805 420 3860 luit
458 3804 738 3858 declinare
765 3803 1013 3856 officium
1041 3801 1376 3872 episcopale,
1411 3800 1496 3854 vel
1534 3817 1709 3871 quare
1739 3799 1911 3854 abbas

303 3893 519 3946 invitus
544 3892 646 3946 hoc
664 3891 716 3945 ei
737 3888 1115 3961 praecipiebat,
1131 3889 1375 3960 primum
1397 3888 1466 3943 de
1479 3888 1678 3942 abbate
1693 3889 1912 3943 noverit

2064 1847 2154 1902 14.
2181 1846 2373 1910 Victus
2414 1846 2590 1921 igitur
2635 1847 2982 1904 Lanfrancus
3011 1849 3371 1908 Cadomensis
3418 1854 3592 1911 abbas

1995 1940 2112 1989 tam
2138 1935 2238 1990 Dei
2267 1935 2554 1990 voluntate
2583 1951 2752 2006 quam
2769 1935 2917 1990 circa
2946 1953 3006 1992 se
3026 1937 3397 2010 intelligebat,
3422 1960 3593 2015 quam

1997 2025 2168 2080 etiam
2219 2024 2526 2096 apostolica
2579 2025 2953 2092 auctoritate,
3001 2031 3058 2082 et
3096 2028 3288 2086 domni
3335 2031 3594 2090 Herluini

1996 2112 2386 2185 praeceptione,
2411 2117 2467 2166 et
2494 2112 2830 2184 optimatum
2851 2113 3212 2172 Normanniae
3245 2134 3496 2188 assensu,
3513 2123 3595 2178 ita

1995 2201 2292 2273 multiplici
2329 2200 2547 2256 ratione
2581 2201 2642 2258 in
2682 2202 2945 2272 Angliam
3000 2206 3334 2275 traducitur,
3378 2215 3435 2264 et
3471 2228 3595 2283 qua:

1994 2292 2305 2346 insularum
2331 2290 2842 2345 transmarinarum
2871 2292 3178 2364 primatum
3211 2297 3425 2354 obtinet
3445 2301 3595 2356 Can-

1994 2379 2296 2436 tuariensis
2325 2379 2581 2434 Ecclesiae
2611 2381 2860 2451 suscepit
2885 2383 3267 2452 praesulatum.
3298 2388 3406 2452 Qui
3435 2394 3594 2446 tanto

1993 2470 2207 2524 honore
2227 2467 2580 2534 sublimatus,
2601 2467 2910 2524 multarum
2925 2472 3295 2543 amplitudine
3314 2482 3596 2536 terrarum

1995 2559 2226 2625 ditatus,
2261 2575 2399 2613 auro
2428 2563 2776 2630 argentoque
2812 2559 3208 2632 locupletatus,
3249 2579 3363 2618 non
3399 2565 3598 2624 imme-

1996 2665 2119 2702 mor
2145 2647 2317 2702 divini
2365 2647 2515 2700 illius
2551 2647 2804 2702 mandati
2836 2665 2848 2700 :
2883 2648 3112 2704 Honora
3141 2656 3360 2722 patrem
3395 2662 3452 2711 et
3478 2675 3596 2716 ma-

1996 2742 2139 2792 trem
2171 2738 2363 2806 (Eatod.
2406 2753 2498 2800 xx,
2529 2735 2641 2807 1‘2),
2691 2736 3030 2792 omnimodis
3064 2738 3340 2812 benignus
3370 2750 3427 2799 et
3459 2747 3596 2803 libe-

1996 2826 2130 2880 ralis
2147 2824 2361 2880 exstitit
2380 2824 2528 2880 circa
2545 2829 2767 2896 patrem
2806 2842 2971 2881 suum
2999 2827 3349 2899 spiritualem
3366 2835 3594 2892 Herlui-

1997 2932 2134 2970 num
2173 2914 2454 2978 abbatem,
2497 2919 2555 2967 et
2583 2918 2826 2968 matrem
2875 2915 3176 2970 Ecclesiam
3218 2920 3594 2994 Beccensem;

1999 3005 2160 3074 cujus
2187 3004 2258 3057 ad
2280 3019 2375 3057 eas
2395 3008 2585 3073 partes
2612 3003 3054 3072 transmigratio,
3086 3022 3295 3076 paucos
3323 3016 3453 3066 ante
3473 3014 3595 3069 dies

2001 3108 2170 3162 quam
2224 3091 2354 3146 inde
2411 3091 2675 3162 allegatio
2711 3092 2944 3168 veniret,
2987 3095 3293 3152 venerabili
3321 3100 3593 3158 Herluino

1999 3179 2186 3234 abbati
2206 3196 2305 3252 per
2320 3179 2500 3234 visum
2516 3184 2742 3236 ostensa
2762 3186 2848 3237 est
2879 3181 2983 3236 hoc
2999 3183 3430 3243 modo.Videbat
3444 3193 3593 3262 quod

1997 3269 2056 3324 in
2083 3269 2325 3339 virgulto
2355 3285 2456 3324 suo
2487 3267 2746 3324 arborem
2785 3270 2996 3325 malum
3025 3271 3284 3343 habebat,
3323 3278 3482 3348 cujus
3505 3296 3593 3338 ra-

1997 3375 2218 3412 morum
2241 3358 2564 3429 spatiositas
2594 3359 2773 3412 multa
2801 3365 2922 3414 erat
2951 3366 3007 3414 et
3052 3378 3260 3434 magna
3305 3365 3592 3426 fructuum

1995 3447 2252 3515 ubertas;
2307 3463 2602 3520 pomorum
2644 3464 2866 3520 quoque
2903 3449 3116 3528 species
3161 3452 3504 3528 delectabilis
3534 3466 3593 3516 et

1993 3553 2160 3608 sapor
2205 3537 2468 3608 optimus.
2501 3537 2656 3591 lianc
2691 3554 2788 3594 rex
2813 3538 3110 3610 prmdictus
3137 3541 3208 3596 ab
3237 3544 3439 3600 abbate
3466 3565 3591 3620 pos-

1992 3626 2169 3694 cebat,
2215 3627 2405 3680 volens
2455 3642 2581 3679 eam
2628 3625 2698 3680 ad
2746 3627 3024 3698 quoddam
3073 3646 3239 3686 suum
3280 3635 3588 3707 virgultum

1994 3717 2316 3781 transferre,
2339 3715 2650 3770 reluctante
2669 3713 2872 3769 abbate
2893 3722 2950 3770 et
2967 3719 3117 3788 quod
3139 3737 3208 3775 ea
3224 3723 3344 3779 sola
3369 3712 3588 3784 susten-

1991 3811 2208 3860 taretur
2236 3809 2589 3876 opponente;
2639 3803 2773 3876 quia
2810 3805 3072 3863 dominus
3119 3816 3259 3879 erat,
3305 3796 3487 3885 evicit,
3528 3824 3587 3876 et

1991 3895 2247 3950 arborem
2296 3893 2626 3964 asportavit.
2661 3894 2871 3950 Verum
2913 3897 3128 3954 radices
3158 3901 3382 3972 penitus
3419 3909 3584 3966 avelli

304 3983 462 4056 quod
488 3997 848 4052 nequaquam
877 3978 1174 4034 invidendo
1196 3981 1318 4049 ejus
1348 3977 1689 4067 promotioni
1709 3978 1814 4067 hoc
1829 3977 1908 4031 fa—
1987 4001 2101 4039 non
2129 3989 2435 4056 potuerunt
2459 4003 2472 4052 ;
2507 4001 2573 4038 ex
2602 3983 2803 4055 quibus
2829 3986 3169 4056 pullulantes
3197 3991 3425 4067 virgulae
3445 4013 3583 4053 con-

302 4072 512 4139 ciebat,
528 4072 736 4144 quippe
765 4086 891 4125 cum
921 4069 1047 4138 ejus
1070 4073 1130 4122 et
1144 4069 1414 4122 honorem
1435 4072 1493 4120 et
1511 4065 1905 4121 exaltationem
1987 4073 2172 4128 festini
2203 4074 2261 4127 in
2298 4073 2526 4128 arbores
2571 4089 2809 4144 magnas
2852 4085 3232 4135 excreverunt.
3284 4065 3418 4138 Post
3456 4103 3584 4157 par-

304 4177 425 4232 pm
439 4158 654 4215 ueteris
673 4159 982 4213 aﬂ‘ectaret.
1006 4154 1368 4225 Praecipiebat
1385 4171 1518 4226 ergo
1548 4154 1629 4208 illi
1659 4154 1791 4226 quia
1815 4171 1907 4209 vo-
1987 4180 2117 4219 vum
2149 4162 2389 4234 denique
2431 4161 2535 4218 sub
2575 4179 2640 4218 eo
2670 4163 2793 4219 visu
2821 4163 3199 4235 intervallum,
3237 4154 3582 4240 memoratus

303 4243 1904 4314 laxitatisDeietsanctzeEcclesiaeelectionieumvocanti
1984 4268 2079 4306 rex
2127 4252 2196 4306 de
2235 4251 2452 4306 arboris
2489 4252 2668 4322 ipsius
2705 4252 2882 4307 nimia
2922 4255 3350 4314 fructificatione
3387 4263 3578 4320 ceram

301 4333 1750 4435 contradicerenonaudebatJnvitusautemjubebat
1771 4341 2081 4435 quOZ-Dillo
2105 4340 2416 4411 gaudebat;
2451 4345 2507 4394 et
2549 4341 2643 4396 ille
2681 4358 2742 4396 se
2786 4358 2853 4395 ex
2894 4358 2962 4396 ea
3006 4343 3324 4402 laetissimas
3373 4350 3579 4409 habere

302 4429 460 4484 niam
471 4427 764 4500 agerrime
785 4423 999 4480 ferebat
1010 4423 1154 4478 tanti
1179 4440 1244 4478 ac
1271 4429 1388 4478 tam
1408 4422 1714 4477 dulcissimi
1735 4423 1902 4478 amici

299 4535 498 4575 carere
515 4517 816 4582 consortio,
841 4513 936 4586 qui
955 4512 1272 4569 coenobium
1289 4511 1450 4567 Becci
1472 4513 1792 4584 nuperrime
1811 4513 1901 4567 in-

299 4615 548 4680 coeptum
569 4607 683 4662 situ
717 4611 776 4660 et
798 4608 1131 4676 paupertate
1158 4602 1500 4657 horrendum
1531 4601 1716 4672 elegit,
1752 4604 1900 4674 quod

299 4697 608 4769 prudentia
617 4695 768 4750 illius
779 4692 1319 4763 vigilantissimaque
1327 4708 1462 4746 cura
1473 4691 1836 4762 locupletavit
1849 4696 1908 4746 et

299 4787 364 4840 in
394 4792 602 4842 statum
627 4783 879 4856 provexit
892 4781 1256 4853 pulcherrimi
1277 4780 1507 4844 ordinis,
1531 4781 1664 4835 dum
1685 4785 1907 4852 regeret

300 4874 604 4945 collegium
652 4875 964 4926 fraternum
997 4871 1119 4940 [al.,
1165 4870 1428 4940 fratrum]
1468 4886 1661 4925 severa
1686 4886 1751 4923 ac
1780 4870 1904 4924 miti

299 4963 623 5036 disciplina,
652 4966 908 5016 sanctum
937 4959 1104 5013 etiam
1136 4952 1407 5013 abbatem
1439 4959 1638 5013 humili
1684 4963 1741 5014 et
1775 4959 1902 5013 utili

299 5055 558 5110 consilio.
614 5052 833 5107 Etenim
875 5066 1004 5104 cum
1048 5048 1345 5118 ingloriam
1393 5049 1632 5120 propriae
1678 5053 1902 5104 tantum

302 5142 760 5198 mortiﬁcationis
772 5156 1002 5212 Operam
1016 5138 1163 5192 idem
1178 5138 1294 5191 Lan
1301 5138 1522 5192 francus
1533 5137 1896 5205 desideraret,

298 5250 435 5288 cum
467 5233 647 5286 adhuc
674 5231 834 5285 Becci
861 5235 1028 5295 esset,
1059 5227 1429 5299 deprehendit
1455 5243 1584 5281 eum
1610 5233 1780 5298 atque
1801 5244 1903 5299 pu-

297 5323 531 5376 blicavit
571 5321 977 5392 cogitationum
1021 5318 1304 5388 inspector
1345 5317 1515 5381 Deus,
1561 5322 1625 5372 ut
1675 5317 1904 5372 lucerna

294 5429 431 5467 sese
458 5411 724 5482 colligens
751 5410 811 5464 in
839 5409 1040 5463 vallem
1071 5406 1481 5462 diffunderetur
1520 5423 1621 5477 per
1663 5407 1898 5462 excelsa.

295 5502 531 5558 Eﬂulsit
558 5517 622 5555 eo
669 5499 962 5570 magistro,
1008 5495 1336 5552 obedientize
1393 5501 1605 5562 coactu,
1655 5497 1906 5567 philoso-

291 5591 604 5665 phicarum
632 5606 697 5644 ac
726 5589 1046 5643 divinarum
1065 5587 1385 5643 litterarum
1416 5586 1767 5655 bibliotheca,
1811 5604 1910 5642 no-

598 5689 862 5750 PATROL.
893 5686 1006 5750 CL.

1984 4430 2320 4502 propagines
2349 4429 2717 4500 adgaudendo
2747 4431 3141 4504 respondebat.
3177 4436 3582 4500 Invitabatura

1983 4537 2115 4591 rege
2142 4525 2206 4574 ut
2232 4519 2416 4591 ipsum
2445 4519 2732 4574 translatae
2760 4519 2976 4576 arboris
3018 4521 3430 4586 incrementum
3471 4531 3581 4590 iret

1982 4609 2189 4676 videre;
2207 4609 2304 4663 sed
2325 4608 2510 4663 nescio
2533 4625 2656 4679 quae
2677 4625 2846 4664 causa
2861 4609 3204 4682 impediebat
3217 4632 3288 4669 ne
3308 4617 3434 4676 iret.
3449 4621 3580 4680 Hmc

1988 4696 2197 4762 omnia,
2245 4697 2388 4751 sicut
2435 4697 2571 4751 visio
2617 4697 2870 4769 digessit,
2916 4715 3104 4754 rerum
3152 4710 3382 4762 eventus
3411 4712 3581 4782 expli-

1985 4786 2118 4853 cuit,
2149 4791 2352 4858 przeter
2381 4803 2547 4858 quam
2580 4787 2728 4858 quod
2759 4804 2885 4843 vere
2923 4787 3024 4843 ivit
3048 4794 3106 4844 et
3126 4794 3276 4864 quod
3322 4798 3581 4856 audierat

1985 4875 2140 4929 vidit.
2188 4875 2508 4944 Virgultum
2548 4875 2766 4930 abbatis
2819 4881 2940 4930 erat
2982 4879 3274 4936 Beccensis
3313 4886 3578 4954 Ecclesia,

1986 4964 2145 5034 cujus
2172 4963 2341 5017 arbor
2370 4965 2628 5030 maxima,
2661 4965 2754 5018 ille
2792 4965 3004 5032 doctor,
3053 4985 3166 5024 non
3213 4973 3396 5030 solum
3430 4995 3575 5046 eam,

1983 5070 2179 5108 verum
2233 5052 2374 5107 alias
2429 5070 2620 5108 omnes
2661 5071 2762 5125 per
2796 5055 3038 5125 patriam
3083 5076 3183 5114 suo
3231 5067 3484 5137 exemplo
3525 5074 3583 5124 et

1985 5142 2239 5197 doctrina
2287 5141 2639 5197 sustentabat
2686 5143 2976 5200 Ecclesias.
3024 5147 3152 5213 Qui,
3190 5150 3258 5204 ob
3277 5154 3584 5224 religionis

1985 5247 2154 5286 sacrae
2189 5231 2603 5286 institutionem
2635 5232 2971 5287 tradendam
3014 5224 3580 5311 Angliaa'praedicto

1985 5337 2116 5391 rege
2145 5337 2245 5392 per
2283 5320 2542 5374 abbatem
2573 5337 2755 5388 suum,
2790 5321 2880 5376 cui
2912 5323 3015 5377 soli
3044 5312 3314 5396 tanquam
3347 5331 3460 5383 Deo
3486 5347 3582 5402 pa-

1986 5409 2162 5477 rebat,
2190 5410 2260 5464 ad
2287 5411 2666 5465 transmarina
2694 5411 2938 5483 migrare
2961 5415 3296 5484 postulatus,
3339 5417 3583 5477 multum

1988 5499 2216 5565 invitus,
2280 5500 2430 5564 salva
2473 5500 2789 5555 obedientia
2835 5506 3006 5572 atque
3051 5502 3122 5556 ab
3167 5504 3340 5560 invito
3382 5507 3590 5568 abbate

1988 5586 2427 5670 jussus,.par_uit.
2461 5589 2621 5645 Unde
2652 5589 2902 5646 scribens
2912 5605 3074 5662 papae
3099 5593 3437 5666 Alexandro,
3459 5609 3589 5673 post

3317 5701 3354 5758 2
