4008 6186
478 325 546 382 43

1151 368 1176 374 _
1205 326 1268 386 Β.
1311 308 1722 380 LANFRANCI
1764 322 2344 379 CANTUARIENSIS
2381 322 2957 378 ARCHIEPISCOPI.

3683 322 3740 379 44

477 448 875 503 salutationem
920 447 1044 501 ait:
1085 466 1108 498 ι
1156 447 1298 517 Cum
1336 449 1407 503 de
1453 449 1716 504 Beccensi
1760 454 2130 520 congrega-A
2235 448 2316 504 l7.
2353 450 2434 504 De
2475 448 2757 502 radicibus
2785 447 2936 502 illius
2985 463 3202 518 magna
3239 449 3474 517 arboris,
3527 468 3650 522 qua
3692 451 3738 506 in

478 538 696 593 tione...
727 557 755 591 ι)
792 538 1008 592 Caetera
1047 536 1295 592 continet
1323 539 1561 609 epistola
1596 537 1628 595 2
1656 540 1717 592 B.
1752 539 2069 593 Lanfranci.

2154 539 2318 591 horto
2347 555 2448 592 suo
2477 544 2883 601 remanserant,
2907 541 2972 590 ut
2993 554 3092 608 per
3110 538 3391 593 somnium
3419 556 3584 594 suum
3605 540 3740 596 vide-

548 626 649 685 15.-
667 627 769 682 His
798 625 978 680 verbis
1007 625 1222 680 adverti
1245 633 1432 697 potest
1453 644 1621 699 quam
1643 627 1850 682 invitus
1880 635 2070 699 pasto-
2153 633 2260 693 rat,
2293 626 2431 681 vidit
2456 633 2654 698 postea
2690 627 3079 698 pradicandus
3115 627 3200 680 vir
3228 628 3530 684 Herluinus
3562 631 3739 702 pullu-

472 716 651 770 ralem
705 731 897 770 curam
941 720 1281 785 susceperat,
1325 719 1383 769 et
1427 733 1596 787 quam
1649 715 1890 771 libenter
1943 734 2067 771 eam
2149 715 2332 770 lantes
2369 717 2640 787 quasdam
2670 716 2913 786 virgulas
2942 715 3000 768 in
3029 715 3257 770 arbores
3302 734 3534 788 magnas
3568 735 3741 774 excre-

469 804 792 885 dimisisset,
813 804 860 858 si
877 804 1180 858 concedere
1207 821 1355 875 papa
1369 806 1653 860 voluisset.
1676 806 1820 860 Nam
1832 805 2067 861 timebat
2151 805 2309 870 visse,
2341 806 2548 860 multos
2574 805 2835 858 videlicet
2863 805 2932 858 ad
2965 821 3172 875 magna
3212 805 3486 860 bonorum
3511 825 3738 879 operum

467 910 633 948 suum
676 893 972 960 defectum,
1004 909 1107 947 nec
1137 893 1320 947 adhuc
1364 895 1435 948 ad
1474 900 1667 949 votum
1712 895 1977 949 cernebat
2004 896 2062 950 in
2145 893 2493 948 incrementa
2507 895 2772 965 perillius
2794 893 3206 949 institutionem
3229 896 3738 952 accessisse.Arbor

464 983 571 1038 sibi
621 985 935 1039 commissis
985 983 1316 1055 profectum.
1372 979 1459 1052 (³⁵)
1503 983 1713 1038 Verum
1759 985 1880 1054 ejus
1921 983 2060 1038 inibi

463 1079 708 1144 quantus
725 1079 919 1144 postea
931 1071 1245 1127 exstiteritf
1245 1077 1449 1138 ructus,
1465 1072 1736 1127 latissime
1757 1077 2057 1128 attestatur

459 1162 756 1217 innovatus
807 1178 1212 1233 usquequaque
1262 1161 1634 1216 institutionis
1671 1161 2055 1216 ecclesiastica

457 1257 655 1306 status.
673 1251 760 1324 (³⁸)
783 1250 1125 1306 Coenobialis
1155 1250 1310 1316 ordo,
1331 1250 1428 1320 qui
1459 1250 1687 1304 omnino
1708 1251 1778 1304 ad
1798 1251 2053 1304 laicalem

451 1341 747 1411 prolapsus
765 1339 951 1394 fuerat
967 1339 1412 1405 dissolutionem,
1432 1339 1503 1393 ad
1525 1339 2052 1410 probatissimorum

449 1429 792 1484 reformatur
819 1428 1173 1500 disciplinam
1203 1427 1694 1483 monasteriorum.
1725 1427 1924 1482 Clerici
1949 1427 2051 1482 sub

453 1518 765 1573 canonicali
793 1523 1124 1572 coercentur
1150 1518 1366 1588 regula.
1395 1517 1662 1588 Populus,
1688 1518 1900 1572 rituum
1929 1517 2053 1570 bar-

449 1606 717 1662 barorum
763 1606 1064 1662 interdicta
1110 1606 1374 1673 vanitate,
1409 1606 1482 1661 ad
1528 1611 1742 1661 rectam
1789 1605 2052 1661 credendi

447 1700 618 1767 atque
640 1696 861 1752 vivendi
880 1696 1122 1751 formam
1155 1695 1431 1750 eruditur.

1047 1785 1290 1841 CAPUT
1317 1786 1440 1839 VII.

517 1875 603 1933 16.
636 1876 796 1930 Hanc
819 1876 1106 1930 fructuum
1137 1877 1253 1930 Deo
1283 1873 1744 1929 suavissimorum
1798 1872 2046 1942 fragran-

439 1965 597 2031 tiam,
631 1966 792 2034 cujus
821 1981 888 2018 ex
917 1964 1087 2016 odore
1117 1963 1318 2016 domus
1347 1962 1448 2016 Dei
1470 1978 1570 2034 per
1594 1961 1786 2016 orbem
1812 1961 2044 2032 impleta

439 2057 542 2120 est,
572 2069 742 2124 quam
773 2057 831 2106 et
858 2052 979 2123 ipse
1002 2050 1174 2105 abbas
1202 2051 1405 2105 absens
1419 2050 1827 2121 jucundissime
1859 2065 2045 2103 sense-

438 2147 547 2209 rat,
580 2153 777 2212 postea
797 2156 1040 2213 praesens
1068 2146 1280 2212 quanto
1300 2140 1535 2195 vicinius
1565 2145 1724 2194 tanto
1740 2138 2042 2208 jucundius

438 2231 633 2296 sensit,
666 2229 950 2302 profectus
981 2229 1053 2284 ad
1081 2246 1213 2284 eum
1251 2229 1310 2282 in
1360 2228 1644 2300 Angliam.
1681 2229 1933 2298 Cumque
1971 2227 2042 2281 ad

434 2319 921 2391 archiepiscopum
949 2317 1314 2390 pervenisset,
1347 2323 1413 2382 9
1459 2335 1580 2389 qua
1602 2324 1739 2372 tunc
1768 2317 1917 2371 inter
1947 2333 2042 2370 eos

434 2407 805 2464 submittendi
826 2423 949 2460 sese
975 2406 1046 2460 ad
1065 2405 1304 2461 invicem
1320 2405 1416 2478 pia
1435 2405 1717 2459 contentio
1733 2405 1758 2458 ’I
1774 2405 2041 2458 Summus

433 2497 687 2561 antistes,
723 2501 780 2551 et
798 2495 859 2550 in
891 2494 1152 2549 Ecclesiis
1175 2494 1572 2549 transmarinis
1600 2493 1748 2548 vices
1776 2492 2039 2564 apostoli-

431 2603 525 2641 cas
551 2601 776 2656 gerens,
801 2583 1173 2640 submittebat
1193 2600 1253 2638 se
1279 2601 1382 2638 suo
1409 2583 1694 2654 quondam
1733 2582 1943 2645 abbati,
1975 2588 2040 2637 ut

431 2675 577 2729 alius
601 2674 782 2746 quivis
810 2674 1146 2740 monachus;
1180 2673 1459 2727 secundus
1487 2672 1695 2742 ubique
1722 2671 1791 2724 ab
1822 2688 1909 2736 eo,
1942 2670 2038 2725 ubi

430 2763 502 2818 ad
525 2763 824 2818 missarum
856 2761 1131 2816 solemnia
1158 2761 1475 2827 residendo,
1510 2767 1567 2815 et
1595 2777 1826 2814 manum
1863 2759 2034 2825 illius,

429 2869 558 2907 cum
587 2851 802 2924 aliquid
835 2850 904 2904 ab
936 2867 1002 2905 eo
1049 2850 1377 2922 accipiebat,
1419 2850 1529 2904 nisi
1579 2849 1785 2920 raptim
1831 2849 1924 2902 ille
1955 2866 2038 2903 re-

429 2941 710 3007 traxisset,
737 2940 1061 2995 osculando.
1086 2940 1174 2994 Illi
1196 2940 1357 2994 sedes
1377 2939 1735 3004 eminentior,
1771 2955 1835 2992 ac
1858 2938 2036 3008 impe-

428 3030 594 3085 randi
637 3031 730 3100 jus
777 3046 944 3084 omne
979 3027 1364 3095 tribuebatur;
1403 3027 1651 3082 donabat
1695 3027 2034 3082 famulorum

432 3119 883 3190 delinquentium
913 3123 1125 3185 reatus,
1157 3134 1224 3172 ac
1247 3123 1449 3172 catera
1484 3118 1544 3171 in
1569 3117 1736 3172 domo
1770 3134 1869 3188 pro
1898 3117 2036 3170 velle

426 3208 685 3263 faciebat.
739 3207 964 3262 Domini
1024 3223 1231 3261 nomen
1277 3207 1440 3272 alius,
1488 3207 1583 3260 ille
1638 3206 2033 3260 auctoritatem

425 3297 678 3366 gerebat.
728 3297 951 3360 Quanto
1007 3295 1165 3350 curia
1216 3311 1319 3349 sua
1374 3295 1756 3365 frequentior,
1822 3300 2033 3364 quanto

427 3385 727 3456 utriusque
755 3383 966 3438 ordinis
980 3399 1351 3455 personarum
1377 3384 1554 3437 totius
1575 3383 1732 3452 regni
1757 3383 2033 3437 excellen-

426 3474 572 3529 tium
610 3479 913 3529 conventus
960 3472 1131 3527 ﬁebat
1183 3471 1565 3539 numerosior,
1620 3477 1778 3526 tanto
1830 3472 2031 3543 majori

429 3578 617 3618 coram
668 3561 930 3617 omnibus
975 3562 1138 3616 illum
1197 3561 1651 3632 archiepiscopus
1701 3559 2033 3631 praferebat

429 3651 716 3723 obsequio.
766 3652 1006 3706 Multum
1055 3649 1409 3704 mirabantur
1460 3649 1727 3715 universi,
1789 3649 2030 3704 maxime

428 3741 617 3812 Angli,
650 3739 1133 3811 archiepiscopum
1162 3737 1629 3794 Cantuariensem
1658 3737 1737 3792 sic
1773 3737 2029 3792 submitti

431 3829 533 3885 ulli
563 3829 908 3891 mortalium.
940 3828 1126 3884 Abbas
1158 3845 1286 3883 vero
1314 3844 1482 3900 quam
1513 3826 1752 3881 debebat
1768 3827 2030 3897 dignitati

432 3924 604 3974 tanta
629 3917 1060 3974 submissionem
1093 3917 1403 3973 conabatur
1431 3916 1731 3984 exsolvere,
1774 3916 1872 3970 sed
1902 3917 2031 3970 nul-

431 4009 654 4065 latenus
674 4007 1123 4080 permittebatur.
1142 4008 1278 4062 Ecce
1299 4007 1431 4079 quid
1450 4006 1508 4061 in
1523 4006 1630 4060 hac
1657 4006 1770 4059 vita
1790 4005 2032 4060 servien-

431 4097 583 4152 tibus
607 4097 712 4152 sibi
743 4096 1168 4170 opulentissima
1195 4097 1298 4151 Dei
1334 4112 1536 4150 manus
1578 4093 1860 4148 retribuit.
1898 4095 2025 4162 Qui,

430 4187 759 4259 pauperiem
815 4186 1022 4242 Christi
1059 4201 1370 4252 assumens,
1403 4184 1481 4255 (³⁷)
1517 4185 1653 4238 olim
1681 4184 2028 4254 contemptui

429 4276 500 4332 ab
531 4277 808 4332 universis
835 4282 894 4332 et
917 4275 1125 4331 derisui
1151 4274 1503 4341 habebatur;
1546 4273 1718 4329 habet
1755 4289 1905 4328 nunc
1932 4273 2029 4345 qui

2142 983 2415 1038 fructibus
2445 983 2633 1054 opima
2659 983 2766 1037 fuit
2793 982 3125 1038 venerabilis
3147 985 3466 1050 Anselmus,
3483 987 3735 1041 Ecclesia

2137 1073 2510 1142 Augustensis
2539 1072 2790 1137 clericus,
2827 1072 2921 1142 qui
2954 1073 3321 1127 Lanfrancum
3347 1075 3418 1128 ad
3441 1076 3736 1130 monacha-

2136 1166 2257 1216 tum
2289 1161 2637 1226 subsecutus,
2671 1166 2796 1232 post
2815 1178 2942 1215 eum
2969 1162 3140 1232 prior,
3160 1168 3288 1234 post
3316 1163 3577 1218 abbatem
3600 1165 3734 1219 Her-

2135 1250 2354 1304 luinum
2376 1249 2547 1304 abbas
2569 1249 2882 1314 Becci,dein
2896 1250 3348 1321 archiepiscopus
3363 1252 3733 1306 Cantuarien-

2135 1339 2212 1392 sis
2250 1343 2377 1409 post
2406 1339 2664 1392 eumdem
2693 1339 3066 1392 Lanfrancum
3101 1339 3246 1405 fuit;
3293 1340 3361 1393 de
3395 1357 3504 1411 quo
3534 1347 3732 1396 cuncta

2135 1429 2354 1498 majora
2363 1428 2593 1482 fuerunt
2619 1444 2788 1498 quam
2809 1433 3003 1482 nostra
3023 1429 3275 1483 oratione
3288 1430 3484 1483 referri
3507 1435 3729 1500 queant.

2135 1517 2378 1572 Arbores
2409 1518 2694 1572 fructuum
2714 1516 2988 1571 bonorum
3005 1519 3357 1587 jucunditate
3381 1518 3731 1574 delectabiles

2134 1606 2364 1661 fuerunt
2401 1607 2485 1675 (33)
2545 1605 2718 1660 abbas
2776 1607 3394 1662 Westmonasteriensis
3451 1608 3730 1663 Gilbertus

2135 1694 2428 1766 Crispinus
2455 1694 2579 1762 (26),
2609 1694 2696 1766 (39)
2729 1693 2900 1749 abbas
2947 1696 3341 1750 Cormeliensis
3388 1696 3724 1763 Willelmus,

2065 1765 2218 1856 Β(⁴⁰)
2253 1784 2528 1838 Henricus
2577 1783 2833 1838 Ecclesia
2870 1785 3291 1839 Cantuariensis
3333 1785 3578 1840 decanus
3607 1785 3724 1855 (“);

2129 1872 2442 1928 Hemostus
2472 1873 2748 1927 Roﬁensis
2770 1873 3026 1927 Ecclesia
3048 1873 3361 1945 episcopus,
3393 1879 3450 1928 et
3466 1874 3560 1945 qui
3581 1875 3632 1929 ei
3653 1875 3722 1929 ad

2126 1961 2277 2015 idem
2299 1962 2546 2016 ofﬁcium
2567 1962 2834 2018 successit
2862 1961 3090 2028 ibidem,
3117 1961 3201 2030 (4’)
3233 1963 3318 2016 vir
3345 1979 3568 2017 morum
3597 1979 3726 2018 san-

2125 2050 2317 2105 ctitate
2336 2051 2641 2105 admodum
2665 2051 3003 2105 reverendus
3033 2051 3374 2107 Gundulfus.
3397 2050 3488 2121 (‘3)
3522 2053 3614 2119 Hi,
3633 2054 3727 2121 ju-

2123 2145 2288 2194 vante
2319 2141 2419 2195 Dei
2447 2141 2652 2210 gratia,
2701 2140 2758 2193 in
2798 2141 3056 2194 Beccensi
3101 2140 3332 2195 ecclesia
3376 2157 3409 2194 a
3459 2141 3726 2212 magistro

2124 2228 2437 2282 Lanfranco
2453 2227 2653 2293 edocti,
2669 2231 2972 2281 etasancto
2989 2228 3156 2282 Patre
3175 2228 3450 2282 Herluino
3462 2228 3518 2282 in
3534 2237 3726 2284 sancta

2123 2318 2395 2388 religione
2422 2317 2701 2383 instructi,
2730 2317 2788 2370 in
2820 2317 3079 2372 Ecclesiis
3107 2318 3234 2372 aliis
3265 2323 3462 2390 postea
3491 2319 3726 2373 honora-

2121 2406 2262 2461 biles
2292 2407 2488 2461 Patres
2515 2411 2650 2460 sunt
2672 2405 2936 2460 instituti.

2718 2495 2952 2551 CAPUT
2977 2495 3130 2551 VIII.

2198 2583 2280 2641 18.
2325 2587 2481 2640 Nova
2529 2585 2768 2639 necdum
2821 2589 3040 2639 sacrata
3083 2589 3204 2639 erat
3259 2587 3492 2641 ecclesia
3539 2589 3718 2656 Becci,

2121 2690 2290 2744 quam
2308 2673 2377 2728 ab
2399 2674 2518 2745 ipso
2541 2675 2699 2743 cujus
2728 2690 2852 2728 eam
2883 2673 3116 2727 consilio
3145 2673 3431 2729 inchoavit
3447 2681 3504 2730 et
3518 2677 3722 2731 auxilio

2121 2763 2532 2818 consummavit
2553 2761 2909 2832 exspectabat
2936 2763 3270 2830 consecrari,
3311 2763 3592 2819 instanter
3618 2766 3722 2820 hoc

2119 2869 2153 2906 a
2178 2854 2295 2906 Deo
2321 2868 2653 2922 exposcens;
2684 2853 2843 2921 cujus
2870 2851 3143 2921 petitioni,
3178 2851 3273 2922 qui
3303 2853 3371 2906 ad
3394 2859 3596 2908 catera
3612 2855 3720 2910 sibi

2118 2941 2392 3012 benignus
2404 2940 2697 2995 exstiterat
2707 2941 3136 3012 Deus,optatum
3150 2942 3425 2996 concessit
3439 2943 3720 3012 effectum,

2119 3031 2431 3102 adimplens
2451 3048 2552 3101 per
2572 3030 2760 3085 omnia
2780 3047 2950 3101 super
2971 3031 3072 3084 hac
3100 3047 3161 3085 re
3183 3031 3332 3086 illius
3355 3032 3717 3088 desiderium.
3748 3022 3756 3028 ”

2121 3121 2341 3174 Interea
2370 3119 2582 3190 paratis
2607 3119 2867 3173 omnibus
2909 3136 3031 3189 qua
3061 3120 3377 3174 necessaria
3411 3127 3574 3176 erant
3601 3123 3720 3176 usi-

2118 3207 2221 3262 bus
2247 3207 2642 3274 habitantium,
2674 3212 2803 3278 post
2821 3207 3201 3274 refectionem,
3239 3208 3430 3277 vigilia
3451 3209 3718 3264 Omnium

2120 3297 2472 3363 Sanctorum,
2519 3297 2721 3350 fratres
2775 3295 3158 3366 relinquentes
3202 3302 3447 3351 veterem
3502 3298 3720 3354 habita-

2115 3385 2326 3440 tionem
2337 3385 2616 3450 ,ordinata
2632 3384 3002 3456 processione,
3013 3391 3276 3440 canentes
3297 3388 3717 3457 responsorium

2117 3474 2158 3529 0
2180 3476 2331 3528 beata
2368 3475 2635 3539 Trinitas,
2668 3479 2942 3527 venerunt
2971 3473 3030 3526 in
3051 3489 3251 3528 novam
3276 3475 3564 3530 ecclesiam
3589 3495 3603 3544 ;
3637 3477 3720 3534 in-

2111 3568 2329 3617 trantes
2344 3579 2514 3618 novas
2527 3562 2673 3616 ades
2693 3563 2956 3633 deinceps
2984 3561 3314 3626 habitaturi,
3343 3563 3535 3635 ibique
3565 3565 3718 3620 festi-

2111 3653 2340 3707 vitatem
2362 3651 2625 3706 Omnium
2641 3652 2970 3706 Sanctorum
2987 3668 3115 3706 cum
3130 3653 3338 3724 gaudio
3350 3657 3408 3708 et
3423 3654 3717 3711 alacritate

2112 3742 2365 3796 omnium
2400 3739 2838 3795 celebraverunt.
2887 3741 2948 3795 In
3001 3741 3309 3797 crastinum
3361 3742 3498 3797 dum
3543 3744 3716 3800 missa

2111 3835 2454 3895 cantaretur,
2477 3829 2712 3885 'sanctus
2743 3831 2912 3884 Pater
2952 3830 3242 3884 collectam
3288 3831 3712 3889 multitudinem

2112 3935 2424 3989 pauperum
2448 3918 2506 3972 in
2535 3935 2706 3973 novas
2733 3918 2986 3973 ofﬁcinas
3011 3919 3182 3989 jussit
3209 3920 3418 3988 induci,
3452 3926 3510 3976 et
3536 3921 3716 3977 abun-

2111 4007 2442 4062 dantissime
2469 4006 2591 4060 cibo
2631 4013 2688 4062 et
2713 4011 2846 4078 potu
2875 4008 3050 4063 reﬁci.
3083 4009 3294 4072 Quarto
3332 4009 3534 4065 deinde
3560 4027 3713 4067 anno

2111 4096 2367 4150 dedicata
2408 4101 2494 4150 est
2525 4095 2759 4150 ecclesia
2798 4113 2926 4151 cum
2973 4114 3178 4168 magna
3218 4097 3416 4168 gloria,
3448 4104 3506 4154 et
3532 4115 3567 4154 a
3597 4117 3712 4172 quo

2110 4185 2279 4239 Pater
2297 4184 2671 4240 desiderabat.
2696 4185 2839 4240 Nam
2866 4203 2967 4258 pro
2981 4186 3318 4257 quibusdam
3338 4188 3579 4258 negotiis
3590 4194 3712 4246 tam

2109 4273 2467 4330 saecularibus
2496 4291 2665 4346 quam
2695 4275 3099 4341 ecclesiasticis,
3145 4275 3399 4347 gentium
3430 4281 3713 4334 transma-

425 4382 644 4421 morem
669 4365 775 4420 sibi
816 4371 978 4436 gerat
1022 4365 1324 4437 primatem
1369 4364 1545 4420 totius
1589 4363 1751 4435 regni
1782 4362 2020 4434 Anglia,
2044 4397 2094 4457 D
2111 4363 2362 4419 rinarum
2379 4380 2526 4435 sape
2545 4369 2888 4419 memoratus
2909 4363 3152 4436 pontifex
3169 4381 3423 4420 summus
3438 4366 3714 4424 Lanfran-

427 4471 555 4511 cum
584 4454 845 4510 omnibus
873 4454 981 4509 sibi
1008 4454 1321 4509 commissis
1369 4453 1712 4525 pontiﬁcem.
1751 4451 2022 4506 Eamdem
2044 4451 2086 4457 '
2109 4471 2206 4508 cus
2226 4453 2297 4508 ad
2316 4452 2528 4508 curiam
2546 4453 2974 4508 eminentissimi
2994 4453 3142 4525 regis
3161 4455 3473 4526 Anglorum
3493 4456 3686 4513 Willel

424 4544 790 4616 benignitatis
801 4543 904 4598 Dei
915 4544 1089 4598 vicem
1113 4549 1170 4598 et
1187 4544 1282 4597 ille
1301 4547 1612 4614 acceperat,
1631 4541 1727 4612 qui
1739 4540 2023 4612 abnegans

425 4634 791 4705 semetipsum
821 4632 946 4700 sibi,
971 4633 1067 4703 qui
1098 4633 1231 4686 olim
1271 4648 1372 4703 pro
1416 4632 1531 4685 Deo
1575 4630 1894 4685 libertatem
1934 4630 2022 4684 sui

424 4723 754 4791 tradiderat,
797 4721 948 4777 videt
974 4738 1126 4777 nunc
1161 4721 1232 4776 ad
1277 4720 1513 4791 vestigia
1549 4737 1651 4774 sua
1681 4719 1916 4786 advolvi,
1957 4724 2022 4773 ut

423 4829 538 4868 non
591 4812 774 4867 dicam
816 4812 1136 4866 consulares
1178 4809 1406 4876 multos,
1449 4809 1565 4863 imo
1606 4813 1663 4862 et
1709 4807 2018 4862 maximum

420 4907 605 4958 totum
637 4901 742 4956 sibi
771 4901 983 4956 accline
1010 4917 1266 4972 regnum.

498 5009 607 5078 (‘26)
625 5011 780 5064 Alios
799 5008 1096 5064 Lanfranci
1125 5007 1427 5078 discipulos
1454 5005 1514 5060 in
1537 5002 2014 5078 observationibus

420 5075 640 5154 praviis
667 5081 1057 5154 indicavimus.
1099 5079 1180 5133 De
1208 5075 1520 5154 Gisleberto
1551 5075 2010 5154 multaudisimus

415 5147 486 5230 ad
509 5154 696 5230 Vitam
795 5151 1068 5230 Herluini,
1086 5167 1253 5230 quam
1274 5147 1622 5230 ille_scripsit;
1645 5148 1713 5230 de
1723 5147 2007 5230 Willelmo

415 5225 474 5280 in
495 5225 643 5280 notis
663 5225 732 5279 ad
749 5241 872 5294 cap.
905 5222 939 5279 2
958 5219 1124 5292 hujus
1146 5221 1309 5294 Vita.
1334 5219 1610 5294 Henricus
1641 5219 2008 5294 Cantuarien-

413 5298 494 5350 sis
516 5295 771 5351 Ecclesia
792 5290 1045 5350 decanus‘
1063 5293 1130 5360 is,
1163 5298 1228 5346 ut
1263 5292 1500 5357 videtur,
1531 5290 1640 5345 fuit
1667 5291 1736 5344 ad
1753 5307 1919 5414 quem
1943 5291 1998 5345 S.

413 5369 708 5414 Anselmus
729 5366 953 5414 sci-insit
972 5366 1112 5414 duas
1134 5364 1415 5414 epistolas.
1462 5378 1575 5414 una
1603 5368 1688 5414 est
1712 5362 1732 5414 1
1785 5361 1859 5414 ib.
1890 5377 1998 5414 LIV.

408 5369 708 5422 Anselmus
729 5366 953 5437 scripsit
972 5366 1112 5418 duas
1134 5364 1415 5437 epistolas,
1462 5378 1575 5437 una
1603 5368 1688 5437 est
1712 5362 1798 5437 l_li

407 5433 980 5499 altera2librix1f,ubi
1012 5433 1264 5506 ejusdem
1292 5433 1713 5489 Cantuariensis
1743 5433 2000 5506 Ecclesia

2105 4543 2202 4609 mi,
2224 4543 2282 4598 in
2303 4543 2649 4599 Normannia
2667 4548 2803 4598 tunc
2822 4543 3242 4610 commorantis,
3266 4544 3710 4616 veniens,primo

2104 4631 2339 4687 accessit
2363 4632 2436 4686 ad
2457 4632 2642 4704 ipsum
2668 4629 3106 4700 monasterium;
3141 4637 3200 4686 et
3227 4649 3340 4704 qua
3377 4649 3490 4688 non
3517 4636 3712 4706 potuit

2100 4720 2302 4789 majori
2331 4720 2588 4775 decentia
2613 4738 2647 4775 a
2671 4720 2937 4776 fratribus
2977 4725 3063 4776 est
3090 4726 3416 4792 susceptus;
3446 4723 3565 4794 ipse
3589 4741 3707 4795 qua

2100 4825 2214 4863 non
2236 4811 2420 4881 potuit
2464 4810 2667 4880 majori
2695 4809 3032 4879 humilitate,
3083 4826 3211 4865 cum
3254 4811 3335 4866 eis
3376 4828 3436 4866 se
3477 4812 3703 4882 habuit,

2093 4899 2256 4968 juxta
2271 4899 2417 4970 quod
2431 4899 2702 4972 scriptum
2717 4905 2804 4956 est
2825 4920 2838 4955 :
2864 4902 3080 4970 Quanto
3104 4916 3341 4969 magnus
3361 4918 3432 4968 es,
3452 4903 3704 4959 humilia

2097 5006 2260 5077 epist.
2291 5005 2362 5061 46
2409 5007 2648 5078 scripsit.
2682 5009 2988 5064 Ordinatus
3025 5012 3112 5063 est
3138 5013 3326 5063 autem
3355 5024 3502 5064 anno
3535 5007 3696 5078 1077,

2095 5078 2490 5151 destructaque
2502 5078 2766 5147 Rolfensi,
2783 5086 3060 5135 vetustate
3080 5096 3222 5151 pene
3235 5080 3499 5151 collapsa,
3515 5082 3699 5136 eccle-

2091 5149 2193 5215 sia,
2227 5167 2425 5203 novam
2456 5151 2766 5218 adiﬁcavit,
2801 5152 2861 5206 in
2929 5169 3005 5207 ua
3051 5149 3344 5222 sexaginta
3379 5149 3695 5208 monachos

2091 5221 2372 5276 adunavit.
2394 5222 2525 5275 Hac
2547 5226 2604 5276 et
2622 5222 2734 5276 alia
2763 5170 3027 5277 Gundulﬁ
3052 5223 3316 5277 nraclare
3336 5229 3494 5277 gesta
3518 5224 3695 5277 refert

2087 5221 2372 5276 adunavit.
2394 5222 2530 5294 Haec
2547 5226 2604 5276 et
2622 5222 2734 5276 alia
2763 5221 3027 5278 Gundulﬁ
3049 5221 3316 5294 praeclare
3335 5229 3494 5294 gesta
3518 5224 3699 5280 refert

2088 5309 2403 5365 anonymus
2432 5293 2607 5364 ipsius
2637 5294 2778 5348 Vita
2807 5295 3083 5365 scriptor;
3120 5311 3287 5364 quem
3329 5293 3600 5349 Acherius
3628 5297 3694 5350 in

1785 5361 1862 5435 ib.
1890 5377 1998 5435 Liv,
2084 5361 2338 5418 notis'ad
2369 5361 2488 5435 cap.
2535 5365 2606 5420 13
2635 5365 2805 5435 hujus
2833 5361 2974 5420 Vita
3022 5361 3319 5419 Lanfranci
3359 5365 3535 5419 edidit
3562 5375 3696 5435 post

2086 5435 2385 5490 Sedlenum
2417 5438 2475 5489 in
2506 5437 2654 5490 notis
2683 5438 2752 5490 ad
2782 5437 3139 5502 Eadmerum,
3175 5436 3272 5507 qui
3291 5436 3518 5507 quidem
3541 5435 3695 5492 Ead-

400 5509 559 5580 prior
574 5516 818 5564 vocatur.
851 5509 930 5562 De
959 5503 1195 5580 Ernosto
1217 5506 1336 5580 agit
1347 5506 1691 5580 Lanfrancus
1713 5505 1875 5580 epist.
1903 5503 1993 5572 48,
2081 5523 2269 5561 merus
2298 5507 2492 5562 eadem
2515 5513 2728 5562 narrat.
2752 5508 2882 5563 Vita
2902 5509 3123 5579 integra
3140 5503 3408 5564 Gundulﬁ
3432 5508 3582 5565 edita
3603 5514 3695 5564 est

398 5576 660 5635 editionis
671 5579 1017 5652 Acheriana,
1035 5578 1303 5652 Gundulﬁ
1317 5577 1673 5652 sanctitatem
1690 5576 1996 5652 pradicant
2079 5582 2231 5634 tomo
2262 5580 2314 5636 II
2336 5580 2551 5652 Anglia
2583 5596 2771 5636 sacra.

396 5657 652 5714 auctores
679 5650 867 5721 coaevi,
888 5650 1110 5708 videtur
1139 5649 1188 5706 is
1217 5665 1339 5708 esse
1367 5649 1438 5706 ad
1459 5665 1624 5723 quem
1643 5648 1991 5706 Lanfrancus
