4048 6176
365 320 438 374 «"15

2084 311 2212 365 lTA.
3571 322 3638 380 46

363 451 412 497 te
440 449 499 497 in
533 444 788 496 omnibus
821 442 1011 506 (Ecclz'.
1045 453 1126 503 ιιι,
1161 438 1264 507 ΞΟ).
1295 438 1420 507 (Est
1465 441 1653 490 autem
1685 434 1956 489 Beccense
1975 431 2103 494 Aet
2131 436 2245 491 Deo
2277 437 2578 496 miserante
2605 443 2676 497 ad
2704 444 2853 500 diem
2879 446 3197 518 plenissime
3227 449 3526 504 convaluit.
3555 451 3644 505 Fi-

362 531 768 588 monasterium
796 530 948 583 inter
968 530 1105 582 duos
1130 535 1351 580 montes
1382 526 1574 592 situm,
1593 541 1762 596 super
1781 525 1962 578 rivum

364 624 463 694 qui
493 624 701 676 Beccus
724 619 949 683 dicitur,
975 635 1009 671 a
1051 634 1159 688 quo
1198 623 1256 670 et
1283 632 1487 670 nomen
1536 616 1788 686 accepit.)
1823 616 1964 668 Cum

363 728 497 780 ergo
514 710 759 763 venisset
780 708 850 761 ad
877 708 1204 761 descensum
1226 707 1452 771 montis,
1469 707 1564 777 qui
1581 705 1686 776 ipsi
1717 704 1965 759 coenobio

363 801 597 864 eminet,
618 798 700 870 (“)
724 799 904 851 fertur
919 797 1190 850 annulum
1220 795 1288 849 de
1317 795 1493 866 digito
1522 795 1844 861 extraxisse;
1868 809 1970 846 nec

363 894 562 958 postea
581 885 831 956 quandiu
857 884 1013 938 Becci
1037 889 1287 937 moratus
1319 891 1422 949 est,
1447 883 1555 937 nisi
1575 884 1644 937 ad
1668 883 1968 936 missarum

365 975 665 1040 solemnia,
699 973 1083 1043 resumpsisse.
1107 973 1192 1026 Ad
1217 971 1434 1026 abbatis
1457 974 1574 1041 jam
1606 972 1760 1026 senio
1792 971 1972 1024 incur-

363 1065 480 1118 vati
518 1064 773 1118 osculum
836 1061 1106 1115 accedens
1147 1067 1264 1115 tam
1305 1078 1540 1131 magnus
1607 1061 1860 1127 antistes,
1901 1060 1972 1113 ad

368 1153 544 1223 pedes
574 1154 695 1222 ejus
743 1152 960 1205 advolvi
1007 1158 1239 1205 conatus
1284 1156 1403 1204 est:
1450 1168 1641 1204 verum
1673 1150 1768 1204 illo
1807 1166 1976 1203 econ-

369 1248 463 1295 tra
487 1242 543 1294 id
593 1241 774 1312 ipsum
807 1247 1065 1306 conante,
1094 1241 1259 1310 longo
1308 1239 1533 1310 utrique
1576 1240 1696 1308 [al.,
1755 1239 1973 1309 utique]

369 1331 701 1392 luctamine,
723 1330 856 1382 dum
879 1330 1022 1383 alter
1047 1330 1284 1382 alterum
1323 1334 1622 1392 sustentat,
1657 1333 1860 1382 neuter
1887 1345 1976 1381 ex-

371 1420 543 1490 plevit
563 1419 711 1489 quod
738 1418 1048 1488 satagebat.
1082 1418 1215 1470 Post
1263 1417 1469 1472 multos
1516 1417 1724 1487 diuque
1755 1422 1976 1488 optatos

372 1509 690 1579 amplexus,
723 1507 808 1576 (‘5)
839 1524 968 1560 cum
1007 1506 1273 1560 fratribus
1327 1507 1384 1559 in
1413 1506 1656 1560 claustro
1705 1506 1851 1560 sedit
1887 1521 1977 1560 ar-

373 1597 784 1667 chiepiscopus,
802 1601 865 1649 ut
877 1595 1058 1665 quivis
1077 1595 1220 1649 alius
1242 1595 1513 1665 ipsorum,
1523 1595 1774 1663 juvenes,
1792 1611 1975 1660 senes,

2046 525 2202 580 nitur
2228 529 2426 597 majori
2457 546 2627 600 quam
2649 539 2828 605 capta
2855 537 3039 590 fuerat
3052 537 3405 606 jucunditate
3433 540 3640 592 solem-

2047 615 2212 670 nitas.
2245 617 2432 672 Tertio
2457 619 2547 673 die
2576 623 2791 678 saculis
2813 627 3208 681 memorandus
3233 628 3351 697 jam
3383 644 3527 699 sape
3557 629 3642 682 fa-

2048 708 2140 757 tus
2168 705 2602 762 Cantuariorum
2638 712 3086 784 archiepiscopus
3115 714 3184 768 ab
3237 715 3512 770 universis
3541 717 3648 771 fra-

2048 793 2229 848 tribus
2260 796 2429 849 eundi
2461 798 2782 854 missionem
2813 803 3080 873 poposcit.
3114 805 3250 868 Quis
3279 810 3502 860 tantum
3524 813 3646 861 tan-

2050 888 2120 936 ta
2152 884 2301 938 inter
2321 901 2416 939 eos
2439 885 2801 957 benignitatis
2849 891 3030 946 virum
3077 894 3426 949 recedentem
3487 895 3648 950 siccis

2055 973 2228 1025 oculis
2250 974 2511 1043 aspicere
2521 977 2743 1046 potuit?
2773 979 2981 1034 Omnes
3001 997 3234 1052 erupere
3253 983 3310 1036 in
3338 985 3645 1056 lacrymas;

2057 1062 2274 1130 parvuli
2304 1079 2417 1117 non
2448 1065 2710 1120 valebant
2731 1069 3030 1123 consolari.
3063 1071 3330 1125 Consulto
3347 1074 3652 1128 maturavit

2057 1147 2388 1216 discessum,
2423 1156 2702 1221 quatenus
2730 1171 2762 1207 a
2789 1156 2923 1209 fletu
2953 1173 3012 1210 se
3032 1157 3402 1224 continerent,
3429 1161 3516 1214 vel
3527 1167 3654 1232 post

2058 1238 2180 1306 ejus
2222 1237 2549 1294 discessum.
2582 1241 2931 1298 Venerabilis
2977 1246 3282 1301 Herluinus
3327 1264 3456 1302 eum
3482 1266 3654 1320 supra

2058 1342 2252 1380 omnes
2281 1328 2546 1382 mortales
2575 1346 2790 1396 amans,
2845 1337 2902 1385 et
2931 1331 3000 1386 ab
3031 1349 3097 1388 eo
3127 1341 3369 1400 amatus,
3410 1353 3511 1407 per
3547 1337 3658 1392 duo

2061 1415 2324 1469 milliaria
2350 1415 2727 1472 discedentem
2773 1427 3104 1491 prosecutus
3153 1429 3237 1478 est
3283 1424 3546 1492 amicum,
3588 1425 3656 1479 ad

2062 1520 2192 1557 suos
2222 1503 2368 1558 visus
2389 1521 2678 1576 nunquam
2705 1507 2762 1560 in
2792 1509 2896 1562 hac
2926 1509 3036 1563 vita
3063 1511 3302 1566 ulterius
3322 1513 3658 1568 rediturum.

2063 1592 2205 1645 Nam
2237 1597 2367 1646 ante
2397 1593 2506 1648 diei
2535 1594 2711 1664 ipsius
2741 1597 3108 1652 dedicationis
3137 1616 3382 1655 annuam
3440 1603 3661 1658 revolu-

375 1693 548 1756 atque
581 1685 841 1748 infantes,
877 1700 1337 1754 unumquemque
1376 1683 1703 1752 singillatim
1743 1683 2037 1756 eompel-_
2062 1680 2273 1734 tionem
2299 1681 2446 1735 diem
2473 1682 2676 1737 clausit
2705 1690 3038 1740 extremum.
3083 1687 3216 1750 Qua
3245 1689 3428 1742 cordis
3457 1691 3662 1744 amari-

374 1751 519 1839 lans,
546 1779 603 1826 et
616 1774 778 1842 juxta
805 1751 1262 1842 uniuscujusque
1277 1751 1605 1842 qualitatem
1642 1771 1832 1826 debita
1866 1751 1980 1836 i0
1999 1751 2044 1810 B
2063 1769 2231 1823 tudo!
2263 1771 2388 1840 quis
2418 1772 2580 1825 ﬂetus
2605 1773 2663 1825 in
2694 1772 2815 1842 ipso
2863 1774 3064 1829 ultimo
3113 1777 3233 1831 vale
3279 1782 3336 1832 et
3365 1778 3561 1834 ultimo
3591 1779 3662 1834 ab

375 1863 786 1916 confortatione
807 1862 1132 1916 adhortans.
1168 1861 1304 1924 Quis
1333 1877 1595 1914 enarrare
1639 1861 1980 1915 sufﬁcienter

379 1960 550 2021 queat
581 1957 848 2020 quantam
892 1949 1270 2003 humilitatem
1317 1955 1372 2003 et
1431 1949 1833 2020 benignitatem
1869 1967 1983 2003 om-

383 2016 548 2093 nibus
580 2016 1074 2093 eondescendendo
1105 2038 1435 2092 exhibebat?
1463 2039 1548 2091 Ad
1565 2016 1830 2092 inensam
1856 2039 1984 2092 dex-
2029 2016 2042 2032 ’

377 2135 625 2182 trorsum
665 2133 722 2181 et
760 2129 1147 2181 sinistrorsum
1182 2128 1384 2181 fratres
1410 2144 1536 2181 cum
1570 2128 1987 2199 archiepisc0po

383 2218 581 2270 sedere
636 2233 702 2270 ac
753 2216 1038 2270 communi
1086 2216 1277 2282 calice,
1311 2217 1545 2270 scutella
1593 2234 1724 2280 una,
1747 2235 1872 2271 cum
1924 2234 1988 2270 eo

380 2312 664 2374 coguntur
679 2322 902 2359 sumere
933 2305 1138 2358 cibum.
1170 2307 1284 2359 Nec
1315 2306 1433 2358 sola
1462 2306 1829 2359 aedificatione
1850 2306 1991 2360 sola-

381 2393 748 2448 tiafratribus
770 2394 1062 2464 impendit,
1079 2394 1175 2447 sed
1197 2399 1355 2447 tanto
1374 2394 1593 2464 hospite
1614 2395 1784 2463 digna
1799 2394 1990 2464 hospi-

386 2485 531 2538 tium
593 2483 793 2536 locavit
839 2483 1228 2536 muniﬁcentia
1277 2488 1340 2536 ut
1391 2497 1457 2536 ex
1508 2483 1759 2552 reliquiis
1796 2482 1990 2536 festive

385 2571 669 2645 geminari
718 2572 1007 2642 potuerint
1056 2577 1280 2624 octava.
1312 2573 1376 2625 1n
1409 2571 1638 2626 ecclesia
1665 2572 1989 2626 cathedram

385 2663 766 2734 episcopalem
834 2661 940 2716 sibi
980 2661 1283 2732 praparari
1327 2662 1529 2726 noluit,
1571 2661 1667 2715 sed
1707 2662 1761 2714 in
1803 2661 1993 2714 sedem

384 2752 595 2822 prioris
626 2751 873 2816 intravit,
905 2751 1095 2804 dicens
1131 2769 1188 2804 se
1243 2751 1425 2804 adhuc
1479 2751 1721 2822 priorem
1767 2767 1907 2815 esse,
1939 2756 1997 2804 et

383 2841 641 2895 nondum
672 2840 949 2893 dimisisse
981 2839 1315 2910 prioratum.
1353 2839 1731 2909 Compellatus
1779 2839 1849 2892 ab
1878 2839 1998 2916 uni-

386 2931 565 2983 versis
598 2930 666 2983 de
697 2929 1113 2982 consecratione
1167 2929 1414 2997 ejusdem
1467 2929 1729 2993 ecclesia,
1766 2934 1995 3000 paratus

2061 1859 2295 1913 invicem
2315 1859 2560 1916 discessu
2581 1862 2592 1914 !

2682 1951 2918 2008 CAPUT
2943 1954 3037 2008 IX.

2140 2033 2228 2092 20.
2260 2036 2358 2090 His
2398 2039 2837 2108 praoccupando
2868 2040 2949 2094 ita
2974 2044 3296 2112 praemissis,
3317 2044 3386 2100 ad
3413 2045 3667 2103 ordinem

2070 2141 2219 2179 nunc
2244 2130 2606 2180 revertamur.
2642 2128 2778 2182 Post
2833 2132 3260 2188 translationem
3301 2136 3358 2189 in
3406 2137 3668 2207 Angliam

2072 2213 2436 2280 Lanfrancus,
2453 2231 2564 2268 non
2577 2215 2786 2272 oblitus
2805 2225 3036 2290 propter
3056 2223 3204 2291 quod
3223 2230 3464 2289 venerat,
3487 2231 3667 2280 totam

2073 2303 2442 2357 intentionem
2465 2321 2624 2358 suam
2656 2306 2725 2359 ad
2759 2323 2943 2362 mores
2987 2309 3279 2365 hominum
3311 2314 3670 2384 corrigendos

2075 2396 2131 2444 et
2148 2392 2596 2461 componendum
2612 2392 2870 2451 Ecclesia
2891 2402 3101 2453 statum
3120 2401 3410 2456 convertit.
3432 2404 3499 2458 Et
3514 2405 3670 2475 prius

2073 2478 2252 2549 ipsam
2284 2481 2442 2551 regni
2472 2488 2710 2537 matrem
2744 2486 3036 2541 ecclesiam
3065 2489 3549 2547 Dorobernensem
3581 2511 3672 2548 re-

2073 2583 2279 2622 novare
2323 2571 2559 2625 studuit.
2613 2573 2683 2626 Et
2711 2574 2842 2644 quia
2889 2581 3020 2630 ante
3069 2577 3285 2649 aliquot
3321 2597 3499 2636 annos
3547 2583 3675 2654 igne

2075 2656 2364 2712 combusta
2394 2659 2597 2725 fuerat,
2627 2677 2661 2714 a
2699 2661 3078 2718 fundamentis
3125 2666 3279 2722 illam
3333 2671 3671 2726 readificare

2077 2747 2312 2807 studuit.
2333 2750 2549 2817 grande
2578 2766 2718 2821 opus
2747 2758 2803 2805 et
2817 2753 3146 2823 spatiosum.
3173 2756 3436 2812 Officinas
3457 2776 3678 2831 quoque

2080 2835 2271 2890 usibus
2302 2837 2704 2891 monachorum
2735 2842 3080 2894 necessarias
3108 2843 3422 2898 aditicavit.
3439 2847 3508 2899 Et
3527 2848 3676 2916 quod

2077 2925 2282 2978 mirum
2311 2925 2612 2978 admodum
2631 2925 2722 2991 sit,
2746 2926 2815 2980 de
2844 2927 3090 2982 Cadomo
3120 2930 3214 2983 ubi
3252 2931 3424 2987 abbas
3444 2935 3677 3006 exstitit,

391 3036 591 3073 eorum
611 3034 824 3071 morem
843 3034 1037 3088 gerere
1059 3018 1351 3082 voluntati,
1385 3017 1454 3071 ad
1479 3018 1694 3072 curiam
1715 3018 1997 3088 profectu-
2022 3075 2062 3092 η
2080 3012 2324 3065 velivolis
2345 3012 2579 3066 navibus
2608 3029 2710 3083 per
2761 3031 2915 3069 mare
2944 3018 3229 3072 transvchi
3269 3020 3509 3074 faciebat
3537 3039 3677 3092 qua-

394 3126 496 3162 rus
533 3108 786 3160 inducias
839 3075 1019 3177 petiit,
1055 3107 1234 3160 donec
1285 3075 1414 3160 inde
1458 3107 1628 3161 sciret
1653 3075 2210 3161 voluntatemcdl‘os
2261 3100 2477 3171 lapides
2517 3075 3043 3158 ad-wdiﬁcandum.
3085 3107 3291 3161 Domos
3348 3075 3570 3180 quoque
3602 3075 3679 3165 ad

396 3197 569 3267 regis,
603 3196 739 3250 Dein
761 3195 1000 3250 fratrum
1031 3195 1177 3249 votis
1231 3197 1673 3261 commendatus,
1706 3198 1775 3250 ad
1809 3214 1997 3267 regem
2082 3189 2448 3244 habitandum
2477 3190 2584 3243 sibi
2634 3193 2946 3247 construxit
2980 3211 3152 3266 prOpe
3190 3197 3498 3251 ecclesiam.
3545 3199 3680 3264 Qua

398 3285 672 3357 pervenit,
707 3284 925 3338 locutus
945 3301 1071 3338 cum
1102 3300 1186 3350 eo,
1217 3285 1367 3338 unde
1419 3285 1541 3355 [al.,
1581 3287 1733 3356 inde]
1773 3293 2001 3356 rogatus
2084 3279 2273 3333 omnia
2292 3279 2524 3334 adificia
2543 3296 2706 3335 muro
2727 3298 2930 3352 magno
2952 3289 3009 3336 et
3035 3284 3150 3338 alto
3171 3284 3362 3340 cinxit.
3384 3286 3679 3359 Dispositis

399 3375 756 3437 discesserat,
792 3373 940 3426 diem
971 3373 1341 3427 dedicationis
1364 3375 1594 3445 accepit,
1629 3381 1685 3429 et
1713 3375 2003 3429 confestim

400 3465 626 3518 remisit
641 3480 753 3517 non
779 3463 959 3516 solum
993 3463 1089 3533 qui
1116 3463 1345 3526 diceret,
1399 3480 1589 3517 verum
1641 3469 1698 3517 et
1726 3463 1874 3517 unde
1905 3465 2005 3516 ﬁe-

398 3559 510 3609 ret.

479 3643 569 3698 19.
595 3642 774 3712 Igitur
821 3641 1036 3696 decimo
1067 3641 1348 3697 Kalendas
1376 3640 1726 3707 Novembris,
1760 3657 1908 3695 anno
1937 3640 2007 3694 ab

401 3732 795 3786 incarnatione
847 3731 1072 3786 Domini
1133 3729 1285 3796 1077,
1320 3736 1525 3785 sancta
1571 3731 1722 3784 omni
1753 3730 2007 3785 Ecclesia

402 3821 784 3883 venerandus,
839 3821 1091 3890 gentium
1145 3821 1649 3874 transmarinarum
1704 3819 1913 3890 primas
1952 3826 2008 3874 et

404 3909 658 3982 pontifex
689 3925 945 3963 summus
974 3910 1084 3978 ('47)
1142 3910 1485 3963 Lanfrancus
1527 3909 1770 3971 advenit,
1823 3926 2014 3964 consea

403 3999 618 4053 crando
646 4002 1139 4052 consummaturus
1169 3998 1457 4052 ecclesiam
1482 4014 1649 4068 quam
1701 3998 2011 4068 inspirante

406 4089 527 4143 Deo
548 4088 846 4153 inchoavit,
883 4093 939 4141 et
965 4087 1020 4140 in
1050 4087 1210 4157 cujus
1252 4087 1634 4140 fundamentis
1663 4086 2011 4140 exstruendis

409 4177 656 4248 lapidem
674 4176 983 4231 secundum
1008 4176 1125 4246 ipse
1145 4192 1315 4230 manu
1337 4193 1441 4229 sua
1478 4175 1761 4246 imposuit.
1796 4177 2010 4230 Conve-

411 4273 622 4320 nerunt
668 4265 915 4320 universi
964 4265 1324 4318 Normannia
1369 4264 1632 4334 episcopi,
1679 4263 1925 4330 abbates,
1955 4271 2013 4319 et

414 4355 510 4408 alii
523 4355 730 4425 quique
747 4354 994 4424 religiosi
1011 4354 1114 4406 viri
1131 4373 1142 4420 ;
1177 4352 1478 4407 adfuerunt
1497 4357 1553 4406 et
1565 4369 1819 4422 proceres
1829 4354 2008 4423 regni.

2028 4396 2078 4455 D

2085 3368 2432 3422 sufﬁcienter
2459 3385 2582 3440 qua
2613 3369 2683 3423 ad
2715 3371 3031 3440 regularem
3061 3373 3267 3428 victum
3315 3381 3371 3429 et
3417 3378 3682 3432 vestitum

2088 3461 2221 3510 sunt
2243 3458 2578 3523 necessaria,
2631 3459 2921 3513 ecclesiam
2976 3461 3156 3530 ipsam
3201 3464 3460 3534 pretiosis
3512 3471 3681 3538 atque

2088 3545 2282 3598 multis
2309 3545 2507 3599 ditavit
2535 3547 2899 3602 ornamentis.
2925 3549 3238 3619 Dignitates
3277 3568 3405 3606 vero
3437 3553 3686 3610 Cantua-

2089 3633 2288 3688 riensis
2313 3634 2578 3697 ecclesia,
2601 3652 2726 3705 qua
2754 3642 3032 3692 vetustate
3055 3640 3138 3692 vel
3163 3641 3505 3712 negligentia
3533 3644 3686 3700 deci-

2089 3722 2307 3789 derant,
2332 3723 2445 3777 sive
2465 3723 2777 3779 imminuta
2821 3726 3062 3793 fuerant,
3082 3731 3399 3786 renovando
3421 3733 3688 3791 reforma-

2087 3811 2400 3865 vit.Terras
2422 3813 2627 3866 multas
2657 3831 2780 3883 qua
2803 3814 3000 3871 ablata
3033 3818 3272 3886 fuerant,
3306 3820 3364 3875 in
3386 3823 3480 3892 jus
3511 3825 3685 3880 eccle-

2095 3901 2190 3955 sia
2220 3902 2516 3968 revocavit,
2547 3908 2601 3955 et
2621 3903 2816 3973 viginti
2847 3906 3094 3977 quinque
3142 3911 3395 3964 maneria
3441 3914 3686 3970 ecclesia

2095 3990 2363 4045 restituit.
2383 3991 2463 4064 (4°)
2481 3992 2838 4047 Xenodochia
2869 3993 2980 4063 (28)
3001 3996 3088 4050 vel
3117 3999 3544 4071 ptochotrophia
3573 4004 3686 4059 duo

2095 4085 2253 4134 extra
2306 4081 2586 4135 civitatem
2635 4083 2952 4151 aedificavit;
3002 4101 3178 4139 unum
3235 4089 3304 4141 ad
3343 4091 3682 4161 aquilonem,

2094 4170 2334 4223 alterum
2368 4169 2438 4222 ad
2496 4187 2771 4237 occasum,
2827 4189 2952 4226 cum
3010 4175 3267 4230 omnibus
3333 4181 3684 4250 necessariis,

2096 4259 2298 4329 quibus
2319 4259 2387 4312 de
2403 4275 2504 4312 suo
2525 4275 2740 4312 annuos
2761 4260 3032 4327 redditus,
3055 4269 3328 4332 quantum
3352 4271 3490 4322 satis
3509 4270 3686 4326 visum

2095 4353 2198 4410 est,
2220 4348 2513 4417 delegavit.
2536 4348 2599 4400 In
2646 4349 2914 4403 maneriis
2940 4351 3056 4404 suis
3098 4352 3344 4409 instituit
3364 4336 3690 4428 praebendas

416 4443 534 4496 Rex
554 4447 613 4495 et
632 4442 828 4512 regina
856 4441 980 4494 aliis
1003 4440 1205 4494 intenti
1231 4456 1342 4493 non
1373 4439 1690 4505 adfuerunt,
1715 4442 1810 4495 sed
1845 4442 2013 4513 largi-
2033 4433 2078 4455 υ
2095 4435 2308 4490 dandas
2340 4433 2682 4506 pauperibus
2711 4453 2812 4506 per
2839 4455 3068 4496 annum.
3091 4441 3154 4495 In
3167 4443 3421 4512 pluribus
3443 4447 3694 4518 ipsorum

415 4530 554 4585 tatis
572 4547 686 4585 suae
704 4530 978 4584 beneficia
1008 4529 1301 4583 miserunt.
1322 4528 1524 4598 Agitur
1547 4529 1820 4584 dedicatio
1841 4531 2013 4586 latis-

417 4621 568 4674 sima
595 4619 950 4673 solemnitate
976 4623 1034 4672 et
1088 4617 1326 4672 solemni
1383 4618 1633 4672 omnium
1688 4619 2011 4689 alacritate;

419 4708 698 4764 alacritati
718 4707 1008 4761 hominum
1028 4723 1126 4760 aer
1139 4707 1258 4778 ipse
1277 4705 1614 4778 purissimus
1634 4707 1862 4779 diesque
1889 4711 2022 4764 luci-

418 4799 688 4852 dissimus
707 4795 1011 4850 arridebat.
1027 4795 1311 4866 Languor,
1348 4795 1443 4866 qui
1468 4811 1568 4866 per
1593 4801 1716 4851 octo
1748 4805 1876 4853 ante
1899 4799 2016 4852 dies

420 4887 651 4941 Patrem
667 4885 850 4956 ipsum
863 4884 1187 4939 monasterii
1201 4889 1479 4948 tenuerat,
1495 4889 1629 4939 tunc
1644 4903 1767 4940 eum
1782 4887 2012 4952 dimisit,

502 5027 618 5099 (27)
636 5028 725 5082 Sic
736 5028 1140 5099 pracipuarum
1161 5026 1377 5082 sedium
1404 5027 1803 5099 archiepiscopi
1816 5028 2022 5098 passim

421 5101 531 5154 hoc
545 5115 662 5153 avo
680 5099 1166 5169 nuncupabantur.
1194 5100 1280 5153 Ita
1313 5099 1480 5152 Wido
1502 5099 1803 5152 Remorum
1837 5099 2022 5153 archi-

424 5171 636 5242 prasul
665 5171 722 5222 in
755 5170 1003 5242 Historia
1057 5169 1415 5242 inventionis,
1441 5171 1496 5242 S.
1531 5169 1744 5224 Bertini
1774 5187 2024 5225 summus

420 5241 695 5312 pontifex,
730 5241 866 5294 alias
885 5259 1136 5295 summus
1167 5245 1366 5309 prasul
1389 5241 1611 5312 dicitur.

503 5312 612 5384 (287)
649 5311 942 5384 Egregiam
971 5313 1174 5384 horum
1193 5311 1669 5384 xenodochiorumi
1696 5311 2026 5384 descriptio-

426 5400 562 5437 nem
595 5383 764 5434 habet
792 5383 1098 5436 Eadmerus
1123 5383 1264 5435 libro
1291 5397 1309 5436 1
1344 5383 1602 5435 Historia
1624 5383 1926 5450 Novorum,
1950 5383 2026 5436 si-

426 5461 527 5508 cut
553 5460 612 5507 et
645 5454 940 5518 donorum,
966 5471 1088 5525 qua
1107 5455 1254 5507 idem
1279 5452 1622 5525 Lanfrancus
1661 5453 2028 5508 ecclesiasua

427 5525 692 5580 contulit.
711 5525 850 5578 Vide
865 5523 1035 5579 etiam
1057 5541 1123 5578 ea
1135 5525 1204 5578 de
1233 5540 1292 5576 re
1309 5523 1485 5577 fusius
1504 5524 1872 5577 disserentem
1889 5525 2029 5578 Ger-

2097 4524 2363 4580 maneriis
2401 4525 2714 4579 construxit
2734 4526 2982 4598 lapideas
3003 4529 3198 4585 domos
3217 4531 3321 4586 sibi
3353 4535 3424 4588 ad
3442 4536 3696 4593 habitan-

2098 4615 2252 4669 dum.

2171 4703 2260 4760 21.
2285 4702 2530 4775 Odo(20)
2550 4705 2869 4775 Bajoccnsis
2899 4695 3207 4782 episcopus,
3233 4713 3407 4768 frater
3426 4716 3694 4772 Willelmi

2099 4793 2266 4864 regis,
2292 4800 2415 4847 erat
2435 4810 2621 4848 comes
2641 4795 2854 4851 Cantia
2867 4814 2931 4851 eo
2949 4803 3199 4870 tempore
3221 4819 3330 4873 quo
3352 4805 3695 4861 Lanfrancus

2099 4883 2169 4938 ad
2198 4883 2735 4955 archiepiscopatum
2755 4886 2923 4940 venit.
2949 4887 3051 4942 Hic
3072 4891 3262 4946 multis
3281 4895 3700 4963 gravaminibus

2104 5024 2397 5108 riensium,
2428 5031 2483 5080 et
2510 5025 2580 5108 inp
2594 5027 2741 5108 libro
2771 5029 2851 5083 De
2867 5029 3116 5100 ejusdem
3133 5035 3375 5091 ecclesia
3396 5039 3703 5108 conﬂagra-

2105 5099 2258 5168 tione
2279 5103 2334 5150 et
2363 5099 2738 5168 reparatione.

2180 5166 2378 5250 ('2?)_De
2406 5166 2525 5238 ejus
2549 5172 3040 5250 administratione
3060 5175 3222 5245 plura
3242 5178 3463 5248 scripsit
3482 5179 3702 5233 Orcleri~

2107 5255 2202 5312 cus
2235 5238 2390 5312 libris
2424 5255 2503 5300 ιιι,
2539 5255 2590 5294 ιν
2623 5249 2678 5296 et
2715 5258 2787 5297 vn
2822 5238 3080 5300 Historia
3116 5264 3248 5300 sua.
3283 5238 3436 5312 Quod
3467 5265 3593 5302 vero
3633 5252 3705 5304 ad

2107 5311 2252 5391 hanc
2283 5311 2744 5391 disceptationem
2776 5331 2904 5391 cum
2933 5317 3242 5391 Lanfranco
3265 5319 3488 5391 attinet,
3518 5321 3709 5391 legen-

2105 5381 2323 5456 gendus
2341 5381 2744 5456 estEadmerus
2770 5386 2863 5456 qui
2895 5403 3017 5440 eam
3049 5387 3228 5441 librox
3261 5389 3402 5442 Hist.
3427 5381 3712 5448 Novo‘rum

2110 5453 2232 5534 fuse
2261 5454 2512 5534 exponit,
2539 5456 2682 5534 sicut
2720 5453 3299 5534 et'seqpentemcum
3327 5461 3585 5534 episcopo
3616 5466 3709 5520 Ci-

2112 5525 2400 5578 cestrensi.
2435 5525 2647 5580 Ibidem
2692 5534 2852 5581 notat
2894 5525 3240 5584 Eadmerdus
3269 5525 3578 5589 Lanfranco
3612 5537 3714 5590 ad-

427 5597 655 5654 vasium
683 5597 1162 5652 Dorobernensem
1177 5595 1235 5650 in
1255 5593 1408 5649 Actis
1435 5596 1762 5667 pontificum
1796 5595 2033 5652 Cantua-
2115 5595 2283 5651 fuisse
2321 5596 2701 5668 Dunstanum,
2745 5605 2807 5654 ut
2842 5600 3086 5657 ecclesia
3123 5619 3239 5659 sua
3275 5605 3404 5676 jura
3440 5611 3713 5684 tueretur,
