4008 6186
425 315 494 370 47

1188 316 1250 373 B.
1291 281 1706 374 LANFRANCI
1744 319 2319 377 CANTUARIENSIS
2354 313 2930 380 ARCHIEPISCOPI.

3630 328 3698 384 48

425 439 705 498 atterebat
723 439 979 498 homines
999 441 1150 497 illius
1178 442 1500 513 provinciae,
1515 450 1573 499 et
1582 445 1750 502 simul
1764 445 2020 500 homines
2037 444 2089 520 ᾼ
2109 453 2451 517 exposceret,
2467 450 2757 520 respondit
2771 451 3015 506 Thomas
3045 466 3334 522 nunquam
3354 469 3416 508 se
3444 452 3502 508 id
3523 453 3696 510 factu-

423 530 866 588 Dorobernensis
893 529 1183 597 Ecclesiae;
1225 530 1314 585 cui
1342 531 1685 588 Lanfrancus
1709 533 1767 586 in
1816 533 2012 586 faciem

422 607 652 694 restitit,
685 628 742 677 et
764 639 954 676 coram
979 619 1238 676 omnibus
1285 620 1607 676 testimonio
1651 622 2013 694 antiquorum

421 712 754 782 Anglorum,
779 710 873 784 qui
904 709 1070 783 periti
1099 715 1262 765 erant
1285 709 1473 780 legum
1508 710 2012 782 patriae,(‘7),dera-

422 800 724 856 tiocinatus
765 806 849 857 est
886 799 1205 855 libertatem
1262 804 1427 854 terrae
1480 816 1612 867 suae,
1655 806 1712 855 et
1760 799 2018 855 liberavit

422 890 678 946 homines
691 907 819 946 suos
835 907 867 945 a
888 889 1053 944 malis
1069 888 1588 956 consuetudinibus,
1615 896 1651 955 ι
1676 896 1714 956 1
1742 905 1881 960 quas
1893 889 2013 944 Cdo

416 979 639 1035 volebat
661 981 772 1036 illis
799 979 1108 1052 imponere.
1132 978 1330 1032 Adhuc
1351 978 1540 1050 plures
1569 984 1892 1050 supersunt,
1929 978 2008 1041 με)

417 1069 512 1142 qui
542 1075 599 1124 et
620 1071 807 1125 locum
835 1070 1025 1142 placiti
1055 1065 1172 1140 (30)
1202 1072 1259 1122 et
1297 1083 1503 1122 nomen
1533 1067 1640 1122 loci
1666 1073 1894 1135 norunt,
1928 1067 2007 1136 (‘9)

413 1163 472 1214 et
498 1161 729 1215 modum
757 1161 1040 1231 ﬁnemque
1068 1157 1184 1212 litis
1222 1172 1333 1228 quo
1379 1158 1663 1213 contentio
1706 1158 2010 1212 terminata

410 1253 495 1304 est
526 1250 798 1305 referunt.
841 1249 987 1314 Quid
1014 1248 1084 1302 de
1113 1245 1327 1302 clericis
1351 1246 1612 1301 villarum
1663 1263 1893 1302 suarum
1924 1245 2012 1300 Ci-

409 1340 680 1395 cestrensi
709 1339 968 1413 episcopo
1001 1336 1242 1410 scripsit,
1269 1333 1464 1390 subter
1510 1337 1732 1392 annecti
1775 1336 2009 1408 dignum

404 1427 686 1485 duximus.

474 1519 823 1576 Lanfrancus
852 1517 970 1593 (31)
995 1518 1180 1590 gratia
1200 1519 1423 1576 Dei.....
1449 1519 1560 1590 (Est
1579 1520 1732 1588 epist.
1767 1513 1835 1572 40
1865 1517 2004 1571 Lan-

400 1608 631 1681 franci.)

1025 1697 1260 1754 CAPUT
1288 1698 1359 1753 X.

469 1785 562 1845 22.
589 1785 832 1842 Euntem
857 1785 1020 1842 illum
1050 1787 1122 1842 ad
1148 1786 1692 1858 archiepiscopatum
1724 1783 1887 1838 multi
1907 1799 1995 1839 se-

397 1877 514 1931 cuti
543 1881 694 1944 sunt,
719 1893 750 1930 e
780 1874 983 1947 quibus
1006 1875 1196 1946 plures
1226 1875 1496 1944 retinuit;
1531 1891 1670 1946 quos
1689 1872 1995 1928 honoribus

396 1970 454 2020 et
481 1965 649 2020 terris
679 1965 895 2032 ditavit,
929 1964 1075 2019 sicut
1105 1965 1317 2036 posteri
1347 1980 1540 2019 eorum
1560 1968 1845 2018 testantur
1871 1979 1993 2016 ma-

391 2058 592 2110 nentes
619 2070 798 2126 usque
828 2054 898 2108 ad
927 2070 1193 2126 praesens.
1224 2054 1333 2109 Sed
1364 2059 1428 2109 ut
1451 2058 1602 2108 retro
1629 2051 1994 2122 redeam,pri-

391 2160 485 2198 mo
496 2144 741 2199 adventu
770 2144 890 2214 ejus
909 2143 967 2197 in
985 2142 1610 2214 Angliam,auctoritate
1631 2142 1836 2197 summi
1858 2159 1993 2212 pon-

389 2232 554 2288 tificis
583 2232 908 2300 Alexandri,
955 2237 1013 2286 et
1039 2230 1269 2304 gloriosi
1298 2231 1448 2303 regis
1474 2230 1763 2297 Willelmi,
1795 2247 1993 2285 convo-

388 2321 536 2376 cavit
555 2321 845 2394 episcopos
883 2325 942 2376 et
965 2321 1246 2393 principes
1271 2325 1456 2386 terrae,
1488 2320 1699 2375 clerum
1729 2324 1786 2374 et
1814 2335 1988 2391 papu-

384 2411 524 2480 lum,
562 2411 635 2467 ad
663 2411 983 2466 renovanda
1003 2411 1230 2465 decreta
1275 2415 1333 2465 et
1385 2409 1645 2464 instituta
1663 2414 1985 2464 sanctorum

381 2499 617 2555 Patrum
651 2501 720 2556 de
749 2500 980 2574 synodis
999 2499 1366 2567 celebrandis,
1390 2499 1459 2554 de
1489 2497 1985 2554 consuetudinibus

382 2589 791 2645 ecclesiasticis.
826 2591 892 2646 In
918 2589 1025 2644 hoc
1048 2593 1324 2645 conventu
1349 2594 1636 2645 ostensum
1675 2594 1760 2643 est
1789 2593 1984 2642 contra

379 2678 654 2734 Thomam
685 2677 791 2749 (32)
820 2678 1080 2746 electum,
1115 2679 1212 2750 qui
1229 2678 1335 2733 hoc
1363 2676 1799 2743 contradicebat,
1834 2676 1982 2748 quod

379 2767 744 2825 Eboracensis
764 2768 1216 2840 archiepiscopus
1245 2767 1411 2822 debet
1439 2784 1559 2822 esse
1589 2765 1983 2822 Cantuariensi

376 2856 636 2912 subditus
666 2857 908 2913 antistiti
933 2875 946 2925 ;
979 2856 1128 2928 quod
1158 2855 1436 2928 quomodo
1453 2860 1640 2910 actum
1666 2855 1739 2909 sit
1763 2855 1982 2926 plenius

377 2946 474 3018 qui
502 2947 743 3003 voluerit
767 2947 928 3013 scire,
961 2963 1031 3000 ex
1059 2945 1146 3001 his
1180 2961 1304 3017 quae
1331 2943 1584 3016 subjecta
1637 2949 1771 2999 sunt
1815 2960 1980 2998 nosse

2098 551 2242 600 rum,
2267 536 2376 590 nisi
2395 537 2553 608 prius
2573 537 2809 608 scriptas
2837 539 2906 594 de
2937 539 3040 594 hac
3083 556 3146 594 re
3178 541 3517 596 auctoritate
3544 541 3698 612 lege-

2095 629 2201 690 ret,
2232 625 2338 678 nisi
2368 631 2538 680 testes
2568 628 2738 697 hujus
2767 629 3122 699 antiquitatis
3169 635 3478 686 assertores
3505 647 3698 686 ceme-

2100 718 2214 777 ret;
2246 718 2549 785 postremo,
2583 716 2692 770 nisi
2718 732 2996 787 congruas
3032 735 3203 790 super
3231 719 3336 774 hac
3354 736 3416 775 re
3446 722 3698 778 rationes

2098 803 2338 870 audiret,
2365 803 2568 875 quibus
2597 805 2654 859 id
2681 807 2834 876 juste
2864 812 2920 860 et
2973 807 3389 863 rationabiliter
3417 809 3539 864 sine
3575 826 3695 866 sum

2098 893 2342 947 ecclesiae
2366 894 2687 964 praajudicio
2709 895 2889 949 facere
2909 895 3157 951 deberet.
3183 897 3300 951 Hoc
3318 903 3507 954 autem
3537 899 3695 970 igno-

2094 982 2281 1036 rantia
2302 983 2482 1053 magis
2511 999 2679 1054 quam
2713 984 2941 1054 spiritus
2969 985 3102 1039 elati
3125 986 3436 1056 pertinacia
3465 987 3688 1058 agebat.

2094 1069 2283 1124 Novus
2304 1072 2453 1126 enim
2467 1072 2636 1126 homo
2667 1078 2724 1126 et
2750 1073 2995 1143 Anglicas
3013 1075 3439 1138 consuetudinis
3464 1077 3691 1147 penitus

2093 1175 2289 1230 expers
2317 1160 2500 1214 verbis
2529 1161 2886 1216 adulatorum
2914 1163 3040 1234 plus
3061 1180 3218 1234 aequo
3249 1170 3307 1219 et
3343 1163 3488 1220 bono
3518 1165 3688 1236 ﬁdem

2092 1247 2404 1302 exhibebat.
2427 1249 2772 1304 Lanfrancus
2784 1255 2974 1305 tamen
2989 1251 3050 1305 in
3069 1253 3368 1322 praesentia
3379 1269 3690 1324 paucorum.

2091 1336 2497 1409 episcoporum,
2535 1339 2639 1410 qui,
2682 1339 2749 1393 ad
2802 1355 2930 1394 eum
2981 1356 3082 1411 pro
3120 1341 3225 1395 hac
3269 1342 3689 1400 consecratione

2089 1432 2376 1495 venerant,
2419 1427 2567 1498 quod
2597 1429 2900 1499 postulavit
2928 1430 3191 1484 ostendit.
3223 1432 3299 1486 At
3352 1431 3467 1499 ille,
3498 1448 3689 1504 asper-

2085 1520 2254 1570 natus
2301 1516 2508 1582 omnia,
2571 1533 2686 1572 non
2735 1523 2990 1573 sacratus
3059 1517 3346 1574 abscessit.
3380 1519 3542 1584 Quod
3589 1538 3687 1580 rex

2083 1605 2318 1660 audiens
2356 1606 2606 1676 graviter
2645 1607 2878 1678 accepit,
2939 1607 3264 1664 existimans
3309 1608 3687 1668 Lanfrancum

2016 1692 2294 1778 Binjusta
2320 1700 2512 1766 petere
2564 1700 2622 1749 et
2667 1695 2902 1750 scientia
2946 1696 3264 1752 litterarum
3301 1697 3482 1768 magis
3512 1715 3684 1769 quam

2081 1782 2298 1837 ratione
2329 1789 2388 1838 et
2406 1783 2642 1842 veritate
2663 1785 2962 1852 conﬁdere,
2992 1785 3249 1856 quamvis
3270 1802 3373 1842 nec
3397 1787 3505 1858 ipsi
3532 1788 3684 1844 Tho-

2077 1888 2184 1925 mae
2205 1872 2424 1928 deesset
2474 1873 2891 1944 Scripturarum
2942 1875 3166 1944 peritia,
3213 1875 3390 1930 multo
3426 1876 3675 1947 ingenio,

2075 1961 2252 2015 multo
2285 1961 2470 2016 studio
2491 1967 2830 2033 comparata.
2889 1962 3203 2018 Paucorum
3245 1963 3465 2019 dierum
3493 1966 3678 2036 spatio

2076 2050 2314 2116 evoluto,
2335 2051 2679 2105 Lanfrancus
2700 2051 2770 2105 ad
2801 2051 3016 2106 curiam
3040 2052 3212 2118 venit,
3239 2069 3274 2106 a
3299 2070 3432 2124 rege
3447 2054 3680 2112 audien-

2073 2138 2212 2193 tiam
2245 2140 2564 2210 postulavit,
2623 2140 2859 2195 redditis
2914 2140 3227 2196 rationibus
3255 2143 3376 2212 ejus
3415 2143 3671 2202 animum

2073 2227 2369 2298 mitigavit,
2402 2229 2794 2284 transmarinis
2823 2229 2918 2300 qui
2947 2230 3184 2284 aderant
3204 2248 3320 2286 sua;
3346 2233 3492 2303 parti
3507 2234 3673 2304 justi-

2069 2320 2208 2371 tiam
2238 2319 2436 2373 adesse
2484 2319 2662 2373 suasit
2725 2324 2782 2372 et
2812 2319 3113 2389 persuasit.
3146 2320 3315 2391 Angli
3371 2321 3522 2378 enim
3567 2324 3666 2394 qui

2067 2423 2187 2462 rem
2206 2412 2479 2462 noverant
2498 2406 2901 2462 assertionibus
2926 2409 3048 2478 ejus
3072 2425 3174 2480 per
3193 2410 3385 2465 omnia
3412 2418 3672 2468 constan-

2067 2495 2279 2550 tissime
2299 2495 2681 2550 testimonium
2701 2495 3292 2568 perhibebant.Itaque
3307 2499 3462 2569 regio
3483 2500 3668 2558 edicto

2065 2585 2462 2657 communique
2491 2585 2745 2640 omnium
2769 2585 2994 2640 decreto
3014 2591 3290 2642 statutum
3311 2593 3398 2642 est
3425 2590 3496 2643 ad
3525 2607 3665 2661 prte-

2065 2691 2193 2730 sens
2223 2675 2426 2730 debere
2453 2675 2724 2730 Thomam
2743 2675 2814 2728 ad
2835 2681 3074 2730 matrem
3105 2675 3279 2730 totius
3299 2677 3460 2748 regni
3479 2679 3665 2734 Eccle-

2063 2765 2204 2818 siam
2252 2763 2456 2830 redire,
2484 2763 2886 2836 professionem
2918 2763 3183 2831 scribere,
3225 2766 3491 2837 scriptam
3518 2767 3665 2839 lege-

2063 2869 2158 2919 re;
2189 2853 2389 2907 lectam
2418 2853 2568 2907 inter
2592 2852 3025 2907 examinandum
3053 2853 3112 2907 in
3131 2855 3431 2924 praesentia
3449 2857 3659 2928 episco-

2062 2958 2264 3014 porum
2293 2959 2450 2996 more
2478 2941 2852 2996 ecclesiastico
2905 2942 3219 2998 Lanfranco
3251 2945 3571 3016 porrigere;
3601 2947 3662 3003 in

374 3035 602 3106 poterit.
636 3035 729 3108 (⁵ο)
750 3037 913 3092 Anno
946 3033 1061 3106 (33)
1090 3034 1162 3089 ab
1182 3034 1570 3089 incarnatione
1599 3032 1823 3088 Domini
1846 3031 1983 3090 1070
1998 3036 2041 3099 C
2063 3048 2177 3101 qua
2205 3031 2496 3103 praeceptis
2516 3031 2741 3102 quidem
2759 3031 2879 3101 ejus
2900 3030 2960 3084 in
2986 3030 3398 3103 omnibusque
3413 3035 3484 3089 ad
3497 3036 3662 3091 Chri-

372 3122 606 3180 intravit
631 3125 925 3196 Anglicam
951 3129 1166 3179 terram
1220 3124 1568 3179 Lanfrancus
1615 3121 1980 3178 Cadomensis

372 3213 609 3269 coenobii
666 3213 860 3281 abbas,
905 3212 1259 3269 moventibus
1315 3217 1486 3283 atque
1529 3209 1980 3282 praecipientibus

371 3303 658 3358 Willelmo
681 3303 926 3374 glorioso
954 3302 1267 3373 Anglorum
1292 3318 1445 3372 rege,
1478 3306 1531 3355 et
1554 3300 1730 3354 felicis
1763 3316 1979 3356 memo-

369 3391 468 3446 riae
488 3391 806 3446 Alexandro
832 3390 1007 3446 totius
1036 3395 1242 3445 sanctae
1265 3389 1522 3445 Ecclesiae
1545 3406 1768 3444 summo
1799 3389 1979 3460 ponti-

369 3480 490 3536 fice.
526 3481 581 3536 Is
609 3485 740 3553 post
763 3495 971 3552 paucos
999 3478 1089 3535 sui
1114 3478 1380 3534 introitus
1410 3478 1530 3534 dies
1586 3478 1978 3533 Dorobernen-

369 3587 490 3625 sem
518 3569 823 3625 Ecclesiam
851 3567 1156 3640 regendam
1186 3568 1465 3640 suscepit;
1509 3574 1864 3623 consecratus
1894 3573 1980 3622 est

371 3664 563 3716 autem
585 3677 638 3714 Iv
665 3658 948 3714 Kalendas
993 3657 1358 3730 Septembris,
1396 3657 1456 3711 in
1484 3656 1615 3711 sede
1645 3657 1980 3728 metropolia

365 3749 738 3820 suifraganeis
765 3747 944 3820 ipsius
966 3747 1138 3814 sedis,
1155 3746 1441 3802 Willelmo
1469 3745 1844 3801 Londoniensi
1864 3747 1978 3817 epi-

369 3855 558 3910 scopo,
586 3837 938 3893 Walchelino
968 3837 1270 3903 Wentano,
1298 3835 1554 3906 Remigio
1569 3824 1837 3890 Dorcensi
1857 3836 1971 3890 sive

368 3927 724 3996 Lincoliensi,
766 3927 1018 3983 Siwardo
1073 3925 1340 3992 Rollensi,
1395 3925 1656 3980 Herfasto
1706 3925 1969 3979 Helmea-

366 4018 528 4072 nensi
559 4018 675 4073 sive
702 4016 1119 4084 Thesfordensi,
1153 4014 1424 4086 Stigando
1459 4014 1784 4084 Selengensi
1833 4014 1968 4083 [al.,

368 4107 711 4180 Selesiensi],
744 4108 1068 4164 Hermanno
1115 4103 1511 4160 Sirabumensi
1567 4101 1686 4175 [al.,
1749 4103 1970 4158 Schire-

364 4193 901 4269 burnensi],Gisone
929 4194 1197 4249 Vellensi.
1224 4191 1424 4247 Czeteri
1451 4191 1548 4262 qui
1577 4189 1836 4246 absentes
1857 4191 1973 4246 fue-

368 4291 506 4341 runt
532 4301 732 4341 causas
761 4301 877 4341 sua;
906 4283 1174 4340 absentia:
1193 4287 1313 4337 tam
1331 4279 1544 4351 legatis.
1554 4296 1724 4352 quam
1740 4280 1965 4348 litteris,

365 4374 756 4430 ostenderunt.
1551 4430 1553 4432 η

430 4462 521 4518 23.
552 4464 679 4534 Ipso
700 4478 848 4516 anno
877 4461 1124 4517 Thomas
1154 4458 1524 4515 Eboracensis
1566 4459 1823 4515 Ecclesiae
1851 4460 1971 4516 ele-

361 4557 486 4609 ctus
505 4551 739 4606 antistes
762 4549 1228 4606 Cantuarberiam
1264 4565 1330 4603 ex
1352 4549 1538 4620 prisca
1566 4550 1968 4606 consuetudine

361 4640 432 4696 ab
477 4656 544 4695 eo
586 4640 892 4696 sacrandus
932 4638 1192 4706 advenit;
1233 4655 1268 4692 a
1306 4654 1416 4708 quo
1445 4653 1572 4692 cum
1618 4637 1967 4696 Lanfrancus

365 4730 632 4803 scriptam
671 4730 741 4784 de
782 4728 1102 4784 obedientia
1146 4744 1248 4783 sua
1291 4743 1422 4782 cum
1459 4725 1773 4797 adjectione
1797 4729 1964 4798 juris-

354 4819 586 4890 jurandi
612 4819 1018 4892 professionem
1048 4817 1329 4873 custodito
1358 4821 1773 4873 antecessorum
1806 4834 1964 4875 more

432 4961 541 5033 (30)
572 4962 666 5017 Bis
694 4978 760 5016 ea
805 4963 875 5018 de
937 4977 1000 5016 re
1041 4961 1415 5033 disceptatum
1460 4959 1630 5033 fuisse
1666 4961 1828 5015 testis
1875 4968 1962 5018 est

352 5031 844 5090 idem'Eadmerus
874 5054 884 5089 :
921 5033 1104 5105 primo
1151 5031 1485 5098 Pinnidone,
1523 5031 1619 5086 ubi
1673 5033 1958 5090 Goﬂ'ridus

353 5106 801 5162 Constantiensis
827 5106 1141 5177 episcOpus,
1160 5107 1272 5159 vice
1303 5107 1446 5173 regis
1462 5105 1776 5172 Lanfranco
1786 5109 1956 5174 justi-

352 5182 493 5234 tiam
513 5181 575 5233 de
594 5182 710 5232 suis
725 5181 957 5247 querelis
980 5179 1361 5230 strenuissime
1378 5177 1559 5245 facere
1573 5179 1778 5245 jussus,
1801 5180 1948 5244 fecit.

349 5251 545 5306 Altera
573 5255 764 5305 autem
793 5249 906 5303 vice
939 5248 1035 5320 qui
1060 5247 1317 5320 Ecclesiae
1328 5248 1461 5318 jura
1488 5247 1794 5320 tuebantur
1821 5247 1950 5303 victi

350 5323 593 5389 fuerant,
649 5321 747 5375 sed
801 5319 1032 5376 absente
1074 5319 1410 5390 rLanfranco
1447 5337 1458 5371 :
1492 5319 1642 5373 unde
1691 5319 1948 5390 sequenti

349 5393 459 5459 die,
485 5394 604 5464 ipse
633 5392 783 5446 beati
807 5389 1086 5447 Dunstani
1114 5391 1332 5464 monitu
1349 5391 1430 5464 ad
1462 5390 1731 5461 placitum
1772 5389 1942 5459 venit,

347 5470 406 5517 et
433 5463 661 5518 causam
683 5469 964 5536 repetens,
982 5479 1100 5532 qua!
1126 5463 1308 5530 pridie
1323 5463 1471 5536 dicta
1486 5463 1714 5529 fuerant
1744 5465 1944 5517 inania

344 5551 450 5589 esse
468 5539 548 5589 sic
576 5535 928 5602 monstravit,
989 5539 1050 5588 ut
1106 5536 1274 5587 donec
1317 5535 1445 5590 vita
1467 5535 1723 5602 presenti
1749 5550 1942 5604 super-

339 5607 476 5676 fuit,
503 5607 699 5662 nullus
728 5611 1040 5675 exsurgeret
1067 5606 1168 5675 qui
1194 5605 1323 5660 inde
1352 5609 1545 5659 contra
1577 5621 1703 5660 eum
1728 5622 1784 5660 os
1813 5622 1942 5676 ape-

2062 3121 2257 3176 stianae
2276 3121 2564 3191 religionis
2591 3120 2802 3174 cultum
2833 3121 3138 3192 pertinent,
3160 3142 3220 3180 se
3244 3123 3667 3196 obtemperatu-

2063 3227 2188 3264 rum
2221 3210 2495 3273 absolute,
2519 3209 2676 3264 nulla
2703 3209 3036 3281 interposita
3055 3213 3396 3279 conditione,
3427 3215 3662 3285 promit-

2061 3305 2223 3366 teret,
2259 3299 2672 3355 successoribus
2693 3316 2820 3354 vero
2846 3301 2970 3370 ejus
2990 3317 3102 3356 non
3131 3303 3231 3368 ita,
3262 3303 3372 3358 nisi
3398 3304 3556 3374 prius
3574 3306 3663 3360 vel

2061 3405 2247 3443 coram
2279 3388 2362 3442 vel
2401 3387 2456 3442 in
2483 3387 2786 3458 episc0pali
2815 3389 3051 3444 concilio
3079 3395 3404 3461 competens
3435 3391 3485 3446 ei
3513 3393 3660 3448 ratio

2061 3479 2413 3545 redderetur,
2445 3495 2557 3549 qua
2604 3483 2984 3533 antecessores
3035 3495 3166 3535 suos
3214 3481 3658 3538 Dorobernensis

2061 3568 2318 3623 Ecclesiae
2363 3566 2697 3638 primatibus
2751 3567 2807 3620 id
2850 3567 3047 3622 fecisse
3083 3573 3142 3622 et
3191 3569 3372 3624 facere
3397 3571 3668 3628 debuisse.

2060 3657 2477 3713 evidentissime
2497 3657 3095 3727 ostenderetur.[gitur
3121 3659 3314 3724 rediit,
3339 3677 3466 3730 qua
3492 3662 3657 3732 jussa

2059 3753 2192 3802 sunt
2220 3745 2492 3817 implevit,
2532 3751 2784 3800 sacratus
2829 3746 3117 3802 abscessit.
3175 3748 3302 3803 Non
3329 3755 3458 3820 post
3505 3752 3656 3806 mul-

2054 3841 2141 3890 tos
2185 3835 2304 3889 dies
2355 3835 2701 3889 Lanfrancus
2754 3833 2825 3888 ab
2881 3835 3158 3891 universis
3211 3837 3372 3908 regni
3435 3839 3657 3909 Anglici

2053 3922 2344 3996 episcopis,
2413 3924 2508 3994 qui
2571 3923 2804 3978 diversis
2859 3925 3226 3996 temporibus,
3291 3926 3524 3983 diversis
3595 3929 3654 3983 in

2053 4014 2205 4080 locis,
2245 4012 2314 4067 ab
2356 4013 2481 4066 aliis
2535 4013 2988 4085 archiepiscopis,
3019 4015 3104 4069 vel
3139 4031 3174 4069 a
3200 4031 3366 4087 papa,
3396 4021 3654 4089 tempore

2055 4102 2332 4175 Stigandi,
2361 4102 2565 4158 sacrati
2591 4109 2740 4168 sunt,
2768 4103 3172 4173 professionem
3219 4106 3383 4177 petiit
3408 4113 3467 4162 et
3499 4123 3652 4164 acce-

2092 4193 2154 4250 it.

2052 4210 2154 4264 Pn'
2653 4262 2888 4320 CAPUT
2929 4263 3025 4320 x1.

1985 4397 2036 4458 Β
2122 4368 2211 4427 24.
2243 4369 2512 4441 Sequenti
2539 4385 2688 4425 anno
2717 4371 3089 4442 cumpraefato
3117 4372 3651 4448 archiepiscopoRo-

2053 4475 2206 4514 mam
2227 4459 2348 4527 ivit,
2373 4465 2430 4514 et
2457 4459 2761 4515 honorifice
2781 4476 2816 4515 a
2853 4461 2985 4517 sede
3013 4463 3319 4533 apostolica
3355 4473 3650 4538 susceptus

2050 4553 2154 4616 est,
2186 4548 2462 4620 siquidem
2514 4549 2761 4604 venienti
2798 4565 2945 4621 papa
2999 4552 3372 4608 assurrexisse
3419 4553 3646 4625 dicitur,

2049 4644 2172 4694 tum
2194 4655 2294 4710 pro
2324 4653 2428 4695 sua
2448 4653 2656 4709 magna
2681 4637 2951 4709 religione
2998 4643 3056 4693 et
3094 4640 3365 4697 eminenti
3389 4643 3646 4715 scientia,

2045 4733 2169 4783 tum
2200 4728 2352 4798 quia,
2399 4727 2535 4783 dum
2565 4731 2714 4782 esset
2739 4727 2800 4782 in
2825 4728 3192 4798 Normannia,
3222 4732 3510 4789 venientes
3529 4733 3645 4790 Ro-

2045 4833 2226 4874 manae
2257 4817 2514 4874 Ecclesiae
2540 4816 2832 4874 ministros
2860 4817 3166 4876 honorifice
3190 4821 3548 4894 suscipiebat,
3584 4829 3645 4880 et

2041 4967 2223 5105 ﬂigi.)
2250 5034 2337 5090 Vi.
2370 5033 2533 5105 epist.
2567 5031 2638 5088 40
2656 5032 2976 5091 Lanfranci.

2112 5103 2228 5185 (32')
2261 5103 2503 5185 Thomas
2552 5121 2582 5158 e
2611 5105 2876 5162 canonico
2894 5107 3216 5185 LBajocensi
3263 5109 3324 5165 in
3364 5111 3640 5185 archiepi-

2035 5182 2326 5256 scopatum
2357 5177 2764 5232 Eboracensem
2820 5195 2856 5233 a
2885 5177 3184 5237 Guillelmo
3234 5197 3368 5254 rege
3415 5177 3638 5256 pronio-

2032 5253 2142 5303 tus.

2103 5319 2210 5394 (_33)
2238 5319 2661 5394 Hec‘ipsismet
2679 5319 2860 5394 verbis
2890 5320 3060 5394 habes
3087 5324 3238 5394 apud
3284 5325 3635 5384 Willelmum

2030 5389 2583 5468 Malmesburiensem
2724 5406 2744 5446 ι
2778 5392 2858 5468 D_e
2877 5393 3050 5463 gestis
3075 5389 3401 5468 pontiﬁcum
3426 5398 3636 5468 Anglo-

2028 5479 2174 5517 rum.
2197 5464 2494 5518 Tractatus
2533 5463 2782 5534 prolixus
2797 5463 2866 5518 de
2886 5463 3265 5522 controversia
3290 5467 3440 5524 inter
3469 5463 3632 5526 se'des

2026 5534 2489 5609 Cantuariensem
2506 5541 2564 5589 et
2582 5533 2991 5609 Eboracensem
3011 5535 3081 5592 de
3108 5538 3357 5609 primatu
3385 5540 3632 5599 habetur

2021 5611 2177 5662 tomo
2206 5607 2463 5678 IAngliae
2490 5622 2680 5674 sacrae,
2714 5621 2842 5678 pag.
2879 5605 3004 5665 653.
