4048 6176
422 281 499 338 49

1947 263 2132 344 vrrA.
2318 331 2354 348 ρ

3646 285 3715 344 50

415 405 688 482 quosdam
735 403 895 482 papa
939 413 1386 483 consanguineos
1426 415 1675 472 studiose
1713 416 1998 472 docuerat.
2025 419 2077 480 Α
2106 411 2261 468 αἱῐίε
2287 410 2640 484 cognitisque
2683 408 3016 479 rationibus,
3066 407 3381 466 absolutam
3418 387 3543 480 tibi,
3573 409 3717 468 Lan-

412 497 618 554 Fertur
644 498 819 554 etiam
846 516 995 572 papa
1015 500 1217 556 dixisse
1240 501 1424 574 :(34)«
1440 505 1564 560 Non
1584 505 1710 560 ideo
1741 509 2022 564 assurrexi

416 587 472 643 ei
492 587 622 659 quia
649 589 1103 662 archiepiscopus
1123 591 1441 648 Cantuaria
1465 599 1570 657 est,
1596 595 1693 649 sed
1717 595 1846 666 quia
1861 598 2022 654 Becci

414 680 492 730 ad
516 677 765 732 scholam
805 679 929 750 ejus
955 677 1056 746 fui,
1091 685 1148 734 et
1173 681 1242 734 ad
1269 683 1438 753 pedes
1464 685 1584 753 ejus
1611 699 1739 739 cum
1765 685 1889 741 aliis
1919 703 2022 742 au-

418 755 576 822 ditor
613 769 1113 840 consedi.)ltaque
1143 770 1255 825 duo
1287 772 1458 843 pallia
1495 772 1578 827 illi
1613 773 1769 829 dedit
1799 795 1810 830 :
1847 793 2024 832 unum

412 855 566 928 quod
614 858 684 912 de
731 858 918 925 altari,
970 859 1224 915 Romano
1264 878 1441 926 more,
1487 864 1739 936 accepit;
1785 866 2023 921 alterum

419 943 531 1015 {35)
563 963 690 1001 vero
717 946 776 1001 in
807 947 1078 1004 indicium
1099 949 1356 1006 videlicet
1384 951 1470 1006 sui
1492 953 1720 1022 amoris,
1756 971 1883 1010 cum
1914 973 2024 1028 quo

415 1033 653 1090 missam
697 1037 980 1094 celebrare
1020 1038 1256 1108 solebat,
1294 1041 1613 1096 Alexander
1645 1043 1698 1098 ei
1739 1061 1883 1116 papa
1921 1062 2026 1100 sua

422 1141 602 1179 manu
644 1127 944 1200 porrexit;_
974 1127 1032 1183 in
1081 1130 1242 1200 cujus
1291 1135 1407 1196 ιω
1446 1133 1746 1203 prasentia
1781 1134 2023 1189 Thomas

422 1214 769 1270 Calumniam
799 1217 975 1272 movit
988 1217 1057 1273 de
1085 1217 1337 1290 primatu
1366 1219 1809 1277 Dorobernensis
1837 1225 2021 1279 Eccle-

413 1303 536 1369 sia,
591 1309 648 1358 et
687 1305 756 1360 de
814 1305 1157 1376 subjectione
1196 1309 1370 1363 trium
1424 1309 1830 1382 episcoporum,
1883 1314 2020 1369 Dor-

411 1394 717 1448 cestrensis
749 1395 864 1449 sive
896 1395 1310 1463 Lincolniensis,
1343 1398 1754 1469 Wigornensis,
1795 1402 2017 1457 Licifel-

2103 501 2313 569 france,
2367 499 2807 557 Dorobernensis
2846 498 3281 572 archiepiscOpe,
3325 499 3552 574 tuisque
3589 517 3713 558 suc-

2104 591 2439 657 cessoribus,
2502 590 2571 645 de
2618 589 2886 644 canonica
2927 587 3247 644 obedientia
3300 589 3705 661 professionem

2106 680 2249 735 facio
2278 700 2290 748 ;
2333 685 2391 734 et
2420 679 2693 751 quidquid
2724 696 2758 733 a
2787 682 2845 732 te
2874 679 2960 733 vel
2991 678 3059 732 ab
3078 678 3160 733 eis
3182 678 3334 750 juste
3365 684 3422 734 et
3443 682 3708 736 canonice

2105 770 2424 840 injunctum
2441 769 2579 822 mihi
2600 767 2788 834 fuerit,
2828 772 3178 822 servaturum
3203 785 3293 822 me
3323 785 3446 824 esse
3477 771 3710 842 promit-

2105 863 2184 914 to.
2217 860 2298 914 De
2327 860 2431 913 hac
2459 862 2650 913 autem
2672 862 2841 912 antea
2860 873 2987 911 cum
3008 873 3042 911 a
3065 862 3120 912 te
3151 857 3498 914 ordinandus
3526 877 3708 916 essem

2105 947 2310 1003 dubius
2361 947 2485 1013 fuit,
2518 947 2756 1018 ideoque
2792 945 2895 1000 tibi
2941 946 3168 1017 quidem
3204 947 3324 1002 sine
3367 948 3703 1018 conditione,

2107 1036 2518 1094 successoribus
2563 1053 2693 1091 vero
2729 1035 2844 1091 tuis
2872 1035 3325 1094 conditionaliter
3357 1037 3707 1112 obtempera-

2104 1135 2297 1186 turum
2319 1146 2442 1184 esse
2471 1127 2724 1200 promisi.
2761 1147 2786 1180 »

2457 1217 2848 1272 DECRETUM
2868 1216 3188 1272 CONCILII
3214 1215 3344 1289 (37).

2172 1305 2259 1364 26.
2301 1328 2322 1360 ι
2355 1307 2518 1362 Anno
2565 1305 2636 1360 ab
2681 1305 3070 1360 incarnatione
3114 1307 3342 1361 Domini
3371 1307 3550 1362 nostri
3573 1309 3706 1365 Jesu

2102 1397 2307 1452 Christi
2352 1396 2502 1464 [072,
2535 1395 2896 1468 pontificatus
2926 1399 3116 1450 autem
3164 1395 3376 1450 domini
3404 1397 3706 1452 Alexandri

413 1482 623 1549 densis,
652 1499 774 1555 qua
798 1501 947 1540 nunc
968 1491 1056 1540 est
1081 1485 1414 1554 Cestrensis,
1434 1488 1624 1544 dicens
1653 1491 2020 1547 Cantuarien—
2098 1504 2256 1560 papa
2287 1486 2582 1542 undecimo
2628 1485 2794 1556 regni
2838 1501 2969 1540 vero
2999 1484 3270 1539 Willelmi
3297 1485 3528 1556 gloriosi
3555 1488 3705 1558 regis

412 1589 534 1626 sem
583 1573 887 1627 Ecclesiam
937 1579 1109 1646 atque
1152 1575 1556 1632 Eboracensem
1598 1595 1791 1649 parem
1839 1580 1909 1634 ad
1959 1597 2018 1635 se
2098 1577 2406 1648 Anglorum
2432 1581 2490 1630 et
2517 1575 2672 1630 ducis
2696 1576 3155 1630 Normannorum
3183 1579 3357 1629 sexto.
3392 1575 3470 1630 Ex
3488 1592 3705 1648 prace-

411 1661 654 1716 invicem
684 1663 953 1717 honorem
975 1663 1203 1730 habere,
1231 1682 1333 1719 nec
1363 1666 1598 1722 alteram
1629 1669 2018 1736 alteri,secun-
2099 1672 2196 1738 pto
2223 1666 2474 1736 ejusdem
2499 1664 2802 1719 Alexandri
2823 1681 3003 1735 papa,
3025 1669 3310 1718 annuente
3331 1665 3526 1719 eodem
3544 1682 3697 1738 rege,

408 1750 546 1805 dum
569 1750 720 1806 beati
746 1752 1004 1823 Gregorii
1019 1754 1719 1823 constitutionem,debere
1734 1759 2015 1813 ullatenus
2031 1743 2076 1803 Β
2096 1757 2154 1811 in
2177 1755 2474 1828 praesentia
2496 1753 2671 1825 ipsius
2697 1758 2754 1808 et
2791 1753 3183 1824 episcoporum
3212 1758 3381 1825 atque
3408 1753 3695 1822 abbatum,

415 1839 730 1910 subjacere,
762 1849 989 1914 excepto
1011 1843 1157 1914 quod
1175 1843 1506 1899 alterutrius
1534 1847 2014 1920 archiepiscopum
2097 1846 2366 1901 ventilata
2411 1849 2498 1899 est
2535 1860 2703 1899 causa
2747 1843 2815 1897 de
2857 1842 3126 1914 primatu,
3157 1859 3325 1914 quem
3353 1842 3700 1899 Lanfrancus

412 1929 661 2000 priorem
695 1932 752 1985 et
779 1931 1095 2002 digniorem
1126 1939 1384 2005 oporteat
1411 1951 1532 1990 esse
1562 1953 1628 1990 eo
1659 1953 1824 2008 quem
1851 1955 2014 1993 cons-
2096 1932 2540 1990 Dorobernensis
2587 1931 3040 2003 archiepiscopus
3091 1947 3262 2001 super
3292 1929 3700 1988 Eboracensem

407 2018 588 2074 titerit
621 2019 797 2074 fuisse
825 2021 1106 2092 posterius
1151 2022 1510 2092 ordinatum;
1560 2025 1857 2096 pradictos
1883 2045 2011 2082 vero
2095 2023 2402 2079 Ecclesiam
2435 2024 2568 2095 jure
2615 2038 2730 2076 sua
2778 2020 3036 2075 Ecclesia
3082 2019 3489 2092 proclamabat,
3531 2025 3588 2075 et
3631 2020 3702 2076 de

406 2111 524 2162 tres
552 2109 841 2180 episcopos
890 2127 1004 2167 sua
1047 2111 1164 2166 Sedi
1198 2112 1428 2184 suisque
1458 2116 1906 2172 antecessoribus
1936 2117 2007 2172 ab

406 2197 658 2270 antiquis
678 2200 1028 2271 temporibus
1045 2201 1324 2256 exstitisse
1342 2202 1640 2274 subjectos.
1662 2206 2009 2263 Lanfrancus

405 2286 514 2340 hoc
546 2287 804 2354 audiens,
838 2288 946 2344 etsi
976 2290 1210 2346 moleste
1240 2292 1390 2358 tulit,
1425 2294 1683 2349 modesta
1708 2301 1900 2351 tamen
1929 2297 2017 2352 di-

404 2378 688 2432 scretione
729 2379 900 2434 verba
945 2380 1097 2436 illius
1142 2382 1378 2438 veritate
1407 2384 1630 2455 penitus
1676 2401 1866 2440 carere
1895 2403 2016 2441 res-

408 2467 630 2539 pondit,
676 2483 1002 2524 asseverans
1034 2470 1441 2542 Gregorianam
1471 2473 1625 2530 illam
1666 2475 2016 2531 constitutio-

403 2569 538 2613 nem
574 2555 690 2627 (36)
739 2575 850 2612 non
897 2559 966 2614 de
1008 2560 1402 2618 Cantuariensi
1439 2567 1497 2617 et
1527 2563 1861 2620 Eboracensi
1893 2581 2015 2621 esse

400 2648 844 2719 promulgatam.
867 2649 947 2704 De
968 2665 1080 2720 qua
1099 2666 1160 2704 re
1183 2656 1241 2705 et
1267 2651 1337 2706 de
1366 2651 1546 2706 tribus
1570 2652 1844 2725 episcopis
1873 2656 2015 2710 mul-

399 2737 475 2793 tis
508 2737 639 2792 hinc
664 2737 798 2792 inde
824 2737 1005 2793 verbis
1034 2740 1268 2810 prolatis
1298 2741 1546 2796 decrevit
1571 2742 1889 2798 Alexander
1916 2760 2012 2816 pa-
2036 2790 2039 2794 .

399 2841 478 2900 pa
516 2833 779 2900 oportere
809 2829 953 2882 hanc
981 2846 1209 2884 causam
1239 2830 1297 2885 in
1334 2831 1572 2902 Anglica
1617 2836 1774 2886 terra
1803 2833 2005 2900 audiri,

397 2923 456 2972 et
486 2917 602 2972 illic
623 2918 800 2973 totius
827 2919 985 2990 regni
1023 2919 1413 2992 episcoporum
1447 2925 1504 2974 et
1533 2921 1803 2976 abbatum
1842 2923 2007 2978 testi-

400 3008 597 3062 monio
622 3013 678 3062 et
702 3007 916 3078 judicio
951 3008 1190 3064 deﬁniri.

2094 2113 2542 2170 ordinationibus
2561 2111 2936 2184 quorumdam
2961 2111 3370 2182 episcoporum,
3401 2110 3471 2165 de
3498 2110 3702 2183 quibus

2092 2204 2164 2258 ad
2215 2220 2384 2275 quem
2427 2201 2746 2274 specialiter
2789 2199 3140 2274 pertinerent
3197 2203 3413 2254 certum
3467 2199 3702 2257 minime

2099 2293 2411 2348 constabat.
2445 2293 2516 2347 Et
2530 2291 2760 2346 tandem
2783 2289 3084 2362 aliquando
3105 2288 3339 2344 diversis
3353 2289 3702 2347 diversarum

2098 2384 2505 2454 scripturarum
2523 2378 2954 2436 auctoritatibus
2986 2377 3290 2450 probatum
3309 2381 3480 2450 atque
3509 2383 3701 2436 osten-

2097 2489 2222 2528 sum
2270 2476 2356 2526 est
2395 2470 2544 2543 quod
2591 2468 2960 2524 Eboracensis
3007 2467 3253 2522 Ecclesia
3306 2467 3702 2526 Cantuariensi

2097 2560 2298 2616 debeat
2326 2559 2632 2630 subjacere,
2670 2559 2906 2630 ejusque
2935 2555 3337 2629 archiepiscopi
3358 2563 3424 2613 ut
3440 2558 3701 2632 primatis

2093 2651 2270 2707 totius
2309 2649 2615 2704 Britannia
2670 2645 3150 2719 dispositionibus,
3210 2646 3271 2702 in
3321 2646 3410 2703 his
3455 2665 3578 2722 qua
3627 2649 3700 2704 ad

2094 2738 2472 2794 Christianam
2501 2736 2829 2808 religionem
2850 2735 3156 2807 pertinent,
3188 2734 3248 2790 in
3274 2736 3534 2792 omnibus
3565 2737 3700 2794 obe-

2094 2827 2234 2882 dire.
2261 2826 2677 2898 Subjectionem
2708 2841 2838 2879 vero
2863 2823 3281 2892 Dunelmensis,
3316 2826 3421 2882 hoc
3449 2832 3536 2881 est
3563 2827 3696 2883 Lin-

2093 2915 2446 2971 disfeldensis
2464 2913 2711 2986 episcopi
2724 2919 2894 2984 atque
2906 2913 3159 2968 omnium
3179 2913 3496 2984 regionum,
3527 2932 3562 2970 a
3586 2920 3697 2971 ter-

2092 3005 2263 3060 minis
2286 3003 2670 3060 Licifeldensis
2684 3001 2950 3074 episcopii
2970 3007 3026 3056 et
3042 3000 3310 3057 Humbra
3329 3003 3522 3074 magni
3539 3005 3695 3062 ﬂuvii

473 3095 565 3151 25.
621 3097 987 3166 Lanfrancus,
1027 3099 1282 3170 quamvis
1332 3099 1624 3171 alligatum
1682 3101 1841 3160 illum
1905 3079 2068 3158 suoc
2091 3111 2271 3166 usque
2307 3094 2375 3148 ad
2417 3097 2694 3148 extremos
2715 3091 2914 3146 Scotia
2941 3091 3102 3158 ﬁnes,
3127 3094 3185 3145 et
3201 3091 3473 3164 quidquid
3499 3109 3566 3150 ex
3590 3095 3697 3152 hac

395 3190 654 3258 tempore
678 3186 826 3242 facta
844 3187 915 3242 ab
945 3205 1010 3242 eo
1041 3188 1383 3259 professione
1403 3194 1640 3256 teneret,
1679 3191 1882 3246 maluit
1909 3195 2002 3246 ta-

397 3289 529 3330 men
581 3291 683 3348 pro
728 3277 1140 3332 successoribus
1188 3278 1302 3333 suis
1330 3279 1584 3334 laborare
1615 3296 1784 3352 quam
1830 3281 1909 3336 eis
1948 3282 2006 3336 in

399 3371 696 3435 posterum
724 3365 1093 3420 indiscussam
1109 3367 1252 3421 hanc
1278 3373 1498 3423 tantam
1527 3369 1863 3424 calumniam
1896 3370 2005 3425 dis-

393 3452 722 3507 cutiendam
779 3469 1081 3509 reservare.
1133 3457 1380 3528 Uterque
1426 3458 1602 3529 igitur
1641 3458 1702 3513 in
1747 3458 2002 3513 Paschali

393 3541 764 3597 solemnitate
802 3543 873 3597 ad
900 3559 1088 3614 regem
1110 3545 1289 3611 venit,
1321 3545 1510 3616 ibique
1539 3544 1773 3618 prolatis
1794 3547 1853 3602 in
1881 3563 2001 3601 me-

391 3630 554 3685 dium
576 3631 820 3703 partium
852 3633 1186 3701 rationibus,
1218 3635 1554 3690 sententiam
1576 3637 1645 3690 de
1672 3637 1896 3706 negotio
1917 3653 2000 3692 re-

387 3719 535 3792 gulis
584 3720 741 3775 curia
780 3721 953 3776 dedit.
986 3723 1215 3778 Jussum
1260 3728 1394 3778 tunc
1441 3729 1525 3778 est
1575 3723 1698 3778 ﬁeri
1727 3725 1995 3796 scriptum

391 3810 574 3865 totius
600 3827 781 3866 causa
811 3810 1103 3867 continens
1132 3813 1321 3867 ﬁnem.
1373 3812 1718 3869 Lanfrancus
1756 3814 1998 3870 Alexan-

390 3899 498 3953 dro
527 3916 683 3972 papa
714 3899 1010 3973 epistolam
1039 3901 1261 3966 direxit,
1294 3901 1352 3956 in
1376 3919 1487 3973 qua
1505 3903 1556 3957 ei
1586 3902 1760 3958 totius
1789 3903 2001 3974 negotii

389 3987 706 4057 gestionem
748 3987 991 4042 breviter
1029 3994 1086 4042 et
1115 3989 1388 4044 veraciter
1413 3991 1714 4045 enarravit.
1752 3992 2002 4064 Utraque

391 4077 604 4148 scripta
650 4076 845 4131 subter
890 4094 1112 4133 annexa
1139 4084 1291 4146 sunt,
1319 4080 1607 4150 pramissa
1635 4081 1998 4152 professione,

393 4181 567 4236 quam
596 4165 840 4220 Thomas
867 4166 1177 4222 Lanfranco
1218 4184 1407 4223 coram
1445 4185 1578 4238 rege
1605 4173 1663 4222 et
1691 4169 1812 4240 ejus
1844 4169 2001 4225 curia

391 4269 568 4308 manu
599 4253 657 4308 in
687 4270 918 4310 manum
948 4257 1230 4327 porrexit:

475 4360 495 4392 ι
512 4341 684 4395 Decet
714 4342 1097 4398 Christianum
1113 4361 1391 4416 quemque
1409 4345 1744 4402 Christianis
1773 4347 1995 4420 legibus

390 4428 702 4500 subjacere,
723 4447 825 4486 nec
851 4432 938 4486 his
965 4449 1090 4502 qua
1110 4451 1144 4488 a
1172 4434 1381 4488 sanctis
1412 4435 1671 4491 Patribus
1698 4437 1998 4492 salubriter

388 4516 654 4572 instituta
685 4525 818 4574 sunt
834 4520 1178 4592 quibuslibet
1200 4522 1510 4578 rationibus
1529 4525 1828 4594 contraire;
1867 4526 1997 4581 hinc

389 4623 639 4679 namque
673 4608 794 4677 ira,
843 4609 1240 4677 dissensiones,
1281 4612 1524 4680 invidia,
1580 4615 1987 4683 contentiones,

388 4703 712 4770 cateraque
735 4701 1062 4770 procedunt,
1093 4717 1216 4772 qua
1243 4707 1526 4758 amatores
1551 4721 1681 4759 suos
1711 4705 1769 4759 in
1797 4722 1992 4776 poenas

388 4793 633 4842 aternas
660 4788 1014 4860 demergunt.
1049 4791 1118 4845 Et
1147 4795 1356 4862 quanto
1395 4793 1634 4864 quisque
1662 4795 1878 4850 altioris
1907 4800 1993 4850 est

389 4876 627 4944 ordinis,
660 4883 818 4932 tanto
847 4878 1155 4950 impensius
1172 4880 1374 4936 divinis
1403 4881 1570 4936 debet
1601 4882 1991 4956 obtemperare

386 4966 702 5038 praceptis.
748 4968 1200 5040 Propterea_ego
1236 4970 1498 5038 Thomas,
1549 4973 1841 5028 ordinatus
1867 4975 1988 5045 jam

2091 3189 2250 3257 parte
2280 3181 2533 3255 praedicti
2561 3180 2812 3236 ﬂuminis
2849 3180 2921 3236 ad
2969 3179 3294 3251 parochiam
3325 3180 3692 3240 Eboracensis

2090 3273 2346 3327 Ecclesia
2371 3271 2501 3342 jure
2537 3270 2824 3342 competit,
2861 3269 3284 3324 Cantuariensis
3311 3272 3696 3344 metropolita-

2088 3377 2196 3417 nus
2223 3360 2559 3416 Eboracensi
2606 3359 3024 3431 archiepiscopo
3070 3359 3306 3431 ejusque
3354 3363 3692 3419 successori-

2085 3450 2208 3518 bus,
2263 3451 2322 3506 in
2379 3456 2714 3523 perpetuum
2759 3447 3013 3503 obtinere
3055 3448 3351 3516 concessit,
3402 3448 3483 3505 ita
3527 3453 3593 3506 ut
3642 3452 3691 3508 si

2085 3540 2508 3596 Cantuariensis
2550 3537 3002 3610 archiepiscopus
3031 3537 3328 3593 concilium
3366 3555 3564 3612 cogere
3592 3558 3691 3597 vo-

2081 3631 2268 3698 luerit,
2303 3629 2619 3702 ubicunque
2661 3628 2844 3683 visum
2872 3627 3061 3695 merit,
3119 3627 3486 3684 Eboracensis
3513 3631 3693 3686 archi-

2083 3720 2374 3792 episcopus
2402 3719 2488 3774 sui
2508 3717 2888 3790 praesentiam,
2918 3733 3047 3772 cum
3081 3716 3342 3772 omnibus
3374 3717 3480 3773 sibi
3501 3719 3686 3790 subje-

2082 3810 2186 3864 ctis
2216 3807 2585 3881 episcopis,ad
2613 3813 2814 3864 nutum
2837 3808 2959 3879 ejus
2988 3805 3251 3861 exhibeat
3279 3811 3335 3862 et
3363 3808 3485 3878 ejus
3515 3825 3684 3866 cano-

2083 3899 2222 3954 nicis
2251 3896 2709 3970 dispositionibus
2740 3896 3010 3951 obediens
3039 3896 3260 3951 existat.
3292 3896 3453 3962 Quod
3493 3905 3686 3957 autem

2085 3987 2447 4044 Eboracensis
2477 3987 2926 4059 archiepiscopus
2955 3986 3360 4058 professionem
3381 3987 3564 4044 facere
3593 3988 3687 4047 de-

2085 4076 2215 4131 beat
2240 4075 2632 4132 Cantuariensi
2661 4074 3099 4147 archiepisc0po,
3133 4075 3305 4129 etiam
3336 4093 3465 4131 cum
3493 4094 3684 4134 sacra-

2082 4175 2300 4234 mento,
2349 4165 2694 4221 Lanfrancus
2736 4163 3178 4220 Dorobernensis
3231 4165 3684 4240 archiepiscopus

2081 4272 2146 4310 ex
2203 4255 2440 4327 antiqua
2491 4260 2913 4309 antecessorum
2955 4251 3360 4308 consuetudine
3412 4255 3677 4312 ostendit.

2082 4345 2192 4400 Sed
2213 4345 2282 4400 ob
2310 4360 2559 4400 amorem
2581 4342 2747 4414 regis,
2781 4342 3009 4398 Thoma
3038 4340 3373 4396 Eboracensi
3400 4342 3678 4417 archiepi-

2079 4452 2245 4508 scopo
2275 4437 2689 4490 sacramentum
2727 4431 3012 4499 relaxavit,
3045 4429 3426 4505 scriptamque
3451 4438 3676 4492 tantum

2079 4524 2478 4598 professionem
2509 4521 2740 4594 recepit,
2773 4537 2888 4576 non
2925 4520 3294 4594 prajudicans
3335 4525 3676 4581 successori-

2073 4614 2176 4670 bus
2206 4615 2340 4680 suis,
2374 4611 2471 4685 qui
2515 4614 2932 4666 sacramentum
2959 4627 3084 4665 cum
3115 4610 3460 4682 professione
3487 4630 3522 4668 a
3545 4632 3673 4671 suc-

2073 4703 2385 4758 cessoribus
2413 4702 2642 4757 Thoma
2665 4699 2903 4772 exigere
2934 4699 3248 4755 voluerunt.
3296 4700 3359 4756 Si
3402 4702 3676 4777 archiepi-

2073 4810 2273 4866 sc0pus
2299 4791 2724 4849 Cantuariensis
2740 4790 2912 4844 vitam
2930 4789 3160 4858 ﬁnierit,
3192 4789 3557 4850 Eboracensis
3585 4811 3673 4850 ar-

2071 4883 2458 4954 chiepiscopus
2490 4878 2900 4935 Doroberniam
2944 4879 3148 4946 veniet,
3177 4884 3234 4935 et
3261 4897 3391 4937 eum
3419 4883 3517 4955 qui
3553 4883 3671 4940 ele-

2070 4978 2191 5028 ctus
2211 4972 2398 5039 fuerit,
2425 4988 2553 5026 cum
2579 4969 2797 5025 cateris
2815 4967 3063 5041 prafata
3085 4968 3341 5027 Ecclesia
3369 4972 3664 5046 episcopis,

389 5055 760 5111 Eboracensis
808 5057 1067 5114 Ecclesiae
1112 5059 1578 5130 metropolitanus
1605 5062 1856 5130 antistes,
1890 5079 1987 5119 au-
2066 5066 2132 5117 ut
2163 5061 2461 5134 primatem
2508 5058 2801 5131 proprium
2835 5059 2968 5130 jure
3010 5057 3375 5115 consecrabit.
3428 5060 3590 5128 Quod
3617 5062 3667 5119 si

465 5190 574 5261 €34)
606 5198 737 5254 Hac
765 5198 934 5253 habet
960 5197 1267 5255 Eadmerus
1288 5201 1384 5256 lib.
1415 5218 1434 5257 Ῑ
1465 5205 1767 5259 Novorum.

467 5263 582 5341 (3:3);
603 5269 664 5322 ld
702 5271 1004 5324 Hincmaro
1029 5273 1291 5326 Remensi
1322 5277 1524 5331 saculo
1549 5291 1622 5341 1x,
1652 5282 1708 5330 et
1737 5276 1985 5331 Brunoni

385 5337 730 5418 Coloniensi,
767 5343 970 5396 saculo
1021 5360 1053 5396 x
1091 5360 1414 5418 concessum
1454 5349 1575 5418 jam
1613 5337 1822 5402 fuerat.
1873 5350 1986 5402 Nec

384 5411 628 5488 ejusl‘rei
647 5412 758 5488 alia
789 5419 1090 5488 occurrunt
1117 5417 1388 5488 exempla.

462 5479 572 5562 (3b)
603 5482 667 5562 I_d
701 5485 773 5562 de
812 5486 1206 5562 Cantuariensi
1233 5479 1649 5562 archiepiscopo
1679 5506 1806 5544 cum
1837 5492 1985 5544 Lon-

462 5507 572 5550 \OU)
603 5507 667 5537 iu
701 5507 773 5539 ue
812 5507 1206 5541 uuntuurlenm
1233 5507 1420 5542 arcme
1463 5507 1649 5562 iscopo
1679 5507 1806 5544 cum
1837 5507 1985 5544 Lon-

382 5552 642 5629 doniensi
663 5560 945 5629 statuerat
972 5557 1036 5629 Β.
1068 5557 1388 5629 Gregorius.
1415 5507 1494 5616 Be
1510 5561 1598 5616 his
1625 5562 1746 5616 fuse
1775 5562 1988 5616 Willel-

384 5639 514 5680 mus
536 5625 1057 5684 Malmesburiensis
1075 5625 1209 5686 libi
1240 5631 1497 5688 Historia
1525 5633 1852 5704 pontiﬁcum
1877 5635 1988 5689 An-

2063 5203 2305 5274 glorum,
2329 5218 2494 5274 quem
2520 5202 2610 5272 leg

2611 5218 2740 5257 esns.

2140 5274 2244 5340 (37)
2279 5271 2422 5329 Illud
2453 5271 2752 5328 concilium
2770 5271 3175 5328 Windlesbora
3200 5272 3454 5330 habitum
3479 5274 3658 5332 fuisse

2068 5347 2240 5424 refert
2278 5347 2670 5424 Spelmannus,
2721 5350 2858 5424 t9_m_.
2905 5344 2955 5398 II
2979 5344 3372 5424 ‘Conciliorum
3410 5347 3653 5424 Anglia.

2073 5413 2336 5472 Attamen
2381 5418 2696 5471 Willelmus
2742 5413 3270 5488 Malmesburiensis,
3303 5433 3369 5470 ex
3411 5413 3528 5488 quo
3546 5419 3664 5476 hac

2068 5489 2258 5543 omnia
2281 5489 2579 5558 desumpta
2590 5491 2748 5554 'sunt,
2768 5487 2984 5542 nullum
3000 5487 3182 5540 locum
3196 5487 3462 5558 exprimit
3478 5507 3492 5554 ;
3511 5493 3662 5547 unde

2068 5559 2323 5634 Labbeus
2351 5561 2409 5614 in
2429 5557 2672 5614 editione
2697 5558 3070 5634 Conci_l_iorum
3096 5557 3298 5615 maluit
3323 5560 3508 5634 ipsum
3528 5563 3662 5620 sim-

2069 5632 2286 5704 pliciter
2311 5633 2686 5703 Anglicanum
2715 5629 3015 5702 appellare.
