4008 6186
329 264 392 321 51

1078 269 1141 324 Β.
1185 267 1600 325 LANFRANCI
1639 265 2218 324 CANTUARIENSIS
2257 261 2813 320 ARCHIEPISCOPI

3549 267 3616 323 52

330 388 780 462 archiepiscopus
820 387 1184 444 Eboracensis
1223 389 1443 458 obierit,
1471 392 1535 454 _is
1578 392 1672 463 qui
1723 391 1773 446 ei
1803 392 1989 451 suc-A
2007 390 2093 444 vel
2123 407 2157 444 a
2185 388 2494 460 majoribus
2520 394 2689 459 atque
2711 387 3126 458 antiquioribus
3146 389 3418 444 veraciter
3447 394 3621 461 atque

331 495 590 533 cessurus
627 478 875 549 eligitur,
909 483 1134 549 accepto
1177 495 1210 533 a
1259 496 1391 550 rege
1420 481 1931 553 archiepiscopatus

333 567 498 633 dono,
531 568 912 634 Cantuariam,
944 568 1028 622 vel
1052 567 1147 622 ubi
1179 569 1576 624 Cantuariensi
1602 570 1780 624 visum
1808 569 1933 624 fue-

333 656 430 722 rit,
486 657 745 724 accedet;
808 663 865 710 et
917 656 986 710 ab
1036 657 1158 728 ipso
1202 658 1615 713 ordinationem
1667 660 1934 714 canonico

333 734 492 800 more
519 745 808 817 suscipiet.
854 763 879 796 »
935 745 1080 800 Huic
1114 747 1499 802 constitutioni
1536 753 1938 802 consenserunt

337 835 601 906 praefatus
630 851 723 889 rex
756 839 812 888 et
856 834 1279 907 archiepiscopi,
1309 837 1656 891 Lanfrancus
1685 838 1938 892 Cantua-

337 923 540 979 riensis
580 928 714 988 [3,
745 927 801 977 et
836 925 1079 978 Thomas
1121 923 1510 992 Eboracensis,
1557 933 1613 980 et
1655 926 1940 980 Hubertus

340 1017 545 1066 sanctae
595 1013 860 1067 Romanae
899 1013 1156 1068 Ecclesiae
1199 1013 1573 1069 subdiaconus
1622 1021 1679 1069 et
1726 1015 1940 1086 praefati

337 1101 640 1156 Alexandri
669 1119 828 1173 papa
870 1102 1106 1172 legatus,
1139 1107 1196 1157 et
1223 1104 1410 1159 caeteri
1436 1104 1530 1176 qui
1559 1104 1943 1160 interfuerunt

338 1190 584 1262 episcopi
615 1197 671 1245 et
698 1191 948 1245 abbates.

409 1277 501 1336 27.
537 1280 666 1334 Haec
694 1285 759 1333 ut
784 1285 946 1349 gesta
971 1283 1105 1334 sunt
1131 1280 1480 1337 Lanfrancus
1500 1282 1818 1337 Alexandro
1846 1298 1942 1337 no-

341 1367 574 1422 tificavit
606 1385 706 1440 per
731 1353 1101 1440 subscriptam
1127 1370 1418 1440 epistolam
1454 1390 1466 1424 :

304 1463 306 1466 ’
417 1458 656 1512 Domino
680 1458 855 1512 totius
888 1458 1219 1513 Christianae
1262 1459 1550 1530 religionis
1579 1477 1798 1514 summo
1823 1477 1945 1531 spe-

344 1547 583 1602 culatori
609 1548 947 1602 ALEXANDRO
971 1563 1152 1618 papae.
1167 1549 1571 1604 LANFRANCUS..
1587 1550 1622 1614 .(
1639 1550 1758 1603 Vide
1787 1551 1939 1617 epist.

342 1621 384 1691 4
406 1637 756 1703 Lanfranci,)

415 1724 506 1780 28.
549 1724 628 1777 De
675 1723 870 1777 eadem
916 1740 977 1778 re
1021 1725 1246 1796 scripsit
1275 1724 1654 1781 Hildebrando
1676 1707 2007 1781 RomanaeB

347 1811 602 1867 Ecclesiae
632 1812 1041 1876 archidiacono,
1074 1813 1171 1870 ita.

419 1900 715 1956 Calumnia
762 1918 932 1972 quam
984 1901 1349 1958 Eboracensis
1410 1903 1664 1959 Ecclesiae
1711 1905 1944 1959 antistes

348 1990 643 2045 adversum
690 2007 780 2045 me
819 1991 1058 2045 movit...
1094 1993 1300 2060 (Exstat
1343 1994 1491 2046 inter
1537 1995 1806 2062 epistolas,
1860 1998 1946 2048 uti

348 2085 398 2134 et
435 2096 679 2148 sequens,
712 2087 948 2149 suntque
975 2081 1011 2135 6
1041 2086 1089 2134 et
1119 2081 1196 2147 7.)

419 2168 508 2223 ‘19.
541 2168 624 2222 Ad
653 2169 770 2223 haec
800 2169 1214 2225 Hildebrandus
1249 2171 1540 2243 respondit
1567 2172 1901 2228 Lanf‘ranco.

423 2275 451 2311 α
483 2257 668 2312 Verba
691 2258 1004 2329 legatorum
1034 2265 1368 2327 vestrorum,
1405 2279 1426 2312 ι
1463 2266 1568 2315 etc.

952 2349 1185 2404 CAPUT
1213 2350 1335 2404 XII.

423 2435 509 2492 30.
547 2437 628 2507 (5‘)
661 2438 821 2490 Anno
864 2436 934 2491 ab
971 2437 1356 2492 incarnatione
1397 2437 1621 2492 Domini
1662 2436 1819 2502 1075,
1856 2454 1946 2492 re-

347 2529 561 2594 gnante
617 2524 858 2594 glorioso
909 2541 1041 2595 rege
1094 2526 1380 2579 Willelmo
1427 2527 1758 2595 Anglorum,
1800 2544 1947 2581 anno

349 2613 509 2684 regni
565 2615 684 2682 ejus
726 2631 891 2676 nono,
953 2620 1356 2684 congregatum
1400 2619 1487 2668 est
1535 2615 1834 2668 Londoniaz
1889 2617 1946 2670 in

351 2703 586 2757 ecclesia
633 2701 780 2757 beati
811 2703 972 2758 Pauli
1021 2705 1258 2775 apostoli
1309 2704 1607 2758 concilium
1636 2704 1811 2758 totius
1840 2705 1948 2758 An-

348 2792 475 2862 glize
520 2791 764 2862 regionis
817 2792 1229 2864 episcOporum,
1263 2792 1551 2856 abbatum,
1598 2809 1699 2846 nec
1741 2809 1851 2847 non
1895 2799 1951 2847 et

355 2881 666 2935 multarum
732 2881 978 2952 religiosi
1026 2881 1239 2936 ordinis
1290 2898 1678 2953 personarum,
1712 2881 1945 2950 jubente

352 2973 522 3040 atque
550 2970 732 3024 eidem
771 2971 1005 3025 concilio
1047 2970 1381 3042 praesidente
1408 2971 1716 3025 Lanfranco
1742 2977 1947 3026 sanctae

348 3059 793 3114 Dorobernensis
816 3060 1069 3114 Ecclesiae
1099 3060 1494 3131 archipraesule
1523 3060 1806 3132 totiusque
1837 3061 1952 3114 Bri-

351 3149 558 3218 tanniae
597 3149 854 3220 primate,
903 3149 1334 3204 consedentibus
1377 3167 1565 3204 secum
1603 3150 1735 3203 viris
1784 3167 1951 3204 vene-

348 3237 638 3304 rabilibus,
685 3239 770 3307 (θ)
826 3239 1045 3293 Thoma
1112 3237 1446 3293 Eboracensi
1514 3237 1948 3310 archiepiscopo,

345 3326 439 3398 (⁵³)
480 3328 765 3381 VVillelmo
816 3327 1157 3381 Londinensi
1212 3327 1490 3398 episcopo,
1538 3327 1620 3395 (5‘)
1675 3327 1950 3381 (Ξοίεῖΐίἀο

350 3414 769 3469 Constantiensi
822 3415 941 3486 [qui
981 3414 1092 3486 (38)
1143 3432 1270 3469 cum
1321 3415 1735 3468 transmarinus
1800 3422 1951 3469 esset

351 3504 664 3574 episcopus,
699 3503 757 3558 in
800 3504 1002 3573 Anglia
1043 3504 1250 3558 multas
1288 3503 1666 3573 possessiones
1713 3503 1944 3571 habens,

349 3608 478 3646 cum
519 3593 734 3648 caeteris
781 3594 838 3646 in
893 3593 1127 3647 concilio
1177 3591 1530 3664 residebat],
1568 3591 1649 3661 (⁵⁵)
1684 3593 1946 3648 Walche-

350 3681 464 3736 lino
508 3682 881 3748 Vintoniensi,
928 3682 1017 3750 (⁵⁸)
1057 3683 1340 3736 Hermano
1378 3681 1770 3736 Siraburnensi
1824 3681 1943 3755 [al.,

351 3769 860 3836 Schireburnensi),
911 3771 992 3838 (⁵⁷)
1051 3771 1349 3824 Wilf'stano
1396 3769 1820 3837 Virecestrensi,
1861 3772 1944 3839 (58)

350 3859 623 3913 Walterio
672 3859 1082 3924 lIerefordensi,
1122 3859 1200 3928 (59)
1232 3859 1440 3913 Gisone
1470 3858 1742 3925 Vellensi,
1778 3861 1830 3914 id
1863 3867 1948 3915 est

349 3948 595 4015 Batensi,
623 3948 705 4019 (⁸ο)
753 3949 1005 4019 Remigio
1047 3948 1416 4002 Dorchacensi
1446 3949 1558 4002 sive
1587 3949 1946 4020 Lincoliensi,

349 4035 436 4104 (⁶¹)
469 4038 726 4092 Herfasto
758 4038 1152 4092 Helmeanensi
1181 4054 1280 4090 seu
1312 4036 1693 4091 Norwincensi
1719 4037 1799 4107 ιδ’)
1833 4038 1946 4092 Sti-

346 4127 532 4197 gando
563 4127 907 4197 Selengensi,
942 4126 1288 4196 (“)Osberno
1322 4125 1640 4193 Exoniensi,
1667 4125 1750 4193 (6")
1780 4127 1944 4181 Petro

345 4215 723 4270 Liciferdensi.
759 4216 1031 4270 Rotfensis
1074 4215 1316 4271 Ecclesia
1341 4231 1440 4285 per
1469 4214 1526 4268 id
1555 4219 1778 4286 tempus
1810 4233 1938 4286 pas-

2015 478 2380 550 probabiliter
2394 475 2756 548 accepissent.
2788 477 2969 548 Super
2999 494 3108 548 quo
3139 495 3409 549 responso
3434 478 3622 549 petitae

2017 575 2150 624 sunt
2193 568 2448 633 induciae,
2508 583 2573 621 ac
2631 582 2906 621 concessae
2962 583 3139 637 usque
3187 567 3245 620 in
3290 567 3622 624 crastinum.

2018 657 2279 712 Crastina
2329 662 2519 712 autem
2559 656 2649 709 die
2687 655 3038 709 concorditer
3067 655 3402 726 perhibuere
3471 655 3622 726 quod

2023 745 2388 800 Eboracensis
2416 744 2868 815 archiepiscopus
2911 744 2980 796 ad
3024 744 3312 797 dexteram
3341 743 3625 798 Dorober-

2021 833 2211 887 nensis
2253 833 2447 887 sedere
2492 832 2710 895 debeat,
2759 831 3165 886 Londoniensis
3215 833 3286 886 ad
3314 833 3623 900 sinistram,

2022 923 2338 976 Wentanus
2361 923 2521 991 juxta
2551 921 2957 976 Eboracensem
2983 940 2995 987 ;
3028 922 3076 976 si
3098 938 3228 974 vero
3259 921 3624 976 Eboracensis
3716 957 3726 965 -

2022 1011 2186 1078 desit,
2221 1010 2628 1064 Londoniensis
2657 1010 2729 1064 ad
2752 1010 3060 1077 dexteram,
3103 1010 3418 1065 Wentanus
3447 1010 3518 1064 ad
3549 1009 3627 1065 si-

2022 1099 2282 1154 nistram.

2095 1208 2172 1260 Ex
2203 1207 2396 1277 regula
2427 1205 2578 1260 beati
2605 1205 2910 1271 Benedicti,
2928 1223 2993 1260 ex
3008 1206 3243 1277 Dialogo
3267 1206 3544 1277 Gregorii,
3573 1213 3631 1262 et

2023 1297 2258 1367 antiqua
2283 1296 2629 1366 regularium
2660 1295 2907 1350 locorum
2949 1297 3371 1362 consuetudine,
3408 1301 3472 1350 ut
3498 1313 3626 1350 mo-

2023 1385 2186 1440 nachi
2216 1385 2468 1439 ordinem
2500 1383 2750 1438 debitum
2782 1390 3030 1450 teneant,
3072 1385 3314 1458 infantes
3348 1385 3628 1456 praecipue

2025 1481 2082 1529 et
2104 1476 2358 1545 juvenes,
2406 1475 2463 1527 in
2511 1472 2769 1528 omnibus
2817 1473 2970 1539 locis,
3005 1474 3290 1544 deputatis
3315 1473 3420 1528 sibi
3452 1475 3628 1544 magi-

2026 1564 2174 1629 stris,
2217 1563 2528 1617 custodiam
2575 1562 2837 1617 habeant.
2873 1562 3049 1616 Nocte
3092 1563 3394 1617 luminaria
3419 1564 3621 1628 ferant,

2024 1653 2365 1723 generaliter
2391 1668 2583 1706 omnes
2613 1651 2720 1704 nisi
2741 1668 2774 1705 a
2801 1652 3045 1723 praelatis
3085 1668 3348 1706 concessa
3371 1652 3618 1723 proprie-

2026 1831 2235 1902 aliquid
2250 1830 2461 1902 proprii
2487 1830 2607 1884 sine
2638 1830 2867 1901 praefata
2883 1830 3109 1883 licentia
3138 1829 3342 1883 habere
3363 1829 3422 1884 in
3443 1835 3626 1885 morte

2024 1920 2194 1974 fuerit
2220 1921 2617 1991 deprehensus.
2655 1935 2756 1973 nec
2780 1924 2910 1972 ante
2940 1923 3176 1972 mortem
3208 1918 3265 1972 id
3295 1918 3624 1985 reddiderit,

2027 2027 2152 2064 cum
2194 2009 2524 2081 poenitentia
2569 2013 2626 2062 et
2667 2009 2860 2063 dolore
2890 2013 3179 2079 peccatum
3209 2025 3374 2062 suum
3413 2008 3626 2062 confes-

2030 2116 2126 2153 sus
2152 2118 2162 2166 ;
2197 2116 2299 2153 nec
2318 2099 2479 2169 signa
2511 2099 2806 2169 pulsentur
2843 2113 2944 2167 pro
2971 2113 3055 2163 eo,
3100 2114 3200 2151 nec
3232 2097 3494 2150 salutaris
3523 2113 3625 2168 pro

2030 2185 2151 2256 ejus
2181 2185 2532 2239 absolutione
2561 2184 2743 2238 hostia
2763 2184 3106 2250 immoletur,
3139 2200 3242 2238 nec
3270 2183 3329 2236 in
3359 2189 3624 2238 cmmete-

2029 2274 2114 2328 rio
2134 2275 2439 2346 sepeliatur
2471 2276 2747 2332 (Gaeoon.
2779 2276 2929 2330 Dial.
2963 2275 3057 2328 lib.
3091 2287 3166 2339 Iv,
3194 2289 3315 2344 cap.
3344 2272 3451 2341 55).

2103 2382 2178 2434 Ex
2207 2381 2444 2436 decretis
2472 2397 2819 2435 summorum
2848 2380 3198 2452 pontificum,
3225 2380 3449 2434 Damasi
3480 2379 3628 2434 vide-

2031 2469 2180 2536 licet,
2214 2475 2270 2524 et
2289 2470 2508 2535 Leonis,
2535 2486 2637 2523 nec
2657 2486 2769 2523 non
2790 2487 2856 2524 ex
2878 2468 3126 2523 conciliis
3142 2467 3459 2523 Sardicensi
3479 2469 3623 2534 (can.

2031 2557 2084 2619 6)
2112 2565 2281 2629 atque
2320 2558 2645 2612 Laodicensi
2679 2561 2817 2625 (can.
2852 2556 2961 2625 57),
2982 2558 3040 2610 in
3070 2557 3272 2628 quibus
3303 2556 3631 2627 prohibetur

2031 2648 2373 2719 episcopales
2408 2647 2569 2700 sedes
2616 2648 2672 2700 in
2713 2647 2856 2700 villis
2902 2646 3158 2713 existere,
3188 2661 3518 2700 concessum
3544 2649 3630 2698 est

2031 2737 2189 2806 regia
2239 2735 2624 2790 munificentia
2678 2741 2734 2789 et
2776 2735 2974 2806 synodi
3013 2734 3348 2789 auctoritate
3386 2733 3629 2806 praefatis

2033 2825 2212 2879 tribus
2242 2825 2513 2896 episcopis
2532 2825 2600 2878 de
2629 2824 2772 2877 villis
2793 2825 2862 2878 ad
2894 2823 3144 2878 civitates
3171 2824 3411 2878 transire
3437 2841 3449 2890 ;
3485 2823 3629 2876 Her-

2030 2931 2234 2968 manno
2267 2914 2336 2968 de
2377 2913 2685 2968 Siraburna
2714 2913 2784 2966 ad
2831 2912 3222 2978 Selesberiam,
3257 2911 3525 2981 Stigando
3547 2911 3617 2965 de

1971 3025 2013 3084 Ο
2034 3003 2303 3072 Selengeo
2345 3003 2414 3056 ad
2447 3002 2776 3069 Cicestrum,
2819 3002 2984 3056 Petro
3014 3002 3083 3055 de
3112 3000 3372 3055 Licifelde
3397 3000 3468 3054 ad
3495 3001 3626 3055 Ces-

2033 3097 2206 3148 trum.
2240 3093 2318 3146 De
2350 3091 2702 3162 quibusdam,
2737 3090 2834 3161 qui
2879 3091 2936 3144 in
2979 3090 3124 3144 villis
3157 3107 3257 3144 seu
3285 3089 3419 3143 vicis
3447 3089 3629 3144 adhuc

2034 3181 2332 3251 degebant,
2364 3181 2601 3235 dilatum
2631 3186 2717 3235 est
2746 3196 2923 3250 usque
2964 3180 3036 3233 ad
3073 3179 3222 3249 regis
3256 3178 3624 3244 audientiam,

2035 3271 2130 3340 qui
2155 3271 2212 3324 in
2245 3270 2637 3325 transmarinis
2663 3269 2829 3324 terris
2849 3276 2984 3323 tunc
3003 3267 3273 3338 temporis
3303 3267 3511 3322 bellum
3532 3284 3629 3337 ge-

2034 3359 2210 3413 rebat.

2105 3467 2180 3520 Ex
2213 3466 2406 3520 multis
2447 3467 2827 3520 Romanorum
2857 3465 3159 3536 praesulum
3186 3464 3424 3518 decretis
3449 3465 3630 3518 diver-

2031 3555 2218 3626 sisque
2249 3571 2533 3609 sacrorum
2577 3571 2853 3608 canonum
2884 3553 3310 3608 auctoritatibus
3344 3572 3356 3605 :
3389 3555 3472 3606 Ne
3503 3553 3628 3623 quis

2029 3645 2273 3698 alienum
2305 3645 2588 3706 clericum,
2615 3645 2701 3698 vel
2723 3644 3061 3698 monachum
3095 3643 3179 3712 (⁸⁵)
3203 3643 3322 3696 sine
3349 3659 3629 3696 commen-

2029 3733 2242 3787 datitiis
2282 3733 2487 3788 litteris
2537 3733 2782 3786 retineat
2837 3733 2924 3786 vel
2974 3732 3216 3786 ordinet.
3258 3731 3340 3784 Ad
3391 3731 3629 3802 compri-

2030 3823 2291 3877 mendam
2337 3823 2708 3894 quorumdam
2755 3821 3185 3875 indiscretorum
3235 3820 3617 3886 insolentiam,

2029 3929 2096 3965 ex
2125 3913 2408 3966 communi
2441 3913 2664 3967 decreto
2694 3911 2970 3965 sancitum
2994 3915 3079 3964 est
3106 3927 3176 3963 ne
3209 3909 3332 3979 quis
3361 3909 3420 3962 in
3447 3909 3628 3962 conci-

2028 4001 2102 4056 lio
2128 4002 2391 4073 loquatur
2421 4007 2621 4073 praeter
2651 4000 2933 4055 licentiam
2963 4017 2998 4052 a
3017 3999 3448 4070 metropolitano
3476 4013 3627 4052 sum-

2030 4098 2185 4162 ptam
2224 4092 2466 4163 exceptis
2495 4091 2768 4162 episc0pis
2799 4095 2856 4143 et
2878 4087 3189 4143 abbatibus.

2100 4199 2174 4252 Ex
2204 4199 2443 4252 decretis
2477 4199 2552 4265 (0°)
2586 4196 2841 4267 Gregorii
2871 4195 3097 4265 Majoris
3130 4194 3259 4264 (39),
3293 4210 3395 4247 nec
3424 4211 3534 4247 non
3567 4200 3624 4248 et

345 4260 531 4270 ⁶⁴“ν⁶”ν“
548 4260 723 4270 ““¹⁸”“”“’
759 4260 1031 4270 ⁵⁷ν⁵⁸υ⁸⁸⁵⁴⁶⁵¹
1074 4260 1316 4271 ⁶⁴νν⁵νν““”
1341 4260 1428 4285 Γν⁹
1469 4260 1526 4268 ⁵⁸⁸
1559 4260 1778 4286 ·ν·⁶·ι”ν·ν
1810 4260 1908 4286 ι’“ν
2481 4260 2488 4265 ’
2541 4260 2548 4265 ’
2699 4260 2731 4267 "'
2958 4260 2974 4265 '
3135 4260 3143 4264 ‘
3220 4260 3224 4261 ⁷
3352 4283 3362 4293 .

343 4309 466 4359 tore
486 4305 730 4360 carebat.
756 4305 1241 4372 Lindisfarnensis,
1265 4304 1360 4375 qui
1382 4309 1440 4358 et
1460 4304 1778 4358 Dulmensis
1804 4260 2276 4376 [Du-DMinOFiS,
2311 4287 2388 4358 (⁸⁷)
2437 4291 2500 4342 Ut
2547 4287 2731 4340 “unus
2777 4286 2845 4340 d0
2890 4287 3116 4356 Propria
3137 4289 3495 4376 ροξηξὶῖιοηθ,
3531 4283 3615 4336 vel

343 4394 668 4464 nelmensis]
700 4395 1013 4466 cpiscopus,
1045 4393 1370 4449 canonicam
1399 4393 1610 4448 habens
1639 4394 1943 4448 excusatio-

342 4498 472 4536 nem
503 4483 738 4536 concilio
767 4483 1038 4538 interesse
1061 4501 1173 4537 non
1202 4488 1442 4554 poterat.
1492 4483 1562 4536 Et
1591 4483 1724 4552 quia
1747 4483 1940 4537 multis

339 4576 493 4624 retro
521 4571 682 4623 annis
721 4570 778 4623 in
808 4571 1039 4642 Anglico
1068 4588 1241 4641 regno
1269 4588 1406 4624 usus
1452 4571 1813 4625 conciliorum
1847 4571 1940 4625 ob-

342 4661 636 4726 soleverat,
676 4665 943 4714 renovata
995 4665 1128 4714 sunt
1183 4660 1472 4725 nonnulla,
1526 4677 1648 4730 qua:
1688 4661 1936 4730 antiquis

262 4750 273 4758 ’
343 4748 512 4802 etiam
539 4754 845 4802 noscuntur
872 4747 1179 4802 canonibus
1207 4747 1456 4802 definita.

413 4838 491 4892 Ex
521 4837 752 4893 concilio
773 4837 946 4908 igitur
967 4837 1236 4892 Toletano
1267 4843 1486 4908 quarto,
1515 4837 1941 4891 Millevitanoat-

347 4943 455 4997 que
480 4927 850 4980 Bracharensi
880 4931 1153 4980 statutum
1195 4932 1280 4980 est
1308 4932 1367 4980 ut
1397 4925 1604 4997 singuli
1631 4927 1937 4981 secundum

343 5015 716 5070 ordinationis
728 5033 841 5071 sua:
858 5022 969 5070 tem
977 5033 1114 5088 pora
1125 5016 1588 5086 sedeant,praater
1607 5032 1701 5069 eos
1727 5016 1820 5087 qui
1836 5033 1939 5070 an-

341 5105 500 5176 tiqua
517 5105 918 5159 consuetudine
929 5106 1043 5159 sive
1065 5105 1439 5159 Ecclesiarum
1463 5121 1692 5158 suarum
1715 5105 1937 5175 privile-

338 5195 446 5266 giis
475 5193 758 5264 digniores
806 5195 967 5248 sedes
1011 5194 1238 5248 habent.
1271 5194 1352 5248 De
1381 5211 1493 5265 qua
1521 5211 1580 5248 re
1609 5193 1939 5264 interrogati

343 5289 477 5338 sunt
503 5300 665 5339 senes
695 5289 753 5338 et
775 5289 941 5338 aetate
969 5283 1216 5354 provecti
1247 5283 1379 5354 quid
1404 5284 1489 5337 vel
1515 5283 1622 5354 ipsi
1650 5282 1934 5350 vidissent,

414 5427 516 5492 (38)
552 5427 714 5480 Solus
744 5426 831 5480 hic
859 5443 986 5480 cum
1019 5425 1213 5480 Odone
1243 5425 1531 5495 Bajocensi
1562 5443 1626 5479 ex
1650 5427 1930 5479 Norman-

337 5495 444 5568 nia:
473 5497 765 5568 episcopis,
816 5516 943 5553 cum
986 5497 1286 5551 Guillelmo
1324 5502 1705 5568 conquaestore
1736 5496 1793 5550 in
1826 5499 1932 5550 Λιι-

332 5565 505 5637 gliam
535 5565 779 5622 transiit.

2025 4377 2211 4430 uxoris
2242 4376 2513 4430 defuncta:
2536 4392 2634 4430 seu
2660 4391 2827 4446 quam
2849 4378 3118 4444 cognatus
3137 4372 3352 4436 habuit,
3384 4388 3614 4425 uxorem

2023 4465 2276 4537 accipiat,
2311 4465 2495 4536 quoad
2525 4481 2704 4535 usque
2733 4464 3023 4535 parentela
3055 4478 3119 4515 ex
3153 4461 3428 4515 alterutra
3456 4466 3616 4531 parte

2022 4555 2090 4608 ad
2120 4555 2423 4625 septimum
2450 4555 2688 4622 gradum
2723 4552 3026 4623 perveniat.

2093 4643 2183 4713 (³⁸)
2203 4644 2277 4698 Ut
2304 4645 2492 4697 nullus
2516 4659 2703 4696 sacros
2742 4641 2965 4695 ordines
3005 4655 3103 4692 seu
3147 4639 3392 4693 ofﬁcium
3439 4638 3615 4692 eccle-

2025 4730 2332 4798 siasticum,
2377 4732 2524 4802 quod
2566 4731 2634 4784 ad
2693 4746 2881 4784 curam
2941 4729 3259 4782 animarum
3314 4727 3613 4798 pertineat,

2025 4827 2176 4874 emat
2202 4822 2284 4874 vel
2309 4821 2532 4874 vendat.
2579 4821 2695 4874 Hoc
2721 4819 2872 4872 enim
2901 4818 3084 4872 scelus
3107 4833 3142 4870 a
3170 4817 3334 4870 Petro
3362 4817 3616 4887 apostolo

2021 4908 2077 4962 in
2107 4909 2332 4964 Simone
2360 4911 2520 4980 Mago
2557 4908 2818 4980 primitus
2849 4907 3180 4961 damnatum
3221 4909 3325 4971 est,
3363 4912 3559 4976 postea
3583 4923 3618 4960 a

2021 4999 2227 5053 sanctis
2257 4999 2517 5053 Patribus
2551 5005 2659 5063 l4
2689 4999 2923 5052 vetitum
2962 5005 3018 5052 et
3047 4995 3611 5052 excommunicatum.

2093 5088 2173 5141 Ne
2194 5104 2319 5141 ossa
2337 5092 2686 5142 mortuorum
2709 5087 3059 5152 animalium,
3076 5085 3236 5156 quasi
3259 5101 3360 5156 pro
3389 5084 3616 5138 vitanda

2021 5177 2349 5230 animalium
2381 5182 2554 5248 peste,
2589 5175 2792 5230 alicubi
2821 5176 3253 5247 suspendantur.

2091 5266 2174 5319 Ne
2219 5272 2416 5332 sortes,
2468 5265 2550 5318 vel
2615 5265 2912 5336 aruspicia,
2957 5281 3057 5319 seu
3097 5261 3488 5328 divinationes,
3532 5261 3614 5315 vel

2081 5424 2191 5498 (39)
2233 5425 2294 5498 1d
2341 5431 2428 5480 est
2470 5425 2774 5496 Gregorius
2822 5426 3057 5498 Magnus
3113 5439 3212 5498 seu
3262 5421 3497 5493 primus,
3557 5426 3615 5475 et

2013 5493 2318 5569 Gregorius
2350 5493 2647 5561 secundus,
2680 5504 2743 5551 ut
2762 5498 2878 5567 jam
2920 5493 3060 5549 alias
3098 5493 3453 5548 observatum
3502 5499 3606 5546 est.

2025 1747 2142 1796 tate
2197 1747 2427 1796 careant
2473 1744 2602 1810 (reg.
2651 1758 2772 1811 cap.
2810 1739 2900 1805 63,
2951 1739 3039 1806 22,
3089 1740 3199 1811 33).
3250 1741 3308 1795 Si
3339 1741 3463 1811 quis
3494 1757 3625 1795 vero
3705 1762 3710 1766 ’
