  <div class='ocr_page' id='page_1' title='image "/cluster/home/n/w/nwhite01/storage/ocr_20150623/150/hvd.32044054760087/032.png"; bbox 0 0 4008 6186; ppageno 0'>
   <div class='ocr_carea' id='block_1_1' title="bbox 313 199 386 256">
    <p class='ocr_par' dir='ltr' id='par_1_1' title="bbox 313 199 386 256">
     <span class='ocr_line' id='line_1_1' title="bbox 313 199 386 256; baseline 0 0"><span class='ocrx_word' id='word_1_1' title='bbox 313 199 386 256; x_wconf 79' lang='lat'><strong>53</strong></span> 
     </span>
    </p>
   </div>
   <div class='ocr_carea' id='block_1_2' title="bbox 1870 203 2057 259">
    <p class='ocr_par' dir='ltr' id='par_1_2' title="bbox 1870 203 2057 259">
     <span class='ocr_line' id='line_1_2' title="bbox 1870 203 2057 259; baseline 0.011 -3"><span class='ocrx_word' id='word_1_2' title='bbox 1870 203 2057 259; x_wconf 87' lang='lat' dir='ltr'><strong>VITA.</strong></span> 
     </span>
    </p>
   </div>
   <div class='ocr_carea' id='block_1_3' title="bbox 3534 207 3604 264">
    <p class='ocr_par' dir='ltr' id='par_1_3' title="bbox 3534 207 3604 264">
     <span class='ocr_line' id='line_1_3' title="bbox 3534 207 3604 264; baseline 0 0"><span class='ocrx_word' id='word_1_3' title='bbox 3534 207 3604 264; x_wconf 81' lang='grc'>54</span> 
     </span>
    </p>
   </div>
   <div class='ocr_carea' id='block_1_4' title="bbox 314 321 3604 401">
    <p class='ocr_par' dir='ltr' id='par_1_4' title="bbox 314 321 3604 401">
     <span class='ocr_line' id='line_1_4' title="bbox 314 321 3604 401; baseline 0.003 -21"><span class='ocrx_word' id='word_1_4' title='bbox 314 323 509 396; x_wconf 89' lang='lat' dir='ltr'><strong>aliqua</strong></span> <span class='ocrx_word' id='word_1_5' title='bbox 549 321 870 394; x_wconf 88' lang='lat' dir='ltr'><strong>hujusmodi</strong></span> <span class='ocrx_word' id='word_1_6' title='bbox 919 337 1091 394; x_wconf 88' lang='lat' dir='ltr'><strong>opera</strong></span> <span class='ocrx_word' id='word_1_7' title='bbox 1133 322 1410 379; x_wconf 88' lang='lat' dir='ltr'><strong>diabolica</strong></span> <span class='ocrx_word' id='word_1_8' title='bbox 1437 324 1508 379; x_wconf 89' lang='lat' dir='ltr'><strong>ab</strong></span> <span class='ocrx_word' id='word_1_9' title='bbox 1536 325 1724 397; x_wconf 90' lang='lat' dir='ltr'><strong>aliquo</strong></span> <span class='ocrx_word' id='word_1_10' title='bbox 1753 329 1980 390; x_wconf 82' lang='lat' dir='ltr'><strong>exer-A</strong></span> <span class='ocrx_word' id='word_1_11' title='bbox 1998 329 2244 383; x_wconf 85' lang='lat' dir='ltr'><strong>Noverat</strong></span> <span class='ocrx_word' id='word_1_12' title='bbox 2287 327 2372 382; x_wconf 89' lang='lat' dir='ltr'><strong>vir</strong></span> <span class='ocrx_word' id='word_1_13' title='bbox 2407 327 2880 400; x_wconf 88' lang='lat' dir='ltr'><strong>prudentissimus</strong></span> <span class='ocrx_word' id='word_1_14' title='bbox 2927 331 3079 401; x_wconf 87' lang='lat' dir='ltr'><strong>quod</strong></span> <span class='ocrx_word' id='word_1_15' title='bbox 3121 330 3321 387; x_wconf 88' lang='lat' dir='ltr'><strong>tertius</strong></span> <span class='ocrx_word' id='word_1_16' title='bbox 3351 331 3604 391; x_wconf 84' lang='lat' dir='ltr'><strong>Herodes</strong></span> 
     </span>
    </p>
   </div>
   <div class='ocr_carea' id='block_1_5' title="bbox 317 421 574 469">
    <p class='ocr_par' dir='ltr' id='par_1_5' title="bbox 317 421 574 469">
     <span class='ocr_line' id='line_1_5' title="bbox 317 421 574 469; baseline -0.004 0"><span class='ocrx_word' id='word_1_17' title='bbox 317 421 574 469; x_wconf 82' lang='lat' dir='ltr'><strong>oeantur.</strong></span> 
     </span>
    </p>
   </div>
   <div class='ocr_carea' id='block_1_6' title="bbox 390 500 1909 574">
    <p class='ocr_par' dir='ltr' id='par_1_6' title="bbox 390 500 1909 574">
     <span class='ocr_line' id='line_1_6' title="bbox 390 500 1909 574; baseline 0.003 -18"><span class='ocrx_word' id='word_1_18' title='bbox 390 502 474 571; x_wconf 66' lang='lat'><strong>(9°)</strong></span> <span class='ocrx_word' id='word_1_19' title='bbox 506 502 638 557; x_wconf 65' lang='lat' dir='ltr'><strong>Hec</strong></span> <span class='ocrx_word' id='word_1_20' title='bbox 659 501 810 556; x_wconf 89' lang='lat' dir='ltr'><strong>enim</strong></span> <span class='ocrx_word' id='word_1_21' title='bbox 827 500 1019 556; x_wconf 82' lang='lat' dir='ltr'><strong>omnia</strong></span> <span class='ocrx_word' id='word_1_22' title='bbox 1042 501 1188 555; x_wconf 81' lang='lat' dir='ltr'><strong>sacri</strong></span> <span class='ocrx_word' id='word_1_23' title='bbox 1217 517 1460 558; x_wconf 81' lang='lat' dir='ltr'><strong>canones</strong></span> <span class='ocrx_word' id='word_1_24' title='bbox 1481 504 1909 574; x_wconf 87' lang='lat' dir='ltr'><strong>prohibuerunt,</strong></span> 
     </span>
    </p>
   </div>
   <div class='ocr_carea' id='block_1_7' title="bbox 317 589 1915 662">
    <p class='ocr_par' dir='ltr' id='par_1_7' title="bbox 317 589 1915 662">
     <span class='ocr_line' id='line_1_7' title="bbox 317 589 1915 662; baseline 0.003 -16"><span class='ocrx_word' id='word_1_25' title='bbox 317 596 374 646; x_wconf 89' lang='lat' dir='ltr'><strong>et</strong></span> <span class='ocrx_word' id='word_1_26' title='bbox 400 608 495 646; x_wconf 88' lang='lat' dir='ltr'><strong>eos</strong></span> <span class='ocrx_word' id='word_1_27' title='bbox 525 591 623 662; x_wconf 89' lang='lat' dir='ltr'><strong>qui</strong></span> <span class='ocrx_word' id='word_1_28' title='bbox 644 590 785 646; x_wconf 87' lang='lat' dir='ltr'><strong>talia</strong></span> <span class='ocrx_word' id='word_1_29' title='bbox 812 595 1089 657; x_wconf 77' lang='lat' dir='ltr'><strong>exercent,</strong></span> <span class='ocrx_word' id='word_1_30' title='bbox 1120 589 1255 644; x_wconf 89' lang='lat' dir='ltr'><strong>data</strong></span> <span class='ocrx_word' id='word_1_31' title='bbox 1293 592 1574 647; x_wconf 80' lang='lat' dir='ltr'><strong>sententia</strong></span> <span class='ocrx_word' id='word_1_32' title='bbox 1599 609 1915 650; x_wconf 87' lang='lat' dir='ltr'><strong>excommu-</strong></span> 
     </span>
    </p>
   </div>
   <div class='ocr_carea' id='block_1_8' title="bbox 317 681 664 736">
    <p class='ocr_par' dir='ltr' id='par_1_8' title="bbox 317 681 664 736">
     <span class='ocr_line' id='line_1_8' title="bbox 317 681 664 736; baseline -0.003 -1"><span class='ocrx_word' id='word_1_33' title='bbox 317 681 664 736; x_wconf 83' lang='lat' dir='ltr'><strong>nicaverunt.</strong></span> 
     </span>
    </p>
   </div>
   <div class='ocr_carea' id='block_1_9' title="bbox 381 768 1906 837">
    <p class='ocr_par' dir='ltr' id='par_1_9' title="bbox 381 768 1906 837">
     <span class='ocr_line' id='line_1_9' title="bbox 381 768 1906 837; baseline 0.002 -12"><span class='ocrx_word' id='word_1_34' title='bbox 381 771 460 826; x_wconf 79' lang='lat' dir='ltr'><strong>Ex</strong></span> <span class='ocrx_word' id='word_1_35' title='bbox 496 769 750 826; x_wconf 84' lang='lat' dir='ltr'>conciliis</span> <span class='ocrx_word' id='word_1_36' title='bbox 779 768 1138 837; x_wconf 88' lang='lat' dir='ltr'><strong>Eliberitano,</strong></span> <span class='ocrx_word' id='word_1_37' title='bbox 1185 774 1242 824; x_wconf 91' lang='lat' dir='ltr'><strong>et</strong></span> <span class='ocrx_word' id='word_1_38' title='bbox 1282 771 1551 826; x_wconf 90' lang='lat' dir='ltr'><strong>Toletano</strong></span> <span class='ocrx_word' id='word_1_39' title='bbox 1589 773 1906 830; x_wconf 90' lang='lat' dir='ltr'><strong>undecimo.</strong></span> 
     </span>
    </p>
   </div>
   <div class='ocr_carea' id='block_1_10' title="bbox 309 859 1906 932">
    <p class='ocr_par' dir='ltr' id='par_1_10' title="bbox 309 859 1906 932">
     <span class='ocr_line' id='line_1_10' title="bbox 309 859 1906 932; baseline 0.003 -17"><span class='ocrx_word' id='word_1_40' title='bbox 309 861 380 915; x_wconf 88' lang='lat' dir='ltr'><strong>Ut</strong></span> <span class='ocrx_word' id='word_1_41' title='bbox 407 860 600 915; x_wconf 89' lang='lat' dir='ltr'><strong>nullus</strong></span> <span class='ocrx_word' id='word_1_42' title='bbox 625 859 917 930; x_wconf 88' lang='lat' dir='ltr'><strong>episcopus</strong></span> <span class='ocrx_word' id='word_1_43' title='bbox 935 859 1022 914; x_wconf 88' lang='lat' dir='ltr'><strong>vel</strong></span> <span class='ocrx_word' id='word_1_44' title='bbox 1051 859 1242 926; x_wconf 83' lang='lat' dir='ltr'><strong>abbas,</strong></span> <span class='ocrx_word' id='word_1_45' title='bbox 1264 877 1362 916; x_wconf 91' lang='lat' dir='ltr'><strong>seu</strong></span> <span class='ocrx_word' id='word_1_46' title='bbox 1388 861 1625 932; x_wconf 84' lang='lat' dir='ltr'><strong>quilibet</strong></span> <span class='ocrx_word' id='word_1_47' title='bbox 1644 863 1713 918; x_wconf 91' lang='lat' dir='ltr'><strong>de</strong></span> <span class='ocrx_word' id='word_1_48' title='bbox 1737 865 1906 932; x_wconf 91' lang='lat' dir='ltr'><strong>clero,</strong></span> 
     </span>
    </p>
   </div>
   <div class='ocr_carea' id='block_1_11' title="bbox 311 948 1908 1024">
    <p class='ocr_par' dir='ltr' id='par_1_11' title="bbox 311 948 1908 1024">
     <span class='ocr_line' id='line_1_11' title="bbox 311 948 1908 1024; baseline 0.004 -21"><span class='ocrx_word' id='word_1_49' title='bbox 311 949 600 1004; x_wconf 88' lang='lat' dir='ltr'><strong>hominem</strong></span> <span class='ocrx_word' id='word_1_50' title='bbox 629 948 999 1005; x_wconf 87' lang='lat' dir='ltr'><strong>occidendum</strong></span> <span class='ocrx_word' id='word_1_51' title='bbox 1021 949 1107 1005; x_wconf 86' lang='lat' dir='ltr'><strong>vel</strong></span> <span class='ocrx_word' id='word_1_52' title='bbox 1131 949 1397 1006; x_wconf 85' lang='lat' dir='ltr'><strong>membris</strong></span> <span class='ocrx_word' id='word_1_53' title='bbox 1419 949 1795 1008; x_wconf 90' lang='lat' dir='ltr'><strong>truncandum</strong></span> <span class='ocrx_word' id='word_1_54' title='bbox 1819 956 1908 1024; x_wconf 88' lang='lat' dir='ltr'><strong>ju-</strong></span> 
     </span>
    </p>
   </div>
   <div class='ocr_carea' id='block_1_12' title="bbox 311 1037 1907 1109">
    <p class='ocr_par' dir='ltr' id='par_1_12' title="bbox 311 1037 1907 1109">
     <span class='ocr_line' id='line_1_12' title="bbox 311 1037 1907 1109; baseline 0.004 -16"><span class='ocrx_word' id='word_1_55' title='bbox 311 1039 489 1106; x_wconf 87' lang='lat' dir='ltr'><strong>dicet;</strong></span> <span class='ocrx_word' id='word_1_56' title='bbox 540 1039 627 1094; x_wconf 87' lang='lat' dir='ltr'><strong>vel</strong></span> <span class='ocrx_word' id='word_1_57' title='bbox 673 1037 1057 1109; x_wconf 87' lang='lat' dir='ltr'><strong>judicantibus</strong></span> <span class='ocrx_word' id='word_1_58' title='bbox 1102 1055 1218 1096; x_wconf 76' lang='lat' dir='ltr'><strong>suze</strong></span> <span class='ocrx_word' id='word_1_59' title='bbox 1261 1039 1610 1097; x_wconf 82' lang='lat' dir='ltr'><strong>auctoritatis</strong></span> <span class='ocrx_word' id='word_1_60' title='bbox 1661 1043 1907 1099; x_wconf 84' lang='lat' dir='ltr'><strong>favorem</strong></span> 
     </span>
    </p>
   </div>
   <div class='ocr_carea' id='block_1_13' title="bbox 305 1128 706 1184">
    <p class='ocr_par' dir='ltr' id='par_1_13' title="bbox 305 1128 706 1184">
     <span class='ocr_line' id='line_1_13' title="bbox 305 1128 706 1184; baseline -0.005 -1"><span class='ocrx_word' id='word_1_61' title='bbox 305 1128 706 1184; x_wconf 81' lang='lat' dir='ltr'><strong>accommodet.</strong></span> 
     </span>
    </p>
   </div>
   <div class='ocr_carea' id='block_1_14' title="bbox 369 1217 1902 1294">
    <p class='ocr_par' dir='ltr' id='par_1_14' title="bbox 369 1217 1902 1294">
     <span class='ocr_line' id='line_1_14' title="bbox 369 1217 1902 1294; baseline 0.004 -22"><span class='ocrx_word' id='word_1_62' title='bbox 369 1218 485 1287; x_wconf 83' lang='lat' dir='ltr'><strong>Ego</strong></span> <span class='ocrx_word' id='word_1_63' title='bbox 539 1217 888 1273; x_wconf 85' lang='lat' dir='ltr'><strong>Lanfrancus</strong></span> <span class='ocrx_word' id='word_1_64' title='bbox 957 1217 1399 1274; x_wconf 81' lang='lat' dir='ltr'><strong>Dorobernensis</strong></span> <span class='ocrx_word' id='word_1_65' title='bbox 1451 1219 1902 1294; x_wconf 75' lang='lat' dir='ltr'><strong>archiepiscopus</strong></span> 
     </span>
    </p>
   </div>
   <div class='ocr_carea' id='block_1_15' title="bbox 305 1305 627 1378">
    <p class='ocr_par' dir='ltr' id='par_1_15' title="bbox 305 1305 627 1378">
     <span class='ocr_line' id='line_1_15' title="bbox 305 1305 627 1378; baseline -0.009 -16"><span class='ocrx_word' id='word_1_66' title='bbox 305 1305 627 1378; x_wconf 77' lang='lat' dir='ltr'><strong>subscripsi.</strong></span> 
     </span>
    </p>
   </div>
   <div class='ocr_carea' id='block_1_16' title="bbox 365 1395 1899 1472">
    <p class='ocr_par' dir='ltr' id='par_1_16' title="bbox 365 1395 1899 1472">
     <span class='ocr_line' id='line_1_16' title="bbox 365 1395 1899 1472; baseline 0.004 -20"><span class='ocrx_word' id='word_1_67' title='bbox 365 1398 481 1467; x_wconf 82' lang='lat' dir='ltr'><strong>Ego</strong></span> <span class='ocrx_word' id='word_1_68' title='bbox 538 1397 786 1453; x_wconf 88' lang='lat' dir='ltr'><strong>Thomas</strong></span> <span class='ocrx_word' id='word_1_69' title='bbox 837 1395 1200 1453; x_wconf 81' lang='lat' dir='ltr'><strong>Eboracensis</strong></span> <span class='ocrx_word' id='word_1_70' title='bbox 1255 1399 1708 1472; x_wconf 86' lang='lat' dir='ltr'><strong>archiepiscopus</strong></span> <span class='ocrx_word' id='word_1_71' title='bbox 1765 1401 1899 1458; x_wconf 89' lang='lat' dir='ltr'><strong>sub-</strong></span> 
     </span>
    </p>
   </div>
   <div class='ocr_carea' id='block_1_17' title="bbox 301 1501 521 1558">
    <p class='ocr_par' dir='ltr' id='par_1_17' title="bbox 301 1501 521 1558">
     <span class='ocr_line' id='line_1_17' title="bbox 301 1501 521 1558; baseline 0.014 -19"><span class='ocrx_word' id='word_1_72' title='bbox 301 1501 493 1558; x_wconf 77' lang='lat' dir='ltr'><strong>scnpSI</strong></span> <span class='ocrx_word' id='word_1_73' title='bbox 507 1530 521 1542; x_wconf 90' lang='lat'><strong>.</strong></span> 
     </span>
    </p>
   </div>
   <div class='ocr_carea' id='block_1_18' title="bbox 365 1575 1893 1653">
    <p class='ocr_par' dir='ltr' id='par_1_18' title="bbox 365 1575 1893 1653">
     <span class='ocr_line' id='line_1_18' title="bbox 365 1575 1893 1653; baseline 0.005 -23"><span class='ocrx_word' id='word_1_74' title='bbox 365 1575 838 1647; x_wconf 83' lang='lat' dir='ltr'><strong>Subscripserunt</strong></span> <span class='ocrx_word' id='word_1_75' title='bbox 894 1579 952 1631; x_wconf 89' lang='lat' dir='ltr'><strong>et</strong></span> <span class='ocrx_word' id='word_1_76' title='bbox 1003 1576 1102 1631; x_wconf 87' lang='lat' dir='ltr'>alii</span> <span class='ocrx_word' id='word_1_77' title='bbox 1145 1577 1389 1649; x_wconf 83' lang='lat' dir='ltr'><strong>episcOpi</strong></span> <span class='ocrx_word' id='word_1_78' title='bbox 1418 1583 1475 1634; x_wconf 90' lang='lat' dir='ltr'><strong>et</strong></span> <span class='ocrx_word' id='word_1_79' title='bbox 1516 1578 1746 1635; x_wconf 89' lang='lat' dir='ltr'><strong>abbates</strong></span> <span class='ocrx_word' id='word_1_80' title='bbox 1797 1583 1893 1653; x_wconf 90' lang='lat' dir='ltr'><strong>qui</strong></span> 
     </span>
    </p>
   </div>
   <div class='ocr_carea' id='block_1_19' title="bbox 295 1663 833 1735">
    <p class='ocr_par' dir='ltr' id='par_1_19' title="bbox 295 1663 833 1735">
     <span class='ocr_line' id='line_1_19' title="bbox 295 1663 833 1735; baseline 0 -16"><span class='ocrx_word' id='word_1_81' title='bbox 295 1664 671 1721; x_wconf 81' lang='lat' dir='ltr'><strong>interfuerunt</strong></span> <span class='ocrx_word' id='word_1_82' title='bbox 689 1663 833 1735; x_wconf 76' lang='grc' dir='ltr'><strong>(4ο).</strong></span> 
     </span>
    </p>
   </div>
   <div class='ocr_carea' id='block_1_20' title="bbox 883 1753 1303 1810">
    <p class='ocr_par' dir='ltr' id='par_1_20' title="bbox 883 1753 1303 1810">
     <span class='ocr_line' id='line_1_20' title="bbox 883 1753 1303 1810; baseline 0 -2"><span class='ocrx_word' id='word_1_83' title='bbox 883 1753 1117 1809; x_wconf 86' lang='lat' dir='ltr'><strong>CAPUT</strong></span> <span class='ocrx_word' id='word_1_84' title='bbox 1153 1755 1303 1810; x_wconf 86' lang='lat' dir='ltr'><strong>XIII.</strong></span> 
     </span>
    </p>
   </div>
   <div class='ocr_carea' id='block_1_21' title="bbox 351 1842 1882 1920">
    <p class='ocr_par' dir='ltr' id='par_1_21' title="bbox 351 1842 1882 1920">
     <span class='ocr_line' id='line_1_21' title="bbox 351 1842 1882 1920; baseline 0.005 -23"><span class='ocrx_word' id='word_1_85' title='bbox 351 1842 440 1897; x_wconf 86' lang='grc'><strong>31.</strong></span> <span class='ocrx_word' id='word_1_86' title='bbox 473 1845 613 1898; x_wconf 86' lang='lat' dir='ltr'><strong>Post</strong></span> <span class='ocrx_word' id='word_1_87' title='bbox 646 1843 766 1898; x_wconf 86' lang='lat' dir='ltr'><strong>haec</strong></span> <span class='ocrx_word' id='word_1_88' title='bbox 792 1843 1038 1898; x_wconf 89' lang='lat' dir='ltr'><strong>Thomas</strong></span> <span class='ocrx_word' id='word_1_89' title='bbox 1069 1843 1436 1900; x_wconf 89' lang='lat' dir='ltr'><strong>Eboracensis</strong></span> <span class='ocrx_word' id='word_1_90' title='bbox 1480 1846 1770 1902; x_wconf 89' lang='lat' dir='ltr'><strong>humiliter</strong></span> <span class='ocrx_word' id='word_1_91' title='bbox 1795 1848 1882 1920; x_wconf 80' lang='lat'><strong>(7°)</strong></span> 
     </span>
    </p>
   </div>
   <div class='ocr_carea' id='block_1_22' title="bbox 281 1931 1884 2004">
    <p class='ocr_par' dir='ltr' id='par_1_22' title="bbox 281 1931 1884 2004">
     <span class='ocr_line' id='line_1_22' title="bbox 281 1931 1884 2004; baseline 0.004 -19"><span class='ocrx_word' id='word_1_92' title='bbox 281 1932 492 2003; x_wconf 81' lang='lat' dir='ltr'><strong>rogavit</strong></span> <span class='ocrx_word' id='word_1_93' title='bbox 511 1949 614 2004; x_wconf 91' lang='lat' dir='ltr'><strong>per</strong></span> <span class='ocrx_word' id='word_1_94' title='bbox 639 1932 935 2004; x_wconf 87' lang='lat' dir='ltr'><strong>epistolam</strong></span> <span class='ocrx_word' id='word_1_95' title='bbox 962 1931 1084 2003; x_wconf 78' lang='grc'><strong>(41)</strong></span> <span class='ocrx_word' id='word_1_96' title='bbox 1114 1933 1504 2002; x_wconf 87' lang='lat' dir='ltr'><strong>Lanfrancum,</strong></span> <span class='ocrx_word' id='word_1_97' title='bbox 1531 1941 1596 1990; x_wconf 90' lang='lat' dir='ltr'><strong>ut</strong></span> <span class='ocrx_word' id='word_1_98' title='bbox 1626 1937 1884 1993; x_wconf 84' lang='lat' dir='ltr'><strong>mitteret</strong></span> 
     </span>
    </p>
   </div>
   <div class='ocr_carea' id='block_1_23' title="bbox 282 2021 1882 2098">
    <p class='ocr_par' dir='ltr' id='par_1_23' title="bbox 282 2021 1882 2098">
     <span class='ocr_line' id='line_1_23' title="bbox 282 2021 1882 2098; baseline 0.004 -23"><span class='ocrx_word' id='word_1_99' title='bbox 282 2021 390 2075; x_wconf 85' lang='lat' dir='ltr'><strong>sibi</strong></span> <span class='ocrx_word' id='word_1_100' title='bbox 429 2022 566 2077; x_wconf 88' lang='lat' dir='ltr'><strong>duos</strong></span> <span class='ocrx_word' id='word_1_101' title='bbox 604 2022 918 2093; x_wconf 84' lang='lat' dir='ltr'><strong>episcopos,</strong></span> <span class='ocrx_word' id='word_1_102' title='bbox 966 2023 1528 2079; x_wconf 87' lang='lat' dir='ltr'><strong>Dorchacestrensem</strong></span> <span class='ocrx_word' id='word_1_103' title='bbox 1572 2031 1626 2080; x_wconf 89' lang='lat' dir='ltr'><strong>et</strong></span> <span class='ocrx_word' id='word_1_104' title='bbox 1656 2028 1882 2098; x_wconf 88' lang='lat' dir='ltr'><strong>Wigor-</strong></span> 
     </span>
    </p>
   </div>
   <div class='ocr_carea' id='block_1_24' title="bbox 279 2110 1876 2186">
    <p class='ocr_par' dir='ltr' id='par_1_24' title="bbox 279 2110 1876 2186">
     <span class='ocr_line' id='line_1_24' title="bbox 279 2110 1876 2186; baseline 0.004 -22"><span class='ocrx_word' id='word_1_105' title='bbox 279 2127 531 2176; x_wconf 85' lang='lat' dir='ltr'><strong>nensem,</strong></span> <span class='ocrx_word' id='word_1_106' title='bbox 579 2110 675 2181; x_wconf 75' lang='grc' dir='ltr'><strong>(τί)</strong></span> <span class='ocrx_word' id='word_1_107' title='bbox 728 2111 800 2165; x_wconf 90' lang='lat' dir='ltr'><strong>ad</strong></span> <span class='ocrx_word' id='word_1_108' title='bbox 846 2111 1185 2166; x_wconf 88' lang='lat' dir='ltr'><strong>sacrandum</strong></span> <span class='ocrx_word' id='word_1_109' title='bbox 1241 2113 1540 2182; x_wconf 88' lang='lat' dir='ltr'><strong>quemdam</strong></span> <span class='ocrx_word' id='word_1_110' title='bbox 1592 2115 1876 2186; x_wconf 89' lang='lat' dir='ltr'><strong>clericum,</strong></span> 
     </span>
    </p>
   </div>
   <div class='ocr_carea' id='block_1_25' title="bbox 279 2199 1879 2271">
    <p class='ocr_par' dir='ltr' id='par_1_25' title="bbox 279 2199 1879 2271">
     <span class='ocr_line' id='line_1_25' title="bbox 279 2199 1879 2271; baseline 0.005 -18"><span class='ocrx_word' id='word_1_111' title='bbox 279 2216 444 2270; x_wconf 89' lang='lat' dir='ltr'><strong>quem</strong></span> <span class='ocrx_word' id='word_1_112' title='bbox 491 2199 580 2271; x_wconf 67' lang='grc' dir='ltr'><strong>(π)</strong></span> <span class='ocrx_word' id='word_1_113' title='bbox 611 2201 822 2255; x_wconf 86' lang='lat' dir='ltr'><strong>Paulus</strong></span> <span class='ocrx_word' id='word_1_114' title='bbox 874 2217 1061 2255; x_wconf 88' lang='lat' dir='ltr'><strong>comes</strong></span> <span class='ocrx_word' id='word_1_115' title='bbox 1099 2201 1380 2255; x_wconf 91' lang='lat' dir='ltr'><strong>Orcadum</strong></span> <span class='ocrx_word' id='word_1_116' title='bbox 1415 2200 1526 2271; x_wconf 71' lang='grc'><strong>(42)</strong></span> <span class='ocrx_word' id='word_1_117' title='bbox 1565 2201 1879 2261; x_wconf 86' lang='lat' dir='ltr'><strong>insularum</strong></span> 
     </span>
    </p>
   </div>
   <div class='ocr_carea' id='block_1_26' title="bbox 276 2288 1879 2378">
    <p class='ocr_par' dir='ltr' id='par_1_26' title="bbox 276 2288 1879 2378">
     <span class='ocr_line' id='line_1_26' title="bbox 276 2288 1879 2378; baseline 0.004 -36"><span class='ocrx_word' id='word_1_118' title='bbox 276 2288 360 2342; x_wconf 86' lang='lat' dir='ltr'><strong>illi</strong></span> <span class='ocrx_word' id='word_1_119' title='bbox 408 2288 663 2354; x_wconf 84' lang='lat' dir='ltr'><strong>miserat,</strong></span> <span class='ocrx_word' id='word_1_120' title='bbox 697 2289 771 2344; x_wconf 90' lang='lat' dir='ltr'><strong>ad</strong></span> <span class='ocrx_word' id='word_1_121' title='bbox 810 2289 1186 2344; x_wconf 88' lang='lat' dir='ltr'><strong>ordinandum</strong></span> <span class='ocrx_word' id='word_1_122' title='bbox 1219 2290 1330 2344; x_wconf 91' lang='lat' dir='ltr'><strong>illis</strong></span> <span class='ocrx_word' id='word_1_123' title='bbox 1363 2290 1615 2378; x_wconf 74' lang='lat' dir='ltr'><strong>partibus</strong></span> <span class='ocrx_word' id='word_1_124' title='bbox 1649 2294 1879 2365; x_wconf 84' lang='lat' dir='ltr'><strong>&#39;episco-</strong></span> 
     </span>
    </p>
   </div>
   <div class='ocr_carea' id='block_1_27' title="bbox 1997 417 3600 490">
    <p class='ocr_par' dir='ltr' id='par_1_27' title="bbox 1997 417 3600 490">
     <span class='ocr_line' id='line_1_27' title="bbox 1997 417 3600 490; baseline 0.004 -18"><span class='ocrx_word' id='word_1_125' title='bbox 1997 417 2122 472; x_wconf 90' lang='lat' dir='ltr'><strong>ideo</strong></span> <span class='ocrx_word' id='word_1_126' title='bbox 2151 418 2220 472; x_wconf 88' lang='lat' dir='ltr'><strong>ab</strong></span> <span class='ocrx_word' id='word_1_127' title='bbox 2251 417 2450 488; x_wconf 89' lang='lat' dir='ltr'><strong>angelo</strong></span> <span class='ocrx_word' id='word_1_128' title='bbox 2479 434 2778 489; x_wconf 86' lang='lat' dir='ltr'><strong>percussus</strong></span> <span class='ocrx_word' id='word_1_129' title='bbox 2821 418 3036 473; x_wconf 73' lang='lat' dir='ltr'><strong>interiit</strong></span> <span class='ocrx_word' id='word_1_130' title='bbox 3079 421 3214 490; x_wconf 87' lang='lat' dir='ltr'><strong>quia</strong></span> <span class='ocrx_word' id='word_1_131' title='bbox 3241 422 3600 479; x_wconf 85' lang='lat' dir='ltr'><strong>adulatorum</strong></span> 
     </span>
    </p>
   </div>
   <div class='ocr_carea' id='block_1_28' title="bbox 1999 504 3596 582">
    <p class='ocr_par' dir='ltr' id='par_1_28' title="bbox 1999 504 3596 582">
     <span class='ocr_line' id='line_1_28' title="bbox 1999 504 3596 582; baseline 0.004 -22"><span class='ocrx_word' id='word_1_132' title='bbox 1999 505 2184 569; x_wconf 89' lang='lat' dir='ltr'><strong>verba,</strong></span> <span class='ocrx_word' id='word_1_133' title='bbox 2204 522 2327 576; x_wconf 70' lang='lat' dir='ltr'><strong>quae</strong></span> <span class='ocrx_word' id='word_1_134' title='bbox 2351 505 2512 576; x_wconf 89' lang='lat' dir='ltr'><strong>quasi</strong></span> <span class='ocrx_word' id='word_1_135' title='bbox 2537 506 2653 560; x_wconf 93' lang='lat' dir='ltr'><strong>Deo</strong></span> <span class='ocrx_word' id='word_1_136' title='bbox 2678 504 2782 559; x_wconf 87' lang='lat' dir='ltr'><strong>sibi</strong></span> <span class='ocrx_word' id='word_1_137' title='bbox 2799 507 3202 577; x_wconf 88' lang='lat' dir='ltr'><strong>acclamabant,</strong></span> <span class='ocrx_word' id='word_1_138' title='bbox 3225 526 3338 565; x_wconf 92' lang='lat' dir='ltr'><strong>non</strong></span> <span class='ocrx_word' id='word_1_139' title='bbox 3357 510 3596 582; x_wconf 89' lang='lat' dir='ltr'><strong>respuit,</strong></span> 
     </span>
    </p>
   </div>
   <div class='ocr_carea' id='block_1_29' title="bbox 1994 593 3485 666">
    <p class='ocr_par' dir='ltr' id='par_1_29' title="bbox 1994 593 3485 666">
     <span class='ocr_line' id='line_1_29' title="bbox 1994 593 3485 666; baseline -0.002 -17"><span class='ocrx_word' id='word_1_140' title='bbox 1994 596 2092 650; x_wconf 90' lang='lat' dir='ltr'><strong>sed</strong></span> <span class='ocrx_word' id='word_1_141' title='bbox 2121 594 2368 666; x_wconf 87' lang='lat' dir='ltr'><strong>suscepit</strong></span> <span class='ocrx_word' id='word_1_142' title='bbox 2387 596 2531 666; x_wconf 83' lang='lat' dir='ltr'><strong>(Act.</strong></span> <span class='ocrx_word' id='word_1_143' title='bbox 2562 609 2624 660; x_wconf 88' lang='lat' dir='ltr'><strong>II,</strong></span> <span class='ocrx_word' id='word_1_144' title='bbox 2656 593 2747 660; x_wconf 93' lang='lat'><strong>22,</strong></span> <span class='ocrx_word' id='word_1_145' title='bbox 2781 593 2896 664; x_wconf 83' lang='lat'><strong>‘23).</strong></span> <span class='ocrx_word' id='word_1_146' title='bbox 3477 595 3485 607; x_wconf 93' lang='lat'>&#39;</span> 
     </span>
    </p>
   </div>
   <div class='ocr_carea' id='block_1_30' title="bbox 2066 682 3590 758">
    <p class='ocr_par' dir='ltr' id='par_1_30' title="bbox 2066 682 3590 758">
     <span class='ocr_line' id='line_1_30' title="bbox 2066 682 3590 758; baseline 0.004 -20"><span class='ocrx_word' id='word_1_147' title='bbox 2066 685 2152 741; x_wconf 87' lang='grc'><strong>34.</strong></span> <span class='ocrx_word' id='word_1_148' title='bbox 2206 683 2286 752; x_wconf 77' lang='grc'><strong>(⁷³)</strong></span> <span class='ocrx_word' id='word_1_149' title='bbox 2345 682 2650 737; x_wconf 85' lang='lat' dir='ltr'><strong>Ecclesiam</strong></span> <span class='ocrx_word' id='word_1_150' title='bbox 2694 683 3010 739; x_wconf 71' lang='lat' dir='ltr'><strong>Roﬂensem</strong></span> <span class='ocrx_word' id='word_1_151' title='bbox 3064 685 3184 758; x_wconf 90' lang='lat' dir='ltr'><strong>ipse</strong></span> <span class='ocrx_word' id='word_1_152' title='bbox 3237 686 3590 756; x_wconf 84' lang='lat' dir='ltr'><strong>instauravit,</strong></span> 
     </span>
    </p>
   </div>
   <div class='ocr_carea' id='block_1_31' title="bbox 1992 772 3594 844">
    <p class='ocr_par' dir='ltr' id='par_1_31' title="bbox 1992 772 3594 844">
     <span class='ocr_line' id='line_1_31' title="bbox 1992 772 3594 844; baseline 0.004 -16"><span class='ocrx_word' id='word_1_153' title='bbox 1992 779 2050 828; x_wconf 91' lang='lat' dir='ltr'><strong>et</strong></span> <span class='ocrx_word' id='word_1_154' title='bbox 2075 774 2134 828; x_wconf 91' lang='lat' dir='ltr'><strong>in</strong></span> <span class='ocrx_word' id='word_1_155' title='bbox 2165 777 2232 828; x_wconf 87' lang='lat' dir='ltr'><strong>ea</strong></span> <span class='ocrx_word' id='word_1_156' title='bbox 2259 773 2581 844; x_wconf 89' lang='lat' dir='ltr'><strong>episcopum</strong></span> <span class='ocrx_word' id='word_1_157' title='bbox 2612 772 2893 827; x_wconf 89' lang='lat' dir='ltr'><strong>ordinavit</strong></span> <span class='ocrx_word' id='word_1_158' title='bbox 2927 774 3008 842; x_wconf 73' lang='lat'><strong>(74)</strong></span> <span class='ocrx_word' id='word_1_159' title='bbox 3045 775 3373 832; x_wconf 89' lang='lat' dir='ltr'><strong>Beccensem</strong></span> <span class='ocrx_word' id='word_1_160' title='bbox 3403 795 3594 834; x_wconf 90' lang='lat' dir='ltr'><strong>mona-</strong></span> 
     </span>
    </p>
   </div>
   <div class='ocr_carea' id='block_1_32' title="bbox 1990 861 3594 932">
    <p class='ocr_par' dir='ltr' id='par_1_32' title="bbox 1990 861 3594 932">
     <span class='ocr_line' id='line_1_32' title="bbox 1990 861 3594 932; baseline 0.004 -16"><span class='ocrx_word' id='word_1_161' title='bbox 1990 863 2178 928; x_wconf 91' lang='lat' dir='ltr'><strong>chum,</strong></span> <span class='ocrx_word' id='word_1_162' title='bbox 2221 861 2447 916; x_wconf 91' lang='lat' dir='ltr'><strong>nomine</strong></span> <span class='ocrx_word' id='word_1_163' title='bbox 2479 862 2842 915; x_wconf 87' lang='lat' dir='ltr'><strong>Hernostum.</strong></span> <span class='ocrx_word' id='word_1_164' title='bbox 2875 862 2940 916; x_wconf 92' lang='lat' dir='ltr'><strong>In</strong></span> <span class='ocrx_word' id='word_1_165' title='bbox 2967 862 3136 932; x_wconf 88' lang='lat' dir='ltr'><strong>hujus</strong></span> <span class='ocrx_word' id='word_1_166' title='bbox 3174 867 3594 923; x_wconf 89' lang='lat' dir='ltr'><strong>consecratione</strong></span> 
     </span>
    </p>
   </div>
   <div class='ocr_carea' id='block_1_33' title="bbox 1989 950 3591 1022">
    <p class='ocr_par' dir='ltr' id='par_1_33' title="bbox 1989 950 3591 1022">
     <span class='ocr_line' id='line_1_33' title="bbox 1989 950 3591 1022; baseline 0.004 -18"><span class='ocrx_word' id='word_1_167' title='bbox 1989 951 2251 1006; x_wconf 88' lang='lat' dir='ltr'><strong>inventus</strong></span> <span class='ocrx_word' id='word_1_168' title='bbox 2275 956 2361 1006; x_wconf 89' lang='lat' dir='ltr'><strong>est</strong></span> <span class='ocrx_word' id='word_1_169' title='bbox 2391 950 2678 1022; x_wconf 81' lang='lat' dir='ltr'><strong>Evangelii</strong></span> <span class='ocrx_word' id='word_1_170' title='bbox 2721 966 2912 1005; x_wconf 90' lang='lat' dir='ltr'><strong>versus</strong></span> <span class='ocrx_word' id='word_1_171' title='bbox 2937 970 2948 1005; x_wconf 90' lang='lat'><strong>:</strong></span> <span class='ocrx_word' id='word_1_172' title='bbox 2984 953 3100 1007; x_wconf 78' lang='lat' dir='ltr'><strong>Cito</strong></span> <span class='ocrx_word' id='word_1_173' title='bbox 3129 956 3368 1021; x_wconf 78' lang='lat' dir='ltr'><strong>proferte</strong></span> <span class='ocrx_word' id='word_1_174' title='bbox 3391 960 3591 1011; x_wconf 79' lang='lat' dir='ltr'><strong>stolam</strong></span> 
     </span>
    </p>
   </div>
   <div class='ocr_carea' id='block_1_34' title="bbox 1981 1038 3588 1112">
    <p class='ocr_par' dir='ltr' id='par_1_34' title="bbox 1981 1038 3588 1112">
     <span class='ocr_line' id='line_1_34' title="bbox 1981 1038 3588 1112; baseline 0.004 -18"><span class='ocrx_word' id='word_1_175' title='bbox 1981 1044 2234 1111; x_wconf 77' lang='lat' dir='ltr'><strong>primam</strong></span> <span class='ocrx_word' id='word_1_176' title='bbox 2254 1041 2404 1110; x_wconf 87' lang='lat' dir='ltr'><strong>(Luc.</strong></span> <span class='ocrx_word' id='word_1_177' title='bbox 2432 1056 2521 1106; x_wconf 90' lang='lat' dir='ltr'><strong>xv,</strong></span> <span class='ocrx_word' id='word_1_178' title='bbox 2545 1038 2655 1109; x_wconf 91' lang='lat'><strong>22),</strong></span> <span class='ocrx_word' id='word_1_179' title='bbox 2687 1043 2796 1094; x_wconf 91' lang='lat' dir='ltr'><strong>etc.</strong></span> <span class='ocrx_word' id='word_1_180' title='bbox 2820 1040 2981 1112; x_wconf 84' lang='lat' dir='ltr'><strong>Quod</strong></span> <span class='ocrx_word' id='word_1_181' title='bbox 3011 1057 3138 1095; x_wconf 89' lang='lat' dir='ltr'><strong>cum</strong></span> <span class='ocrx_word' id='word_1_182' title='bbox 3168 1042 3417 1098; x_wconf 90' lang='lat' dir='ltr'><strong>audisset</strong></span> <span class='ocrx_word' id='word_1_183' title='bbox 3444 1045 3588 1100; x_wconf 89' lang='lat' dir='ltr'><strong>Lan-</strong></span> 
     </span>
    </p>
   </div>
   <div class='ocr_carea' id='block_1_35' title="bbox 1984 1128 3594 1200">
    <p class='ocr_par' dir='ltr' id='par_1_35' title="bbox 1984 1128 3594 1200">
     <span class='ocr_line' id='line_1_35' title="bbox 1984 1128 3594 1200; baseline 0.003 -16"><span class='ocrx_word' id='word_1_184' title='bbox 1984 1129 2234 1199; x_wconf 88' lang='lat' dir='ltr'><strong>francus,</strong></span> <span class='ocrx_word' id='word_1_185' title='bbox 2255 1128 2513 1200; x_wconf 69' lang='lat' dir='ltr'><strong>praedixit</strong></span> <span class='ocrx_word' id='word_1_186' title='bbox 2537 1145 2668 1183; x_wconf 89' lang='lat' dir='ltr'><strong>eum</strong></span> <span class='ocrx_word' id='word_1_187' title='bbox 2695 1129 2803 1182; x_wconf 91' lang='lat' dir='ltr'><strong>cito</strong></span> <span class='ocrx_word' id='word_1_188' title='bbox 2844 1129 3204 1196; x_wconf 89' lang='lat' dir='ltr'><strong>moriturum,</strong></span> <span class='ocrx_word' id='word_1_189' title='bbox 3228 1135 3286 1186; x_wconf 91' lang='lat' dir='ltr'><strong>et</strong></span> <span class='ocrx_word' id='word_1_190' title='bbox 3312 1132 3391 1187; x_wconf 92' lang='lat' dir='ltr'><strong>sic</strong></span> <span class='ocrx_word' id='word_1_191' title='bbox 3419 1135 3594 1189; x_wconf 87' lang='lat' dir='ltr'><strong>conti-</strong></span> 
     </span>
    </p>
   </div>
   <div class='ocr_carea' id='block_1_36' title="bbox 1981 1217 3588 1290">
    <p class='ocr_par' dir='ltr' id='par_1_36' title="bbox 1981 1217 3588 1290">
     <span class='ocr_line' id='line_1_36' title="bbox 1981 1217 3588 1290; baseline 0.002 -16"><span class='ocrx_word' id='word_1_192' title='bbox 1981 1219 2082 1290; x_wconf 80' lang='lat' dir='ltr'><strong>git.</strong></span> <span class='ocrx_word' id='word_1_193' title='bbox 2115 1219 2374 1290; x_wconf 92' lang='lat' dir='ltr'><strong>Namque</strong></span> <span class='ocrx_word' id='word_1_194' title='bbox 2405 1217 2456 1271; x_wconf 91' lang='lat' dir='ltr'><strong>ei</strong></span> <span class='ocrx_word' id='word_1_195' title='bbox 2503 1218 2562 1272; x_wconf 94' lang='lat' dir='ltr'><strong>in</strong></span> <span class='ocrx_word' id='word_1_196' title='bbox 2606 1217 2931 1289; x_wconf 84' lang='lat' dir='ltr'><strong>episcopatu</strong></span> <span class='ocrx_word' id='word_1_197' title='bbox 2970 1219 3223 1274; x_wconf 91' lang='lat' dir='ltr'><strong>nondum</strong></span> <span class='ocrx_word' id='word_1_198' title='bbox 3252 1236 3401 1275; x_wconf 90' lang='lat' dir='ltr'><strong>anno</strong></span> <span class='ocrx_word' id='word_1_199' title='bbox 3433 1238 3588 1277; x_wconf 91' lang='lat' dir='ltr'><strong>com-</strong></span> 
     </span>
    </p>
   </div>
   <div class='ocr_carea' id='block_1_37' title="bbox 1981 1307 3586 1381">
    <p class='ocr_par' dir='ltr' id='par_1_37' title="bbox 1981 1307 3586 1381">
     <span class='ocr_line' id='line_1_37' title="bbox 1981 1307 3586 1381; baseline 0.002 -19"><span class='ocrx_word' id='word_1_200' title='bbox 1981 1309 2152 1378; x_wconf 89' lang='lat' dir='ltr'><strong>pleto,</strong></span> <span class='ocrx_word' id='word_1_201' title='bbox 2186 1309 2271 1378; x_wconf 72' lang='lat'><strong>(75)</strong></span> <span class='ocrx_word' id='word_1_202' title='bbox 2305 1308 2599 1363; x_wconf 91' lang='lat' dir='ltr'><strong>decedenti</strong></span> <span class='ocrx_word' id='word_1_203' title='bbox 2656 1307 2926 1362; x_wconf 89' lang='lat' dir='ltr'><strong>successit</strong></span> <span class='ocrx_word' id='word_1_204' title='bbox 2982 1307 3319 1375; x_wconf 87' lang='lat' dir='ltr'><strong>Gundulfus,</strong></span> <span class='ocrx_word' id='word_1_205' title='bbox 3367 1315 3425 1365; x_wconf 88' lang='lat' dir='ltr'><strong>et</strong></span> <span class='ocrx_word' id='word_1_206' title='bbox 3467 1311 3586 1381; x_wconf 91' lang='lat' dir='ltr'><strong>ipse</strong></span> 
     </span>
    </p>
   </div>
   <div class='ocr_carea' id='block_1_38' title="bbox 1979 1396 3572 1469">
    <p class='ocr_par' dir='ltr' id='par_1_38' title="bbox 1979 1396 3572 1469">
     <span class='ocr_line' id='line_1_38' title="bbox 1979 1396 3572 1469; baseline 0.002 -18"><span class='ocrx_word' id='word_1_207' title='bbox 1979 1398 2288 1453; x_wconf 89' lang='lat' dir='ltr'><strong>monachus</strong></span> <span class='ocrx_word' id='word_1_208' title='bbox 2309 1397 2619 1463; x_wconf 90' lang='lat' dir='ltr'><strong>Beccensis,</strong></span> <span class='ocrx_word' id='word_1_209' title='bbox 2642 1396 2726 1450; x_wconf 86' lang='lat' dir='ltr'><strong>vir</strong></span> <span class='ocrx_word' id='word_1_210' title='bbox 2749 1397 2863 1451; x_wconf 92' lang='lat' dir='ltr'><strong>Deo</strong></span> <span class='ocrx_word' id='word_1_211' title='bbox 2897 1396 3154 1452; x_wconf 86' lang='lat' dir='ltr'><strong>amabilis</strong></span> <span class='ocrx_word' id='word_1_212' title='bbox 3177 1402 3234 1452; x_wconf 91' lang='lat' dir='ltr'><strong>et</strong></span> <span class='ocrx_word' id='word_1_213' title='bbox 3256 1398 3572 1469; x_wconf 88' lang='lat' dir='ltr'><strong>religiosus,</strong></span> 
     </span>
    </p>
   </div>
   <div class='ocr_carea' id='block_1_39' title="bbox 1979 1486 3578 1558">
    <p class='ocr_par' dir='ltr' id='par_1_39' title="bbox 1979 1486 3578 1558">
     <span class='ocr_line' id='line_1_39' title="bbox 1979 1486 3578 1558; baseline 0.002 -18"><span class='ocrx_word' id='word_1_214' title='bbox 1979 1487 2075 1557; x_wconf 92' lang='lat' dir='ltr'><strong>qui</strong></span> <span class='ocrx_word' id='word_1_215' title='bbox 2106 1487 2484 1557; x_wconf 88' lang='lat' dir='ltr'><strong>perseveravit</strong></span> <span class='ocrx_word' id='word_1_216' title='bbox 2509 1502 2689 1558; x_wconf 91' lang='lat' dir='ltr'><strong>usque</strong></span> <span class='ocrx_word' id='word_1_217' title='bbox 2725 1486 2796 1540; x_wconf 85' lang='lat' dir='ltr'><strong>ad</strong></span> <span class='ocrx_word' id='word_1_218' title='bbox 2826 1491 3087 1557; x_wconf 89' lang='lat' dir='ltr'><strong>tempora</strong></span> <span class='ocrx_word' id='word_1_219' title='bbox 3117 1487 3297 1541; x_wconf 88' lang='lat' dir='ltr'><strong>sancti</strong></span> <span class='ocrx_word' id='word_1_220' title='bbox 3325 1488 3578 1543; x_wconf 88' lang='lat' dir='ltr'><strong>Anselmi</strong></span> 
     </span>
    </p>
   </div>
   <div class='ocr_carea' id='block_1_40' title="bbox 1975 1573 3575 1646">
    <p class='ocr_par' dir='ltr' id='par_1_40' title="bbox 1975 1573 3575 1646">
     <span class='ocr_line' id='line_1_40' title="bbox 1975 1573 3575 1646; baseline 0.004 -18"><span class='ocrx_word' id='word_1_221' title='bbox 1975 1580 2032 1629; x_wconf 92' lang='lat' dir='ltr'><strong>et</strong></span> <span class='ocrx_word' id='word_1_222' title='bbox 2071 1575 2220 1646; x_wconf 85' lang='lat' dir='ltr'><strong>regis</strong></span> <span class='ocrx_word' id='word_1_223' title='bbox 2264 1575 2509 1629; x_wconf 89' lang='lat' dir='ltr'><strong>Henrici.</strong></span> <span class='ocrx_word' id='word_1_224' title='bbox 2557 1573 2857 1628; x_wconf 85' lang='lat' dir='ltr'><strong>Abbatiam</strong></span> <span class='ocrx_word' id='word_1_225' title='bbox 2903 1590 3128 1644; x_wconf 91' lang='lat' dir='ltr'><strong>quoque</strong></span> <span class='ocrx_word' id='word_1_226' title='bbox 3164 1575 3342 1630; x_wconf 88' lang='lat' dir='ltr'><strong>sancti</strong></span> <span class='ocrx_word' id='word_1_227' title='bbox 3371 1576 3575 1636; x_wconf 90' lang='lat' dir='ltr'><strong>Albani</strong></span> 
     </span>
    </p>
   </div>
   <div class='ocr_carea' id='block_1_41' title="bbox 1908 1640 3578 1736">
    <p class='ocr_par' dir='ltr' id='par_1_41' title="bbox 1908 1640 3578 1736">
     <span class='ocr_line' id='line_1_41' title="bbox 1908 1640 3578 1736; baseline 0.004 -19"><span class='ocrx_word' id='word_1_228' title='bbox 1908 1640 2221 1720; x_wconf 72' lang='lat' dir='ltr'><strong>Brestituit</strong></span> <span class='ocrx_word' id='word_1_229' title='bbox 2265 1664 2325 1718; x_wconf 93' lang='lat' dir='ltr'><strong>in</strong></span> <span class='ocrx_word' id='word_1_230' title='bbox 2362 1663 2662 1734; x_wconf 89' lang='lat' dir='ltr'><strong>pristinum</strong></span> <span class='ocrx_word' id='word_1_231' title='bbox 2711 1640 2961 1729; x_wconf 40' lang='lat' dir='ltr'><strong>statum&#39;;</strong></span> <span class='ocrx_word' id='word_1_232' title='bbox 3001 1640 3093 1734; x_wconf 48' lang='lat' dir='ltr'><strong>(i6)</strong></span> <span class='ocrx_word' id='word_1_233' title='bbox 3126 1663 3186 1717; x_wconf 91' lang='lat' dir='ltr'><strong>in</strong></span> <span class='ocrx_word' id='word_1_234' title='bbox 3230 1681 3342 1735; x_wconf 87' lang='lat' dir='ltr'><strong>qua</strong></span> <span class='ocrx_word' id='word_1_235' title='bbox 3388 1667 3578 1736; x_wconf 89' lang='lat' dir='ltr'><strong>posuit</strong></span> 
     </span>
    </p>
   </div>
   <div class='ocr_carea' id='block_1_42' title="bbox 1973 1751 3568 1832">
    <p class='ocr_par' dir='ltr' id='par_1_42' title="bbox 1973 1751 3568 1832">
     <span class='ocr_line' id='line_1_42' title="bbox 1973 1751 3568 1832; baseline 0.001 -25"><span class='ocrx_word' id='word_1_236' title='bbox 1973 1751 2233 1808; x_wconf 88' lang='lat' dir='ltr'><strong>abbatem</strong></span> <span class='ocrx_word' id='word_1_237' title='bbox 2283 1751 2384 1824; x_wconf 68' lang='lat'><strong>(44)</strong></span> <span class='ocrx_word' id='word_1_238' title='bbox 2445 1751 2683 1806; x_wconf 89' lang='lat' dir='ltr'><strong>Paulum</strong></span> <span class='ocrx_word' id='word_1_239' title='bbox 2747 1751 3156 1806; x_wconf 84' lang='lat' dir='ltr'><strong>Cadomensem</strong></span> <span class='ocrx_word' id='word_1_240' title='bbox 3210 1755 3568 1832; x_wconf 84' lang='lat' dir='ltr'><strong>monachum,</strong></span> 
     </span>
    </p>
   </div>
   <div class='ocr_carea' id='block_1_43' title="bbox 1973 1840 3573 1914">
    <p class='ocr_par' dir='ltr' id='par_1_43' title="bbox 1973 1840 3573 1914">
     <span class='ocr_line' id='line_1_43' title="bbox 1973 1840 3573 1914; baseline 0.002 -17"><span class='ocrx_word' id='word_1_241' title='bbox 1973 1843 2067 1914; x_wconf 92' lang='lat' dir='ltr'><strong>qui</strong></span> <span class='ocrx_word' id='word_1_242' title='bbox 2096 1841 2172 1896; x_wconf 91' lang='lat' dir='ltr'><strong>ibi</strong></span> <span class='ocrx_word' id='word_1_243' title='bbox 2220 1842 2475 1896; x_wconf 87' lang='lat' dir='ltr'><strong>ordinem</strong></span> <span class='ocrx_word' id='word_1_244' title='bbox 2518 1845 2576 1894; x_wconf 92' lang='lat' dir='ltr'><strong>et</strong></span> <span class='ocrx_word' id='word_1_245' title='bbox 2618 1840 2981 1896; x_wconf 88' lang='lat' dir='ltr'><strong>ecclesiastici</strong></span> <span class='ocrx_word' id='word_1_246' title='bbox 3018 1840 3184 1896; x_wconf 86' lang='lat' dir='ltr'><strong>ofﬁcii</strong></span> <span class='ocrx_word' id='word_1_247' title='bbox 3212 1857 3379 1898; x_wconf 89' lang='lat' dir='ltr'><strong>usum</strong></span> <span class='ocrx_word' id='word_1_248' title='bbox 3406 1843 3573 1900; x_wconf 87' lang='lat' dir='ltr'><strong>insti-</strong></span> 
     </span>
    </p>
   </div>
   <div class='ocr_carea' id='block_1_44' title="bbox 1967 1930 3050 2001">
    <p class='ocr_par' dir='ltr' id='par_1_44' title="bbox 1967 1930 3050 2001">
     <span class='ocr_line' id='line_1_44' title="bbox 1967 1930 3050 2001; baseline -0.001 -16"><span class='ocrx_word' id='word_1_249' title='bbox 1967 1931 2095 2000; x_wconf 89' lang='lat' dir='ltr'><strong>tuit,</strong></span> <span class='ocrx_word' id='word_1_250' title='bbox 2120 1931 2266 1986; x_wconf 91' lang='lat' dir='ltr'><strong>sicut</strong></span> <span class='ocrx_word' id='word_1_251' title='bbox 2289 1947 2518 1986; x_wconf 90' lang='lat' dir='ltr'><strong>cernere</strong></span> <span class='ocrx_word' id='word_1_252' title='bbox 2544 1935 2630 1985; x_wconf 89' lang='lat' dir='ltr'><strong>est</strong></span> <span class='ocrx_word' id='word_1_253' title='bbox 2657 1947 2835 2001; x_wconf 87' lang='lat' dir='ltr'><strong>usque</strong></span> <span class='ocrx_word' id='word_1_254' title='bbox 2865 1930 3050 1984; x_wconf 90' lang='lat' dir='ltr'><strong>hodie.</strong></span> 
     </span>
    </p>
   </div>
   <div class='ocr_carea' id='block_1_45' title="bbox 2562 2019 2970 2074">
    <p class='ocr_par' dir='ltr' id='par_1_45' title="bbox 2562 2019 2970 2074">
     <span class='ocr_line' id='line_1_45' title="bbox 2562 2019 2970 2074; baseline -0.005 0"><span class='ocrx_word' id='word_1_255' title='bbox 2562 2019 2797 2074; x_wconf 83' lang='lat' dir='ltr'><strong>CAPUT</strong></span> <span class='ocrx_word' id='word_1_256' title='bbox 2825 2019 2970 2074; x_wconf 85' lang='lat' dir='ltr'><strong>XIV.</strong></span> 
     </span>
    </p>
   </div>
   <div class='ocr_carea' id='block_1_46' title="bbox 2035 2107 3568 2177">
    <p class='ocr_par' dir='ltr' id='par_1_46' title="bbox 2035 2107 3568 2177">
     <span class='ocr_line' id='line_1_46' title="bbox 2035 2107 3568 2177; baseline 0.003 -14"><span class='ocrx_word' id='word_1_257' title='bbox 2035 2107 2124 2164; x_wconf 90' lang='lat'><strong>35.</strong></span> <span class='ocrx_word' id='word_1_258' title='bbox 2158 2109 2414 2173; x_wconf 90' lang='lat' dir='ltr'><strong>Quadam</strong></span> <span class='ocrx_word' id='word_1_259' title='bbox 2441 2108 2533 2162; x_wconf 91' lang='lat' dir='ltr'><strong>die</strong></span> <span class='ocrx_word' id='word_1_260' title='bbox 2564 2108 2701 2162; x_wconf 92' lang='lat' dir='ltr'><strong>dum</strong></span> <span class='ocrx_word' id='word_1_261' title='bbox 2726 2107 2955 2162; x_wconf 91' lang='lat' dir='ltr'><strong>missam</strong></span> <span class='ocrx_word' id='word_1_262' title='bbox 2986 2107 3316 2177; x_wconf 88' lang='lat' dir='ltr'><strong>celebraret,</strong></span> <span class='ocrx_word' id='word_1_263' title='bbox 3349 2116 3407 2167; x_wconf 91' lang='lat' dir='ltr'><strong>et</strong></span> <span class='ocrx_word' id='word_1_264' title='bbox 3432 2129 3568 2168; x_wconf 90' lang='lat' dir='ltr'><strong>ven-</strong></span> 
     </span>
    </p>
   </div>
   <div class='ocr_carea' id='block_1_47' title="bbox 1961 2197 3565 2268">
    <p class='ocr_par' dir='ltr' id='par_1_47' title="bbox 1961 2197 3565 2268">
     <span class='ocr_line' id='line_1_47' title="bbox 1961 2197 3565 2268; baseline 0.002 -15"><span class='ocrx_word' id='word_1_265' title='bbox 1961 2203 2083 2254; x_wconf 91' lang='lat' dir='ltr'><strong>tum</strong></span> <span class='ocrx_word' id='word_1_266' title='bbox 2129 2204 2278 2253; x_wconf 90' lang='lat' dir='ltr'><strong>esset</strong></span> <span class='ocrx_word' id='word_1_267' title='bbox 2305 2198 2378 2252; x_wconf 91' lang='lat' dir='ltr'><strong>ad</strong></span> <span class='ocrx_word' id='word_1_268' title='bbox 2416 2199 2614 2252; x_wconf 89' lang='lat' dir='ltr'><strong>horam</strong></span> <span class='ocrx_word' id='word_1_269' title='bbox 2648 2214 2761 2268; x_wconf 87' lang='lat' dir='ltr'><strong>qua</strong></span> <span class='ocrx_word' id='word_1_270' title='bbox 2804 2213 3005 2268; x_wconf 91' lang='lat' dir='ltr'><strong>corpus</strong></span> <span class='ocrx_word' id='word_1_271' title='bbox 3046 2197 3278 2253; x_wconf 90' lang='lat' dir='ltr'><strong>Domini</strong></span> <span class='ocrx_word' id='word_1_272' title='bbox 3305 2201 3565 2258; x_wconf 88' lang='lat' dir='ltr'><strong>manibus</strong></span> 
     </span>
    </p>
   </div>
   <div class='ocr_carea' id='block_1_48' title="bbox 1961 2287 3557 2360">
    <p class='ocr_par' dir='ltr' id='par_1_48' title="bbox 1961 2287 3557 2360">
     <span class='ocr_line' id='line_1_48' title="bbox 1961 2287 3557 2360; baseline 0.003 -18"><span class='ocrx_word' id='word_1_273' title='bbox 1961 2289 2193 2360; x_wconf 90' lang='lat' dir='ltr'><strong>accepit,</strong></span> <span class='ocrx_word' id='word_1_274' title='bbox 2227 2289 2519 2354; x_wconf 91' lang='lat' dir='ltr'><strong>diaconus,</strong></span> <span class='ocrx_word' id='word_1_275' title='bbox 2551 2287 2646 2358; x_wconf 89' lang='lat' dir='ltr'><strong>qui</strong></span> <span class='ocrx_word' id='word_1_276' title='bbox 2675 2288 2747 2342; x_wconf 90' lang='lat' dir='ltr'><strong>ad</strong></span> <span class='ocrx_word' id='word_1_277' title='bbox 2775 2287 3008 2341; x_wconf 90' lang='lat' dir='ltr'><strong>missam</strong></span> <span class='ocrx_word' id='word_1_278' title='bbox 3047 2287 3156 2342; x_wconf 90' lang='lat' dir='ltr'><strong>sibi</strong></span> <span class='ocrx_word' id='word_1_279' title='bbox 3179 2288 3557 2360; x_wconf 87' lang='lat' dir='ltr'><strong>ministrabat,</strong></span> 
     </span>
    </p>
   </div>
   <div class='ocr_carea' id='block_1_49' title="bbox 276 2375 3564 2455">
    <p class='ocr_par' dir='ltr' id='par_1_49' title="bbox 276 2375 3564 2455">
     <span class='ocr_line' id='line_1_49' title="bbox 276 2375 3564 2455; baseline 0.001 -23"><span class='ocrx_word' id='word_1_280' title='bbox 276 2395 431 2448; x_wconf 89' lang='lat' dir='ltr'><strong>pum,</strong></span> <span class='ocrx_word' id='word_1_281' title='bbox 457 2378 750 2433; x_wconf 76' lang='lat' dir='ltr'><strong>affirmans</strong></span> <span class='ocrx_word' id='word_1_282' title='bbox 771 2379 990 2432; x_wconf 91' lang='lat' dir='ltr'><strong>nullum</strong></span> <span class='ocrx_word' id='word_1_283' title='bbox 1019 2379 1408 2450; x_wconf 89' lang='lat' dir='ltr'><strong>imposterum,</strong></span> <span class='ocrx_word' id='word_1_284' title='bbox 1442 2375 1503 2435; x_wconf 87' lang='lat' dir='ltr'><strong>se</strong></span> <span class='ocrx_word' id='word_1_285' title='bbox 1531 2381 1733 2436; x_wconf 89' lang='lat' dir='ltr'><strong>horum</strong></span> <span class='ocrx_word' id='word_1_286' title='bbox 1766 2385 1879 2455; x_wconf 85' lang='lat' dir='ltr'><strong>epi—</strong></span> <span class='ocrx_word' id='word_1_287' title='bbox 1959 2395 2224 2450; x_wconf 87' lang='lat' dir='ltr'><strong>pervasus</strong></span> <span class='ocrx_word' id='word_1_288' title='bbox 2253 2395 2288 2432; x_wconf 88' lang='lat' dir='ltr'><strong>a</strong></span> <span class='ocrx_word' id='word_1_289' title='bbox 2315 2379 2569 2433; x_wconf 81' lang='lat' dir='ltr'><strong>daemone</strong></span> <span class='ocrx_word' id='word_1_290' title='bbox 2597 2375 2839 2448; x_wconf 88' lang='lat' dir='ltr'><strong>arripuit</strong></span> <span class='ocrx_word' id='word_1_291' title='bbox 2873 2376 3355 2449; x_wconf 90' lang='lat' dir='ltr'><strong>archiepiscopum</strong></span> <span class='ocrx_word' id='word_1_292' title='bbox 3379 2381 3564 2436; x_wconf 88' lang='lat' dir='ltr'><strong>mani-</strong></span> 
     </span>
    </p>
   </div>
   <div class='ocr_carea' id='block_1_50' title="bbox 276 2464 3560 2541">
    <p class='ocr_par' dir='ltr' id='par_1_50' title="bbox 276 2464 3560 2541">
     <span class='ocr_line' id='line_1_50' title="bbox 276 2464 3560 2541; baseline 0.001 -20"><span class='ocrx_word' id='word_1_293' title='bbox 276 2483 575 2538; x_wconf 85' lang='lat' dir='ltr'><strong>scoporum</strong></span> <span class='ocrx_word' id='word_1_294' title='bbox 602 2468 708 2522; x_wconf 87' lang='lat' dir='ltr'><strong>hac</strong></span> <span class='ocrx_word' id='word_1_295' title='bbox 735 2467 804 2522; x_wconf 91' lang='lat' dir='ltr'><strong>de</strong></span> <span class='ocrx_word' id='word_1_296' title='bbox 833 2484 1024 2533; x_wconf 90' lang='lat' dir='ltr'><strong>causa,</strong></span> <span class='ocrx_word' id='word_1_297' title='bbox 1061 2469 1424 2539; x_wconf 78' lang='lat' dir='ltr'><strong>quaesiturum</strong></span> <span class='ocrx_word' id='word_1_298' title='bbox 1452 2470 1872 2541; x_wconf 80' lang='lat' dir='ltr'><strong>subjectionem,</strong></span> <span class='ocrx_word' id='word_1_299' title='bbox 1958 2466 2062 2522; x_wconf 91' lang='lat' dir='ltr'><strong>bus</strong></span> <span class='ocrx_word' id='word_1_300' title='bbox 2093 2483 2193 2538; x_wconf 91' lang='lat' dir='ltr'><strong>per</strong></span> <span class='ocrx_word' id='word_1_301' title='bbox 2219 2467 2477 2538; x_wconf 90' lang='lat' dir='ltr'><strong>scapulas</strong></span> <span class='ocrx_word' id='word_1_302' title='bbox 2504 2485 2516 2531; x_wconf 90' lang='lat'><strong>;</strong></span> <span class='ocrx_word' id='word_1_303' title='bbox 2550 2464 2883 2520; x_wconf 87' lang='lat' dir='ltr'><strong>venerabilis</strong></span> <span class='ocrx_word' id='word_1_304' title='bbox 2903 2465 3140 2520; x_wconf 87' lang='lat' dir='ltr'><strong>antistes</strong></span> <span class='ocrx_word' id='word_1_305' title='bbox 3169 2466 3228 2520; x_wconf 91' lang='lat' dir='ltr'><strong>in</strong></span> <span class='ocrx_word' id='word_1_306' title='bbox 3257 2469 3412 2523; x_wconf 91' lang='lat' dir='ltr'><strong>nullo</strong></span> <span class='ocrx_word' id='word_1_307' title='bbox 3442 2474 3560 2525; x_wconf 88' lang='lat' dir='ltr'><strong>tur-</strong></span> 
     </span>
    </p>
   </div>
   <div class='ocr_carea' id='block_1_51' title="bbox 276 2555 3562 2634">
    <p class='ocr_par' dir='ltr' id='par_1_51' title="bbox 276 2555 3562 2634">
     <span class='ocr_line' id='line_1_51' title="bbox 276 2555 3562 2634; baseline 0.001 -22"><span class='ocrx_word' id='word_1_308' title='bbox 276 2558 453 2628; x_wconf 84' lang='lat' dir='ltr'><strong>Cujus</strong></span> <span class='ocrx_word' id='word_1_309' title='bbox 481 2557 742 2628; x_wconf 87' lang='lat' dir='ltr'><strong>petitioni</strong></span> <span class='ocrx_word' id='word_1_310' title='bbox 774 2557 1118 2612; x_wconf 87' lang='lat' dir='ltr'><strong>Lanfrancus</strong></span> <span class='ocrx_word' id='word_1_311' title='bbox 1143 2574 1398 2613; x_wconf 89' lang='lat' dir='ltr'><strong>annuens</strong></span> <span class='ocrx_word' id='word_1_312' title='bbox 1422 2559 1646 2632; x_wconf 91' lang='lat' dir='ltr'><strong>scripsit</strong></span> <span class='ocrx_word' id='word_1_313' title='bbox 1671 2564 1879 2634; x_wconf 88' lang='lat' dir='ltr'><strong>episco—</strong></span> <span class='ocrx_word' id='word_1_314' title='bbox 1961 2555 2148 2626; x_wconf 76' lang='lat' dir='ltr'><strong>batus,</strong></span> <span class='ocrx_word' id='word_1_315' title='bbox 2178 2558 2387 2611; x_wconf 83' lang='lat' dir='ltr'><strong>reﬂexa</strong></span> <span class='ocrx_word' id='word_1_316' title='bbox 2417 2571 2588 2610; x_wconf 82' lang='lat' dir='ltr'><strong>manu</strong></span> <span class='ocrx_word' id='word_1_317' title='bbox 2633 2555 2862 2609; x_wconf 80' lang='lat' dir='ltr'><strong>dextera</strong></span> <span class='ocrx_word' id='word_1_318' title='bbox 2909 2571 3009 2626; x_wconf 87' lang='lat' dir='ltr'><strong>per</strong></span> <span class='ocrx_word' id='word_1_319' title='bbox 3037 2555 3267 2627; x_wconf 89' lang='lat' dir='ltr'><strong>capillos</strong></span> <span class='ocrx_word' id='word_1_320' title='bbox 3306 2574 3436 2612; x_wconf 90' lang='lat' dir='ltr'><strong>eum</strong></span> <span class='ocrx_word' id='word_1_321' title='bbox 3471 2565 3562 2615; x_wconf 83' lang='lat' dir='ltr'><strong>te-</strong></span> 
     </span>
    </p>
   </div>
   <div class='ocr_carea' id='block_1_52' title="bbox 273 2643 3565 2718">
    <p class='ocr_par' dir='ltr' id='par_1_52' title="bbox 273 2643 3565 2718">
     <span class='ocr_line' id='line_1_52' title="bbox 273 2643 3565 2718; baseline 0.002 -18"><span class='ocrx_word' id='word_1_322' title='bbox 273 2648 362 2718; x_wconf 89' lang='lat' dir='ltr'><strong>pis</strong></span> <span class='ocrx_word' id='word_1_323' title='bbox 407 2647 672 2701; x_wconf 76' lang='lat' dir='ltr'><strong>Wistano</strong></span> <span class='ocrx_word' id='word_1_324' title='bbox 706 2647 1088 2718; x_wconf 85' lang='lat' dir='ltr'><strong>Wigornensi,</strong></span> <span class='ocrx_word' id='word_1_325' title='bbox 1141 2652 1199 2702; x_wconf 92' lang='lat' dir='ltr'><strong>et</strong></span> <span class='ocrx_word' id='word_1_326' title='bbox 1245 2648 1412 2702; x_wconf 87' lang='lat' dir='ltr'><strong>Petro</strong></span> <span class='ocrx_word' id='word_1_327' title='bbox 1460 2649 1762 2718; x_wconf 81' lang='lat' dir='ltr'><strong>Cestrensi,</strong></span> <span class='ocrx_word' id='word_1_328' title='bbox 1817 2658 1880 2708; x_wconf 79' lang='lat' dir='ltr'><strong>ut</strong></span> <span class='ocrx_word' id='word_1_329' title='bbox 1961 2646 2102 2712; x_wconf 92' lang='lat' dir='ltr'><strong>nuit,</strong></span> <span class='ocrx_word' id='word_1_330' title='bbox 2163 2651 2220 2700; x_wconf 90' lang='lat' dir='ltr'><strong>et</strong></span> <span class='ocrx_word' id='word_1_331' title='bbox 2266 2651 2398 2699; x_wconf 91' lang='lat' dir='ltr'><strong>ante</strong></span> <span class='ocrx_word' id='word_1_332' title='bbox 2453 2645 2623 2716; x_wconf 89' lang='lat' dir='ltr'><strong>pedes</strong></span> <span class='ocrx_word' id='word_1_333' title='bbox 2677 2661 2808 2698; x_wconf 90' lang='lat' dir='ltr'><strong>suos</strong></span> <span class='ocrx_word' id='word_1_334' title='bbox 2863 2643 3116 2699; x_wconf 88' lang='lat' dir='ltr'><strong>adduxit.</strong></span> <span class='ocrx_word' id='word_1_335' title='bbox 3173 2645 3565 2705; x_wconf 88' lang='lat' dir='ltr'><strong>Percelebrata</strong></span> 
     </span>
    </p>
   </div>
   <div class='ocr_carea' id='block_1_53' title="bbox 269 2734 3557 2811">
    <p class='ocr_par' dir='ltr' id='par_1_53' title="bbox 269 2734 3557 2811">
     <span class='ocr_line' id='line_1_53' title="bbox 269 2734 3557 2811; baseline 0.001 -21"><span class='ocrx_word' id='word_1_336' title='bbox 269 2736 522 2800; x_wconf 70' lang='lat' dir='ltr'><strong>Thomas,</strong></span> <span class='ocrx_word' id='word_1_337' title='bbox 562 2737 712 2791; x_wconf 89' lang='lat' dir='ltr'><strong>sicut</strong></span> <span class='ocrx_word' id='word_1_338' title='bbox 769 2737 1015 2807; x_wconf 88' lang='lat' dir='ltr'><strong>petebat,</strong></span> <span class='ocrx_word' id='word_1_339' title='bbox 1065 2743 1439 2804; x_wconf 88' lang='lat' dir='ltr'><strong>occurrerent,</strong></span> <span class='ocrx_word' id='word_1_340' title='bbox 1500 2739 1571 2793; x_wconf 87' lang='lat' dir='ltr'><strong>ad</strong></span> <span class='ocrx_word' id='word_1_341' title='bbox 1627 2741 1897 2811; x_wconf 64' lang='lat' dir='ltr'><strong>praedicti</strong></span> <span class='ocrx_word' id='word_1_342' title='bbox 1959 2736 2148 2802; x_wconf 90' lang='lat' dir='ltr'><strong>missa,</strong></span> <span class='ocrx_word' id='word_1_343' title='bbox 2182 2736 2241 2790; x_wconf 91' lang='lat' dir='ltr'><strong>in</strong></span> <span class='ocrx_word' id='word_1_344' title='bbox 2269 2735 2498 2789; x_wconf 90' lang='lat' dir='ltr'><strong>domum</strong></span> <span class='ocrx_word' id='word_1_345' title='bbox 2533 2734 2885 2788; x_wconf 85' lang='lat' dir='ltr'><strong>inﬁrmorum</strong></span> <span class='ocrx_word' id='word_1_346' title='bbox 2909 2734 3080 2804; x_wconf 89' lang='lat' dir='ltr'><strong>jussit</strong></span> <span class='ocrx_word' id='word_1_347' title='bbox 3107 2735 3266 2790; x_wconf 91' lang='lat' dir='ltr'><strong>illum</strong></span> <span class='ocrx_word' id='word_1_348' title='bbox 3307 2738 3557 2808; x_wconf 90' lang='lat' dir='ltr'><strong>perduci,</strong></span> 
     </span>
    </p>
   </div>
   <div class='ocr_carea' id='block_1_54' title="bbox 271 2825 1875 2899">
    <p class='ocr_par' dir='ltr' id='par_1_54' title="bbox 271 2825 1875 2899">
     <span class='ocr_line' id='line_1_54' title="bbox 271 2825 1875 2899; baseline 0.003 -19"><span class='ocrx_word' id='word_1_349' title='bbox 271 2825 458 2880; x_wconf 87' lang='lat' dir='ltr'><strong>clerici</strong></span> <span class='ocrx_word' id='word_1_350' title='bbox 511 2825 1009 2892; x_wconf 88' lang='lat' dir='ltr'><strong>consecrationem,</strong></span> <span class='ocrx_word' id='word_1_351' title='bbox 1050 2825 1121 2880; x_wconf 94' lang='lat' dir='ltr'><strong>ad</strong></span> <span class='ocrx_word' id='word_1_352' title='bbox 1168 2825 1316 2880; x_wconf 91' lang='lat' dir='ltr'><strong>diem</strong></span> <span class='ocrx_word' id='word_1_353' title='bbox 1347 2843 1514 2898; x_wconf 91' lang='lat' dir='ltr'><strong>quem</strong></span> <span class='ocrx_word' id='word_1_354' title='bbox 1544 2828 1664 2899; x_wconf 90' lang='lat' dir='ltr'><strong>ipse</strong></span> <span class='ocrx_word' id='word_1_355' title='bbox 1693 2831 1875 2886; x_wconf 91' lang='lat' dir='ltr'><strong>nomi-</strong></span> 
     </span>
    </p>
   </div>
   <div class='ocr_carea' id='block_1_55' title="bbox 270 2921 1935 3026">
    <p class='ocr_par' dir='ltr' id='par_1_55' title="bbox 270 2921 1935 3026">
     <span class='ocr_line' id='line_1_55' title="bbox 270 2921 1935 3026; baseline 0 -56"><span class='ocrx_word' id='word_1_356' title='bbox 270 2921 451 2970; x_wconf 78' lang='lat' dir='ltr'><strong>naret.</strong></span> <span class='ocrx_word' id='word_1_357' title='bbox 1891 2966 1935 3026; x_wconf 68' lang='grc' dir='ltr'>Ο</span> 
     </span>
     <span class='ocr_line' id='line_1_56' title="bbox 341 3003 1767 3026; baseline 0 0"><span class='ocrx_word' id='word_1_358' title='bbox 341 3004 404 3026; x_wconf 64' lang='grc' dir='ltr'><strong>τις.</strong></span> <span class='ocrx_word' id='word_1_359' title='bbox 477 3005 538 3026; x_wconf 74' lang='grc' dir='ltr'><strong>τ..</strong></span> <span class='ocrx_word' id='word_1_360' title='bbox 595 3003 855 3026; x_wconf 71' lang='lat' dir='ltr'><strong>__-L--_.L:-</strong></span> <span class='ocrx_word' id='word_1_361' title='bbox 917 3003 1149 3026; x_wconf 59' lang='lat' dir='ltr'><strong>-2_-:L-L:_</strong></span> <span class='ocrx_word' id='word_1_362' title='bbox 1205 3005 1513 3026; x_wconf 38' lang='lat' dir='ltr'><strong>IV-..L--A_:-A</strong></span> <span class='ocrx_word' id='word_1_363' title='bbox 1620 3013 1682 3026; x_wconf 63' lang='lat'><strong>_,‘</strong></span> <span class='ocrx_word' id='word_1_364' title='bbox 1760 3025 1767 3026; x_wconf 60' lang='lat'><strong><em>,</em></strong></span> 
     </span>
    </p>
   </div>
   <div class='ocr_carea' id='block_1_56' title="bbox 340 3003 1874 3080">
    <p class='ocr_par' dir='ltr' id='par_1_56' title="bbox 340 3003 1874 3080">
     <span class='ocr_line' id='line_1_57' title="bbox 340 3003 1874 3080; baseline 0.003 -20"><span class='ocrx_word' id='word_1_365' title='bbox 340 3004 426 3060; x_wconf 81' lang='lat'><strong>3&#39;2.</strong></span> <span class='ocrx_word' id='word_1_366' title='bbox 477 3005 544 3059; x_wconf 91' lang='lat' dir='ltr'><strong>In</strong></span> <span class='ocrx_word' id='word_1_367' title='bbox 592 3003 861 3059; x_wconf 91' lang='lat' dir='ltr'><strong>suburbio</strong></span> <span class='ocrx_word' id='word_1_368' title='bbox 912 3003 1151 3059; x_wconf 86' lang='lat' dir='ltr'><strong>civitatis</strong></span> <span class='ocrx_word' id='word_1_369' title='bbox 1204 3005 1540 3072; x_wconf 67' lang='lat' dir='ltr'><strong>Cantuariis,</strong></span> <span class='ocrx_word' id='word_1_370' title='bbox 1605 3013 1692 3063; x_wconf 89' lang='lat' dir='ltr'><strong>est</strong></span> <span class='ocrx_word' id='word_1_371' title='bbox 1721 3025 1874 3080; x_wconf 71' lang='lat' dir='ltr'><strong>quae-</strong></span> 
     </span>
    </p>
   </div>
   <div class='ocr_carea' id='block_1_57' title="bbox 268 3092 1863 3166">
    <p class='ocr_par' dir='ltr' id='par_1_57' title="bbox 268 3092 1863 3166">
     <span class='ocr_line' id='line_1_58' title="bbox 268 3092 1863 3166; baseline 0.004 -19"><span class='ocrx_word' id='word_1_372' title='bbox 268 3094 400 3147; x_wconf 86' lang='lat' dir='ltr'><strong>dam</strong></span> <span class='ocrx_word' id='word_1_373' title='bbox 445 3093 685 3148; x_wconf 88' lang='lat' dir='ltr'><strong>ecclesia</strong></span> <span class='ocrx_word' id='word_1_374' title='bbox 731 3093 923 3149; x_wconf 86' lang='lat' dir='ltr'><strong>Sancti</strong></span> <span class='ocrx_word' id='word_1_375' title='bbox 968 3092 1214 3158; x_wconf 83' lang='lat' dir='ltr'><strong>Martini,</strong></span> <span class='ocrx_word' id='word_1_376' title='bbox 1268 3093 1326 3148; x_wconf 90' lang='lat' dir='ltr'><strong>in</strong></span> <span class='ocrx_word' id='word_1_377' title='bbox 1384 3111 1514 3166; x_wconf 90' lang='lat' dir='ltr'><strong>qua,</strong></span> <span class='ocrx_word' id='word_1_378' title='bbox 1557 3101 1622 3150; x_wconf 93' lang='lat' dir='ltr'><strong>ut</strong></span> <span class='ocrx_word' id='word_1_379' title='bbox 1668 3097 1863 3166; x_wconf 85' lang='lat' dir='ltr'><strong>fertur,</strong></span> 
     </span>
    </p>
   </div>
   <div class='ocr_carea' id='block_1_58' title="bbox 1957 2822 3557 2896">
    <p class='ocr_par' dir='ltr' id='par_1_58' title="bbox 1957 2822 3557 2896">
     <span class='ocr_line' id='line_1_59' title="bbox 1957 2822 3557 2896; baseline 0.003 -18"><span class='ocrx_word' id='word_1_380' title='bbox 1957 2823 2053 2878; x_wconf 92' lang='lat' dir='ltr'><strong>ubi</strong></span> <span class='ocrx_word' id='word_1_381' title='bbox 2084 2841 2184 2896; x_wconf 88' lang='lat' dir='ltr'><strong>per</strong></span> <span class='ocrx_word' id='word_1_382' title='bbox 2229 2825 2444 2894; x_wconf 89' lang='lat' dir='ltr'><strong>aliquot</strong></span> <span class='ocrx_word' id='word_1_383' title='bbox 2488 2823 2606 2876; x_wconf 91' lang='lat' dir='ltr'><strong>dies</strong></span> <span class='ocrx_word' id='word_1_384' title='bbox 2651 2822 2711 2877; x_wconf 92' lang='lat' dir='ltr'><strong>in</strong></span> <span class='ocrx_word' id='word_1_385' title='bbox 2751 2823 2947 2878; x_wconf 88' lang='lat' dir='ltr'><strong>eadem</strong></span> <span class='ocrx_word' id='word_1_386' title='bbox 2975 2824 3198 2878; x_wconf 88' lang='lat' dir='ltr'><strong>insania</strong></span> <span class='ocrx_word' id='word_1_387' title='bbox 3223 2829 3557 2895; x_wconf 89' lang='lat' dir='ltr'><strong>permansit.</strong></span> 
     </span>
    </p>
   </div>
   <div class='ocr_carea' id='block_1_59' title="bbox 1958 2912 3557 2984">
    <p class='ocr_par' dir='ltr' id='par_1_59' title="bbox 1958 2912 3557 2984">
     <span class='ocr_line' id='line_1_60' title="bbox 1958 2912 3557 2984; baseline 0.003 -16"><span class='ocrx_word' id='word_1_388' title='bbox 1958 2914 2083 2968; x_wconf 93' lang='lat' dir='ltr'><strong>Non</strong></span> <span class='ocrx_word' id='word_1_389' title='bbox 2115 2918 2306 2968; x_wconf 89' lang='lat' dir='ltr'><strong>autem</strong></span> <span class='ocrx_word' id='word_1_390' title='bbox 2334 2913 2575 2967; x_wconf 89' lang='lat' dir='ltr'><strong>multum</strong></span> <span class='ocrx_word' id='word_1_391' title='bbox 2623 2912 2785 2967; x_wconf 92' lang='lat' dir='ltr'><strong>illum</strong></span> <span class='ocrx_word' id='word_1_392' title='bbox 2814 2913 3049 2968; x_wconf 86' lang='lat' dir='ltr'><strong>vexabat</strong></span> <span class='ocrx_word' id='word_1_393' title='bbox 3075 2930 3414 2984; x_wconf 89' lang='lat' dir='ltr'><strong>possessum,</strong></span> <span class='ocrx_word' id='word_1_394' title='bbox 3447 2917 3557 2972; x_wconf 90' lang='lat' dir='ltr'><strong>nisi</strong></span> 
     </span>
    </p>
   </div>
   <div class='ocr_carea' id='block_1_60' title="bbox 1956 3000 3553 3074">
    <p class='ocr_par' dir='ltr' id='par_1_60' title="bbox 1956 3000 3553 3074">
     <span class='ocr_line' id='line_1_61' title="bbox 1956 3000 3553 3074; baseline 0.003 -18"><span class='ocrx_word' id='word_1_395' title='bbox 1956 3003 2090 3072; x_wconf 89' lang='lat' dir='ltr'><strong>quia</strong></span> <span class='ocrx_word' id='word_1_396' title='bbox 2127 3003 2186 3056; x_wconf 91' lang='lat' dir='ltr'><strong>in</strong></span> <span class='ocrx_word' id='word_1_397' title='bbox 2224 3001 2473 3056; x_wconf 89' lang='lat' dir='ltr'><strong>amentia</strong></span> <span class='ocrx_word' id='word_1_398' title='bbox 2513 3000 2778 3068; x_wconf 87' lang='lat' dir='ltr'><strong>tenebat;</strong></span> <span class='ocrx_word' id='word_1_399' title='bbox 2820 3000 3038 3056; x_wconf 91' lang='lat' dir='ltr'><strong>ridebat</strong></span> <span class='ocrx_word' id='word_1_400' title='bbox 3077 3018 3207 3056; x_wconf 85' lang='lat' dir='ltr'><strong>vero</strong></span> <span class='ocrx_word' id='word_1_401' title='bbox 3248 3010 3553 3074; x_wconf 71' lang='lat' dir='ltr'><strong>praesentes</strong></span> 
     </span>
    </p>
   </div>
   <div class='ocr_carea' id='block_1_61' title="bbox 1955 3090 3548 3160">
    <p class='ocr_par' dir='ltr' id='par_1_61' title="bbox 1955 3090 3548 3160">
     <span class='ocr_line' id='line_1_62' title="bbox 1955 3090 3548 3160; baseline 0.004 -16"><span class='ocrx_word' id='word_1_402' title='bbox 1955 3108 2080 3146; x_wconf 91' lang='lat' dir='ltr'><strong>cum</strong></span> <span class='ocrx_word' id='word_1_403' title='bbox 2109 3090 2399 3157; x_wconf 90' lang='lat' dir='ltr'><strong>cachinno,</strong></span> <span class='ocrx_word' id='word_1_404' title='bbox 2440 3090 2786 3160; x_wconf 89' lang='lat' dir='ltr'><strong>respondens</strong></span> <span class='ocrx_word' id='word_1_405' title='bbox 2817 3090 2888 3144; x_wconf 88' lang='lat' dir='ltr'><strong>ad</strong></span> <span class='ocrx_word' id='word_1_406' title='bbox 2919 3107 2985 3144; x_wconf 89' lang='lat' dir='ltr'><strong>ea</strong></span> <span class='ocrx_word' id='word_1_407' title='bbox 3026 3106 3149 3160; x_wconf 66' lang='lat' dir='ltr'><strong>quae</strong></span> <span class='ocrx_word' id='word_1_408' title='bbox 3195 3091 3548 3150; x_wconf 89' lang='lat' dir='ltr'><strong>dicebantur.</strong></span> 
     </span>
    </p>
   </div>
   <div class='ocr_carea' id='block_1_62' title="bbox 267 3178 3551 3256">
    <p class='ocr_par' dir='ltr' id='par_1_62' title="bbox 267 3178 3551 3256">
     <span class='ocr_line' id='line_1_63' title="bbox 267 3178 3551 3256; baseline 0.001 -21"><span class='ocrx_word' id='word_1_409' title='bbox 267 3181 463 3252; x_wconf 82' lang='lat' dir='ltr'><strong>priscis</strong></span> <span class='ocrx_word' id='word_1_410' title='bbox 514 3180 863 3252; x_wconf 88' lang='lat' dir='ltr'><strong>temporibus</strong></span> <span class='ocrx_word' id='word_1_411' title='bbox 907 3181 1014 3235; x_wconf 84' lang='lat' dir='ltr'><strong>fuit</strong></span> <span class='ocrx_word' id='word_1_412' title='bbox 1062 3181 1221 3236; x_wconf 91' lang='lat' dir='ltr'><strong>sedes</strong></span> <span class='ocrx_word' id='word_1_413' title='bbox 1251 3179 1359 3249; x_wconf 66' lang='lat'><strong>(43)</strong></span> <span class='ocrx_word' id='word_1_414' title='bbox 1391 3183 1755 3256; x_wconf 87' lang='lat' dir='ltr'><strong>episc0palis;</strong></span> <span class='ocrx_word' id='word_1_415' title='bbox 1790 3192 1863 3254; x_wconf 88' lang='lat' dir='ltr'><strong>et,</strong></span> <span class='ocrx_word' id='word_1_416' title='bbox 1950 3179 2229 3234; x_wconf 85' lang='lat' dir='ltr'><strong>Videbant</strong></span> <span class='ocrx_word' id='word_1_417' title='bbox 2256 3184 2448 3234; x_wconf 87' lang='lat' dir='ltr'><strong>autem</strong></span> <span class='ocrx_word' id='word_1_418' title='bbox 2477 3178 2777 3250; x_wconf 87' lang='lat' dir='ltr'><strong>quemdam</strong></span> <span class='ocrx_word' id='word_1_419' title='bbox 2824 3183 3106 3233; x_wconf 90' lang='lat' dir='ltr'><strong>tumorem</strong></span> <span class='ocrx_word' id='word_1_420' title='bbox 3155 3197 3255 3252; x_wconf 88' lang='lat' dir='ltr'><strong>per</strong></span> <span class='ocrx_word' id='word_1_421' title='bbox 3295 3182 3551 3239; x_wconf 89' lang='lat' dir='ltr'><strong>membra</strong></span> 
     </span>
    </p>
   </div>
   <div class='ocr_carea' id='block_1_63' title="bbox 267 3267 3547 3347">
    <p class='ocr_par' dir='ltr' id='par_1_63' title="bbox 267 3267 3547 3347">
     <span class='ocr_line' id='line_1_64' title="bbox 267 3267 3547 3347; baseline 0.001 -23"><span class='ocrx_word' id='word_1_422' title='bbox 267 3276 334 3324; x_wconf 88' lang='lat' dir='ltr'><strong>ut</strong></span> <span class='ocrx_word' id='word_1_423' title='bbox 359 3271 537 3335; x_wconf 84' lang='lat' dir='ltr'><strong>aiunt,</strong></span> <span class='ocrx_word' id='word_1_424' title='bbox 565 3269 890 3341; x_wconf 88' lang='lat' dir='ltr'><strong>episcopum</strong></span> <span class='ocrx_word' id='word_1_425' title='bbox 919 3269 1133 3336; x_wconf 88' lang='lat' dir='ltr'><strong>habuit,</strong></span> <span class='ocrx_word' id='word_1_426' title='bbox 1157 3276 1458 3342; x_wconf 89' lang='lat' dir='ltr'><strong>antequam</strong></span> <span class='ocrx_word' id='word_1_427' title='bbox 1490 3273 1563 3326; x_wconf 89' lang='lat' dir='ltr'><strong>ad</strong></span> <span class='ocrx_word' id='word_1_428' title='bbox 1594 3273 1719 3329; x_wconf 86' lang='lat' dir='ltr'><strong>illas</strong></span> <span class='ocrx_word' id='word_1_429' title='bbox 1743 3293 1868 3347; x_wconf 79' lang='lat' dir='ltr'><strong>par.</strong></span> <span class='ocrx_word' id='word_1_430' title='bbox 1948 3269 2318 3324; x_wconf 91' lang='lat' dir='ltr'><strong>dissilientem</strong></span> <span class='ocrx_word' id='word_1_431' title='bbox 2347 3287 2359 3335; x_wconf 89' lang='lat'><strong>;</strong></span> <span class='ocrx_word' id='word_1_432' title='bbox 2393 3271 2451 3322; x_wconf 90' lang='lat' dir='ltr'><strong>et</strong></span> <span class='ocrx_word' id='word_1_433' title='bbox 2477 3267 2525 3321; x_wconf 93' lang='lat' dir='ltr'><strong>si</strong></span> <span class='ocrx_word' id='word_1_434' title='bbox 2556 3267 2678 3338; x_wconf 90' lang='lat' dir='ltr'><strong>quis</strong></span> <span class='ocrx_word' id='word_1_435' title='bbox 2720 3267 2986 3323; x_wconf 86' lang='lat' dir='ltr'><strong>voluisset</strong></span> <span class='ocrx_word' id='word_1_436' title='bbox 3007 3285 3236 3324; x_wconf 90' lang='lat' dir='ltr'><strong>manum</strong></span> <span class='ocrx_word' id='word_1_437' title='bbox 3264 3271 3547 3342; x_wconf 88' lang='lat' dir='ltr'><strong>superim-</strong></span> 
     </span>
    </p>
   </div>
   <div class='ocr_carea' id='block_1_64' title="bbox 265 3356 3550 3433">
    <p class='ocr_par' dir='ltr' id='par_1_64' title="bbox 265 3356 3550 3433">
     <span class='ocr_line' id='line_1_65' title="bbox 265 3356 3550 3433; baseline 0.002 -21"><span class='ocrx_word' id='word_1_438' title='bbox 265 3363 352 3412; x_wconf 84' lang='lat' dir='ltr'><strong>tes</strong></span> <span class='ocrx_word' id='word_1_439' title='bbox 388 3358 659 3412; x_wconf 85' lang='lat' dir='ltr'><strong>transiret</strong></span> <span class='ocrx_word' id='word_1_440' title='bbox 688 3357 1054 3413; x_wconf 86' lang='lat' dir='ltr'><strong>Lanfrancus.</strong></span> <span class='ocrx_word' id='word_1_441' title='bbox 1099 3358 1205 3412; x_wconf 92' lang='lat' dir='ltr'><strong>Sed</strong></span> <span class='ocrx_word' id='word_1_442' title='bbox 1235 3359 1368 3430; x_wconf 88' lang='lat' dir='ltr'><strong>quia</strong></span> <span class='ocrx_word' id='word_1_443' title='bbox 1412 3362 1744 3418; x_wconf 88' lang='lat' dir='ltr'><strong>auctoritate</strong></span> <span class='ocrx_word' id='word_1_444' title='bbox 1773 3382 1867 3419; x_wconf 55' lang='lat' dir='ltr'><strong>ca.</strong></span> <span class='ocrx_word' id='word_1_445' title='bbox 1948 3374 2175 3430; x_wconf 88' lang='lat' dir='ltr'><strong>ponere,</strong></span> <span class='ocrx_word' id='word_1_446' title='bbox 2209 3357 2402 3412; x_wconf 82' lang='lat' dir='ltr'><strong>statim</strong></span> <span class='ocrx_word' id='word_1_447' title='bbox 2440 3357 2500 3410; x_wconf 90' lang='lat' dir='ltr'><strong>in</strong></span> <span class='ocrx_word' id='word_1_448' title='bbox 2531 3356 2704 3410; x_wconf 88' lang='lat' dir='ltr'><strong>alium</strong></span> <span class='ocrx_word' id='word_1_449' title='bbox 2737 3357 2921 3410; x_wconf 92' lang='lat' dir='ltr'><strong>locum</strong></span> <span class='ocrx_word' id='word_1_450' title='bbox 2951 3357 3265 3414; x_wconf 84' lang='lat' dir='ltr'><strong>exhibebat.</strong></span> <span class='ocrx_word' id='word_1_451' title='bbox 3300 3361 3550 3433; x_wconf 78' lang='lat' dir='ltr'><strong>Contigit</strong></span> 
     </span>
    </p>
   </div>
   <div class='ocr_carea' id='block_1_65' title="bbox 264 3445 3546 3520">
    <p class='ocr_par' dir='ltr' id='par_1_65' title="bbox 264 3445 3546 3520">
     <span class='ocr_line' id='line_1_66' title="bbox 264 3445 3546 3520; baseline 0.001 -18"><span class='ocrx_word' id='word_1_452' title='bbox 264 3465 476 3502; x_wconf 89' lang='lat' dir='ltr'><strong>nonum</strong></span> <span class='ocrx_word' id='word_1_453' title='bbox 507 3452 729 3502; x_wconf 79' lang='lat' dir='ltr'><strong>constat</strong></span> <span class='ocrx_word' id='word_1_454' title='bbox 756 3453 1118 3518; x_wconf 69' lang='lat' dir='ltr'><strong>praeceptum,</strong></span> <span class='ocrx_word' id='word_1_455' title='bbox 1151 3465 1221 3501; x_wconf 91' lang='lat' dir='ltr'><strong>ne</strong></span> <span class='ocrx_word' id='word_1_456' title='bbox 1257 3449 1316 3502; x_wconf 90' lang='lat' dir='ltr'><strong>in</strong></span> <span class='ocrx_word' id='word_1_457' title='bbox 1345 3465 1459 3504; x_wconf 91' lang='lat' dir='ltr'><strong>una</strong></span> <span class='ocrx_word' id='word_1_458' title='bbox 1497 3451 1726 3507; x_wconf 85' lang='lat' dir='ltr'><strong>civitate</strong></span> <span class='ocrx_word' id='word_1_459' title='bbox 1753 3453 1864 3509; x_wconf 86' lang='lat' dir='ltr'><strong>duo</strong></span> <span class='ocrx_word' id='word_1_460' title='bbox 1947 3454 2137 3503; x_wconf 88' lang='lat' dir='ltr'><strong>autem</strong></span> <span class='ocrx_word' id='word_1_461' title='bbox 2149 3445 2522 3502; x_wconf 88' lang='lat' dir='ltr'><strong>venerabilem</strong></span> <span class='ocrx_word' id='word_1_462' title='bbox 2539 3445 2869 3517; x_wconf 62' lang='lat' dir='ltr'><strong>praedictum</strong></span> <span class='ocrx_word' id='word_1_463' title='bbox 2885 3447 3231 3502; x_wconf 88' lang='lat' dir='ltr'><strong>Gundulfum</strong></span> <span class='ocrx_word' id='word_1_464' title='bbox 3247 3451 3546 3520; x_wconf 84' lang='lat' dir='ltr'><strong>praesulem</strong></span> 
     </span>
    </p>
   </div>
   <div class='ocr_carea' id='block_1_66' title="bbox 263 3535 3546 3611">
    <p class='ocr_par' dir='ltr' id='par_1_66' title="bbox 263 3535 3546 3611">
     <span class='ocr_line' id='line_1_67' title="bbox 263 3535 3546 3611; baseline 0.002 -20"><span class='ocrx_word' id='word_1_465' title='bbox 263 3539 555 3608; x_wconf 85' lang='lat' dir='ltr'><strong>pontiﬁces</strong></span> <span class='ocrx_word' id='word_1_466' title='bbox 595 3537 764 3590; x_wconf 89' lang='lat' dir='ltr'><strong>simul</strong></span> <span class='ocrx_word' id='word_1_467' title='bbox 795 3535 1128 3602; x_wconf 89' lang='lat' dir='ltr'><strong>habeantur,</strong></span> <span class='ocrx_word' id='word_1_468' title='bbox 1170 3538 1368 3592; x_wconf 88' lang='lat' dir='ltr'><strong>statuit</strong></span> <span class='ocrx_word' id='word_1_469' title='bbox 1394 3539 1758 3609; x_wconf 90' lang='lat' dir='ltr'><strong>Lanfrancus,</strong></span> <span class='ocrx_word' id='word_1_470' title='bbox 1790 3559 1861 3598; x_wconf 90' lang='lat' dir='ltr'><strong>ne</strong></span> <span class='ocrx_word' id='word_1_471' title='bbox 1946 3537 2290 3592; x_wconf 74' lang='lat' dir='ltr'><strong>Rotfensium</strong></span> <span class='ocrx_word' id='word_1_472' title='bbox 2313 3535 2530 3601; x_wconf 87' lang='lat' dir='ltr'><strong>adesse,</strong></span> <span class='ocrx_word' id='word_1_473' title='bbox 2553 3535 2650 3605; x_wconf 90' lang='lat' dir='ltr'><strong>qui</strong></span> <span class='ocrx_word' id='word_1_474' title='bbox 2680 3551 2809 3590; x_wconf 91' lang='lat' dir='ltr'><strong>cum</strong></span> <span class='ocrx_word' id='word_1_475' title='bbox 2832 3535 3098 3591; x_wconf 91' lang='lat' dir='ltr'><strong>voluisset</strong></span> <span class='ocrx_word' id='word_1_476' title='bbox 3116 3554 3348 3594; x_wconf 89' lang='lat' dir='ltr'><strong>manum</strong></span> <span class='ocrx_word' id='word_1_477' title='bbox 3375 3556 3546 3611; x_wconf 91' lang='lat' dir='ltr'><strong>super</strong></span> 
     </span>
    </p>
   </div>
   <div class='ocr_carea' id='block_1_67' title="bbox 261 3624 3545 3700">
    <p class='ocr_par' dir='ltr' id='par_1_67' title="bbox 261 3624 3545 3700">
     <span class='ocr_line' id='line_1_68' title="bbox 261 3624 3545 3700; baseline 0.002 -20"><span class='ocrx_word' id='word_1_478' title='bbox 261 3627 500 3681; x_wconf 86' lang='lat' dir='ltr'><strong>ulterius</strong></span> <span class='ocrx_word' id='word_1_479' title='bbox 523 3626 631 3697; x_wconf 90' lang='lat' dir='ltr'><strong>ipsi</strong></span> <span class='ocrx_word' id='word_1_480' title='bbox 658 3626 780 3680; x_wconf 91' lang='lat' dir='ltr'><strong>loco</strong></span> <span class='ocrx_word' id='word_1_481' title='bbox 810 3625 1168 3679; x_wconf 88' lang='lat' dir='ltr'><strong>ordinaretur</strong></span> <span class='ocrx_word' id='word_1_482' title='bbox 1197 3626 1510 3700; x_wconf 88' lang='lat' dir='ltr'><strong>episc0pus.</strong></span> <span class='ocrx_word' id='word_1_483' title='bbox 1940 3631 2220 3681; x_wconf 86' lang='lat' dir='ltr'><strong>tumorem</strong></span> <span class='ocrx_word' id='word_1_484' title='bbox 2267 3624 2425 3679; x_wconf 90' lang='lat' dir='ltr'><strong>illum</strong></span> <span class='ocrx_word' id='word_1_485' title='bbox 2457 3624 2768 3694; x_wconf 89' lang='lat' dir='ltr'><strong>imponere,</strong></span> <span class='ocrx_word' id='word_1_486' title='bbox 2804 3625 3014 3679; x_wconf 87' lang='lat' dir='ltr'><strong>desiliit</strong></span> <span class='ocrx_word' id='word_1_487' title='bbox 3056 3626 3346 3695; x_wconf 89' lang='lat' dir='ltr'><strong>aliorsum,</strong></span> <span class='ocrx_word' id='word_1_488' title='bbox 3379 3633 3436 3683; x_wconf 92' lang='lat' dir='ltr'><strong>et</strong></span> <span class='ocrx_word' id='word_1_489' title='bbox 3463 3629 3545 3685; x_wconf 88' lang='lat' dir='ltr'><strong>ait</strong></span> 
     </span>
    </p>
   </div>
   <div class='ocr_carea' id='block_1_68' title="bbox 330 3713 3544 3791">
    <p class='ocr_par' dir='ltr' id='par_1_68' title="bbox 330 3713 3544 3791">
     <span class='ocr_line' id='line_1_69' title="bbox 330 3713 3544 3791; baseline 0.002 -23"><span class='ocrx_word' id='word_1_490' title='bbox 330 3713 416 3772; x_wconf 90' lang='lat'><strong>33.</strong></span> <span class='ocrx_word' id='word_1_491' title='bbox 450 3716 519 3769; x_wconf 93' lang='lat' dir='ltr'><strong>In</strong></span> <span class='ocrx_word' id='word_1_492' title='bbox 549 3714 794 3785; x_wconf 91' lang='lat' dir='ltr'><strong>quadam</strong></span> <span class='ocrx_word' id='word_1_493' title='bbox 825 3713 1142 3778; x_wconf 80' lang='lat' dir='ltr'><strong>festivitate,</strong></span> <span class='ocrx_word' id='word_1_494' title='bbox 1171 3715 1240 3770; x_wconf 91' lang='lat' dir='ltr'><strong>de</strong></span> <span class='ocrx_word' id='word_1_495' title='bbox 1268 3716 1450 3771; x_wconf 89' lang='lat' dir='ltr'><strong>tribus</strong></span> <span class='ocrx_word' id='word_1_496' title='bbox 1481 3719 1718 3789; x_wconf 86' lang='lat' dir='ltr'><strong>magnis,</strong></span> <span class='ocrx_word' id='word_1_497' title='bbox 1741 3721 1860 3791; x_wconf 89' lang='lat' dir='ltr'><strong>qui-</strong></span> <span class='ocrx_word' id='word_1_498' title='bbox 1941 3715 2231 3787; x_wconf 85' lang='lat' dir='ltr'><strong>episcOpus</strong></span> <span class='ocrx_word' id='word_1_499' title='bbox 2263 3733 2275 3768; x_wconf 87' lang='lat'><strong>:</strong></span> <span class='ocrx_word' id='word_1_500' title='bbox 2311 3714 2527 3768; x_wconf 91' lang='lat' dir='ltr'><strong>Revera</strong></span> <span class='ocrx_word' id='word_1_501' title='bbox 2554 3713 2686 3768; x_wconf 90' lang='lat' dir='ltr'><strong>salit</strong></span> <span class='ocrx_word' id='word_1_502' title='bbox 2714 3713 2859 3768; x_wconf 90' lang='lat' dir='ltr'><strong>sicut</strong></span> <span class='ocrx_word' id='word_1_503' title='bbox 2885 3719 3062 3770; x_wconf 89' lang='lat' dir='ltr'><strong>catus.</strong></span> <span class='ocrx_word' id='word_1_504' title='bbox 3097 3717 3408 3787; x_wconf 89' lang='lat' dir='ltr'><strong>Respondit</strong></span> <span class='ocrx_word' id='word_1_505' title='bbox 3435 3719 3544 3774; x_wconf 68' lang='lat' dir='ltr'><strong>dae-</strong></span> 
     </span>
    </p>
   </div>
   <div class='ocr_carea' id='block_1_69' title="bbox 258 3801 3538 3873">
    <p class='ocr_par' dir='ltr' id='par_1_69' title="bbox 258 3801 3538 3873">
     <span class='ocr_line' id='line_1_70' title="bbox 258 3801 3538 3873; baseline 0.001 -16"><span class='ocrx_word' id='word_1_506' title='bbox 258 3801 360 3857; x_wconf 85' lang='lat' dir='ltr'><strong>bns</strong></span> <span class='ocrx_word' id='word_1_507' title='bbox 388 3821 488 3858; x_wconf 81' lang='lat' dir='ltr'><strong>rex</strong></span> <span class='ocrx_word' id='word_1_508' title='bbox 516 3810 820 3858; x_wconf 90' lang='lat' dir='ltr'><strong>coronatus</strong></span> <span class='ocrx_word' id='word_1_509' title='bbox 847 3802 1064 3857; x_wconf 91' lang='lat' dir='ltr'><strong>solebat</strong></span> <span class='ocrx_word' id='word_1_510' title='bbox 1086 3808 1279 3858; x_wconf 89' lang='lat' dir='ltr'><strong>tenere</strong></span> <span class='ocrx_word' id='word_1_511' title='bbox 1309 3807 1542 3873; x_wconf 89' lang='lat' dir='ltr'><strong>curiam,</strong></span> <span class='ocrx_word' id='word_1_512' title='bbox 1576 3808 1667 3862; x_wconf 91' lang='lat' dir='ltr'><strong>die</strong></span> <span class='ocrx_word' id='word_1_513' title='bbox 1701 3809 1854 3864; x_wconf 89' lang='lat' dir='ltr'><strong>festi-</strong></span> <span class='ocrx_word' id='word_1_514' title='bbox 1939 3821 2068 3859; x_wconf 91' lang='lat' dir='ltr'><strong>mon</strong></span> <span class='ocrx_word' id='word_1_515' title='bbox 2094 3823 2106 3857; x_wconf 90' lang='lat'>:</span> <span class='ocrx_word' id='word_1_516' title='bbox 2140 3805 2265 3858; x_wconf 90' lang='lat' dir='ltr'><strong>Non</strong></span> <span class='ocrx_word' id='word_1_517' title='bbox 2293 3808 2360 3857; x_wconf 92' lang='lat' dir='ltr'><strong>ut</strong></span> <span class='ocrx_word' id='word_1_518' title='bbox 2385 3806 2562 3870; x_wconf 86' lang='lat' dir='ltr'><strong>catus,</strong></span> <span class='ocrx_word' id='word_1_519' title='bbox 2595 3803 2695 3856; x_wconf 89' lang='lat' dir='ltr'><strong>sed</strong></span> <span class='ocrx_word' id='word_1_520' title='bbox 2719 3808 2784 3857; x_wconf 92' lang='lat' dir='ltr'><strong>ut</strong></span> <span class='ocrx_word' id='word_1_521' title='bbox 2803 3804 3047 3861; x_wconf 88' lang='lat' dir='ltr'><strong>catulus.</strong></span> <span class='ocrx_word' id='word_1_522' title='bbox 3082 3805 3316 3860; x_wconf 80' lang='lat' dir='ltr'><strong>Dicebat</strong></span> <span class='ocrx_word' id='word_1_523' title='bbox 3345 3813 3538 3863; x_wconf 90' lang='lat' dir='ltr'><strong>autem</strong></span> 
     </span>
    </p>
   </div>
   <div class='ocr_carea' id='block_1_70' title="bbox 257 3891 3538 3968">
    <p class='ocr_par' dir='ltr' id='par_1_70' title="bbox 257 3891 3538 3968">
     <span class='ocr_line' id='line_1_71' title="bbox 257 3891 3538 3968; baseline 0.002 -24"><span class='ocrx_word' id='word_1_524' title='bbox 257 3893 442 3947; x_wconf 74' lang='lat' dir='ltr'><strong>vitatis</strong></span> <span class='ocrx_word' id='word_1_525' title='bbox 473 3910 600 3948; x_wconf 90' lang='lat' dir='ltr'><strong>cum</strong></span> <span class='ocrx_word' id='word_1_526' title='bbox 629 3909 726 3946; x_wconf 81' lang='lat' dir='ltr'><strong>rex</strong></span> <span class='ocrx_word' id='word_1_527' title='bbox 770 3892 1089 3946; x_wconf 87' lang='lat' dir='ltr'><strong>diademate</strong></span> <span class='ocrx_word' id='word_1_528' title='bbox 1119 3898 1176 3947; x_wconf 91' lang='lat' dir='ltr'><strong>et</strong></span> <span class='ocrx_word' id='word_1_529' title='bbox 1202 3893 1547 3950; x_wconf 89' lang='lat' dir='ltr'><strong>indumentis</strong></span> <span class='ocrx_word' id='word_1_530' title='bbox 1575 3898 1857 3968; x_wconf 87' lang='lat' dir='ltr'><strong>regalibus</strong></span> <span class='ocrx_word' id='word_1_531' title='bbox 1938 3895 2007 3948; x_wconf 90' lang='lat' dir='ltr'><strong>de</strong></span> <span class='ocrx_word' id='word_1_532' title='bbox 2037 3892 2372 3965; x_wconf 88' lang='lat' dir='ltr'><strong>quibusdam</strong></span> <span class='ocrx_word' id='word_1_533' title='bbox 2401 3891 2657 3961; x_wconf 83' lang='lat' dir='ltr'><strong>ejusdem</strong></span> <span class='ocrx_word' id='word_1_534' title='bbox 2700 3892 2807 3946; x_wconf 90' lang='lat' dir='ltr'><strong>loci</strong></span> <span class='ocrx_word' id='word_1_535' title='bbox 2836 3891 3104 3948; x_wconf 86' lang='lat' dir='ltr'><strong>fratribus</strong></span> <span class='ocrx_word' id='word_1_536' title='bbox 3142 3895 3399 3964; x_wconf 61' lang='lat' dir='ltr'><strong>quaedam</strong></span> <span class='ocrx_word' id='word_1_537' title='bbox 3437 3913 3538 3952; x_wconf 92' lang='lat' dir='ltr'><strong>ne-</strong></span> 
     </span>
    </p>
   </div>
   <div class='ocr_carea' id='block_1_71' title="bbox 255 3980 3531 4058">
    <p class='ocr_par' dir='ltr' id='par_1_71' title="bbox 255 3980 3531 4058">
     <span class='ocr_line' id='line_1_72' title="bbox 255 3980 3531 4058; baseline 0.002 -22"><span class='ocrx_word' id='word_1_538' title='bbox 255 3989 489 4037; x_wconf 88' lang='lat' dir='ltr'><strong>ornatus</strong></span> <span class='ocrx_word' id='word_1_539' title='bbox 534 3983 760 4036; x_wconf 86' lang='lat' dir='ltr'><strong>sederet</strong></span> <span class='ocrx_word' id='word_1_540' title='bbox 805 3981 876 4034; x_wconf 90' lang='lat' dir='ltr'><strong>ad</strong></span> <span class='ocrx_word' id='word_1_541' title='bbox 921 3998 1196 4047; x_wconf 89' lang='lat' dir='ltr'><strong>mensam,</strong></span> <span class='ocrx_word' id='word_1_542' title='bbox 1230 3988 1286 4037; x_wconf 89' lang='lat' dir='ltr'><strong>et</strong></span> <span class='ocrx_word' id='word_1_543' title='bbox 1328 3984 1672 4042; x_wconf 87' lang='lat' dir='ltr'><strong>Lanfrancus</strong></span> <span class='ocrx_word' id='word_1_544' title='bbox 1694 3989 1856 4058; x_wconf 87' lang='lat' dir='ltr'><strong>juxta</strong></span> <span class='ocrx_word' id='word_1_545' title='bbox 1936 3982 2123 4037; x_wconf 82' lang='lat' dir='ltr'><strong>fanda.</strong></span> <span class='ocrx_word' id='word_1_546' title='bbox 2175 3983 2331 4036; x_wconf 85' lang='lat' dir='ltr'><strong>Tunc</strong></span> <span class='ocrx_word' id='word_1_547' title='bbox 2377 3980 2811 4035; x_wconf 84' lang='lat' dir='ltr'><strong>nominaverunt</strong></span> <span class='ocrx_word' id='word_1_548' title='bbox 2865 3983 3188 4053; x_wconf 89' lang='lat' dir='ltr'><strong>quemdam,</strong></span> <span class='ocrx_word' id='word_1_549' title='bbox 3235 3984 3531 4042; x_wconf 89' lang='lat' dir='ltr'><strong>dicentes:</strong></span> 
     </span>
    </p>
   </div>
   <div class='ocr_carea' id='block_1_72' title="bbox 255 4069 3536 4147">
    <p class='ocr_par' dir='ltr' id='par_1_72' title="bbox 255 4069 3536 4147">
     <span class='ocr_line' id='line_1_73' title="bbox 255 4069 3536 4147; baseline 0.001 -21"><span class='ocrx_word' id='word_1_550' title='bbox 255 4089 401 4136; x_wconf 85' lang='lat' dir='ltr'><strong>eum,</strong></span> <span class='ocrx_word' id='word_1_551' title='bbox 435 4072 667 4144; x_wconf 89' lang='lat' dir='ltr'><strong>quidam</strong></span> <span class='ocrx_word' id='word_1_552' title='bbox 712 4087 902 4125; x_wconf 83' lang='lat' dir='ltr'><strong>scurra</strong></span> <span class='ocrx_word' id='word_1_553' title='bbox 928 4071 1122 4126; x_wconf 84' lang='lat' dir='ltr'><strong>videns</strong></span> <span class='ocrx_word' id='word_1_554' title='bbox 1148 4088 1338 4143; x_wconf 88' lang='lat' dir='ltr'><strong>regem</strong></span> <span class='ocrx_word' id='word_1_555' title='bbox 1366 4090 1502 4129; x_wconf 89' lang='lat' dir='ltr'><strong>auro</strong></span> <span class='ocrx_word' id='word_1_556' title='bbox 1533 4081 1590 4130; x_wconf 87' lang='lat' dir='ltr'><strong>et</strong></span> <span class='ocrx_word' id='word_1_557' title='bbox 1615 4079 1854 4147; x_wconf 90' lang='lat' dir='ltr'><strong>gemmis</strong></span> <span class='ocrx_word' id='word_1_558' title='bbox 1938 4071 2214 4136; x_wconf 85' lang='lat' dir='ltr'><strong>Quoniam</strong></span> <span class='ocrx_word' id='word_1_559' title='bbox 2244 4070 2312 4124; x_wconf 92' lang='lat' dir='ltr'><strong>de</strong></span> <span class='ocrx_word' id='word_1_560' title='bbox 2341 4069 2436 4124; x_wconf 93' lang='lat' dir='ltr'><strong>illo</strong></span> <span class='ocrx_word' id='word_1_561' title='bbox 2483 4085 2597 4123; x_wconf 92' lang='lat' dir='ltr'><strong>non</strong></span> <span class='ocrx_word' id='word_1_562' title='bbox 2640 4069 2873 4124; x_wconf 86' lang='lat' dir='ltr'><strong>haberet</strong></span> <span class='ocrx_word' id='word_1_563' title='bbox 2918 4071 3052 4141; x_wconf 90' lang='lat' dir='ltr'><strong>quid</strong></span> <span class='ocrx_word' id='word_1_564' title='bbox 3081 4071 3308 4127; x_wconf 90' lang='lat' dir='ltr'><strong>diceret.</strong></span> <span class='ocrx_word' id='word_1_565' title='bbox 3343 4079 3418 4128; x_wconf 86' lang='lat' dir='ltr'><strong>At</strong></span> <span class='ocrx_word' id='word_1_566' title='bbox 3441 4075 3536 4130; x_wconf 92' lang='lat' dir='ltr'><strong>ille</strong></span> 
     </span>
    </p>
   </div>
   <div class='ocr_carea' id='block_1_73' title="bbox 254 4159 3536 4232">
    <p class='ocr_par' dir='ltr' id='par_1_73' title="bbox 254 4159 3536 4232">
     <span class='ocr_line' id='line_1_74' title="bbox 254 4159 3536 4232; baseline 0.003 -18"><span class='ocrx_word' id='word_1_567' title='bbox 254 4161 586 4225; x_wconf 77' lang='lat' dir='ltr'><strong>radiantem,</strong></span> <span class='ocrx_word' id='word_1_568' title='bbox 619 4159 949 4214; x_wconf 79' lang='lat' dir='ltr'><strong>exclamavit</strong></span> <span class='ocrx_word' id='word_1_569' title='bbox 976 4159 1035 4213; x_wconf 93' lang='lat' dir='ltr'><strong>in</strong></span> <span class='ocrx_word' id='word_1_570' title='bbox 1080 4161 1228 4223; x_wconf 88' lang='lat' dir='ltr'><strong>aula,</strong></span> <span class='ocrx_word' id='word_1_571' title='bbox 1261 4177 1469 4232; x_wconf 81' lang='lat' dir='ltr'><strong>magna</strong></span> <span class='ocrx_word' id='word_1_572' title='bbox 1509 4165 1850 4222; x_wconf 81' lang='lat' dir='ltr'><strong>adulationis</strong></span> <span class='ocrx_word' id='word_1_573' title='bbox 1936 4161 2103 4232; x_wconf 83' lang='lat' dir='ltr'><strong>coepit</strong></span> <span class='ocrx_word' id='word_1_574' title='bbox 2135 4161 2417 4214; x_wconf 85' lang='lat' dir='ltr'><strong>afﬁrmare</strong></span> <span class='ocrx_word' id='word_1_575' title='bbox 2447 4159 2581 4228; x_wconf 83' lang='lat' dir='ltr'><strong>quia</strong></span> <span class='ocrx_word' id='word_1_576' title='bbox 2631 4175 2919 4229; x_wconf 85' lang='lat' dir='ltr'><strong>nunquam</strong></span> <span class='ocrx_word' id='word_1_577' title='bbox 2950 4160 3045 4213; x_wconf 87' lang='lat' dir='ltr'><strong>ille</strong></span> <span class='ocrx_word' id='word_1_578' title='bbox 3075 4177 3241 4230; x_wconf 87' lang='lat' dir='ltr'><strong>quem</strong></span> <span class='ocrx_word' id='word_1_579' title='bbox 3278 4161 3536 4219; x_wconf 84' lang='lat' dir='ltr'><strong>dixerant</strong></span> 
     </span>
    </p>
   </div>
   <div class='ocr_carea' id='block_1_74' title="bbox 255 4247 3530 4319">
    <p class='ocr_par' dir='ltr' id='par_1_74' title="bbox 255 4247 3530 4319">
     <span class='ocr_line' id='line_1_75' title="bbox 255 4247 3530 4319; baseline 0.001 -15"><span class='ocrx_word' id='word_1_580' title='bbox 255 4265 398 4314; x_wconf 75' lang='lat' dir='ltr'><strong>voce,</strong></span> <span class='ocrx_word' id='word_1_581' title='bbox 425 4257 486 4304; x_wconf 88' lang='lat' dir='ltr'><strong>et</strong></span> <span class='ocrx_word' id='word_1_582' title='bbox 511 4250 691 4303; x_wconf 85' lang='lat' dir='ltr'><strong>dixit:</strong></span> <span class='ocrx_word' id='word_1_583' title='bbox 733 4249 869 4302; x_wconf 89' lang='lat' dir='ltr'><strong>Ecce</strong></span> <span class='ocrx_word' id='word_1_584' title='bbox 900 4249 1076 4303; x_wconf 89' lang='lat' dir='ltr'><strong>Deum</strong></span> <span class='ocrx_word' id='word_1_585' title='bbox 1105 4249 1282 4317; x_wconf 92' lang='lat' dir='ltr'><strong>video,</strong></span> <span class='ocrx_word' id='word_1_586' title='bbox 1310 4267 1434 4306; x_wconf 91' lang='lat' dir='ltr'><strong>ecce</strong></span> <span class='ocrx_word' id='word_1_587' title='bbox 1463 4253 1642 4308; x_wconf 90' lang='lat' dir='ltr'><strong>Deum</strong></span> <span class='ocrx_word' id='word_1_588' title='bbox 1666 4256 1844 4311; x_wconf 90' lang='lat' dir='ltr'><strong>video.</strong></span> <span class='ocrx_word' id='word_1_589' title='bbox 1869 4289 1914 4319; x_wconf 71' lang='grc' dir='ltr'>η</span> <span class='ocrx_word' id='word_1_590' title='bbox 1932 4251 2156 4305; x_wconf 88' lang='lat' dir='ltr'><strong>auderit</strong></span> <span class='ocrx_word' id='word_1_591' title='bbox 2179 4249 2239 4303; x_wconf 91' lang='lat' dir='ltr'><strong>in</strong></span> <span class='ocrx_word' id='word_1_592' title='bbox 2267 4247 2622 4319; x_wconf 76' lang='lat' dir='ltr'><strong>praesentiam</strong></span> <span class='ocrx_word' id='word_1_593' title='bbox 2654 4254 2771 4314; x_wconf 72' lang='lat'><strong>[5</strong></span> <span class='ocrx_word' id='word_1_594' title='bbox 2796 4263 2958 4301; x_wconf 88' lang='lat' dir='ltr'><strong>suam</strong></span> <span class='ocrx_word' id='word_1_595' title='bbox 2982 4247 3191 4302; x_wconf 90' lang='lat' dir='ltr'><strong>venire.</strong></span> <span class='ocrx_word' id='word_1_596' title='bbox 3223 4250 3382 4313; x_wconf 88' lang='lat' dir='ltr'><strong>Quod</strong></span> <span class='ocrx_word' id='word_1_597' title='bbox 3403 4267 3530 4309; x_wconf 91' lang='lat' dir='ltr'><strong>cum</strong></span> 
     </span>
    </p>
   </div>
   <div class='ocr_carea' id='block_1_75' title="bbox 253 4335 3528 4412">
    <p class='ocr_par' dir='ltr' id='par_1_75' title="bbox 253 4335 3528 4412">
     <span class='ocr_line' id='line_1_76' title="bbox 253 4335 3528 4412; baseline 0.001 -20"><span class='ocrx_word' id='word_1_598' title='bbox 253 4338 594 4394; x_wconf 85' lang='lat' dir='ltr'><strong>Lanfrancus</strong></span> <span class='ocrx_word' id='word_1_599' title='bbox 621 4354 922 4392; x_wconf 87' lang='lat' dir='ltr'><strong>conversus</strong></span> <span class='ocrx_word' id='word_1_600' title='bbox 957 4338 1027 4391; x_wconf 90' lang='lat' dir='ltr'><strong>ad</strong></span> <span class='ocrx_word' id='word_1_601' title='bbox 1071 4355 1281 4409; x_wconf 82' lang='lat' dir='ltr'><strong>regem,</strong></span> <span class='ocrx_word' id='word_1_602' title='bbox 1323 4341 1404 4396; x_wconf 90' lang='lat' dir='ltr'><strong>ait</strong></span> <span class='ocrx_word' id='word_1_603' title='bbox 1436 4359 1446 4394; x_wconf 97' lang='lat'>:</span> <span class='ocrx_word' id='word_1_604' title='bbox 1498 4343 1682 4399; x_wconf 86' lang='lat' dir='ltr'><strong>Nolite</strong></span> <span class='ocrx_word' id='word_1_605' title='bbox 1711 4347 1847 4401; x_wconf 80' lang='lat' dir='ltr'><strong>talia</strong></span> <span class='ocrx_word' id='word_1_606' title='bbox 1867 4335 1911 4348; x_wconf 67' lang='lat'><strong><em>&quot;</em></strong></span> <span class='ocrx_word' id='word_1_607' title='bbox 1929 4341 2105 4394; x_wconf 88' lang='lat' dir='ltr'><strong>frater</strong></span> <span class='ocrx_word' id='word_1_608' title='bbox 2133 4338 2398 4400; x_wconf 88' lang='lat' dir='ltr'><strong>audisset,</strong></span> <span class='ocrx_word' id='word_1_609' title='bbox 2444 4335 2637 4389; x_wconf 86' lang='lat' dir='ltr'><strong>timuit</strong></span> <span class='ocrx_word' id='word_1_610' title='bbox 2679 4353 2750 4391; x_wconf 91' lang='lat' dir='ltr'><strong>ne</strong></span> <span class='ocrx_word' id='word_1_611' title='bbox 2778 4337 2922 4390; x_wconf 88' lang='lat' dir='ltr'><strong>forte</strong></span> <span class='ocrx_word' id='word_1_612' title='bbox 2949 4336 3164 4407; x_wconf 85' lang='lat' dir='ltr'><strong>aliquid</strong></span> <span class='ocrx_word' id='word_1_613' title='bbox 3193 4337 3298 4393; x_wconf 90' lang='lat' dir='ltr'><strong>sibi</strong></span> <span class='ocrx_word' id='word_1_614' title='bbox 3326 4356 3528 4412; x_wconf 86' lang='lat' dir='ltr'><strong>perpe-</strong></span> 
     </span>
    </p>
   </div>
   <div class='ocr_carea' id='block_1_76' title="bbox 251 4425 3528 4500">
    <p class='ocr_par' dir='ltr' id='par_1_76' title="bbox 251 4425 3528 4500">
     <span class='ocr_line' id='line_1_77' title="bbox 251 4425 3528 4500; baseline 0.001 -18"><span class='ocrx_word' id='word_1_615' title='bbox 251 4428 363 4497; x_wconf 82' lang='lat' dir='ltr'><strong>pati</strong></span> <span class='ocrx_word' id='word_1_616' title='bbox 391 4427 611 4499; x_wconf 86' lang='lat' dir='ltr'><strong>imponi</strong></span> <span class='ocrx_word' id='word_1_617' title='bbox 640 4425 824 4492; x_wconf 86' lang='lat' dir='ltr'><strong>vobis;</strong></span> <span class='ocrx_word' id='word_1_618' title='bbox 860 4443 970 4480; x_wconf 91' lang='lat' dir='ltr'><strong>non</strong></span> <span class='ocrx_word' id='word_1_619' title='bbox 1000 4433 1134 4481; x_wconf 88' lang='lat' dir='ltr'><strong>sunt</strong></span> <span class='ocrx_word' id='word_1_620' title='bbox 1158 4428 1274 4483; x_wconf 79' lang='lat' dir='ltr'><strong>haec</strong></span> <span class='ocrx_word' id='word_1_621' title='bbox 1301 4429 1562 4497; x_wconf 89' lang='lat' dir='ltr'><strong>hominis,</strong></span> <span class='ocrx_word' id='word_1_622' title='bbox 1593 4434 1689 4487; x_wconf 83' lang='lat' dir='ltr'><strong>sed</strong></span> <span class='ocrx_word' id='word_1_623' title='bbox 1722 4435 1842 4500; x_wconf 90' lang='lat' dir='ltr'><strong>Dei;</strong></span> <span class='ocrx_word' id='word_1_624' title='bbox 1928 4446 2049 4484; x_wconf 89' lang='lat' dir='ltr'><strong>ram</strong></span> <span class='ocrx_word' id='word_1_625' title='bbox 2091 4433 2314 4500; x_wconf 86' lang='lat' dir='ltr'><strong>gestum</strong></span> <span class='ocrx_word' id='word_1_626' title='bbox 2355 4425 2783 4495; x_wconf 86' lang='lat' dir='ltr'><strong>imprOperaret.</strong></span> <span class='ocrx_word' id='word_1_627' title='bbox 2814 4427 2971 4481; x_wconf 90' lang='lat' dir='ltr'><strong>Tunc</strong></span> <span class='ocrx_word' id='word_1_628' title='bbox 3012 4427 3295 4497; x_wconf 89' lang='lat' dir='ltr'><strong>sapientes</strong></span> <span class='ocrx_word' id='word_1_629' title='bbox 3323 4429 3528 4486; x_wconf 91' lang='lat' dir='ltr'><strong>fratres</strong></span> 
     </span>
    </p>
   </div>
   <div class='ocr_carea' id='block_1_77' title="bbox 243 4514 3523 4592">
    <p class='ocr_par' dir='ltr' id='par_1_77' title="bbox 243 4514 3523 4592">
     <span class='ocr_line' id='line_1_78' title="bbox 243 4514 3523 4592; baseline 0.001 -20"><span class='ocrx_word' id='word_1_630' title='bbox 243 4516 432 4585; x_wconf 74' lang='lat' dir='ltr'><strong>iubete</strong></span> <span class='ocrx_word' id='word_1_631' title='bbox 456 4517 617 4572; x_wconf 90' lang='lat' dir='ltr'><strong>illum</strong></span> <span class='ocrx_word' id='word_1_632' title='bbox 638 4516 845 4569; x_wconf 90' lang='lat' dir='ltr'><strong>acriter</strong></span> <span class='ocrx_word' id='word_1_633' title='bbox 862 4516 1166 4582; x_wconf 88' lang='lat' dir='ltr'><strong>verberari,</strong></span> <span class='ocrx_word' id='word_1_634' title='bbox 1186 4533 1257 4572; x_wconf 92' lang='lat' dir='ltr'><strong>ne</strong></span> <span class='ocrx_word' id='word_1_635' title='bbox 1275 4519 1480 4574; x_wconf 85' lang='lat' dir='ltr'><strong>audeat</strong></span> <span class='ocrx_word' id='word_1_636' title='bbox 1497 4537 1744 4592; x_wconf 87' lang='lat' dir='ltr'><strong>unquam</strong></span> <span class='ocrx_word' id='word_1_637' title='bbox 1765 4530 1846 4579; x_wconf 75' lang='lat' dir='ltr'><strong>ta.</strong></span> <span class='ocrx_word' id='word_1_638' title='bbox 1926 4519 2204 4573; x_wconf 89' lang='lat' dir='ltr'><strong>dederunt</strong></span> <span class='ocrx_word' id='word_1_639' title='bbox 2224 4517 2538 4585; x_wconf 91' lang='lat' dir='ltr'><strong>consilium,</strong></span> <span class='ocrx_word' id='word_1_640' title='bbox 2562 4523 2644 4584; x_wconf 93' lang='lat' dir='ltr'><strong>ut,</strong></span> <span class='ocrx_word' id='word_1_641' title='bbox 2668 4533 2797 4571; x_wconf 91' lang='lat' dir='ltr'><strong>cum</strong></span> <span class='ocrx_word' id='word_1_642' title='bbox 2824 4514 3243 4589; x_wconf 86' lang='lat' dir='ltr'><strong>archiepiscOpo</strong></span> <span class='ocrx_word' id='word_1_643' title='bbox 3267 4517 3523 4591; x_wconf 88' lang='lat' dir='ltr'><strong>loquens,</strong></span> 
     </span>
    </p>
   </div>
   <div class='ocr_carea' id='block_1_78' title="bbox 245 4603 3524 4680">
    <p class='ocr_par' dir='ltr' id='par_1_78' title="bbox 245 4603 3524 4680">
     <span class='ocr_line' id='line_1_79' title="bbox 245 4603 3524 4680; baseline 0.002 -21"><span class='ocrx_word' id='word_1_644' title='bbox 245 4603 319 4659; x_wconf 82' lang='lat' dir='ltr'><strong>lia</strong></span> <span class='ocrx_word' id='word_1_645' title='bbox 346 4605 574 4659; x_wconf 84' lang='lat' dir='ltr'><strong>iterare.</strong></span> <span class='ocrx_word' id='word_1_646' title='bbox 593 4604 756 4669; x_wconf 88' lang='lat' dir='ltr'><strong>Quod</strong></span> <span class='ocrx_word' id='word_1_647' title='bbox 775 4619 871 4657; x_wconf 85' lang='lat' dir='ltr'><strong>rex</strong></span> <span class='ocrx_word' id='word_1_648' title='bbox 897 4605 1057 4675; x_wconf 81' lang='lat' dir='ltr'><strong>juxta</strong></span> <span class='ocrx_word' id='word_1_649' title='bbox 1077 4603 1304 4660; x_wconf 91' lang='lat' dir='ltr'><strong>verbum</strong></span> <span class='ocrx_word' id='word_1_650' title='bbox 1333 4606 1485 4662; x_wconf 90' lang='lat' dir='ltr'><strong>illius</strong></span> <span class='ocrx_word' id='word_1_651' title='bbox 1504 4609 1627 4663; x_wconf 85' lang='lat' dir='ltr'><strong>ﬁeri</strong></span> <span class='ocrx_word' id='word_1_652' title='bbox 1649 4611 1838 4680; x_wconf 87' lang='lat' dir='ltr'><strong>jussit.</strong></span> <span class='ocrx_word' id='word_1_653' title='bbox 1925 4623 2125 4679; x_wconf 89' lang='lat' dir='ltr'><strong>puram</strong></span> <span class='ocrx_word' id='word_1_654' title='bbox 2179 4606 2585 4662; x_wconf 85' lang='lat' dir='ltr'><strong>confessionem</strong></span> <span class='ocrx_word' id='word_1_655' title='bbox 2640 4605 2868 4671; x_wconf 86' lang='lat' dir='ltr'><strong>faceret,</strong></span> <span class='ocrx_word' id='word_1_656' title='bbox 2914 4605 3169 4661; x_wconf 91' lang='lat' dir='ltr'><strong>revelans</strong></span> <span class='ocrx_word' id='word_1_657' title='bbox 3215 4605 3298 4660; x_wconf 90' lang='lat' dir='ltr'>illi</span> <span class='ocrx_word' id='word_1_658' title='bbox 3343 4611 3524 4664; x_wconf 88' lang='lat' dir='ltr'><strong>totam</strong></span> 
     </span>
    </p>
   </div>
   <div class='ocr_carea' id='block_1_79' title="bbox 1922 4749 3520 4819">
    <p class='ocr_par' dir='ltr' id='par_1_79' title="bbox 1922 4749 3520 4819">
     <span class='ocr_line' id='line_1_80' title="bbox 1922 4749 3520 4819; baseline 0.001 -15"><span class='ocrx_word' id='word_1_659' title='bbox 1922 4749 2127 4804; x_wconf 87' lang='lat' dir='ltr'><strong>habet:</strong></span> <span class='ocrx_word' id='word_1_660' title='bbox 2155 4751 2391 4805; x_wconf 77' lang='lat' dir='ltr'><strong>Habebat</strong></span> <span class='ocrx_word' id='word_1_661' title='bbox 2421 4750 2700 4819; x_wconf 85' lang='lat' dir='ltr'><strong>quondam</strong></span> <span class='ocrx_word' id='word_1_662' title='bbox 2723 4749 3143 4805; x_wconf 79' lang='lat' dir='ltr'><strong>Cantuariensis</strong></span> <span class='ocrx_word' id='word_1_663' title='bbox 3162 4749 3520 4819; x_wconf 80' lang='lat' dir='ltr'><strong>archiepisco-</strong></span> 
     </span>
    </p>
   </div>
   <div class='ocr_carea' id='block_1_80' title="bbox 1917 4821 3523 4892">
    <p class='ocr_par' dir='ltr' id='par_1_80' title="bbox 1917 4821 3523 4892">
     <span class='ocr_line' id='line_1_81' title="bbox 1917 4821 3523 4892; baseline 0.002 -17"><span class='ocrx_word' id='word_1_664' title='bbox 1917 4839 2022 4892; x_wconf 81' lang='lat' dir='ltr'><strong>pus</strong></span> <span class='ocrx_word' id='word_1_665' title='bbox 2053 4825 2451 4890; x_wconf 81' lang='lat' dir='ltr'><strong>corepiscopum</strong></span> <span class='ocrx_word' id='word_1_666' title='bbox 2491 4822 2802 4889; x_wconf 86' lang='lat' dir='ltr'><strong>quemdam,</strong></span> <span class='ocrx_word' id='word_1_667' title='bbox 2843 4823 2942 4892; x_wconf 84' lang='lat' dir='ltr'><strong>qui</strong></span> <span class='ocrx_word' id='word_1_668' title='bbox 2969 4822 3034 4873; x_wconf 86' lang='lat' dir='ltr'><strong>in</strong></span> <span class='ocrx_word' id='word_1_669' title='bbox 3062 4821 3284 4874; x_wconf 79' lang='lat' dir='ltr'><strong>ecclesia</strong></span> <span class='ocrx_word' id='word_1_670' title='bbox 3326 4821 3523 4878; x_wconf 82' lang='lat' dir='ltr'><strong>Sancti</strong></span> 
     </span>
    </p>
   </div>
   <div class='ocr_carea' id='block_1_81' title="bbox 1922 4891 3520 4960">
    <p class='ocr_par' dir='ltr' id='par_1_81' title="bbox 1922 4891 3520 4960">
     <span class='ocr_line' id='line_1_82' title="bbox 1922 4891 3520 4960; baseline 0.001 -12"><span class='ocrx_word' id='word_1_671' title='bbox 1922 4891 2161 4948; x_wconf 76' lang='lat' dir='ltr'><strong>Martini</strong></span> <span class='ocrx_word' id='word_1_672' title='bbox 2177 4897 2332 4946; x_wconf 63' lang='lat' dir='ltr'><strong>extra</strong></span> <span class='ocrx_word' id='word_1_673' title='bbox 2363 4893 2732 4947; x_wconf 81' lang='lat' dir='ltr'><strong>Cantuariam</strong></span> <span class='ocrx_word' id='word_1_674' title='bbox 2759 4891 3046 4954; x_wconf 84' lang='lat' dir='ltr'><strong>manebat;</strong></span> <span class='ocrx_word' id='word_1_675' title='bbox 3080 4895 3178 4960; x_wconf 82' lang='lat' dir='ltr'><strong>qui</strong></span> <span class='ocrx_word' id='word_1_676' title='bbox 3201 4894 3520 4950; x_wconf 72' lang='lat' dir='ltr'><strong>adveniente</strong></span> 
     </span>
    </p>
   </div>
   <div class='ocr_carea' id='block_1_82' title="bbox 1916 4963 3518 5032">
    <p class='ocr_par' dir='ltr' id='par_1_82' title="bbox 1916 4963 3518 5032">
     <span class='ocr_line' id='line_1_83' title="bbox 1916 4963 3518 5032; baseline 0.001 -13"><span class='ocrx_word' id='word_1_677' title='bbox 1916 4966 2232 5031; x_wconf 78' lang='lat' dir='ltr'><strong>Lanfranco</strong></span> <span class='ocrx_word' id='word_1_678' title='bbox 2253 4966 2456 5018; x_wconf 81' lang='lat' dir='ltr'><strong>deletus</strong></span> <span class='ocrx_word' id='word_1_679' title='bbox 2486 4968 2581 5032; x_wconf 80' lang='lat' dir='ltr'><strong>est,</strong></span> <span class='ocrx_word' id='word_1_680' title='bbox 2602 4967 2743 5017; x_wconf 84' lang='lat' dir='ltr'><strong>sicut</strong></span> <span class='ocrx_word' id='word_1_681' title='bbox 2763 4963 2967 5029; x_wconf 82' lang='lat' dir='ltr'><strong>ubique</strong></span> <span class='ocrx_word' id='word_1_682' title='bbox 2995 4968 3281 5018; x_wconf 75' lang='lat' dir='ltr'><strong>terrarum</strong></span> <span class='ocrx_word' id='word_1_683' title='bbox 3304 4966 3518 5031; x_wconf 83' lang='lat' dir='ltr'><strong>factum</strong></span> 
     </span>
    </p>
   </div>
   <div class='ocr_carea' id='block_1_83' title="bbox 1917 5032 3516 5108">
    <p class='ocr_par' dir='ltr' id='par_1_83' title="bbox 1917 5032 3516 5108">
     <span class='ocr_line' id='line_1_84' title="bbox 1917 5032 3516 5108; baseline 0.002 -19"><span class='ocrx_word' id='word_1_684' title='bbox 1917 5052 2022 5090; x_wconf 84' lang='lat' dir='ltr'><strong>esse</strong></span> <span class='ocrx_word' id='word_1_685' title='bbox 2049 5037 2401 5108; x_wconf 64' lang='lat' dir='ltr'><strong>audivimus.</strong></span> <span class='ocrx_word' id='word_1_686' title='bbox 2443 5034 2564 5098; x_wconf 93' lang='lat' dir='ltr'><strong>Quo</strong></span> <span class='ocrx_word' id='word_1_687' title='bbox 2594 5051 2659 5088; x_wconf 90' lang='lat' dir='ltr'><strong>ex</strong></span> <span class='ocrx_word' id='word_1_688' title='bbox 2703 5033 2822 5108; x_wconf 85' lang='lat' dir='ltr'><strong>loco</strong></span> <span class='ocrx_word' id='word_1_689' title='bbox 2852 5032 3113 5088; x_wconf 85' lang='lat' dir='ltr'><strong>videntur</strong></span> <span class='ocrx_word' id='word_1_690' title='bbox 3136 5034 3516 5108; x_wconf 88' lang='lat' dir='ltr'><strong>chorepiscopi</strong></span> 
     </span>
    </p>
   </div>
   <div class='ocr_carea' id='block_1_84' title="bbox 1916 5105 3282 5177">
    <p class='ocr_par' dir='ltr' id='par_1_84' title="bbox 1916 5105 3282 5177">
     <span class='ocr_line' id='line_1_85' title="bbox 1916 5105 3282 5177; baseline 0 -17"><span class='ocrx_word' id='word_1_691' title='bbox 1916 5123 2093 5177; x_wconf 88' lang='lat' dir='ltr'><strong>usque</strong></span> <span class='ocrx_word' id='word_1_692' title='bbox 2113 5106 2183 5159; x_wconf 89' lang='lat' dir='ltr'><strong>ad</strong></span> <span class='ocrx_word' id='word_1_693' title='bbox 2209 5105 2566 5159; x_wconf 91' lang='lat' dir='ltr'><strong>undecimum</strong></span> <span class='ocrx_word' id='word_1_694' title='bbox 2587 5105 2851 5177; x_wconf 66' lang='lat' dir='ltr'><strong>saeculum</strong></span> <span class='ocrx_word' id='word_1_695' title='bbox 2876 5120 3282 5177; x_wconf 87' lang='lat' dir='ltr'><strong>perseverasse.</strong></span> 
     </span>
    </p>
   </div>
   <div class='ocr_carea' id='block_1_85' title="bbox 1986 5175 3514 5246">
    <p class='ocr_par' dir='ltr' id='par_1_85' title="bbox 1986 5175 3514 5246">
     <span class='ocr_line' id='line_1_86' title="bbox 1986 5175 3514 5246; baseline -0.001 -14"><span class='ocrx_word' id='word_1_696' title='bbox 1986 5175 2101 5246; x_wconf 62' lang='grc' dir='ltr'><strong>(Μ)</strong></span> <span class='ocrx_word' id='word_1_697' title='bbox 2142 5177 2447 5231; x_wconf 89' lang='lat' dir='ltr'><strong>Eadmerus</strong></span> <span class='ocrx_word' id='word_1_698' title='bbox 2485 5177 2581 5230; x_wconf 93' lang='lat' dir='ltr'><strong>lib.</strong></span> <span class='ocrx_word' id='word_1_699' title='bbox 2629 5191 2649 5230; x_wconf 85' lang='grc' dir='ltr'><strong>Ι</strong></span> <span class='ocrx_word' id='word_1_700' title='bbox 2696 5175 2956 5230; x_wconf 66' lang='lat' dir='ltr'><strong>Historiae</strong></span> <span class='ocrx_word' id='word_1_701' title='bbox 3003 5177 3289 5232; x_wconf 90' lang='lat' dir='ltr'><strong>Novorum</strong></span> <span class='ocrx_word' id='word_1_702' title='bbox 3338 5177 3514 5231; x_wconf 90' lang='lat' dir='ltr'><strong>fusius</strong></span> 
     </span>
    </p>
   </div>
   <div class='ocr_carea' id='block_1_86' title="bbox 1914 5247 3511 5317">
    <p class='ocr_par' dir='ltr' id='par_1_86' title="bbox 1914 5247 3511 5317">
     <span class='ocr_line' id='line_1_87' title="bbox 1914 5247 3511 5317; baseline -0.001 -15"><span class='ocrx_word' id='word_1_703' title='bbox 1914 5249 2086 5302; x_wconf 88' lang='lat' dir='ltr'><strong>refert</strong></span> <span class='ocrx_word' id='word_1_704' title='bbox 2114 5249 2440 5302; x_wconf 84' lang='lat' dir='ltr'><strong>monasterii</strong></span> <span class='ocrx_word' id='word_1_705' title='bbox 2489 5249 2544 5302; x_wconf 93' lang='lat' dir='ltr'><strong>S.</strong></span> <span class='ocrx_word' id='word_1_706' title='bbox 2578 5247 2782 5302; x_wconf 85' lang='lat' dir='ltr'><strong>Albani</strong></span> <span class='ocrx_word' id='word_1_707' title='bbox 2820 5248 3306 5313; x_wconf 84' lang='lat' dir='ltr'><strong>restaurationem,</strong></span> <span class='ocrx_word' id='word_1_708' title='bbox 3341 5264 3511 5317; x_wconf 90' lang='lat' dir='ltr'><strong>quam</strong></span> 
     </span>
    </p>
   </div>
   <div class='ocr_carea' id='block_1_87' title="bbox 1915 5318 3512 5386">
    <p class='ocr_par' dir='ltr' id='par_1_87' title="bbox 1915 5318 3512 5386">
     <span class='ocr_line' id='line_1_88' title="bbox 1915 5318 3512 5386; baseline -0.002 -12"><span class='ocrx_word' id='word_1_709' title='bbox 1915 5320 2276 5386; x_wconf 86' lang='lat' dir='ltr'><strong>Lanfrancus,</strong></span> <span class='ocrx_word' id='word_1_710' title='bbox 2308 5320 2611 5374; x_wconf 89' lang='lat' dir='ltr'><strong>constituto</strong></span> <span class='ocrx_word' id='word_1_711' title='bbox 2648 5318 2726 5373; x_wconf 89' lang='lat' dir='ltr'><strong>ibi</strong></span> <span class='ocrx_word' id='word_1_712' title='bbox 2769 5319 2943 5373; x_wconf 91' lang='lat' dir='ltr'><strong>Paulo</strong></span> <span class='ocrx_word' id='word_1_713' title='bbox 2983 5319 3202 5384; x_wconf 91' lang='lat' dir='ltr'><strong>abbate,</strong></span> <span class='ocrx_word' id='word_1_714' title='bbox 3249 5334 3512 5372; x_wconf 89' lang='lat' dir='ltr'><strong>consum-</strong></span> 
     </span>
    </p>
   </div>
   <div class='ocr_carea' id='block_1_88' title="bbox 1918 5389 3514 5458">
    <p class='ocr_par' dir='ltr' id='par_1_88' title="bbox 1918 5389 3514 5458">
     <span class='ocr_line' id='line_1_89' title="bbox 1918 5389 3514 5458; baseline -0.001 -12"><span class='ocrx_word' id='word_1_715' title='bbox 1918 5392 2110 5446; x_wconf 87' lang='lat' dir='ltr'><strong>mavit.</strong></span> <span class='ocrx_word' id='word_1_716' title='bbox 2143 5391 2418 5446; x_wconf 70' lang='lat' dir='ltr'><strong>Caeterum</strong></span> <span class='ocrx_word' id='word_1_717' title='bbox 2458 5391 2528 5445; x_wconf 89' lang='lat' dir='ltr'><strong>ad</strong></span> <span class='ocrx_word' id='word_1_718' title='bbox 2580 5391 2728 5444; x_wconf 89' lang='lat' dir='ltr'><strong>hunc</strong></span> <span class='ocrx_word' id='word_1_719' title='bbox 2754 5391 2990 5445; x_wconf 89' lang='lat' dir='ltr'><strong>Paulum</strong></span> <span class='ocrx_word' id='word_1_720' title='bbox 3039 5389 3260 5458; x_wconf 90' lang='lat' dir='ltr'><strong>scripsit</strong></span> <span class='ocrx_word' id='word_1_721' title='bbox 3297 5389 3354 5443; x_wconf 91' lang='lat' dir='ltr'><strong>S.</strong></span> <span class='ocrx_word' id='word_1_722' title='bbox 3393 5390 3514 5445; x_wconf 87' lang='lat' dir='ltr'><strong>An-</strong></span> 
     </span>
    </p>
   </div>
   <div class='ocr_carea' id='block_1_89' title="bbox 1917 5459 3514 5534">
    <p class='ocr_par' dir='ltr' id='par_1_89' title="bbox 1917 5459 3514 5534">
     <span class='ocr_line' id='line_1_90' title="bbox 1917 5459 3514 5534; baseline 0.002 -18"><span class='ocrx_word' id='word_1_723' title='bbox 1917 5464 2143 5528; x_wconf 91' lang='lat' dir='ltr'><strong>selmus,</strong></span> <span class='ocrx_word' id='word_1_724' title='bbox 2167 5468 2231 5516; x_wconf 88' lang='lat' dir='ltr'><strong>ut</strong></span> <span class='ocrx_word' id='word_1_725' title='bbox 2257 5462 2364 5533; x_wconf 90' lang='lat' dir='ltr'><strong>ipsi</strong></span> <span class='ocrx_word' id='word_1_726' title='bbox 2394 5462 2463 5516; x_wconf 92' lang='lat' dir='ltr'><strong>de</strong></span> <span class='ocrx_word' id='word_1_727' title='bbox 2501 5463 2640 5534; x_wconf 12' lang='lat' dir='ltr'><strong>ejus,</strong></span> <span class='ocrx_word' id='word_1_728' title='bbox 2658 5462 2928 5534; x_wconf 79' lang='lat' dir='ltr'><strong>electione</strong></span> <span class='ocrx_word' id='word_1_729' title='bbox 2953 5459 3356 5534; x_wconf 80' lang='lat' dir='ltr'><strong>gratularetur,</strong></span> <span class='ocrx_word' id='word_1_730' title='bbox 3390 5478 3514 5534; x_wconf 86' lang='lat' dir='ltr'><strong>quae</strong></span> 
     </span>
    </p>
   </div>
   <div class='ocr_carea' id='block_1_90' title="bbox 1915 5529 3116 5607">
    <p class='ocr_par' dir='ltr' id='par_1_90' title="bbox 1915 5529 3116 5607">
     <span class='ocr_line' id='line_1_91' title="bbox 1915 5529 3116 5607; baseline -0.005 -18"><span class='ocrx_word' id='word_1_731' title='bbox 1915 5535 2155 5607; x_wconf 88' lang='lat' dir='ltr'><strong>epistola</strong></span> <span class='ocrx_word' id='word_1_732' title='bbox 2185 5529 2357 5590; x_wconf 45' lang='lat' dir='ltr'><strong>est—in</strong></span> <span class='ocrx_word' id='word_1_733' title='bbox 2384 5529 2545 5590; x_wconf 47' lang='lat' dir='ltr'><strong>nova&#39;</strong></span> <span class='ocrx_word' id='word_1_734' title='bbox 2558 5533 2804 5589; x_wconf 92' lang='lat' dir='ltr'><strong>editione</strong></span> <span class='ocrx_word' id='word_1_735' title='bbox 2837 5531 2921 5598; x_wconf 87' lang='lat'><strong>78,</strong></span> <span class='ocrx_word' id='word_1_736' title='bbox 2952 5529 3049 5585; x_wconf 92' lang='lat' dir='ltr'><strong>lib.</strong></span> <span class='ocrx_word' id='word_1_737' title='bbox 3078 5545 3116 5584; x_wconf 86' lang='grc' dir='ltr'><strong>ι.</strong></span> 
     </span>
    </p>
   </div>
   <div class='ocr_carea' id='block_1_91' title="bbox 312 4745 1839 4816">
    <p class='ocr_par' dir='ltr' id='par_1_91' title="bbox 312 4745 1839 4816">
     <span class='ocr_line' id='line_1_92' title="bbox 312 4745 1839 4816; baseline 0.003 -13"><span class='ocrx_word' id='word_1_738' title='bbox 312 4747 423 4816; x_wconf 67' lang='grc'><strong>(40)</strong></span> <span class='ocrx_word' id='word_1_739' title='bbox 459 4747 664 4802; x_wconf 90' lang='lat' dir='ltr'><strong>Eorum</strong></span> <span class='ocrx_word' id='word_1_740' title='bbox 695 4745 924 4801; x_wconf 90' lang='lat' dir='ltr'><strong>nomina</strong></span> <span class='ocrx_word' id='word_1_741' title='bbox 950 4752 1314 4802; x_wconf 88' lang='lat' dir='ltr'><strong>recensentur</strong></span> <span class='ocrx_word' id='word_1_742' title='bbox 1336 4748 1393 4802; x_wconf 91' lang='lat' dir='ltr'><strong>in</strong></span> <span class='ocrx_word' id='word_1_743' title='bbox 1423 4750 1667 4807; x_wconf 92' lang='lat' dir='ltr'><strong>editione</strong></span> <span class='ocrx_word' id='word_1_744' title='bbox 1694 4753 1839 4810; x_wconf 89' lang='lat' dir='ltr'><strong>Lab-</strong></span> 
     </span>
    </p>
   </div>
   <div class='ocr_carea' id='block_1_92' title="bbox 239 4816 1843 4892">
    <p class='ocr_par' dir='ltr' id='par_1_92' title="bbox 239 4816 1843 4892">
     <span class='ocr_line' id='line_1_93' title="bbox 239 4816 1843 4892; baseline 0.005 -19"><span class='ocrx_word' id='word_1_745' title='bbox 239 4816 550 4892; x_wconf 17' lang='lat' dir='ltr'><strong>beanaiubi</strong></span> <span class='ocrx_word' id='word_1_746' title='bbox 592 4819 702 4874; x_wconf 82' lang='lat' dir='ltr'><strong>tria</strong></span> <span class='ocrx_word' id='word_1_747' title='bbox 743 4818 911 4892; x_wconf 85' lang='lat' dir='ltr'><strong>hujus</strong></span> <span class='ocrx_word' id='word_1_748' title='bbox 953 4817 1178 4892; x_wconf 76' lang='lat' dir='ltr'><strong>concilii</strong></span> <span class='ocrx_word' id='word_1_749' title='bbox 1223 4822 1582 4892; x_wconf 86' lang='lat' dir='ltr'><strong>exemplaria,</strong></span> <span class='ocrx_word' id='word_1_750' title='bbox 1613 4825 1758 4880; x_wconf 89' lang='lat' dir='ltr'><strong>sicut</strong></span> <span class='ocrx_word' id='word_1_751' title='bbox 1787 4832 1843 4881; x_wconf 91' lang='lat' dir='ltr'><strong>et</strong></span> 
     </span>
    </p>
   </div>
   <div class='ocr_carea' id='block_1_93' title="bbox 238 4887 1173 5016">
    <p class='ocr_par' dir='ltr' id='par_1_93' title="bbox 238 4887 1173 5016">
     <span class='ocr_line' id='line_1_94' title="bbox 238 4887 1173 4961; baseline 0.001 -21"><span class='ocrx_word' id='word_1_752' title='bbox 238 4891 386 4961; x_wconf 85' lang='lat' dir='ltr'><strong>apud</strong></span> <span class='ocrx_word' id='word_1_753' title='bbox 415 4891 459 4945; x_wconf 92' lang='lat' dir='ltr'><strong>S</strong></span> <span class='ocrx_word' id='word_1_754' title='bbox 499 4887 844 4954; x_wconf 86' lang='lat' dir='ltr'><strong>elmannum,</strong></span> <span class='ocrx_word' id='word_1_755' title='bbox 877 4887 1173 4942; x_wconf 88' lang='lat' dir='ltr'><strong>habentur.</strong></span> 
     </span>
     <span class='ocr_line' id='line_1_95' title="bbox 305 4907 1167 5016; baseline -0.003 0"><span class='ocrx_word' id='word_1_756' title='bbox 305 4963 418 5016; x_wconf 67' lang='grc'><strong>141)</strong></span> <span class='ocrx_word' id='word_1_757' title='bbox 457 4907 553 5016; x_wconf 56' lang='lat' dir='ltr'><strong>Est</strong></span> <span class='ocrx_word' id='word_1_758' title='bbox 580 4963 726 5016; x_wconf 82' lang='lat' dir='ltr'><strong>inter</strong></span> <span class='ocrx_word' id='word_1_759' title='bbox 753 4959 1050 5015; x_wconf 87' lang='lat' dir='ltr'><strong>Lanfranci</strong></span> <span class='ocrx_word' id='word_1_760' title='bbox 1080 4960 1167 5016; x_wconf 80' lang='lat' dir='ltr'><strong>eoi</strong></span> 
     </span>
    </p>
   </div>
   <div class='ocr_carea' id='block_1_94' title="bbox 305 4960 1836 5030">
    <p class='ocr_par' dir='ltr' id='par_1_94' title="bbox 305 4960 1836 5030">
     <span class='ocr_line' id='line_1_96' title="bbox 305 4960 1836 5030; baseline 0.005 -14"><span class='ocrx_word' id='word_1_761' title='bbox 305 4963 418 5027; x_wconf 70' lang='grc'><strong>(41)</strong></span> <span class='ocrx_word' id='word_1_762' title='bbox 457 4960 553 5016; x_wconf 84' lang='lat' dir='ltr'><strong>Est</strong></span> <span class='ocrx_word' id='word_1_763' title='bbox 580 4963 726 5016; x_wconf 82' lang='lat' dir='ltr'><strong>inter</strong></span> <span class='ocrx_word' id='word_1_764' title='bbox 753 4960 1050 5015; x_wconf 87' lang='lat' dir='ltr'><strong>Lanfranci</strong></span> <span class='ocrx_word' id='word_1_765' title='bbox 1080 4960 1344 5030; x_wconf 89' lang='lat' dir='ltr'><strong>epistolas</strong></span> <span class='ocrx_word' id='word_1_766' title='bbox 1371 4964 1634 5020; x_wconf 91' lang='lat' dir='ltr'><strong>editionis</strong></span> <span class='ocrx_word' id='word_1_767' title='bbox 1663 4969 1836 5022; x_wconf 84' lang='lat' dir='ltr'><strong>Ache-</strong></span> 
     </span>
    </p>
   </div>
   <div class='ocr_carea' id='block_1_95' title="bbox 233 5032 1836 5110">
    <p class='ocr_par' dir='ltr' id='par_1_95' title="bbox 233 5032 1836 5110">
     <span class='ocr_line' id='line_1_97' title="bbox 233 5032 1836 5110; baseline 0.005 -24"><span class='ocrx_word' id='word_1_768' title='bbox 233 5033 300 5086; x_wconf 84' lang='lat' dir='ltr'><strong>rii</strong></span> <span class='ocrx_word' id='word_1_769' title='bbox 341 5033 398 5089; x_wconf 86' lang='lat' dir='ltr'>ll</span> <span class='ocrx_word' id='word_1_770' title='bbox 428 5052 444 5099; x_wconf 85' lang='lat'><strong>;</strong></span> <span class='ocrx_word' id='word_1_771' title='bbox 479 5051 544 5087; x_wconf 90' lang='lat' dir='ltr'><strong>ea</strong></span> <span class='ocrx_word' id='word_1_772' title='bbox 558 5040 760 5110; x_wconf 72' lang='lat' dir='ltr'><strong>autem</strong></span> <span class='ocrx_word' id='word_1_773' title='bbox 791 5048 962 5110; x_wconf 74' lang='lat' dir='ltr'><strong>quam</strong></span> <span class='ocrx_word' id='word_1_774' title='bbox 993 5032 1338 5088; x_wconf 78' lang='lat' dir='ltr'><strong>Lanfrancus</strong></span> <span class='ocrx_word' id='word_1_775' title='bbox 1367 5035 1436 5088; x_wconf 88' lang='lat' dir='ltr'><strong>ad</strong></span> <span class='ocrx_word' id='word_1_776' title='bbox 1467 5038 1693 5093; x_wconf 90' lang='lat' dir='ltr'><strong>eosdem</strong></span> <span class='ocrx_word' id='word_1_777' title='bbox 1723 5041 1836 5110; x_wconf 90' lang='lat' dir='ltr'><strong>epi-</strong></span> 
     </span>
    </p>
   </div>
   <div class='ocr_carea' id='block_1_96' title="bbox 233 5104 1696 5175">
    <p class='ocr_par' dir='ltr' id='par_1_96' title="bbox 233 5104 1696 5175">
     <span class='ocr_line' id='line_1_98' title="bbox 233 5104 1696 5175; baseline 0.001 -18"><span class='ocrx_word' id='word_1_778' title='bbox 233 5119 435 5175; x_wconf 79' lang='lat' dir='ltr'><strong>scopos</strong></span> <span class='ocrx_word' id='word_1_779' title='bbox 467 5104 689 5175; x_wconf 82' lang='lat' dir='ltr'><strong>scripsit</strong></span> <span class='ocrx_word' id='word_1_780' title='bbox 713 5110 798 5159; x_wconf 90' lang='lat' dir='ltr'><strong>est</strong></span> <span class='ocrx_word' id='word_1_781' title='bbox 823 5106 934 5175; x_wconf 15' lang='lat'><strong>12.,</strong></span> <span class='ocrx_word' id='word_1_782' title='bbox 1694 5145 1696 5148; x_wconf 53' lang='grc' dir='ltr'>μ</span> 
     </span>
    </p>
   </div>
   <div class='ocr_carea' id='block_1_97' title="bbox 302 5174 1832 5243">
    <p class='ocr_par' dir='ltr' id='par_1_97' title="bbox 302 5174 1832 5243">
     <span class='ocr_line' id='line_1_99' title="bbox 302 5174 1832 5243; baseline 0.003 -12"><span class='ocrx_word' id='word_1_783' title='bbox 302 5174 416 5243; x_wconf 71' lang='grc'><strong>(42»</strong></span> <span class='ocrx_word' id='word_1_784' title='bbox 468 5174 745 5230; x_wconf 81' lang='lat' dir='ltr'><strong>Orcadum</strong></span> <span class='ocrx_word' id='word_1_785' title='bbox 793 5174 990 5230; x_wconf 84' lang='lat' dir='ltr'><strong>insulae</strong></span> <span class='ocrx_word' id='word_1_786' title='bbox 1044 5179 1179 5228; x_wconf 87' lang='lat' dir='ltr'><strong>sunt</strong></span> <span class='ocrx_word' id='word_1_787' title='bbox 1225 5192 1459 5232; x_wconf 88' lang='lat' dir='ltr'><strong>numero</strong></span> <span class='ocrx_word' id='word_1_788' title='bbox 1506 5179 1727 5234; x_wconf 91' lang='lat' dir='ltr'><strong>circiter</strong></span> <span class='ocrx_word' id='word_1_789' title='bbox 1765 5180 1832 5237; x_wconf 92' lang='lat' dir='ltr'><strong>3O</strong></span> 
     </span>
    </p>
   </div>
   <div class='ocr_carea' id='block_1_98' title="bbox 231 5245 1831 5318">
    <p class='ocr_par' dir='ltr' id='par_1_98' title="bbox 231 5245 1831 5318">
     <span class='ocr_line' id='line_1_100' title="bbox 231 5245 1831 5318; baseline 0.004 -18"><span class='ocrx_word' id='word_1_790' title='bbox 231 5262 407 5317; x_wconf 85' lang='lat' dir='ltr'><strong>prope</strong></span> <span class='ocrx_word' id='word_1_791' title='bbox 443 5247 706 5312; x_wconf 89' lang='lat' dir='ltr'><strong>Scotiam,</strong></span> <span class='ocrx_word' id='word_1_792' title='bbox 742 5263 980 5318; x_wconf 83' lang='lat' dir='ltr'><strong>quarum</strong></span> <span class='ocrx_word' id='word_1_793' title='bbox 1006 5245 1290 5318; x_wconf 57' lang='lat' dir='ltr'><strong>praecipua</strong></span> <span class='ocrx_word' id='word_1_794' title='bbox 1334 5257 1419 5303; x_wconf 88' lang='lat' dir='ltr'><strong>est</strong></span> <span class='ocrx_word' id='word_1_795' title='bbox 1449 5250 1738 5318; x_wconf 88' lang='lat' dir='ltr'><strong>Pomonia,</strong></span> <span class='ocrx_word' id='word_1_796' title='bbox 1775 5253 1831 5306; x_wconf 92' lang='lat' dir='ltr'><strong>in</strong></span> 
     </span>
    </p>
   </div>
   <div class='ocr_carea' id='block_1_99' title="bbox 231 5316 1486 5392">
    <p class='ocr_par' dir='ltr' id='par_1_99' title="bbox 231 5316 1486 5392">
     <span class='ocr_line' id='line_1_101' title="bbox 231 5316 1486 5392; baseline 0.003 -21"><span class='ocrx_word' id='word_1_797' title='bbox 231 5316 350 5392; x_wconf 33' lang='lat' dir='ltr'><strong>qua:</strong></span> <span class='ocrx_word' id='word_1_798' title='bbox 364 5318 544 5392; x_wconf 67' lang='lat' dir='ltr'><strong>sedes</strong></span> <span class='ocrx_word' id='word_1_799' title='bbox 560 5324 644 5372; x_wconf 84' lang='lat' dir='ltr'><strong>est</strong></span> <span class='ocrx_word' id='word_1_800' title='bbox 670 5316 868 5392; x_wconf 72' lang='lat' dir='ltr'><strong>harum</strong></span> <span class='ocrx_word' id='word_1_801' title='bbox 897 5316 1194 5386; x_wconf 82' lang='lat' dir='ltr'><strong>regionum</strong></span> <span class='ocrx_word' id='word_1_802' title='bbox 1225 5319 1486 5392; x_wconf 70' lang='lat' dir='ltr'><strong>episcopi.</strong></span> 
     </span>
    </p>
   </div>
   <div class='ocr_carea' id='block_1_100' title="bbox 299 5388 1833 5460">
    <p class='ocr_par' dir='ltr' id='par_1_100' title="bbox 299 5388 1833 5460">
     <span class='ocr_line' id='line_1_102' title="bbox 299 5388 1833 5460; baseline 0.002 -17"><span class='ocrx_word' id='word_1_803' title='bbox 299 5388 418 5456; x_wconf 75' lang='lat' dir='ltr'><strong>(i3)</strong></span> <span class='ocrx_word' id='word_1_804' title='bbox 467 5389 550 5442; x_wconf 88' lang='lat' dir='ltr'><strong>Ibi</strong></span> <span class='ocrx_word' id='word_1_805' title='bbox 594 5390 1012 5460; x_wconf 82' lang='lat' dir='ltr'><strong>corepiscopum</strong></span> <span class='ocrx_word' id='word_1_806' title='bbox 1069 5388 1460 5446; x_wconf 78' lang='lat' dir='ltr'><strong>tantummodo</strong></span> <span class='ocrx_word' id='word_1_807' title='bbox 1499 5393 1707 5447; x_wconf 90' lang='lat' dir='ltr'><strong>sedisse</strong></span> <span class='ocrx_word' id='word_1_808' title='bbox 1751 5394 1833 5448; x_wconf 87' lang='lat' dir='ltr'><strong>af-</strong></span> 
     </span>
    </p>
   </div>
   <div class='ocr_carea' id='block_1_101' title="bbox 230 5459 1836 5535">
    <p class='ocr_par' dir='ltr' id='par_1_101' title="bbox 230 5459 1836 5535">
     <span class='ocr_line' id='line_1_103' title="bbox 230 5459 1836 5535; baseline 0.004 -23"><span class='ocrx_word' id='word_1_809' title='bbox 230 5461 446 5535; x_wconf 48' lang='lat' dir='ltr'><strong>ﬁrmat</strong></span> <span class='ocrx_word' id='word_1_810' title='bbox 474 5459 1267 5535; x_wconf 69' lang='lat' dir='ltr'><strong>Gervasius_&#39;Dorobernensis</strong></span> <span class='ocrx_word' id='word_1_811' title='bbox 1316 5463 1375 5516; x_wconf 92' lang='lat' dir='ltr'><strong>in</strong></span> <span class='ocrx_word' id='word_1_812' title='bbox 1412 5464 1565 5518; x_wconf 88' lang='lat' dir='ltr'><strong>Actis</strong></span> <span class='ocrx_word' id='word_1_813' title='bbox 1615 5466 1836 5535; x_wconf 84' lang='lat' dir='ltr'><strong>pontiﬁ-</strong></span> 
     </span>
    </p>
   </div>
   <div class='ocr_carea' id='block_1_102' title="bbox 227 5531 1835 5606">
    <p class='ocr_par' dir='ltr' id='par_1_102' title="bbox 227 5531 1835 5606">
     <span class='ocr_line' id='line_1_104' title="bbox 227 5531 1835 5606; baseline 0.002 -20"><span class='ocrx_word' id='word_1_814' title='bbox 227 5547 356 5586; x_wconf 85' lang='lat' dir='ltr'><strong>cum</strong></span> <span class='ocrx_word' id='word_1_815' title='bbox 411 5531 931 5598; x_wconf 87' lang='lat' dir='ltr'><strong>Cantuariensium,</strong></span> <span class='ocrx_word' id='word_1_816' title='bbox 985 5548 1106 5604; x_wconf 88' lang='lat' dir='ltr'><strong>cap.</strong></span> <span class='ocrx_word' id='word_1_817' title='bbox 1138 5532 1209 5587; x_wconf 91' lang='lat' dir='ltr'><strong>de</strong></span> <span class='ocrx_word' id='word_1_818' title='bbox 1238 5535 1294 5589; x_wconf 91' lang='lat' dir='ltr'><strong>S.</strong></span> <span class='ocrx_word' id='word_1_819' title='bbox 1349 5535 1556 5606; x_wconf 81' lang='lat' dir='ltr'><strong>Elfego,</strong></span> <span class='ocrx_word' id='word_1_820' title='bbox 1592 5531 1689 5592; x_wconf 81' lang='lat' dir='ltr'><strong>ubi</strong></span> <span class='ocrx_word' id='word_1_821' title='bbox 1718 5538 1835 5593; x_wconf 81' lang='lat' dir='ltr'><strong>haec</strong></span> 
     </span>
    </p>
   </div>
  </div>
