4008 6186
332 269 339 275 ·
421 240 490 299 55
979 241 1076 297 AD
1115 241 1344 298 VITAM
1381 242 1442 298 Β.
1485 243 1901 302 LANFRANCI
1941 239 2520 302 CANTUARIENSIS
2557 231 3134 293 ARCHIEPISCOPI.

3619 236 3692 292 56

416 368 589 423 vitam
617 381 780 423 suam
808 385 820 435 ;
855 371 915 422 et
939 367 1023 422 sic
1046 367 1382 422 ﬁducialiter
1407 383 1534 425 cum
1557 369 1926 439 absolutione,
1961 365 2076 431 etA
2096 367 2315 432 merito,
2350 381 2480 420 nam
2530 364 2589 419 in
2635 362 3052 418 consecratione
3102 362 3225 433 ejus
3270 363 3558 434 repertum
3607 370 3693 419 est

417 455 806 512 benedictione
832 457 974 526 ejus,
1000 455 1109 510 iret
1131 455 1201 508 ad
1231 456 1655 514 dwmoniacum.
1684 460 1799 514 Nec
1832 475 2013 529 mora,

419 545 551 599 fbcit
601 545 749 616 quod
804 544 908 598 sibi
965 543 1380 611 consulebatur,
1441 551 1499 599 et
1546 563 1672 601 mox
1726 549 2016 618 ingressus

420 634 580 689 stetit
603 639 734 689 ante
766 650 916 688 eum.
947 633 1105 687 Tunc
1135 633 1232 703 qui
1260 633 1494 688 aderant
1523 635 1784 691 dicebant
1807 637 2017 692 daemo-

420 724 580 779 niaco
613 742 625 777 :
663 723 799 778 Ecce
845 722 1006 777 adest
1032 722 1122 776 cui
1152 722 1525 791 minitabaris,
1572 725 1660 780 dic
1689 726 1737 780 si
1768 726 1902 796 quid
1948 725 2017 778 de

420 827 487 868 eo
517 812 681 867 nosti.
722 813 792 866 At
817 811 912 866 ille
941 810 999 865 in
1029 828 1157 866 eum
1186 818 1344 868 torvo
1373 819 1693 884 respectans
1723 815 1902 880 oculo,
1937 815 2017 869 ait

420 901 764 957 cachinnans
797 916 810 956 :
846 901 954 955 Pro
991 900 1139 954 malo
1187 901 1433 970 homine,
1463 903 1741 972 quomodo
1771 920 1830 958 es
1867 919 2016 958 nunc

417 990 710 1046 rebullitus
758 994 815 1045 et
859 989 1222 1044 candidatus?
1267 990 1402 1055 Quis
1439 997 1496 1046 te
1537 993 1617 1046 sic
1645 991 1929 1047 rebullivit
1959 998 2016 1047 et

417 1078 740 1134 dealbavit?
782 1079 851 1133 Et
896 1095 1023 1133 cum
1079 1077 1150 1132 ab
1191 1077 1318 1134 aliis
1354 1083 1672 1150 urgeretur,
1707 1087 1770 1136 ut
1805 1081 2020 1136 diceret

417 1169 568 1240 quod
616 1173 783 1222 antea
831 1184 892 1221 se
929 1167 1213 1222 dicturum
1268 1168 1655 1237 minitabatur,
1697 1170 1838 1224 nihil
1887 1171 2018 1241 plus

415 1257 573 1313 dixit.
607 1257 767 1312 Unde
795 1256 964 1311 datur
1008 1257 1245 1328 intelligi
1289 1259 1422 1330 quia
1449 1258 1624 1314 virtus
1654 1259 2014 1314 confessionis

417 1354 474 1401 et
502 1345 874 1400 absolutionis
907 1346 1092 1400 aufert
1122 1346 1343 1401 diabolo
1380 1351 1481 1402 aut
1525 1349 1853 1403 memoriam
1885 1365 2015 1420 pec-

414 1435 544 1501 cati,
589 1435 659 1489 de
707 1451 817 1506 quo
849 1451 993 1505 pura
1019 1436 1291 1490 confessio
1319 1436 1466 1491 faeta
1502 1437 1691 1505 fuerit,
1725 1443 1823 1492 aut
1865 1443 2015 1492 certe

412 1528 750 1597 potestatem
783 1524 1068 1578 hominem
1099 1526 1416 1580 accusandi.
1453 1526 1614 1581 Unde
1659 1526 1858 1581 beatus
1895 1529 2015 1581 Au-

411 1613 710 1684 gustinus:
749 1612 826 1679 Si,
858 1612 1061 1684 inquit,
1095 1613 1268 1668 fueris
1297 1614 1379 1669 tui
1408 1614 1584 1686 ipsius
1613 1622 1923 1682 accusator,
1959 1621 2015 1670 et

2098 457 2186 528 (93)
2243 472 2412 527 super
2456 459 2625 525 caput
2673 454 2796 523 ejus
2852 452 3232 522 evangelicum
3275 451 3486 506 dictum
3518 471 3529 506 :
3559 454 3692 508 Dato

2098 549 2514 612 cleemosynam,
2573 548 2623 596 et
2677 559 2787 596 cccc
2840 545 3031 595 omnia
3083 543 3294 594 munda
3359 546 3492 594 sunt
3547 544 3692 596 vobis

2097 637 2246 704 (Luc.
2275 647 2350 701 x1,
2382 634 2494 702 41),
2537 632 2684 703 quod
2713 631 2833 702 ipse
2863 636 2984 684 tota
3019 630 3313 684 devotione
3349 632 3534 686 facere
3571 636 3692 686 stu-

2099 724 2240 778 duit.
2278 724 2358 790 (84)
2392 721 2837 791 Consanguineis
2868 720 3269 774 monachorum
3296 735 3524 775 suorum
3545 721 3694 775 indi-

2095 812 2376 884 gentibus,
2400 828 2568 883 quam
2592 810 2850 880 benigne,
2875 825 3044 879 quam
3065 808 3409 863 sufﬁcienter
3427 809 3700 865 beneficia

2097 901 2476 974 impendebat.
2511 901 2658 954 Vere
2694 903 2916 970 poterat
2957 896 3142 952 dicere
3175 917 3186 951 :
3227 899 3306 953 Ab
3334 900 3700 954 adolescentia

2096 995 2264 1046 crevit
2287 1006 2500 1044 mecum
2532 991 2815 1042 miseratio
2841 988 2982 1057 (Job.
3009 1001 3155 1052 XXXI,
3190 987 3301 1055 18).

2167 1079 2253 1136 37.
2287 1082 2511 1135 Interea
2538 1076 2772 1147 contigit
2799 1081 3054 1130 sanctum
3107 1076 3367 1130 abbatem
3400 1077 3560 1131 Becci
3585 1078 3696 1132 An-

2095 1170 2353 1236 selmum,
2387 1168 2484 1239 qui
2505 1167 2668 1222 beato
2689 1166 2959 1221 Herluino
2979 1171 3340 1233 successerat,
3368 1167 3612 1221 transire
3637 1167 3697 1220 in

2097 1259 2378 1330 Angliam,
2401 1262 2523 1312 tum
2544 1272 2646 1328 pro
2665 1254 3003 1310 utilitatibus
3033 1255 3290 1310 Ecclesiae
3314 1271 3447 1321 suae,
3481 1261 3602 1310 tum
3632 1261 3697 1310 ut

2098 1365 2225 1402 cum
2252 1345 2667 1417 archiepiscopo
2698 1345 3040 1415 loqueretur,
3079 1344 3167 1413 (⁸⁵)
3193 1345 3352 1414 cujus
3385 1344 3694 1416 alloquium

2098 1443 2156 1490 et
2197 1436 2488 1490 consilium
2543 1434 2783 1488 multum
2835 1433 3078 1487 amabat.
3127 1431 3202 1486 Et
3247 1433 3576 1503 perveniens
3622 1433 3694 1486 ad

2096 1526 2276 1588 illum,
2299 1542 2425 1578 cum
2447 1539 2652 1593 magno
2673 1539 2864 1576 amore
2880 1528 2936 1576 et
2955 1521 3140 1576 debito
3165 1522 3378 1576 honore
3397 1527 3690 1594 susceptus

2097 1621 2200 1669 est.
2237 1615 2325 1683 (⁸⁸)
2365 1615 2618 1684 Cumque
2649 1612 2820 1666 simul
2847 1612 3232 1682 loquerentur,
3267 1617 3322 1664 et
3359 1610 3427 1665 ad
3455 1611 3690 1665 invicem

411 1701 685 1757 Dominus
714 1701 1002 1767 liberator,
1033 1701 1171 1773 quid
1198 1703 1305 1758 erit
1335 1703 1448 1769 ille,
1471 1703 1580 1758 nisi
1609 1690 2074 1760 calumniator?B
2097 1704 2165 1758 de
2208 1703 2440 1758 diversis
2482 1703 2644 1773 plura
2686 1701 3023 1766 conferrent,
3067 1700 3348 1754 intimavit
3380 1699 3568 1755 abbati
3596 1717 3693 1755 an-

411 1791 547 1849 Post
567 1791 782 1861 aliquot
810 1791 948 1853 dies,
973 1791 1088 1845 Deo
1118 1783 1439 1859 miserante,
1467 1798 1524 1848 et
1547 1807 1755 1864 magno
1777 1794 2014 1864 praesule

410 1878 723 1936 Lanfranco
767 1896 895 1934 cum
943 1880 1184 1935 fratrum
1223 1888 1427 1936 sanctae
1471 1883 1620 1937 sedis
1669 1883 2015 1937 orationibus

411 1969 731 2038 adjuvante,
783 1968 1051 2023 liberatus
1090 1975 1178 2024 est
1221 1969 1290 2024 ab
1335 1970 1432 2024 illa
1463 1975 1639 2042 peste,
1681 1978 1737 2026 et
1766 1972 2014 2043 pristinae

410 2057 706 2112 restitutus
733 2062 820 2111 est
865 2057 1122 2116 sanitati.
1174 2059 1308 2124 Hoc,
1343 2058 1508 2114 beato
1533 2061 1797 2115 Anselmo
1829 2063 2012 2117 archi-

410 2145 652 2218 priesule
679 2145 978 2214 referente,
1004 2163 1132 2202 cum
1158 2147 1284 2202 aliis
1312 2148 1568 2219 pluribus
1597 2150 1804 2206 audivi.

1017 2236 1256 2292 CAPUT
1293 2238 1411 2292 XV.

482 2323 569 2382 36.
596 2321 682 2394 (τ’)
715 2325 951 2390 Quando
995 2326 1274 2397 gloriosus
1321 2343 1417 2383 rex
1459 2329 1793 2384 Vuillelmus
1822 2346 2009 2385 mora-

2093 1792 2255 1846 tistes
2297 1790 2716 1846 Cantuariensis
2748 1789 2910 1860 quasi
2954 1789 3365 1860 conquerendo,
3401 1790 3549 1860 quod
3588 1791 3690 1844 ho-

2097 1881 2277 1935 mines
2304 1880 2454 1934 illius
2480 1880 2676 1951 patriae
2700 1878 2949 1933 colerent
2977 1878 3249 1948 quosdam
3278 1884 3520 1944 sanctos,
3554 1895 3694 1949 quos

2096 1969 2190 2024 ille
2232 1985 2344 2024 non
2391 1970 2695 2034 atl'ectaret,
2730 1973 2788 2022 et
2838 1967 3101 2033 maxime,
3144 1967 3242 2034 ait,
3277 1967 3362 2036 (⁸⁷)
3393 1968 3694 2039 quemdam

2096 2059 2350 2129 Elfegum
2378 2056 2491 2126 (46)
2519 2058 2690 2128 hujus
2711 2056 2862 2111 sedis
2886 2055 3362 2127 archipraesulem,
3387 2073 3554 2128 quem
3583 2071 3695 2111 non

2093 2147 2275 2201 solum
2316 2146 2466 2200 inter
2509 2151 2748 2207 sanctos.
2785 2146 2878 2199 sed
2915 2151 2972 2199 et
3015 2145 3166 2200 inter
3191 2150 3472 2215 martyres
3494 2160 3696 2200 nume-

2093 2251 2222 2290 rare
2263 2235 2629 2300 contendunt,
2680 2251 2807 2289 cum
2859 2240 3076 2289 constet
3110 2235 3270 2289 illum
3299 2250 3412 2289 non
3453 2251 3554 2306 pro
3586 2234 3696 2288 fide

2093 2325 2322 2392 Christi,
2358 2326 2454 2380 sed
2485 2324 2619 2396 quia
2643 2323 2713 2377 ab
2742 2324 3004 2392 inimicis,
3029 2341 3063 2378 a
3089 2323 3290 2396 quibus
3314 2329 3510 2396 captus
3535 2330 3696 2378 tene-

408 2415 578 2470 batur
603 2413 663 2469 in
704 2415 1074 2481 Normannia,
1121 2416 1466 2472 Lanfrancus
1509 2424 1632 2472 erat
1660 2419 1920 2491 princeps
1950 2426 2008 2474 et
2087 2413 2270 2477 batur,
2304 2431 2364 2469 se
2413 2415 2690 2468 redimere
2736 2414 3001 2480 noluerit,
3052 2414 3454 2485 interemptum
3497 2414 3692 2468 fuisse.

409 2509 598 2558 custos
624 2504 860 2574 Anglia),
892 2504 1159 2576 subjectis
1205 2505 1310 2560 sibi
1349 2506 1610 2562 omnibus
1641 2509 2004 2580 principibus,

2090 2505 2174 2558 Ad
2204 2505 2321 2558 hinc
2351 2505 2648 2559 Anselmus
2698 2505 2864 2574 hujus
2915 2503 3099 2558 reddit
3134 2503 3429 2558 rationem.
3463 2505 3695 2558 Certum

413 2598 471 2648 et
493 2593 820 2664 juvantibus
848 2593 907 2648 in
936 2594 1022 2648 his
1052 2609 1174 2665 qua:
1203 2595 1276 2649 ad
1302 2595 1701 2663 defensionem,
1735 2602 1790 2652 et
1821 2598 2010 2669 dispo-
2094 2597 2196 2660 est,
2226 2593 2429 2664 inquit,
2462 2593 2594 2664 quia
2637 2594 2686 2648 is
2722 2594 2836 2664 qui,
2873 2609 2942 2646 ne
2973 2592 3169 2646 leviter
3198 2593 3476 2664 peccando
3515 2593 3694 2647 Deum

408 2681 691 2748 sitionem,
724 2682 810 2737 vel
853 2698 1046 2755 pacem
1095 2683 1454 2754 pertinebant
1491 2685 1669 2755 regni,
1703 2687 2010 2742 secundum
2095 2682 2359 2748 offendat,
2392 2682 2536 2736 mori
2567 2699 2679 2736 non
2713 2682 2952 2747 dubitat,
2985 2683 3162 2736 multo
3194 2683 3378 2752 magis
3407 2682 3551 2736 mori
3582 2698 3693 2736 non

407 2771 561 2841 leges
611 2771 827 2842 patriae.
873 2771 959 2841 (⁷⁸)
1010 2772 1259 2826 Lectioni
1300 2779 1424 2827 erat
1455 2774 1731 2831 assiduus.
1779 2781 1837 2829 et
1882 2782 2014 2831 ante
2095 2771 2380 2826 dubitaret
2424 2772 2752 2843 priusquam
2811 2772 2998 2843 aliquo
3041 2772 3196 2842 gravi
3236 2776 3460 2843 peccato
3516 2773 3697 2826 Deum

410 2860 812 2932 episcopatum,
857 2866 914 2914 et
959 2861 1017 2915 in
1068 2862 1411 2933 episcopatu,
1441 2869 1719 2934 quantum
1768 2870 2008 2936 poterat.
2097 2861 2471 2916 exacerbaret.
2499 2862 2566 2914 Et
2590 2877 2784 2915 revera
2812 2861 3039 2932 gravius
3068 2867 3154 2915 est
3180 2861 3467 2916 Christum
3488 2877 3698 2932 negare

409 2949 480 3004 Et
509 2949 641 3020 quia
672 2949 978 3022 Scriptura:
1025 2951 1362 3022 scriptorum
1407 2952 1537 3006 vitio
1567 2958 1730 3007 erant
1774 2955 2010 3008 nimium
2096 2967 2264 3022 quam
2299 2951 2543 3021 aliquem
2583 2967 2683 3022 pro
2713 2967 2815 3004 sua
2846 2951 3250 3022 redemptione,
3289 2951 3545 3006 homines
3564 2968 3698 3007 suos

409 3044 705 3110 corrupte,
749 3055 944 3094 omnes
989 3044 1108 3094 tam
1151 3040 1372 3095 Veteris
1415 3057 1585 3113 quam
1636 3043 1776 3098 Novi
1817 3039 2375 3111 Testa-Cablatione
2406 3040 2654 3112 ipsorum
2701 3040 2950 3110 pecuniae
2991 3039 3062 3094 ad
3110 3039 3387 3094 modicum
3415 3057 3688 3111 gravare;

409 3128 586 3183 menti
614 3127 806 3196 libros,
831 3145 935 3183 nec
967 3144 1078 3183 non
1101 3129 1272 3184 etiam
1308 3131 1517 3202 scripta
1549 3138 1873 3187 sanctorum
1903 3135 2012 3188 Pa-

409 3222 583 3283 trum,
613 3217 698 3286 (⁷⁸)
721 3217 1027 3272 secundum
1058 3219 1425 3273 orthodoxam
1448 3220 1617 3274 fidem
1646 3222 1864 3276 studuit
1887 3239 2010 3277 cor-

411 3305 594 3376 rigere
635 3304 767 3372 (15).
813 3305 880 3359 Et
921 3305 1092 3359 etiam
1138 3307 1317 3360 multa
1359 3307 1430 3361 de
1455 3307 1543 3362 his
1573 3309 1774 3378 quibus
1800 3311 2014 3365 utimur

411 3398 576 3447 nocte
604 3398 662 3446 et
689 3392 778 3446 die
811 3393 869 3446 in
899 3393 1126 3447 servitio
1166 3395 1421 3450 Ecclesia:
1449 3395 1521 3449 ad
1545 3413 1792 3468 unguem
1827 3414 2014 3453 emen-

412 3481 584 3547 davit,
618 3486 677 3535 et
711 3482 817 3535 hoc
862 3498 974 3536 non
1023 3486 1245 3537 tantum
1298 3499 1399 3554 per
1425 3501 1504 3552 se,
1552 3486 1647 3540 sed
1699 3487 1867 3541 etiam
1918 3505 2019 3559 per

413 3567 716 3641 discipulos
745 3585 876 3624 suos
905 3569 1053 3624 fecit.
1086 3570 1209 3635 Qua
1239 3571 1308 3625 de
1336 3587 1523 3635 causa,
1557 3580 1623 3628 ut
1644 3574 1702 3628 in
1740 3575 2016 3647 principio

407 3660 528 3730 jam
557 3659 768 3713 dictum
797 3662 902 3726 est,
930 3655 1014 3730 (⁸ο)
1047 3660 1248 3715 merito
1277 3660 1440 3715 illum
1459 3662 1737 3718 Latinitas
1766 3680 1892 3719 cum
1921 3666 2018 3719 ho-

414 3763 552 3803 nore
581 3752 638 3802 et
684 3763 876 3802 amore
905 3753 1206 3803 veneratur
1248 3749 1603 3820 magistrum.
1646 3751 1829 3823 Hujus
1857 3769 2014 3808 com-

416 3835 794 3892 mendationis
823 3836 1078 3892 claritate
1108 3838 1289 3892 omnis
1335 3839 1551 3894 occidui
1585 3840 1738 3895 orbis
1769 3843 2016 3897 Ecclesia

415 3930 534 3980 tam
549 3925 840 3979 Gallicana
863 3941 1032 3996 quam
1057 3926 1293 3997 Anglica
1305 3928 1515 3998 gaudet
1536 3946 1594 3983 se
1614 3930 2009 3986 illuminatam.

415 4015 504 4070 It'a
532 4015 641 4069 fuit
669 4013 916 4068 liberalis
941 4019 1004 4068 ut
1028 4015 1310 4071 diceretur
1325 4017 1414 4088 κει)
1428 4019 1646 4073 nullum
1662 4025 1775 4074 tam
1796 4021 2015 4091 largum

416 4102 488 4157 de
527 4102 694 4158 Italia
742 4102 1174 4174 Longobardum
1223 4121 1511 4175 egressum
1553 4107 1743 4162 fuisse.
1791 4111 1922 4163 Erat
1951 4127 2019 4164 ea

415 4195 753 4264 tempestate
800 4193 1182 4248 transmarina
1219 4195 1373 4264 regio
1417 4196 1582 4266 plena
1625 4202 1682 4250 et
1727 4197 2018 4253 abundans

2093 3130 2190 3184 sed
2241 3130 2390 3200 quod
2439 3129 2624 3184 minus
2657 3134 2743 3184 est
2788 3128 3013 3200 Elfegus
3058 3128 3241 3183 facere
3287 3129 3485 3186 noluit.
3522 3130 3696 3184 Multo

2095 3217 2268 3288 igitur
2293 3219 2478 3272 minus
2499 3219 2784 3272 Christum
2808 3224 3060 3288 negaret,
3087 3218 3134 3272 si
3159 3234 3364 3272 vesana
3381 3217 3536 3288 plebs
3564 3235 3697 3273 eum

2095 3307 2166 3360 ad
2209 3307 2313 3361 hoc
2369 3313 2608 3361 mortem
2666 3307 2996 3361 intentando
3053 3308 3482 3378 constringeret.
3539 3308 3700 3362 Unde

2096 3397 2263 3450 datur
2292 3396 2532 3466 intelligi
2563 3401 2775 3468 quanta
2805 3396 2885 3450 vis
2911 3397 3146 3468 justitia:
3187 3402 3381 3469 pectus
3420 3397 3542 3468 ejus
3567 3413 3698 3469 pos-

2099 3485 2324 3552 sederit,
2353 3486 2577 3556 quando
2601 3486 2770 3540 vitam
2806 3491 2922 3551 lo
2941 3502 3100 3540 suam
3125 3487 3326 3540 maluit
3351 3487 3485 3541 dare
3504 3503 3693 3558 quam,

2097 3580 2288 3645 spreta
2317 3574 2610 3641 charitate,
2646 3575 2928 3646 proximos
2974 3592 3105 3630 suos
3153 3575 3549 3631 scandalizare.
3583 3577 3699 3631 Nec

2095 3664 2400 3728 immerito,
2434 3669 2499 3719 ut
2526 3680 2671 3730 reor,
2705 3664 2853 3718 inter
2880 3670 3160 3736 martyres
3189 3671 3566 3736 computatur,
3602 3666 3698 3737 qui

2097 3771 2198 3825 pro
2223 3753 2447 3824 justitia
2488 3759 2729 3808 mortem
2758 3759 2958 3824 sponte
2987 3755 3296 3825 suscepisse
3339 3755 3694 3826 praedicatur.

2096 3845 2241 3898 Nam
2288 3848 2346 3897 et
2391 3842 2589 3897 beatus
2635 3843 2879 3897 Joannes
2929 3843 3201 3916 Baptista,
3245 3860 3411 3916 quem
3449 3849 3571 3900 tota
3597 3845 3699 3900 Dei

2097 3933 2342 3987 Ecclesia
2371 3933 2714 4004 praecipuum
2749 3939 3054 4004 martyrem
3087 3934 3265 3988 credit
3291 3939 3350 3989 et
3377 3940 3695 3999 veneratur,

2097 4039 2207 4076 non
2235 4022 2368 4093 quia
2389 4022 2674 4076 Christum
2705 4039 2934 4092 negare,
2959 4023 3053 4076 sed
3089 4023 3220 4094 quia
3249 4040 3351 4094 pro
3376 4023 3696 4079 defensione

2099 4110 2240 4180 legis
2261 4111 2462 4164 divina:
2492 4111 2781 4164 veritatem
2815 4112 2999 4166 noluit
3029 4118 3232 4176 tacere,
3265 4114 3336 4167 ad
3367 4119 3552 4168 votum
3585 4115 3697 4169 sal-

2098 4198 2316 4252 tatricis
2342 4198 2524 4268 capite
2553 4199 2747 4269 plexus
2769 4204 2872 4254 est.
2896 4200 2966 4254 Et
2987 4201 3120 4271 quid
3149 4202 3323 4256 distat
3351 4219 3451 4273 pro
3475 4203 3698 4273 justitia

417 4281 678 4338 omnibus
725 4282 887 4337 bonis
927 4298 1049 4354 quae
1082 4283 1230 4338 Deus
1268 4284 1339 4338 ad
1379 4284 1680 4340 utilitatem
1723 4287 2015 4342 hominum
2101 4287 2263 4353 mori,
2286 4287 2371 4341 vel
2401 4287 2544 4341 mori
2565 4304 2666 4359 pro
2689 4288 2964 4344 veritate?
2993 4291 3242 4357 Constat,
3267 4296 3511 4346 testante
3540 4309 3698 4347 sacro

418 4371 654 4438 creavit;
703 4371 824 4442 ipse
855 4388 1078 4443 quoque
1106 4373 1556 4446 archiepiscopus
1585 4375 1794 4431 ditatus
1825 4369 2084 4432 multisD
2104 4376 2345 4447 eloquio,
2389 4377 2522 4447 quia
2550 4377 2754 4432 veritas
2793 4383 2850 4432 et
2889 4379 3112 4449 justitia
3150 4380 3406 4435 Christus
3435 4387 3539 4437 est.
3573 4383 3698 4453 Ipse

418 4459 863 4533 possessionibus
887 4461 1134 4532 locuples
1173 4469 1313 4518 erat.
1346 4465 1554 4520 Verum
1586 4467 1781 4538 quanti
1809 4468 2018 4538 pende-
2101 4465 2250 4519 enim
2280 4465 2416 4520 dicit
2440 4485 2450 4518 :
2485 4467 2594 4534 Ego
2623 4483 2748 4521 sum
2776 4471 2978 4521 veritas
3006 4471 3185 4537 (Joan.
3208 4483 3319 4535 xlv,
3348 4468 3424 4540 6).
3460 4471 3528 4525 Et
3553 4473 3699 4542 Apo-

418 4554 509 4603 ret
537 4548 665 4613 ista,
705 4547 764 4601 in
792 4549 898 4602 hoc
925 4550 1232 4620 apparebat
1269 4553 1436 4621 quod,
1470 4561 1743 4624 quantum
1775 4562 2012 4627 poterat,
2101 4555 2276 4609 stolus
2309 4573 2320 4608 :
2357 4556 2609 4609 Christus
2637 4558 2816 4624 factus
2855 4563 2930 4610 est
2976 4560 3128 4611 nobis
3154 4576 3189 4612 a
3217 4561 3321 4613 Deo
3349 4563 3623 4630 sapientia
3647 4567 3698 4614 et

420 4641 814 4710 paupertatem
843 4637 1121 4692 retinebat
1148 4639 1208 4692 in
1235 4639 1444 4694 vilitate
1475 4642 1718 4710 habitus,
1747 4646 2019 4715 parcimo—
2089 4647 2318 4713 justitia
2341 4646 2388 4708 (Ι
2407 4645 2528 4699 Cor.
2559 4659 2594 4711 I,
2625 4645 2733 4712 30).
2759 4646 2866 4709 Qui
2895 4661 3026 4716 ergo
3057 4663 3159 4718 pro
3186 4649 3420 4703 veritate
3447 4655 3504 4704 et
3525 4651 3696 4721 justi-

421 4727 576 4781 niam
594 4731 792 4781 tenens
811 4726 959 4781 inter
973 4727 1334 4784 multimodas
1353 4729 1785 4787 delicias.Multa
1796 4751 2017 4805 quoque

423 4820 481 4870 et
509 4832 716 4886 magna
741 4815 1118 4870 offerebantur
1155 4817 1261 4870 sibi
1290 4818 1454 4884 dona,
1490 4837 1612 4890 quae
1643 4821 1736 4876 ille
1766 4821 2020 4878 hilariter

420 4904 752 4976 rogantibus
773 4922 852 4971 se,
887 4906 971 4960 vel
1001 4906 1379 4977 indigentibus
1408 4907 1716 4967 tribuebat.
1742 4910 1844 4982 (3’).
1878 4914 2020 4967 Pau-

421 4994 648 5067 peribus
690 5011 911 5067 quoque
945 5000 1068 5049 erat
1093 4995 1172 5050 ita
1201 4996 1448 5069 dapsilis,
1483 5005 1544 5052 ut
1586 4999 1922 5070 quingentas
1950 5003 2018 5056 li-

422 5083 552 5138 bras
583 5083 883 5154 quotannis
902 5083 959 5137 in
993 5085 1405 5157 eleemosynam
1437 5103 1697 5157 erogasse
1721 5090 1941 5144 dicatur
1964 5097 2021 5145 et

497 5191 605 5260 (45)
664 5192 857 5246 Exstat
919 5191 979 5245 in
1041 5191 1377 5253 bibliotheca
1452 5197 1776 5250 monasterii
1843 5199 2017 5252 nostri

426 5265 484 5319 S.
503 5263 732 5318 Martini
755 5263 1056 5333 Sagiensis,
1075 5265 1247 5318 codex
1263 5283 1366 5319 ms.
1381 5266 1744 5322 collationum
1766 5269 2016 5323 Cassiani

424 5354 457 5388 a
487 5333 648 5408 beato
669 5335 980 5408 Lanfranco
1004 5336 1352 5402 emendatus,
1379 5338 1528 5407 quod
1557 5347 1712 5408 patet
1731 5357 1793 5392 ex
1824 5342 2019 5394 notula

426 5406 724 5474 marginali
755 5406 931 5476 ipsine
961 5423 1131 5460 manu
1153 5408 1362 5478 scripta
1385 5406 1537 5462 illuc
1561 5406 1732 5478 usque
1750 5429 1840 5478 cgo
1875 5414 2018 5465 Lan-

426 5478 657 5541 francus
709 5481 942 5531 correxi.
977 5478 1059 5531 De
1101 5479 1297 5532 eadem
1355 5496 1416 5532 re
1464 5482 1789 5541 praeclarum
1838 5489 2020 5536 exstat

427 5546 673 5600 Matthaei
714 5547 891 5616 Paris,
929 5549 1313 5605 testimonium
1342 5550 1399 5605 in
1432 5546 1678 5608 Historia
1708 5554 2015 5624 Anglorum

2099 4732 2180 4786 tia
2210 4733 2468 4802 moritur,
2509 4751 2609 4806 pro
2653 4734 2875 4789 Christo
2917 4736 3192 4804 moritur;
3239 4739 3334 4809 qui
3365 4745 3554 4794 autem
3598 4756 3698 4811 pro

2101 4821 2322 4876 Christo
2355 4823 2611 4889 moritur,
2661 4823 2906 4878 Ecclesia
2951 4829 3114 4892 teste,
3163 4832 3380 4899 martyr
3425 4827 3691 4887 habetur.

2102 4911 2306 4966 Beatus
2335 4931 2464 4967 vero
2497 4913 2738 4983 Elf‘egus,
2772 4931 2928 4984 aeque
2959 4932 3060 4986 pro
3092 4916 3330 4986 justitia,
3363 4923 3427 4971 ut
3471 4923 3700 4974 sanctus

2101 5001 2345 5058 Joannes
2373 5019 2472 5073 pro
2512 5003 2763 5067 veritate,
2799 5020 2995 5074 passus
3025 5010 3126 5059 est.
3161 5006 3274 5059 Cur
3311 5023 3444 5077 ergo
3474 5007 3602 5077 plus
3629 5009 3699 5062 de

2101 5090 2268 5145 unius
2300 5108 2468 5162 quam
2516 5093 2584 5146 de
2637 5093 2869 5147 alterius
2913 5110 3040 5148 vero
3082 5100 3385 5166 sanctoque
3423 5099 3695 5169 martyrio

2101 5197 2171 5250 ad
2199 5215 2289 5252 an.
2325 5197 2477 5261 1089,
2500 5198 2594 5253 ubi
2625 5199 2740 5254 haec
2760 5199 2946 5254 habet.
2972 5218 2982 5252 :
3013 5202 3202 5255 Eodem
3227 5219 3377 5256 anno
3401 5205 3535 5256 obiit
3555 5207 3697 5259 Lan-

2099 5270 2330 5334 francus
2375 5312 2384 5322 .
2434 5311 2444 5322 .
2507 5311 2516 5322 .
2570 5272 2661 5341 qui
2713 5275 2932 5324 lectioni
2976 5274 3193 5325 assiduo
3240 5278 3471 5339 vacavit,
3527 5279 3698 5332 libros

2114 5341 2304 5393 μίτρης
2320 5358 2383 5394 ac
2404 5344 2542 5396 Novi
2565 5345 2891 5396 Tcstamcnti
2906 5347 3239 5410 scriptorum
3263 5349 3396 5398 vitio
3410 5354 3696 5416 corruptos

2099 5415 2372 5479 corrigere
2391 5415 2624 5476 studuit,
2658 5417 2814 5481 cujus
2839 5416 3238 5468 emendationis
3267 5420 3406 5483 luce,
3433 5423 3546 5471 tam.
3575 5415 3693 5473 Λη-

2098 5486 2318 5548 glorum
2342 5485 2575 5538 Ecclesia
2600 5502 2764 5553 quam
2787 5485 3073 5540 Gallorum
3094 5503 3146 5539 sc
3165 5489 3364 5552 gaudet
3387 5491 3691 5546 illustrari.

2169 5553 2289 5624 (46)
2313 5556 2392 5610 De
2421 5572 2488 5610 eo
2519 5556 2740 5626 egimus
2761 5555 2832 5610 ad
2863 5571 3073 5611 annum
3102 5556 3258 5615 1012.
