4048 6176
328 285 391 342 57
1033 281 1206 338 DOM.
1249 267 1464 340 LUCE
1503 283 1850 340 DACHERII
1889 267 2106 342 NOTE
2145 283 2234 341 ET
2273 282 2888 344 OBSERVATIONES.
3535 287 3606 349 58

327 408 568 480 Quisque
605 406 874 477 ambigat,
931 423 1059 462 cum
1093 423 1194 478 par
1228 427 1397 466 causa
1452 411 1510 465 in
1563 411 1761 466 mortis
1796 411 2150 482 per-Amale
2179 410 2320 465 mori
2350 412 2444 483 qui
2473 411 2615 466 bene
2645 411 2868 466 vixerit.
2903 411 3019 468 Nec
3047 409 3298 485 putanda
3338 417 3425 472 est
3453 415 3604 471 mala

327 497 576 571 pessione
597 503 902 567 utrumque
923 497 1214 553 detineat?
1238 500 1487 555 Audiens
1517 501 1622 555 hoc
1650 501 1917 556 Lanfran-

326 604 438 653 cus,
468 592 762 657 gratanter
789 586 1067 641 rationem
1095 591 1412 660 approbans
1441 591 1674 660 accepit,
1707 591 1920 644 collau-

324 677 459 731 dans
484 677 588 729 viri
615 675 953 747 sapientiam
984 682 1040 730 et
1068 679 1444 749 perspicacem
1475 679 1686 749 ingenii
1706 679 1920 733 subtili-

321 772 490 820 tatem
511 766 680 818 ﬁrma
700 765 933 819 veritate
957 765 1268 821 subnixam.
1296 767 1364 822 Et
1377 768 1637 839 deinceps
1663 773 1919 822 sanctum

323 853 594 925 Elfegum,
625 860 691 908 ut
721 872 846 908 vere
877 872 1142 924 maguum
1175 862 1232 911 et
1254 863 1560 929 martyrem
1589 857 1916 928 gloriosum,

319 945 511 999 devote
541 949 840 998 veneratus
869 950 972 998 est.

387 1031 472 1090 38.
507 1035 731 1088 Interea
763 1035 1005 1088 relatum
1035 1042 1119 1089 est
1147 1035 1255 1107 ipsi
1286 1035 1594 1090 Lanfranco
1617 1036 1764 1106 quod
1785 1053 1921 1106 prae-

321 1129 666 1177 memoratus
698 1122 868 1177 abbas
900 1125 1216 1184 Anselmus,
1256 1141 1370 1179 una
1399 1130 1559 1179 nocte
1588 1129 1716 1196 post
1741 1130 1921 1179 matu-

319 1212 464 1264 tinas
491 1211 721 1266 veniens
752 1212 822 1264 ad
852 1213 1057 1266 lectum
1089 1230 1274 1279 suum,
1311 1213 1526 1267 invenit
1551 1213 1610 1267 in
1639 1229 1704 1267 eo
1736 1229 1916 1267 annu-

318 1301 429 1356 lum
459 1316 700 1354 aureum
725 1319 737 1365 ;
773 1300 928 1373 prius
955 1317 1118 1354 cruce
1149 1302 1357 1356 Christi
1396 1303 1644 1371 signans,
1678 1319 1749 1356 ne
1779 1303 1920 1356 forte

315 1390 498 1443 illusio
517 1389 837 1444 dmmonum
868 1395 1032 1454 esset,
1050 1389 1265 1461 accepit
1281 1391 1439 1444 illum
1467 1407 1596 1445 vere
1623 1391 1916 1457 annulum,

318 1482 368 1530 et
395 1477 641 1530 ostendit
669 1475 930 1530 omnibus
960 1493 1060 1547 per
1090 1493 1329 1547 quorum
1372 1494 1571 1532 manus
1598 1494 1690 1532 res
1723 1493 1918 1531 mona-

317 1565 466 1619 sterii
486 1564 846 1623 transibant;
880 1572 937 1618 et
970 1565 1157 1619 nullus
1187 1565 1369 1620 fassus
1400 1573 1486 1620 est
1513 1583 1573 1620 se
1606 1565 1765 1620 illum
1796 1583 1920 1638 per-

316 1655 540 1708 didisse.
586 1654 799 1709 Deinde
828 1655 1086 1709 venditus
1123 1661 1210 1709 est
1257 1657 1522 1722 annulus,
1555 1660 1613 1709 et
1653 1656 1712 1709 in
1754 1672 1918 1710 usum

315 1743 552 1797 fratrum
583 1758 879 1813 expensus.
915 1744 1076 1806 Quod
1105 1761 1229 1798 cum
1265 1745 1517 1798 audisset
1544 1744 1918 1814 archiepisco-

317 1847 435 1904 pus,
468 1832 738 1886 referenti
759 1831 863 1886 sibi
887 1833 1177 1904 respondit
1203 1851 1214 1885 :
1241 1833 1566 1887 Certissime
1587 1833 1728 1887 scias
1758 1833 1918 1887 illum

316 1928 437 1992 post
463 1938 554 1974 me
584 1920 839 1975 futurum
863 1921 1358 1994 archiepiscopum.
1386 1923 1541 1976 Sicut
1557 1921 1814 1994 praedixit
1843 1923 1922 1978 ita

320 2010 564 2064 evenisse
594 2010 806 2064 scimus
819 2055 833 2068 .

383 2097 458 2154 39
484 2100 616 2154 Haec
651 2099 722 2152 de
763 2103 922 2152 tanto
970 2098 1088 2152 viro
1120 2113 1401 2168 perpauca
1424 2097 1636 2152 inculto
1665 2113 1922 2153 sermone

317 2188 465 2242 dicta
493 2188 624 2242 sint.
656 2188 869 2242 Verum
914 2192 970 2240 et
999 2204 1066 2241 ea
1119 2203 1240 2258 quae
1272 2187 1514 2241 diximus
1549 2187 1618 2241 de
1647 2188 1761 2255 illo,
1792 2205 1923 2242 vera

318 2277 632 2343 credimus;
665 2283 724 2331 et
748 2279 912 2350 plura
939 2278 1027 2331 his
1047 2294 1148 2348 per
1169 2277 1413 2347 gratiam
1436 2277 1536 2331 Dei
1559 2277 1716 2332 illum
1745 2278 1923 2348 egisse

1999 517 2171 567 mors,
2203 505 2345 554 teste
2377 500 2540 555 beato
2569 501 2901 571 Augustino,
2935 518 3106 573 quam
3135 502 3282 558 bona
3317 503 3432 558 vita
3460 522 3604 576 prce-

2000 591 2249 645 cesserit.
2302 592 2445 644 Nam
2484 590 2970 660 appropinquante
3012 592 3254 646 termino
3303 593 3428 648 vitae
3465 610 3602 659 sum,

1999 678 2094 747 (⁸⁸)
2115 679 2317 732 decidit
2349 680 2406 732 in
2435 678 2823 749 {egritudinem
2854 679 2989 750 (47),
3026 697 3138 750 qua
3171 681 3229 734 in
3259 682 3376 736 dies
3408 683 3602 753 ingra-

2001 773 2277 834 vescente,
2311 785 2458 822 anno
2491 768 2997 839 archiepisc0patus
3018 783 3130 837 XIX,
3154 787 3187 823 v
3215 771 3297 840 (39)
3318 771 3601 826 Kalendas

2003 857 2174 923 Junii,
2207 858 2356 911 diem
2398 858 2601 912 clausit
2642 864 2974 922 extremum,
3017 865 3286 928 regnante
3319 861 3604 916 Willelmo

2004 947 2118 1000 filio
2147 947 2415 1000 Willelmi
2449 947 2616 1016 regis.
2656 947 2826 1000 Dolor
2853 947 3111 1001 omnibus
3148 949 3605 1019 incomparabilis

2004 1043 2061 1089 et
2087 1037 2270 1090 luctus
2292 1035 2707 1090 inconsolabilis
2727 1035 2863 1090 suis.
2891 1036 3154 1106 Sepultus
3175 1043 3259 1091 est
3285 1038 3341 1091 in
3371 1039 3604 1092 ecclesia

2003 1125 2214 1179 Christi
2245 1123 2379 1194 (48),
2440 1140 2608 1195 quam
2658 1123 2775 1194 ipse
2826 1124 3139 1179 aediﬁcavit.
3187 1125 3258 1180 Et
3301 1127 3433 1198 quia
3481 1128 3604 1198 ipsa

2003 1213 2246 1267 Ecclesia
2271 1231 2504 1285 parvum
2546 1219 2715 1284 caput
2747 1213 2929 1282 (vulgo
2961 1217 3007 1267 le
3039 1215 3241 1284 ΟΙιρυβι)
3281 1215 3487 1270 habere
3516 1216 3602 1270 vi-

2001 1302 2257 1368 debatur,
2290 1302 2488 1356 beatus
2515 1303 2830 1365 Anselmus,
2865 1319 3154 1357 successor
3181 1304 3324 1373 ejus,
3357 1310 3490 1358 ante
3511 1304 3610 1357 de-

2003 1407 2220 1446 cessum
2253 1408 2416 1445 suum
2443 1398 2811 1461 augmentare
2840 1393 3058 1447 studuit
3079 1392 3324 1446 ecclesiae
3353 1392 3605 1462 ejusdem

2005 1485 2190 1549 caput.
2216 1479 2374 1542 Quod
2405 1479 2473 1533 ab
2505 1496 2568 1534 eo
2590 1480 2935 1547 inchoatum,
2976 1486 3033 1535 et
3072 1484 3198 1551 post
3219 1485 3455 1534 mortem
3485 1482 3607 1551 ejus

2004 1586 2105 1639 per
2133 1569 2321 1639 plures
2365 1586 2541 1622 annos
2589 1571 2946 1634 aediﬁcatum,
2993 1570 3222 1624 tandem
3271 1569 3604 1640 perfectum,

2004 1673 2275 1728 magnum
2316 1675 2456 1728 opus
2485 1663 2540 1712 et
2588 1659 2905 1728 pulchrum,
2939 1675 2972 1711 a
3004 1659 3308 1723 Willelmo,
3345 1659 3440 1729 qui
3481 1663 3611 1729 post

2004 1746 2305 1800 Rodulfum
2375 1747 2625 1800 Anselmi
2687 1763 3094 1812 successorem,
3156 1747 3608 1818 archiepiscopus

2002 1835 2231 1900 exstitit,
2253 1852 2378 1888 cum
2402 1852 2605 1905 magna
2629 1837 2830 1906 gloria,
2857 1842 2912 1889 et
2941 1836 3191 1890 omnium
3218 1852 3403 1889 rerum
3436 1835 3609 1890 abun-

2003 1923 2197 1977 dantia
2226 1923 2543 1976 dedicatum
2576 1930 2680 1987 est,
2713 1924 2859 1977 sicut
2885 1924 3068 1976 clerus
3098 1929 3154 1976 et
3177 1923 3417 1993 populus
3447 1922 3609 1992 regni

2003 2016 2303 2078 testantur,
2324 2012 2418 2082 qui
2446 2012 2766 2066 adfuerunt.
2787 2013 2985 2083 Itaque
3006 2027 3134 2066 cum
3153 2011 3474 2065 immineret
3489 2011 3610 2065 dies

2003 2101 2181 2172 ipsius
2215 2101 2600 2167 dedicationis,
2644 2101 2790 2155 sicut
2839 2117 2959 2154 mos
3007 2106 3108 2165 est,
3156 2099 3344 2154 omnia
3373 2103 3609 2171 corpora

2005 2191 2074 2244 de
2101 2189 2334 2243 ecclesia
2363 2189 2511 2242 elata
2540 2189 2788 2243 fuerunt.
2820 2189 2976 2243 Tunc
3006 2188 3234 2260 quidam
3270 2187 3461 2255 frater,
3494 2187 3609 2240 sive

2005 2279 2348 2345 curiositate,
2372 2296 2490 2345 seu,
2525 2279 2675 2350 quod
2699 2279 2882 2349 magis
2922 2277 3188 2332 credibile
3220 2283 3324 2342 est,
3351 2294 3452 2348 pro
3483 2276 3612 2331 reli-

316 2383 426 2422 non
457 2367 802 2421 dubitamus.
836 2368 980 2421 Nam
1020 2383 1055 2420 a
1095 2372 1352 2437 tempore
1394 2383 1510 2420 suae
1547 2367 1923 2422 conversionis
2008 2368 2155 2439 quiis
2177 2367 2492 2422 habendam
2511 2368 2580 2421 de
2599 2368 2790 2421 casula
2806 2367 3037 2436 gloriosi
3059 2366 3354 2420 Lanfranci
3373 2365 3614 2420 abscidit

313 2462 432 2510 toto
479 2457 674 2510 animo
723 2471 954 2527 operam
997 2455 1154 2509 dedit
1188 2455 1449 2525 religioni
1489 2460 1547 2509 et
1587 2471 1810 2526 semper
1849 2456 1918 2509 ad
2003 2456 2370 2528 particulam;
2395 2456 2464 2509 de
2491 2472 2602 2526 qua
2627 2455 2755 2508 miri
2777 2454 2964 2509 odoris
2990 2455 3236 2508 suavitas
3255 2453 3605 2525 efflagrabat.

312 2544 548 2599 meliora
593 2543 852 2607 tendens,
885 2544 953 2598 de
993 2543 1198 2598 virtute
1242 2543 1301 2596 in
1343 2543 1608 2598 virtutem
1651 2545 1919 2615 proﬁcere
2004 2545 2264 2601 Ostendit
2293 2543 2437 2610 aliis,
2471 2544 2565 2615 qui
2597 2549 2652 2599 et
2666 2544 2774 2616 ipsi
2803 2550 3103 2599 senserunt
3132 2543 3320 2598 odoris
3350 2543 3606 2614 fragran-

311 2634 548 2706 studuit.
580 2633 716 2698 Quis
745 2633 913 2704 digne
955 2638 1140 2704 potest
1183 2649 1446 2686 enarrare
1477 2633 1599 2703 ejus
1629 2633 1916 2704 sapientiae
1998 2635 2160 2690 tiam.
2191 2635 2314 2698 Qua
2338 2634 2407 2687 de
2436 2651 2496 2687 re
2525 2633 2766 2704 intelligi
2787 2634 2956 2688 datur
2976 2634 3124 2705 quod
3155 2633 3346 2688 anima
3372 2633 3529 2688 illius
3548 2631 3608 2688 in

309 2721 1468 2793 claritatem,ingeniisubtilitatem,cordis
1487 2721 1913 2792 benignitatem,
1999 2739 2205 2793 magna
2252 2722 2531 2776 suavitate
2574 2721 2896 2793 requiescit,
2942 2722 3100 2791 cujus
3141 2720 3388 2792 corporis
3435 2721 3597 2775 indu-

308 2813 606 2867 industriae
633 2811 992 2883 probitatem,
1020 2811 1194 2864 animi
1225 2810 1530 2881 puritatem
1554 2811 1579 2864 Τ
1608 2811 1737 2865 Fuit
1765 2811 1916 2865 enim
2000 2818 2191 2866 menta
2221 2817 2379 2866 tanto
2413 2812 2582 2865 odore
2633 2812 2907 2866 redolent.
2957 2812 3092 2874 Quae
3121 2810 3392 2864 nimirum
3419 2809 3608 2881 gratia

310 2902 607 2957 alacritate
620 2900 922 2971 jucundus,
945 2900 1262 2954 humilitate
1283 2899 1597 2954 submissus
1627 2918 1639 2966 ;
1683 2900 1740 2953 in
1772 2901 1917 2954 elee-
2002 2902 2114 2956 illis
2145 2901 2387 2954 maxime
2416 2900 2758 2965 conceditur,
2793 2900 2906 2970 qui,
2947 2899 3080 2954 dum
3120 2899 3369 2952 viverent
3396 2899 3455 2952 in
3481 2915 3610 2952 cor-

315 2992 567 3063 mosynis
608 2991 820 3061 largus,
879 2989 988 3043 ﬁde
1034 2989 1362 3055 catholicus,
1411 2988 1744 3044 Christianae
1794 2990 1920 3043 rell-
2003 3008 2158 3062 pore,
2185 2989 2523 3044 munditiam
2571 2989 2753 3043 cordis
2801 2993 2860 3042 et
2904 2988 3087 3042 carnis
3129 2987 3610 3058 incorruptionem

312 3083 497 3153 gionis
526 3086 841 3151 reparator,
863 3096 1171 3150 pauperum
1190 3083 1554 3145 sustentator,
1572 3071 1976 3150 pupillorumC
1999 3095 2176 3150 usque
2227 3079 2299 3132 ad
2347 3079 2518 3131 ﬁnem
2549 3077 2677 3132 vitae
2723 3093 2945 3132 servare
2974 3076 3331 3130 studuerunt.
3363 3075 3608 3131 [Eternaa

312 3177 619 3244 protector,
655 3171 951 3224 viduarum
981 3169 1316 3223 consolator.
1351 3167 1471 3235 llis,
1504 3168 1648 3233 aliis,
1683 3167 1920 3238 aliisque

312 3261 616 3316 virtutibus
667 3265 919 3324 ornatus,
963 3259 1127 3312 ﬁdem
1174 3263 1325 3311 recte
1364 3256 1597 3310 vivendo
1653 3257 1915 3322 servavit,

308 3367 540 3406 cursum
559 3349 699 3404 bene
727 3348 1018 3403 moriendo
1037 3345 1383 3402 terminavit.
1404 3346 1530 3400 Non
1557 3345 1705 3400 enim
1735 3352 1920 3416 potest

380 3491 498 3561 (47)
524 3491 738 3546 Audita
782 3491 888 3544 hac
916 3489 1213 3544 Lanfranci
1251 3486 1586 3561 aegritudine
1617 3488 1916 3561 Anselmus

308 3558 394 3618 sui
425 3558 486 3618 et
509 3563 686 3618 totius
715 3568 1019 3616 conventus
1045 3558 1337 3615 Beccensis
1363 3559 1617 3631 nomine,
1639 3558 1708 3612 ad
1731 3560 1916 3631 ipsum

309 3635 614 3708 epistolam
663 3633 906 3704 scripsit,
937 3650 1059 3704 qua:
1094 3638 1197 3697 est,
1225 3632 1283 3686 in
1324 3647 1468 3686 nova
1487 3629 1919 3697 editione,‘ulti-

308 3706 719 3848 ωῗίΪΙὲῗΐὲὶῗΗθ
746 3792 810 3830 eo
839 3775 1048 3830 tabulae
1079 3791 1212 3829 mss.
1249 3773 1398 3846 apud
1441 3773 1822 3829 Gerberonem
1864 3773 1922 3827 in

1999 3167 2364 3223 beatitudinis
2393 3167 2639 3238 quietem
2671 3166 3038 3222 animeeillius
3063 3167 3188 3238 pius
3219 3165 3477 3220 Christus
3498 3165 3606 3219 Do-

1999 3258 2188 3312 minus
2218 3261 2410 3310 noster
2438 3257 2650 3310 donare
2685 3257 2968 3327 dignetur,
3005 3257 3099 3328 qui
3144 3260 3230 3310 est
3273 3254 3600 3310 benedictus

2001 3348 2061 3402 in
2092 3352 2386 3401 aeternum.
2422 3345 2622 3399 Amen.

1999 3489 2148 3544 notis
2173 3489 2244 3543 ad
2275 3487 2453 3559 Epist.
2481 3486 2570 3554 41,
2604 3483 2733 3559 libri
2762 3503 2801 3540 ιι
2833 3485 2888 3540 S.
2921 3485 3170 3559 Anselmi
3197 3509 3208 3540 .
3245 3487 3600 3555 Lanfranous

2000 3558 2423 3619 Cantuariensis
2454 3558 2768 3626 metropolis
2810 3558 3246 3626 archiepiscopus
3294 3560 3605 3626 defunctus,

1999 3636 2062 3686 in
2090 3633 2318 3686 basilica
2349 3637 2549 3684 sanctas
2576 3630 3067 3697 Trinitatis,quam
3084 3631 3194 3699 ipse
3216 3632 3456 3698 miriﬁco
3481 3644 3605 3698 opes-

2006 3720 2066 3758 re
2094 3708 2496 3769 construxerat,
2530 3703 2774 3770 sepultus
2795 3703 2889 3756 est.

751 4035 1488 4150 DOMIN’I
1561 4033 2112 4148 ιυσιιε
2184 4033 3160 4148 »Αοηειιιι

1259 4249 1535 4294 NONACHI
1578 4248 1967 4294 BENEDICTINI
2013 4246 2313 4293 CONGREG.
2361 4247 2409 4292 S.
2461 4247 2654 4292 MAURI

527 4371 662 4442 AD
718 4367 1022 4440 VITAM
1082 4367 1161 4437 B.
1219 4365 1761 4441 LANFRANCI
1816 4364 2563 4439 CANTUARIENSIS
2629 4362 3364 4439 ARCHIEPISCOPI

707 4531 1257 4662 NOTJE
1347 4524 1572 4663 ET
1675 4515 3228 4661 OBSERVATIONES.

375 4845 687 4914 Auctorem
717 4840 940 4914 Vitari}.
975 4841 1268 4896 Lanfranci
1298 4841 1561 4898 Milonem
1595 4841 2169 4914 CrispinumDverba
2206 4865 2218 4899 :
2256 4860 2282 4895 ‹‹
2315 4843 2503 4896 Vitam
2531 4841 2609 4914 SL
2634 4839 2890 4914 Herlui‘ni
2921 4839 3097 4914 edidit
3125 4837 3434 4914 Gilbertus,
3477 4838 3604 4894 Cri-

301 4913 478 4967 fuisse
508 4912 778 4968 elenchus
807 4913 967 4966 initio
987 4914 1192 4970 codicis
1222 4931 1328 4968 ms.
1365 4915 1530 4978 (unde
1549 4912 1736 4968 Vitam
1763 4914 1913 4967 illam

301 4985 618 5055 desumpsi)
665 4985 926 5055 praeﬁxus
962 5001 1054 5038 me
1103 4985 1309 5040 docuit.
1361 4986 1626 5040 Milonem
1675 5001 1804 5039 vero
1855 4986 1912 5040 S.

299 5055 560 5110 Anselmi
586 5055 969 5125 synchronum
1002 5073 1060 5109 se
1103 5073 1223 5111 esse
1261 5057 1409 5111 haud
1450 5056 1682 5111 obscure
1729 5056 1918 5127 prodit

302 5127 362 5199 in
397 5127 550 5180 calce
594 5126 848 5199 ejusdem
880 5127 1054 5199 Vitae;
1099 5127 1193 5199 ubi
1229 5133 1595 5199 posteaquam
1633 5126 1915 5182 enarravit

301 5198 610 5251 diaconum
644 5196 864 5251 meritis
899 5198 961 5251 B.
1005 5196 1300 5252 Lanfranci
1330 5215 1361 5252 a
1393 5196 1710 5252 daemonum
1738 5199 1912 5253 servi-

299 5276 432 5322 tute
490 5275 834 5340 exemptum,
885 5269 1002 5322 hzec
1048 5269 1282 5323 subdit:
1324 5290 1344 5321 α
1382 5271 1498 5323 Hoc
1542 5271 1602 5323 B.
1648 5272 1914 5325 Anselmo

298 5340 709 5411 archiprzesule
731 5341 1028 5413 referente,
1059 5358 1186 5395 cum
1211 5340 1336 5413 aliis
1364 5341 1571 5395 audivi.
1601 5361 1622 5391 ι
1650 5343 1813 5395 Illum
1838 5343 1916 5413 ip-

297 5417 755 5484 sumrauctorem
797 5412 949 5465 Vitas
977 5429 1200 5484 quoque
1244 5412 1511 5467 abbatum
1556 5412 1913 5467 Beccensium

297 5483 563 5554 proxime
593 5484 650 5537 S.
683 5484 1013 5537 Anselmum
1041 5483 1504 5556 subsequentium
1529 5483 1910 5556 descripsisse,

296 5559 661 5626 compertum
691 5559 777 5610 est
819 5571 886 5610 ex
914 5555 1111 5611 eodem
1141 5555 1420 5625 indiculo;
1449 5556 1611 5627 cujus
1635 5555 1752 5612 haec
1781 5562 1914 5613 sunt

1999 4915 2215 4984 Spinus,
2242 4915 2549 4968 monachus
2581 4911 2874 4984 Beccensis
2888 4915 2956 4984 Aet
2973 4910 3146 4984 abbas
3165 4911 3608 4967 Westmonaste-

1998 4981 2088 5039 rii.
2120 4987 2306 5040 Vitam
2345 4987 2401 5040 S.
2461 4983 2713 5038 Anselmi
2752 4981 2929 5036 edidit
2979 4983 3254 5037 Edmerus
3291 4984 3602 5038 monachus

1999 5057 2440 5111 Cantuariensis.
2488 5056 2674 5109 Vitam
2732 5054 2972 5107 aliorum
3019 5053 3230 5108 scilicet
3282 5053 3608 5119 Lanfranci,

1998 5125 2284 5194 Willelmi,
2331 5128 2582 5190 Bosonis,
2634 5123 2920 5191 Teobaldi,
2974 5125 3221 5191 Letardi,
3273 5125 3603 5196 conscripsit

1996 5199 2128 5253 Milo
2159 5199 2452 5270 Crispinus
2472 5203 2668 5252 cantor
2687 5196 2863 5250 Becci.
2902 5215 2925 5247 ›
2960 5196 3101 5270 Hinc
3128 5201 3286 5270 patet
3304 5197 3376 5250 ad
3411 5197 3600 5270 decre-

1996 5271 2171 5341 pitam
2199 5266 2544 5324 senectutem
2559 5269 2727 5322 vitam
2750 5267 3091 5341 protraxisse
3113 5266 3414 5341 Milonem:
3443 5266 3603 5341 quip-

1996 5338 2189 5424 ᾖξε-(1υῇ
2221 5359 2450 5413 compar
2479 5343 2540 5395 B.
2562 5341 2845 5422 Anselmo,
2868 5345 3034 5424 gesta
3051 5338 3347 5418 descripsit

1997 5409 2233 5486 abbatis,
2285 5409 2451 5486 quem
2491 5431 2521 5467 e
2570 5412 2705 5466 vivis
2753 5427 2845 5486 an.
2882 5409 3037 5467 71149
3083 5409 3381 5464 excessisse
3426 5409 3602 5465 tradit

1995 5481 2600 5540 chronicon'Beccense
2623 5500 2750 5554 pag.
2787 5481 2838 5537 7.

2070 5557 2130 5626 t‘)
2192 5559 2525 5613 Venerabilis
2584 5553 3046 5613 Westrnonauerii
3089 5553 3256 5607 abbas
3299 5553 3596 5612 Gilbertus.
