4048 6176
248 285 312 336 65
963 275 1136 346 nos.
1179 275 1386 348 ωορδ
1427 277 1777 343 DACHEBII
1819 276 2034 344 Now
2073 277 2168 367 ET.
2201 275 2816 354 OBSERVATIONES.
3461 275 3528 342 66

314 473 620 540 Ρτωιθτθει,
676 472 722 525 si
771 471 1338 544 quisiepiscOporum,
1371 471 1846 544 presbyterorum,

247 544 636 610 diaconorum,
660 548 761 597 aut
787 542 1256 597 subdiaconorum
1274 586 1286 598 .
1304 542 1430 613 post
1456 542 1742 614 cognitum
1763 544 1852 598 in-

243 615 549 670 terdictum
579 614 796 669 domini
825 614 1004 668 nostri
1032 630 1188 684 papae
1208 614 1443 678 Nicolai,
1481 615 1733 669 mulieris
1761 632 1853 670 cu-

238 686 476 759 juslibet
495 685 711 759 carnali
731 685 1011 759 detentus
1025 684 1640 759 cop_ula,_a_ministerio
1670 691 1727 740 et
1752 685 1853 740 be-

243 755 445 814 neﬁcio
460 757 660 813 altaris
675 773 788 811 non
806 755 1073 828 cessavit,
1088 756 1204 828 sive
1233 755 1495 828 deinceps
1513 773 1852 828 cognoscens

279 829 601 912 raelibatum
635 827 955 912 apostolicae
984 826 1132 912 sedis
1159 826 1541 912 interdictum,
1583 826 1697 912 :aut
1724 844 1850 881 mu-

261 901 460 968 ierem,
484 905 589 954 aut
607 897 985 953 ministerium
1015 898 1258 952 ecclesiae
1286 915 1412 952 cum
1431 899 1702 954 beneﬁcio
1738 915 1852 953 non

242 973 434 1026 statim
485 970 823 1043 deseruerit,
855 969 1085 1035 nullam?
1111 968 1481 1024 restitutionis
1517 971 1580 1034 in
1613 969 1852 1043 pristino

240 1043 422 1114 gradu
451 1041 678 1098 veniam
707 1041 814 1096 sibi
830 1056 1144 1095 reservasse
1171 1046 1488 1112 cognoscat.

856 1129 1090 1184 CAPUT
1128 1129 1245 1184 VII.

311 1220 652 1290 Quicunque
679 1223 870 1278 autem
919 1218 1252 1273 clericorum
1283 1218 1563 1290 deinceps
1591 1219 1648 1272 in
1679 1219 1852 1274 armis

243 1289 634 1358 militaverint,
654 1296 714 1345 et
733 1289 1067 1345 beneficium
1083 1297 1139 1345 et
1157 1291 1500 1346 consortium
1520 1289 1853 1346 clericorum

242 1364 531 1420 amittant.

854 1433 1090 1488 CAPUT
1117 1432 1269 1488 VIII.

311 1519 956 1593 Quicunqueilaicorum
981 1519 1198 1593 aliquid
1225 1521 1295 1593 de
1316 1521 1385 1575 iis
1423 1536 1548 1593 quae
1586 1521 1657 1576 ad
1694 1520 1852 1593 obla-

243 1594 477 1659 tionem,
509 1593 602 1646 vel
627 1592 1042 1663 eleemosynam
1092 1592 1338 1647 ecclesiae
1393 1592 1697 1663 pertinent,
1739 1592 1853 1646 sive

245 1665 620 1746 sepulturam,
636 1663 753 1746 sive
781 1663 978 1746 saltem
1009 1663 1239 1746 tertiam
1264 1663 1616 1746 decimarum
1629 1669 1850 1746 partem

373 1735 554 1801 idene,
575 1734 834 1797 vendere,
870 1739 970 1790 aut
997 1734 1102 1789 sub
1132 1735 1361 1790 nomine
1388 1734 1665 1802 beneﬁcii,
1684 1735 1852 1791 alicui

275 1823 398 1889 are,
433 1807 679 1862 ulterius
704 1807 1143 1878 praesumpserit,
1177 1805 1554 1861 anathematis
1568 1807 1758 1877 gladio
1778 1807 1856 1861 fe-

243 1884 444 1933 riatur.

855 1949 1091 2004 CAPUT
1121 1948 1215 2002 IX.

317 2038 656 2108 Quicunque
690 2038 1166 2110 consanguineam
1190 2053 1371 2103 suam,
1411 2043 1512 2092 aut
1539 2054 1708 2110 quam
1727 2053 1856 2094 con-

246 2110 595 2181 sanguineus
629 2125 767 2163 suus
795 2109 950 2181 prius
978 2115 1335 2180 cognoverat,
1381 2115 1499 2181 aut
1529 2111 1690 2179 cujus
1729 2124 1855 2181 san-

242 2180 514 2254 guineam
548 2180 847 2254 carnaliter
878 2180 936 2247 in
967 2181 1286 2252 conjugium
1319 2180 1552 2254 accepit,
1584 2181 1669 2234 vel
1691 2180 1851 2254 dein-

243 2251 373 2324 ceps
397 2252 700 2324 acceperit,
732 2251 816 2304 vel
848 2251 1163 2324 postquam:
1177 2251 1465 2324 cognovit,
1493 2268 1606 2318 non
1662 2252 1854 2324 statim

243 2322 482 2392 dimisit,
507 2322 611 2376 aut
627 2322 968 2392 cognosCens
987 2338 1101 2376 non
1137 2322 1414 2378 dimiserit
1437 2342 1450 2388 ;
1482 2327 1582 2377 aut
1612 2322 1707 2393 qui
1725 2339 1856 2378 uxo-

245 2411 361 2449 rem
378 2394 618 2449 alterius
640 2393 847 2466 rapuit,
875 2410 972 2466 seu
990 2394 1262 2466 rapuerit,
1294 2395 1380 2448 vel
1404 2395 1500 2466 qui
1528 2411 1686 2448 suam
1715 2411 1856 2466 uxo-

247 2483 386 2532 rem,
407 2467 534 2520 sine
558 2465 773 2536 judicio
804 2464 1104 2536 episcopali
1134 2464 1442 2531 dimittens,
1476 2466 1647 2520 aliam
1698 2464 1859 2519 duxit

241 2537 326 2591 vel
353 2535 603 2602 duxerit,
637 2536 828 2608 donec,
850 2535 912 2589 Se
939 2535 1240 2608 fructuosae
1276 2537 1466 2591 tradat
1489 2537 1853 2608 pmnitentiae,

245 2625 278 2662 a
303 2624 543 2680 corpore
563 2613 620 2662 et
634 2607 907 2680 sanguine
929 2607 1155 2662 Domini
1179 2609 1354 2662 nostri
1379 2609 1406 2662 J
1413 2607 1510 2680 esu
1542 2608 1769 2675 Christi,
1803 2613 1859 2662 et

245 2695 275 2733 a
297 2677 596 2734 liminibus
626 2677 872 2734 ecclesiae
895 2694 956 2733 se
1009 2679 1315 2745 exclusum,
1354 2683 1412 2733 et
1441 2679 1768 2746 alienatum,
1802 2683 1860 2734 et

247 2750 590 2822 omnimodis
610 2750 756 2822 sicut
776 2749 1063 2822 putridum
1096 2749 1410 2822 membrum
1437 2767 1471 2804 a
1501 2766 1636 2822 sano
1666 2766 1859 2822 corpo-

247 2767 590 2814 omnimodis
610 2767 1063 2874 ειειιιὲιηνιαωη
1096 2767 1410 2804 memorum
1437 2767 1471 2804 a
1501 2767 1636 2806 sano
1666 2767 1852 2822 corpo-

247 2839 304 2875 re
335 2821 640 2894 praecisum
668 2821 764 2896 gla
804 2821 858 2876 io
879 2820 1142 2892 Spiritus,
1172 2821 1321 2894 quod
1365 2826 1453 2876 est
1477 2821 1708 2877 verbum
1731 2821 1852 2888 Dei,

248 2897 537 2964 agnoscat.
688 2895 693 2902 ’

269 2963 303 2973 ί
931 2963 1165 3018 CAPUT
1184 2963 1252 3016 X.

317 3035 655 3105 Quicunque
684 3033 1004 3088 monasticae
1032 3034 1320 3105 religionis
1369 3033 1625 3090 desertor
1666 3034 1858 3090 inven-

246 3093 580 3171 tus'fuerit;
609 3121 647 3158 a
701 3120 875 3175 regno
905 3105 1007 3159 Dei
1037 3111 1095 3159 et
1124 3093 1171 3160 εἴ
1187 3105 1466 3160 consortio
1507 3093 1913 3164 Christiano-0

255 3194 402 3244 rum,
426 3178 581 3231 sicut
597 3181 874 3246 apostata,
918 3176 1264 3241 excludatur,
1312 3182 1369 3230 et
1394 3176 1610 3231 alienus
1631 3178 1852 3242 existat,

250 3248 426 3302 donec
451 3247 789 3318 resipiscens
818 3247 987 3317 digne
1003 3247 1572 3318 pceniteat.Similiter
1595 3248 1691 3318 qui
1713 3249 1858 3318 ejus-

250 3320 398 3374 modi
430 3317 606 3390 digne
633 3318 970 3389 poenitentes
990 3317 1239 3390 recipere
1267 3317 1528 3384 noluerit,
1562 3317 1728 3372 tertio
1748 3317 1856 3374 fad-

249 3389 520 3454 monitus,
536 3389 586 3443 si
613 3405 726 3443 non
757 3389 1121 3460 acquieverit,
1139 3405 1173 3443 a
1202 3390 1594 3460 communione
1617 3390 1857 3444 fratrum

251 3461 653 3544 suspendatur,
686 3461 801 3514 sive
843 3459 930 3514 isit
980 3460 1173 3529 abbas,
1204 3461 1319 3516 sive
1349 3459 1650 3527 abbatissa,
1684 3461 1858 3516 donec

252 3538 596 3587 acauiescat.

354 3549 596 3587 ulcscat.

317 3549 440 3675 ἒεο
461 3603 787 3674 Stephanus
805 3605 1011 3675 sanctae
1031 3602 1298 3675 Romanae
1320 3600 1574 3675 Ecclesia:
1598 3603 1860 3675 cardina-

252 3674 318 3728 lis
338 3673 605 3729 sacerdos
634 3679 880 3737 vocatus,
903 3673 1029 3745 vice
1058 3673 1272 3733 domini
1322 3673 1432 3745 mei
1462 3689 1621 3745 papae
1640 3673 1859 3745 Nicolai

252 3745 561 3817 presidens
590 3744 823 3817 synodo,
857 3744 946 3798 his
976 3744 1470 3817 constitutionibus
1509 3744 1554 3799 a7
1578 3744 1740 3800 nobis
1765 3762 1858 3798 ca-

253 3815 452 3897 nonice
474 3815 878 3897 promulgatis,
900 3815 1197 3897 parvitatis
1231 3832 1369 3897 meae
1398 3831 1687 3897 assensum
1715 3834 1858 3887 prae-

251 3886 750 3968 benssubscripsi.
783 3886 996 3968 Deinde
1043 3887 1495 3968 subscripserunt
1518 3886 1859 3944 decem’tam

252 3957 662 4031 archiepiscOpi
693 3974 862 4031 quam
895 3957 1160 4031 episcopi.

323 4029 619 4102 Hactenus
637 4029 937 4102 concilium
968 4045 1033 4084 ex
1063 4029 1401 4102 bibliotheca
1452 4029 1550 4086 SS.
1583 4030 1766 4102 Sergii
1803 4034 1862 4086 et

254 4102 460 4156 Bacchi
487 4101 912 4172 Andegavensis
940 4100 1286 4157 monasterii.

330 4172 424 4241 (εί)
452 4175 517 4227 Et
547 4189 669 4227 eam
693 4189 746 4245 se
777 4175 1213 4245 tenerejuravit.
1275 4172 1601 4244 Berengarii
1637 4172 1867 4245 publica.

258 4245 534 4299 confessio
561 4259 662 4300 seu
681 4243 1078 4315 jusjurandum
1105 4247 1304 4310 exstat,
1337 4243 1475 4315 cap.’
1508 4246 1617 4312 Ego
1638 4243 1860 4300 IBeren-

259 4318 476 4383 garius.
500 4315 584 4370 De
597 4331 817 4370 consec.
839 4313 1043 4386 dist.2,
1068 4320 1238 4386 atque
1258 4315 1321 4386 in
1362 4313 1474 4370 ﬁne
1507 4315 1725 4370 concilii
1747 4317 1859 4370 Ro-

258 4387 417 4441 mani
438 4386 542 4442 sub
572 4387 805 4442 Nicolao
834 4386 946 4440 PP.
973 4385 1044 4452 II,
1089 4383 1238 4442 anno
1265 4383 1426 4457 1059,
1459 4392 1582 4442 tum
1606 4387 1666 4441 in
1693 4403 1863 4445 causa

1868 1690 1915 1750 Β
1939 1679 2088 1734 lelmi
2145 1680 2504 1747 sententiam,

1867 411 1917 480 Α
1934 398 2125 480 branis
2151 399 2388 480 abbatiae
2417 401 2629 480 Qasalis
2659 401 2942 480 Benedicti
2971 404 3175 458 nostra:
3225 413 3527 480 congregaf

1933 471 2102 554 tionis
2125 478 2393 554 encerptie
2424 472 2625 554 docent
2679 473 2925 554 epistolae
2950 491 2962 554 ξ
3008 489 3165 554 quas,
3194 487 3265 526 ne
3293 476 3530 542 pereant

1931 543 2084 597 hisce
2112 543 2567 610 adnotationibus
2594 543 2856 599 duximus
2884 544 3232 601 intexendas.

2225 651 2464 718 Epistota
2493 652 2818 717 Berengarii
2833 652 2918 712 ad
2935 651 3272 706 Ascetinum.

2007 756 2032 790 «
2064 741 2254 793 Fratri
2272 740 2555 792 ASCELINO
2584 739 2988 792 Bsnasasmus.

2008 846 2031 877 «
2070 829 2258 898 Longe
2296 827 2460 898 aliter
2487 827 2640 898 vobis
2669 826 3021 882 scribendum
3078 827 3280 894 fuerat,
3312 826 3359 880 si
3388 826 3529 898 mihi

1934 897 1989 951 id
2019 894 2256 969 liberu'm
2288 898 2369 952 vis
2390 897 2604 969 divina
2658 897 2915 964 fecisset;
2961 899 3105 968 quod
3139 899 3270 969 quia
3291 915 3402 953 non
3432 894 3524 968 sit,

1933 968 2287 1024 scribendum
2318 968 2471 1022 vobis
2498 974 2782 1040 utcunque
2822 969 3031 1040 putavi.
3084 968 3191 1023 Per
3226 987 3321 1024 vos
3351 969 3527 1040 igitur

1933 1042 2212 1112 transiens
2231 1040 2618 1112 disposueram
2638 1039 2865 1101 omnino
2899 1039 3039 1094 nihil
3068 1057 3241 1112 agere
3256 1039 3531 1112 cumqui-

1933 1110 2258 1184 buscunque
2287 1110 2356 1167 de
2375 1112 2750 1184 rEucfharistia,
2776 1110 3116 1184 priusquam
3141 1110 3523 1184 satisfacerem

1935 1183 1993 1236 in
2041 1200 2105 1237 eo
2144 1181 2417 1254 episcopis
2449 1183 2520 1236 ad
2549 1200 2687 1253 quos
2739 1181 2870 1238 cOnt
2889 1181 3182 1254 endebam,
3218 1183 3528 1254 secundum

1935 1253 2419 1324 evangelicamiet
2465 1254 2824 1324 apostolicam
2879 1253 3245 1324 Scripturam.
3273 1253 3411 1308 Inde
3437 1254 3533 1308 fa-

1934 1330 2087 1379 ctum
2118 1331 2202 1379 est
2222 1331 2284 1398 ut
2311 1325 2450 1398 nihil
2479 1341 2620 1398 pene
2649 1324 2803 1398 vobis
2860 1325 3238 1398 Opposuerim,
3271 1325 3526 1398 nihilque

1935 1397 2313 1450 consenserim
2338 1396 2395 1448 in
2425 1395 2698 1468 celloquio
2730 1396 2845 1468 illo,
2877 1395 2948 1450 ad
3005 1397 3151 1466 quod
3185 1413 3349 1468 quam
3382 1395 3530 1449 indi-

1932 1484 2043 1538 gne
2063 1471 2197 1522 tunc
2225 1467 2681 1532 conveneras,ut
2713 1467 2969 1530 omittam
3016 1467 3264 1534 caeterOs,
3308 1467 3355 1521 si
3406 1483 3529 1520 rem

1933 1537 2272 1608 consideres,
2302 1555 2416 1593 non
2446 1537 2641 1594 latebit
2675 1557 2685 1592 :
2718 1539 2855 1594 Inde
2885 1539 3092 1594 factum
3127 1543 3213 1592 est
3264 1544 3332 1593 ut
3359 1537 3533 1591 etiam

1933 1609 2202 1664 tacuerim
2242 1609 2311 1663 ad
2351 1609 2729 1663 damnabilem
2760 1615 2816 1664 et
2845 1609 3176 1679 sacrilegam
3205 1609 3360 1662 illam
3389 1608 3534 1664 Wil-

2577 1697 2708 1736 uam
2751 1681 3153 1751 pronuntiavit,
3185 1696 3407 1734 omnem
3431 1679 3534 1751 ho-

1936 1752 2145 1806 minem
2168 1752 2237 1806 ad
2258 1767 2513 1808 mensam
2549 1750 2902 1806 Dominicam
2949 1750 3153 1806 debere
3200 1751 3260 1804 in
3312 1750 3529 1803 Pascha

1937 1823 2218 1878 accedere.
2250 1823 2326 1878 Ut
2354 1840 2484 1892 ergo
2506 1821 2577 1876 ad
2622 1840 2740 1878 rem
2769 1823 3006 1886 veniam,
3037 1821 3223 1878 audivi
3276 1837 3426 1875 nunc
3439 1821 3533 1890 ja-

1934 1894 2132 1949 ctitare
2168 1893 2511 1949 Willelmum
2539 1895 2685 1964 quod
2713 1910 2919 1963 negare
2969 1892 3314 1964 nequiverim
3352 1892 3533 1946 haere-

1935 1966 2112 2020 ticum
2161 1982 2282 2019 esse
2335 1963 2608 2022 Joannem
2665 1965 2914 2020 Scotum.
2957 1963 3116 2027 QuOd
3168 1963 3370 2017 falsum
3409 1978 3533 2016 esse

1933 2038 2095 2094 testis
2116 2036 2256 2090 mihi
2276 2053 2354 2103 es,
2387 2036 2434 2090 si
2456 2036 2593 2090 satis
2607 2035 2913 2108 meministi
2943 2033 3235 2090 verborum
3252 2048 3530 2108 meorum,

1937 2108 2191 2180 quamvis
2245 2108 2569 2180 haereticum
2618 2106 2824 2180 habeas
2867 2112 2929 2160 tu
2983 2122 3204 2180 quoque
3250 2106 3534 2180 ‘Joannem

1937 2176 2184 2246 Scotum,
2220 2195 2387 2250 quam
2433 2178 2862 2250 inconsiderate,
2907 2176 3078 2250 quam
3127 2176 3318 2250 impie,
3362 2192 3534 2248 quam

1935 2250 2165 2321 indigne
2190 2248 2499 2304 sacerdotio
2523 2255 2620 2305 tuo
2651 2266 2762 2305 non
2792 2249 3004 2321 diutius
3045 2254 3101 2321 te
3151 2248 3383 2321 nescire;
3412 2264 3536 2321 per-

1937 2318 2145 2389 mittat,
2180 2321 2276 2375 ille
2305 2321 2372 2374 de
2398 2338 2508 2391 quo
2553 2321 2855 2391 Apostolus
2913 2318 3487 2391 ﬁdelibuspromittit
3519 2336 3531 2372 :

1942 2338 2145 2389 mittat,
2180 2338 2276 2375 lue
2305 2338 2372 2374 ae
2436 2338 2508 2375 uo
2553 2338 2855 2391 Aposwius
2913 2338 3171 2373 nuenous
3208 2338 3487 2389 promum
3519 2338 3531 2372 :

1942 2412 1966 2444 «
2001 2393 2110 2447 Sed
2141 2399 2198 2449 et
2216 2391 2262 2447 si
2292 2338 2434 2463 quidl
2456 2392 2620 2445 aliter
2640 2391 2855 2462 sapitis,
2876 2395 2932 2446 et
2956 2391 3059 2463 hoc
3077 2389 3232 2444 vobis
3261 2390 3409 2463 Deus
3439 2405 3531 2442 re-

1937 2463 2161 2518 velabit.
2194 2483 2214 2514 ι
2242 2461 2404 2534 Sapis
2429 2464 2578 2517 enim
2601 2461 2796 2520 contra
2824 2462 3006 2534 omnis
3029 2466 3245 2515 natura:
3264 2461 3530 2534 rationes,

1939 2540 2134 2589 contra
2162 2529 2537 2604 evangelicam
2583 2538 2640 2588 et
2676 2533 3039 2605 apostolicam
3063 2604 3072 2605 η
3089 2531 3456 2605 sententiam,
3489 2529 3539 2590 si

1939 2623 2064 2660 cum
2089 2602 2387 2660 Paschasio
2417 2605 2584 2676 sapis,
2610 2605 2667 2658 in
2705 2602 2770 2660 eo
2820 2604 2976 2676 quod
2998 2604 3148 2676 solus
3189 2602 3294 2676 sibi
3323 2603 3536 2676 conﬁn-

1937 2677 2024 2750 git
2051 2683 2400 2750 sacramento
2443 2674 2716 2750 Dominici
2751 2674 3013 2750 corporis
3067 2675 3345 2750 decedere
3372 2674 3536 2745 panis

1940 2746 2170 2803 omnino
2209 2747 2602 2806 substantiam.
2637 2747 2825 2801 Verba
2851 2752 3041 2801 autem
3072 2762 3197 2801 mea
3230 2746 3299 2800 de
3318 2746 3534 2799 Joanne

1939 2820 2056 2875 haec
2101 2820 2350 2884 fuerunt,
2413 2836 2526 2874 non
2591 2818 2896 2892 pervidisse
2955 2818 3145 2892 omnia
3182 2817 3540 2892 illius,_sicut

1941 2891 2111 2946 etiam
2128 2907 2278 2948 nunc
2301 2907 2492 2945 verum
2509 2887 2612 2944 est:
2633 2890 2766 2954 Quae
2802 2893 2989 2944 autem
3023 2887 3286 2942 vidissem
3317 2887 3384 2941 ad
3414 2887 3538 2940 eam

1941 2979 2061 3016 rem
2085 2962 2445 3033 pertinentia,
2467 2961 2705 3014 recitare
2743 2975 3042 3033 ‘me_posse
3070 2976 3135 3012 ex
3152 2957 3391 3033 scriptis
3420 2958 3540 3033 illo-

1941 3050 2066 3088 rum
2086 3028 2236 3104 quos
2262 3033 2635 3104 praefigeram,
2670 3028 2951 3104 habendos
2998 3046 3134 3104 esse
3144 3028 3438 3104 haereticos
3475 3029 3538 3084 in

1938 3099 2175 3177 epistola
2215 3099 2709 3177 adﬁLanf‘rancum,
2820 3100 3195 3177 Joannes‘ille
3244 3099 3539 3154 haereticus

1937 3171 2259 3229 haberetur.
2277 3176 2555 3229 Caeterum
2585 3173 2633 3228 si
2663 3172 2795 3243 quid
2823 3172 2880 3225 in
2909 3171 3005 3243 illo
3035 3171 3282 3225 viderem
3313 3187 3434 3243 non_
3455 3187 3542 3224 sa-

1936 3247 2008 3302 tis
2034 3246 2384 3310 delimatum,
2420 3244 2580 3299 facile
2610 3241 2698 3297 me
2727 3242 3176 3314 improbaturum
3223 3258 3380 3310 esse;
3421 3241 3540 3296 haec

1939 3324 1994 3372 et
2022 3333 2150 3371 vere
2178 3317 2433 3371 dicebam
2454 3321 2510 3370 et
2538 3316 2596 3369 in
2626 3315 2838 3368 nullam
2870 3314 3253 3368 excussionem
3275 3330 3339 3366 ex
3352 3318 3540 3366 trans-

1939 3389 2024 3443 itu
2052 3389 2240 3443 venire
2289 3385 2694 3442 contendebam
2741 3391 2970 3457 propter
2997 3401 3224 3457 causam
3281 3385 3542 3457 superius

1941 3459 2181 3526 dictam;
2211 3459 2322 3514 duo
2349 3463 2570 3513 tantum
2619 3455 2859 3528 protulit
2892 3455 3005 3528 ille,
3047 3456 3193 3511 sicut
3247 3455 3414 3520 nosti,
3458 3455 3543 3508 vir

1943 3529 2208 3602 optimus,
2237 3547 2358 3600 quae
2413 3546 2448 3590 a_
2489 3546 2580 3602 me
2609 3527 2802 3602 audita
2846 3527 2920 3580 ad
2969 3543 3098 3602 eum
3145 3531 3537 3602 pervenerant.

1943 3597 2283 3672 convincere
2305 3601 2428 3672 ipsa
2458 3599 2626 3656 verba
2654 3600 2715 3654 in
2743 3599 3220 3672 consecrationem
3262 3597 3424 3672 panis
3459 3597 3544 3652 in-

1941 3671 2219 3735 stitutam,
2240 3669 2350 3726 non
2369 3671 2637 3726 decedere
2660 3675 3012 3726 sacramento
3034 3669 3194 3740 panis
3217 3669 3536 3736 materiam,

1941 3749 1998 3798 et
2021 3759 2135 3797 non
2165 3760 2286 3797 esse
2319 3742 2532 3812 virgam
2561 3741 2932 3813 episcopalem
2981 3741 3300 3798 animarum
3323 3756 3533 3813 curam.

1938 3816 2154 3868 Horum
2170 3814 2325 3884 prius
2345 3811 2447 3883 ego
2464 3811 2613 3868 sicut
2623 3811 2944 3868 meminisse
2965 3817 3168 3884 potest.
3194 3811 3538 3884 confirmavi,

1943 3891 2000 3941 et
2025 3887 2105 3941 ita
2134 3882 2366 3956 planum
2383 3882 2480 3956 est
2510 3890 2574 3938 ut
2601 3884 2844 3956 sufficiat
2873 3882 2985 3939 hoc
3007 3883 3214 3956 sentire
3235 3889 3292 3938 et
3319 3882 3544 3956 convin-

1941 3974 2067 4012 cere
2089 3953 2258 4011 etiam
2288 3955 2556 4028 puerulus
2580 3956 2641 4010 in
2669 3955 2859 4028 schola
2914 3955 3273 4028 constitutus,
3308 3954 3402 4025 qui
3429 3953 3542 4028 vim

1936 4029 2217 4099 juncturae
2231 4025 2527 4082 verborum
2548 4044 2661 4082 non
2680 4025 2970 4082 instrenue
2984 4026 3166 4093 callet;
3179 4026 3261 4099 _de
3273 4025 3537 4099 secundo,

1941 4096 2055 4154 imo
2083 4099 2214 4154 duxi
2241 4105 2300 4154 et
2328 4098 2653 4154 conﬁrmavi
2708 4105 2766 4153 et
2813 4099 3083 4152 conﬁrmo
3140 4097 3356 4166 virgam
3387 4096 3542 4150 illam

1943 4187 2064 4226 esse
2093 4171 2410 4226 animarum
2437 4186 2650 4236 curam,
2684 4174 2750 4224 ut
2792 4169 2954 4230 facile
2991 4169 3283 4291 advertdere
3330 4172 3540 4238 posset,

1943 4243 2038 4291 nui
2066 4243 2251 4291 vellet.
2294 4242 2427 4291 auid
2455 4241 2754 4291 sentirem:
2792 4246 2848 4291 et
2874 4257 3024 4291 nunc
3054 4255 3163 4291 auo
3203 4248 3206 4249 ⁷
3252 4237 3402 4291 apud
3431 4235 3540 4291 eni-

1942 4243 2039 4314 qui
2066 4243 2252 4309 vellet,
2294 4242 2427 4314 quid
2455 4235 2754 4307 sentirem;
2792 4235 3206 4314 etnuncqugd’
3252 4235 3402 4308 apud
3431 4235 3543 4314 epi-
3585 4293 3591 4299 .

1942 4309 2136 4386 scapos
2163 4309 2330 4385 agere
2365 4329 2742 4386 Susceperam,
2766 4309 3047 4386 vellexusi
3071 4309 3209 4386 mihi
3236 4314 3422 4363 tutum
3450 4309 3543 4362 fie-

1944 4379 2055 4452 ret;
2073 4379 2272 4442 saltém
2298 4384 2447 4456 apud
2469 4379 2563 4438 vos
2588 4399 2755 4454 agere
2773 4381 2834 4436 in
2859 4379 3148 4456 audientis.
3168 4394 3544 4452 quorumcun—

257 4457 607 4529 Berengarii,
638 4464 761 4512 tum
798 4451 1041 4529 maxime
1093 4463 1289 4513 contra
1339 4451 1684 4513 Siinoniacos
1715 4455 1927 4515 cele-D
1947 4474 2075 4528 que,
2100 4457 2198 4511 sed
2227 4451 2479 4529 quandiu
2523 4451 2650 4510 non'
2663 4470 2911 4529 possum,
2946 4451 3304 4529 obsecro’per
3333 4467 3543 4508 nomen

260 4528 425 4602 brati.
454 4527 1146 4602 Alteramicpnfessionem
1186 4545 1373 4584 coram
1431 4546 1651 4602 summo
1681 4529 1861 4602 ponti-

255 4601 358 4673 ﬁce
379 4601 662 4673 Gregorio
676 4601 808 4673 AVII,
824 4617 924 4655 seu
954 4599 1159 4673 potius,
1193 4617 1321 4673 mea
1343 4601 1640 4667 sententia,
1674 4599 1860 4673 partes

260 4672 437 4744 legati
461 4670 524 4728 iii
540 4671 726 4754 gallis
737 4677 939 4742 agente
948 4670 972 4754 ,ς
982 4670 1285 4754 Alexandri
1293 4674 1477 4743 jussu,
1497 4670 1862 4754 praesidente-

257 4742 364 4817 que
395 4744 634 4817 concilio
648 4742 994 4817 _Turonensi,
1015 4742 1204 4817 emisit
1222 4742 1616 4817 Berengarius.
1640 4745 1863 4817 Utram-

257 4813 367 4898 que
395 4815 586 4880 eidem
615 4814 810 4885 objicit
844 4815 904 4868 B.
950 4813 1294 4898 Danfrancus
1324 4815 1382 4870 in
1414 4813 1513 4872 lib.
1548 4816 1619 4870 de
1645 4816 1862 4873 Eucha-

257 4893 387 4942 nst.
423 4891 798 4942 sacramento.
819 4889 949 4942 post
972 4890 1219 4940 initium.

253 4901 387 4944 “St.
423 4901 798 4944 sacramento.
819 4901 949 4944 βοεῐ
972 4901 1219 4940 ιηιιιιιῐη.

330 4903 387 4944 n.
423 4903 798 4953 sacramento,
819 4903 949 4957 post
972 4903 1219 4940 mitium.

330 4957 423 5028 (ε’)
459 4959 745 5027 Scriptum
760 4963 953 5028 postea
983 4958 1246 5012 condidit.
1284 4956 1393 5012 Sed
1423 4956 1653 5012 tandem
1674 4957 1862 5020 divina

251 5025 480 5084 favente
508 5025 807 5100 clementia
838 5026 914 5100 ad?
946 5028 1152 5100 bonam
1182 5028 1402 5100 frugem
1447 5029 1680 5084 rediisse
1712 5046 1859 5084 com-

249 5099 701 5170 monstrabimus
730 5098 800 5155 ad
830 5099 996 5170 epist.
1022 5097 1111 5156 51.

329 5171 408 5244 (ξε)
443 5175 714 5227 Libellum
779 5168 1082 5239 elegantem
1146 5174 1463 5244 cognpgsuit.
1511 5171 1577 5244 Id
1621 5168 1868 5244 produnt

251 5239 816 5315 scriptoresomnes,
859 5245 1136 5315 quotquot
1174 5239 1372 5315 _de—_B.
1397 5239 1706 5298 Lanfrarico
1728 5243 1867 5315 scri-

252 5311 440 5387 psere.
463 5313 740 5387 Dehocce
759 5311 948 5387 libelle
996 5311 1067 5368 ad
1098 5313 1242 5387 epist
1271 5312 1324 5369 4.
1352 5315 1528 5369 Porro
1558 5331 1670 5370 non
1701 5314 1867 5369 modo

252 5383 496 5441 concilia
543 5386 646 5439 illa
701 5385 1005 5457 generalia,
1019 5383 1198 5457 velut.
1235 5401 1408 5456 supra
1434 5391 1720 5442 ostensum
1754 5391 1862 5457 est,

250 5457 646 5538 verum-etiam
669 5461 855 5538 cetus.
890 5456 1345 5538 doctiSeixpprum
1395 5456 1643 5538 virorum
1682 5456 1866 5538 priva-

249 5531 352 5584 tim
383 5529 566 5584 fuisse
594 5532 951 5597 convocatos,
977 5545 1086 5600 quo
1110 5528 1473 5600 “Berengarii
1490 5528 1739 5600 haeresis
1776 5544 1868 5582 re-

245 5600 546 5670 falleretur
574 5599 1065 5673 adducereturque
1105 5599 1224 5673 ille
1258 5599 1386 5673 ipse
1434 5599 1512 5673 ad;
1536 5600 1876 5663 catholicam

247 5667 553 5748 veritatem
576 5689 606 5748 ;_
623 5667 884 5748 eiusdem
902 5667 1228 5748 Berengarii
1246 5667 1318 5728 ad
1334 5667 1676 5748 Ascelinum,
1699 5677 1870 5744 atque

247 5689 553 5744 veritatem
576 5689 590 5740 ;
623 5689 655 5727 e
681 5689 884 5730 αεαθω
902 5689 1228 5748 nerengarn
1246 5689 1318 5728 au
1334 5689 1676 5741 Asceunum,
1699 5689 1870 5744 atque

245 5743 492 5804 Ascelini
538 5742 611 5800 ad
647 5689 1072 5824 'iSerengarium
1117 5741 1264 5814 binae
1305 5760 1374 5814 ex
1410 5743 1659 5823 antiquis
1693 5760 1870 5806 mem-

1940 4524 2165 4583 Domini
2193 4524 2264 4582 ne
2292 4527 2498 4582 falsum
2520 4524 2724 4585 testem
2771 4531 2828 4580 te
2875 4524 3045 4580 facias
3076 4524 3224 4596 quod
3269 4524 3546 4596 Joannem

1941 4600 2101 4654 illum
2125 4615 2228 4681 ego
2256 4599 2661 4681 damnaverim,
2694 4613 3007 4681 moneoque
3035 4592 3113 4681 ut:
3129 4611 3370 4677 caveas,_
3394 4592 3546 4681 et‘ab

1942 4666 2258 4743 evangelico
2278 4671 2375 4725 illo
2405 4687 2483 4743 vae
2514 4674 2614 4743 :ut
2657 4669 2753 4741 qui
2806 4666 3012 4743 tenetis
3057 4667 3267 4743 ciavem
3299 4666 3546 4743 scientiae

1943 4743 2050 4814 ipsi
2070 4738 2181 4814 non
2202 4742 2467 4814 introitis,
2491 4747 2549 4814 et
2562 4738 2915 4814 introeuntes
2936 4739 3171 4814 introire
3196 4738 3539 4814 non_sinitis.

1943 4809 2267 4869 Memineris
2292 4813 2464 4868 etiam
2492 4812 2643 4868 illius
2663 4811 3001 4884 propheticae
3041 4810 3127 4884 ad,
3163 4810 3432 4884 populum
3453 4809 3546 4864 de-

1944 4885 2280 4953 testationis,
2303 4883 2400 4941 ubi
2427 4883 2510 4939 ait
2536 4903 2547 4938 :
2582 4881 2818 4953 Populus
2848 4881 2999 4938 enim
3055 4883 3130 4936 ad
3183 4883 3546 4936 iracundiam

1937 4973 2238 5026 provocans
2257 4961 2349 5023 est,
2369 4962 2418 5011 et
2435 4959 2546 5024 ﬁlii
2564 4957 2844 5009 mendaces
2865 4957 2964 5024 qui
2975 4955 3172 5008 dicunt
3193 4954 3504 5007 videntibus
3528 4972 3544 5010 :

1943 5030 2124 5085 Nolite
2153 5031 2367 5093 videre;
2391 5034 2439 5082 et
2470 5027 2899 5096 aspicientibus:
2944 5027 3124 5096 Nolite
3171 5027 3409 5096 aspicere
3444 5041 3547 5080 no-

1944 5102 2022 5169 bis
2052 5116 2113 5152 ea
2144 5116 2261 5169 qua:
2293 5103 2440 5153 recta
2468 5095 2631 5162 sunt;
2659 5096 2805 5154 sicut
2841 5096 2913 5150 ad
2942 5113 3033 5169 me
3063 5095 3203 5152 dixit
3229 5095 3288 5150 in
3319 5096 3549 5169 audien-

1947 5167 2028 5225 tia
2054 5167 2451 5225 tua—Amulqu
2479 5174 2679 5233 vester,
2712 5174 2778 5223 ut
2824 5167 3211 5238 permitterem
3240 5184 3356 5230 vos,
3403 5168 3550 5222 sicut

1950 5241 2194 5296 instituti
2252 5241 2468 5307 essetis,
2511 5239 2758 5306 sentire;
2819 5256 3139 5312 quanquam
3192 5245 3345 5293 totus
3391 5238 3451 5290 in
3481 5253 3546 5291 eo

1949 5313 2162 5378 sim,ne
2182 5312 2306 5384 quis
2332 5312 2783 5384 transgrediatur
2809 5312 3082 5384 terminos
3111 5312 3345 5384 Patrum
3376 5324 3549 5384 evan-

1989 5384 2160 5456 elistae
2196 5378 2454 5456 apostoli,
2494 5378 2808 5456 'Ambrosii,
2840 5382 3160 5456 Augustini,
3195 5378 3544 5450 Hieronymi.

1989 5402 2160 5439 euswe
2197 5402 2454 5456 aposwu,
2506 5402 2808 5446 AmDI‘OSII,
2840 5402 3160 5454 nugusum,
3195 5402 3544 5450 merouymi.

1947 5402 2111 5520 διιοά
2140 5455 2221 5509 ita
2248 5471 2308 5513 se
2329 5455 2557 5522 habere,
2593 5454 2639 5510 si
2668 5454 2805 5509 mihi
2833 5455 2934 5508 ﬁat
2957 5453 3116 5526 copia
3141 5458 3328 5506 tecum
3357 5467 3545 5526 agere,

1989 5533 2225 5600 uantum
2242 5527 2310 5582 de
2324 5533 2432 5600 tua
2445 5523 3102 5600 vigilantiacertis‘simus
3122 5539 3400 5596 praesumo
3413 5523 3550 5600 luce

1951 5595 2157 5672 clarius
2183 5595 2527 5672 pervidebis:
2547 5599 2756 5672 Scripsi
2785 5596 2887 5672 tibi
2924 5596 3044 5672 hze_c_
3069 5602 3392 5672 utcunque,
3409 5595 3552 5672 inte-

1950 5671 2060 5734 rim
2113 5666 2594 5744 opportunitatem
2632 5666 2923 5726 a'Domino
2942 5666 3297 5741 colloquendi
3331 5666 3435 5724 tibi
3460 5683 3550 5725 ex-

1951 5741 2228 5822 spectans,
2250 5741 2408 5806 Vale.
2448 5765 2466 5792 ι
