4048 6176
269 305 336 362 69

991 298 1162 355 DOM.
1206 296 1416 352 LUCE
1454 287 1804 350 DACHERII
1843 281 2060 340 NOTIE
2101 281 2188 336 ΕΤ
2225 279 2844 342 OBSERVATIONES.

3485 286 3555 345 70

268 428 605 482 monachum
626 431 992 490 memoratur,
1014 425 1106 479 ubi
1128 425 1278 479 inter
1299 424 1412 480 alia
1431 424 1510 478 sic
1528 423 1597 477 de
1617 419 1874 476 Ascelino
1893 415 1943 475 A
1959 407 2168 490 uxoris.
2216 406 2504 490 ﬁliorum;
2533 422 2618 490 ἑξο-
2657 414 2954 490 parentum
2974 481 2984 490 .
3007 425 3280 490 meorum
3313 410 3563 490 disposui

270 500 474 554 ell'atur
499 518 510 552 :
537 517 563 550 «
589 500 828 570 PrOpter
845 497 1163 570 Ascelinum
1196 497 1338 570 dico,
1367 496 1461 570 qui
1494 496 1536 549 Β
1576 490 1877 562 Augustini

269 571 434 625 verba
487 569 558 623 ad
608 567 947 641 pravitatem
994 568 1080 622 sui
1129 567 1336 641 erroris
1379 567 1713 641 detorquere
1763 577 1876 641 non

270 641 478 704 timuit,
516 633 663 695 sicut
707 641 938 711 quidam
985 639 1355 709 compatriota
1395 633 1577 711 illius;
1598 635 1693 706 qui
1727 633 1876 711 apud

267 713 561 767 Pictavum
579 705 1184 766 inter-discutientes'B.
1200 709 1498 780 Augustini
1512 705 1872 780 sententiam,

268 790 371 838 etc.
408 807 431 830 ι
460 785 595 838 Haec
621 800 687 836 ex
709 799 812 836 ms.
840 781 1194 835 Bibliotheca;
1220 775 1425 852 Re'giaa.
1451 778 1673 852 Quibus
1693 775 1876 830 verbis

269 871 376 909 non
406 854 490 908 ita
537 855 777 908 obscure
817 852 1156 918 Ascelinum,
1205 849 1422 922 opinor,
1470 849 1874 922 Pictaviensem

267 931 451 983 notat.
481 926 565 980 De
610 924 1138 1002 Guillelmoautern
1163 918 1304 1002 nihil
1362 928 1450 1002 est
1494 921 1652 1002 quod
1691 918 1872 1002 ausim

268 1013 520 1070 asserere
553 1013 836 1070 ;_‘verum,
895 995 940 1049 si
996 993 1195 1070 conjici
1243 995 1428 1070 liceat,
1477 990 1873 1070 dicam__illum

267 1069 453 1139 ipsum
485 1061 868 1139 Guillelmumi
883 1081 1024 1131 esse,
1059 1061 1153 1139 qui
1185 1070 1244 1118 et
1271 1065 1443 1118 abbas
1471 1061 1874 1139 Cormeliensis

269 1135 465 1211 postea
494 1138 620 1202 fuit,
655 1138 813 1211 cujus
843 1138 905 1211 Β.
938 1135 1284 1211 Ιέειηῇζξιῃαυε
1317 1135 1574 1190 meminit
1617 1148 1790 1204 supra
1819 1136 1876 1184 et

267 1207 336 1264 ad
360 1227 533 1279 quem
562 1207 759 1262 scribit
781 1208 1071 1279 epistolam
1101 1207 1191 1262 57.

397 1227 533 1264 uem
562 1227 759 1262 serum
781 1227 1071 1279 episwiam
1101 1227 1191 1262 οι.

338 1227 426 1347 (3)
459 1282 615 1348 Quod
633 1283 942 1348 antiquitas
971 1280 1274 1333 Cadomum
1297 1278 1671 1348 nuncupabat.
1700 1273 1874 1328 Cado-

267 1369 442 1414 mum,
461 1347 667 1421 gallica
689 1347 853 1418 Caén,
875 1348 1011 1405 urbs
1040 1354 1126 1403 est
1153 1349 1338 1420 ampla
1361 1347 1872 1421 atquelitterarum

268 1417 562 1477 academia
615 1417 869 1484 celebris,
929 1421 986 1474 in
1039 1417 1413 1474 Nortmannia
1440 1417 1716 1472 iinferiori
1742 1417 1868 1469 sita.

267 1493 640 1548 Emendatius
661 1491 1087 1564 expressiusque
1117 1490 1678 1564 diciCampidomum
1700 1489 1876 1542 Cena-

266 1565 332 1619 lis
378 1564 478 1619 lib.
514 1579 577 1628 II,
609 1564 694 1618 De
731 1560 800 1617 re
849 1560 1083 1625 Gallica,
1124 1560 1408 1633 perioche'
1431 1560 1460 1616 4
1503 1561 1871 1633 demonstrat.

269 1637 620 1717 Scriptorum
651 1640 845 1716 tamen
871 1629 1180 1717 auctoritas
1208 1649 1428 1717 necnon
1450 1631 1598 1701 vulgi
1627 1646 1762 1684 usus
1791 1629 1874 1683 in-

264 1705 437 1762 valuit
464 1713 535 1761 ut
561 1705 840 1761 concisius
866 1705 1178 1759 Cadomum
1203 1705 1441 1758 dicatur.

330 1779 510 1832 Porro
561 1776 1000 1848 hujuscerurbis
1039 1775 1402 1848 nobilissimae
1436 1774 1872 1848 elegantiam_ex

265 1849 592 1904 doctissimo
638 1842 863 1904 Papirio
901 1848 1158 1902 Massone
1212 1847 1271 1901 in
1329 1842 1627 1900 ﬂuminum
1676 1842 1871 1898 Galliae

265 1920 642 1992 descriptione
656 1914 1038 1992 subjiciemus.
1061 1938 1083 1968 (
1106 1919 1412 1988 Argentam
1427 1917 1646 1992 urbem,
1666 1914 1869 1992 inquit,

265 1985 514 2063 quinque
572 1985 777 2063 leucisf
801 1994 1076 2063 remotam
1142 1985 1359 2060 petens,
1421 2004 1542 2059 quae
1603 1988 1663 2040 in
1720 1985 1874 2063 edito

306 2057 496 2117 uidém
541 2063 665 2116 loco
719 2061 848 2127 sita,
880 2059 1106 2115 declivis
1143 2057 1340 2114 tamen
1371 2057 1457 2113 est
1486 2075 1598 2130 qua
1625 2063 1784 2130 parte
1815 2057 1874 2109 in

306 2080 496 2117 maem
541 2080 665 2116 loco
719 2080 848 2127 sua,
880 2080 1106 2115 GBCIIVIS
1149 2080 1340 2114 tamen
1371 2080 1457 2113 esu
1486 2080 1598 2130 qua
1626 2080 1784 2128 pane
1817 2080 1872 2109 ιιι

265 2080 501 2189 glenam
521 2132 902 2195 descenditur,
920 2132 1015 2202 qui
1037 2131 1362 2185 continuato
1379 2147 1547 2184 cursu
1564 2129 1872 2202 Ciadornu‘m

267 2206 596 2276 praeclaram
639 2204 839 2276 urbem
871 2199 1569 2276 Bijgcassinzed‘iceceseos
1598 2199 1872 2276 interluit,

269 2270 552 2347 ponteque
576 2275 849 2347 jungitur,
863 2270 1096 2347 etribus
1117 2273 1422 2347 fornicibus
1441 2271 1769 2342 composito.
1795 2270 1875 2325 De

271 2343 381 2418 qua
407 2343 760 2412 Armoriciis,
793 2345 1139 2416 Philippidos
1164 2343 1308 2398 libro
1333 2351 1526 2398 octavo
1563 2361 1575 2397 :

373 2461 525 2530 [illa
546 2461 770 2530 potens,
798 2458 1080 2530 ορᾳζθηέα,
1109 2458 1226 2510 sita
1249 2455 1756 2530 spatiosaudgcora

363 2519 740 2589 Ρζτιπιῡρίὺαε,
755 2519 952 2589 piatis
975 2523 1026 2574 et
1052 2519 1314 2589 agros-ain
1335 2519 1659 2589 fertilitate,

365 2585 815 2650 Merci/eruatis
841 2585 1184 2650 ratcsporgu
1217 2585 1467 2650 capiente
1489 2585 1726 2642 marino,

365 2644 644 2718 ,ξιᾳαείοι
674 2644 940 2718 ccclesiis,
969 2644 1218 2718 dominus
1239 2644 1293 2698 et
1316 2644 1530 2716 civibus
1558 2655 1762 2696 amans

378 2710 524 2764 Ut'se
550 2710 780 2762 Partito
805 2710 905 2761 vix
930 2710 1138 2762 annuat
1163 2719 1276 2760 esse
1298 2710 1577 2760 minorem.

351 2839 373 2869 ι
407 2818 518 2882 Qui
564 2834 695 2871 vero
735 2817 909 2871 situm
939 2817 1169 2871 Cadomi
1201 2817 1342 2871 bene
1373 2814 1698 2877 excusserit,
1728 2813 1885 2867 illam

274 2889 554 2961 iudicabit
569 2894 626 2943 et
638 2887 936 2961 pulchram
950 2894 1007 2961 e_t
1017 2904 1298 2942 amoenam
1312 2887 1384 2941 ob
1403 2887 1637 2961 Olenam
1651 2886 1881 2961 ﬂnmen,

278 2955 370 3032 qui
399 2961 487 3014 bis
519 2955 774 3030 quolibet
800 2959 893 3012 die
936 2959 1006 3032 o_b
1037 2961 1251 3032 fluxum
1279 2965 1335 3012 et
1373 2955 1885 3032 reﬂuxum_‘0ceani

278 3027 551 3112 inﬂatu-ri
573 3035 639 3112 ln_
669 3047 838 3112 quam
888 3030 1344 3112 urbemmﬂuvius
1361 3045 1583 3112 quoque
1611 3027 1754 3112 alius
1782 3043 1886 3108 no:-

277 3105 429 3158 mine
457 3104 566 3157 Udo
607 3098 751 3168 ﬂuit,
779 3108 950 3172 atque
977 3103 1033 3155 in
1065 3102 1300 3156 Olenam
1332 3098 1564 3172 labitur.
1590 3119 1627 3172 3
1661 3100 1808 3168 Lege
1837 3098 1885 3151 si

278 3175 461 3246 placet
507 3178 674 3228 notas
703 3173 824 3246 ad
845 3171 1139 3246 epistolam
1185 3176 1236 3236 2,
1282 3171 1540 3227 Chronic.
1589 3171 1882 3235 Beccense,

281 3241 411 3300 ante
441 3261 660 3299 annum
690 3241 851 3308 1063,
879 3241 1015 3314 pag.
1049 3244 1100 3298 3.

349 3316 434 3383 (³⁵1
462 3318 592 3371 Dux
611 3331 794 3369 unum
820 3312 1237 3369 monachorum.
1255 3313 1501 3368 Celebris
1525 3312 1675 3366 illius
1697 3327 1887 3366 mona-

280 3388 438 3443 sterii
471 3386 811 3458 S.Stephani
839 3386 980 3458 nihil
1011 3386 1177 3457 plane
1208 3390 1466 3458 superest
1494 3383 1876 3458 antiquitatis.

284 3460 405 3514 Heu
414 3459 428 3512 .'
433 3459 594 3512 furor
607 3455 1186 3529 petulantissim‘orum
1197 3455 1889 3529 ,sceleratissimorumque

284 3526 721 3608 Calvinistarum
756 3529 965 3608 omnia
1009 3529 1174 3608 plane
1220 3527 1458 3608 zedificia
1501 3526 1889 3608 susquedeque

285 3602 505 3664 evertit,
529 3607 590 3654 et
611 3601 836 3654 chartas
862 3597 1310 3671 pene—universas
1332 3597 1678 3671 dilaceravit,
1693 3597 1890 3671 igneve

285 3667 881 3755 wnsumpsitszerum
897 3670 1303 3755 religiosissimi
1314 3686 1513 3755 senon
1533 3667 1892 3755 mediocriter

287 3743 494 3798 eruditi
514 3738 622 3799 viri
642 3742 710 3796 D.
735 3742 805 3796 de
825 3738 1037 3797 Renchi
1053 3742 1330 3798 cellerarii
1349 3741 1604 3811 ejusdem
1625 3738 1886 3811 caanobii,

289 3831 350 3869 ac
398 3815 456 3869 S.
499 3815 566 3868 T.
615 3813 860 3885 doctoris
895 3813 1082 3885 studio
1132 3820 1302 3885 atque
1337 3810 1619 3885 industria
1661 3810 1889 3864 tandem

287 3892 513 3957 reperta
541 3890 679 3957 sunt
711 3884 904 3957 tabula
934 3882 1633 3957 fundationis,iprivil_eg_ia_
1649 3897 1893 3957 summo-

288 3951 413 4012 ruin
453 3956 794 4028 pontiﬁcum
839 3955 1142 4028 Alexandri
1176 3957 1247 4028 ll,
1291 3951 1723 4028 Honorii'lll_e_t
1760 3951 1888 4028 Cle-

290 4023 496 4082 mentis
519 4027 621 4092 IlI,
657 4042 876 4080 necnon
906 4033 964 4080 et
991 4027 1223 4080 Rotradi
1251 4024 1654 4096 archiepiscopi
1686 4023 1894 4096 Rotho-

293 4098 597 4170 magensis,
620 4102 678 4152 et
704 4097 930 4170 Henrici
963 4097 1286 4170 Bajocensis
1306 4095 1576 4170 episcopi;
1609 4111 1732 4166 quae
1751 4095 1892 4148 inte-

293 4168 413 4241 gra,
445 4186 517 4224 ne
544 4169 964 4241 disperdantur,
1003 4168 1402 4224 describemus.
1445 4168 1575 4222 Haec
1600 4183 1732 4221 vero
1760 4171 1894 4220 sunt

296 4241 638 4313 apographa.

374 4381 579 4420 CHARTA
619 4377 983 4422 FUNDATIONIS
1034 4375 1290 4419 ABBATIE
1327 4375 1514 4419 SANCTI
1537 4375 1823 4418 STEPHANI

917 4448 1278 4501 CADOMENSIS,

630 4578 666 4617 a
695 4563 986 4619 Guiltelmo
1016 4562 1373 4630 Conquestore
1401 4562 1577 4629 facta.

372 4669 637 4741 Quisquis
673 4669 812 4734 Deo,
841 4685 970 4741 seu
1022 4683 1153 4741 pro_
1179 4667 1318 4741 Deo.
1375 4665 1588 4741 aliquid
1645 4669 1892 4736 praestat,

301 4759 414 4798 non
441 4737 629 4812 ipsum
651 4757 687 4794 a
724 4757 786 4794 se
805 4737 1157 4812 alienat,_sed
1186 4737 1373 4812 potius
1399 4737 1458 4791 in
1487 4737 1738 4791 futurum
1769 4753 1895 4812 cum

300 4831 398 4885 spe
446 4808 840 4885 vitaeeternaa
869 4808 1375 4885 multiplicandum
1425 4813 1752 4885 conservat;
1795 4808 1899 4862 hoc

302 4880 420 4954 agit
449 4883 544 4955 pia
567 4883 850 4937 Creatoris
869 4881 1122 4955 largitas,
1143 4886 1202 4935 et
1233 4881 1394 4950 larga
1419 4882 1542 4950 ejus
1570 4880 1718 4934 circa
1741 4895 1898 4934 crea-

299 4953 363 5010 ta
387 4953 592 5026 pietas.
624 4955 731 5018 Qui
761 4970 889 5026 cum
915 4953 1189 5007 bonorum
1219 4957 1542 5026 nostrorum
1568 4967 1682 5026 non
1711 4955 1895 5026 egeat,

303 5021 442 5081 suus
473 5032 560 5080 est
588 5026 733 5079 enim
761 5021 910 5079 orbis
938 5029 1102 5078 terrae
1143 5029 1199 5076 et
1228 5022 1517 5094 plenitudo
1547 5023 1688 5094 ejus,
1720 5023 1900 5094 bono-7

301 5099 418 5152 rari
448 5103 642 5151 tamen
665 5097 734 5150 de
778 5101 972 5150 nostra
1002 5092 1335 5160 substantia,
1376 5093 1769 5164 immolarique
1796 5092 1903 5147 sibi

301 5169 639 5223 sacriﬁcium
668 5167 851 5222 laudis
880 5182 980 5237 pro
1010 5173 1203 5220 nostra
1227 5165 1409 5237 salute
1437 5164 1738 5219 desiderat.
1756 5165 1903 5237 lior-

299 5246 463 5294 tatur
488 5255 591 5293 nos
617 5243 681 5292 ut
709 5238 760 5292 ei
786 5235 1115 5306 serviamus,
1146 5236 1349 5291 tribuit
1377 5237 1527 5306 quod
1560 5252 1660 5306 pro
1688 5235 1904 5290 collatis

301 5309 594 5366 beneﬁciis
617 5309 733 5363 suis
762 5309 814 5363 ei
844 5308 1252 5371 retribuamus;
1290 5307 1440 5378 quod
1465 5313 1657 5361 tamen
1683 5307 1904 5361 miseri-

304 5399 431 5436 cors
465 5382 636 5435 Pater
671 5379 831 5450 quasi
875 5380 1122 5434 alienum
1163 5379 1410 5450 suscipit,
1445 5378 1604 5450 quasi
1636 5383 1902 5450 nostrum

304 5453 591 5525 rependit,
613 5453 672 5505 in
688 5449 797 5506 hoc
816 5451 1016 5525 saeculo
1038 5456 1266 5525 peccata
1284 5449 1599 5513 remittens,
1631 5449 1688 5503 in
1718 5450 1906 5525 futuro

305 5521 636 5606 centuplum
667 5522 1001 5606 accepturis,
1031 5521 1301 5606 seipsum,
1336 5526 1394 5576 et
1421 5537 1658 5606 regnum
1686 5521 1908 5606 caeleste

305 5592 667 5668 promittens.
688 5592 846 5668 _Qua
887 5609 985 5664 spe
1031 5592 1230 5648 ductus
1268 5609 1384 5668 ego
1433 5592 1750 5647 Willelmus
1789 5594 1910 5668 A_n-

302 5664 533 5739 glorum
553 5682 669 5746 rex,
685 5666 1165 5746 Nortmannorum
1183 5671 1246 5746 et
1255 5665 1747 5746 Cenomanorum
1763 5664 1912 5736 prin-

305 5734 462 5810 ceps,
485 5736 887 5810 coenobiumin
913 5736 1182 5810 honorem
1204 5735 1328 5803 Dei,
1356 5751 1421 5790 ac
1445 5734 1758 5810 beatissimi
1764 5734 1910 5810 'pro-

304 5806 642 5882 tomartyris
669 5807 944 5882 Stephani
975 5808 1126 5864 intra
1160 5806 1422 5882 burgum,
1456 5823 1625 5882 quem
1667 5806 1908 5880 vulgari,

309 5878 543 5943 nomine
576 5878 1132 5952 vocant—Cadomum,
1175 5878 1296 5956 pro‘
1311 5878 1493 5942 saluté
1519 5878 1722 5939 animae
1749 5878 1908 5951 meae,

1897 1814 1938 1872 Β
1961 1825 2087 1880 belli
2111 1814 2478 1880 ab'extranea
2497 1832 2665 1896 gente
2697 1827 3064 1880 imminentis.

1961 478 2422 552 construendum.
2463 477 2566 530 Cui
2606 477 2743 537 loco.
2778 497 2848 552 ne
2876 481 3076 534 divinae
3107 477 3419 552 Religionis
3445 484 3566 537 cul-

1957 555 2088 622 tura
2120 548 2441 622 aliquando
2493 556 2722 620 propter
2771 551 3018 622 inopiam
3053 552 3215 618 desit,
3235 548 3368 608 'hoc
3398 555 3564 608 modo

1957 619 2065 694 ipsi
2116 619 2466 694 inpOsterum
2509 619 2647 694 mea
2673 619 2991 694 sollicitudo
3039 624 3334 694 prospixit.
3380 625 3564 679 Trado

1955 691 2132 761 igitur
2199 691 2430 763 praefato
2475 691 2726 744 coenobio
2775 694 2934 746 villas
2983 691 3125 763 ju—ris
3165 691 3274 749 inei
3313 712 3564 763 censum,

1957 763 2088 837 Roz,
2112 761 2535 837 Alemanniam,
2560 761 3408 837 Pontem-DivaeirCathburgum
3432 761 3562 821 cum

1957 833 2170 888 colonis
2226 841 2283 905 et
2331 833 2772 905 conditionariis,
2821 851 2920 888 seu
2978 835 3166 890 liberis
3218 833 3562 905 hdminihus,

1957 921 2086 959 cum
2119 903 2497 975 imolendinis,
2530 904 2709 974 aquis,
2743 906 2937 975 pratis,
2971 908 3211 975 pascuis,
3257 909 3428 975 silvis,
3461 903 3561 963 seu

1957 974 2219 1062 omnibus
2239 975 2574 1062 redditibus,
2593 981 2651 1029 et
2678 974 3178 1062 consuetudinibus
3209 974 3565 1062 ad‘eas’perl-

1956 1046 2288 1111 tinentibus,
2312 1046 2458 1100 sicut
2485 1047 2542 1100 in
2574 1063 2698 1099 meo
2719 1047 2970 1100 dominio
2991 1047 3263 1102 hactenus
3284 1046 3474 1116 habui,
3501 1057 3558 1105 et

1955 1117 2468 1192 antecessores‘rnei
2493 1135 2504 1182 ;
2541 1123 2598 1170 et
2623 1118 2879 1192 homines
2901 1119 3130 1189 quidem
3152 1120 3391 1174 duarum
3423 1137 3561 1192 prae-

1955 1188 2273 1274 missarum‘
2305 1187 2581 1252 villarum,
2635 1189 2891 1274 videlicet
2917 1187 3126 1274 icensu,
3154 1197 3239 1271 _et
3285 1187 3443 1274 R02:—
3467 1192 3562 1274 qui

1956 1259 2227 1313 Francam
2259 1265 2469 1312 terram
2498 1276 2608 1313 non
2634 1265 2850 1321 tenent,
2876 1261 2944 1313 ad
2978 1261 3267 1314 servitium
3295 1259 3560 1329 ecclesia},

1957 1335 2014 1383 et
2038 1331 2444 1403 monachorum
2477 1331 2556 1384 ita
2588 1331 2815 1397 liberos,
2847 1338 2904 1385 et
2933 1332 3161 1403 omnino
3190 1332 3408 1403 quietos
3437 1349 3564 1387 con-

1955 1401 2110 1474 cedo,
2138 1409 2203 1454 ut
2223 1417 2519 1474 nunquam
2553 1419 2654 1472 pro
2681 1403 2872 1474 aliqua
2901 1401 3315 1474 submonitione
3347 1405 3568 1474 expedi-

1957 1471 2125 1544 tionis
2155 1472 2239 1524 vel
2272 1472 2504 1544 alterius
2528 1471 2828 1543 cujuslibét
2850 1473 2930 1527 rei
2952 1474 3136 1544 ipsum
3169 1471 3458 1529 servitium
3481 1475 3564 1529 in-

1957 1542 2297 1617 termittent,
2352 1543 2459 1596 nisi
2488 1542 2606 1617 ego;
2631 1544 2768 1614 ipse,
2822 1561 2920 1614 per
2955 1542 3066 1606 me,
3099 1546 3184 1598 vel
3213 1545 3564 1617 per'brevem

1956 1629 2166 1681 meum,
2202 1613 2461 1685 abbatem
2515 1613 2882 1668 submoneam
2933 1613 3232 1685 quatenus'
3253 1633 3348 1670 eos
3380 1618 3564 1671 nomi-

1956 1685 2134 1738 natim
2170 1684 2308 1738 mihi
2338 1685 2561 1751 mittat;
2606 1691 2664 1739 et
2691 1686 2795 1738 hoc
2821 1684 2972 1738 intra
3001 1687 3140 1739 ﬁnes
3171 1687 3562 1741 Nortmanniae

1956 1761 2201 1820 tantum,
2228 1761 2285 1809 et
2304 1755 2656 1809 nominatum
2684 1756 3076 1810 tantummodo
3096 1773 3198 1820 pro
3228 1759 3561 1812 necessitate

3137 1832 3316 1900 artem
3338 1845 3562 1900 quoque

1958 1897 2120 1967 burgi
2140 1898 2321 1960 trado.
2347 1898 2404 1951 in
2426 1914 2537 1968 qua
2561 1897 2854 1968 praefatum
2878 1898 3281 1952 monasterium
3310 1897 3564 1954 constru-

1955 1975 2109 2022 ctum
2149 1974 2253 2032 est,
2289 1984 2320 2022 a
2371 1985 2531 2022 muro
2582 1969 2922 2023 indirectum
2971 1968 3317 2023 occidentem
3345 1987 3559 2036 versus,

1956 2039 2104 2095 sicut
2137 2039 2230 2094 via
2265 2040 2641 2110 protenditur,
2676 2056 2787 2110 qua
2824 2056 2859 2092 a
2896 2040 3069 2093 veteri
3107 2039 3257 2094 beati
3297 2040 3564 2108 Stephani

1957 2110 2322 2183 monasterio,
2346 2111 2416 2183 ad
2442 2111 2635 2165 urbem
2678 2110 3041 2183 Bajocensem
3073 2111 3221 2183 itur,
3254 2116 3312 2165 et
3336 2127 3404 2165 ea
3432 2129 3559 2183 quo-

1958 2197 2068 2251 que
2098 2181 2184 2234 via
2214 2197 2326 2252 qua
2353 2181 2470 2235 itur
2497 2183 2567 2236 ad
2599 2181 2796 2236 Brithu
2826 2182 3013 2235 villam
3045 2182 3227 2236 sancti
3256 2181 3561 2249 Michaelis,

1957 2267 2086 2306 cum
2128 2252 2297 2305 terris
2345 2259 2402 2306 et
2427 2252 2688 2306 omnibus
2734 2252 3237 2308 consuetudinibus
3266 2253 3335 2306 de
3365 2254 3560 2308 eodem

1956 2321 2134 2392 burgo
2163 2323 2234 2376 ad
2276 2339 2366 2376 me
2395 2323 2826 2394 pertinentibus,
2859 2329 3090 2394 excepto
3130 2325 3277 2394 quod
3312 2324 3565 2379 extranei

1959 2399 2299 2466 mercatores
2308 2395 2389 2466 Ade
2406 2395 2666 2449 omnibus
2687 2412 2810 2466 qua:
2825 2395 3068 2449 secunda
3088 2396 3230 2449 feria
3251 2395 3328 2448 ibi
3349 2401 3558 2462 ement,

1961 2470 2021 2519 et
2047 2463 2466 2530 venundabunt,
2488 2466 2685 2520 tandiu
2704 2463 2957 2536 quandiu
2985 2467 3329 2520 telonearius
3350 2467 3420 2520 ad
3451 2473 3565 2522 sta-

1959 2536 2172 2590 tionem
2211 2553 2369 2590 suam
2411 2538 2645 2602 sedebit,
2701 2543 2758 2591 et
2803 2543 3143 2591 mercatores
3185 2537 3244 2591 in
3277 2538 3564 2592 communi

1963 2613 2211 2661 mercato
2230 2614 2418 2673 erunt,
2438 2607 3036 2680 teloneumiministris,
3053 2608 3150 2680 qui
3167 2609 3366 2679 Majori
3389 2609 3566 2680 burgo

1962 2685 2265 2750 prmerunt,
2299 2679 2680 2750 apportabunt
2706 2679 2776 2732 de
2801 2678 3038 2749 singulis
3062 2678 3348 2750 plaustris,
3378 2685 3434 2734 et
3461 2678 3568 2735 asi-

1963 2749 2069 2821 nis,
2089 2765 2199 2820 quo
2223 2750 2310 2819 [[1,
2335 2749 2478 2821 quae]
2501 2750 2719 2804 venalia
2738 2751 2895 2820 ligna
2915 2749 3114 2815 ferent,
3133 2751 3349 2820 lignum
3368 2768 3565 2817 unum,

1966 2819 2246 2874 villarium
2292 2819 2418 2874 cum
2461 2819 2624 2876 omni
2668 2819 2955 2875 territorio
3003 2837 3124 2888 suo,
3161 2819 3217 2876 et
3263 2823 3332 2876 de
3371 2824 3567 2876 eodem

1966 2891 2260 2945 hominum
2306 2893 2550 2954 servitia,
2587 2899 2652 2947 ut
2695 2893 3001 2962 servientes
3049 2893 3178 2955 mei,
3214 2893 3309 2962 qui
3341 2892 3416 2946 ibi
3445 2910 3574 2946 ma-

1967 2967 2124 3021 nent.
2145 2961 2284 3015 mihi
2301 2964 2548 3017 servient
2563 2963 2633 3036 [f.
2650 2961 2939 3036 serviunt].
2961 2969 3017 3016 et
3030 2961 3568 3036 propterservitium

1969 3049 2160 3087 meum
2191 3049 2302 3086 non
2333 3033 2640 3088 remaneat.
2680 3035 2742 3087 In
2773 3033 2976 3104 magno
3007 3049 3229 3104 quoque
3259 3033 3436 3103 burgo
3468 3034 3570 3088 do-

1970 3120 2126 3176 mum
2177 3104 2427 3158 Turstini
2479 3105 2740 3176 Legrini;
2792 3110 2851 3176 et
2886 3105 3117 3158 domum
3155 3105 3464 3176 molendini
3501 3105 3571 3159 de

1968 3175 2284 3248 parnesteil
2305 3191 2432 3248 cum
2450 3175 2925 3247 ipsomolendino,
2943 3182 3001 3229 et
3017 3175 3400 3229 molendinum
3419 3176 3569 3248 quod

1963 3245 2076 3300 fuit
2101 3246 2386 3300 Ramardi.

2041 3317 2174 3399 Haec
2191 3317 2380 3400 omnia
2409 3317 2601 3400 quieta
2623 3317 2693 3371 ab
2723 3317 2876 3400 omni
2907 3317 3336 3400 consuetudine-1
3349 3317 3418 3373 de
3442 3335 3572 3400 pra-

1968 3387 2044 3441 tis
2062 3387 2208 3458 juris
2235 3389 2344 3443 mei
2363 3387 2476 3442 tria
2493 3391 2696 3460 jugera
2716 3389 2786 3442 ad
2810 3389 3027 3460 ulmum
3048 3395 3273 3459 pratum
3297 3387 3568 3458 Brendac,

1969 3466 2175 3544 praeter
2194 3477 2269 3544 ea
2296 3476 2431 3544 qna}.
2448 3459 2518 3514 ad
2548 3459 3090 3544 supradictasnviilas
3122 3461 3439 3544 pertinebat
3479 3463 3568 3544 υἱ,

1971 3529 2351 3601 pertinebant]
2382 3532 2599 3585 alveum
2620 3529 2854 3585 ’Veteris
2893 3531 3100 3595 Uldun,
3123 3529 3174 3601 a
3196 3532 3327 3585 villa
3369 3529 3574 3587 Veniu-

1973 3607 2061 3672 tro
2092 3618 2270 3672 usque
2309 3600 2365 3655 in
2400 3603 2600 3657 Olnam
2644 3603 2895 3668 ﬂuvium,
2930 3619 3054 3656 cum
3087 3600 3268 3656 tribus
3298 3603 3575 3657 molendi-

1973 3671 2061 3725 nis
2117 3671 2195 3726 in,
2233 3673 2428 3727 eodem
2493 3673 2671 3727 factis.
2729 3675 2961 3728 Terram
3028 3673 3296 3727 Willelmi
3342 3675 3570 3740 Pavolh,

1974 3758 2144 3812 quam
2190 3743 2260 3797 de
2315 3760 2402 3797 me
2444 3749 2600 3798 tenet
2644 3744 2856 3798 Cadoni
2887 3750 2945 3798 et
2990 3743 3222 3798 Cluillaa.
3253 3744 3315 3797 In
3342 3746 3573 3799 territo-

1971 3813 2057 3896 rio
2087 3814 2408 3896 Brithwillae
2433 3815 2734 3896 allo-dium,
2772 3831 2940 3896 qnem
2971 3815 3578 3896 Rogeijnsucalvusjbi

1971 3889 2148 3938 tenet.
2201 3887 2265 3940 In
2311 3885 2597 3940 territorio
2649 3885 2832 3940 Bracii
2883 3891 3095 3939 terram
3142 3885 3415 3941 Willelmi
3462 3888 3574 3942 De-

1971 3955 2204 4022 slanda;
2238 3957 2520 4012 Allodium
2558 3974 2782 4028 quoque
2820 3957 2966 4027 quod
2993 3957 3182 4028 Lupus
3210 3962 3367 4012 tenet
3394 3959 3454 4012 in
3478 3959 3578 4014 Be-

1977 4032 2108 4100 neto
2139 4034 2197 4082 et
2217 4028 2585 4093 Walmereto,
2613 4044 2739 4082 cum
2760 4032 2921 4100 parte
2943 4029 3188 4100 ecclesias
3209 4029 3279 4083 ad
3303 4045 3431 4083 eum
3453 4047 3577 4100 per-

1976 4098 2213 4152 tinente.
2237 4100 2300 4154 In
2330 4100 2614 4154 territorio
2648 4098 2834 4152 Curlei
2863 4104 3076 4153 terram
3101 4099 3370 4154 Willelmi
3399 4098 3580 4155 came-

1978 4169 2132 4223 rarii.
2179 4171 2242 4225 In
2287 4171 2569 4225 territorio
2607 4169 2907 4224 Balduenti
2950 4170 3193 4234 vineam,
3245 4185 3372 4224 cum
3411 4171 3578 4225 domo

1977 4240 2249 4313 vinitoris,
2273 4258 2442 4313 quam
2481 4241 2764 4296 Hubertus
2786 4239 3014 4311 Dapifer
3043 4240 3112 4294 de
3135 4257 3224 4294 me
3252 4239 3475 4313 habuit.
3515 4243 3578 4313 In

1977 4311 2307 4366 Barbeﬂoth
2338 4313 2478 4367 duas
2523 4328 2816 4366 mensuras
2865 4318 3048 4364 terrae.
3083 4313 3147 4366 In
3192 4311 3478 4366 territorio
3507 4312 3578 4366 de

1978 4382 2210 4465 Boseval
2251 4384 2518 4465 allodium
2538 4381 2917 4465 Rodulphi‘ﬁli
2940 4383 3244 4465 Anserem;
3275 4383 3331 4437 in
3328 4382 3578 4465 [villeriis

1979 4453 2113 4526 etin
2135 4471 2292 4508 mara
2311 4460 2520 4509 terram
2539 4471 2710 4526 quam
2725 4453 2976 4526 ibiitenet
2990 4454 3309 4510 Willelmus
3322 4455 3576 4510 Crassus.

1911 4525 2210 4608 D'i‘_erram
2239 4541 2480 4608 ‘quoque
2527 4523 2926 4608 q_uam_habuit
2955 4526 3118 4608 Hugo
3165 4526 3241 4608 de
3275 4527 3467 4608 R_oz'e_l.
3502 4529 3582 4608 _In

1985 4597 2316 4668 Graymulla
2358 4597 2556 4652 silvam
2595 4597 2665 4652 de
2693 4597 2840 4651 Malo
2868 4597 3159 4663 Pertuoso,
3193 4602 3251 4650 et
3286 4598 3355 4652 de
3383 4599 3584 4654 Torta-

1978 4667 2142 4734 valle,
2177 4676 2235 4723 et
2278 4669 2346 4722 de
2395 4669 2646 4734 Folonia,
2672 4673 2736 4740 et
2762 4668 2832 4722 de
2859 4668 3293 4740 Caisnetocum
3323 4670 3484 4740 aquis
3522 4676 3582 4725 et

1978 4739 2167 4806 terris,
2197 4757 2297 4794 seu
2327 4739 2587 4794 omnibus
2616 4739 2686 4793 ad
2725 4756 2819 4794 eas
2851 4739 3278 4810 pertinentibus,
3310 4739 3416 4794 hac
3443 4757 3578 4798 con-

1981 4811 2441 4893 ditioneservata
2467 4817 2532 4866 ut
2559 4811 2818 4893 monachi
2842 4810 3285 4893 ipsius‘cqenobii
3308 4811 3460 4893 ipsas
3489 4813 3582 4867 sil-

1981 4899 2078 4936 vas
2126 4882 2279 4936 nullo
2320 4888 2573 4953 tempore
2613 4882 2927 4947 destruant,
2965 4883 3047 4936 vel
3075 4881 3289 4953 destrui
3321 4881 3577 4953 jubeant,

1979 4958 2211 5035 propter
2228 4954 2406 5035 ipsam
2427 4952 2639 5035 terram
2654 4953 2974 5035 colendam,
2998 4953 3111 5007 sive
3129 4952 3578 5035 inhabitandam,

1982 5023 2306 5098 retentisin
2351 5041 2476 5098 meo
2497 5024 2767 5098 dominio
2792 5023 2989 5098 cervis,
3022 5025 3296 5098 capreolis
3324 5031 3383 5098 et
3427 5023 3580 5098 apris

1984 5095 2349 5152 silvestribus.
2380 5095 2664 5150 Decimam
2691 5095 2760 5148 de
2791 5095 3154 5149 Fredetnaco.
3181 5095 3483 5151 Servitium
3513 5099 3583 5152 de

1983 5172 2154 5230 terra,
2189 5183 2358 5238 quam
2403 5167 2694 5221 Boselinus
2730 5165 2799 5219 de
2828 5165 2965 5220 Diva
2993 5172 3149 5220 tenet
3174 5167 3232 5220 in
3256 5167 3504 5233 villeriis,
3529 5174 3586 5222 et

1987 5237 2358 5292 Guarinuilla.
2393 5237 2648 5292 Concedo
2679 5253 2900 5308 quoque
2939 5238 3062 5292 fieri
3092 5238 3162 5292 ad
3191 5254 3339 5308 opus
3369 5239 3584 5308 praefati

1987 5310 2313 5364 monasterii
2340 5314 2649 5363 mercatum
2678 5305 2736 5362 in
2771 5305 2916 5376 villa,
2935 5309 3026 5362 cui
3057 5305 3446 5362 Baltenoinen
3477 5315 3582 5364 est.

1987 5381 2053 5436 In
2083 5379 2368 5435 territorio
2407 5381 2638 5434 Cadomi
2686 5380 2884 5434 feriam
2931 5381 3101 5434 trium
3131 5379 3370 5443 dierum,
3414 5379 3495 5434 ita
3523 5387 3588 5436 ut

1991 5453 2210 5523 quoties
2223 5450 2459 5523 quilibet
2479 5452 2679 5506 horum
2694 5452 2866 5506 trium
2879 5451 3098 5504 dierum
3115 5449 3173 5502 in
3189 5450 3436 5523 secunda
3449 5452 3590 5507 feria

1990 5522 2193 5605 emerit
2223 5522 2601 5605 [ﬁuvenerit],
2632 5526 3165 5605 totu.m_mer'c‘atum
3203 5522 3393 5603 magni
3428 5522 3589 5605 burgi

1989 5594 2066 5648 sit
2097 5591 2288 5648 Sancti
2316 5591 2606 5665 Stephani.
2632 5595 2696 5649 In
2722 5593 2944 5647 civitate
2975 5591 3308 5663 Rothomagi
3347 5591 3589 5650 concedo

1990 5666 2114 5720 ﬁeri
2154 5666 2442 5720 cellarium
2473 5682 2650 5720 unum
2678 5681 2848 5736 super
2885 5665 3204 5736 Sequanam
3239 5665 3492 5736 quietum
3520 5667 3591 5722 ab

1991 5737 2146 5808 omni
2170 5737 2592 5808 consuetudine,
2618 5740 2675 5790 et
2702 5734 3018 5790 habitantes
3047 5734 3106 5789 in
3126 5751 3192 5790 eo
3224 5734 3442 5808 quietos
3473 5746 3591 5794 tam

1992 5807 2053 5864 in
2092 5813 2245 5864 terra
2289 5824 2459 5880 quam
2486 5807 2549 5864 in
2575 5821 2741 5879 aqua,
2774 5823 2876 5880 per
2914 5811 3093 5880 totam
3137 5807 3350 5880 terram
3379 5826 3587 5866 meam.

1995 5880 2251 5940 Concedo
2272 5878 2495 5954 quoque
2513 5878 2920 5951 domum—cum
2941 5878 3228 5953 viridario,
3251 5893 3422 5956 quam
3439 5881 3594 5945 dedit
