4048 6176
384 261 445 318 71
944 260 1038 314 AD
1077 256 1304 330 VlTAM
1345 256 1404 312 B.
1451 254 1860 310 LANFRANCI
1903 250 2484 310 CANTUARIENSIS
2521 247 3099 306 ARCHIEPISCOPI.

3590 211 3728 306 η’

383 385 564 444 eidem
594 384 867 452 coenobio,
899 384 957 438 in
987 383 1205 456 eadem
1227 382 1459 456 civitate
1481 380 1791 456 Bernaldus
1809 379 2043 456 _ﬁ_liusA
2061 377 2335 456 canonice
2353 377 2619 456 possidet,
2645 381 2744 430 aut
2771 376 2829 429 in
2854 376 3107 456 futurum
3136 373 3492 456 concessione
3510 391 3656 456 pon-

386 457 605 533 OSpaci.
632 457 700 514 Et
719 474 814 533 sex
837 444 1041 526 jugera
1064 453 1230 533 prati,
1255 453 1557 533 ψ]ᾳῖ
1577 452 1732 505 dedit
1754 452 1824 504 ad
1854 452 1980 532 Rat—
2021 445 2025 450 ί
2061 450 2298 533 tiﬁcum,
2323 444 2617 533 largitione
2639 464 2857 533 regum,
2882 448 2987 533 vel.
3013 446 3348 533 principum,
3374 444 3655 533 oblatione

423 523 620 591 armas,
641 535 696 582 et
721 523 946 582 domum
976 523 1142 596 quam
1165 523 1319 578 dedit
1339 524 1659 596 Willelmus
1680 523 1980 576 canonicus

426 600 535 656 lius
565 600 748 654 Suevi.
772 601 831 655 ln
853 595 1133 652 territorio
1165 596 1336 650 Lireti
1360 595 1631 664 hospitem
1655 610 1830 648 unum
1852 610 1979 647 cum

383 676 538 727 terra
555 687 676 737 sua,
697 675 754 724 et
779 673 1020 740 quatuor
1042 673 1305 740 arpentos
1335 673 1392 720 et
1419 665 1711 740 dimidium
1733 666 1811 740 de_
1821 665 1982 740 vinea

383 748 442 798 et
469 759 638 797 unam
661 737 849 794 acram
870 746 1034 794 terrae
1059 737 1208 793 intra
1225 738 1372 792 idem
1395 737 1763 790 territorium.
1789 737 1852 789 In
1871 737 1982 790 Au-

385 812 528 868 dura
556 812 722 866 ﬂuvio
753 811 992 866 concedo
1015 811 1136 864 ﬁeri
1167 809 1488 864 molendina
1508 809 1637 872 duo,
1666 808 1744 861 ita
1768 813 1831 860 ut
1859 813 1982 860 tan-

383 890 504 940 tum
536 883 780 955 spatium
800 883 868 936 de
899 898 1046 952 aqua
1075 886 1367 955 remaneat
1391 879 1651 955 liberum,
1679 884 1976 955 quatenus,

384 949 776 1036 quoqu'omodo
804 949 968 1035 aqua
991 969 1051 1006 se
1093 951 1310 1036 habeat,
1334 950 1750 1036 convenienter
1764 949 1981 1020 possint

380 1021 482 1097 per
507 1021 648 1080 illud
674 1021 916 1097 spatium
939 1024 1260 1097 ascendere,
1295 1028 1352 1097 et
1373 1021 1710 1076 descendere
1722 1027 1852 1097 tam
1884 1037 1980 1078 na-

380 1091 474 1152 ves
504 1114 672 1166 quam
702 1091 913 1166 'pisces.
961 1095 1214 1149 Concedo
1253 1094 1427 1166 etiam
1452 1098 1638 1166 totum
1686 1091 1980 1166 allodium,

381 1163 540 1240 quod
557 1163 753 1240 tenent
780 1167 1103 1240 Os_mundu_s
1131 1165 1371 1240 Aculeus
1399 1165 1670 1240 Ricardus
1712 1168 1771 1216 et
1797 1163 1979 1240 Roge-

381 1234 518 1293 ﬁus.
537 1240 601 1296 In
618 1238 901 1292 territorio
924 1237 1286 1291 Calvimontis
1309 1252 1476 1306 super
1495 1235 1710 1297 Divam.
1731 1234 1978 1306 etetiam

385 1315 566 1372 totum
608 1309 748 1365 illud
780 1308 927 1380 quod
956 1314 1152 1362 tenent
1180 1304 1498 1380 quicunque
1529 1305 1805 1380 allodiarii
1833 1304 1982 1380 infra

385 1382 613 1452 leugam
634 1375 821 1452 pontis
843 1379 1014 1434 Divse.
1029 1380 1104 1452 AIn
1133 1375 1284 1432 terra
1306 1375 1617 1452 Anglorum
1633 1377 1690 1452 in
1707 1375 1980 1452 comitatu

381 1452 451 1506 de
470 1448 810 1507 Devenesira
828 1450 1162 1516 manerium,
1182 1450 1330 1519 quod
1354 1454 1584 1502 vocatur
1602 1448 1897 1519 Northam.
1913 1448 1978 1501 In

382 1523 652 1578 comitatu
673 1523 742 1576 de
762 1523 998 1576 Dorseta
1017 1521 1127 1574 duo
1154 1518 1425 1585 m’aneria,
1450 1535 1623 1573 unum
1648 1518 1796 1589 quod
1817 1534 1979 1571 voca-

380 1600 477 1648 tur
513 1592 832 1672 Erancona,
871 1598 929 1646 et
956 1592 1109 1672 aliud
1147 1591 1296 1672 quod
1328 1589 1880 1672 vocatunBiencong
1915 1589 1980 1646 In

383 1663 654 1719 comitatu
669 1664 738 1716 de
753 1664 1150 1728 Sommerseta,
1165 1660 1221 1716 in
1238 1662 1523 1716 territorio
1535 1662 1645 1716 Cru
1653 1660 1981 1725 erae,decem

382 1735 582 1790 hiddas
611 1741 775 1789 terra:
805 1740 861 1788 et
889 1733 1178 1788 ecclesiam
1210 1749 1339 1787 cum
1377 1733 1528 1786 omni
1568 1732 1787 1786 decima
1825 1733 1980 1801 ejus-

379 1781 515 1860 εἶὲῖ
522 1781 588 1860 iis
595 1781 917 1860 {sua};
926 1781 1198 1860 ᾆδ’τῖιῖἰῖιῖἰι
1215 1781 1345 1857 ἷῐεῖῧ
1351 1781 1979 1860 αἱῐέέἷιηειῖἑὲὶἓξίαὶῖῐᾶε
1995 1781 2040 1840 Β

383 1875 623 1940 Cosham
654 1893 780 1932 cum
824 1876 975 1930 omni
1019 1881 1193 1943 terra,
1222 1881 1279 1932 et
1307 1875 1524 1928 decima
1551 1874 1620 1927 ad
1650 1891 1771 1928 eam
1803 1873 1979 1944 perti-

381 1954 569 2002 nente.
594 1947 850 2002 Concedo
871 1963 1093 2016 quoque
1121 1947 1180 2000 in
1210 1947 1478 2002 comitatu
1499 1945 1568 1999 de
1596 1946 1840 2007 Nortﬁot
1865 1961 1981 1998 ma-

381 2019 623 2084 nerium,
648 2019 796 2088 quod
825 2023 1057 2072 vocatur
1080 2017 1499 2088 Vuelles,quod
1530 2016 1685 2070 dedit
1713 2016 1978 2088 praedicto

381 2089 633 2144 coenobio
665 2087 996 2144 ’Willelmus
1051 2089 1119 2144 de
1168 2087 1391 2152 Scociis,
1445 2104 1569 2141 cum
1620 2087 1854 2140 ecclesia
1908 2087 1979 2141 de

380 2161 679 2214 Morthona
711 2165 768 2229 et
792 2165 947 2214 terra
973 2176 1100 2214 cum
1129 2159 1346 2214 decima
1379 2159 1562 2213 eidem
1585 2159 1828 2213 ecclesiae
1851 2173 1978 2228 per-

381 2230 594 2287 tinente
618 2231 674 2285 in
696 2231 941 2286 Essessa.
972 2232 1112 2285 Item
1141 2231 1383 2284 concedo
1414 2231 1471 2284 in
1491 2230 1760 2284 comitatu
1786 2229 1854 2282 de
1888 2231 1979 2282 Es-

379 2319 533 2356 sessa
559 2302 950 2365 maneriolum,
981 2302 1128 2372 quod
1158 2306 1386 2356 vocatur
1414 2301 1682 2366 Panfella,
1715 2306 1771 2354 et
1802 2301 1978 2354 Illun-

381 2373 548 2446 doma
568 2372 674 2446 r|_f.,
697 2373 755 2428 in
781 2374 1093 2443 Lundonia]
1118 2373 1432 2446 quamdam
1459 2377 1691 2446 terram,
1723 2388 1845 2446 quae
1873 2372 1982 2425 fuit

377 2442 996 2523 l_eux;et_li,sitam.prope
1019 2442 1307 2523 ecclesiam
1335 2444 1523 2523 Sancti
1541 2442 1693 2497 Petri
1731 2443 1977 2523 quietam

378 2515 448 2569 de
477 2515 666 2580 Gelth,
706 2522 763 2569 et
788 2514 1006 2581 Diescot,
1037 2522 1094 2569 et
1121 2516 1190 2568 de
1222 2515 1373 2568 omni
1409 2515 1520 2568 alia
1549 2514 1975 2579 consuetudine,

379 2603 502 2657 qua:
525 2587 614 2659 [[2,
642 2585 842 2659 quam]
881 2587 1036 2642 dedit
1072 2587 1470 2642 Wallerannus
1499 2585 1649 2659 filius
1670 2585 1974 2659 Ramnulﬁ,

375 2655 507 2711 cum
528 2655 752 2712 decima
783 2655 956 2712 totius
982 2664 1146 2714 terrae
1185 2675 1317 2722 suae,
1358 2673 1526 2726 quam
1555 2655 1725 2710 habet
1762 2657 1823 2710 in
1861 2656 1978 2712 An-

375 2728 509 2800 glia,
533 2735 652 2782 tam
682 2746 782 2800 pro
811 2729 1003 2783 anima
1026 2745 1129 2782 sua
1153 2746 1320 2800 quam
1356 2744 1456 2798 pro
1489 2744 1632 2800 mea:

451 2797 743 2870 Signum}
772 2801 1042 2854 Willelmi
1071 2797 1218 2870 regis
1244 2797 1477 2868 Signum
1506 2801 1545 2869 1-
1576 2797 1863 2870 Malthidis
1892 2813 1978 2851 re-

373 2868 540 2938 ginae.
581 2871 636 2926 S.
672 2871 904 2926 Joannis
930 2870 974 2940 -f-
1002 2868 1423 2940 archiepiscopi.
1467 2868 1784 2940 S.7Roberti
1813 2868 1856 2937 ἦ·
1883 2885 1978 2940 co-

375 2941 530 3012 mitis
578 2941 677 2995 ﬁlii
724 2942 900 3012 regis.
948 2939 1006 3012 S.
1040 2939 1288 2998 Willemi
1327 2939 1368 3010 13
1405 2939 1627 2994 comitis
1667 2940 1768 3012 ﬁlii
1806 2939 1974 3012 regis.

376 3011 612 3082 Signum
641 3010 936 3068 Lanfranci
959 3011 1002 3083 Ἰ-
1031 3012 1431 3083 archiepiscopi
1479 3013 1536 3067 S.
1569 3011 1784 3083 Odonis
1807 3010 1849 3081 -ί-
1878 3011 1979 3083 Ba-

370 3083 616 3152 jocensis
667 3084 932 3208 episcogii.
979 3082 1040 3138 'S.
1082 3082 1334 3153 Hugonis
1383 3084 1426 3154 -ι-
1468 3082 1820 3136 Lexoviensis
1857 3082 1979 3152 epi-

373 3155 543 3225 sc0pi.
578 3154 810 3225 Signum
867 3155 1136 3209 ‘islebcrti
1160 3153 1203 3225 -ῐ-
1235 3155 1585 3208 Ebroicensis
1613 3153 1880 3225 episcopi.
1903 3154 1973 3225 VS.

373 3170 543 3210 SCODI.
578 3170 810 3210 Signum
841 3170 1136 3209 υιειθῡρηι

375 3223 605 3280 Roberti
635 3223 678 3294 ’ἶ-
707 3226 990 3296 Sagiensis
1019 3223 1280 3296 episcOpi.
1316 3227 1371 3279 S.
1406 3223 1692 3279 Michaelis
1715 3224 1758 3294 ’ἰ-
1780 3223 1980 3296 Abrin-

375 3299 556 3350 censis
568 3297 750 3366 episco
794 3295 895 3351 i.S.
915 3295 1242 3377 Gaufiridij-
1255 3297 1695 3351 Constantiensis
1707 3295 1972 3376 episcopi.

376 3367 432 3420 S.
477 3366 704 3422 Roberti
743 3315 790 3436 -β
835 3368 1054 3424 comitis
1110 3367 1178 3421 de
1234 3369 1561 3421 Moretomo.
1593 3368 1648 3422 S.
1699 3365 1977 3436 Rogerie-f-

421 3407 432 3419 .
477 3384 704 3422 Πουθιίι
743 3384 786 3424 Τ
835 3384 1054 3424 οοιηιιιε
1110 3384 1178 3421 ae
1234 3384 1561 3421 DIOI‘BEODIO.
1593 3384 1648 3422 δ.
1701 3384 1922 3424 [1028]"!

376 3384 432 3420 δ.
477 3384 704 3422 nouerit
743 3384 786 3436 τ
835 3384 1054 3424 comins
1110 3384 1178 3421 ae
1234 3384 1561 3421 MOI‘eme.
1593 3384 1648 3422 δ.
1701 3384 1976 3436 nogerr-r

373 3437 595 3492 comitis
619 3437 687 3492 de
717 3439 904 3492 Monte
943 3438 1255 3492 Gomerico.
1291 3440 1347 3492 S.
1383 3437 1585 3508 Rogeri
1622 3438 1664 3508 οῗ-
1693 3438 1760 3490 de
1790 3437 1976 3490 Bello-

375 3515 586 3563 monte.
620 3509 675 3563 S.
711 3508 939 3564 Roberti
967 3514 1002 3576 -ι-
1031 3509 1250 3564 cornitis
1277 3509 1346 3563 de
1375 3510 1620 3564 Mellent.
1659 3509 1714 3562 S.
1747 3509 1973 3562 Henrici

373 3595 411 3660 -ι
430 3580 499 3660 de
510 3579 879 3660 “Bellonteé.
915 3580 1170 3660 Hugonis
1187 3580 1316 3660 fde
1338 3581 1630 3660 Gorniaco.
1659 3581 1714 3633 S.
1735 3579 1974 3660 Walteri

431 3650 665 3706 Gifardi.
701 3653 757 3706 S.
793 3651 1014 3705 Ricardi
1043 3653 1081 3716 -ιη
1109 3651 1466 3705 Abrincensis
1495 3651 1611 3704 vice
1641 3651 1877 3704 comitis.
1911 3652 1966 3704 S.

405 3722 628 3793 lugonis
656 3723 693 3786 οἰκ
721 3722 958 3778 comitis.
985 3723 1042 3776 S.
1071 3723 1340 3776 Willelmi
1366 3723 1403 3784 ’ζ’
1428 3722 1648 3776 comitis
1679 3721 1972 3776 Ebroicen-

405 3792 470 3848 is.
503 3793 560 3848 S.
580 3793 853 3848 Willelmi
880 3793 917 3850 υἷ’
948 3793 1015 3848 de
1045 3794 1310 3850 Bretolio.
1344 3794 1400 3847 S.
1433 3791 1664 3847 Roberti
1693 3794 1730 3850 'l‘
1758 3795 1972 3850 Ancen—

373 3793 470 3848 sis.
503 3793 560 3848 S.
580 3793 853 3848 Willelmi
880 3793 917 3856 εἶ’
948 3793 1015 3848 de
1045 3794 1310 3851 Bretolio.
1344 3794 1400 3847 S.
1433 3793 1664 3847 Roberti
1693 3794 1730 3856 '1‘
1758 3795 1971 3850 Ancen—

371 3863 449 3920 sis
479 3864 718 3918 comitis.
753 3865 808 3919 S.
833 3863 1061 3919 Roberti
1088 3865 1125 3926 ’Ξ-
1151 3865 1220 3918 de
1242 3864 1537 3922 Bellesme.
1572 3865 1626 3918 S.
1652 3864 1904 3933 Hugonis
1932 3865 1971 3927 λε

371 3934 440 3988 de
469 3935 869 3990 Montefortim.
904 3936 960 3990 S.
996 3935 1250 4004 Hugonis
1278 3936 1314 3997 -ὶ-
1343 3936 1412 3989 de
1439 3935 1872 3989 Grentemesnil.
1908 3936 1966 3988 S.

372 4005 578 4088 Nigelli
601 4008 647 4088 ᾖ·
676 4007 744 4088 de
770 4007 1248 4088 Constantii-102$.
1267 4006 1608 4088 )Villelmirj-
1635 4006 1970 4088 Dunelensis

371 4076 635 4148 ePiSCOPi-
689 4078 746 4134 So
797 4077 1021 4132 Ricardi
1067 4078 1104 4140 ’ἒ
1152 4077 1220 4131 de
1263 4076 1512 4132 Corceio.
1547 4079 1602 4131 S.
1635 4077 1906 4130 Willelmi
1934 4079 1968 4144 -Ῑ-

371 4148 1081 4230 Crispini.AS._‘I'n‘g_il‘rann_i
1341 4148 1598 4230 Huberti.
1631 4148 1688 4230 S'.
1720 4148 1969 4230 Vilani‘j‘

369 4218 609 4274 comitis.
643 4220 700 4274 S.
731 4220 1002 4274 Willelmi
1047 4223 1082 4289 τ
1129 4219 1198 4275 de
1233 4220 1521 4274 Warenna
1551 4220 1606 4274 S.
1640 4219 1867 4274 Henrici
1898 4218 1969 4273 de

369 4290 613 4347 Ferrarii
643 4290 708 4361 [Γ.
739 4291 1074 4362 Ferrarius].

416 4399 782 4466 Privitegium
813 4399 1050 4452 Honorii
1078 4399 1182 4464 III,
1215 4400 1325 4452 sive
1353 4397 1662 4452 Alexandri
1693 4398 1765 4463 II,
1797 4401 1900 4451 etc.

502 4502 646 4577 (Vid.
671 4506 878 4560 Patrol.
902 4509 1039 4560 tom.
1075 4504 1310 4572 CXLVI,
1338 4505 1397 4559 in
1426 4503 1674 4559 Honorio
1705 4503 1830 4571 III.)

367 4610 627 4681 Ejusdem
647 4612 885 4668 Honorii
907 4615 1119 4678 litterae,
1143 4613 1340 4680 quibus
1364 4614 1746 4665 immunitates
1771 4613 1968 4679 conﬁr-

579 4687 697 4739 mat
722 4685 960 4738 eoenobii
994 4683 1059 4740 S.
1093 4683 1358 4752 Stephani
1383 4683 1747 4737 Cadomensis.

437 4791 729 4848 HONORIUS
756 4789 1053 4861 episcopus
1083 4804 1279 4842 servus
1297 4803 1593 4861 servorum
1623 4787 1745 4861 Dei.

442 4881 462 4912 ι
496 4858 834 4934 Religiosafn
869 4858 1037 4934 vitam
1063 4858 1399 4934 eligentibus
1427 4859 1798 4934 apostolicum
1828 4875 1962 4934 con-

361 4933 516 4988 venit
541 4929 738 4988 adesse
759 4932 1099 5004 praesidium,
1119 4929 1188 4984 ne
1209 4931 1349 5004 forte
1369 4929 1665 5000 cujuslibet
1680 4931 1964 5004 temerita-

360 5005 436 5060 tis
464 5002 872 5071 incursusfaut
900 5020 994 5058 eos
1016 5020 1051 5056 a
1069 5002 1352 5072 proposito
1379 5007 1616 5067 revocet,
1643 5007 1740 5055 aut
1769 5002 1957 5070 robur,

399 5077 510 5131 uod
539 5077 717 5131 absit!
753 5091 924 5130 sacrae
951 5073 1259 5142 Religionis
1281 5072 1581 5143 infringat;
1614 5089 1676 5126 ea
1710 5080 1958 5144 propter,

397 5147 708 5202 ilectissimi
731 5147 791 5200 in
816 5144 1056 5200 Domino
1081 5143 1201 5208 ﬁlii,
1228 5144 1426 5198 vestris
1443 5144 1612 5214 justis
1635 5143 1964 5214 postulatio-

357 5219 524 5280 nibus
553 5220 860 5273 clementer
887 5215 1190 5268 annuimus
1217 5221 1275 5269 et
1318 5215 1722 5269 monasterium
1767 5214 1960 5270 Sancti

359 5285 630 5361 Stephani
657 5286 1043 5361 Cadomensis,
1068 5286 1268 5361 inquo
1285 5287 1471 5340 divino
1502 5286 1805 5361 mancipati
1827 5288 1962 5361 estis

355 5357 642 5432 obsequio,
678 5357 757 5432 ad
801 5357 1084 5432 exemplar
1129 5357 1305 5432 felicis
1337 5358 1620 5432 memoriae
1656 5359 1960 5432 Alexandri

353 5427 530 5505 papae'
559 5429 714 5510 tertii
761 5427 1186 5512 praedecessoris
1241 5429 1453 5511 nostri,“
1479 5430 1637 5510 cujus
1684 5430 1960 5512 privilegii

353 5500 609 5559 tenorem
638 5500 697 5555 in
724 5500 844 5571 ejus
880 5500 1272 5571 perspeximus
1307 5500 1585 5555 contineri
1623 5507 1862 5571 regesto,
1889 5500 1956 5556 in

352 5576 446 5646 jus
476 5578 533 5628 et
562 5572 798 5646 tutelam
828 5571 977 5646 beati
1014 5571 1167 5646 Petri
1215 5577 1273 5646 et
1307 5577 1560 5626 nostram
1594 5573 1950 5646 suscipimus,

359 5643 420 5700 et
443 5645 735 5717 praesentis
780 5643 976 5715 scripti
1003 5643 1293 5716 privilegio
1323 5643 1808 5717 communivimus,
1837 5650 1954 5699 sta-

359 5715 586 5798 tuentes
632 5722 699 5772 ut
752 5715 1122 5798 quascunque,
1167 5715 1570 5798 possessiones,
1611 5732 1955 5798 quaecunque

359 5787 509 5848 bona
534 5785 688 5850 idem
721 5785 1129 5858 nimum
1164 5785 1677 5864 inipraesentiaruui
1701 5785 1962 5862 justo—ac.

2064 521 2331 582 ﬁdelium,
2361 517 2456 572 seu
2489 519 2613 572 aliis
2643 517 2812 588 justis
2842 517 3040 585 modis,
3070 523 3367 588 praestante
3396 517 3651 584 Domino,

2103 592 2269 645 oterit
2287 590 2557 662 adipisci,
2589 592 2752 644 ﬁrma
2783 590 2954 662 vobis,
2978 589 3290 662 vestrisque
3319 589 3654 662 successori-

2103 610 2269 645 ΟἱΘῐΊῐι
2299 610 2557 662 ampxscn,
2589 610 2752 644 urina
2783 610 2954 654 V0018,
2982 610 3290 660 VCSU‘ISQUB
3319 610 3654 643 SUCCCSSOI’I'

2065 610 2166 717 Bus
2200 661 2412 716 illibata
2441 665 2827 732 permaneant.
2859 661 2942 714 Ad
2977 661 3094 714 haec
3124 660 3373 731 praedicti
3401 665 3655 714 anteces-

2064 733 2206 787 soris
2234 733 2410 786 nostri
2442 731 2690 803 vestigiis
2730 731 3066 786 inhaerentes
3095 732 3396 803 statuimus
3430 732 3656 803 nullum

2064 805 2435 859 ecclesiastica
2479 802 2877 858 senisseculari
2920 803 3244 874 praedictum
3290 802 3559 874 dignitate
3597 802 3658 874 in

2062 876 2246 939 rebus,
2290 876 2374 928 vel
2405 875 2820 945 dispensatione
2863 872 3204 945 monasterii
3225 872 3521 944 praelibati,
3551 873 3656 927 ali-

2063 964 2230 1019 quam
2252 946 2476 1019 habere,
2498 944 2698 1019 praeter
2719 946 3034 1019 Romanum
3057 944 3658 1019 pont_iﬁcem,‘po_testa-

2061 1016 2213 1084 feni;
2245 1017 2341 1071 sed
2373 1035 2537 1071 omne
2561 1019 2654 1087 jus
2682 1017 2858 1087 ipsius
2879 1017 3204 1070 monasterii
3236 1017 3307 1070 ad
3331 1016 3659 1071 sollicitudi-

2062 1089 2148 1144 nis
2183 1096 2385 1143 nostrae
2430 1105 2923 1158 successorumque
2957 1094 3278 1142 nostrorum
3305 1087 3657 1142 decernimus

2062 1160 2310 1214 studium
2339 1160 2638 1231 pertinere.
2673 1159 2732 1213 Si
2767 1157 2955 1213 autem
2985 1159 3223 1229 alicujus
3261 1157 3656 1231 episcopimo-

2063 1231 2225 1286 lestia
2261 1230 2594 1302 praegravati
2624 1231 2866 1296 fueritis,
2902 1236 3265 1302 sanctamque
3292 1230 3656 1302 apostolicam

2062 1299 2709 1374 sedem—app'ellaveritis,
2744 1302 2918 1356 donec
2945 1318 3114 1374 causa
3137 1299 3415 1374 vestra—ad
3446 1299 3656 1374 Roma-

2063 1391 2198 1429 num
2224 1371 2508 1428 deferatur
2536 1373 2877 1444 pontiﬁcem,
2900 1377 2958 1426 et
2977 1372 3046 1427 ab
3067 1389 3152 1438 eo,
3177 1373 3260 1426 vel
3290 1372 3359 1426 de
3391 1371 3658 1428 mandato

2061 1445 2238 1517 ipsius
2266 1443 2620 1517 terminatur,
2648 1444 2788 1498 nulli
2813 1443 3050 1517 ulterius
3080 1444 3466 1517 episcoporum
3493 1443 3661 1517 liceat

2061 1513 2257 1570 contra
2284 1533 2379 1570 vos
2408 1516 2562 1569 litem
2597 1532 2838 1570 movere.
2864 1513 3232 1569 Prohibeinus
3261 1513 3431 1570 etiam
3459 1530 3528 1569 ne
3556 1515 3660 1570 Ba-

2056 1587 2297 1658 jocensis
2328 1587 2620 1658 episcopus
2649 1603 2750 1658 pro
2779 1585 3028 1657 qualibet
3064 1585 3300 1648 abbatis,
3335 1587 3420 1640 vel
3457 1603 3660 1641 mona-

2061 1661 2292 1712 chorum
2323 1659 2506 1729 culpa,
2541 1675 2634 1712 eos
2681 1662 2986 1729 praesumat
3032 1658 3536 1729 excommunicare,
3572 1658 3660 1712 vel

2062 1731 2120 1784 in
2144 1727 2485 1784 monasterio
2507 1727 2757 1782 divinum
2778 1727 3022 1782 ofﬁcium
3043 1727 3358 1798 prohibere.
3402 1727 3660 1783 Obeunte

2058 1818 2190 1856 vero
2219 1807 2274 1855 te
2301 1817 2449 1854 nunc
2475 1799 2723 1870 ejusdem
2755 1799 2860 1852 loci
2884 1798 3104 1865 abbate,
3137 1801 3222 1854 vel
3250 1805 3476 1854 tuorum
3517 1816 3660 1870 quo-

2062 1873 2198 1927 libet
2225 1888 2630 1937 successorum,
2664 1871 2853 1925 nullus
2898 1870 2974 1924 ibi
3004 1872 3214 1925 astutia
3245 1871 3496 1942 qualibet
3523 1870 3660 1926 sub-

2059 1943 2329 2014 reptionis
2357 1960 2458 1998 seu
2482 1943 2696 1996 malitia
2720 1947 3100 2066 praeponatur,
3119 1942 3230 1996 nisi
3254 1959 3419 2013 quem
3446 1943 3656 1996 fratres

2060 2015 2342 2066 communi
2372 2031 2623 2066 assensu.
2652 2032 2716 2066 vc
2762 2013 2998 2066 fratrum
3027 2030 3154 2066 pars
3179 2014 3417 2066 sanioris
3440 2013 3656 2066 consilii

2060 2013 2342 2069 communi
2372 2031 2623 2077 assensu,
2652 2013 2738 2066 vel
2762 2013 2998 2067 fratrum
3025 2030 3154 2083 pars
3179 2014 3417 2067 sanioris
3440 2013 3658 2068 consilii

2060 2086 2369 2140 secundum
2409 2085 2507 2139 Dei
2539 2085 2797 2139 timorem
2829 2090 2886 2138 et
2909 2083 3057 2138 beati
3088 2085 3374 2138 Benedicti
3404 2085 3661 2154 regulam

2059 2157 2403 2228 providerint
2421 2156 2763 2228 eligendum.
2780 2156 3056 2228 Praeterea
3077 2155 3280 2228 liberas
3301 2161 3357 2209 et
3376 2155 3662 2228 absolutas

2060 2226 2328 2299 personas
2360 2245 2390 2282 e
2415 2229 2614 2281 saeculo
2653 2227 2931 2299 fugientes
2964 2226 3313 2299 liceat‘vobis
3339 2227 3664 2299 adconver-

2061 2297 2277 2353 sionem
2303 2304 2545 2352 vestram
2567 2298 2867 2368 suscipere,
2894 2303 2950 2351 et
2979 2315 3073 2351 eas
3106 2297 3318 2368 absque
3337 2298 3507 2354 ullius
3535 2315 3665 2353 con-

2059 2371 2394 2424 tradictione
2415 2370 2472 2423 in
2496 2376 2678 2423 vestro
2699 2369 2931 2438 collegio
2949 2369 3211 2423 retinere.
3233 2369 3490 2423 Chrisma
3510 2387 3660 2436 vero,

2061 2443 2247 2496 oleum
2294 2447 2573 2505 sanctum,
2608 2441 2989 2494 dedicationes
3036 2441 3418 2506 ecclesiarum,
3465 2457 3662 2495 conse-

2059 2513 2350 2567 crationes.
2381 2513 2666 2578 altarium,
2718 2511 3100 2564 ordinationes
3153 2517 3553 2566 monachorum
3607 2518 3664 2566 et

2059 2585 2387 2638 clericorum
2435 2589 2768 2648 vestrorum,
2801 2583 2894 2653 qui
2944 2583 3013 2636 ad
3059 2599 3246 2636 sacros
3285 2583 3510 2638 ordines
3540 2583 3661 2638 fue-

2060 2656 2174 2709 rint
2198 2655 2579 2726 promovendi,
2598 2655 2870 2726 laicorum
2894 2654 3063 2708 etiam
3084 2655 3178 2726 qui
3201 2654 3515 2726 criminalia
3537 2672 3660 2726 pec-

2059 2733 2184 2780 cata
2213 2725 2572 2790 incurrerint,
2607 2725 2857 2790 consilia,
2889 2731 2946 2776 et
2974 2725 3433 2795 poenitentiarum
3468 2727 3660 2796 injun-

2060 2797 2272 2851 ctiones
2301 2814 2336 2850 a
2364 2796 2656 2866 Bajocensi
2693 2796 3010 2868 suscipietis
3054 2797 3332 2868 episc0po,
3379 2797 3658 2868 siquidem

2060 2869 2366 2923 catholicus
2394 2869 2582 2932 fuerit,
2619 2873 2676 2921 et
2718 2867 2960 2937 gratiam
3004 2872 3175 2937 atque
3203 2867 3660 2923 c0mmunionem‘

2059 2940 2375 3011 apostolica;
2394 2939 2542 3011 sedis
2562 2937 2839 3011 habuerit,
2858 2944 2915 2992 et
2932 2954 3000 3011 ea
3016 2938 3210 3008 gratis,
3233 2945 3291 2993 et
3312 2939 3524 3010 absque
3541 2939 3659 2994 ulla

2060 3009 2335 3082 pravitate
2383 3009 2536 3064 vobis
2582 3009 2822 3064 voluerit
2860 3009 3156 3082 exhibere;
3199 3009 3448 3082 alioquin
3491 3011 3656 3066 liceat

2061 3081 2236 3154 vobis,
2250 3099 2425 3154 quem
2444 3081 2757 3136 malueritis
2775 3081 3110 3154 catholicum
3139 3081 3651 3154 adireantistitem,

1235 3141 1585 3208 Ebroicensis
1613 3141 1973 3224 episcopifS.
1996 3141 2039 3200 Ο
2061 3154 2155 3224 qui
2181 3141 2376 3209 nostra
2403 3153 2576 3207 fultus
2608 3153 2940 3207 auctoritate
2961 3153 3110 3222 quod
3130 3153 3447 3223 postulatur
3467 3141 3652 3207 indu];

2057 3231 2220 3294 geat;
2254 3230 2311 3278 et
2356 3225 2596 3278 maxime
2639 3224 2685 3276 si
2734 3225 3114 3277 ordinationes
3143 3225 3562 3291 monachorum,
3597 3230 3655 3278 et

2058 3296 2386 3350 clericorum
2426 3302 2738 3348 vestrorum
2768 3295 2918 3348 ultra
2950 3296 3116 3348 unius
3145 3296 3354 3349 mensis
3383 3296 3646 3366 spatium,

2058 3368 2366 3421 secundum
2397 3367 2545 3436 quod
2583 3367 2652 3419 ab
2686 3366 2881 3419 eodem
2923 3372 3275 3420 antecessone
3313 3373 3506 3420 nostro
3535 3372 3654 3420 sta-

2056 3443 2241 3492 tutum
2269 3444 2372 3503 est,
2396 3438 2689 3508 epiSCOpus
2718 3437 3038 3506 Bajocensis
3059 3437 3361 3491 distulerit.
3387 3438 3652 3491 Decerni-

2056 3526 2182 3563 mus
2207 3514 2423 3581 ergout
2443 3508 2579 3562 nulli
2601 3509 2828 3561 omnino
2855 3508 3145 3581 hominum
3168 3509 3334 3563 liceat
3357 3509 3652 3581 prtefatum

2057 3579 2459 3634 monasterium
2487 3585 2700 3651 temere
2727 3579 3082 3651 perturbare,
3113 3586 3214 3651 aut
3257 3579 3378 3651 ejus
3430 3596 3652 3650 posses-

2054 3651 2240 3723 siones
2264 3652 2505 3715 auferre,
2535 3651 2621 3723 vel
2651 3650 2904 3723 abbatias
2927 3649 3350 3723 [f.,abb_atiam]
3384 3649 3646 3715 retinere,

2055 3722 2328 3787 minuere,
2357 3738 2457 3776 seu
2485 3721 2830 3792 quibuslibet
2852 3721 3240 3775 vexationibus
3268 3721 3523 3792 fatigare,
3549 3724 3650 3777 sed

2052 3792 2271 3847 illibata
2298 3793 2504 3859 omnia,
2535 3798 2594 3846 et
2621 3793 2844 3862 integra
2867 3799 3268 3847 conserventur
3291 3810 3505 3859 eorum,
3541 3811 3648 3864 pro

2053 3881 2290 3934 quorum
2344 3864 2770 3934 gubernatione,
2824 3880 2889 3917 ac
2939 3866 3347 3918 sustentatione
3384 3880 3649 3919 concessa

2051 3941 2183 3990 sunt
2221 3935 2416 3989 usibus
2445 3935 2780 3989 omnimodis
2809 3935 3118 4006 profutura,
3154 3936 3306 3990 salva
3333 3937 3481 3990 sedis
3508 3952 3648 4007 apo-

2050 4007 2259 4061 stolicae
2286 4007 2640 4060 auctoritate.
2671 4008 2728 4061 Si
2760 4023 2871 4077 qua
2898 4007 3072 4076 igitur
3099 4007 3158 4059 in
3186 4007 3439 4061 futurum
3469 4008 3646 4061 eccle-

2051 4077 2296 4139 siastica,
2329 4078 2678 4132 saecularisve
2710 4093 2966 4148 persona,
3009 4077 3155 4131 hanc
3199 4084 3402 4133 nostra;
3431 4079 3645 4132 consti-

2052 4149 2285 4202 tutionis
2313 4149 2595 4220 paginam
2619 4150 2799 4203 sciens
2835 4156 3033 4202 contra
3059 4165 3183 4202 eam
3213 4154 3425 4204 temere
3454 4150 3649 4220 venire
3729 4200 3738 4208 .

2049 4219 2354 4274 tentaverit
2399 4219 2642 4274 secundo
2684 4220 2920 4273 tertiove
2971 4221 3312 4274 commonita
3357 4220 3465 4274 nisi
3502 4237 3647 4290 prae-

2050 4292 2428 4362 sumptionem
2478 4308 2638 4344 suam
2677 4291 2847 4360 digna
2891 4291 3270 4346 satisfactione
3317 4292 3642 4359 correxerit,

2049 4363 2362 4432 potestatis,
2384 4362 2724 4432 honorisque
2737 4362 2825 4415 sui
2841 4362 3116 4432 dignitate
3139 4368 3347 4429 careat,
3377 4380 3644 4433 reamque

1983 4449 2108 4510 Dse
2140 4433 2326 4486 divino
2370 4433 2579 4503 judicio
2628 4433 2828 4510 existat
2860 4433 2940 4510 de
2976 4439 3299 4504 perpetrata
3343 4434 3643 4510 iniquitate

2049 4509 2377 4575 cognoscat;
2427 4509 2485 4558 et
2529 4520 2562 4558 a
2591 4504 2970 4558 sacratissimo
3001 4519 3231 4575 corpore
3274 4522 3338 4559 ac
3366 4504 3643 4574 sanguine

2047 4576 2149 4629 Dei
2166 4582 2222 4630 et
2238 4575 2460 4629 Domini
2483 4575 2874 4646 Redemptoris
2894 4575 3068 4646 nostri
3091 4575 3117 4629 J
3125 4592 3221 4629 esu
3239 4575 3444 4630 Christi
3455 4576 3644 4630 aliena

2049 4648 2165 4706 ﬁat,
2201 4653 2370 4717 atque
2409 4646 2468 4699 in
2507 4645 2756 4700 extremo
2788 4645 3042 4700 examine
3070 4646 3320 4700 districta
3357 4647 3645 4716 subjaceat

2052 4718 2270 4774 ultioni.
2288 4717 2514 4772 Cunctis
2543 4722 2731 4771 autem
2763 4717 2942 4770 eidem
2963 4717 3084 4770 loco
3113 4733 3214 4771 sua
3228 4719 3359 4788 jura
3375 4719 3643 4772 servanti-

2046 4788 2151 4843 bus
2180 4789 2256 4843 sit
2279 4805 2386 4858 pax
2416 4789 2639 4860 Domini
2662 4788 2849 4860 nostri
2865 4788 2997 4841 Jesu
3027 4788 3255 4854 Christi,
3287 4796 3566 4860 quatenus
3587 4795 3645 4844 et

2045 4860 2136 4914 hic
2170 4860 2415 4914 fructum
2445 4859 2602 4914 bona:
2651 4859 2889 4913 actionis
2936 4859 3268 4930 percipiant,
3302 4859 3358 4914 et
3382 4861 3533 4931 apud
3562 4860 3643 4914 di-

2043 4931 2300 4986 strictum
2345 4931 2596 4987 Judicem
2640 4931 2874 5003 praemia
2896 4936 3117 4986 aeternae
3147 4932 3297 5003 pacis
3326 4932 3636 4986 inveniant.

2041 5005 2240 5058 Amen.

2119 5095 2141 5126 ι
2185 5075 2300 5145 Ego
2329 5074 2612 5128 Honorius
2639 5074 2922 5130 catholica:
2947 5074 3258 5146 episcopus.

2115 5147 2150 5214 -j~
2180 5146 2298 5216 Ego
2328 5146 2867 5218 GuidoPraenestin.
2897 5147 3208 5218 episcopus.

2115 5220 2152 5285 -Ῑ-
2183 5215 2298 5288 Ego
2342 5215 2677 5272 Octavianus
2727 5215 3060 5272 Sanctorum
3085 5215 3281 5287 'Sergii
3322 5221 3378 5272 et
3434 5217 3638 5272 Bacchi

2043 5287 2311 5343 diaconus
2337 5289 2654 5343 cardinalis.

2112 5363 2147 5428 -ξι
2171 5361 2294 5485 lvagto
2320 5360 2640 5432 Stephanus
2661 5358 2903 5414 basilicae
2922 5359 3229 5414 Duodecim
3254 5359 3636 5431 apostolorum

2112 5448 2169 5485 es
2272 5449 2351 5485 er.

2079 5447 2351 5485 resoner.

2039 5438 2351 5502 presbyter.

2113 5505 2148 5571 ’Ξ-
2177 5504 2292 5574 Ego
2324 5502 2929 5572 Gregorius.............
2962 5500 3280 5574 presbyter.

2108 5591 2136 5628 α
2165 5573 2370 5629 Datum
2403 5574 2667 5628 Laterani
2711 5591 2812 5645 per
2853 5590 3084 5628 manum
3115 5573 3383 5645 Willelmi
3427 5577 3636 5645 sancte

2035 5645 2304 5702 Romane
2329 5646 2586 5701 Ecclesia:
2611 5643 3048 5700 vicécancellarii
3090 5659 3149 5699 ιιι
3184 5643 3318 5698 Idus
3346 5644 3519 5711 Junii,
3551 5645 3636 5698 in-

2037 5716 2282 5800 dictione
2325 5732 2401 5786 Ix,
2453 5717 2858 5800 incarnationis
2887 5718 3091 5800 .Dom.,
3125 5731 3232 5798 .an.
3283 5714 3465 5799 1224,.
3496 5731 3634 5800 pon-

2036 5788 2291 5850 tificatus
2301 5806 2434 5848 vero
2451 5789 2668 5850 domini
2689 5788 2932 5848 Honorii.
2947 5787 3182 5862 papam
3200 5802 3349 5847 anno
3372 5787 3628 5860 quinto.»
