4048 6176
259 304 323 363 73

558 446 914 490 PRIVILEGIUM
943 450 1245 492 CLEMENTIS
1285 450 1437 490 PAPzE
1473 452 1550 492 VI.

265 579 370 645 Quo
394 576 453 632 S.
478 576 748 647 Stephani
772 580 1119 634 Cadomensis
1138 579 1427 632 abbatibus
1447 581 1700 647 insignia
1722 596 1860 648 pon-

793 653 1023 717 tiﬁcalia
1044 651 1342 719 permittit.

338 809 360 841 ι
398 790 683 857 Clemens,
718 807 911 844 servus
940 807 1228 846 servorum
1262 791 1382 856 Dei,
1423 792 1494 845 ad
1533 797 1861 862 perpetuam

266 860 341 914 rei
361 862 719 917 memoriam.
745 862 960 915 Sanctae
980 862 1246 915 Romanae
1267 860 1740 917 Ecclesiae—matris
1766 865 1863 917 Ec-

266 931 557 985 clesiarum
584 932 838 986 omnium
864 939 923 986 et
949 933 1251 1003 magistrae,
1284 934 1415 987 licet
1442 934 1731 999 immeriti,
1764 951 1858 987 re-

266 1002 878 1083 praesidentes,
913 1020 1105 1083 earum
1136 1003 1609 1083 statumlibenter
1633 1005 1863 1083 honoris

263 1073 557 1153 impendiis
571 1090 999 1154 promovemus,
1028 1078 1086 1127 et
1113 1091 1236 1144 quae
1274 1073 1574 1128 dubietatis
1603 1076 1862 1154 anfractu

263 1144 556 1215 materiam
570 1144 883 1213 litigiorum
901 1145 982 1198 eis
995 1161 1095 1215 pro
1114 1152 1368 1215 tempore
1388 1153 1614 1215 possent
1626 1146 1857 1210 inferre,

264 1214 617 1279 declaranda,
652 1220 926 1284 quantum
950 1215 1110 1269 nobis
1138 1214 1401 1286 possibile
1428 1217 1704 1279 redditur,
1737 1216 1864 1269 sub-

266 1301 572 1356 movemus.
606 1286 829 1339 Dudum
844 1286 1121 1356 siquidem
1141 1286 1471 1340 dilectorum
1493 1287 1736 1340 ﬁliorum
1761 1288 1865 1341 Ro-

261 1355 400 1409 berti
436 1355 661 1409 abbatis
710 1361 766 1409 et
802 1355 1107 1410 conventus
1152 1358 1477 1411 monasterii
1517 1358 1707 1411 Sancti
1737 1360 1864 1412 Ste-

261 1426 431 1497 phani
445 1427 518 1479 de
543 1427 791 1480 Cadomo
807 1427 1021 1480 ordinis
1038 1428 1215 1481 sancti
1236 1428 1519 1481 Benedicti
1545 1429 1864 1497 Bajocensis

263 1498 518 1551 dioecesis
550 1497 933 1552 insinuatione
961 1505 1222 1568 percepto
1251 1499 1399 1568 quod
1428 1498 1722 1568 praefatum
1750 1516 1867 1553 mo-

258 1569 568 1639 nasterium
613 1568 763 1622 inter
805 1569 919 1621 alia
962 1568 1208 1639 partium
1253 1568 1480 1623 illarum
1525 1571 1866 1624 monasteria

261 1638 589 1711 emtrnobile
617 1645 675 1711 et
702 1639 943 1708 insigne,
966 1638 1036 1693 et
1062 1640 1122 1693 in
1164 1656 1229 1693 eo
1258 1656 1465 1711 magna
1498 1656 1630 1709 pars
1668 1641 1865 1711 capitis

259 1709 665 1782 gloriosissimi‘
678 1710 1112 1782 protomartyris
1136 1710 1352 1780 praefati
1372 1711 1550 1764 sancti
1573 1709 1859 1782 Stephani,

259 1798 355 1834 nec
385 1797 503 1834 non
547 1779 746 1902 capitis
776 1779 954 1834 beaten
982 1779 1315 1850 Margaretae
1363 1783 1652 1851 martyris,
1672 1779 1867 1852 prout

259 1852 312 1902 in
333 1851 445 1902 illis
462 1851 612 1902 parti
655 1867 721 1902 us
741 1851 1055 1902 communis
1082 1852 1331 1902 ﬁdelium
1349 1852 1536 1902 oninio
1557 1853 1860 1902 asserebat.

258 1852 312 1904 in
333 1851 445 1904 illis
462 1851 612 1921 parti

260 1922 562 1992 multazque
579 1922 824 1975 aliorum
853 1928 1177 1976 sanctorum
1196 1923 1445 1992 reliquiae
1466 1923 1870 1977 honorabiliter

262 1992 652 2054 servabantur,
684 1997 1074 2063 propterquae
1126 1993 1198 2046 ad
1244 1993 1428 2062 ipsum
1461 1994 1867 2047 monasterium

265 2063 468 2133 sepius
520 2063 773 2133 undique
814 2078 943 2116 cum
990 2080 1198 2133 magna
1224 2063 1517 2117 devotione
1554 2065 1871 2118 conﬂuebat

268 2134 572 2205 multitudo
600 2133 855 2187 ﬁdelium
881 2134 1143 2203 copiosa;
1177 2140 1410 2205 eratque
1435 2134 1604 2188 etiam
1631 2135 1691 2188 in
1720 2136 1868 2189 dicto

272 2204 615 2285 mopasterio
663 2220 871 2285 corpus
902 2205 1210 2285 recolendas
1253 2204 1537 2259 memoriae
1583 2206 1869 2285 Guillelmi

269 2275 420 2345 regis
440 2275 657 2345 Angliae
694 2275 1021 2345 principalis
1049 2275 1295 2344 ejusdem
1326 2276 1652 2329 monasterii
1676 2277 1871 2330 funda-

266 2346 404 2399 toris
435 2345 834 2399 venerabiliter
862 2346 1224 2411 tumulatum,
1260 2347 1353 2417 qui
1385 2347 1598 2400 dudum
1628 2348 1869 2401 existens

263 2417 789 2487 duxiNortmannizre
810 2417 959 2487 cepit
986 2434 1222 2487 regnum
1247 2417 1463 2485 Anglia:
1482 2417 1534 2470 vi
1556 2434 1864 2484 armorum,

263 2486 394 2541 dicti
425 2504 651 2558 quoque
681 2486 854 2541 abbas
888 2486 957 2541 et
1000 2486 1304 2541 conventus
1330 2488 1390 2540 in
1428 2489 1624 2541 eodem
1670 2506 1867 2542 mona-

262 2558 457 2621 sterio,
491 2575 559 2612 ac
602 2558 875 2611 tredecim
904 2558 1315 2628 parochialibus
1342 2559 1588 2612 ecclesiis
1630 2565 1687 2612 et
1731 2559 1868 2613 locis

264 2646 485 2695 earum,
526 2646 593 2682 ac
620 2629 851 2699 capellis
886 2629 969 2683 eis
996 2630 1062 2682 ad
1064 2628 1382 2698 jacentibus
1420 2630 1665 2699 legitime
1692 2630 1867 2683 habe-

262 2704 392 2753 rent
439 2704 496 2753 et
528 2700 899 2771 possiderent,
943 2716 1008 2753 ac
1046 2701 1379 2754 habuissent
1407 2707 1464 2753 et
1489 2701 1870 2771 possedissent

264 2771 560 2833 hactenus,
590 2777 709 2824 tam
730 2770 836 2841 ipsi
860 2786 1028 2839 quam
1049 2788 1243 2825 eorum
1274 2771 1712 2841 praedecessores
1740 2788 1869 2825 con-

265 2841 444 2905 tinuo,
468 2841 678 2913 libere,
709 2841 939 2913 paciﬁce
965 2847 1022 2895 et
1049 2842 1255 2912 quiete,
1270 2848 1338 2913 et
1362 2858 1396 2895 a
1427 2847 1585 2895 tanto
1614 2848 1867 2913 tempore

268 2914 424 2980 cujus
462 2912 615 2965 initii
656 2912 931 2965 memoria
962 2928 1075 2965 non
1110 2912 1381 2979 exstabat,
1416 2912 1868 2982 jurisdictionem

270 2982 625 3047 spiritualem
672 2987 729 3035 et
758 2982 1208 3047 ecclesiasticam,
1257 3000 1322 3036 ac
1371 2983 1770 3037 correctionem
1809 2983 1867 3036 in

270 3000 295 3035 s
333 3000 625 3036 mtuaiem
672 3000 729 3035 et
758 3000 1208 3047 ecc1es1asticam,
1257 3000 1322 3036 ac
1371 3000 1770 3037 correcuonem
1809 3000 1867 3036 1n

270 3000 500 3107 cilericos
530 3059 589 3106 et
617 3069 886 3123 personas
913 3053 1317 3107 ecclesiasticas
1346 3054 1732 3124 delinquentes
1759 3053 1867 3107 ibi-

272 3125 433 3191 dem;
460 3141 497 3177 a
526 3140 641 3193 qua
660 3124 887 3193 quidem
906 3124 1292 3189 iurisdictione
1318 3130 1374 3178 et
1398 3141 1593 3178 eorum
1620 3124 1865 3191 ofﬁciali,

273 3211 384 3249 non
427 3195 501 3247 ad
546 3194 937 3265 episc0palem,
980 3195 1079 3249 sed
1116 3196 1629 3265 Rothomagensem
1675 3212 1871 3250 eorum

274 3265 714 3335 metropolitam,
750 3281 852 3319 seu
899 3265 971 3318 ad
1000 3266 1365 3335 apostolicam
1404 3267 1596 3320 sedem
1636 3283 1870 3320 consue-

273 3340 395 3390 tum
424 3341 551 3389 erat
581 3341 637 3389 et
663 3336 851 3389 fuerat
877 3337 1212 3406 regulariter
1239 3337 1437 3391 adicto
1465 3343 1720 3407 tempore
1744 3338 1872 3391 hac-

276 3412 443 3460 tenus
521 3407 813 3477 appellari,
882 3423 1100 3461 necnon
1157 3407 1437 3461 dicturum
1511 3409 1872 3462 ecclesiarum

274 3477 521 3543 collatio,
583 3493 891 3547 earumque
942 3494 1088 3532 curae
1132 3479 1470 3544 commissio,
1512 3478 1777 3545 visitatio,
1819 3484 1877 3532 et

277 3548 598 3619 procuratio
626 3548 698 3601 ad
740 3547 1000 3602 abbatem
1029 3554 1087 3602 et
1118 3555 1449 3603 conventum
1482 3549 1872 3619 pertinebant;

279 3619 506 3672 eosdem
531 3635 636 3672 nos
658 3619 906 3673 volentes
928 3626 1043 3673 tam
1074 3636 1370 3689 personam
1386 3620 1615 3673 Roberti
1637 3620 1872 3684 abbatis,

281 3690 472 3759 [ipsius
485 3689 885 3760 multiplicium
905 3690 1175 3745 virtutum
1195 3691 1410 3744 meritis
1427 3696 1482 3744 et
1495 3691 1724 3745 sincerae
1745 3692 1879 3744 dile-

278 3760 495 3821 ctionis,
543 3777 713 3831 quam
754 3760 826 3813 ad
855 3777 957 3814 nos
992 3768 1049 3814 et
1080 3761 1388 3815 Romanam
1433 3761 1667 3829 gerebat
1710 3768 1880 3831 prout

278 3831 424 3901 gerit
460 3831 785 3902 Ecclesiam,
818 3832 1019 3885 aﬁ‘ectu
1049 3832 1281 3885 ferventi
1314 3831 1675 3901 exigentibus)
1711 3849 1880 3902 quam

281 3901 729 3973 monasterium;
757 3902 1070 3970 praedictos,
1102 3902 1547 3973 consideratione
1570 3901 1881 3973 praemisso-

281 3989 429 4044 rum,
482 3971 829 4044 specialibus
877 3972 1193 4044 privilegiis
1226 3979 1289 4044 et
1318 3971 1881 4044 honoris—impendis

281 4043 570 4108 decorare,
604 4042 931 4097 eorumdein
971 4042 1200 4096 Roberti
1245 4043 1461 4097 abbatis
1490 4050 1546 4097 et
1574 4042 1880 4098 conventus

280 4113 340 4184 in
368 4113 477 4166 hac
502 4120 664 4184 parte
711 4113 1211 4184 supplicationibus
1238 4114 1511 4179 inclinati,
1545 4115 1727 4168 eidem
1763 4116 1878 4169 Βο-

280 4183 443 4255 berto
473 4183 662 4237 abbati
701 4190 758 4237 et
788 4183 1209 4238 successoribus
1236 4186 1353 4239 suis
1384 4185 1679 4240 abbatibus
1726 4188 1879 4255 ejus-

284 4253 411 4326 dem
443 4254 797 4326 monasterii,
839 4256 934 4325 qui
958 4261 1147 4309 essent
1184 4272 1284 4326 pro
1312 4262 1584 4326 tempore,
1629 4263 1693 4311 ut
1729 4253 1879 4311 idem

285 4324 561 4380 Robertus
590 4331 649 4379 et
692 4325 770 4378 illi
811 4324 993 4379 mitris
1023 4324 1210 4380 aureis
1237 4327 1351 4381 sive
1397 4324 1703 4393 deauratis,
1739 4329 1880 4382 lam-

282 4412 405 4449 mas
424 4404 481 4469 et
505 4413 765 4466 gemmas
786 4396 1139 4469 habentibus,
1165 4403 1225 4469 et
1237 4398 1580 4459 auriﬁciatis,
1601 4404 1657 4452 et
1678 4398 1877 4469 planis,

281 4468 605 4548 annuloque
625 4473 686 4548 et
711 4468 1003 4550 sandaliis,
1033 4473 1091 4522 et
1138 4468 1262 4522 aliis
1300 4468 1711 4550 pontiﬁcalibus
1743 4469 1881 4550 insi-

967 304 1144 366 DOM.
1186 302 1394 365 LUCJE
1431 306 1783 368 DACHERII
1821 304 2043 377 NQTZE
2080 302 2169 362 ΕΤ
2206 302 2817 362 OBSERVATIONES.

3465 318 3532 374 74

1871 440 1924 497 Α
1942 435 2224 497 existeret,
2251 450 2278 485 ››
2310 433 2382 485 ad
2411 448 2604 486 omnes
2630 431 3008 502 praecedentes
3028 434 3305 492 clausulas
3331 440 3537 496 refera-

1941 511 2055 586 tur,
2096 504 2255 586 nobis
2280 504 2427 586 idem
2457 502 2628 586 abbas
2664 503 2951 586 humiliter
2979 507 3313 586 supplicavit
3337 518 3401 565 ut
3437 513 3537 567 du-

1938 576 2093 631 bium
2111 575 2430 650 hujusmodi
2447 574 2750 650 declarare,
2765 590 2830 627 ac
2845 574 3064 650 etiamsi
3073 574 3167 640 ,‘et
3184 580 3242 633 in
3260 587 3536 650 quantum

1941 664 2081 717 opus
2118 643 2306 709 fuerit,
2341 645 2523 715 quoad
2553 643 2681 697 alba
2724 645 3067 714 pontiﬁcalia
3098 664 3198 717 per
3226 643 3536 709 Robertum

1944 718 2223 781 abbatem,
2269 722 2325 769 et
2353 731 2698 769 successores
2726 732 2855 769 suos
2898 718 3189 786 praedictos
3234 721 3294 775 in
3323 725 3537 779 eisdem

1943 788 2211 865 conciliis,
2232 792 2288 865 et
2316 787 2544 857 synodis
2571 786 2890 865 deferenda,
2911 790 3321 865 concessionem
3345 795 3537 865 hujus-

1945 860 2095 933 modi
2121 856 2411 933 ampliare,
2437 857 2725 933 providere
2756 857 2824 933 de
2858 856 3200 933 benignitate
3232 856 3539 933 apostolica

1945 931 2324 999 dignaremur.
2354 930 2470 981 Nos
2500 928 2691 996 itaque
2720 928 2791 980 ad
2813 944 3036 981 omnem
3055 928 3355 988 dubietatis
3386 953 3539 991 scru-

1944 1004 2140 1071 pulum
2160 999 2550 1071 auferendum,
2573 1004 2769 1071 tenore
2798 1000 3158 1071 praesentium
3187 1004 3538 1062 declaramus

1946 1068 2150 1125 nostrm
2178 1068 2504 1124 intentionis
2523 1069 2695 1122 fuisse
2726 1074 2781 1122 et
2801 1085 2923 1122 esse
2945 1076 3008 1123 ut
3035 1070 3207 1126 abbas
3238 1081 3294 1129 et
3317 1094 3538 1133 succes-

1946 1159 2100 1196 sores
2128 1142 2304 1211 ipsius
2326 1140 2592 1211 praedicti,
2618 1139 3059 1212 imitris‘aureis
3089 1143 3201 1197 sive
3232 1145 3533 1212 deauratis,

1946 1209 2185 1266 laminas
2223 1217 2281 1265 et
2318 1209 2570 1279 gemmas
2616 1209 2973 1274 habentibus,
3004 1228 3070 1265 ac
3099 1215 3454 1272 aurifrisiatis
3484 1209 3541 1274 et

1945 1285 2144 1354 planis,
2173 1283 2509 1354 annulisque
2526 1286 2583 1354 et
2597 1282 2883 1354 sandaliis,
2899 1298 2962 1354 ac
2979 1283 3105 1354 aliis
3126 1286 3539 1354 pontiﬁcalibus

1945 1353 2222 1424 insigniis,
2253 1353 2408 1425 horis
2445 1353 2516 1405 ad
2553 1353 2670 1425 haec
2691 1353 2872 1425 aptis,
2904 1353 3242 1425 ubicunque,
3275 1359 3445 1412 etiam
3480 1361 3541 1414 in

1946 1422 2244 1495 praesentia
2270 1423 2588 1495 dioecesani,
2623 1422 2709 1476 vel
2739 1423 3038 1495 cujuslibet
3065 1422 3295 1481 alterius
3325 1431 3544 1484 antisti-

1945 1494 2039 1571 tis,
2062 1501 2437 1571 praeterquam
2458 1494 2515 1546 in
2545 1494 2977 1571 provincialibus
3004 1497 3251 1571 conciliis
3281 1507 3337 1553 et
3370 1518 3542 1571 syno-

1947 1568 2033 1640 dis
2062 1564 2469 1640 episcopalibus
2492 1583 2504 1631 ;
2529 1570 2586 1617 et
2609 1564 2670 1640 in
2690 1565 2901 1617 eisdem
2925 1567 3174 1640 conciliis
3203 1575 3260 1622 et
3287 1564 3535 1640 synodis,

1946 1635 2128 1708 planis
2164 1637 2345 1710 mitris
2367 1635 2741 1710 _uti_possi‘nt,
2793 1641 2849 1688 et
2894 1637 3042 1710 quod
3080 1638 3231 1692 dicta
3266 1635 3536 1710 clausula,

1952 1706 1973 1759 ἆ
2009 1708 2311 1782 dummodo
2331 1706 2533 1776 aliquis
2551 1706 2849 1782 antistites,
2882 1707 2967 1759 vel
2996 1708 3225 1782 legatus
3244 1712 3392 1765 sedis
3412 1706 3542 1782 apo-

1947 1780 2154 1832 stolicaa
2211 1793 2453 1847 praesens
2513 1793 2626 1829 non
2673 1777 2953 1842 existeret,
3005 1796 3029 1828 ι
3088 1780 3159 1832 ad
3213 1777 3540 1838 immediate

655 1867 721 1904 us
741 1851 1055 1904 communis
1082 1848 1331 1929 ﬁdelium
1349 1848 1536 1929 opinio
1557 1848 1860 1929 asserebat,
1884 1870 1930 1929 B
1949 1850 2357 1929 praecedentem
2398 1848 2728 1929 clausulam,
2760 1848 3017 1929 videlicet
3045 1850 3113 1903 de
3134 1849 3540 1929 benedictione

1950 1918 2187 1993 solemni
2215 1918 2625 1993 tantummodo.
2655 1924 2712 1971 et
2734 1919 3062 1993 nullatenus
3081 1921 3151 1973 ad
3170 1922 3310 1993 alias
3331 1940 3540 1993 praece-

1951 1992 2146 2045 dentes
2187 1989 2464 2043 clausulas
2494 1989 2789 2042 referatur.
2825 1990 2893 2042 Et
2930 1990 3292 2046 nihilominus
3331 1989 3543 2050 eisdem

1950 2061 2194 2133 Roberto
2238 2060 2445 2133 abbati,
2495 2065 2552 2113 et
2608 2058 3019 2133 successoribus
3075 2062 3191 2133 suis
3239 2066 3540 2133 praedictis,

1952 2133 2100 2205 quod
2135 2132 2193 2205 in
2237 2132 2459 2205 eisdem
2473 2129 2909 2205 provincialibus
2937 2132 3185 2205 conciliis
3228 2129 3286 2188 et
3313 2129 3542 2205 synodis

1951 2200 2122 2276 etiam
2164 2201 2487 2273 hujusmodi
2528 2200 2669 2253 albis
2715 2201 3123 2276 pontificalibus
3150 2200 3421 2276 perpetuo
3453 2209 3563 2262 uti.

1950 2274 2183 2345 possint,
2217 2288 2550 2345 quacunque
2577 2272 2977 2325 constitutione
3002 2272 3285 2345 contraria
3304 2294 3417 2331 non
3447 2278 3541 2332 ob-

1950 2350 2135 2398 stante
2165 2344 2519 2397 concedimus
2564 2348 2761 2396 tenore
2803 2344 3162 2413 praesentium
3207 2349 3542 2404 auctoritate

1949 2415 2255 2487 apostolica
2288 2414 2363 2487 Ade
2398 2413 2582 2487 gratia
2631 2413 2909 2487 ampliori.
2944 2416 3098 2468 Nulli
3135 2433 3268 2487 ergo
3310 2421 3540 2475 omnino

1949 2485 2238 2539 hominum
2264 2485 2431 2539 liceat
2458 2485 2602 2537 hanc
2627 2485 2889 2554 paginam
2917 2492 3119 2540 nostrae
3148 2485 3543 2546 declarationis

1951 2563 2009 2611 et
2044 2556 2416 2610 concessionis
2464 2555 2789 2624 infringere,
2838 2557 2923 2608 vel
2960 2557 3013 2609 ei
3048 2574 3191 2612 ausu
3237 2563 3542 2618 temerario

1951 2628 2248 2704 contraire.
2276 2625 2487 2704 Siquis
2518 2630 2715 2704 autem
2734 2627 2838 2704 hoc
2864 2633 3145 2704 atten_tare
3174 2646 3543 2704 praesumpse-

1949 2699 2043 2763 rit,
2084 2698 2528 2768 indignationem
2569 2697 2967 2766 omnipétentis
3006 2699 3107 2752 Dei
3147 2697 3203 2754 et
3247 2697 3545 2759 beatorum

1951 2768 2105 2823 Petri
2129 2775 2186 2823 et
2210 2768 2373 2823 Pauli
2404 2768 2786 2838 apostolorum
2810 2768 2928 2837 ejus
2958 2785 3017 2822 se
3046 2772 3263 2826 noverit
3289 2772 3547 2829 incursu-

1948 2856 2098 2894 rum.

2025 2930 2047 2962 ι
2082 2910 2287 2965 Datum
2308 2908 2457 2980 apud
2480 2908 2685 2981 Villam
2714 2910 2927 2981 Novam
2956 2912 3420 2981 Avenionensem,
3451 2917 3543 2971 die

1950 2981 2165 3035 decimo
2210 2979 2492 3035 Kalendas
2545 2979 2695 3045 Julii,
2747 2980 3104 3049 pontiﬁcatus
3156 2986 3336 3039 nostri
3392 2979 3542 3042 anno

1951 3052 2168 3123 quinto.
2204 3070 2228 3102 ι

1885 3144 2309 3233 C-Conﬁrmatio
2338 3159 2793 3233 immunitatem
2823 3163 3150 3233 monasterii
3174 3160 3231 3216 S.
3277 3163 3545 3233 Stephani

2025 3230 2388 3293 Gadomcnsis,
2419 3230 2488 3281 ab
2533 3229 2928 3298 archiepiscopo
2963 3229 3382 3300 Rothomagensi‘
3420 3251 3545 3291 con-

2025 3317 2166 3365 cessa
2194 3316 2291 3353 an.
2318 3300 2482 3353 1170.

2029 3422 2057 3458 α
2095 3406 2393 3460 Rornonus
2421 3404 2518 3486 Dei
2548 3405 3235 3486 gratia‘Rothomagensis
3277 3412 3551 3486 archiepi-

1956 3493 2176 3546 scoPus,
2205 3474 2574 3545 praesentibus
2595 3481 2652 3529 et
2675 3476 2898 3544 futuris,
2928 3474 3188 3534 salutem.

2033 3565 2059 3597 ι(
2091 3547 2401 3599 Plurimum
2423 3547 2638 3625 confert
2648 3547 2893 3625 ecclesiis
2908 3556 2964 3603 et
2982 3554 3355 3617 monasteriis,
3363 3573 3552 3625 perso-

1958 3617 2046 3671 nis
2076 3634 2299 3695 quoque
2328 3623 2445 3695 tam
2475 3617 2861 3695 ecelesiasticis
2887 3637 3056 3695 quam
3083 3617 3449 3695 secularibus,
3480 3644 3551 3680 ea

1961 3705 2085 3757 quae
2110 3688 2222 3741 illis
2248 3704 2282 3740 a
2311 3688 2596 3741 catholicis
2616 3688 2749 3741 viris
2772 3688 3135 3746 conferuntur
3172 3695 3243 3748 ad
3266 3688 3551 3752 memoriae

1960 3759 2437 3838 eonservationern
2464 3759 2664 3838 litteris
2686 3759 3302 3838 adnotarilne‘d‘elente
3332 3784 3399 3820 ea
3427 3785 3552 3838 quas

1959 3829 2106 3882 facta
2142 3833 2275 3882 sunt
2317 3828 2609 3894 oblivione,
2643 3830 2791 3900 quod
2818 3832 3018 3887 stabile
3047 3833 3153 3888 fuit
3180 3842 3237 3889 et
3263 3828 3462 3891 ratum.
3489 3839 3551 3893 in

1961 3900 2324 3979 quaestionem
2348 3906 2657 3979 pce-vocetur.
2686 3902 2821 3979 Inde
2841 3903 3118 3979 siquidem
3138 3912 3235 3979 est
3265 3909 3414 3979 quod
3443 3910 3551 3979 piis

1960 3970 2325 4041 petitionibus
2344 3971 2583 4025 ﬁliorum
2607 3970 2928 4027 nostrorum
2950 3974 3235 4030 Guillelmi
3254 3970 3473 4033 abbatis
3495 3986 3551 4033 et

1961 4047 2266 4118 conventus
2306 4042 2490 4095 Sancti
2525 4042 2805 4118 Stephanio
2840 4044 2909 4097 de
2947 4045 3212 4118 Cadomo,
3243 4048 3551 4118 benignum

1960 4112 2272 4186 praebentes
2285 4129 2587 4186 assensum
2620 4113 2679 4166 in
2704 4113 2971 4186 scriptum
2992 4116 3319 4186 redigimus,
3345 4112 3406 4172 et
3429 4136 3551 4173 mu-

1960 4184 2173 4256 nimine
2193 4184 2360 4253 sigilli
2390 4185 2567 4256 nostri
2596 4184 3020 4256 corroboramus
3050 4184 3266 4256 ea‘qute
3293 4190 3551 4244 novimus

1960 4254 2020 4307 in
2049 4255 2370 4329 episcopatu
2399 4254 2993 4329 Bajocensi_pertin_ere
3021 4257 3097 4329 ad
3116 4254 3548 4329 possessionem,

1963 4332 2020 4378 et
2038 4324 2153 4395 jus.
2177 4332 2235 4380 et
2252 4326 2665 4396 eleemosynam
2696 4324 2855 4379 Beati
2886 4324 3154 4396 Stephani
3183 4329 3253 4382 de
3282 4324 3547 4396 Cadomo,

1962 4402 2079 4473 tam
2128 4397 2187 4449 in
2230 4396 2476 4473 ecclesiis
2516 4412 2685 4473 quam
2725 4396 2784 4473 in
2832 4396 3077 4473 decimis,
3120 4399 3317 4473 pratis,
3367 4402 3547 4473 aquis,

1963 4414 2079 4449 tam
2128 4414 2187 4449 1n
2230 4414 2476 4449 ecCiesus
2516 4414 2685 4519 quam
2725 4414 2784 4449 1n
2832 4414 3077 4459 decimis,
3120 4414 3317 4469 pratis,
3367 4418 3547 4473 aquis,

1963 4467 2133 4530 silvis,
2164 4467 2403 4537 pascuis,
2438 4484 2527 4521 mo
2552 4467 2789 4529 endinis,
2834 4467 3111 4533 domibus,
3142 4472 3329 4536 terris,
3362 4480 3419 4526 et
3456 4490 3552 4527 ea-

281 4538 428 4607 gniis
470 4536 529 4591 in
560 4538 864 4592 missarum
895 4544 952 4593 et
987 4539 1256 4592 horarum
1301 4536 1541 4593 aliarum
1571 4541 1875 4605 solemniis,
1894 4536 1943 4593 D
1962 4555 2088 4592 rum
2110 4536 2537 4591 habitatoribus.
2564 4537 2700 4600 Qua:
2720 4537 2891 4591 etiam
2911 4538 2981 4592 ab
3000 4540 3380 4597 illustrissimo
3400 4544 3554 4598 Guil-

281 4608 633 4682 temporibus
680 4609 942 4682 congruis
988 4610 1347 4681 ubicumque,
1404 4616 1778 4682 praeterquam
1820 4612 1880 4665 in

282 4680 551 4760 conciliis.
579 4680 1010 4763 provincialibus
1022 4686 1118 4763 "et
1166 4680 1394 4752 synodis
1408 4680 1423 4681 ί
1441 4680 1875 4763 episcopalibus;

281 4766 502 4824 necnon
535 4750 596 4824 in
635 4750 843 4824 iisdem
883 4751 1129 4805 conciliis
1177 4750 1235 4807 et
1287 4750 1515 4823 synodis
1556 4750 1880 4824 hujusmodi

279 4821 474 4894 planis
487 4821 686 4894 mitris
708 4822 793 4894 uti
823 4828 1132 4894 perpetuo;
1176 4821 1392 4878 necnon
1431 4824 1485 4876 in
1517 4821 1875 4889 monasterio,

280 4890 549 4965 ecclesiis,
583 4908 650 4946 ac
675 4890 1203 4965 locis—ecclesiarum
1250 4894 1530 4965 praedictis
1581 4895 1639 4948 in
1686 4896 1874 4955 missa,

281 4962 549 5033 vesperis,
584 4968 643 5028 et
678 4964 990 5028 matutinis,
1018 4972 1076 5018 et
1100 4962 1294 5018 mensa
1320 4964 1766 5020 benedictionem
1796 4982 1882 5019 so-

280 5033 532 5108 lemnem
559 5033 746 5108 facere
776 5035 1185 5108 et_impendere
1203 5036 1374 5108 etiam
1402 5042 1672 5108 perpetuo
1708 5037 1882 5090 libere

281 5104 559 5177 valerent,
582 5104 890 5159 dummodo
906 5104 1109 5177 aliquis
1125 5107 1379 5174 antistes,
1399 5104 1482 5161 vel
1502 5104 1719 5177 legatus
1736 5107 1883 5162 sedis

282 5175 624 5248 apostolicae!
648 5192 892 5246 praesens
921 5175 1035 5231 non
1075 5178 1355 5243 existeret,
1388 5175 1719 5248 quacunque
1748 5195 1882 5233 con-

283 5246 582 5300 stitutione
610 5246 671 5299 in
699 5248 1046 5303 contrarium
1071 5249 1223 5302 edita
1250 5266 1363 5303 non
1390 5246 1669 5317 obstante,
1700 5256 1885 5303 aucto-

281 5316 453 5390 ritate
482 5317 794 5390 apostolica
826 5318 895 5390 de
940 5319 1169 5390 speciali
1195 5321 1381 5389 gratia
1409 5316 1670 5374 duximus
1697 5320 1883 5374 indul-

281 5388 558 5461 gendum.
592 5388 661 5461 Et
679 5389 750 5461 ad
777 5388 1045 5461 indicium
1066 5388 1390 5460 hujusmodi
1410 5407 1441 5443 a
1470 5391 1599 5444 sede
1620 5392 1885 5461 praedicta

284 5458 506 5513 obtenti
553 5459 855 5532 privilegii,
916 5458 1173 5515 volumus
1224 5462 1373 5532 quod
1420 5461 1552 5514 dicti
1606 5458 1776 5515 abbas
1830 5467 1888 5515 et

283 5536 595 5603 conventus
618 5530 800 5603 nobis,
832 5532 1151 5603 nostrisque
1180 5530 1610 5600 successoribus,
1652 5532 1887 5603 singulis

284 5599 531 5655 bienniis
558 5602 944 5670 persolverent
963 5599 1135 5657 unam
1158 5604 1382 5659 unciam
1414 5603 1557 5657 auri.

360 5690 388 5744 ᾳ
401 5671 563 5744 Cum
583 5677 791 5744 autem,
809 5672 954 5727 sicut
973 5674 1225 5744 ejusdem
1246 5673 1474 5729 Roberti
1494 5673 1709 5729 abbatis
1729 5674 1889 5729 nobis

282 5742 546 5816 exhibita
574 5743 772 5816 petitio
798 5742 1140 5813 continebat,
1173 5746 1244 5799 ab
1275 5745 1558 5816 aliquibus
1600 5750 1890 5800 revocetur

283 5814 347 5865 in
363 5813 607 5887 dubium
619 5828 691 5887 an
701 5815 1029 5887 hujusmodi
1041 5817 1308 5883 clausula,
1328 5834 1355 5869 ς(
1370 5813 1677 5871 dummodo
1689 5816 1890 5887 aliquis

284 5884 555 5968 pnqstes,
586 5885 678 5939 vel
698 5884 925 5956 legatus
952 5886 1102 5945 sedis
1144 5887 1460 5970 apostolica:
1497 5903 1742 5971 praesens
1776 5884 1891 5970 non

576 5981 849 6073 2‘33”:
875 5982 1006 6072 CI"
1465 5979 1469 5983 Ἦ

1961 4609 2129 4681 lelmo
2165 4625 2297 4677 rege
2324 4609 2658 4681 Anglorum,
2702 4609 2952 4681 principe
2982 4609 3466 4668 Nortmannorum
3497 4622 3555 4669 et

1963 4680 2431 4743 Cenomanorum,
2464 4679 2644 4733 eidem
2670 4679 2919 4733 coenobio
2949 4683 3281 4737 conﬁrmata
3314 4691 3464 4749 sunt,
3498 4693 3556 4740 et

1961 4750 2031 4804 ab
2062 4751 2185 4804 aliis
2212 4750 2494 4804 nobilibus
2518 4750 2668 4822 viris,
2693 4755 2750 4803 et
2776 4751 3054 4822 praecipue
3083 4770 3118 4806 a
3145 4756 3555 4811 venerabilibus

1962 4822 2175 4888 Odone,
2205 4827 2262 4875 et
2290 4821 2530 4875 Henrico
2562 4821 2833 4897 episcopis
2857 4821 3268 4897 Bajocensibus.
3297 4827 3427 4881 Haec
3454 4827 3558 4897 igi-

1959 4898 2055 4946 tur
2082 4898 2216 4967 sunt
2239 4909 2360 4962 quae
2390 4909 2423 4945 τι
2451 4892 2681 4961 praefato
2711 4891 2964 4967 coenobio
2984 4911 3240 4967 possessa
3267 4891 3557 4967 cognosci-

1962 4911 2055 4946 tur
2082 4911 2216 4946 sunt
2239 4911 2360 4962 quae
2390 4911 2423 4945 ει
2451 4911 2681 4961 praelato
2711 4911 2964 4947 C(BDODIO
2984 4911 3240 5017 possessa
3267 4913 3557 4967 cognosci-

1962 4969 2179 5037 muset
2203 4963 2262 5016 in
2285 4971 2618 5037 perpetuum
2632 4963 2975 5037 possidenda
2997 4964 3185 5037 ribere,
3209 4972 3266 5021 et
3285 4968 3471 5037 quiete
3501 4975 3559 5023 et

1963 5034 2217 5115 absolute
2248 5032 2582 5115 ξιςεχηοάἱερ
2615 5032 2822 5115 debito,
2843 5041 2917 5115 .et
2961 5036 3187 5115 ciecata,
3229 5032 3557 5115 eae-terisque

1963 5104 2461 5160 consuetudinibus
2515 5104 2586 5157 ad
2627 5105 2730 5228 (ius
2769 5104 3081 5176 episcopale
3123 5104 3555 5179 pertinentibus,

1966 5177 2147 5228 eidem
2177 5175 2426 5228 ccenobio
2456 5191 2623 5228 conee
2667 5176 2812 5228 imus
2849 5183 2905 5228 et
2944 5180 3360 5228 conﬁrmamus.
3403 5180 3555 5228 vide-

1966 5177 2147 5230 eidem
2177 5175 2426 5230 ccenobio
2456 5175 2812 5228 concedimus
2849 5183 2905 5230 et
2944 5175 3360 5241 conﬁrmamus,
3403 5180 3559 5232 vide-

1964 5247 2094 5301 licet
2149 5247 2381 5301 ecclesia
2403 5246 2619 5319 ”Sancti
2657 5245 2872 5300 Nicolai
2912 5247 2971 5302 in
3007 5248 3183 5319 burgo
3213 5248 3470 5313 ccenobii,
3505 5254 3564 5303 et

1964 5318 2195 5372 ecclesia
2219 5317 2457 5382 Villarii,
2488 5324 2545 5370 et
2572 5317 2695 5370 duae
2722 5323 2910 5387 partes
2930 5317 3180 5373 omnium
3208 5320 3554 5375 decimarum

1967 5406 2088 5458 quae
2116 5395 2248 5443 sunt
2275 5389 2342 5442 de
2371 5389 2531 5441 feodo
2562 5389 2809 5457 ejusdem
2830 5389 3085 5454 coenobii,
3108 5407 3208 5459 per
3231 5396 3414 5444 totum
3444 5396 3555 5446 ter-

1967 5460 2230 5513 ritorium
2260 5459 2492 5513 Cadomi
2540 5466 2597 5513 et
2626 5459 2860 5523 Villarii,
2896 5465 2950 5513 et
2989 5460 3218 5513 ecclesia
3254 5461 3323 5514 de
3366 5462 3557 5518 Brete—

1968 5531 2101 5584 villa
2130 5530 2458 5600 Orgoillosa,
2492 5547 2617 5584 cum
2649 5530 2863 5600 capella
2878 5530 2947 5583 de
2976 5530 3306 5594 Putot,cum
3327 5533 3559 5589 decimis

1972 5609 2029 5656 et
2057 5601 2315 5656 omnibus
2330 5600 2738 5672 pertinentibus
2768 5601 2904 5666 suis,
2920 5605 2977 5653 et
2995 5601 3225 5672 ecclesia
3244 5603 3313 5658 de
3331 5605 3557 5672 Alneto,

1974 5680 2031 5727 et
2050 5678 2169 5728 tota
2196 5672 2410 5726 decima
2436 5672 2730 5743 parochiaz,
2754 5688 2883 5743 cum
2910 5671 3321 5742 pertinentibus
3340 5676 3476 5743 suis,
3505 5671 3565 5730 et

1971 5743 2094 5817 duae
2139 5744 2384 5798 ecclesia:
2434 5741 2526 5817 de_
2549 5741 2897 5817 Alemannia,
2935 5748 2993 5796 et
3020 5746 3346 5817 earumdem
3394 5741 3564 5817 paro-

1971 5815 2229 5870 chiarum
2265 5830 2459 5869 omnes
2496 5812 2725 5867 decima:
2778 5828 2905 5885 cum
2944 5814 3296 5885 pertinentiis
3337 5812 3474 5883 suis,
3508 5824 3566 5870 et

1971 5886 2204 5971 ecclesia
2231 5885 2300 5968 de
2324 5885 2457 5965 Icio,
2486 5900 2618 5965 cum
2644 5883 2858 5967 capella
2884 5883 2965 5967 de
2980 5886 3177 5969 Bracio
3221 5893 3280 5945 et
3318 5892 3439 5946 tota
3474 5888 3569 5966 de:

3286 5986 3328 6071 ἓ
