4008 6186
428 292 500 349 79

978 289 1075 344 AD
1113 282 1341 343 VITAM
1380 284 1445 341 B.
1484 279 1904 341 LANFRANCI
1943 274 2518 341 CANTUARIENSIS
2554 274 3134 336 ARCHIEPISCOPI.

3588 288 3591 299 '
3617 270 3689 330 80

435 421 644 475 Tabula
683 416 1035 486 fundatiom's
1078 414 1309 486 abbatis;
1352 410 1449 467 SS.
1509 412 1803 465 Trinitatis
1842 409 2082 470 ϐαιὴ-Α
2101 408 2171 486 Et
2208 408 2371 486 intra
2425 406 2668 486 burgum
2711 404 2963 486 Cademi,
3004 404 3171 459 unius
3215 400 3548 486 molendini”
3574 398 3695 455 mei

1097 485 1320 537 mensis.

505 650 532 683 (ί
559 630 761 686 Divina
783 627 977 699 gratia
988 642 1053 680 ac
1071 624 1302 699 Domini
1311 624 1515 699 nostri
1544 624 1573 678 J
1578 640 1675 699 esu
1691 622 1910 699 Christi
1935 621 2022 676 di-

410 707 701 766 'sponente
724 694 1039 760 clémentia,
1073 713 1176 766 ego
1202 696 1532 759 Willelmus,
1568 694 1871 764 Anglorum
1902 711 2016 766 rex,

483 779 909 847 ortmannorum
938 774 994 823 et
1021 765 1532 847 Cenomanensi‘um
1553 765 1944 847 pri‘nceps.,se_d
1966 771 2023 818 et

426 843 713 899 Mathildis
752 841 950 910 regina
985 854 1127 893 uxor
1150 836 1567 910 meaABalduini
1594 836 1825 910 gloriosi
1843 836 2021 910 AFlan:

428 914 740 969 driensium
769 906 925 965 ducis
962 910 1098 970 ﬁlia,
1131 909 1202 962 ad
1242 907 1483 978 gloriam
1523 906 1905 978 beatitudinis.
1949 906 2020 978 ad

428 984 722 1057 pramium
752 982 928 1057 beata
956 977 1347 1057 retributionis
1368 978 1459 1057 pio
1485 978 1838 1057 sapientique
1856 977 2017 1057 desi-

427 1047 582 1110 derio
634 1054 982 1117 anhelantes,
1037 1051 1097 1104 in
1147 1047 1432 1103 territorio
1463 1047 1611 1118 quod
1658 1047 1728 1101 ab
1772 1048 2021 1117 antiquis

426 1127 734 1182 Cadomum
755 1123 1090 1195 appellatur,
1123 1121 1410 1195 ecclesiam
1430 1120 1489 1173 in
1519 1120 1789 1173 honorem
1814 1124 2019 1195 sancta

425 1196 778 1253 Trininitatis
788 1190 888 1265 pro
909 1193 1090 1246 salute
1106 1191 1425 1265 animarum
1443 1196 1766 1265 nostrarum
1780 1190 2021 1243 coaediﬁ-

427 1260 889 1335 cavimus,ibique
918 1267 1140 1317 sanctas
1165 1278 1229 1335 ac
1244 1262 1542 1335 religiosas
1557 1260 1793 1335 feminas
1809 1276 2018 1335 secun-

426 1339 565 1393 dum
592 1330 1007 1391 institutionem
1033 1333 1211 1387 sancti
1256 1330 1567 1397 Benedicti,
1601 1331 1706 1385 sub
1737 1330 2017 1385 abbatissa

424 1409 667 1464 Domino
686 1407 1009 1470 servituras,
1025 1405 1083 1458 in
1112 1409 1446 1474 perpetuum
1467 1402 2018 1464 constituimus.Qui-

424 1479 534 1534 bus
545 1485 611 1533 ut
628 1479 688 1532 in
705 1483 993 1549 posterum
1008 1491 1144 1549 usus
1159 1474 1600 1549 necessariarum
1618 1489 1807 1527 rerum
1819 1488 2019 1549 usque-

427 1567 652 1622 quaque
706 1543 981 1610 suiﬁciat,,
1009 1545 1175 1622 regia
1209 1543 1633 1622 _mun_if_i_centia,
1701 1548 2018 1622 opportuna

465 1614 740 1675 rovisione
763 1616 1173 1689 prospeximus.
1209 1614 1567 1689 Tradidimus
1596 1615 1787 1684 itaque
1809 1619 2016 1689 saneta

465 1639 740 1675 I‘OVlSlOIle
763 1639 1173 1689 prospexunus.
1218 1639 1567 1669 LI'umuuuus
1597 1639 1787 1684 itaque
1809 1639 2015 1667 sancta:

423 1639 529 1747 Bei
556 1689 798 1745 ecclesia
818 1687 1236 1758 pranominatee
1250 1685 1439 1758 villam
1453 1702 1584 1758 qua
1597 1692 1828 1758 vocatur
1847 1684 2015 1758 Caluz

424 1778 555 1817 cum
605 1755 865 1814 omnibus
910 1755 1323 1829 pertinentibus
1363 1755 1488 1829 sibi,
1531 1761 1774 1829 excepta
1794 1755 2012 1829 decima

426 1849 550 1904 qua
580 1837 673 1904 est,
684 1826 928 1904 ecclesia
938 1829 1154 1884 Sancta
1172 1827 1362 1904 Maria
1379 1826 1721 1904 Bajocensis.
1742 1826 2012 1904 Dedimus

423 1896 595 1959 etiam
643 1901 944 1957 Oistrehan
971 1916 1098 1953 cum
1128 1897 1341 1951 cunctis
1367 1896 1707 1967 appenditiis
1734 1896 1869 1960 suis,
1911 1897 2017 1950 hoc

425 1980 653 2044 excepto
697 1969 1176 2044 quod_Bobertus
1224 1968 1432 2044 ibidem
1482 1973 1637 2044 tenet
1662 1968 1755 2044 _de
1810 1968 2015 2044 com_it_e

421 2038 791 2100 Mori'tonensi
834 2041 1118 2094 Willelmo
1147 2039 1244 2109 qui
1278 2038 1483 2092 dicitur
1509 2038 1787 2101 Charitas,
1820 2044 1878 2092 et
1921 2038 2014 2092 Ri-

423 2115 632 2170 chardo
686 2117 889 2184 nepote
936 2112 1076 2180 ejus,
1122 2108 1221 2184 sed
1280 2109 1339 2163 in
1405 2109 1708 2184 Gilleberto
1745 2108 2011 2184 Crispino

422 2180 821 2248 annuentibus,
859 2198 961 2252 pro
990 2180 1229 2252 pecunia
1274 2197 1443 2252 quam
1476 2197 1578 2234 nos
1608 2181 1689 2234 eis
1730 2180 2006 2252 dedimus.

418 2257 704 2333 Praeterea
729 2250 919 2307 villain
940 2250 1063 2333 qua
1084 2251 1290 2307 dicitur
1309 2251 1507 2333 Calfur
1519 2250 1787 2333 eumusuis
1806 2267 2011 2332 appen-

423 2327 606 2394 diciis,
651 2341 820 2396 quam
863 2322 1012 2396 regis
1047 2339 1313 2396 co_ncessu
1342 2339 1447 2391 ego
1486 2322 1769 2396 Mathildis
1814 2322 2012 2396 regina

422 2398 535 2453 emi
576 2414 610 2451 a
637 2393 914 2450 Richardo
940 2395 1053 2448 ﬁlio
1092 2393 1334 2458 Ranulﬁ,
1369 2399 1652 2447 annuente
1681 2393 1913 2446 Aitordo
1941 2393 2010 2446 de

419 2470 668 2533 Nonant,
698 2467 768 2521 de
795 2467 954 2535 cujus
978 2464 1139 2519 feodo
1168 2472 1306 2518 erat.
1340 2463 1689 2535 Praebuimus
1726 2464 1896 2535 etiam
1926 2481 2012 2516 as-

421 2555 650 2595 sensum
678 2533 970 2592 donationi
999 2552 1111 2606 qua
1142 2533 1414 2589 Radulfus
1440 2535 1590 2589 Taxo
1617 2534 2011 2603 Villambarga

421 2610 651 2666 donavit
684 2607 899 2663 cunctis
930 2605 1274 2676 appendiciis
1312 2605 1448 2659 suis.
1480 2606 1744 2676 Cumque
1783 2611 2008 2659 centum

421 2687 483 2737 et
509 2682 702 2735 decem
745 2679 891 2732 acris
927 2675 1176 2731 terrain
1213 2677 1344 2729 villa
1369 2675 1632 2730 Amblida
1660 2682 1717 2729 et
1756 2692 1868 2729 uno
1894 2693 2011 2729 mo-

417 2752 648 2807 lendino
673 2750 733 2804 in
759 2749 953 2803 eadem
980 2746 1243 2801 Amblida
1263 2763 1365 2818 pro
1385 2763 1576 2801 sorore
1609 2763 1712 2818 sua
1735 2748 2012 2818 monacha

418 2824 569 2878 facta
595 2822 655 2875 in
678 2819 924 2875 Ecclesia
941 2817 1277 2889 supradicta
1309 2819 1424 2888 Ego
1439 2817 1794 2889 K.Mat11ildis
1815 2817 2011 2889 regina

416 2892 635 2949 redemi
658 2888 1054 2959 Villambarga
1082 2889 1151 2941 de
1171 2889 1453 2959 calumnia
1479 2905 1513 2941 a
1536 2888 1655 2941 ﬁlia
1675 2888 2014 2952 Conanni,et

417 2971 630 3019 terram
651 2968 707 3016 et
723 2958 1179 3015 molendinumin
1191 2958 1453 3013 Amblida
1480 2959 1694 3013 redemi
1714 2960 1784 3013 de
1802 2960 2013 3013 calum-

417 3036 516 3090 nia
544 3050 579 3088 a
604 3033 948 3087 Waleranno
969 3030 1083 3084 ﬁlio
1108 3031 1390 3100 Ragnulﬁ,
1422 3029 1492 3083 de
1517 3046 1755 3100 quorum
1781 3030 2013 3084 haeredi-

2102 478 2400 545 decimam,
2429 484 2489 532 et
2508 471 2784 532 d'ecimam
2831 476 3124 530 furnorum
3169 474 3369 545 adime
3403 471 3690 545 pertinen-

2101 550 2284 615 tium;
2338 542 2612 604 decimam
2664 564 2887 619 quoque
2935 547 3004 600 de
3029 547 3197 619 ‘Diiva
3240 544 3309 619 de
3361 542 3604 619 piscibus
3632 546 3692 595 et

2104 611 2350 674 denariis
2376 640 2387 687 ;
2420 611 2981 674 similiter-decimam
3012 617 3082 671 de
3110 616 3327 687 Divula,
3359 611 3529 687 etde
3554 611 3688 668 Bat-

2102 697 2234 745 vent
2268 692 2337 744 de
2376 684 2500 745 sale
2551 699 2609 744 et
2649 689 2917 744 denariis.
2945 688 3155 742 Eodem
3201 686 3368 740 modo
3413 684 3691 739 decimam

2103 763 2174 816 de
2198 762 2476 828 Walchei,
2510 767 2567 815 et
2609 761 2679 814 de
2709 761 2898 815 Scocei
2935 760 3004 812 de
3045 757 3311 822 denariis,
3359 755 3604 828 piscibus
3632 761 3691 809 et

2101 833 2458 887 molendiuis.
2539 833 2683 887 Item
2738 832 2798 885 in
2854 831 3039 884 insula
3092 830 3161 883 de
3231 827 3429 882 Gerzoi
3508 842 3690 881 unum

2101 903 2508 962 molendinum,
2535 908 2593 956 et
2618 910 2827 957 terram
2858 902 3100 955 duorum
3130 901 3476 954 Francorum
3503 897 3692 951 homi-

2102 991 2259 1041 num,
2292 981 2464 1044 atque
2491 973 2854 1044 medietatem
2895 972 3124 1044 decima
3152 971 3222 1025 de
3251 969 3499 1044 quinque
3526 985 3693 1044 paro-

2103 1046 2277 1112 chiis;
2306 1040 2602 1099 efsextam
2626 1043 2861 1113 garbam
2890 1043 2959 1097 de
2989 1058 3103 1096 una
3133 1040 3485 1113 paro'chiaget
3518 1040 3686 1093 dimi-

2103 1116 2214 1171 dia.
2248 1111 2357 1171 Sed
2386 1120 2444 1170 et
2471 1111 2682 1169 terram
2705 1120 2763 1168 et
2785 1114 3031 1168 decimas
3061 1111 3200 1183 quas
3223 1111 3533 1183 Rainoldus
3564 1127 3693 1183 cap-

2099 1188 2355 1257 pellanus
2378 1193 2571 1240 noster
2596 1186 2657 1239 in
2681 1185 2878 1239 eadem
2900 1181 3097 1238 insula
3116 1183 3185 1237 de
3206 1199 3296 1237 me
3322 1181 3568 1257 tenebat,
3610 1182 3693 1252 ip-

2100 1254 2215 1311 sius
2235 1258 2494 1311 Rainoldi
2520 1261 2769 1327 precatu,
2802 1261 3107 1327 postquam,
3129 1254 3443 1327 monachus
3452 1254 3692 1327 effectus

2100 1334 2203 1405 est,
2252 1324 2828 1405 Ecelesia'pradictae
2868 1324 3263 1380 concessimus.
3293 1326 3357 1379 In
3386 1324 3525 1405 χωρ
3565 1340 3691 1405 qua

2098 1399 2306 1453 dicitur
2332 1395 2618 1454 Maintrud
2645 1398 2936 1467 sexaginta
2958 1413 3146 1451 accros
3168 1403 3353 1451 terra.
3375 1395 3542 1467 ,Etin
3558 1395 3694 1448 villa

2099 1470 2238 1524 Belli
2285 1477 2497 1524 terram
2534 1485 2704 1540 quam
2736 1466 3048 1540 Hernostus
3093 1468 3330 1521 clericus
3367 1466 3578 1520 ibidem
3594 1474 3691 1540 ‘te-

2098 1541 2243 1605 nuit,
2273 1537 2598 1611 terramque
2618 1540 2840 1611 Radulﬁ
2861 1539 3041 1611 Billei,
3074 1554 3175 1611 pro
3204 1554 3317 1609 qua
3342 1543 3567 1611 recepta
3576 1537 3692 1611 fuit

2097 1612 2213 1665 ﬁlia
2233 1607 2587 1666 Willelmi'in
2609 1610 2841 1665 ecclesia
2872 1607 3094 1664 Radulﬁ
3120 1607 3438 1675 camerarii,
3471 1616 3530 1662 et
3552 1607 3688 1663 Wil-

2095 1682 2250 1736 lelmi
2297 1683 2396 1736 ﬁlii
2424 1681 2755 1737 Theodorici
2800 1681 3036 1752 ejusque
3072 1679 3262 1734 uxoris
3299 1695 3586 1749 concessu,
3615 1678 3689 1732 de

2097 1770 2334 1824 quorum
2356 1753 2682 1808 hareditate
2707 1759 2847 1806 erat.

2028 1803 2076 1862 B
2172 1842 2197 1862 tl
2240 1825 2313 1862 ΔΑ
2345 1825 2461 1862 hmn
2481 1823 2798 1862 addidimnc
2827 1839 2847 1862 τ

2172 1842 2198 1876 (ί
2230 1825 2318 1878 Ad
2345 1825 2462 1879 hac
2480 1823 2799 1877 addidimus
2827 1822 3183 1893 pratitulata
3217 1822 3461 1876 ecclesia
3485 1821 3687 1891 viginti

2096 1895 2458 1965 accripennos
2478 1895 2670 1957 vinea,
2706 1894 2775 1947 de
2796 1893 2999 1964 quibus
3018 1899 3135 1965 tres
3148 1899 3297 1965 sunt
3323 1893 3473 1965 apud
3500 1893 3680 1947 Liria-

2096 1982 2224 2020 cum
2245 1963 2374 2019 cum
2401 1983 2495 2020 sex
2517 1966 2659 2019 acris
2688 1963 2871 2019 terra.
2888 1964 3054 2033 Apud
3074 1963 3273 2017 Albam
3301 1964 3448 2017 viam
3468 1969 3689 2034 septem

2096 2053 2235 2106 quos
2261 2053 2364 2106 ego
2393 2037 2590 2107 regina
2616 2036 2728 2090 emi
2755 2052 2790 2088 a
2816 2035 3101 2107 Willelmo
3130 2035 3200 2107 de
3227 2034 3393 2107 Aillio
3419 2050 3687 2107 concessu

2095 2105 2321 2177 Rogerii
2343 2108 2440 2161 ﬁlii
2465 2105 2614 2177 bjus,
2647 2112 2704 2161 et
2730 2105 3014 2171 Richardi,
3050 2105 3272 2159 comitis
3312 2105 3683 2168 Ebroicensis,

2094 2184 2152 2232 et
2193 2178 2510 2232 Anschitilli
2560 2179 2629 2232 de
2678 2177 2929 2231 Altuillio
2985 2192 3251 2231 concessu
3319 2177 3389 2230 de
3445 2193 3688 2247 quorum

2092 2248 2419 2304 hareditate
2464 2254 2615 2314 erat;
2675 2248 2825 2319 apud
2886 2247 3197 2319 Argentias
3238 2252 3477 2319 septem,
3530 2247 3684 2319 apud

2091 2320 2341 2375 Vernum
2393 2326 2533 2385 tres;
2584 2320 2653 2373 de
2693 2317 2817 2373 istis
2856 2318 3039 2372 tribus
3083 2318 3409 2388 agripennis
3451 2317 3693 2372 Godelef

2092 2390 2246 2445 dedit
2272 2393 2415 2445 duos
2462 2398 2519 2445 et
2545 2389 2861 2455 dimidium,
2908 2406 3036 2444 cum
3084 2405 3199 2443 una
3241 2389 3428 2448 domo.
3476 2405 3577 2459 pro
3617 2405 3687 2443 eo

2092 2463 2239 2532 quod
2294 2463 2570 2516 monacha
2598 2462 2745 2515 facta
2774 2467 2860 2515 est
2887 2460 2946 2532 in
2987 2460 3223 2514 ecclesia
3264 2459 3579 2532 pralibata,
3626 2466 3687 2514 et

2091 2530 2251 2587 soror
2293 2535 2414 2603 ejus
2461 2534 2703 2587 alterum
2743 2531 3061 2603 dimidium.
3112 2531 3455 2603 Donavimus
3510 2530 3687 2584 etiam

2090 2601 2451 2658 medietatem
2480 2604 2622 2657 villa
2648 2619 2772 2672 qua
2800 2601 3127 2656 nominatur
3155 2602 3483 2672 Carpikech,
3512 2618 3690 2672 quam

2163 2692 2195 2728 ο
2225 2676 2420 2743 regina
2449 2674 2662 2728 domini
2700 2675 2810 2727 mei
2859 2673 3011 2743 regis
3053 2689 3318 2727 concessu
3366 2672 3691 2743 comparavi

2163 2692 2195 2728 0
2225 2691 2420 2728 Γϐσιῐιῖὶ
2449 2691 2662 2728 (ιοωιῐιι
2700 2691 2810 2727 mel
2859 2691 3011 2743 regis
3053 2691 3318 2727 concessu
3366 2691 3689 2743 compara“

2092 2691 2162 2824 εἰῇ
2190 2716 2420 2824 Ειιίῗίξηθ
2454 2743 2896 2824 ίξιίρβῖημνεὲὲηί
2934 2744 3175 2824 Hamae:
3217 2750 3297 2824 ei.
3325 2760 3361 2796 α
3406 2743 3689 2824 Regna”?

2089 2817 2432 2871 vicecomite.
2464 2815 2748 2870 Adelaidis
2782 2816 2851 2869 Κ.
2876 2823 3064 2868 autem
3093 2814 3212 2868 ﬁlia
3236 2814 3526 2869 Thurstini
3554 2814 3693 2868 Hal-

2092 2887 2205 2958 dup
2250 2887 2323 2941 ad
2369 2888 2624 2941 eamdem
2676 2888 2891 2940 Sancta
2932 2885 3223 2940 Trinitatis
3279 2886 3592 2958 ecclesiam,
3623 2885 3692 2958 in

2094 2956 2206 3028 qua
2232 2959 2508 3013 monacha
2530 2959 2677 3012 facta
2694 2963 2780 3011 est
2802 2961 2995 3011 nostro
3012 2972 3295 3028 concessu,
3325 2962 3394 3028 et
3428 2956 3692 3026 Ragnul-

2091 3030 2203 3099 pho
2227 3029 2567 3093 vicecomite,
2586 3035 2642 3082 et
2669 3028 2897 3082 Eudone
2925 3028 3176 3097 ejusdem
3201 3027 3485 3081 Adelaidis
3512 3028 3690 3081 fratre

416 3112 537 3162 tate
559 3102 850 3159 fuerat.Ab
876 3102 1069 3156 eodem
1087 3098 1260 3155 etiam
1279 3098 1645 3155 Walleranno
1665 3118 1732 3155 ex
1744 3117 2011 3155 concessu
2033 3152 2071 3169 η
2094 3098 2492 3165 annuentibus,
2524 3101 2760 3154 alteram
2803 3099 3165 3153 medietatem
3194 3098 3339 3152 villae
3374 3098 3691 3169 Carpikech

418 3152 759 3248 ἦέῖἑξὲιῖἱί
768 3152 901 3248 ﬁsa;
915 3152 1224 3248 magis
1222 3152 1907 3248 “regags'qaaqagaa'
1924 3152 2011 3226 ac:
2029 3152 2074 3213 Ο
2094 3152 2246 3248 eum"
2259 3152 2574 3248 segregate
2590 3152 2599 3153 ί
2605 3152 2853 3248 ecclesia
2872 3245 2878 3248 _
2895 3176 2952 3223 et
2985 3170 3214 3248 decimae
3257 3152 3511 3248 δέραιεὼ
3538 3169 3691 3224 villa

417 3242 543 3302 eros
570 3252 736 3301 terra
780 3242 842 3297 in
866 3242 1152 3297 territorio
1182 3242 1433 3308 Cadomi,
1468 3249 1526 3296 et
1561 3244 1881 3312 appositum
1923 3248 2012 3296 est

417 3265 543 3302 cros
570 3259 736 3301 terra
780 3260 842 3297 1n
866 3259 1152 3297 territorio
1182 3259 1433 3308 uaaonn,
1468 3259 1526 3296 et.
1561 3259 1881 3364 apposuum
1923 3259 2010 3296 es:

414 3319 523 3373 hoc
551 3317 623 3370 ad
653 3314 945 3369 ecclesiam
987 3313 1386 3383 supradictam,
1427 3313 1584 3366 Radu
1611 3314 1666 3366 fo
1702 3313 2010 3367 camerario

420 3387 759 3443 concedente
781 3384 850 3437 de
876 3383 1038 3452 cujus
1062 3382 1224 3436 feodo
1254 3389 1394 3436 erat.
1427 3383 1608 3453 Super
1636 3384 1752 3437 hac
1779 3384 2010 3437 donavi-

419 3475 549 3513 mus
596 3462 653 3510 et
698 3454 970 3510 Eschonel
994 3454 1186 3506 villam
1215 3453 1490 3524 pradicta
1523 3454 1811 3507 ecclesiam
1842 3471 2012 3524 quam

420 3545 525 3597 ego
578 3526 777 3597 regina
823 3524 1112 3597 Mathildis
1165 3524 1634 3597 regis_concessu
1675 3525 1786 3578 emi
1823 3541 1856 3578 a
1883 3526 2013 3579 ﬁliis

495 3594 715 3653 imurfdi
744 3596 901 3651 Cufel
932 3595 1214 3667 Willelmo
1242 3600 1301 3649 et
1326 3594 1570 3667 Roberto
1592 3614 1603 3659 ;
1628 3612 1663 3648 a
1686 3612 1796 3667 quo
1816 3597 2015 3667 eodem

420 3669 667 3725 Roberto
695 3684 798 3737 ego
827 3665 1021 3736 regina
1041 3665 1151 3737 emi
1169 3671 1380 3737 terram
1404 3665 1561 3719 illam
1591 3665 1760 3736 quam
1773 3666 2016 3722 habebat

419 3742 483 3796 in
511 3736 882 3798 Hetruﬁvilla,
911 3743 968 3790 et
995 3736 1218 3790 Domini
1244 3736 1357 3790 mei
1375 3737 1525 3807 regis
1555 3754 1818 3792 concessu
1848 3755 2016 3808 appo-

421 3812 532 3867 sita
566 3815 658 3865 est
674 3808 938 3864 ecclesiae.
975 3808 1116 3879 Item
1143 3808 1694 3879 annuenteidomino
1729 3824 1853 3863 meo
1882 3825 2014 3879 rege

423 3882 537 3937 emi
574 3898 610 3934 a
658 3879 952 3950 Richardo
990 3878 1106 3950 ﬁlio
1156 3878 1458 3931 Herlewini
1502 3878 1628 3933 illas
1666 3884 1847 3933 terras
1876 3878 2015 3950 quas

423 3952 656 4007 tenebat
686 3957 741 4005 et
760 3949 979 4015 Taxilli,
1004 3955 1062 4002 et
1076 3949 1134 4002 in
1148 3955 1339 4021 monte
1354 3949 1547 4015 Boani,
1574 3967 1639 4004 eo
1650 3955 1846 4004 tenore
1866 3949 2015 4021 quod

423 4025 547 4095 ipse
576 4022 867 4095 Ricardus,
898 4020 968 4095 de
998 4019 1231 4095 ecclesia
1273 4036 1367 4073 eas
1398 4026 1618 4095 teneret
1657 4021 1715 4074 in
1751 4022 1863 4095 vita
1882 4019 2012 4085 sua,

426 4091 485 4150 et
504 4099 633 4165 post
661 4092 873 4165 obitum
902 4092 1026 4165 ejus
1051 4091 1110 4143 in
1139 4106 1242 4144 sua
1265 4091 1617 4161 possessione
1645 4092 1872 4165 propria
1895 4108 2019 4165 pos-

424 4163 638 4219 sideret
665 4163 916 4218 ecclesia.
941 4163 1083 4216 Item
1112 4166 1322 4215 terram
1343 4178 1512 4232 quam
1538 4163 1724 4216 tenuit
1750 4163 2019 4217 Radulfus

426 4236 579 4291 ﬁlius
601 4235 766 4290 Alani
783 4234 842 4287 in
864 4233 1074 4288 Willon
1102 4233 1419 4303 comparavi
1442 4232 1513 4286 ab
1541 4234 1736 4288 eodem
1756 4235 2013 4288 Radulfo.

425 4309 498 4364 Et
533 4325 568 4362 a
622 4305 863 4360 Ricardo
893 4303 1006 4358 ﬁlio
1037 4303 1367 4357 Rainfrandi
1415 4304 1689 4359 rusticum
1736 4322 1914 4359 unum
1956 4304 2016 4359 in

425 4378 560 4431 villa
589 4393 711 4446 qua
735 4376 942 4429 dicitur
982 4375 1226 4446 Charon.
1275 4380 1331 4428 et
1358 4374 1500 4429 duas
1536 4376 1740 4446 garbas
1787 4376 2014 4430 decima

2091 3241 2335 3322 donavit.
2370 3243 2476 3322 Sed
2504 3247 2561 3322 et
2589 3242 2949 3322 duashpartes
2975 3240 3125 3322 ‘villa
3150 3241 3693 3322 quae'Puteusnun-

2092 3320 2347 3383 cupatur.
2406 3313 2478 3367 Et
2530 3313 2680 3366 inter
2718 3311 3075 3376 Filcherolas,
3144 3317 3202 3365 et
3262 3311 3692 3383 Herstervillam

2091 3382 2282 3437 novies
2310 3383 2508 3453 viginti
2532 3400 2720 3438 accros
2749 3388 2931 3449 terra,
2963 3398 3178 3437 necnon
3199 3387 3256 3436 et
3278 3382 3435 3436 illam
3472 3388 3692 3453 terram

2134 3470 2266 3508 uam
2312 3452 2653 3509 Oismelinus
2698 3453 3028 3509 Theodorici
3055 3454 3227 3518 ﬁlius,
3280 3459 3337 3506 et
3372 3452 3691 3508 Herbertus

2141 3524 2390 3579 olenfant
2420 3524 2688 3580 tenebant
2729 3525 2798 3579 de
2841 3541 2909 3578 ea
2947 3525 3003 3578 in
3056 3524 3468 3578 Goisbertivilla
3518 3530 3577 3578 et
3624 3525 3691 3580 in

2095 3596 2510 3660 Dumoldivilla,
2562 3602 2620 3650 et
2685 3596 2746 3649 in
2803 3595 3200 3650 Culvertivilla.
3265 3596 3331 3650 In
3382 3596 3690 3651 Coisneriis

2097 3667 2391 3721 dimidium
2410 3667 2814 3732 molendinum,
2839 3673 2894 3720 et
2926 3673 3139 3721 terram
3167 3666 3336 3721 unius
3363 3682 3604 3721 carruca
3622 3667 3690 3723 in

2097 3739 2293 3792 eodem
2325 3739 2463 3791 loco.
2522 3739 2587 3793 In
2630 3738 2946 3792 Ruscavilla
2971 3743 3183 3791 terram
3214 3738 3382 3791 unius
3416 3754 3685 3793 carruca.

2096 3810 2161 3864 In
2192 3809 2544 3879 Ingulﬁvilla,
2578 3814 2790 3863 terram
2820 3808 2976 3862 illam
3006 3824 3173 3878 quam
3224 3808 3293 3862 de
3341 3808 3466 3880 ipsa
3498 3810 3691 3864 tenuit

2095 3880 2481 3933 Anschitillus.
2530 3881 2596 3934 In
2635 3879 2936 3933 Calvavilla
2971 3884 3183 3933 terram
3210 3880 3379 3933 unius
3416 3895 3689 3937 carruca.

2096 3951 2263 4005 Dedit
2309 3951 2479 4004 etiam
2519 3951 2637 4006 hac
2677 3951 2873 4004 eadem
2911 3950 3198 4004 Adelaidis
3241 3950 3685 4019 Fraxinivillam,

2100 4028 2157 4075 et
2185 4021 2518 4093 Maisnillem
2561 4022 2785 4087 Urcelli,
2839 4038 3001 4093 quasi
3028 4038 3131 4093 ego
3177 4021 3463 4093 Matbildis
3485 4022 3691 4093 regina

2101 4092 2404 4164 excambivi
2451 4093 2695 4147 ecclesia
2733 4094 2951 4147 Sancta
2988 4092 3177 4146 Maria
3200 4092 3532 4164 rBajocensi,
3562 4092 3690 4164 per

2104 4163 2356 4217 Odonem
2413 4164 2670 4218 Ecclesiae
2722 4164 2975 4233 ejusdem
3018 4163 3348 4228 antistitem,
3414 4163 3687 4220 concessu

2100 4233 2314 4315 domini
2340 4234 2460 4315 mei.
2480 4235 2648 4315 regis,
2662 4251 2785 4315 pro
2799 4234 3043 4315 ecclesiis
3071 4234 3688 4315 cum-decimisSanQi

2100 4306 2389 4376 Stephani,
2414 4311 2467 4359 et
2509 4305 2697 4360 Sancti
2728 4305 2956 4360 Martini
2994 4305 3248 4372 Cadomi,
3278 4306 3423 4360 sicut
3450 4307 3690 4361 Anschi-

2095 4376 2253 4430 tillus
2273 4377 2420 4430 ﬁlius
2440 4376 2541 4430 Uri
2565 4393 2660 4430 eas
2686 4382 2965 4440 tenuerat,
3013 4382 3072 4430 et
3101 4394 3202 4447 pro
3231 4377 3462 4431 ecclesia
3491 4379 3690 4433 Sancti

468 4445 865 4529 uam’habebat
881 4446 941 4498 in
961 4445 1156 4499 eadem
1177 4445 1607 4527 villa.Similiter
1620 4447 1819 4501 etaRa
1861 4448 2013 4529 nulio
2097 4447 2323 4528 Georgii
2348 4448 2417 4501 de
2442 4454 2624 4530 castro
2655 4448 2903 4529 Cadomi.
2947 4445 3250 4529 Stigandus
3279 4449 3691 4530 quoquededit

427 4465 499 4571 3e
526 4517 808 4571 Barberns
835 4516 977 4569 duas
1003 4516 1207 4571 garbas
1235 4516 1462 4570 decima
1493 4534 1661 4571 uuam
1691 4465 1934 4571 habtﬁiat
1955 4535 2013 4571 1n
2030 4511 2080 4571 D
2097 4519 2356 4571 ecclesnas
2380 4519 2608 4571 Falesxa
2627 4535 2754 4571 cum
2784 4520 3038 4571 decrmis.
3055 4530 3113 4571 et
3130 4519 3420 4571 ecclesnam
3432 4519 3691 4571 Wibreei

469 4535 499 4571 e
526 4516 808 4587 Barberiis
835 4516 977 4569 duas
1003 4516 1207 4585 garbas
1235 4516 1462 4570 decimae
1493 4534 1661 4587 quam
1691 4511 1934 4572 habebat
1955 4519 2013 4572 in
2030 4511 2080 4572 D
2097 4511 2356 4572 ecclesias
2380 4519 2608 4573 Falesia
2627 4535 2754 4573 cum
2784 4511 3061 4578 decimis:
3055 4530 3113 4572 et
3130 4511 3693 4575 ecclesiamWibreei

428 4589 671 4660 Charon,
702 4595 759 4640 et
784 4586 903 4660 hac
930 4602 997 4638 ex
1024 4602 1289 4660 concessu
1314 4587 1463 4660 regis
1487 4586 1731 4643 ecclesia
1759 4590 2015 4660 apposita

427 4665 581 4713 sunt.
631 4658 842 4712 Prater
868 4657 987 4709 hac
1013 4672 1048 4709 a
1088 4656 1285 4711 Milone
1313 4658 1634 4712 Mariscalco
1679 4665 1736 4713 et
1761 4656 2013 4715 Alethse-

426 4730 546 4784 Iina
590 4729 714 4799 ejus
759 4743 949 4799 uxore,
981 4726 1532 4799 emiegoMathildis
1560 4730 1756 4799 regina
1800 4736 2014 4785 terram

430 4816 601 4871 quam
622 4797 906 4871 habebant
928 4797 988 4851 in
1011 4797 1289 4871 Valcellis,
1314 4799 1547 4871 etquod
1577 4797 1647 4871 in“
1676 4801 1925 4864 ecclesia,
1958 4807 2015 4856 et

428 4867 489 4926 in
518 4870 843 4943 molendino
868 4884 980 4943 uno
1011 4867 1261 4943 ejusdem
1290 4867 1435 4943 villa
1458 4868 1759 4943 habebant,
1784 4878 2011 4943 excepto

428 4942 578 5013 quod
607 4940 848 5014 Beatrici
873 4939 999 5014 ﬁlia
1026 4956 1141 4993 sua
1171 4939 1242 4993 ad
1289 4941 1611 5014 conjugium
1641 4959 1807 4997 suum
1825 4939 2015 5014 largiti

425 5010 579 5079 sunt,
612 5012 762 5083 quod
798 5010 1025 5065 domino
1068 5026 1196 5083 meo
1240 5027 1372 5080 rege
1403 5013 1741 5067 concedente
1769 5010 2015 5070 ecclesia

425 5082 866 5167 superscriptum
893 5087 1018 5167 ‘est.
1072 5082 1374 5167 Supernae.
1402 5099 1534 5167 qua
1560 5084 1709 5165 dicta
1732 5091 1882 5167 sunt,
1911 5102 2014 5167 ego

422 5153 722 5211 Wilelmus
742 5170 838 5207 rex
855 5156 916 5225 et
930 5167 1219 5225 uxorAmea
1242 5153 1526 5225 Mathildis
1544 5156 1740 5225 regina
1767 5153 2013 5211 ecclesia

420 5225 844 5300 pranrominata
886 5222 1215 5300 donavimus
1261 5224 1510 5300 Burgum
1545 5222 1854 5300 de'IIulmo
1884 5244 2013 5281 cum

419 5294 696 5354 reditibus
732 5294 868 5361 suis,
885 5294 1129 5368 _Adeli_sa
1162 5294 1339 5348 amita
1375 5312 1515 5368 mea
1545 5295 1862 5368 benigniter
1913 5314 2012 5353 an-

420 5375 647 5433 nuente,
684 5368 846 5437 cujus
884 5365 1181 5419 hareditas
1216 5371 1373 5434 erat;
1406 5367 1503 5421 sed
1535 5374 1591 5421 et
1620 5365 1908 5424 coinitissa
1933 5371 2002 5425 A.

418 5441 490 5495 de
543 5437 868 5511 Albamarla
918 5437 1274 5511 concedente,
1323 5454 1408 5511 eo_
1432 5438 1688 5511 videlicet
1742 5447 1904 5511 pacto
1946 5447 2011 5495 ut

416 5511 543 5582 ipsa
566 5514 787 5564 teneret
819 5510 882 5582 in
910 5508 1174 5582 vitasua,
1205 5512 1334 5577 post
1358 5507 1728 5582 obitumivero
1743 5507 1914 5565 suum
1939 5512 2010 5567 ad

418 5578 629 5635 v'ictum
659 5578 1170 5650 sanctimonialium
1192 5584 1387 5633 sancta
1413 5580 1726 5650 possideret
1753 5583 2002 5637 ecclesia.

416 5652 486 5708 In
530 5650 815 5705 territorio
868 5655 1058 5704 autem
1096 5649 1329 5704 Cadomi
1375 5649 1631 5706 dedimus
1675 5658 1854 5707 terras
1880 5654 2007 5709 illas

417 5738 559 5793 quas
598 5721 668 5793 de
685 5735 802 5793 _me
850 5736 983 5793 rege
1018 5719 1303 5793 Willelmo
1352 5720 1619 5777 tenebant
1675 5724 2006 5780 Godefridus

415 5790 664 5866 Iuvenis,
684 5790 958 5865 Rogerius
986 5791 1725 5866 conestabulus,Willelmus
1754 5795 2001 5858 Patrich.

2093 4606 2221 4643 cum
2248 4590 2486 4655 decima,
2518 4596 2574 4644 et
2595 4606 2774 4645 unum
2802 4590 3186 4644 molendinum
3214 4590 3274 4644 in
3316 4590 3514 4645 eodem
3556 4590 3690 4645 loco

2094 4661 2567 4731 supranominata
2596 4661 2861 4726 ecclesia,
2890 4677 2992 4731 pro
3021 4660 3139 4715 ﬁlia
3175 4678 3298 4724 sua,
3332 4660 3539 4715 ibidem
3564 4677 3693 4717 mo-

2092 4732 2275 4813 nacha
2312 4732 2826 4813 facta,‘Willel_mo‘
2850 4732 2919 4786 de
2970 4732 3220 4813 Brajosa,
3262 4733 3331 4786 de
3359 4734 3525 4813 cujus
3548 4733 3691 4813 jure

2094 4808 2233 4884 erat,
2264 4808 2578 4869 annuente;
2631 4803 2722 4857 cui
2771 4808 2835 4884 ut
2858 4803 3204 4885 concederet.
3244 4820 3348 4885 ego
3393 4803 3691 4885 Mathildis

2093 4874 2290 4944 regina
2317 4891 2384 4928 ex
2412 4890 2678 4928 concessu
2697 4874 2847 4943 regis
2877 4874 3006 4928 dedi
3033 4875 3103 4928 de
3127 4874 3365 4945 pecunia
3391 4891 3537 4928 mea.
3569 4875 3692 4931 Sed

2097 4952 2154 4998 et
2175 4945 2480 4999 Alveredus
2495 4945 2565 4999 de
2586 4945 2773 4999 Moion
2801 4945 3080 4999 concessit
3105 4946 3288 5001 eidem
3308 4945 3550 5000 ecclesia
3569 4950 3694 5000 ter-

2093 5032 2219 5069 ram
2246 5016 2405 5070 illam
2428 5033 2594 5087 quam
2623 5032 2782 5070 soror
2804 5017 2928 5086 ejus
2972 5017 3081 5070 Ala
3102 5016 3377 5071 habuerat
3401 5017 3461 5070 in
3485 5018 3612 5087 conj
3622 5033 3693 5072 u-

2093 5086 2187 5156 gio
2223 5088 2370 5158 apud
2400 5086 2712 5141 Ranvillam
2730 5104 2833 5158 pro
2862 5087 2980 5141 ﬁlia
3002 5104 3122 5154 sua,
3148 5104 3271 5158 qua
3305 5087 3581 5142 monacha
3596 5086 3694 5143 fa-

2095 5164 2186 5211 cta
2212 5157 2398 5211 fuerat
2427 5158 2485 5212 in
2515 5158 2713 5212 eadem
2734 5157 2990 5223 ecclesia,
3024 5157 3252 5229 excepto
3281 5159 3430 5229 quod
3469 5157 3694 5216 ibidem

2094 5234 2320 5283 sanctus
2348 5229 2725 5299 Leodegarius
2762 5229 2832 5283 de
2863 5230 3123 5283 Pratellis
3142 5234 3315 5293 tenet,
3335 5231 3496 5300 cujus
3513 5235 3692 5287 terra

2091 5300 2383 5371 servitium
2414 5317 2516 5371 ego
2570 5301 2771 5371 regina
2813 5300 2886 5354 ad
2924 5316 3065 5371 opus
3089 5301 3332 5355 ecclesia
3360 5301 3575 5354 redemi
3613 5301 3692 5358 de

2090 5369 2341 5425 Huberto
2370 5369 2603 5439 de'Ria,
2644 5369 2805 5441 cujus
2846 5369 3071 5426 feodum
3121 5377 3261 5426 erat.
3304 5372 3691 5441 Fredegendis

2091 5447 2281 5495 autem
2309 5443 2568 5499 Rasmulﬁ
2606 5442 2940 5496 vicecomitis
2983 5443 3158 5497 amita
3186 5442 3343 5497 dedit
3378 5442 3563 5497 eidem
3590 5460 3691 5499 ec-

2091 5512 2271 5567 clesia
2301 5512 2747 5580 Osbernivillam,
2780 5520 3065 5568 annuente
3094 5514 3292 5568 eodem
3317 5514 3580 5581 Ranulfo,
3611 5517 3691 5572 de

2089 5584 2249 5657 eujus
2275 5585 2437 5639 feodo
2468 5590 2617 5652 erat;
2652 5584 3046 5657 cuii-tagnulfo
3095 5601 3197 5657 pro
3245 5601 3514 5641 concessu
3554 5602 3687 5657 suo,

2088 5654 2221 5727 dedi
2247 5671 2350 5727 ego
2371 5656 2565 5727 regina
2586 5654 2877 5727 Malhildis’
2898 5656 2968 5710 de
2997 5654 3237 5726 pecunia
3261 5673 3407 5712 mea.

2162 5726 2519 5782 «Deditidém
2534 5726 2846 5799 Ragnulfus
2864 5728 3107 5783 ecclesia
3119 5728 3454 5799 supradicta
3470 5728 3691 5786 molen-

2085 5795 2283 5857 dinum
2304 5813 2483 5856 unum
2528 5795 2680 5859 intra
2714 5797 2959 5871 burgum
3004 5795 3241 5861 Cadomi
3258 5800 3471 5874 situm;
3515 5805 3593 5875 et,
3620 5801 3687 5862 in
