4008 6186
234 252 293 306 97

1163 238 1628 308 QUORUMDAM
1663 240 2064 301 AUCTORUM
2100 239 2567 303 TESTIMONIA.

3446 248 3515 307 98

230 376 338 439 size,
362 378 641 445 quantum
666 386 877 445 nomen
894 372 1142 445 vestrum
1153 370 1377 445 emendi
1399 368 1815 442 postest,vitam
1829 376 1882 435 Α
1898 370 2087 445 ipsum
2114 371 2187 445 ad
2216 387 2498 445 summam
2522 376 2868 445 senectutem
2898 373 3217 444 pervenisse
3251 374 3391 429 mihi
3418 375 3504 429 fa-

230 439 469 500 vestram
493 442 872 498 necessariam
901 456 1022 495 esse
1049 439 1433 505 intelligimus,
1469 448 1581 498 etc.

297 517 382 583 (⁸³)
409 516 682 570 Kalendas
708 515 893 569 Junii.
928 510 1029 583 Vel
1055 511 1216 565 Nono
1236 510 1526 567 Kalendas
1570 512 1824 582 ejusdem

230 582 452 653 mensis,
492 591 556 640 ut
597 590 685 640 est
721 590 919 639 auctor
958 582 1274 654 Florentius
1309 584 1542 654 Vigorn.
1586 583 1827 652 scriptor

231 652 445 712 coaevus
468 658 540 711 ad
562 674 655 710 an.
692 654 884 713 1089.‹
910 652 1352 709 Dorobernensis
1376 652 1825 724 archiepiSCOpus

230 729 575 784 Lanfrancus
601 729 765 783 Nono
804 726 927 781 Kal.
961 724 1129 789 Junii,
1165 725 1305 779 feria
1335 725 1533 789 quinta
1560 724 1699 778 obiit
1728 740 1826 777 eo-

230 801 350 854 dem
384 816 539 853 anno
574 818 587 852 :
620 804 679 852 et
702 798 872 852 tertio
904 795 1040 851 Idus
1057 796 1318 865 Augusti,
1347 795 1592 850 Sabbato
1612 795 1825 849 circum

228 873 424 925 horam
456 870 573 924 diei
588 871 836 931 tertiam,
864 874 1027 922 terrae
1056 876 1241 921 motus
1258 867 1640 937 permaximus
1661 866 1823 919 exsti-

230 943 292 995 tit
319 958 428 1013 per
451 941 785 1013 Angliam.)
816 940 886 1013 Et
906 939 976 992 de
1001 943 1341 1013 terramptu
1360 937 1588 1013 quidem
1604 937 1829 1013 Flor-en-

229 1013 301 1067 tio
319 1007 682 1067 'astinulatur
707 1010 982 1065 Henricus
1008 1007 1491 1063 Huntindonensis
1512 1007 1824 1061 Histor.lib.

230 1098 336 1137 vn:
378 1104 404 1134 ι
440 1078 789 1138 Lanfrancus
816 1081 1284 1151 archiepiscopus,
1317 1079 1417 1151 ait,
1448 1079 1645 1132 doctor
1671 1078 1829 1151 lucu-

230 1156 414 1209 lentus
460 1154 812 1215 clericorum,
851 1157 907 1207 et
937 1149 1096 1221 pater
1135 1149 1490 1204 dulcissimus
1514 1149 1827 1221 monacho-

228 1241 411 1289 rum,a
438 1225 607 1279 rebus
627 1218 966 1279 transitoriin
981 1238 1129 1276 anno
1158 1226 1427 1288 sequente
1450 1218 1635 1289 (1089)
1650 1225 1830 1273 trans-

230 1298 289 1351 iit
319 1316 330 1348 :
367 1313 486 1367 quo
520 1297 584 1367 in
615 1312 762 1349 anno
791 1301 977 1367 terrm“
996 1300 1181 1367 motus
1208 1293 1318 1346 fuit
1340 1290 1640 1367 terribilis.-
1664 1311 1688 1341 ι
1722 1291 1832 1367 Ho-

232 1361 482 1422 vedenus
511 1366 584 1420 ab
612 1366 700 1420 his
744 1365 896 1419 haud
925 1363 1187 1418 dissentit
1210 1371 1356 1433 part.
1400 1362 1586 1432 priore
1613 1361 1822 1433 Annal.

232 1440 285 1493 in
305 1439 604 1492 Willelmo
633 1437 867 1492 Juniore
892 1454 903 1488 :
926 1452 1099 1506 penes
1128 1432 1295 1506 quem
1326 1433 1524 1506 eadem
1549 1432 1718 1486 verba
1734 1447 1835 1506 pro

231 1526 326 1563 suo
359 1526 524 1563 more
551 1508 727 1580 (quod
755 1502 1069 1580 semel—jam
1099 1502 1517 1580 adnotavimus)
1567 1502 1747 1574 atque
1778 1502 1839 1555 in

232 1581 523 1635 Florentio
554 1575 741 1648 legere
763 1584 868 1632 est.
887 1576 1164 1631 Robertus
1184 1575 1253 1629 de
1271 1576 1461 1648 Monte
1475 1580 1640 1648 terrae
1653 1579 1839 1648 motus

233 1668 463 1705 causam
490 1645 741 1704 ostendit
761 1649 821 1702 in
843 1648 1121 1703 Chronico
1146 1663 1251 1700 ms.
1282 1646 1353 1700 ad
1382 1646 1440 1699 id
1469 1645 1605 1698 anni
1637 1662 1649 1696 :
1677 1645 1841 1698 «Hoc

230 1740 375 1777 anno
406 1728 578 1775 terrae
606 1726 793 1774 motus
821 1720 1000 1773 factus
1022 1717 1309 1780 terribilis,
1326 1715 1666 1787 protendens
1692 1715 1843 1768 mala

230 1793 467 1847 forsitan
499 1808 625 1862 quae
656 1796 887 1862 propter
930 1790 1224 1862 hominum
1252 1788 1577 1862 iniquorum
1609 1791 1840 1862 peccata

224 1867 335 1933 jam
396 1856 610 1917 nostris
657 1856 1018 1933 temporibus
1075 1860 1315 1933 vidimus
1351 1856 1616 1933 impleta.
1664 1876 1691 1933 ρ
1727 1856 1838 1911 Sed

228 1926 476 1988 maxime
503 1951 536 1988 e
566 1933 706 1988 vivis
737 1926 959 1988 sublato
998 1933 1062 1986 B.
1098 1926 1563 1993 Lanfrancofubi
1589 1926 1839 1982 habenas

228 2006 550 2076 omnigenis
579 2003 883 2059 sceleribus
906 2004 1149 2076 laxasset
1169 2001 1508 2076 Guillelmus
1525 1998 1836 2076 Rufus_rex,

230 2084 354 2131 tum
388 2070 667 2148 quidquid
682 2075 1090 2148 nequissimum
1108 2078 1213 2148 est,
1228 2088 1329 2148 per
1347 2070 1609 2148 Angliam
1624 2070 1843 2148 univer-

231 2166 349 2274 ﬁm
371 2139 630 2219 grassari
658 2139 849 2218 cep-it.
879 2146 963 2201 De
991 2146 1079 2199 his
1107 2139 1342 2199 inferius
1367 2139 1763 2212 adepistolam
1781 2139 1835 2207 2,

252 2238 267 2273 ι
298 2263 310 2274 .
354 2237 420 2274 n.

252 2219 310 2274 it.
354 2237 420 2274 ι).

295 2237 514 2361 liquet
539 2290 597 2345 S.
618 2289 999 2345 Lanfrancum
1016 2292 1141 2361 tum
1155 2302 1221 2340 ex
1238 2283 1503 2361 praefatis,
1521 2288 1650 2361 tum
1672 2282 1845 2361 etiam

233 2380 295 2416 ex
344 2354 533 2432 géstis
572 2361 765 2432 ipsius,
814 2358 1159 2432 atquealiis
1204 2354 1599 2432 scriptoribus,
1636 2354 1847 2408 infulas

234 2425 681 2487 Cantuarienses
702 2425 868 2485 annis
891 2425 960 2486 l9
988 2428 1286 2493 detulisse;
1311 2425 1460 2480 anno
1487 2425 1557 2479 ab
1576 2426 1843 2479 Incarna-

1905 441 2341 523 cile.suadeam,
2377 443 2447 523 iis
2493 444 2851 523 potissimum
2877 441 3189 523 rationibus
3221 445 3504 512 inductus,

1905 514 2171 567 nimirum
2208 527 2221 567 :
2244 530 2377 587 cum
2398 514 2557 567 Becci
2581 518 2914 570 monachum
2934 516 3227 579 induisset,
3249 523 3511 587 provecta

1907 589 2030 638 erat
2058 590 2241 649 aetate,
2273 586 2380 637 hoc
2409 590 2495 658 est
2518 587 2893 657 quadraginta
2912 588 3159 658 quinque
3177 586 3301 657 plus
3320 588 3508 643 minus

1906 671 2203 729 annorum,
2228 656 2700 729 quemadmodum
2728 656 2846 728 ipse
2865 656 3085 729 liquido
3097 656 3333 713 innuere
3356 659 3509 713 vide-

1905 730 2001 779 tur
2028 725 2292 800 precibus
2311 726 2420 800 illis
2442 743 2581 800 quas
2596 725 2766 782 nocte
2783 733 2837 795 (a
2858 725 3169 783 latronibus
3184 729 3369 784 arbori
3386 732 3510 800 ejus

1906 796 2167 878 manibus
2202 796 2477 878 alligatis)”
2512 799 2582 878 ad
2613 800 2787 878 Deum
2827 800 3024 878 effudit
3045 801 3103 854 in
3149 801 3267 878 haec
3290 796 3505 878 verba:

1911 885 1938 919 ς(
1970 868 2211 921 Domine
2232 869 2630 942 Deus,tantum
2651 875 2873 942 tempus
2896 871 2953 925 in
2974 872 3235 926 discendo
3249 873 3507 942 expendi,

1910 944 1967 992 et
1987 955 2187 1008 corpus
2217 946 2271 992 et
2293 940 2543 993 animum
2585 941 2641 994 in
2669 940 2867 995 studiis
2894 942 3211 996 litterarum
3242 940 3449 1008 att—rivi,
3477 963 3506 995 ι)

1911 1014 2016 1063 etc.
2062 1009 2283 1093 Etenim
2332 1011 2929 1093 Eapiﬂmnjamprid‘em.
2988 1019 3290 1093 antequam
3347 1031 3513 1093 pera-

1909 1085 2129 1149 grasset
2158 1097 2224 1133 ex
2253 1087 2412 1151 parte
2440 1082 2701 1147 Galliam,
2750 1085 2902 1138 velut
2949 1084 3197 1138 scientiis
3228 1082 3508 1152 omnibus,

1911 1152 2099 1233 legum
2129 1152 2441 1233 praesertim
2476 1153 2695 1233 peritia,
2719 1155 2970 1233 polleret,
2990 1172 3024 1208 a
3043 1156 3387 1233 doctissimis
3416 1174 3518 1233 un-

1912 1222 2209 1297 decunque
2260 1222 2394 1297 viris
2428 1222 2842 1297 consulebatur
2896 1226 3064 1296 (quod
3100 1226 3368 1297 superius
3406 1228 3516 1283 fuit

1913 1295 2241 1365 ostensum).
2269 1294 2480 1347 Deinde
2510 1295 2763 1365 pluribus
2794 1294 2955 1350 annis
2976 1294 3229 1350 Abrincl'e
3262 1297 3318 1350 in
3349 1298 3515 1352 Nort-

1917 1364 2147 1438 mannia
2174 1364 2577 1438 docuissevero
2598 1367 2779 1421 simile
2799 1374 2903 1421 est.
2925 1368 3175 1438 Denique
3198 1368 3255 1421 id
3278 1369 3519 1438 gravita-

1916 1434 1989 1487 tis
2015 1442 2185 1515 atque
2213 1436 2613 1515 aetatisfu‘isse,
2637 1439 2806 1515 _quod
2836 1439 3020 1515 virum
3061 1434 3239 1503 decet,
3289 1434 3455 1515 Quem
3486 1455 3523 1494 a

1918 1506 2164 1559 consiliis
2180 1506 2428 1575 elegerat
2450 1506 2783 1563 Guillelmus
2813 1515 2931 1563 tum
2971 1506 3357 1563 Nortmanniie
3386 1510 3517 1578 dux,

1919 1592 2023 1647 par
2052 1577 2422 1651 estcredere.
2463 1579 2657 1651 Addas
2682 1596 2815 1651 ergo
2863 1578 2931 1651 45
2972 1581 3136 1633 annis
3182 1578 3270 1646 47,
3312 1581 3407 1651 qui
3453 1582 3523 1636 ab

1921 1663 2069 1719 anno
2095 1646 2239 1703 1042
2269 1664 2379 1718 quo
2402 1648 2692 1719 religionis
2740 1646 3038 1704 collobium
3093 1646 3403 1719 assumpsit
3449 1652 3523 1707 ad

1857 1728 1904 1788 Β
1922 1717 2106 1791 obitus
2136 1690 2347 1771 annuim
2394 1690 2543 1775 1086
2559 1720 2842 1784 effluxere,
2875 1721 3122 1791 reperies
3172 1690 3325 1775 haud
3354 1721 3523 1777 dubie

1919 1787 2327 1862 9?..Verumde
2348 1790 2435 1843 his
2455 1792 2580 1861 plus
2601 1791 2758 1845 satis.
2776 1787 3135 1862 Epitaphium
3162 1791 3352 1862 magni
3382 1793 3527 1848 Lan-

1922 1860 2098 1941 i'ranci
2127 1876 2161 1913 a
2189 1860 2636 1941 Philippo‘Bonae
2656 1863 2798 1941 _S_pei
2815 1860 3027 1941 abbate
3045 1866 3128 1931 (ut
3155 1860 3523 1941 colophonem

1921 1931 2075 1985 hisce
2102 1931 2562 2005 annotationibus
2604 1931 2829 2002 addam)
2855 1934 3006 1988 haud
3036 1931 3321 2005 quaquam
3366 1939 3526 1991 extra

1922 2018 2045 2056 rem
2073 2002 2518 2057 subnectendum
2546 2010 2703 2075 puto.

2208 2110 2569 2181 Epitaphium
2597 2114 2861 2180 magistri
2882 2113 3208 2179 Lanfranci.

1996 2216 2215 2292 Vigisti,
2245 2217 2559 2292 venerande
2584 2218 2768 2282 Pater,
2804 2220 3089 2292 sapienter
3109 2224 3173 2292 iet,
3200 2237 3357 2292 :eque
3386 2239 3398 2274 :

2067 2288 2495 2361 Vixisti‘vivens,
2524 2305 2674 2343 mors
2695 2288 2916 2361 quoque
2946 2291 3060 2344 vita
3072 2289 3200 2361 tibi.

1997 2358 2154 2440 Intfr
2172 2359 2403 2440 divitias
2431 2376 2662 2431 pauper,
2698 2358 3021 2426 Eanfrance,
3056 2360 3243 2440 fuisti;

2071 2430 2284 2485 Divitiis
2305 2430 2561 2495 manans,
2593 2448 2902 2502 pauperum
2931 2439 3153 2487 amator
3178 2449 3303 2489 eras

230 2505 390 2582 tione
411 2503 642 2582 Domini
670 2502 835 2582 1089,
871 2500 1032 2582 regni
1057 2516 1186 2582 vero
1215 2496 1583 2582 Gui‘llelmlinll
1762 2512 1847 2549 se-

1361 2501 1502 2577 :elmli
1518 2501 1583 2577 ¹ΙΙ
1762 2512 1847 2549 se-
1996 2501 2110 2577 Per
2126 2507 2183 2555 te
2210 2504 2476 2577 ﬂorentes
2497 2508 2648 2577 artes
2676 2501 2900 2577 valuere
2929 2504 3140 2577 Latinae
3163 2522 3176 2571 ;

232 2575 427 2629 eundo
445 2581 763 2629 extremum
789 2567 1058 2628 clausisse
1085 2570 1263 2637 diem;
1317 2568 1448 2622 hinc
1469 2568 1535 2621 iit
1573 2571 1640 2621 ut
1682 2567 1844 2621 illum

2069 2572 2265 2628 Gratia
2295 2574 2365 2628 de
2392 2573 2547 2629 vobis
2576 2590 2701 2629 ecce
2728 2574 3042 2646 triumphat
3069 2591 3259 2630 ovans.

276 2885 397 2949 DE
432 2883 698 2948 BEATI
729 2880 1238 2949 LANFRANCI
1270 2880 1805 2948 SANCTITATE
1834 2881 2397 2958 QUORUMDAM
2429 2879 2909 2946 AUCTORUM
2934 2881 3488 2947 TESTIMONIA.

308 3214 666 3282 Quanquam
690 3210 751 3265 in
779 3209 912 3265 Vita
935 3206 1332 3278 B.Lanfranci,
1348 3214 1407 3264 et
1420 3209 1570 3265 notis
1586 3209 1658 3265 ad
1671 3209 1849 3276 illam,
1867 3210 1913 3273 Ο
1934 3209 2203 3281 religione
2229 3224 2296 3263 ac
2318 3208 2595 3280 sapientia
2634 3224 2759 3263 vere
2800 3206 3047 3262 nobilem
3081 3204 3292 3273 videre,
3324 3203 3539 3275 alloqui

238 3304 363 3373 ejus
380 3301 664 3356 sanctitas
691 3300 831 3354 satis
867 3315 1145 3370 superque
1172 3299 1501 3366 innotuerit,
1525 3315 1637 3370 quo
1665 3304 1857 3354 tamen
1941 3306 2000 3355 et
2022 3298 2343 3354 cohabitare
2360 3299 2572 3354 volens.
2605 3295 3085 3351 Excellentissima
3113 3294 3341 3366 quidem
3385 3293 3538 3347 fama

239 3391 544 3445 nonnullis
570 3390 718 3443 forte
749 3387 1093 3443 dubitaturis
1124 3389 1417 3459 scrupulos
1446 3404 1642 3442 omnes
1677 3394 1859 3443 matu—
1939 3389 2090 3444 illius
2139 3388 2575 3459 circumquaque
2621 3385 3036 3457 percrebuerat,
3068 3389 3127 3438 et
3161 3381 3539 3438 nobilissimos

240 3482 361 3536 rius
394 3478 748 3551 expedirem,
769 3478 909 3532 mihi
927 3478 1111 3532 visum
1135 3483 1223 3532 est
1250 3494 1365 3532 non
1393 3476 1463 3531 ab
1492 3494 1555 3532 re
1578 3477 1853 3544 futurum,
1940 3493 2193 3549 quosque
2220 3476 2550 3532 clericorum
2580 3476 2653 3531 ad
2679 3490 2811 3530 eum
2840 3475 2909 3529 de
2931 3472 3148 3529 cunctis
3176 3470 3376 3527 mundi
3404 3487 3538 3543 par-

240 3571 307 3635 si,
353 3585 487 3640 quae
543 3585 579 3621 a
628 3566 943 3634 coaetaneis,
981 3566 1336 3637 supparibus,
1385 3566 1860 3621 reeentioribusve
1939 3566 2091 3621 tibus
2117 3565 2338 3638 agebat,
2367 3570 2473 3620 etc.

242 3656 645 3730 scriptoribus,
674 3672 778 3710 nec
803 3672 918 3710 non
946 3660 1006 3709 et
1035 3654 1451 3726 Martyrologiis
1496 3655 1846 3710 auctoritates

1944 3674 2246 3729 OssERNUS
2276 3675 2544 3727 Beccensis
2568 3672 2890 3737 monachus,
2923 3672 3164 3724 scribens
3195 3670 3252 3722 Β.
3286 3665 3544 3724 Anselmo

244 3746 773 3818 suppeditarentur,
802 3743 895 3798 hic
922 3760 1026 3815 per
1054 3744 1287 3798 modum
1309 3742 1478 3813 sigilli
1497 3758 1857 3815 apponerem.

244 3926 601 3979 numen
622 3937 760 3977 pars
786 3923 860 3988 II,
881 3926 945 3976 in
969 3922 1514 3992 privilegioabbatia:
1535 3920 1865 3990 S.Stephani

542 4012 895 4066 Cadomensis
924 4026 1163 4067 concesso
1192 4026 1366 4080 supra
1391 4012 1493 4065 col.
1520 4007 1608 4066 71.

325 4182 491 4246 Unde
545 4190 700 4261 quia,
745 4189 1073 4244 charissima
1117 4188 1201 4243 illi
1228 4187 1539 4243 Lanfrance
1583 4184 1776 4254 abbas,
1805 4184 1865 4240 in

255 4286 477 4333 tantam
527 4282 588 4331 te
635 4276 942 4331 excrevisse
977 4274 1311 4346 religionem
1355 4273 1760 4344 cognoscimus,
1803 4277 1869 4327 ut

258 4383 374 4421 non
400 4368 591 4421 solum
622 4365 693 4420 de
731 4365 963 4436 propria
1010 4365 1194 4419 salute
1238 4362 1523 4418 studiosus
1578 4362 1866 4429 existeres,

260 4456 640 4511 verumetiam
674 4470 1036 4510 communem
1070 4453 1244 4508 vitam
1277 4450 1610 4522 eligentibus
1649 4467 1872 4505 monas-

256 4546 467 4599 terium
500 4549 880 4612 construeres,
912 4560 978 4598 ac
1002 4542 1242 4598 formam
1290 4538 1871 4612 religionisprovide-

257 4651 372 4701 res,
401 4642 519 4689 etc.

260 4723 650 4780 Germanus
674 4710 1060 4790 Picum-ustus,
1092 4723 1166 4778 De
1191 4722 1353 4792 gestis
1385 4719 1680 4778 Guillelmi
1715 4719 1870 4774 ducis

336 4903 427 4959 Illi
456 4812 1340 4975 (Lantraneo)con1;:ltawaiimae
1376 4915 1511 4966 suae,
1550 4897 1635 4953 illi
1674 4913 1869 4969 specu-

262 4992 381 5046 lam
432 4991 765 5063 quamdam,
795 4991 946 5045 unde
995 4987 1285 5044 ordinibus
1340 4986 1726 5043 ecclesiasticis
1776 5001 1880 5057 per

261 5097 499 5136 omnem
538 5080 977 5134 Nortmanniam
1024 5078 1361 5143 consuleret,
1391 5076 1676 5132 commisit
1705 5074 1879 5143 (Guil-

263 5171 516 5238 lelmus).
539 5169 736 5224 Potuit
757 5185 959 5240 nempe
986 5168 1093 5222 viri
1120 5167 1250 5222 talis
1281 5165 1515 5236 vigilans
1559 5181 1715 5231 cura,
1750 5180 1879 5218 cum

266 5260 586 5313 maximam
610 5258 1006 5313 auctoritatem
1034 5256 1325 5327 sapientiae
1352 5255 1566 5326 pariter
1589 5270 1654 5308 ac
1681 5251 1882 5307 sancti-

2017 3767 2079 3818 ut
2106 3778 2266 3817 suam
2292 3764 2785 3829 inaugurationem
2806 3761 3078 3827 acceleret,
3104 3760 3200 3813 tib.
3217 3771 3298 3824 ιιι,
3328 3755 3543 3826 epist.5,

2017 3854 2257 3921 ejusdem
2284 3850 2553 3907 Anselmi.

2018 3949 2436 4020 Recuperemus
2463 3948 2520 4003 in
2541 3952 2618 4017 te,
2646 3946 2796 4019 quod
2833 3946 2893 4001 in
2940 3951 3163 4000 mortuo
3192 3941 3547 4000 sanctissimo

1944 4037 2113 4093 Patre
2132 4038 2441 4093 Lanfranco
2470 4054 2572 4092 nos
2599 4054 2728 4092 cum
2756 4041 2875 4091 toto
2919 4034 3128 4089 mundo
3157 4032 3542 4105 perdidimus;

1947 4144 2115 4199 quem
2164 4131 2453 4182 mortuum
2500 4142 2723 4197 semper
2775 4122 3108 4190 dolebimus,
3183 4121 3549 4193 quoadusque

1946 4214 2109 4271 illum
2129 4216 2189 4270 in
2206 4221 2263 4271 te
2290 4214 2614 4270 viderimus.

1952 4314 2306 4370 GUILLELMUS
2331 4313 2856 4377 Malmesburiensis,
2882 4311 2978 4365 lib.
2995 4323 3077 4375 III,
3102 4309 3175 4363 De
3189 4312 3319 4376 gest.
3353 4322 3550 4375 regum

2107 4404 2304 4471 Anglo.
2337 4404 2401 4456 in
2432 4401 2726 4457 Guitietmo
2753 4403 2956 4468 primo,
2981 4400 3083 4453 sub
3112 4399 3377 4452 medium.

1998 4500 2542 4567 Monasteria,unum
2554 4497 2613 4553 in
2629 4496 3097 4569 Anglia,alterum
3109 4495 3169 4550 in
3178 4493 3556 4551 Nortmannia

1952 4589 2282 4646 construxit.
2296 4588 2550 4643 Primum
2579 4586 2833 4654 Cadomi,
2855 4585 2950 4642 ubi
2971 4592 3028 4640 et
3055 4585 3432 4640 Lanfrancum
3461 4583 3556 4640 ab-

1955 4681 2161 4747 batem,
2192 4683 2319 4751 post
2337 4678 2508 4733 etiam
2537 4676 2854 4732 Cantuariae
2883 4674 3365 4746 archiepiscopum
3393 4672 3555 4727 insti-

1954 4769 2085 4838 tuit,
2113 4769 2297 4824 virum
2328 4766 2575 4839 antiquis
2594 4765 2847 4833 scientia,
2870 4770 2928 4819 et
2939 4763 3208 4836 religione
3225 4778 3555 4835 comparan-

1958 4860 2112 4928 dum,
2145 4860 2214 4915 de
2234 4876 2345 4931 quo
2373 4858 2519 4914 serio
2549 4856 2659 4912 dici
2686 4859 2872 4928 potest
2912 4872 2924 4908 :
2965 4856 3180 4909 Tertius
3200 4871 3226 4907 e
3255 4857 3380 4909 οωιο
3422 4854 3557 4907 ceci-

1958 4954 2040 5007 dit
2070 4951 2198 5007 Cato
2226 4969 2241 5004 :
2276 4949 2417 5003 adeo
2444 4946 2685 5003 caelestis
2722 4960 2891 5017 sapor
2918 4948 3113 5017 pectus
3134 4943 3278 5015 ejus,
3311 4947 3369 4997 et
3397 4942 3559 5014 pala-

1958 5047 2082 5097 tum
2108 5039 2396 5104 infecerat,
2427 5042 2532 5092 etc.

1997 5148 2317 5204 Usnsmcus
2352 5145 2596 5211 VI‘I‘ALIS,
2636 5142 2892 5199 Historia:
2922 5141 3314 5206 ecclesiastica,
3347 5138 3451 5194 lib.
3486 5150 3556 5190 ιν.

2030 5248 2196 5301 Anno
2224 5243 2527 5300 Dominicis
2578 5240 2989 5297 Incarnationis
3019 5237 3178 5308 1070,
3217 5235 3564 5291 Lanfrancus

269 5348 410 5402 tatis
435 5346 812 5419 praerogativa
840 5321 1203 5418 comparavit,
1237 5321 1595 5399 securitatem
1616 5358 1728 5396 non
1750 5356 1883 5413 par-
1965 5334 2400 5392 Cadomensium
2429 5332 2646 5404 primus
2673 5329 2846 5385 abbas
2873 5323 3359 5419 divinitus-Anglis

274 5454 404 5492 ram
432 5435 803 5491 sollicitudini
830 5435 1182 5507 promittere.

308 5526 638 5593 EDINERUS,
667 5524 812 5579 libro
834 5539 855 5579 ι
892 5526 1016 5579 Vita:
1044 5524 1103 5581 S.
1135 5523 1404 5587 Anselmi,
1432 5524 1555 5590 post
1590 5521 1848 5575 initium.

347 5613 787 5670 Nortmanniam
817 5614 937 5668 adit
960 5608 1400 5683 (Anselmus),ibi
1419 5608 1721 5682 quemdam
1748 5608 1890 5664 Lan-

1964 5430 2121 5480 tutor
2150 5423 2318 5479 datus
2350 5430 2451 5488 est,
2487 5427 2545 5476 et
2571 5419 2971 5475 honestissima
3003 5413 3294 5479 electione,
3339 5427 3405 5466 ac
3432 5410 3569 5466 ﬁde-

1968 5514 2186 5570 lissima
2208 5510 2625 5568 consecratione
2654 5503 3076 5564 Cantuariensis
3105 5500 3361 5557 Ecclesia:
3386 5500 3567 5556 archi-

1969 5604 2178 5676 praesul
2213 5618 2267 5657 1v
2296 5602 2422 5658 Kal.
2472 5596 2820 5671 Septembris
2849 5590 3257 5651 inthronizatus
3305 5596 3410 5658 est,
3457 5596 3567 5646 etc.

272 5706 538 5762 [raucum
582 5704 772 5761 virum
822 5678 1079 5761 videlicet
1118 5678 1285 5760 valde
1306 5678 1559 5770 bonum,
1598 5695 1891 5773 praestanti
1972 5694 2285 5753 Praesentes
2315 5696 2373 5749 et
2408 5688 2667 5746 absentes
2709 5685 2885 5741 totius
2936 5679 3190 5740 Albionis
3234 5680 3433 5741 incolae
3470 5678 3572 5736 tri-
