  <div class='ocr_page' id='page_1' title='image "/cluster/home/n/w/nwhite01/storage/ocr_20150623/150/hvd.32044054760087/056.png"; bbox 0 0 4048 6176; ppageno 0'>
   <div class='ocr_carea' id='block_1_1' title="bbox 322 258 3382 332">
    <p class='ocr_par' dir='ltr' id='par_1_1' title="bbox 322 258 3382 332">
     <span class='ocr_line' id='line_1_1' title="bbox 322 258 3382 332; baseline -0.004 -3"><span class='ocrx_word' id='word_1_1' title='bbox 322 268 424 332; x_wconf 71' lang='grc'>101</span> <span class='ocrx_word' id='word_1_2' title='bbox 539 271 618 325; x_wconf 87' lang='grc' dir='ltr'><strong>ΙΝ</strong></span> <span class='ocrx_word' id='word_1_3' title='bbox 655 271 722 324; x_wconf 93' lang='lat' dir='ltr'>D.</span> <span class='ocrx_word' id='word_1_4' title='bbox 764 266 980 322; x_wconf 84' lang='lat' dir='ltr'>PAULI</span> <span class='ocrx_word' id='word_1_5' title='bbox 1018 261 1239 319; x_wconf 90' lang='lat' dir='ltr'>EPIST.</span> <span class='ocrx_word' id='word_1_6' title='bbox 1282 260 1809 324; x_wconf 69' lang='lat' dir='ltr'>COMMENTARII.</span> <span class='ocrx_word' id='word_1_7' title='bbox 1851 289 1919 306; x_wconf 89' lang='lat'>--</span> <span class='ocrx_word' id='word_1_8' title='bbox 1956 261 2034 318; x_wconf 85' lang='lat' dir='ltr'>IN</span> <span class='ocrx_word' id='word_1_9' title='bbox 2072 259 2318 328; x_wconf 65' lang='grc' dir='ltr'>ΟΜΝΕΕ</span> <span class='ocrx_word' id='word_1_10' title='bbox 2353 259 2579 325; x_wconf 73' lang='lat' dir='ltr'>EPIST.</span> <span class='ocrx_word' id='word_1_11' title='bbox 2618 260 2686 314; x_wconf 93' lang='lat' dir='ltr'>D.</span> <span class='ocrx_word' id='word_1_12' title='bbox 2729 258 2948 316; x_wconf 88' lang='lat' dir='ltr'>PAULI</span> <span class='ocrx_word' id='word_1_13' title='bbox 2985 259 3382 318; x_wconf 60' lang='lat' dir='ltr'>PRIEFATIO.</span> 
     </span>
    </p>
   </div>
   <div class='ocr_carea' id='block_1_2' title="bbox 3500 263 3604 321">
    <p class='ocr_par' dir='ltr' id='par_1_2' title="bbox 3500 263 3604 321">
     <span class='ocr_line' id='line_1_2' title="bbox 3500 263 3604 321; baseline 0 -1"><span class='ocrx_word' id='word_1_14' title='bbox 3500 263 3604 321; x_wconf 73' lang='lat'>102</span> 
     </span>
    </p>
   </div>
   <div class='ocr_carea' id='block_1_3' title="bbox 321 383 3598 466">
    <p class='ocr_par' dir='ltr' id='par_1_3' title="bbox 321 383 3598 466">
     <span class='ocr_line' id='line_1_3' title="bbox 321 383 3598 466; baseline -0.001 -20"><span class='ocrx_word' id='word_1_15' title='bbox 321 392 657 465; x_wconf 66' lang='lat' dir='ltr'>preparavit</span> <span class='ocrx_word' id='word_1_16' title='bbox 681 411 693 460; x_wconf 71' lang='grc' dir='ltr'>ς</span> <span class='ocrx_word' id='word_1_17' title='bbox 725 391 874 466; x_wconf 84' lang='lat' dir='ltr'>quod</span> <span class='ocrx_word' id='word_1_18' title='bbox 914 395 972 452; x_wconf 86' lang='lat' dir='ltr'>et</span> <span class='ocrx_word' id='word_1_19' title='bbox 993 386 1422 463; x_wconf 78' lang='lat' dir='ltr'>archiepiscOpis</span> <span class='ocrx_word' id='word_1_20' title='bbox 1451 390 1642 444; x_wconf 81' lang='lat' dir='ltr'>essent</span> <span class='ocrx_word' id='word_1_21' title='bbox 1672 385 1916 444; x_wconf 84' lang='lat' dir='ltr'>delecta-</span> <span class='ocrx_word' id='word_1_22' title='bbox 1933 389 1984 456; x_wconf 81' lang='grc' dir='ltr'>Α</span> <span class='ocrx_word' id='word_1_23' title='bbox 2001 385 2144 442; x_wconf 86' lang='lat' dir='ltr'>siam</span> <span class='ocrx_word' id='word_1_24' title='bbox 2173 389 2437 446; x_wconf 83' lang='lat' dir='ltr'>canentes</span> <span class='ocrx_word' id='word_1_25' title='bbox 2462 383 2632 445; x_wconf 81' lang='lat' dir='ltr'>verba</span> <span class='ocrx_word' id='word_1_26' title='bbox 2675 401 2820 452; x_wconf 88' lang='lat' dir='ltr'>mea,</span> <span class='ocrx_word' id='word_1_27' title='bbox 2851 385 3081 442; x_wconf 83' lang='lat' dir='ltr'>interim</span> <span class='ocrx_word' id='word_1_28' title='bbox 3125 387 3454 444; x_wconf 81' lang='lat' dir='ltr'>sonantibus</span> <span class='ocrx_word' id='word_1_29' title='bbox 3482 405 3598 444; x_wconf 46' lang='lat' dir='ltr'>om,</span> 
     </span>
    </p>
   </div>
   <div class='ocr_carea' id='block_1_4' title="bbox 320 475 1922 555">
    <p class='ocr_par' dir='ltr' id='par_1_4' title="bbox 320 475 1922 555">
     <span class='ocr_line' id='line_1_4' title="bbox 320 475 1922 555; baseline -0.007 -16"><span class='ocrx_word' id='word_1_30' title='bbox 320 483 461 540; x_wconf 88' lang='lat' dir='ltr'>tioni</span> <span class='ocrx_word' id='word_1_31' title='bbox 484 488 541 542; x_wconf 77' lang='lat' dir='ltr'>et</span> <span class='ocrx_word' id='word_1_32' title='bbox 569 481 790 546; x_wconf 86' lang='lat' dir='ltr'>honori,</span> <span class='ocrx_word' id='word_1_33' title='bbox 809 486 867 536; x_wconf 85' lang='lat' dir='ltr'>et</span> <span class='ocrx_word' id='word_1_34' title='bbox 881 478 1220 555; x_wconf 85' lang='lat' dir='ltr'>pauperibus</span> <span class='ocrx_word' id='word_1_35' title='bbox 1242 475 1685 547; x_wconf 89' lang='lat' dir='ltr'>hominibus,qui</span> <span class='ocrx_word' id='word_1_36' title='bbox 1707 475 1922 534; x_wconf 87' lang='lat' dir='ltr'>archie-</span> 
     </span>
    </p>
   </div>
   <div class='ocr_carea' id='block_1_5' title="bbox 319 562 1919 644">
    <p class='ocr_par' dir='ltr' id='par_1_5' title="bbox 319 562 1919 644">
     <span class='ocr_line' id='line_1_5' title="bbox 319 562 1919 644; baseline -0.006 -18"><span class='ocrx_word' id='word_1_37' title='bbox 319 571 563 644; x_wconf 86' lang='lat' dir='ltr'>piscopis</span> <span class='ocrx_word' id='word_1_38' title='bbox 594 571 790 626; x_wconf 88' lang='lat' dir='ltr'>domos</span> <span class='ocrx_word' id='word_1_39' title='bbox 828 568 1132 638; x_wconf 66' lang='lat' dir='ltr'>saepissime</span> <span class='ocrx_word' id='word_1_40' title='bbox 1162 565 1574 638; x_wconf 73' lang='lat' dir='ltr'>praepai‘abant,</span> <span class='ocrx_word' id='word_1_41' title='bbox 1601 570 1788 620; x_wconf 82' lang='lat' dir='ltr'>essent</span> <span class='ocrx_word' id='word_1_42' title='bbox 1810 562 1919 636; x_wconf 89' lang='lat' dir='ltr'>[in]</span> 
     </span>
    </p>
   </div>
   <div class='ocr_carea' id='block_1_6' title="bbox 319 653 1920 718">
    <p class='ocr_par' dir='ltr' id='par_1_6' title="bbox 319 653 1920 718">
     <span class='ocr_line' id='line_1_6' title="bbox 319 653 1920 718; baseline -0.01 -2"><span class='ocrx_word' id='word_1_43' title='bbox 319 661 464 716; x_wconf 81' lang='lat' dir='ltr'>tanti</span> <span class='ocrx_word' id='word_1_44' title='bbox 493 658 700 718; x_wconf 78' lang='lat' dir='ltr'>laboris</span> <span class='ocrx_word' id='word_1_45' title='bbox 745 656 1204 716; x_wconf 82' lang='lat' dir='ltr'>sublevationem.</span> <span class='ocrx_word' id='word_1_46' title='bbox 1238 653 1547 710; x_wconf 84' lang='lat' dir='ltr'>Ecclesiam</span> <span class='ocrx_word' id='word_1_47' title='bbox 1585 653 1756 710; x_wconf 87' lang='lat' dir='ltr'>etiam</span> <span class='ocrx_word' id='word_1_48' title='bbox 1787 653 1920 713; x_wconf 65' lang='lat' dir='ltr'>Rof.</span> 
     </span>
    </p>
   </div>
   <div class='ocr_carea' id='block_1_7' title="bbox 319 743 1920 817">
    <p class='ocr_par' dir='ltr' id='par_1_7' title="bbox 319 743 1920 817">
     <span class='ocr_line' id='line_1_7' title="bbox 319 743 1920 817; baseline -0.002 -15"><span class='ocrx_word' id='word_1_49' title='bbox 319 751 532 810; x_wconf 69' lang='lat' dir='ltr'>{ensem</span> <span class='ocrx_word' id='word_1_50' title='bbox 561 766 593 802; x_wconf 94' lang='lat' dir='ltr'>a</span> <span class='ocrx_word' id='word_1_51' title='bbox 635 747 1019 808; x_wconf 74' lang='lat' dir='ltr'>fundamentis</span> <span class='ocrx_word' id='word_1_52' title='bbox 1048 744 1295 817; x_wconf 77' lang='lat' dir='ltr'>inctepit,</span> <span class='ocrx_word' id='word_1_53' title='bbox 1349 744 1647 814; x_wconf 63' lang='lat' dir='ltr'>inceptam</span> <span class='ocrx_word' id='word_1_54' title='bbox 1688 743 1920 799; x_wconf 85' lang='lat' dir='ltr'>honeste</span> 
     </span>
    </p>
   </div>
   <div class='ocr_carea' id='block_1_8' title="bbox 318 832 1919 912">
    <p class='ocr_par' dir='ltr' id='par_1_8' title="bbox 318 832 1919 912">
     <span class='ocr_line' id='line_1_8' title="bbox 318 832 1919 912; baseline -0.01 -16"><span class='ocrx_word' id='word_1_55' title='bbox 318 838 569 910; x_wconf 60' lang='lat' dir='ltr'>perfugit,</span> <span class='ocrx_word' id='word_1_56' title='bbox 596 853 768 912; x_wconf 86' lang='lat' dir='ltr'>quam</span> <span class='ocrx_word' id='word_1_57' title='bbox 793 836 987 895; x_wconf 85' lang='lat' dir='ltr'>multis</span> <span class='ocrx_word' id='word_1_58' title='bbox 1019 840 1078 892; x_wconf 86' lang='lat' dir='ltr'>et</span> <span class='ocrx_word' id='word_1_59' title='bbox 1123 833 1372 890; x_wconf 78' lang='lat' dir='ltr'>honestis</span> <span class='ocrx_word' id='word_1_60' title='bbox 1420 832 1703 890; x_wconf 76' lang='lat' dir='ltr'>decoravit</span> <span class='ocrx_word' id='word_1_61' title='bbox 1751 848 1919 889; x_wconf 83' lang='lat' dir='ltr'>orna-..</span> 
     </span>
    </p>
   </div>
   <div class='ocr_carea' id='block_1_9' title="bbox 319 921 1917 1000">
    <p class='ocr_par' dir='ltr' id='par_1_9' title="bbox 319 921 1917 1000">
     <span class='ocr_line' id='line_1_9' title="bbox 319 921 1917 1000; baseline -0.006 -18"><span class='ocrx_word' id='word_1_62' title='bbox 319 926 544 985; x_wconf 86' lang='lat' dir='ltr'>mentis.</span> <span class='ocrx_word' id='word_1_63' title='bbox 577 927 817 1000; x_wconf 79' lang='lat' dir='ltr'>Insuper</span> <span class='ocrx_word' id='word_1_64' title='bbox 854 929 912 984; x_wconf 85' lang='lat' dir='ltr'>et</span> <span class='ocrx_word' id='word_1_65' title='bbox 953 923 1317 980; x_wconf 83' lang='lat' dir='ltr'>reverendam</span> <span class='ocrx_word' id='word_1_66' title='bbox 1345 921 1484 978; x_wconf 87' lang='lat' dir='ltr'>inibi</span> <span class='ocrx_word' id='word_1_67' title='bbox 1514 921 1917 980; x_wconf 76' lang='lat' dir='ltr'>monachorum</span> 
     </span>
    </p>
   </div>
   <div class='ocr_carea' id='block_1_10' title="bbox 318 1010 1920 1086">
    <p class='ocr_par' dir='ltr' id='par_1_10' title="bbox 318 1010 1920 1086">
     <span class='ocr_line' id='line_1_10' title="bbox 318 1010 1920 1086; baseline -0.003 -17"><span class='ocrx_word' id='word_1_68' title='bbox 318 1015 650 1086; x_wconf 77' lang='lat' dir='ltr'>religionem</span> <span class='ocrx_word' id='word_1_69' title='bbox 680 1013 947 1074; x_wconf 79' lang='lat' dir='ltr'>instituit.</span> <span class='ocrx_word' id='word_1_70' title='bbox 988 1013 1190 1072; x_wconf 87' lang='lat' dir='ltr'>Terras</span> <span class='ocrx_word' id='word_1_71' title='bbox 1219 1011 1289 1066; x_wconf 90' lang='lat' dir='ltr'>de</span> <span class='ocrx_word' id='word_1_72' title='bbox 1318 1010 1562 1065; x_wconf 76' lang='lat' dir='ltr'>Ecclesia</span> <span class='ocrx_word' id='word_1_73' title='bbox 1585 1010 1750 1080; x_wconf 82' lang='lat' dir='ltr'>longo</span> <span class='ocrx_word' id='word_1_74' title='bbox 1780 1015 1920 1064; x_wconf 86' lang='lat' dir='ltr'>tem-</span> 
     </span>
    </p>
   </div>
   <div class='ocr_carea' id='block_1_11' title="bbox 317 1098 1919 1176">
    <p class='ocr_par' dir='ltr' id='par_1_11' title="bbox 317 1098 1919 1176">
     <span class='ocr_line' id='line_1_11' title="bbox 317 1098 1919 1176; baseline -0.004 -15"><span class='ocrx_word' id='word_1_75' title='bbox 317 1121 453 1176; x_wconf 86' lang='lat' dir='ltr'>pore</span> <span class='ocrx_word' id='word_1_76' title='bbox 482 1103 702 1162; x_wconf 80' lang='lat' dir='ltr'>ablatas</span> <span class='ocrx_word' id='word_1_77' title='bbox 727 1102 1051 1172; x_wconf 73' lang='lat' dir='ltr'>acquisivit;</span> <span class='ocrx_word' id='word_1_78' title='bbox 1074 1117 1214 1172; x_wconf 87' lang='lat' dir='ltr'>quas</span> <span class='ocrx_word' id='word_1_79' title='bbox 1231 1099 1517 1159; x_wconf 85' lang='lat' dir='ltr'>monachis</span> <span class='ocrx_word' id='word_1_80' title='bbox 1533 1099 1604 1156; x_wconf 86' lang='lat' dir='ltr'>ad</span> <span class='ocrx_word' id='word_1_81' title='bbox 1620 1098 1824 1157; x_wconf 85' lang='lat' dir='ltr'>victum</span> <span class='ocrx_word' id='word_1_82' title='bbox 1863 1104 1919 1154; x_wconf 91' lang='lat' dir='ltr'>et</span> 
     </span>
    </p>
   </div>
   <div class='ocr_carea' id='block_1_12' title="bbox 314 1188 1919 1261">
    <p class='ocr_par' dir='ltr' id='par_1_12' title="bbox 314 1188 1919 1261">
     <span class='ocr_line' id='line_1_12' title="bbox 314 1188 1919 1261; baseline -0.005 -11"><span class='ocrx_word' id='word_1_83' title='bbox 314 1193 579 1255; x_wconf 75' lang='lat' dir='ltr'>vestitum</span> <span class='ocrx_word' id='word_1_84' title='bbox 609 1191 818 1252; x_wconf 78' lang='lat' dir='ltr'>habere</span> <span class='ocrx_word' id='word_1_85' title='bbox 839 1191 1112 1261; x_wconf 80' lang='lat' dir='ltr'>permisit.</span> <span class='ocrx_word' id='word_1_86' title='bbox 1145 1191 1261 1248; x_wconf 84' lang='lat' dir='ltr'>Nec</span> <span class='ocrx_word' id='word_1_87' title='bbox 1292 1206 1405 1244; x_wconf 88' lang='lat' dir='ltr'>non</span> <span class='ocrx_word' id='word_1_88' title='bbox 1429 1188 1717 1246; x_wconf 79' lang='lat' dir='ltr'>ecclesiam</span> <span class='ocrx_word' id='word_1_89' title='bbox 1738 1189 1793 1245; x_wconf 92' lang='lat' dir='ltr'>S.</span> <span class='ocrx_word' id='word_1_90' title='bbox 1827 1188 1919 1246; x_wconf 80' lang='lat' dir='ltr'>Al-</span> 
     </span>
    </p>
   </div>
   <div class='ocr_carea' id='block_1_13' title="bbox 311 1278 1917 1347">
    <p class='ocr_par' dir='ltr' id='par_1_13' title="bbox 311 1278 1917 1347">
     <span class='ocr_line' id='line_1_13' title="bbox 311 1278 1917 1347; baseline -0.003 -12"><span class='ocrx_word' id='word_1_91' title='bbox 311 1283 444 1338; x_wconf 82' lang='lat' dir='ltr'>bani</span> <span class='ocrx_word' id='word_1_92' title='bbox 470 1281 731 1342; x_wconf 79' lang='lat' dir='ltr'>fundavit</span> <span class='ocrx_word' id='word_1_93' title='bbox 785 1285 843 1334; x_wconf 87' lang='lat' dir='ltr'>et</span> <span class='ocrx_word' id='word_1_94' title='bbox 889 1280 1005 1334; x_wconf 81' lang='lat' dir='ltr'>fere</span> <span class='ocrx_word' id='word_1_95' title='bbox 1035 1278 1444 1334; x_wconf 79' lang='lat' dir='ltr'>consummavit</span> <span class='ocrx_word' id='word_1_96' title='bbox 1477 1295 1490 1344; x_wconf 86' lang='lat'><strong>;</strong></span> <span class='ocrx_word' id='word_1_97' title='bbox 1545 1293 1716 1347; x_wconf 85' lang='lat' dir='ltr'>quam</span> <span class='ocrx_word' id='word_1_98' title='bbox 1745 1278 1917 1338; x_wconf 81' lang='lat' dir='ltr'>etiam</span> 
     </span>
    </p>
   </div>
   <div class='ocr_carea' id='block_1_14' title="bbox 311 1366 1584 1441">
    <p class='ocr_par' dir='ltr' id='par_1_14' title="bbox 311 1366 1584 1441">
     <span class='ocr_line' id='line_1_14' title="bbox 311 1366 1584 1441; baseline -0.005 -15"><span class='ocrx_word' id='word_1_99' title='bbox 311 1371 506 1427; x_wconf 87' lang='lat' dir='ltr'>multis</span> <span class='ocrx_word' id='word_1_100' title='bbox 535 1377 592 1430; x_wconf 85' lang='lat' dir='ltr'>et</span> <span class='ocrx_word' id='word_1_101' title='bbox 619 1368 882 1441; x_wconf 82' lang='lat' dir='ltr'>pretiosis</span> <span class='ocrx_word' id='word_1_102' title='bbox 911 1367 1256 1425; x_wconf 84' lang='lat' dir='ltr'>ornamentis</span> <span class='ocrx_word' id='word_1_103' title='bbox 1279 1366 1584 1437; x_wconf 74' lang='lat' dir='ltr'>ampliavit.</span> 
     </span>
    </p>
   </div>
   <div class='ocr_carea' id='block_1_15' title="bbox 382 1455 1912 1530">
    <p class='ocr_par' dir='ltr' id='par_1_15' title="bbox 382 1455 1912 1530">
     <span class='ocr_line' id='line_1_15' title="bbox 382 1455 1912 1530; baseline -0.004 -14"><span class='ocrx_word' id='word_1_104' title='bbox 382 1462 618 1529; x_wconf 80' lang='lat' dir='ltr'>Semper</span> <span class='ocrx_word' id='word_1_105' title='bbox 647 1459 870 1530; x_wconf 78' lang='lat' dir='ltr'>legatur</span> <span class='ocrx_word' id='word_1_106' title='bbox 900 1456 1084 1512; x_wconf 84' lang='lat' dir='ltr'>obitus</span> <span class='ocrx_word' id='word_1_107' title='bbox 1117 1456 1413 1511; x_wconf 87' lang='lat' dir='ltr'>Lanfranci</span> <span class='ocrx_word' id='word_1_108' title='bbox 1454 1456 1511 1512; x_wconf 87' lang='lat' dir='ltr'>in</span> <span class='ocrx_word' id='word_1_109' title='bbox 1540 1455 1736 1512; x_wconf 88' lang='lat' dir='ltr'>ordine</span> <span class='ocrx_word' id='word_1_110' title='bbox 1789 1473 1912 1521; x_wconf 89' lang='lat' dir='ltr'>suo,</span> 
     </span>
    </p>
   </div>
   <div class='ocr_carea' id='block_1_16' title="bbox 308 1545 1913 1614">
    <p class='ocr_par' dir='ltr' id='par_1_16' title="bbox 308 1545 1913 1614">
     <span class='ocr_line' id='line_1_16' title="bbox 308 1545 1913 1614; baseline -0.004 -11"><span class='ocrx_word' id='word_1_111' title='bbox 308 1550 439 1605; x_wconf 81' lang='lat' dir='ltr'>licet</span> <span class='ocrx_word' id='word_1_112' title='bbox 464 1547 536 1607; x_wconf 75' lang='lat' dir='ltr'>in&#39;</span> <span class='ocrx_word' id='word_1_113' title='bbox 555 1546 910 1606; x_wconf 74' lang='lat' dir='ltr'>hebdomade</span> <span class='ocrx_word' id='word_1_114' title='bbox 932 1547 1289 1603; x_wconf 85' lang='lat' dir='ltr'>Pentecostes</span> <span class='ocrx_word' id='word_1_115' title='bbox 1317 1545 1632 1614; x_wconf 82' lang='lat' dir='ltr'>contigerit.</span> <span class='ocrx_word' id='word_1_116' title='bbox 1661 1545 1913 1602; x_wconf 86' lang='lat' dir='ltr'>Pronun-</span> 
     </span>
    </p>
   </div>
   <div class='ocr_carea' id='block_1_17' title="bbox 2001 474 3588 549">
    <p class='ocr_par' dir='ltr' id='par_1_17' title="bbox 2001 474 3588 549">
     <span class='ocr_line' id='line_1_17' title="bbox 2001 474 3588 549; baseline 0.001 -17"><span class='ocrx_word' id='word_1_117' title='bbox 2001 474 2166 532; x_wconf 84' lang='lat' dir='ltr'>nibus</span> <span class='ocrx_word' id='word_1_118' title='bbox 2191 475 2382 544; x_wconf 83' lang='lat' dir='ltr'>signis.</span> <span class='ocrx_word' id='word_1_119' title='bbox 2417 476 2551 529; x_wconf 87' lang='lat' dir='ltr'>Post</span> <span class='ocrx_word' id='word_1_120' title='bbox 2575 491 2790 530; x_wconf 64' lang='lat' dir='ltr'>orenam</span> <span class='ocrx_word' id='word_1_121' title='bbox 2830 476 3045 546; x_wconf 86' lang='lat' dir='ltr'>pulsato</span> <span class='ocrx_word' id='word_1_122' title='bbox 3075 476 3234 547; x_wconf 78' lang='lat' dir='ltr'>signo</span> <span class='ocrx_word' id='word_1_123' title='bbox 3254 478 3325 534; x_wconf 81' lang='lat' dir='ltr'>ad</span> <span class='ocrx_word' id='word_1_124' title='bbox 3353 478 3588 549; x_wconf 76' lang='lat' dir='ltr'>vigilias,</span> 
     </span>
    </p>
   </div>
   <div class='ocr_carea' id='block_1_18' title="bbox 2002 563 3592 637">
    <p class='ocr_par' dir='ltr' id='par_1_18' title="bbox 2002 563 3592 637">
     <span class='ocr_line' id='line_1_18' title="bbox 2002 563 3592 637; baseline 0.003 -20"><span class='ocrx_word' id='word_1_125' title='bbox 2002 581 2196 624; x_wconf 86' lang='lat' dir='ltr'>omnes</span> <span class='ocrx_word' id='word_1_126' title='bbox 2220 564 2382 620; x_wconf 87' lang='lat' dir='ltr'>solito</span> <span class='ocrx_word' id='word_1_127' title='bbox 2412 580 2568 618; x_wconf 83' lang='lat' dir='ltr'>more</span> <span class='ocrx_word' id='word_1_128' title='bbox 2597 563 2958 632; x_wconf 80' lang='lat' dir='ltr'>conveniant;</span> <span class='ocrx_word' id='word_1_129' title='bbox 2992 566 3142 636; x_wconf 89' lang='lat' dir='ltr'>ipsas</span> <span class='ocrx_word' id='word_1_130' title='bbox 3155 567 3369 637; x_wconf 80' lang='lat' dir='ltr'>vigilias</span> <span class='ocrx_word' id='word_1_131' title='bbox 3397 569 3592 622; x_wconf 83' lang='lat' dir='ltr'>festive</span> 
     </span>
    </p>
   </div>
   <div class='ocr_carea' id='block_1_19' title="bbox 2002 652 3597 725">
    <p class='ocr_par' dir='ltr' id='par_1_19' title="bbox 2002 652 3597 725">
     <span class='ocr_line' id='line_1_19' title="bbox 2002 652 3597 725; baseline 0.004 -19"><span class='ocrx_word' id='word_1_132' title='bbox 2002 659 2299 724; x_wconf 80' lang='lat' dir='ltr'>peragant;</span> <span class='ocrx_word' id='word_1_133' title='bbox 2335 654 2445 708; x_wconf 90' lang='lat' dir='ltr'>duo</span> <span class='ocrx_word' id='word_1_134' title='bbox 2457 652 2709 717; x_wconf 87' lang='lat' dir='ltr'>tertium,</span> <span class='ocrx_word' id='word_1_135' title='bbox 2731 658 2846 708; x_wconf 84' lang='lat' dir='ltr'>tres</span> <span class='ocrx_word' id='word_1_136' title='bbox 2865 659 3101 721; x_wconf 81' lang='lat' dir='ltr'>sextum,</span> <span class='ocrx_word' id='word_1_137' title='bbox 3127 661 3370 725; x_wconf 87' lang='lat' dir='ltr'>quatuor</span> <span class='ocrx_word' id='word_1_138' title='bbox 3384 673 3597 712; x_wconf 86' lang='lat' dir='ltr'>nonum</span> 
     </span>
    </p>
   </div>
   <div class='ocr_carea' id='block_1_20' title="bbox 2000 743 3598 815">
    <p class='ocr_par' dir='ltr' id='par_1_20' title="bbox 2000 743 3598 815">
     <span class='ocr_line' id='line_1_20' title="bbox 2000 743 3598 815; baseline 0.004 -21"><span class='ocrx_word' id='word_1_139' title='bbox 2000 744 2419 813; x_wconf 85' lang='lat' dir='ltr'>responsorium</span> <span class='ocrx_word' id='word_1_140' title='bbox 2447 747 2672 797; x_wconf 85' lang='lat' dir='ltr'>canant.</span> <span class='ocrx_word' id='word_1_141' title='bbox 2705 743 2772 796; x_wconf 91' lang='lat' dir='ltr'>In</span> <span class='ocrx_word' id='word_1_142' title='bbox 2795 743 3040 798; x_wconf 87' lang='lat' dir='ltr'>crastino</span> <span class='ocrx_word' id='word_1_143' title='bbox 3070 744 3306 815; x_wconf 84' lang='lat' dir='ltr'>quisque</span> <span class='ocrx_word' id='word_1_144' title='bbox 3335 747 3598 801; x_wconf 81' lang='lat' dir='ltr'>sacerdos</span> 
     </span>
    </p>
   </div>
   <div class='ocr_carea' id='block_1_21' title="bbox 2002 830 3594 905">
    <p class='ocr_par' dir='ltr' id='par_1_21' title="bbox 2002 830 3594 905">
     <span class='ocr_line' id='line_1_21' title="bbox 2002 830 3594 905; baseline 0.003 -19"><span class='ocrx_word' id='word_1_145' title='bbox 2002 831 2230 888; x_wconf 87' lang='lat' dir='ltr'>missam</span> <span class='ocrx_word' id='word_1_146' title='bbox 2249 848 2420 890; x_wconf 85' lang='lat' dir='ltr'>unam</span> <span class='ocrx_word' id='word_1_147' title='bbox 2435 847 2535 901; x_wconf 90' lang='lat' dir='ltr'>pro</span> <span class='ocrx_word' id='word_1_148' title='bbox 2558 847 2622 886; x_wconf 90' lang='lat' dir='ltr'>eo</span> <span class='ocrx_word' id='word_1_149' title='bbox 2643 830 2926 886; x_wconf 87' lang='lat' dir='ltr'>celebrare</span> <span class='ocrx_word' id='word_1_150' title='bbox 2943 832 3139 900; x_wconf 85' lang='lat' dir='ltr'>debet;</span> <span class='ocrx_word' id='word_1_151' title='bbox 3165 839 3222 887; x_wconf 89' lang='lat' dir='ltr'>et</span> <span class='ocrx_word' id='word_1_152' title='bbox 3238 835 3332 905; x_wconf 89' lang='lat' dir='ltr'>qui</span> <span class='ocrx_word' id='word_1_153' title='bbox 3363 835 3594 890; x_wconf 81' lang='lat' dir='ltr'>missam</span> 
     </span>
    </p>
   </div>
   <div class='ocr_carea' id='block_1_22' title="bbox 2001 919 3595 993">
    <p class='ocr_par' dir='ltr' id='par_1_22' title="bbox 2001 919 3595 993">
     <span class='ocr_line' id='line_1_22' title="bbox 2001 919 3595 993; baseline 0.003 -19"><span class='ocrx_word' id='word_1_154' title='bbox 2001 937 2113 974; x_wconf 90' lang='lat' dir='ltr'>non</span> <span class='ocrx_word' id='word_1_155' title='bbox 2141 924 2372 974; x_wconf 84' lang='lat' dir='ltr'>cantant</span> <span class='ocrx_word' id='word_1_156' title='bbox 2396 919 2806 989; x_wconf 85' lang='lat' dir='ltr'>quinquaginta</span> <span class='ocrx_word' id='word_1_157' title='bbox 2834 921 3078 990; x_wconf 81' lang='lat' dir='ltr'>psalmos</span> <span class='ocrx_word' id='word_1_158' title='bbox 3121 928 3309 976; x_wconf 87' lang='lat' dir='ltr'>cantet</span> <span class='ocrx_word' id='word_1_159' title='bbox 3367 925 3428 993; x_wconf 84' lang='grc' dir='ltr'>[ι.</span> <span class='ocrx_word' id='word_1_160' title='bbox 3459 942 3595 978; x_wconf 86' lang='lat' dir='ltr'>can-</span> 
     </span>
    </p>
   </div>
   <div class='ocr_carea' id='block_1_23' title="bbox 2001 1007 3594 1079">
    <p class='ocr_par' dir='ltr' id='par_1_23' title="bbox 2001 1007 3594 1079">
     <span class='ocr_line' id='line_1_23' title="bbox 2001 1007 3594 1079; baseline 0.004 -18"><span class='ocrx_word' id='word_1_161' title='bbox 2001 1007 2174 1079; x_wconf 86' lang='lat' dir='ltr'>tent.]</span> <span class='ocrx_word' id='word_1_162' title='bbox 2202 1008 2372 1065; x_wconf 82' lang='lat' dir='ltr'>Missa</span> <span class='ocrx_word' id='word_1_163' title='bbox 2383 1007 2441 1066; x_wconf 82' lang='lat' dir='ltr'>in</span> <span class='ocrx_word' id='word_1_164' title='bbox 2457 1013 2730 1065; x_wconf 84' lang='lat' dir='ltr'>conventu</span> <span class='ocrx_word' id='word_1_165' title='bbox 2749 1008 2809 1062; x_wconf 88' lang='lat' dir='ltr'>in</span> <span class='ocrx_word' id='word_1_166' title='bbox 2821 1007 2962 1063; x_wconf 78' lang='lat' dir='ltr'>albis</span> <span class='ocrx_word' id='word_1_167' title='bbox 2976 1009 3168 1064; x_wconf 79' lang='lat' dir='ltr'>festive</span> <span class='ocrx_word' id='word_1_168' title='bbox 3179 1011 3508 1079; x_wconf 82' lang='lat' dir='ltr'>celebretur;</span> <span class='ocrx_word' id='word_1_169' title='bbox 3523 1014 3594 1067; x_wconf 82' lang='lat' dir='ltr'>ad</span> 
     </span>
    </p>
   </div>
   <div class='ocr_carea' id='block_1_24' title="bbox 2001 1097 3594 1174">
    <p class='ocr_par' dir='ltr' id='par_1_24' title="bbox 2001 1097 3594 1174">
     <span class='ocr_line' id='line_1_24' title="bbox 2001 1097 3594 1174; baseline 0.004 -23"><span class='ocrx_word' id='word_1_170' title='bbox 2001 1113 2168 1167; x_wconf 90' lang='lat' dir='ltr'>quam</span> <span class='ocrx_word' id='word_1_171' title='bbox 2189 1103 2385 1154; x_wconf 85' lang='lat' dir='ltr'>cantor</span> <span class='ocrx_word' id='word_1_172' title='bbox 2413 1103 2470 1152; x_wconf 91' lang='lat' dir='ltr'>et</span> <span class='ocrx_word' id='word_1_173' title='bbox 2497 1113 2625 1150; x_wconf 90' lang='lat' dir='ltr'>cum</span> <span class='ocrx_word' id='word_1_174' title='bbox 2653 1113 2718 1150; x_wconf 86' lang='lat' dir='ltr'>eo</span> <span class='ocrx_word' id='word_1_175' title='bbox 2743 1097 2853 1152; x_wconf 90' lang='lat' dir='ltr'>duo</span> <span class='ocrx_word' id='word_1_176' title='bbox 2879 1098 2976 1151; x_wconf 89' lang='lat' dir='ltr'>alii</span> <span class='ocrx_word' id='word_1_177' title='bbox 3005 1099 3208 1172; x_wconf 77' lang='lat' dir='ltr'>fratres</span> <span class='ocrx_word' id='word_1_178' title='bbox 3238 1102 3370 1168; x_wconf 86' lang='lat' dir='ltr'>sint,</span> <span class='ocrx_word' id='word_1_179' title='bbox 3402 1103 3594 1174; x_wconf 83' lang='lat' dir='ltr'>cappis</span> 
     </span>
    </p>
   </div>
   <div class='ocr_carea' id='block_1_25' title="bbox 1996 1185 3587 1258">
    <p class='ocr_par' dir='ltr' id='par_1_25' title="bbox 1996 1185 3587 1258">
     <span class='ocr_line' id='line_1_25' title="bbox 1996 1185 3587 1258; baseline 0.004 -20"><span class='ocrx_word' id='word_1_180' title='bbox 1996 1186 2181 1247; x_wconf 87' lang='lat' dir='ltr'>induti</span> <span class='ocrx_word' id='word_1_181' title='bbox 2214 1205 2226 1239; x_wconf 93' lang='lat'><strong>:</strong></span> <span class='ocrx_word' id='word_1_182' title='bbox 2257 1193 2371 1242; x_wconf 84' lang='lat' dir='ltr'>tres</span> <span class='ocrx_word' id='word_1_183' title='bbox 2395 1187 2465 1242; x_wconf 88' lang='lat' dir='ltr'>ad</span> <span class='ocrx_word' id='word_1_184' title='bbox 2495 1185 2933 1256; x_wconf 85' lang='lat' dir='ltr'>responsorium,</span> <span class='ocrx_word' id='word_1_185' title='bbox 2967 1193 3209 1257; x_wconf 83' lang='lat' dir='ltr'>quatuor</span> <span class='ocrx_word' id='word_1_186' title='bbox 3223 1189 3293 1242; x_wconf 87' lang='lat' dir='ltr'>ad</span> <span class='ocrx_word' id='word_1_187' title='bbox 3321 1195 3587 1258; x_wconf 85' lang='lat' dir='ltr'>tractum,</span> 
     </span>
    </p>
   </div>
   <div class='ocr_carea' id='block_1_26' title="bbox 1999 1275 3591 1349">
    <p class='ocr_par' dir='ltr' id='par_1_26' title="bbox 1999 1275 3591 1349">
     <span class='ocr_line' id='line_1_26' title="bbox 1999 1275 3591 1349; baseline 0.003 -20"><span class='ocrx_word' id='word_1_188' title='bbox 1999 1275 2258 1334; x_wconf 86' lang='lat' dir='ltr'>similiter</span> <span class='ocrx_word' id='word_1_189' title='bbox 2285 1276 2344 1333; x_wconf 88' lang='lat' dir='ltr'>in</span> <span class='ocrx_word' id='word_1_190' title='bbox 2373 1275 2580 1347; x_wconf 85' lang='lat' dir='ltr'>cappis.</span> <span class='ocrx_word' id='word_1_191' title='bbox 2601 1275 2686 1330; x_wconf 82' lang='lat' dir='ltr'>Ad</span> <span class='ocrx_word' id='word_1_192' title='bbox 2716 1291 2990 1346; x_wconf 84' lang='lat' dir='ltr'>pauperes</span> <span class='ocrx_word' id='word_1_193' title='bbox 3019 1278 3325 1346; x_wconf 85' lang='lat' dir='ltr'>pascendos</span> <span class='ocrx_word' id='word_1_194' title='bbox 3348 1278 3467 1349; x_wconf 83' lang='lat' dir='ltr'>ipso</span> <span class='ocrx_word' id='word_1_195' title='bbox 3498 1280 3591 1334; x_wconf 82' lang='lat' dir='ltr'>die</span> 
     </span>
    </p>
   </div>
   <div class='ocr_carea' id='block_1_27' title="bbox 1998 1364 3595 1435">
    <p class='ocr_par' dir='ltr' id='par_1_27' title="bbox 1998 1364 3595 1435">
     <span class='ocr_line' id='line_1_27' title="bbox 1998 1364 3595 1435; baseline 0.004 -19"><span class='ocrx_word' id='word_1_196' title='bbox 1998 1365 2334 1422; x_wconf 84' lang='lat' dir='ltr'>thesaurarii</span> <span class='ocrx_word' id='word_1_197' title='bbox 2361 1365 2566 1419; x_wconf 87' lang='lat' dir='ltr'>debent</span> <span class='ocrx_word' id='word_1_198' title='bbox 2585 1364 2720 1418; x_wconf 85' lang='lat' dir='ltr'>dare</span> <span class='ocrx_word' id='word_1_199' title='bbox 2750 1365 3126 1435; x_wconf 79' lang='lat' dir='ltr'>quadraginta</span> <span class='ocrx_word' id='word_1_200' title='bbox 3150 1367 3377 1420; x_wconf 89' lang='lat' dir='ltr'>solidos.</span> <span class='ocrx_word' id='word_1_201' title='bbox 3413 1369 3595 1422; x_wconf 85' lang='lat' dir='ltr'>Servi-</span> 
     </span>
    </p>
   </div>
   <div class='ocr_carea' id='block_1_28' title="bbox 1997 1453 3591 1521">
    <p class='ocr_par' dir='ltr' id='par_1_28' title="bbox 1997 1453 3591 1521">
     <span class='ocr_line' id='line_1_28' title="bbox 1997 1453 3591 1521; baseline 0.003 -14"><span class='ocrx_word' id='word_1_202' title='bbox 1997 1455 2140 1510; x_wconf 84' lang='lat' dir='ltr'>tium</span> <span class='ocrx_word' id='word_1_203' title='bbox 2170 1453 2446 1512; x_wconf 84' lang='lat' dir='ltr'>refectorii</span> <span class='ocrx_word' id='word_1_204' title='bbox 2477 1453 2671 1508; x_wconf 79' lang='lat' dir='ltr'>festive</span> <span class='ocrx_word' id='word_1_205' title='bbox 2691 1454 2810 1507; x_wconf 84' lang='lat' dir='ltr'>ﬁeri</span> <span class='ocrx_word' id='word_1_206' title='bbox 2839 1453 3024 1521; x_wconf 86' lang='lat' dir='ltr'>debet,</span> <span class='ocrx_word' id='word_1_207' title='bbox 3046 1455 3264 1520; x_wconf 85' lang='lat' dir='ltr'>sicutin</span> <span class='ocrx_word' id='word_1_208' title='bbox 3290 1457 3591 1512; x_wconf 82' lang='lat' dir='ltr'>festivitate</span> 
     </span>
    </p>
   </div>
   <div class='ocr_carea' id='block_1_29' title="bbox 1996 1542 3593 1613">
    <p class='ocr_par' dir='ltr' id='par_1_29' title="bbox 1996 1542 3593 1613">
     <span class='ocr_line' id='line_1_29' title="bbox 1996 1542 3593 1613; baseline 0.003 -17"><span class='ocrx_word' id='word_1_209' title='bbox 1996 1544 2163 1602; x_wconf 87' lang='lat' dir='ltr'>unius</span> <span class='ocrx_word' id='word_1_210' title='bbox 2193 1543 2456 1613; x_wconf 81' lang='lat' dir='ltr'>apostoli.</span> <span class='ocrx_word' id='word_1_211' title='bbox 2482 1542 2725 1598; x_wconf 86' lang='lat' dir='ltr'>Ecclesia</span> <span class='ocrx_word' id='word_1_212' title='bbox 2759 1549 2958 1612; x_wconf 85' lang='lat' dir='ltr'>parata</span> <span class='ocrx_word' id='word_1_213' title='bbox 2982 1551 3327 1613; x_wconf 82' lang='lat' dir='ltr'>permaneat,</span> <span class='ocrx_word' id='word_1_214' title='bbox 3364 1547 3508 1601; x_wconf 82' lang='lat' dir='ltr'>sicut</span> <span class='ocrx_word' id='word_1_215' title='bbox 3535 1547 3593 1601; x_wconf 86' lang='lat' dir='ltr'>in</span> 
     </span>
    </p>
   </div>
   <div class='ocr_carea' id='block_1_30' title="bbox 310 1630 3583 1704">
    <p class='ocr_par' dir='ltr' id='par_1_30' title="bbox 310 1630 3583 1704">
     <span class='ocr_line' id='line_1_30' title="bbox 310 1630 3583 1704; baseline -0.003 -8"><span class='ocrx_word' id='word_1_216' title='bbox 310 1639 448 1696; x_wconf 76' lang='lat' dir='ltr'>tiam</span> <span class='ocrx_word' id='word_1_217' title='bbox 493 1635 895 1695; x_wconf 77' lang='lat' dir='ltr'>Auuiversario</span> <span class='ocrx_word' id='word_1_218' title='bbox 924 1634 1136 1691; x_wconf 86' lang='lat' dir='ltr'>domini</span> <span class='ocrx_word' id='word_1_219' title='bbox 1178 1633 1476 1691; x_wconf 82' lang='lat' dir='ltr'>Lanfranci</span> <span class='ocrx_word' id='word_1_220' title='bbox 1509 1633 1912 1704; x_wconf 85' lang='lat' dir='ltr'>archiepiscopi</span> <span class='ocrx_word' id='word_1_221' title='bbox 1993 1632 2292 1692; x_wconf 75' lang='lat' dir='ltr'>festivitate</span> <span class='ocrx_word' id='word_1_222' title='bbox 2322 1632 2378 1689; x_wconf 85' lang='lat' dir='ltr'>S.</span> <span class='ocrx_word' id='word_1_223' title='bbox 2410 1630 2728 1700; x_wconf 85' lang='lat' dir='ltr'>Augustini,</span> <span class='ocrx_word' id='word_1_224' title='bbox 2751 1632 2929 1688; x_wconf 89' lang='lat' dir='ltr'>donec</span> <span class='ocrx_word' id='word_1_225' title='bbox 2949 1639 3253 1704; x_wconf 80' lang='lat' dir='ltr'>peragatur</span> <span class='ocrx_word' id='word_1_226' title='bbox 3271 1636 3583 1691; x_wconf 81' lang='lat' dir='ltr'>servitium.</span> 
     </span>
    </p>
   </div>
   <div class='ocr_carea' id='block_1_31' title="bbox 311 1711 1911 1802">
    <p class='ocr_par' dir='ltr' id='par_1_31' title="bbox 311 1711 1911 1802">
     <span class='ocr_line' id='line_1_31' title="bbox 311 1711 1911 1802; baseline -0.004 -20"><span class='ocrx_word' id='word_1_227' title='bbox 395 1726 669 1802; x_wconf 85' lang='lat' dir='ltr'>capitulo,</span> <span class='ocrx_word' id='word_1_228' title='bbox 689 1741 886 1782; x_wconf 81' lang='lat' dir='ltr'>omnes</span> <span class='ocrx_word' id='word_1_229' title='bbox 915 1723 1085 1780; x_wconf 87' lang='lat' dir='ltr'>simul</span> <span class='ocrx_word' id='word_1_230' title='bbox 1104 1722 1305 1777; x_wconf 80' lang='lat' dir='ltr'>fratres</span> <span class='ocrx_word' id='word_1_231' title='bbox 1333 1723 1642 1793; x_wconf 79' lang='lat' dir='ltr'>precedent</span> <span class='ocrx_word' id='word_1_232' title='bbox 1659 1722 1716 1780; x_wconf 89' lang='lat' dir='ltr'>in</span> <span class='ocrx_word' id='word_1_233' title='bbox 1737 1723 1911 1776; x_wconf 89' lang='lat' dir='ltr'>eccle-</span> 
     </span>
    </p>
   </div>
   <div class='ocr_carea' id='block_1_32' title="bbox 315 1951 2732 1984">
    <p class='ocr_par' dir='ltr' id='par_1_32' title="bbox 315 1951 2732 1984">
     <span class='ocr_line' id='line_1_32' title="bbox 315 1951 2732 1984; baseline -0.004 0"><span class='ocrx_word' id='word_1_234' title='bbox 315 1951 2732 1984; x_wconf 47' lang='grc' dir='ltr'>Μ</span> 
     </span>
    </p>
   </div>
   <div class='ocr_carea' id='block_1_33' title="bbox 2736 1951 3580 1982">
    <p class='ocr_par' dir='ltr' id='par_1_33' title="bbox 2736 1951 3580 1982">
     <span class='ocr_line' id='line_1_33' title="bbox 2736 1951 3580 1982; baseline 0.007 -7"><span class='ocrx_word' id='word_1_235' title='bbox 2736 1951 3580 1982; x_wconf 49' lang='lat' dir='ltr'>m1</span> 
     </span>
    </p>
   </div>
   <div class='ocr_carea' id='block_1_34' title="bbox 1033 2139 2870 2252">
    <p class='ocr_par' dir='ltr' id='par_1_34' title="bbox 1033 2139 2870 2252">
     <span class='ocr_line' id='line_1_34' title="bbox 1033 2139 2870 2252; baseline 0 -4"><span class='ocrx_word' id='word_1_236' title='bbox 1033 2141 1631 2248; x_wconf 71' lang='lat' dir='ltr'>BEATI</span> <span class='ocrx_word' id='word_1_237' title='bbox 1704 2139 2870 2252; x_wconf 73' lang='lat' dir='ltr'>LANI&#39;BANGI</span> 
     </span>
    </p>
   </div>
   <div class='ocr_carea' id='block_1_35' title="bbox 660 2365 3235 2436">
    <p class='ocr_par' dir='ltr' id='par_1_35' title="bbox 660 2365 3235 2436">
     <span class='ocr_line' id='line_1_35' title="bbox 660 2365 3235 2436; baseline 0 -12"><span class='ocrx_word' id='word_1_238' title='bbox 660 2369 952 2425; x_wconf 81' lang='lat' dir='ltr'>PRIORIS</span> <span class='ocrx_word' id='word_1_239' title='bbox 990 2366 1401 2434; x_wconf 83' lang='lat' dir='ltr'>BECCENSIS,</span> <span class='ocrx_word' id='word_1_240' title='bbox 1445 2367 1620 2421; x_wconf 91' lang='lat' dir='ltr'>DEIN</span> <span class='ocrx_word' id='word_1_241' title='bbox 1658 2366 1865 2420; x_wconf 88' lang='lat' dir='ltr'>PRIMI</span> <span class='ocrx_word' id='word_1_242' title='bbox 1903 2365 2211 2420; x_wconf 79' lang='lat' dir='ltr'>ABBATIS</span> <span class='ocrx_word' id='word_1_243' title='bbox 2253 2366 2310 2419; x_wconf 89' lang='lat' dir='ltr'>S.</span> <span class='ocrx_word' id='word_1_244' title='bbox 2355 2366 2715 2421; x_wconf 83' lang='lat' dir='ltr'>STEPHANI</span> <span class='ocrx_word' id='word_1_245' title='bbox 2754 2365 3235 2436; x_wconf 84' lang='lat' dir='ltr'>CADOMENSIS,</span> 
     </span>
    </p>
   </div>
   <div class='ocr_carea' id='block_1_36' title="bbox 1778 2527 2123 2572">
    <p class='ocr_par' dir='ltr' id='par_1_36' title="bbox 1778 2527 2123 2572">
     <span class='ocr_line' id='line_1_36' title="bbox 1778 2527 2123 2572; baseline 0 -6"><span class='ocrx_word' id='word_1_246' title='bbox 1778 2528 1851 2572; x_wconf 65' lang='lat' dir='ltr'><strong>AG</strong></span> <span class='ocrx_word' id='word_1_247' title='bbox 1883 2527 2123 2570; x_wconf 72' lang='lat' dir='ltr'>TLNDEM</span> 
     </span>
    </p>
   </div>
   <div class='ocr_carea' id='block_1_37' title="bbox 1239 2658 2669 2730">
    <p class='ocr_par' dir='ltr' id='par_1_37' title="bbox 1239 2658 2669 2730">
     <span class='ocr_line' id='line_1_37' title="bbox 1239 2658 2669 2730; baseline 0.001 -8"><span class='ocrx_word' id='word_1_248' title='bbox 1239 2658 1910 2726; x_wconf 88' lang='lat' dir='ltr'>ARCHIEPISCOPI</span> <span class='ocrx_word' id='word_1_249' title='bbox 1965 2659 2669 2730; x_wconf 79' lang='lat' dir='ltr'>CANTUARIENSIS</span> 
     </span>
    </p>
   </div>
   <div class='ocr_carea' id='block_1_38' title="bbox 627 2823 3268 2945">
    <p class='ocr_par' dir='ltr' id='par_1_38' title="bbox 627 2823 3268 2945">
     <span class='ocr_line' id='line_1_38' title="bbox 627 2823 3268 2945; baseline -0 0"><span class='ocrx_word' id='word_1_250' title='bbox 627 2830 765 2945; x_wconf 88' lang='lat' dir='ltr'><strong>IN</strong></span> <span class='ocrx_word' id='word_1_251' title='bbox 834 2828 1220 2944; x_wconf 85' lang='lat' dir='ltr'>OMNES</span> <span class='ocrx_word' id='word_1_252' title='bbox 1285 2824 1668 2940; x_wconf 84' lang='lat' dir='ltr'><strong>PAULI</strong></span> <span class='ocrx_word' id='word_1_253' title='bbox 1731 2823 2361 2945; x_wconf 83' lang='lat' dir='ltr'>EPISTOLAS</span> <span class='ocrx_word' id='word_1_254' title='bbox 2426 2825 3268 2944; x_wconf 79' lang='lat' dir='ltr'>COMMENTARII</span> 
     </span>
    </p>
   </div>
   <div class='ocr_carea' id='block_1_39' title="bbox 959 3025 2964 3128">
    <p class='ocr_par' dir='ltr' id='par_1_39' title="bbox 959 3025 2964 3128">
     <span class='ocr_line' id='line_1_39' title="bbox 959 3025 2964 3128; baseline 0.002 -4"><span class='ocrx_word' id='word_1_255' title='bbox 959 3029 1244 3124; x_wconf 87' lang='lat' dir='ltr'>CUM</span> <span class='ocrx_word' id='word_1_256' title='bbox 1318 3026 2017 3128; x_wconf 85' lang='lat' dir='ltr'>GLOSSULA</span> <span class='ocrx_word' id='word_1_257' title='bbox 2093 3025 2964 3128; x_wconf 84' lang='lat' dir='ltr'>INTERJECTA.</span> 
     </span>
    </p>
   </div>
   <div class='ocr_carea' id='block_1_40' title="bbox 401 3211 3524 3295">
    <p class='ocr_par' dir='ltr' id='par_1_40' title="bbox 401 3211 3524 3295">
     <span class='ocr_line' id='line_1_40' title="bbox 401 3211 3524 3295; baseline 0.001 -18"><span class='ocrx_word' id='word_1_258' title='bbox 401 3216 713 3278; x_wconf 83' lang='lat' dir='ltr'>Prodeunt</span> <span class='ocrx_word' id='word_1_259' title='bbox 738 3235 893 3276; x_wconf 82' lang='lat' dir='ltr'>nunc</span> <span class='ocrx_word' id='word_1_260' title='bbox 917 3216 1180 3295; x_wconf 83' lang='lat' dir='ltr'>primum</span> <span class='ocrx_word' id='word_1_261' title='bbox 1213 3214 1275 3272; x_wconf 83' lang='lat' dir='ltr'>in</span> <span class='ocrx_word' id='word_1_262' title='bbox 1295 3211 1493 3295; x_wconf 51' lang='lat' dir='ltr'>facem</span> <span class='ocrx_word' id='word_1_263' title='bbox 1520 3211 1820 3295; x_wconf 76' lang='lat' dir='ltr'>ea:_codice</span> <span class='ocrx_word' id='word_1_264' title='bbox 1850 3232 2033 3295; x_wconf 68' lang='lat' dir='ltr'>manu</span> <span class='ocrx_word' id='word_1_265' title='bbox 2063 3221 2314 3295; x_wconf 61' lang='lat' dir='ltr'>antiqua</span> <span class='ocrx_word' id='word_1_266' title='bbox 2345 3222 2596 3295; x_wconf 67' lang='lat' dir='ltr'>exarata</span> <span class='ocrx_word' id='word_1_267' title='bbox 2637 3215 2992 3276; x_wconf 69' lang='lat' dir='ltr'>monasterii</span> <span class='ocrx_word' id='word_1_268' title='bbox 3017 3216 3239 3276; x_wconf 86' lang='lat' dir='ltr'>Sancti</span> <span class='ocrx_word' id='word_1_269' title='bbox 3264 3216 3524 3279; x_wconf 84' lang='lat' dir='ltr'>Melanii</span> 
     </span>
    </p>
   </div>
   <div class='ocr_carea' id='block_1_41' title="bbox 1277 3290 2630 3378">
    <p class='ocr_par' dir='ltr' id='par_1_41' title="bbox 1277 3290 2630 3378">
     <span class='ocr_line' id='line_1_41' title="bbox 1277 3290 2630 3378; baseline 0 -26"><span class='ocrx_word' id='word_1_270' title='bbox 1277 3290 1636 3352; x_wconf 80' lang='lat' dir='ltr'>Redonensis</span> <span class='ocrx_word' id='word_1_271' title='bbox 1664 3294 2135 3378; x_wconf 69' lang='lat' dir='ltr'>congregationis</span> <span class='ocrx_word' id='word_1_272' title='bbox 2165 3290 2384 3353; x_wconf 86' lang='lat' dir='ltr'>Sancti</span> <span class='ocrx_word' id='word_1_273' title='bbox 2405 3293 2630 3354; x_wconf 77' lang='lat' dir='ltr'>Mauri.</span> 
     </span>
    </p>
   </div>
   <div class='ocr_carea' id='block_1_42' title="bbox 891 3556 1924 3714">
    <p class='ocr_par' dir='ltr' id='par_1_42' title="bbox 891 3557 1924 3714">
     <span class='ocr_line' id='line_1_42' title="bbox 891 3557 1924 3714; baseline -0.001 -2"><span class='ocrx_word' id='word_1_274' title='bbox 891 3567 952 3636; x_wconf 74' lang='lat'><strong>“</strong></span> <span class='ocrx_word' id='word_1_275' title='bbox 1049 3573 1733 3714; x_wconf 76' lang='lat' dir='ltr'>INCIPIT</span> <span class='ocrx_word' id='word_1_276' title='bbox 1836 3557 1924 3638; x_wconf 57' lang='grc' dir='ltr'>(ὅθ</span> 
     </span>
    </p>
   </div>
   <div class='ocr_carea' id='block_1_43' title="bbox 2006 3556 3004 3714">
    <p class='ocr_par' dir='ltr' id='par_1_43' title="bbox 2049 3570 3004 3713">
     <span class='ocr_line' id='line_1_43' title="bbox 2049 3570 3004 3713; baseline -0.002 -3"><span class='ocrx_word' id='word_1_277' title='bbox 2049 3570 3004 3713; x_wconf 65' lang='grc' dir='ltr'>ΡΒᾹΞῈΑΤΙΟ</span> 
     </span>
    </p>
   </div>
   <div class='ocr_carea' id='block_1_44' title="bbox 1276 3802 2645 3868">
    <p class='ocr_par' dir='ltr' id='par_1_44' title="bbox 1276 3802 2645 3868">
     <span class='ocr_line' id='line_1_44' title="bbox 1276 3802 2645 3868; baseline -0.003 -9"><span class='ocrx_word' id='word_1_278' title='bbox 1276 3805 1353 3868; x_wconf 77' lang='lat' dir='ltr'>IN</span> <span class='ocrx_word' id='word_1_279' title='bbox 1393 3805 1548 3859; x_wconf 88' lang='lat' dir='ltr'>OMN</span> <span class='ocrx_word' id='word_1_280' title='bbox 1559 3805 1637 3859; x_wconf 91' lang='lat' dir='ltr'>ES</span> <span class='ocrx_word' id='word_1_281' title='bbox 1677 3803 2067 3859; x_wconf 86' lang='lat' dir='ltr'>EPISTOLAS</span> <span class='ocrx_word' id='word_1_282' title='bbox 2108 3803 2369 3858; x_wconf 77' lang='lat' dir='ltr'>SANC&#39;I‘I</span> <span class='ocrx_word' id='word_1_283' title='bbox 2408 3802 2645 3868; x_wconf 87' lang='lat' dir='ltr'>PAULI.</span> 
     </span>
    </p>
   </div>
   <div class='ocr_carea' id='block_1_45' title="bbox 399 4063 3603 4143">
    <p class='ocr_par' dir='ltr' id='par_1_45' title="bbox 399 4063 3603 4143">
     <span class='ocr_line' id='line_1_45' title="bbox 399 4063 3603 4143; baseline -0 -21"><span class='ocrx_word' id='word_1_284' title='bbox 399 4068 652 4131; x_wconf 86' lang='lat' dir='ltr'>Primum</span> <span class='ocrx_word' id='word_1_285' title='bbox 684 4066 990 4138; x_wconf 65' lang='lat' dir='ltr'>{quaeritur</span> <span class='ocrx_word' id='word_1_286' title='bbox 1045 4083 1217 4137; x_wconf 88' lang='lat' dir='ltr'>quare</span> <span class='ocrx_word' id='word_1_287' title='bbox 1271 4070 1400 4137; x_wconf 88' lang='lat' dir='ltr'>post</span> <span class='ocrx_word' id='word_1_288' title='bbox 1445 4063 1764 4134; x_wconf 82' lang='lat' dir='ltr'>Evangelia,</span> <span class='ocrx_word' id='word_1_289' title='bbox 1806 4065 1989 4134; x_wconf 77' lang='lat' dir='ltr'>quaeB</span> <span class='ocrx_word' id='word_1_290' title='bbox 2009 4068 2306 4134; x_wconf 87' lang='lat' dir='ltr'>stamento,</span> <span class='ocrx_word' id='word_1_291' title='bbox 2333 4067 2390 4118; x_wconf 92' lang='lat' dir='ltr'>et</span> <span class='ocrx_word' id='word_1_292' title='bbox 2418 4081 2476 4118; x_wconf 91' lang='lat' dir='ltr'>se</span> <span class='ocrx_word' id='word_1_293' title='bbox 2506 4067 2701 4118; x_wconf 85' lang='lat' dir='ltr'>contra</span> <span class='ocrx_word' id='word_1_294' title='bbox 2732 4065 2912 4136; x_wconf 82' lang='lat' dir='ltr'>legem</span> <span class='ocrx_word' id='word_1_295' title='bbox 2942 4080 3054 4122; x_wconf 87' lang='lat' dir='ltr'>non</span> <span class='ocrx_word' id='word_1_296' title='bbox 3082 4066 3262 4131; x_wconf 78' lang='lat' dir='ltr'>facere</span> <span class='ocrx_word' id='word_1_297' title='bbox 3291 4067 3488 4143; x_wconf 75' lang='lat' dir='ltr'>Moysi,</span> <span class='ocrx_word' id='word_1_298' title='bbox 3531 4069 3603 4126; x_wconf 84' lang='lat' dir='ltr'>ad</span> 
     </span>
    </p>
   </div>
   <div class='ocr_carea' id='block_1_46' title="bbox 327 4154 1925 4228">
    <p class='ocr_par' dir='ltr' id='par_1_46' title="bbox 327 4154 1925 4228">
     <span class='ocr_line' id='line_1_46' title="bbox 327 4154 1925 4228; baseline -0.003 -18"><span class='ocrx_word' id='word_1_299' title='bbox 327 4158 781 4228; x_wconf 86' lang='lat' dir='ltr'>supplementum</span> <span class='ocrx_word' id='word_1_300' title='bbox 803 4157 940 4226; x_wconf 82' lang='lat' dir='ltr'>legis</span> <span class='ocrx_word' id='word_1_301' title='bbox 964 4162 1114 4221; x_wconf 87' lang='lat' dir='ltr'>sunt,</span> <span class='ocrx_word' id='word_1_302' title='bbox 1154 4161 1210 4210; x_wconf 91' lang='lat' dir='ltr'>et</span> <span class='ocrx_word' id='word_1_303' title='bbox 1239 4156 1296 4209; x_wconf 91' lang='lat' dir='ltr'>in</span> <span class='ocrx_word' id='word_1_304' title='bbox 1325 4154 1526 4225; x_wconf 88' lang='lat' dir='ltr'>quibus</span> <span class='ocrx_word' id='word_1_305' title='bbox 1557 4154 1718 4207; x_wconf 86' lang='lat' dir='ltr'>nobis</span> <span class='ocrx_word' id='word_1_306' title='bbox 1738 4169 1925 4216; x_wconf 88' lang='lat' dir='ltr'>exem-</span> 
     </span>
    </p>
   </div>
   <div class='ocr_carea' id='block_1_47' title="bbox 329 4243 1921 4316">
    <p class='ocr_par' dir='ltr' id='par_1_47' title="bbox 329 4243 1921 4316">
     <span class='ocr_line' id='line_1_47' title="bbox 329 4243 1921 4316; baseline -0.002 -18"><span class='ocrx_word' id='word_1_307' title='bbox 329 4247 426 4316; x_wconf 86' lang='lat' dir='ltr'>pla</span> <span class='ocrx_word' id='word_1_308' title='bbox 480 4253 534 4299; x_wconf 89' lang='lat' dir='ltr'>et</span> <span class='ocrx_word' id='word_1_309' title='bbox 587 4251 869 4316; x_wconf 79' lang='lat' dir='ltr'>praecepta</span> <span class='ocrx_word' id='word_1_310' title='bbox 904 4245 1124 4298; x_wconf 82' lang='lat' dir='ltr'>vivendi</span> <span class='ocrx_word' id='word_1_311' title='bbox 1155 4245 1478 4315; x_wconf 88' lang='lat' dir='ltr'>plenissime</span> <span class='ocrx_word' id='word_1_312' title='bbox 1505 4243 1724 4312; x_wconf 79' lang='lat' dir='ltr'>digesta</span> <span class='ocrx_word' id='word_1_313' title='bbox 1771 4247 1921 4307; x_wconf 90' lang='lat' dir='ltr'>sunt,</span> 
     </span>
    </p>
   </div>
   <div class='ocr_carea' id='block_1_48' title="bbox 331 4331 1928 4406">
    <p class='ocr_par' dir='ltr' id='par_1_48' title="bbox 331 4331 1928 4406">
     <span class='ocr_line' id='line_1_48' title="bbox 331 4331 1928 4406; baseline -0.002 -20"><span class='ocrx_word' id='word_1_314' title='bbox 331 4335 570 4388; x_wconf 82' lang='lat' dir='ltr'>voluerit</span> <span class='ocrx_word' id='word_1_315' title='bbox 593 4335 896 4406; x_wconf 79' lang='lat' dir='ltr'>Apostolus</span> <span class='ocrx_word' id='word_1_316' title='bbox 917 4334 1019 4387; x_wconf 90' lang='lat' dir='ltr'>has</span> <span class='ocrx_word' id='word_1_317' title='bbox 1045 4334 1321 4404; x_wconf 84' lang='lat' dir='ltr'>Epistolas</span> <span class='ocrx_word' id='word_1_318' title='bbox 1355 4333 1425 4386; x_wconf 89' lang='lat' dir='ltr'>ad</span> <span class='ocrx_word' id='word_1_319' title='bbox 1457 4333 1708 4402; x_wconf 80' lang='lat' dir='ltr'>singulas</span> <span class='ocrx_word' id='word_1_320' title='bbox 1737 4331 1928 4386; x_wconf 87' lang='lat' dir='ltr'>Eccle-</span> 
     </span>
    </p>
   </div>
   <div class='ocr_carea' id='block_1_49' title="bbox 333 4421 1932 4488">
    <p class='ocr_par' dir='ltr' id='par_1_49' title="bbox 333 4421 1932 4488">
     <span class='ocr_line' id='line_1_49' title="bbox 333 4421 1932 4488; baseline -0.003 -12"><span class='ocrx_word' id='word_1_321' title='bbox 333 4425 447 4476; x_wconf 86' lang='lat' dir='ltr'>sias</span> <span class='ocrx_word' id='word_1_322' title='bbox 477 4423 800 4477; x_wconf 86' lang='lat' dir='ltr'>destinare?</span> <span class='ocrx_word' id='word_1_323' title='bbox 822 4424 936 4476; x_wconf 84' lang='lat' dir='ltr'>Hac</span> <span class='ocrx_word' id='word_1_324' title='bbox 963 4429 1153 4476; x_wconf 89' lang='lat' dir='ltr'>autem</span> <span class='ocrx_word' id='word_1_325' title='bbox 1183 4438 1353 4476; x_wconf 89' lang='lat' dir='ltr'>causa</span> <span class='ocrx_word' id='word_1_326' title='bbox 1373 4421 1580 4485; x_wconf 84' lang='lat' dir='ltr'>factum</span> <span class='ocrx_word' id='word_1_327' title='bbox 1595 4421 1834 4488; x_wconf 82' lang='lat' dir='ltr'>videtur,</span> <span class='ocrx_word' id='word_1_328' title='bbox 1867 4424 1932 4472; x_wconf 90' lang='lat' dir='ltr'>ut</span> 
     </span>
    </p>
   </div>
   <div class='ocr_carea' id='block_1_50' title="bbox 331 4509 1927 4568">
    <p class='ocr_par' dir='ltr' id='par_1_50' title="bbox 331 4509 1927 4568">
     <span class='ocr_line' id='line_1_50' title="bbox 331 4509 1927 4568; baseline -0.003 -2"><span class='ocrx_word' id='word_1_329' title='bbox 331 4512 732 4566; x_wconf 84' lang='lat' dir='ltr'>scilicetinitia</span> <span class='ocrx_word' id='word_1_330' title='bbox 757 4512 1038 4565; x_wconf 86' lang='lat' dir='ltr'>nascentis</span> <span class='ocrx_word' id='word_1_331' title='bbox 1078 4512 1337 4566; x_wconf 73' lang='lat' dir='ltr'>Ecclesiae</span> <span class='ocrx_word' id='word_1_332' title='bbox 1392 4511 1549 4564; x_wconf 82' lang='lat' dir='ltr'>novis</span> <span class='ocrx_word' id='word_1_333' title='bbox 1597 4509 1781 4563; x_wconf 89' lang='lat' dir='ltr'>causis</span> <span class='ocrx_word' id='word_1_334' title='bbox 1812 4509 1927 4568; x_wconf 88' lang='lat' dir='ltr'>exi-</span> 
     </span>
    </p>
   </div>
   <div class='ocr_carea' id='block_1_51' title="bbox 329 4598 1933 4674">
    <p class='ocr_par' dir='ltr' id='par_1_51' title="bbox 329 4598 1933 4674">
     <span class='ocr_line' id='line_1_51' title="bbox 329 4598 1933 4674; baseline -0.004 -18"><span class='ocrx_word' id='word_1_335' title='bbox 329 4602 610 4656; x_wconf 84' lang='lat' dir='ltr'>stentibus</span> <span class='ocrx_word' id='word_1_336' title='bbox 639 4601 990 4672; x_wconf 79' lang='lat' dir='ltr'>praeveniret,</span> <span class='ocrx_word' id='word_1_337' title='bbox 1024 4606 1079 4653; x_wconf 90' lang='lat' dir='ltr'>et</span> <span class='ocrx_word' id='word_1_338' title='bbox 1101 4607 1163 4654; x_wconf 93' lang='lat' dir='ltr'>ut</span> <span class='ocrx_word' id='word_1_339' title='bbox 1187 4599 1484 4671; x_wconf 66' lang='lat' dir='ltr'>priesentia</span> <span class='ocrx_word' id='word_1_340' title='bbox 1503 4605 1671 4674; x_wconf 86' lang='lat' dir='ltr'>atque</span> <span class='ocrx_word' id='word_1_341' title='bbox 1691 4598 1933 4652; x_wconf 85' lang='lat' dir='ltr'>orientia</span> 
     </span>
    </p>
   </div>
   <div class='ocr_carea' id='block_1_52' title="bbox 330 4685 1933 4760">
    <p class='ocr_par' dir='ltr' id='par_1_52' title="bbox 330 4685 1933 4760">
     <span class='ocr_line' id='line_1_52' title="bbox 330 4685 1933 4760; baseline -0.004 -16"><span class='ocrx_word' id='word_1_342' title='bbox 330 4697 617 4744; x_wconf 85' lang='lat' dir='ltr'>resecaret</span> <span class='ocrx_word' id='word_1_343' title='bbox 633 4691 774 4743; x_wconf 84' lang='lat' dir='ltr'>vitia</span> <span class='ocrx_word' id='word_1_344' title='bbox 801 4708 813 4741; x_wconf 86' lang='lat'>:</span> <span class='ocrx_word' id='word_1_345' title='bbox 843 4696 898 4743; x_wconf 88' lang='lat' dir='ltr'>et</span> <span class='ocrx_word' id='word_1_346' title='bbox 927 4695 1053 4760; x_wconf 90' lang='lat' dir='ltr'>post</span> <span class='ocrx_word' id='word_1_347' title='bbox 1079 4690 1298 4743; x_wconf 86' lang='lat' dir='ltr'>futuras</span> <span class='ocrx_word' id='word_1_348' title='bbox 1329 4689 1647 4742; x_wconf 88' lang='lat' dir='ltr'>excluderet</span> <span class='ocrx_word' id='word_1_349' title='bbox 1678 4685 1933 4758; x_wconf 70' lang='lat' dir='ltr'>quaestio-</span> 
     </span>
    </p>
   </div>
   <div class='ocr_carea' id='block_1_53' title="bbox 331 4775 1933 4856">
    <p class='ocr_par' dir='ltr' id='par_1_53' title="bbox 331 4775 1933 4856">
     <span class='ocr_line' id='line_1_53' title="bbox 331 4775 1933 4856; baseline -0.004 -23"><span class='ocrx_word' id='word_1_350' title='bbox 331 4780 714 4856; x_wconf 83' lang='lat' dir='ltr'>nes,exemplo</span> <span class='ocrx_word' id='word_1_351' title='bbox 733 4779 1150 4849; x_wconf 86' lang='lat' dir='ltr'>prOphetarum,</span> <span class='ocrx_word' id='word_1_352' title='bbox 1183 4777 1297 4848; x_wconf 87' lang='lat' dir='ltr'>qui,</span> <span class='ocrx_word' id='word_1_353' title='bbox 1334 4783 1458 4848; x_wconf 89' lang='lat' dir='ltr'>post</span> <span class='ocrx_word' id='word_1_354' title='bbox 1502 4777 1711 4829; x_wconf 88' lang='lat' dir='ltr'>editam</span> <span class='ocrx_word' id='word_1_355' title='bbox 1749 4775 1933 4844; x_wconf 85' lang='lat' dir='ltr'>legem</span> 
     </span>
    </p>
   </div>
   <div class='ocr_carea' id='block_1_54' title="bbox 329 4863 1932 4940">
    <p class='ocr_par' dir='ltr' id='par_1_54' title="bbox 329 4863 1932 4940">
     <span class='ocr_line' id='line_1_54' title="bbox 329 4863 1932 4940; baseline -0.004 -18"><span class='ocrx_word' id='word_1_356' title='bbox 329 4869 534 4939; x_wconf 68' lang='lat' dir='ltr'>Moysi,</span> <span class='ocrx_word' id='word_1_357' title='bbox 571 4869 629 4921; x_wconf 84' lang='lat' dir='ltr'>in</span> <span class='ocrx_word' id='word_1_358' title='bbox 656 4885 768 4940; x_wconf 87' lang='lat' dir='ltr'>qua</span> <span class='ocrx_word' id='word_1_359' title='bbox 795 4867 982 4921; x_wconf 86' lang='lat' dir='ltr'>omnia</span> <span class='ocrx_word' id='word_1_360' title='bbox 1010 4867 1112 4921; x_wconf 90' lang='lat' dir='ltr'>Dei</span> <span class='ocrx_word' id='word_1_361' title='bbox 1145 4867 1410 4920; x_wconf 87' lang='lat' dir='ltr'>mandata</span> <span class='ocrx_word' id='word_1_362' title='bbox 1451 4865 1800 4935; x_wconf 81' lang='lat' dir='ltr'>legebantur,</span> <span class='ocrx_word' id='word_1_363' title='bbox 1843 4863 1932 4916; x_wconf 90' lang='lat' dir='ltr'>ni-</span> 
     </span>
    </p>
   </div>
   <div class='ocr_carea' id='block_1_55' title="bbox 329 4955 1930 5032">
    <p class='ocr_par' dir='ltr' id='par_1_55' title="bbox 329 4955 1930 5032">
     <span class='ocr_line' id='line_1_55' title="bbox 329 4955 1930 5032; baseline -0.004 -21"><span class='ocrx_word' id='word_1_364' title='bbox 329 4958 642 5011; x_wconf 85' lang='lat' dir='ltr'>hilominus</span> <span class='ocrx_word' id='word_1_365' title='bbox 669 4965 862 5010; x_wconf 81' lang='lat' dir='ltr'>tamen</span> <span class='ocrx_word' id='word_1_366' title='bbox 881 4957 1136 5010; x_wconf 87' lang='lat' dir='ltr'>doctrina</span> <span class='ocrx_word' id='word_1_367' title='bbox 1174 4973 1276 5010; x_wconf 88' lang='lat' dir='ltr'>sua</span> <span class='ocrx_word' id='word_1_368' title='bbox 1305 4955 1548 5018; x_wconf 83' lang='lat' dir='ltr'>rediviva</span> <span class='ocrx_word' id='word_1_369' title='bbox 1586 4969 1806 5032; x_wconf 83' lang='lat' dir='ltr'>semper</span> <span class='ocrx_word' id='word_1_370' title='bbox 1830 4970 1930 5030; x_wconf 88' lang='lat' dir='ltr'>po-</span> 
     </span>
    </p>
   </div>
   <div class='ocr_carea' id='block_1_56' title="bbox 329 5041 1934 5116">
    <p class='ocr_par' dir='ltr' id='par_1_56' title="bbox 329 5041 1934 5116">
     <span class='ocr_line' id='line_1_56' title="bbox 329 5041 1934 5116; baseline -0.004 -16"><span class='ocrx_word' id='word_1_371' title='bbox 329 5047 457 5116; x_wconf 84' lang='lat' dir='ltr'>puli</span> <span class='ocrx_word' id='word_1_372' title='bbox 486 5063 866 5116; x_wconf 86' lang='lat' dir='ltr'>compressere</span> <span class='ocrx_word' id='word_1_373' title='bbox 893 5051 1138 5116; x_wconf 86' lang='lat' dir='ltr'>peccata,</span> <span class='ocrx_word' id='word_1_374' title='bbox 1173 5051 1229 5099; x_wconf 89' lang='lat' dir='ltr'>et</span> <span class='ocrx_word' id='word_1_375' title='bbox 1257 5051 1486 5116; x_wconf 89' lang='lat' dir='ltr'>propter</span> <span class='ocrx_word' id='word_1_376' title='bbox 1517 5043 1831 5112; x_wconf 80' lang='lat' dir='ltr'>exemplum</span> <span class='ocrx_word' id='word_1_377' title='bbox 1858 5041 1934 5094; x_wconf 90' lang='lat' dir='ltr'>vi-</span> 
     </span>
    </p>
   </div>
   <div class='ocr_carea' id='block_1_57' title="bbox 328 5131 1935 5192">
    <p class='ocr_par' dir='ltr' id='par_1_57' title="bbox 328 5131 1935 5192">
     <span class='ocr_line' id='line_1_57' title="bbox 328 5131 1935 5192; baseline -0.001 -6"><span class='ocrx_word' id='word_1_378' title='bbox 328 5135 502 5190; x_wconf 82' lang='lat' dir='ltr'>vendi</span> <span class='ocrx_word' id='word_1_379' title='bbox 531 5135 702 5189; x_wconf 88' lang='lat' dir='ltr'>libros</span> <span class='ocrx_word' id='word_1_380' title='bbox 731 5135 802 5188; x_wconf 89' lang='lat' dir='ltr'>ad</span> <span class='ocrx_word' id='word_1_381' title='bbox 832 5141 1084 5188; x_wconf 88' lang='lat' dir='ltr'>nostram</span> <span class='ocrx_word' id='word_1_382' title='bbox 1115 5135 1284 5188; x_wconf 87' lang='lat' dir='ltr'>etiam</span> <span class='ocrx_word' id='word_1_383' title='bbox 1313 5134 1643 5192; x_wconf 86' lang='lat' dir='ltr'>memoriam</span> <span class='ocrx_word' id='word_1_384' title='bbox 1675 5131 1935 5190; x_wconf 85' lang='lat' dir='ltr'>transmi-</span> 
     </span>
    </p>
   </div>
   <div class='ocr_carea' id='block_1_58' title="bbox 331 5223 1934 5294">
    <p class='ocr_par' dir='ltr' id='par_1_58' title="bbox 331 5223 1934 5294">
     <span class='ocr_line' id='line_1_58' title="bbox 331 5223 1934 5294; baseline 0.001 -16"><span class='ocrx_word' id='word_1_385' title='bbox 331 5229 555 5278; x_wconf 86' lang='lat' dir='ltr'>serunt.</span> <span class='ocrx_word' id='word_1_386' title='bbox 604 5223 819 5277; x_wconf 82' lang='lat' dir='ltr'>Deinde</span> <span class='ocrx_word' id='word_1_387' title='bbox 866 5224 1136 5293; x_wconf 67' lang='lat' dir='ltr'>qumritur</span> <span class='ocrx_word' id='word_1_388' title='bbox 1180 5240 1280 5277; x_wconf 89' lang='lat' dir='ltr'>cur</span> <span class='ocrx_word' id='word_1_389' title='bbox 1319 5240 1433 5277; x_wconf 89' lang='lat' dir='ltr'>non</span> <span class='ocrx_word' id='word_1_390' title='bbox 1477 5223 1719 5294; x_wconf 85' lang='lat' dir='ltr'>amplius</span> <span class='ocrx_word' id='word_1_391' title='bbox 1766 5237 1934 5292; x_wconf 85' lang='lat' dir='ltr'>quam</span> 
     </span>
    </p>
   </div>
   <div class='ocr_carea' id='block_1_59' title="bbox 2007 4153 3605 4226">
    <p class='ocr_par' dir='ltr' id='par_1_59' title="bbox 2007 4153 3605 4226">
     <span class='ocr_line' id='line_1_59' title="bbox 2007 4153 3605 4226; baseline 0.004 -20"><span class='ocrx_word' id='word_1_392' title='bbox 2007 4169 2306 4212; x_wconf 85' lang='lat' dir='ltr'>numerum</span> <span class='ocrx_word' id='word_1_393' title='bbox 2351 4153 2664 4226; x_wconf 84' lang='lat' dir='ltr'>primorum</span> <span class='ocrx_word' id='word_1_394' title='bbox 2709 4153 2970 4225; x_wconf 80' lang='lat' dir='ltr'>Decalogi</span> <span class='ocrx_word' id='word_1_395' title='bbox 3027 4156 3426 4221; x_wconf 83' lang='lat' dir='ltr'>mandatorum</span> <span class='ocrx_word' id='word_1_396' title='bbox 3472 4175 3605 4216; x_wconf 85' lang='lat' dir='ltr'>suas</span> 
     </span>
    </p>
   </div>
   <div class='ocr_carea' id='block_1_60' title="bbox 2008 4241 3605 4322">
    <p class='ocr_par' dir='ltr' id='par_1_60' title="bbox 2008 4241 3605 4322">
     <span class='ocr_line' id='line_1_60' title="bbox 2008 4241 3605 4322; baseline 0.003 -26"><span class='ocrx_word' id='word_1_397' title='bbox 2008 4243 2286 4320; x_wconf 84' lang='lat' dir='ltr'>Epistolas</span> <span class='ocrx_word' id='word_1_398' title='bbox 2339 4243 2636 4300; x_wconf 85' lang='lat' dir='ltr'>destinavit</span> <span class='ocrx_word' id='word_1_399' title='bbox 2694 4241 3044 4316; x_wconf 85' lang='lat' dir='ltr'>[ordinavit],</span> <span class='ocrx_word' id='word_1_400' title='bbox 3076 4249 3134 4303; x_wconf 87' lang='lat' dir='ltr'>et</span> <span class='ocrx_word' id='word_1_401' title='bbox 3162 4251 3298 4322; x_wconf 90' lang='lat' dir='ltr'>quot</span> <span class='ocrx_word' id='word_1_402' title='bbox 3345 4247 3439 4301; x_wconf 87' lang='lat' dir='ltr'>ille</span> <span class='ocrx_word' id='word_1_403' title='bbox 3467 4265 3605 4322; x_wconf 44' lang='lat' dir='ltr'>prae?</span> 
     </span>
    </p>
   </div>
   <div class='ocr_carea' id='block_1_61' title="bbox 2009 4331 3604 4406">
    <p class='ocr_par' dir='ltr' id='par_1_61' title="bbox 2009 4331 3604 4406">
     <span class='ocr_line' id='line_1_61' title="bbox 2009 4331 3604 4406; baseline 0.004 -22"><span class='ocrx_word' id='word_1_404' title='bbox 2009 4333 2184 4406; x_wconf 86' lang='lat' dir='ltr'>ceptis</span> <span class='ocrx_word' id='word_1_405' title='bbox 2215 4348 2249 4386; x_wconf 88' lang='lat' dir='ltr'>a</span> <span class='ocrx_word' id='word_1_406' title='bbox 2292 4332 2584 4386; x_wconf 87' lang='lat' dir='ltr'>Pharaone</span> <span class='ocrx_word' id='word_1_407' title='bbox 2614 4331 2864 4390; x_wconf 80' lang='lat' dir='ltr'>instituit</span> <span class='ocrx_word' id='word_1_408' title='bbox 2893 4331 3176 4400; x_wconf 82' lang='lat' dir='ltr'>liberatos,</span> <span class='ocrx_word' id='word_1_409' title='bbox 3227 4333 3461 4398; x_wconf 80' lang='lat' dir='ltr'>totidem</span> <span class='ocrx_word' id='word_1_410' title='bbox 3511 4337 3604 4396; x_wconf 79' lang='lat' dir='ltr'>hic</span> 
     </span>
    </p>
   </div>
   <div class='ocr_carea' id='block_1_62' title="bbox 2011 4419 3609 4490">
    <p class='ocr_par' dir='ltr' id='par_1_62' title="bbox 2011 4419 3609 4490">
     <span class='ocr_line' id='line_1_62' title="bbox 2011 4419 3609 4490; baseline 0.004 -15"><span class='ocrx_word' id='word_1_411' title='bbox 2011 4420 2274 4490; x_wconf 76' lang='lat' dir='ltr'>Epistolis</span> <span class='ocrx_word' id='word_1_412' title='bbox 2316 4437 2350 4473; x_wconf 92' lang='lat' dir='ltr'>a</span> <span class='ocrx_word' id='word_1_413' title='bbox 2378 4419 2584 4474; x_wconf 88' lang='lat' dir='ltr'>diaboli</span> <span class='ocrx_word' id='word_1_414' title='bbox 2621 4426 2678 4485; x_wconf 84' lang='lat' dir='ltr'>et</span> <span class='ocrx_word' id='word_1_415' title='bbox 2721 4419 3050 4486; x_wconf 75' lang='lat' dir='ltr'>idololatria:</span> <span class='ocrx_word' id='word_1_416' title='bbox 3090 4421 3357 4487; x_wconf 82' lang='lat' dir='ltr'>servitute</span> <span class='ocrx_word' id='word_1_417' title='bbox 3413 4425 3609 4486; x_wconf 85' lang='lat' dir='ltr'>edocet</span> 
     </span>
    </p>
   </div>
   <div class='ocr_carea' id='block_1_63' title="bbox 2012 4501 3608 4583">
    <p class='ocr_par' dir='ltr' id='par_1_63' title="bbox 2012 4501 3608 4583">
     <span class='ocr_line' id='line_1_63' title="bbox 2012 4501 3608 4583; baseline 0.005 -21"><span class='ocrx_word' id='word_1_418' title='bbox 2012 4509 2332 4580; x_wconf 88' lang='lat' dir='ltr'>acquisitos.</span> <span class='ocrx_word' id='word_1_419' title='bbox 2385 4509 2530 4572; x_wconf 84' lang='lat' dir='ltr'>Nam</span> <span class='ocrx_word' id='word_1_420' title='bbox 2559 4514 2615 4562; x_wconf 89' lang='lat' dir='ltr'>et</span> <span class='ocrx_word' id='word_1_421' title='bbox 2643 4509 2783 4570; x_wconf 86' lang='lat' dir='ltr'>duas</span> <span class='ocrx_word' id='word_1_422' title='bbox 2811 4508 3032 4575; x_wconf 80' lang='lat' dir='ltr'>tabulas</span> <span class='ocrx_word' id='word_1_423' title='bbox 3064 4501 3332 4583; x_wconf 81' lang='lat' dir='ltr'>lapideas,</span> <span class='ocrx_word' id='word_1_424' title='bbox 3365 4514 3608 4577; x_wconf 83' lang='lat' dir='ltr'>duorum</span> 
     </span>
    </p>
   </div>
   <div class='ocr_carea' id='block_1_64' title="bbox 2011 4598 3608 4669">
    <p class='ocr_par' dir='ltr' id='par_1_64' title="bbox 2011 4598 3608 4669">
     <span class='ocr_line' id='line_1_64' title="bbox 2011 4598 3608 4669; baseline 0.003 -16"><span class='ocrx_word' id='word_1_425' title='bbox 2011 4600 2498 4653; x_wconf 87' lang='lat' dir='ltr'>Testamentorum</span> <span class='ocrx_word' id='word_1_426' title='bbox 2520 4599 2759 4669; x_wconf 83' lang='lat' dir='ltr'>figuram</span> <span class='ocrx_word' id='word_1_427' title='bbox 2791 4598 3055 4662; x_wconf 86' lang='lat' dir='ltr'>habuisse</span> <span class='ocrx_word' id='word_1_428' title='bbox 3091 4600 3192 4664; x_wconf 86' lang='lat' dir='ltr'>viri</span> <span class='ocrx_word' id='word_1_429' title='bbox 3242 4603 3608 4665; x_wconf 77' lang='lat' dir='ltr'>eruditissimi</span> 
     </span>
    </p>
   </div>
   <div class='ocr_carea' id='block_1_65' title="bbox 2013 4687 3610 4762">
    <p class='ocr_par' dir='ltr' id='par_1_65' title="bbox 2013 4687 3610 4762">
     <span class='ocr_line' id='line_1_65' title="bbox 2013 4687 3610 4762; baseline 0.003 -22"><span class='ocrx_word' id='word_1_430' title='bbox 2013 4687 2388 4744; x_wconf 84' lang='lat' dir='ltr'>tradiderunt.</span> <span class='ocrx_word' id='word_1_431' title='bbox 2421 4689 2725 4762; x_wconf 86' lang='lat' dir='ltr'>Epistolam</span> <span class='ocrx_word' id='word_1_432' title='bbox 2757 4705 2893 4744; x_wconf 84' lang='lat' dir='ltr'>sane</span> <span class='ocrx_word' id='word_1_433' title='bbox 2925 4706 3047 4760; x_wconf 67' lang='lat' dir='ltr'>qua:</span> <span class='ocrx_word' id='word_1_434' title='bbox 3077 4690 3148 4753; x_wconf 85' lang='lat' dir='ltr'>ad</span> <span class='ocrx_word' id='word_1_435' title='bbox 3178 4691 3441 4750; x_wconf 70' lang='lat' dir='ltr'>Hebrteos</span> <span class='ocrx_word' id='word_1_436' title='bbox 3469 4694 3610 4750; x_wconf 50' lang='lat' dir='ltr'>seri-9</span> 
     </span>
    </p>
   </div>
   <div class='ocr_carea' id='block_1_66' title="bbox 2013 4777 3612 4854">
    <p class='ocr_par' dir='ltr' id='par_1_66' title="bbox 2013 4777 3612 4854">
     <span class='ocr_line' id='line_1_66' title="bbox 2013 4777 3612 4854; baseline 0.006 -25"><span class='ocrx_word' id='word_1_437' title='bbox 2013 4777 2184 4844; x_wconf 86' lang='lat' dir='ltr'>bitur,</span> <span class='ocrx_word' id='word_1_438' title='bbox 2219 4777 2449 4848; x_wconf 88' lang='lat' dir='ltr'>quidam</span> <span class='ocrx_word' id='word_1_439' title='bbox 2483 4777 2644 4832; x_wconf 89' lang='lat' dir='ltr'>Pauli</span> <span class='ocrx_word' id='word_1_440' title='bbox 2675 4794 2786 4842; x_wconf 82' lang='lat' dir='ltr'>non</span> <span class='ocrx_word' id='word_1_441' title='bbox 2825 4795 2945 4839; x_wconf 82' lang='lat' dir='ltr'>esse</span> <span class='ocrx_word' id='word_1_442' title='bbox 2972 4780 3338 4847; x_wconf 83' lang='lat' dir='ltr'>contendunt,</span> <span class='ocrx_word' id='word_1_443' title='bbox 3372 4799 3436 4844; x_wconf 88' lang='lat' dir='ltr'>eo</span> <span class='ocrx_word' id='word_1_444' title='bbox 3460 4783 3612 4854; x_wconf 87' lang='lat' dir='ltr'>quod</span> 
     </span>
    </p>
   </div>
   <div class='ocr_carea' id='block_1_67' title="bbox 2013 4866 3613 4944">
    <p class='ocr_par' dir='ltr' id='par_1_67' title="bbox 2013 4866 3613 4944">
     <span class='ocr_line' id='line_1_67' title="bbox 2013 4866 3613 4944; baseline 0.007 -25"><span class='ocrx_word' id='word_1_445' title='bbox 2013 4883 2126 4919; x_wconf 90' lang='lat' dir='ltr'>non</span> <span class='ocrx_word' id='word_1_446' title='bbox 2140 4866 2213 4920; x_wconf 91' lang='lat' dir='ltr'>sit</span> <span class='ocrx_word' id='word_1_447' title='bbox 2241 4867 2361 4936; x_wconf 78' lang='lat' dir='ltr'>ejus</span> <span class='ocrx_word' id='word_1_448' title='bbox 2374 4867 2600 4922; x_wconf 90' lang='lat' dir='ltr'>nomine</span> <span class='ocrx_word' id='word_1_449' title='bbox 2623 4866 2932 4933; x_wconf 84' lang='lat' dir='ltr'>titulata,et</span> <span class='ocrx_word' id='word_1_450' title='bbox 2953 4873 3185 4942; x_wconf 74' lang='lat' dir='ltr'>propter</span> <span class='ocrx_word' id='word_1_451' title='bbox 3201 4871 3478 4934; x_wconf 82' lang='lat' dir='ltr'>sermonis</span> <span class='ocrx_word' id='word_1_452' title='bbox 3495 4877 3613 4944; x_wconf 78' lang='lat' dir='ltr'>sty-</span> 
     </span>
    </p>
   </div>
   <div class='ocr_carea' id='block_1_68' title="bbox 2012 4955 3614 5030">
    <p class='ocr_par' dir='ltr' id='par_1_68' title="bbox 2012 4955 3614 5030">
     <span class='ocr_line' id='line_1_68' title="bbox 2012 4955 3614 5030; baseline 0.005 -23"><span class='ocrx_word' id='word_1_453' title='bbox 2012 4955 2162 5026; x_wconf 87' lang='lat' dir='ltr'>lique</span> <span class='ocrx_word' id='word_1_454' title='bbox 2193 4955 2538 5018; x_wconf 87' lang='lat' dir='ltr'>distantiam,</span> <span class='ocrx_word' id='word_1_455' title='bbox 2581 4955 2677 5018; x_wconf 86' lang='lat' dir='ltr'>sed</span> <span class='ocrx_word' id='word_1_456' title='bbox 2710 4961 2808 5018; x_wconf 75' lang='lat' dir='ltr'>aut</span> <span class='ocrx_word' id='word_1_457' title='bbox 2835 4957 3106 5021; x_wconf 69' lang='lat' dir='ltr'>Barnabm</span> <span class='ocrx_word' id='word_1_458' title='bbox 3127 4959 3288 5030; x_wconf 81' lang='lat' dir='ltr'>juxta</span> <span class='ocrx_word' id='word_1_459' title='bbox 3310 4960 3614 5024; x_wconf 39' lang='lat' dir='ltr'>Tertulli-as.-</span> 
     </span>
    </p>
   </div>
   <div class='ocr_carea' id='block_1_69' title="bbox 2015 5045 3612 5116">
    <p class='ocr_par' dir='ltr' id='par_1_69' title="bbox 2015 5045 3612 5116">
     <span class='ocr_line' id='line_1_69' title="bbox 2015 5045 3612 5116; baseline 0.006 -19"><span class='ocrx_word' id='word_1_460' title='bbox 2015 5061 2169 5109; x_wconf 92' lang='lat' dir='ltr'>num,</span> <span class='ocrx_word' id='word_1_461' title='bbox 2205 5051 2303 5099; x_wconf 89' lang='lat' dir='ltr'>aut</span> <span class='ocrx_word' id='word_1_462' title='bbox 2327 5046 2486 5104; x_wconf 70' lang='lat' dir='ltr'>Luca:</span> <span class='ocrx_word' id='word_1_463' title='bbox 2511 5047 2673 5115; x_wconf 82' lang='lat' dir='ltr'>juxta</span> <span class='ocrx_word' id='word_1_464' title='bbox 2709 5045 3002 5116; x_wconf 85' lang='lat' dir='ltr'>quosdam,</span> <span class='ocrx_word' id='word_1_465' title='bbox 3035 5047 3121 5110; x_wconf 85' lang='lat' dir='ltr'>vel</span> <span class='ocrx_word' id='word_1_466' title='bbox 3163 5055 3314 5104; x_wconf 88' lang='lat' dir='ltr'>certe</span> <span class='ocrx_word' id='word_1_467' title='bbox 3357 5050 3612 5110; x_wconf 85' lang='lat' dir='ltr'>Clemen-</span> 
     </span>
    </p>
   </div>
   <div class='ocr_carea' id='block_1_70' title="bbox 2015 5133 3614 5214">
    <p class='ocr_par' dir='ltr' id='par_1_70' title="bbox 2015 5133 3614 5214">
     <span class='ocr_line' id='line_1_70' title="bbox 2015 5133 3614 5214; baseline 0.005 -28"><span class='ocrx_word' id='word_1_468' title='bbox 2015 5133 2087 5186; x_wconf 88' lang='lat' dir='ltr'>tis</span> <span class='ocrx_word' id='word_1_469' title='bbox 2116 5134 2372 5206; x_wconf 88' lang='lat' dir='ltr'>discipuli</span> <span class='ocrx_word' id='word_1_470' title='bbox 2403 5135 2782 5206; x_wconf 78' lang='lat' dir='ltr'>apostolorum</span> <span class='ocrx_word' id='word_1_471' title='bbox 2827 5144 2880 5190; x_wconf 84' lang='lat' dir='ltr'>et</span> <span class='ocrx_word' id='word_1_472' title='bbox 2932 5135 3177 5214; x_wconf 88' lang='lat' dir='ltr'>episcopi</span> <span class='ocrx_word' id='word_1_473' title='bbox 3207 5137 3471 5198; x_wconf 69' lang='lat' dir='ltr'>Romana:</span> <span class='ocrx_word' id='word_1_474' title='bbox 3515 5140 3614 5194; x_wconf 83' lang='lat' dir='ltr'>Ec-</span> 
     </span>
    </p>
   </div>
   <div class='ocr_carea' id='block_1_71' title="bbox 2016 5215 3613 5300">
    <p class='ocr_par' dir='ltr' id='par_1_71' title="bbox 2016 5215 3613 5300">
     <span class='ocr_line' id='line_1_71' title="bbox 2016 5215 3613 5300; baseline 0.003 -24"><span class='ocrx_word' id='word_1_475' title='bbox 2016 5223 2196 5277; x_wconf 78' lang='lat' dir='ltr'>clesiae</span> <span class='ocrx_word' id='word_1_476' title='bbox 2225 5229 2352 5300; x_wconf 87' lang='lat' dir='ltr'>post</span> <span class='ocrx_word' id='word_1_477' title='bbox 2380 5223 2660 5296; x_wconf 82' lang='lat' dir='ltr'>apostolos</span> <span class='ocrx_word' id='word_1_478' title='bbox 2710 5215 3248 5296; x_wconf 6' lang='lat' dir='ltr'>ordinat,ii(TER&#39;rUL.</span> <span class='ocrx_word' id='word_1_479' title='bbox 3282 5226 3380 5282; x_wconf 88' lang='lat' dir='ltr'>lib.</span> <span class='ocrx_word' id='word_1_480' title='bbox 3412 5229 3484 5281; x_wconf 79' lang='lat' dir='ltr'>Dc</span> <span class='ocrx_word' id='word_1_481' title='bbox 3507 5243 3613 5296; x_wconf 55' lang='lat' dir='ltr'>pus</span> 
     </span>
    </p>
   </div>
   <div class='ocr_carea' id='block_1_72' title="bbox 332 5311 3615 5386">
    <p class='ocr_par' dir='ltr' id='par_1_72' title="bbox 332 5311 3615 5386">
     <span class='ocr_line' id='line_1_72' title="bbox 332 5311 3615 5386; baseline 0.001 -20"><span class='ocrx_word' id='word_1_482' title='bbox 332 5315 532 5367; x_wconf 88' lang='lat' dir='ltr'>decem</span> <span class='ocrx_word' id='word_1_483' title='bbox 551 5312 831 5384; x_wconf 83' lang='lat' dir='ltr'>Epistolas</span> <span class='ocrx_word' id='word_1_484' title='bbox 856 5313 926 5365; x_wconf 90' lang='lat' dir='ltr'>ad</span> <span class='ocrx_word' id='word_1_485' title='bbox 955 5313 1225 5366; x_wconf 89' lang='lat' dir='ltr'>Ecclesias</span> <span class='ocrx_word' id='word_1_486' title='bbox 1249 5313 1565 5383; x_wconf 82' lang='lat' dir='ltr'>scripserit:</span> <span class='ocrx_word' id='word_1_487' title='bbox 1587 5313 1778 5372; x_wconf 82' lang='lat' dir='ltr'>decem</span> <span class='ocrx_word' id='word_1_488' title='bbox 1803 5315 1936 5368; x_wconf 88' lang='lat' dir='ltr'>sunt</span> <span class='ocrx_word' id='word_1_489' title='bbox 2017 5313 2232 5376; x_wconf 82' lang='lat' dir='ltr'>dicitia,</span> <span class='ocrx_word' id='word_1_490' title='bbox 2255 5329 2379 5383; x_wconf 80' lang='lat' dir='ltr'>cap.</span> <span class='ocrx_word' id='word_1_491' title='bbox 2425 5311 2513 5368; x_wconf 81' lang='grc'>20.</span> <span class='ocrx_word' id='word_1_492' title='bbox 2547 5313 2746 5374; x_wconf 74' lang='lat' dir='ltr'>Eussn.</span> <span class='ocrx_word' id='word_1_493' title='bbox 2781 5312 2877 5372; x_wconf 85' lang='lat' dir='ltr'>lib.</span> <span class='ocrx_word' id='word_1_494' title='bbox 2933 5328 2990 5368; x_wconf 83' lang='lat' dir='ltr'>Iv</span> <span class='ocrx_word' id='word_1_495' title='bbox 3021 5314 3164 5378; x_wconf 84' lang='lat' dir='ltr'>Hist.</span> <span class='ocrx_word' id='word_1_496' title='bbox 3197 5331 3243 5368; x_wconf 85' lang='lat' dir='ltr'>c.</span> <span class='ocrx_word' id='word_1_497' title='bbox 3279 5315 3330 5379; x_wconf 91' lang='lat'>8,</span> <span class='ocrx_word' id='word_1_498' title='bbox 3363 5315 3615 5386; x_wconf 82' lang='lat' dir='ltr'>Epistola</span> 
     </span>
    </p>
   </div>
   <div class='ocr_carea' id='block_1_73' title="bbox 330 5391 3615 5478">
    <p class='ocr_par' dir='ltr' id='par_1_73' title="bbox 330 5391 3615 5478">
     <span class='ocr_line' id='line_1_73' title="bbox 330 5391 3615 5478; baseline 0.001 -21"><span class='ocrx_word' id='word_1_499' title='bbox 330 5403 491 5457; x_wconf 87' lang='lat' dir='ltr'>enim</span> <span class='ocrx_word' id='word_1_500' title='bbox 513 5419 639 5456; x_wconf 89' lang='lat' dir='ltr'>cum</span> <span class='ocrx_word' id='word_1_501' title='bbox 665 5419 732 5455; x_wconf 89' lang='lat' dir='ltr'>ea</span> <span class='ocrx_word' id='word_1_502' title='bbox 748 5419 872 5472; x_wconf 81' lang='lat' dir='ltr'>quae</span> <span class='ocrx_word' id='word_1_503' title='bbox 890 5401 1096 5464; x_wconf 89' lang='lat' dir='ltr'>dicitur</span> <span class='ocrx_word' id='word_1_504' title='bbox 1123 5403 1191 5455; x_wconf 89' lang='lat' dir='ltr'>ad</span> <span class='ocrx_word' id='word_1_505' title='bbox 1219 5403 1510 5470; x_wconf 75' lang='lat' dir='ltr'>Hebraeos;</span> <span class='ocrx_word' id='word_1_506' title='bbox 1543 5418 1673 5461; x_wconf 86' lang='lat' dir='ltr'>nam</span> <span class='ocrx_word' id='word_1_507' title='bbox 1704 5391 1990 5478; x_wconf 71' lang='lat' dir='ltr'>reliqumC</span> <span class='ocrx_word' id='word_1_508' title='bbox 2017 5401 2088 5454; x_wconf 88' lang='lat' dir='ltr'>ad</span> <span class='ocrx_word' id='word_1_509' title='bbox 2120 5401 2382 5456; x_wconf 82' lang='lat' dir='ltr'>Hebraeos</span> <span class='ocrx_word' id='word_1_510' title='bbox 2411 5401 2546 5472; x_wconf 89' lang='lat' dir='ltr'>quin</span> <span class='ocrx_word' id='word_1_511' title='bbox 2575 5401 2736 5463; x_wconf 86' lang='lat' dir='ltr'>Pauli</span> <span class='ocrx_word' id='word_1_512' title='bbox 2761 5402 2873 5472; x_wconf 89' lang='lat' dir='ltr'>sit).</span> <span class='ocrx_word' id='word_1_513' title='bbox 2929 5402 3140 5466; x_wconf 83' lang='lat' dir='ltr'>Quibus</span> <span class='ocrx_word' id='word_1_514' title='bbox 3160 5403 3615 5474; x_wconf 80' lang='lat' dir='ltr'>respondendum</span> 
     </span>
    </p>
   </div>
   <div class='ocr_carea' id='block_1_74' title="bbox 332 5490 3614 5570">
    <p class='ocr_par' dir='ltr' id='par_1_74' title="bbox 332 5490 3614 5570">
     <span class='ocr_line' id='line_1_74' title="bbox 332 5490 3614 5570; baseline 0.002 -26"><span class='ocrx_word' id='word_1_515' title='bbox 332 5499 584 5562; x_wconf 83' lang='lat' dir='ltr'>quatuor</span> <span class='ocrx_word' id='word_1_516' title='bbox 609 5491 679 5545; x_wconf 88' lang='lat' dir='ltr'>ad</span> <span class='ocrx_word' id='word_1_517' title='bbox 709 5491 1013 5570; x_wconf 87' lang='lat' dir='ltr'>discipulos</span> <span class='ocrx_word' id='word_1_518' title='bbox 1035 5492 1350 5562; x_wconf 86' lang='lat' dir='ltr'>specialiter</span> <span class='ocrx_word' id='word_1_519' title='bbox 1378 5497 1510 5545; x_wconf 87' lang='lat' dir='ltr'>sunt</span> <span class='ocrx_word' id='word_1_520' title='bbox 1541 5496 1828 5562; x_wconf 76' lang='lat' dir='ltr'>porrectae.</span> <span class='ocrx_word' id='word_1_521' title='bbox 1861 5491 1936 5544; x_wconf 92' lang='lat' dir='ltr'>Ut</span> <span class='ocrx_word' id='word_1_522' title='bbox 2019 5496 2104 5544; x_wconf 91' lang='lat' dir='ltr'>est</span> <span class='ocrx_word' id='word_1_523' title='bbox 2134 5508 2145 5543; x_wconf 89' lang='lat'>:</span> <span class='ocrx_word' id='word_1_524' title='bbox 2184 5490 2240 5548; x_wconf 89' lang='lat' dir='ltr'>Si</span> <span class='ocrx_word' id='word_1_525' title='bbox 2269 5498 2566 5569; x_wconf 78' lang='lat' dir='ltr'>propterea</span> <span class='ocrx_word' id='word_1_526' title='bbox 2621 5491 2782 5554; x_wconf 82' lang='lat' dir='ltr'>Pauli</span> <span class='ocrx_word' id='word_1_527' title='bbox 2837 5507 2951 5552; x_wconf 88' lang='lat' dir='ltr'>non</span> <span class='ocrx_word' id='word_1_528' title='bbox 3003 5491 3110 5553; x_wconf 86' lang='lat' dir='ltr'>erit</span> <span class='ocrx_word' id='word_1_529' title='bbox 3159 5491 3294 5570; x_wconf 78' lang='lat' dir='ltr'>quia</span> <span class='ocrx_word' id='word_1_530' title='bbox 3329 5493 3452 5566; x_wconf 78' lang='lat' dir='ltr'>ejus</span> <span class='ocrx_word' id='word_1_531' title='bbox 3497 5511 3614 5560; x_wconf 70' lang='lat' dir='ltr'>non</span> 
     </span>
    </p>
   </div>
   <div class='ocr_carea' id='block_1_75' title="bbox 331 5569 1936 5651">
    <p class='ocr_par' dir='ltr' id='par_1_75' title="bbox 331 5569 1936 5651">
     <span class='ocr_line' id='line_1_75' title="bbox 331 5569 1936 5651; baseline -0.001 -15"><span class='ocrx_word' id='word_1_532' title='bbox 331 5581 664 5636; x_wconf 69' lang='lat' dir='ltr'>ostenderet</span> <span class='ocrx_word' id='word_1_533' title='bbox 708 5569 932 5635; x_wconf 77' lang='lat' dir='ltr'>Novum</span> <span class='ocrx_word' id='word_1_534' title='bbox 969 5596 1080 5634; x_wconf 90' lang='lat' dir='ltr'>non</span> <span class='ocrx_word' id='word_1_535' title='bbox 1139 5581 1454 5651; x_wconf 82' lang='lat' dir='ltr'>discrepare</span> <span class='ocrx_word' id='word_1_536' title='bbox 1505 5598 1540 5634; x_wconf 87' lang='lat' dir='ltr'>a</span> <span class='ocrx_word' id='word_1_537' title='bbox 1594 5579 1784 5634; x_wconf 85' lang='lat' dir='ltr'>Veteri</span> <span class='ocrx_word' id='word_1_538' title='bbox 1836 5581 1936 5636; x_wconf 81' lang='lat' dir='ltr'>Tc-</span> 
     </span>
    </p>
   </div>
   <div class='ocr_carea' id='block_1_76' title="bbox 2016 5579 3612 5654">
    <p class='ocr_par' dir='ltr' id='par_1_76' title="bbox 2016 5579 3612 5654">
     <span class='ocr_line' id='line_1_76' title="bbox 2016 5579 3612 5654; baseline 0.004 -21"><span class='ocrx_word' id='word_1_539' title='bbox 2016 5579 2186 5634; x_wconf 87' lang='lat' dir='ltr'>habet</span> <span class='ocrx_word' id='word_1_540' title='bbox 2237 5597 2463 5649; x_wconf 90' lang='lat' dir='ltr'>nomen,</span> <span class='ocrx_word' id='word_1_541' title='bbox 2521 5597 2652 5651; x_wconf 85' lang='lat' dir='ltr'>ergo</span> <span class='ocrx_word' id='word_1_542' title='bbox 2692 5597 2795 5635; x_wconf 87' lang='lat' dir='ltr'>nec</span> <span class='ocrx_word' id='word_1_543' title='bbox 2815 5580 3053 5652; x_wconf 86' lang='lat' dir='ltr'>alicujus</span> <span class='ocrx_word' id='word_1_544' title='bbox 3083 5581 3212 5652; x_wconf 88' lang='lat' dir='ltr'>erit,</span> <span class='ocrx_word' id='word_1_545' title='bbox 3241 5583 3376 5654; x_wconf 87' lang='lat' dir='ltr'>quia</span> <span class='ocrx_word' id='word_1_546' title='bbox 3401 5583 3612 5641; x_wconf 90' lang='lat' dir='ltr'>nullius</span> 
     </span>
    </p>
   </div>
   <div class='ocr_carea' id='block_1_77' title="bbox 427 5667 2682 5743">
    <p class='ocr_par' dir='ltr' id='par_1_77' title="bbox 427 5667 2682 5743">
     <span class='ocr_line' id='line_1_77' title="bbox 427 5667 2682 5743; baseline 0.001 -18"><span class='ocrx_word' id='word_1_547' title='bbox 427 5667 535 5736; x_wconf 85' lang='grc'>(50)</span> <span class='ocrx_word' id='word_1_548' title='bbox 559 5670 689 5726; x_wconf 81' lang='lat' dir='ltr'>Haec</span> <span class='ocrx_word' id='word_1_549' title='bbox 716 5674 774 5726; x_wconf 90' lang='lat' dir='ltr'>et</span> <span class='ocrx_word' id='word_1_550' title='bbox 795 5685 1042 5741; x_wconf 89' lang='lat' dir='ltr'>sequens</span> <span class='ocrx_word' id='word_1_551' title='bbox 1063 5669 1322 5727; x_wconf 73' lang='lat' dir='ltr'>Praefatio</span> <span class='ocrx_word' id='word_1_552' title='bbox 1352 5669 1413 5726; x_wconf 91' lang='lat' dir='ltr'>in</span> <span class='ocrx_word' id='word_1_553' title='bbox 1440 5669 1627 5726; x_wconf 90' lang='lat' dir='ltr'>codice</span> <span class='ocrx_word' id='word_1_554' title='bbox 1655 5686 1761 5727; x_wconf 91' lang='lat' dir='ltr'>ms.</span> <span class='ocrx_word' id='word_1_555' title='bbox 1793 5667 2190 5726; x_wconf 89' lang='lat' dir='ltr'>adscribuntur</span> <span class='ocrx_word' id='word_1_556' title='bbox 2211 5670 2282 5728; x_wconf 94' lang='lat' dir='ltr'>D.</span> <span class='ocrx_word' id='word_1_557' title='bbox 2314 5670 2682 5743; x_wconf 85' lang='lat' dir='ltr'>Hieronymo.</span> 
     </span>
    </p>
   </div>
  </div>
