4008 6186
359 267 468 328 103

1358 262 1422 319 Β.
1463 256 1880 319 LANFRANCI
1921 253 2278 319 CANTUAR.
2320 252 2657 319 ARCHIEP.

3530 264 3634 323 104

362 390 591 446 nomine
617 389 899 445 titulatur.
931 387 1092 453 Quod
1120 387 1168 441 si
1195 387 1588 443 inconveniens
1620 387 1958 444 absurdum-
1975 394 2024 453 Α
2041 405 2168 444 cum
2187 405 2304 443 meo
2324 391 2533 459 spiritu
2553 390 2769 443 tradere
2788 389 3106 458 huiusmodi
3121 390 3342 447 Satanas
3357 392 3631 459 (ibidem).

366 496 476 551 que
502 485 605 545 est,
627 479 802 551 ipsius
831 476 1011 547 magis
1044 493 1167 531 esse
1195 470 1476 532 credenda
1502 482 1607 543 est,
1642 494 1767 548 quae
1795 482 1953 533 tanto

368 567 637 622 doctrinae
691 582 804 620 suae
848 565 1029 635 fulget
1080 564 1317 636 eloquio.
1356 565 1467 620 Sed
1504 565 1770 636 quoniam
1807 567 1956 637 apud

368 656 733 711 Hebraeorum
779 653 1052 708 Ecclesias
1085 653 1245 724 quasi
1291 654 1607 708 destructor
1644 654 1781 725 legis
1819 656 1960 709 falsa

367 745 682 817 suspicione
710 741 1040 809 habebatur,
1073 741 1247 795 voluit
1281 743 1451 797 tacito
1481 742 1709 796 nomine
1733 744 1803 796 de
1821 745 1960 814 ﬁgu-

367 835 447 889 ris
484 834 624 904 legis
666 837 724 886 et
750 832 985 885 veritate
1023 830 1230 885 Christi
1259 831 1494 886 reddere
1540 831 1838 898 rationein,
1889 848 1960 886 ne

369 922 561 977 odium
585 920 830 975 nominis
861 920 921 973 in
948 919 1132 974 fronte
1182 920 1511 991 prastitulati
1539 920 1843 975 utilitatem
1874 936 1963 974 ex-

370 1012 622 1066 cluderet
642 1010 915 1065 lectionis.
948 1010 1076 1064 Non
1100 1015 1187 1063 est
1215 1026 1350 1064 sane
1380 1009 1588 1063 mirum
1611 1008 1659 1063 si
1696 1009 1966 1079 eloquen-

368 1100 482 1155 tior
531 1100 788 1154 videatur
814 1099 873 1153 in
900 1098 1146 1169 proprio,
1178 1098 1237 1152 id
1266 1104 1370 1163 est,
1420 1097 1675 1164 Hebraeo,
1707 1114 1875 1168 quam
1908 1097 1967 1150 in

372 1189 689 1262 peregrino,
711 1188 769 1241 id
799 1193 903 1252 est,
934 1187 994 1240 in
1023 1188 1235 1251 Graeco,
1287 1203 1397 1257 quo
1438 1192 1651 1241 caetera:
1709 1185 1968 1256 Epistolas

373 1284 505 1332 sunt
534 1277 774 1348 scriptae,
791 1293 1067 1330 sermone.
1086 1277 1270 1329 Movet
1286 1274 1456 1329 etiam
1475 1275 1767 1346 quosdam,
1796 1290 1971 1344 quare

375 1366 763 1421 Romanorum
785 1365 1034 1436 Epistola
1061 1364 1121 1418 in
1144 1364 1324 1435 primo
1352 1363 1427 1417 sit
1452 1363 1653 1434 posita,
1685 1379 1815 1416 cum
1844 1378 1969 1417 eam

376 1471 490 1510 non
517 1455 700 1526 primo
728 1454 995 1525 scriptam
1032 1453 1177 1506 ratio
1199 1452 1536 1507 manifestet.
1569 1451 1716 1505 Nam
1738 1452 1884 1505 hanc
1911 1468 1971 1506 se

376 1543 822 1615 proﬁciscentem
872 1541 1321 1610 Hierosolymam
1367 1541 1656 1612 scripsisse
1711 1545 1968 1606 testatur,

378 1649 510 1687 cum
539 1631 857 1687 Corinthios
893 1635 950 1683 et
988 1629 1126 1683 alios
1172 1631 1292 1699 jam
1321 1634 1471 1695 ante,
1504 1634 1568 1683 ut
1595 1628 1970 1683 ministerium

2035 479 2102 533 In
2152 476 2398 532 secunda
2432 494 2563 531 vero
2612 478 2935 543 laudantur,
2970 483 3027 532 et
3069 483 3135 533 ut
3161 480 3344 549 magis
3369 480 3635 551 acmagis

2037 567 2331 637 proﬁciant
2362 572 2809 621 commonentur.
2844 567 3056 621 Galatae
3085 583 3215 622 vero
3256 569 3377 638 jam
3425 568 3636 622 nullius

2038 654 2289 710 criminis
2322 660 2658 725 arguuntur,
2690 654 2799 709 nisi
2826 656 2993 725 hujus
3020 661 3243 710 tantum
3302 656 3451 726 quod
3479 656 3637 711 calli-

2040 743 2288 797 dissimis
2318 743 2797 814 pseudoapostolis
2828 744 3207 799 crediderunt.
3239 745 3467 815 Ephesii
3504 762 3641 799 sane

2042 832 2199 885 nulla
2244 832 2697 902 reprehensione,
2729 832 2826 886 sed
2858 833 3039 887 multa
3075 833 3241 887 laude
3288 840 3421 888 sunt
3463 833 3640 904 digni,

2045 919 2178 990 quia
2204 920 2374 974 ﬁdem
2403 919 2765 991 apostolicam
2817 927 3200 976 servaverunt.
3253 922 3645 993 Philippenses

2048 1009 2219 1063 etiam
2249 1008 2426 1062 multo
2472 1008 2651 1079 magis
2684 1008 3099 1075 collaudantur,
3148 1010 3245 1081 qui
3299 1027 3402 1064 nec
3450 1011 3646 1066 audire

2050 1097 2275 1168 quidem
2298 1097 2467 1151 falsos
2489 1098 2770 1167 apostolos
2807 1099 3648 1154 voluerunt.Thessalonicenses

2049 1185 2416 1239 nihilominus
2444 1185 2502 1238 in
2538 1184 2754 1240 duabus
2773 1186 3021 1256 epistolis
3050 1187 3203 1241 omni
3248 1187 3414 1241 laude
3462 1204 3652 1259 prose-

2052 1272 2261 1344 quitur,
2281 1289 2347 1327 eo
2376 1273 2525 1344 quod
2553 1290 2665 1327 non
2687 1274 2866 1328 solum
2898 1274 3066 1328 ﬁdem
3099 1275 3487 1330 inconcussam
3526 1293 3652 1330 ser-

2052 1361 2303 1415 vaverint
2328 1361 2600 1428 veritatis,
2632 1363 2730 1416 sed
2746 1362 2915 1416 etiam
2945 1363 3003 1416 in
3029 1364 3416 1434 persecutione
3444 1365 3653 1419 civium

2052 1450 2263 1505 fuerint
2287 1456 2609 1504 constantes
2637 1451 2848 1505 inventi
2875 1452 2951 1521 (II
2977 1453 3124 1505 Thes.
3155 1467 3214 1519 ιι,
3237 1454 3330 1523 c.).
3364 1451 3654 1508 Colossen-

2053 1555 2143 1592 ses
2172 1544 2362 1593 autem
2393 1539 2534 1593 tales
2561 1545 2740 1605 erant,
2773 1544 2838 1592 ut
2865 1555 2992 1593 cum
3022 1539 3092 1593 ab
3117 1540 3383 1611 Apostolo
3402 1542 3505 1595 visi
3534 1558 3654 1596 cor-

2053 1627 2321 1698 poraliter
2349 1643 2463 1681 non
2484 1627 2740 1694 fuissent,
2762 1628 2869 1681 hac
2896 1628 3062 1682 laude
3090 1629 3247 1699 digni
3274 1629 3651 1686 haberentur:

379 1720 529 1792 quod
571 1736 760 1773 secum
809 1723 1136 1789 portaturus
1166 1723 1306 1782 erat,
1363 1719 1710 1788 colligerent,
1769 1717 1975 1771 litteris
1998 1703 2171 1770 BEtsi
2189 1731 2428 1784 corpore,
2464 1715 2669 1786 inquit,
2700 1718 2889 1770 absens
2919 1733 3064 1784 sum,
3105 1719 3195 1771 sed
3221 1722 3429 1787 spiritu
3482 1721 3657 1773 vobis-

378 1809 710 1863 adhortatus
729 1808 821 1861 sit.
850 1807 1010 1862 Unde
1024 1812 1081 1861 et
1107 1806 1346 1877 intelligi
1392 1807 1619 1878 quidam
1658 1806 1853 1861 volunt
1893 1806 1975 1859 ita

378 1913 573 1952 omnes
623 1896 889 1967 epistolas
922 1895 1231 1960 ordinatas,
1289 1902 1354 1949 ut
1412 1896 1597 1966 prima
1647 1899 1969 1966 poneretur,

380 1985 635 2056 quamvis
662 1984 940 2055 posterior
973 1983 1145 2037 fuerit
1171 1983 1471 2049 destinata,
1503 1988 1569 2037 ut
1601 2000 1701 2054 per
1725 1983 1974 2053 singulas

381 2073 647 2144 epistolas
691 2072 960 2143 gradibus
989 2072 1061 2125 ad
1087 2071 1419 2142 perfectiora
1442 2072 1746 2126 veniretur.
1777 2074 1980 2126 Roma-

380 2179 585 2217 norum
609 2178 853 2232 namque
881 2160 1134 2232 plerique
1165 2166 1280 2215 tam
1312 2161 1481 2216 rudes
1509 2166 1838 2226 erant,ut4
1865 2177 1980 2215 non

380 2251 764 2321 intelligerent
782 2251 885 2305 Dei
914 2267 974 2304 se
994 2250 1180 2321 gratia
1207 2254 1266 2304 et
1316 2266 1430 2304 non
1461 2250 1578 2304 suis
1614 2249 1831 2303 meritis
1858 2266 1989 2309 esse.

383 2341 644 2406 salvatos,
670 2344 727 2394 et
747 2338 817 2393 ob
845 2339 950 2393 hoc
972 2339 1083 2394 duo
1107 2339 1255 2393 inter
1273 2355 1332 2394 se
1359 2339 1551 2410 populi
1571 2337 1976 2393 conflictarent.

382 2428 598 2485 Idcirco
618 2429 743 2483 illos
782 2428 1035 2499 indigere
1061 2428 1265 2483 asserit
1291 2427 1511 2498 corrigi,
1535 2428 1670 2481 vitia
1688 2427 1979 2498 gentilita-

382 2517 459 2572 tis
485 2519 675 2588 priora
695 2533 1161 2572 commemorans.
1204 2516 1508 2571 Corinthiis
1532 2521 1723 2571 autem
1742 2517 1863 2586 jam
1900 2515 1984 2569 di-

386 2606 464 2661 cit
492 2605 738 2660 scientia:
765 2605 1010 2676 gratiam
1048 2622 1171 2660 esse
1198 2621 1543 2674 concessam,
1597 2609 1656 2657 et
1705 2620 1818 2657 non
1864 2608 1982 2657 tam

387 2709 583 2748 omnes
629 2692 902 2764 increpat,
936 2708 1106 2763 quam
1134 2709 1236 2746 cur
1269 2697 1562 2763 peccantes
1588 2707 1703 2745 non
1732 2690 1982 2762 increpa-

385 2781 571 2836 verint
597 2781 978 2853 reprehendit,
1007 2781 1154 2836 sicut
1174 2780 1255 2834 ait
1289 2782 1570 2837 :Auditur
1598 2782 1747 2834 inter
1761 2796 1850 2834 vos
1866 2781 1984 2847 for-

388 2872 597 2926 nicatio
612 2869 666 2939 {1
692 2872 811 2926 Ger.
838 2888 890 2937 v,
921 2868 999 2939 ‘2).
1055 2870 1125 2924 Et
1168 2869 1377 2925 iterum
1407 2881 1420 2917 :
1450 2869 1801 2938 Congregatis
1837 2870 1983 2923 vobis

2054 1821 2181 1859 cum
2240 1821 2384 1869 sum,
2437 1806 2682 1872 gaudens
2747 1810 2796 1858 et
2852 1806 3040 1859 videns
3096 1808 3350 1861 ordinem
3410 1814 3655 1862 vestrum

2059 1893 2188 1961 (Col.
2219 1905 2277 1956 Π,
2312 1895 2411 1960 a.).
2471 1892 2552 1946 De
2580 1892 2830 1947 Hebraeis
2869 1910 2999 1947 vero
3033 1894 3168 1964 quid
3193 1894 3493 1951 dicendum
3518 1901 3605 1951 est
3631 1897 3655 1950 ?

2057 1997 2294 2053 quorum
2351 1980 2874 2036 Thessalonicenses
2932 1982 3029 2052 qui
3085 1983 3389 2053 plurimum
3441 1985 3657 2040 laudati

2058 2076 2209 2135 sunt,
2236 2069 2550 2124 imitatores
2574 2070 2705 2124 facti
2729 2087 2850 2124 esse
2890 2070 3169 2125 dicuntur.
3195 2072 3352 2126 Sicut
3387 2073 3507 2144 ipse
3526 2073 3607 2127 ait
3630 2092 3650 2127 σε

2059 2160 2126 2213 Ει
2145 2176 2233 2224 vos
2253 2161 2459 2226 fratres
2482 2161 2791 2213 imitatores
2836 2162 2974 2227 facti
3001 2163 3126 2213 estis
3162 2161 3535 2216 Eeclesiarum
3559 2164 3658 2217 Dei

2061 2264 2178 2316 quae
2204 2252 2335 2301 sunt
2367 2250 2430 2301 in
2458 2249 2667 2302 Judza.
2696 2249 2901 2302 Eadem
2934 2252 3087 2303 enim
3123 2251 3285 2317 passi
3330 2253 3456 2305 estis
3493 2256 3544 2304 et
3569 2268 3658 2305 vos

2061 2352 2097 2390 a
2116 2338 2757 2402 contribulibus'vestris,
2781 2353 2900 2404 qua:
2933 2342 2983 2390 et
3003 2339 3096 2391 illi
3116 2354 3153 2390 a
3171 2339 3374 2393 Judvseis
3406 2340 3462 2407 (Ι
3507 2341 3657 2395 Thes.

2061 2440 2123 2491 II,
2147 2426 2240 2494 c.).
2271 2425 2438 2495 Apud
2467 2425 2618 2496 ipsos
2648 2441 2871 2496 quoque
2903 2425 3167 2480 Hebraeos
3205 2426 3403 2482 eadem
3422 2445 3664 2484 comme-

2062 2517 2247 2566 morat
2274 2513 2465 2567 dicens
2499 2531 2510 2566 :
2545 2515 2692 2567 Nam
2721 2518 2769 2567 et
2792 2517 2991 2567 vinctis
3036 2518 3303 2584 compassi
3318 2519 3462 2583 estis,
3486 2523 3535 2571 et
3564 2534 3663 2572 ra-

2057 2604 2257 2670 pinam
2276 2602 2547 2656 bonorum
2569 2607 2876 2655 vestrorum
2907 2619 3034 2656 cum
3069 2605 3273 2671 gaudio
3331 2609 3662 2676 suscepistis,

2061 2695 2428 2758 cognoscentes
2465 2706 2553 2744 vos
2582 2690 2776 2745 habere
2801 2694 3085 2747 meliorem
3116 2697 3166 2747 et
3187 2700 3505 2749 manentem
3531 2696 3662 2750 sub-

2061 2782 2334 2833 stantiam
2358 2778 2513 2850 (Ileb.
2539 2795 2591 2846 x,
2622 2776 2732 2848 34).

831 3181 1119 3243 INCIPIT
1162 3181 1577 3243 PROLOGUS
1622 3180 2018 3243 SPECIALIS
2060 3181 2142 3242 IN
2184 3180 2627 3243 EPISTOLAM
2661 3182 2768 3241 AD
2816 3182 3214 3246 ROMANOS.

384 3478 399 3491 ⁴
464 3477 687 3536 ROMANI
715 3484 848 3533 sunt
871 3476 966 3549 qui
995 3494 1060 3532 ex
1080 3477 1286 3534 Judaeis
1331 3483 1388 3533 et
1428 3478 1702 3538 Gentibus
1725 3479 1977 3535 credide-
1995 3483 2039 3544 Ο
2061 3480 2447 3553 deputemini?
2472 3482 2541 3536 Et
2563 3482 2668 3537 hoc
2699 3481 2884 3553 ipsum
2937 3498 3051 3536 non
3092 3480 3464 3536 merebamini
3500 3500 3512 3535 :
3551 3472 3660 3536 nisi

391 3574 544 3624 runt.
568 3568 640 3622 Hi
669 3566 909 3639 superba
936 3570 1291 3622 contentione
1302 3567 1560 3623 volebant
1579 3585 1639 3623 se
1652 3569 1989 3625 alterutrum

392 3672 790 3728 superponere.
824 3656 971 3709 Nam
1012 3654 1190 3711 Judaei
1207 3656 1499 3711 dicebant:
1526 3658 1642 3711 Nos
1663 3674 1858 3712 sumus
1887 3674 1989 3730 po-

393 3745 560 3817 pulus
604 3744 730 3811 Dei,
772 3760 912 3815 quos
965 3743 1036 3797 ab
1075 3744 1236 3799 initio
1264 3743 1458 3799 dilexit
1475 3750 1533 3800 et
1551 3746 1703 3800 fovit.
1737 3748 1853 3801 Nos
1887 3747 1990 3801 cir-

394 3831 626 3886 cumcisi
656 3849 721 3886 ex
765 3848 972 3903 genere
1002 3831 1307 3898 Abraham,
1359 3838 1552 3888 sancta
1602 3834 1990 3890 descendimus

395 3937 461 3975 ex
485 3921 678 3992 stirpe,
712 3926 770 3974 et
794 3925 960 3974 notus
984 3926 1136 3975 retro
1157 3921 1306 3992 apud
1335 3922 1364 3976 J
1369 3922 1590 3976 udaeam
1601 3928 1826 3977 tantum
1840 3924 1991 3979 Deus

392 4009 566 4081 (Psal.
601 4026 761 4075 Lxxv,
787 4008 866 4079 2).
903 4009 1019 4063 Nos
1033 4009 1102 4063 de
1121 4009 1361 4081 Egypto
1382 4010 1558 4081 signis
1572 4011 1674 4066 Dei
1691 4017 1749 4066 et
1775 4012 1991 4066 virtuti-

395 4098 501 4154 bus
520 4097 761 4158 liberati.
794 4114 951 4152 mare
985 4097 1129 4153 sicco
1167 4098 1629 4170 pertransivimus
1670 4100 1830 4171 pede,
1862 4119 1990 4156 cum

394 4187 654 4243 inimicos
710 4192 933 4242 nostros
990 4186 1308 4258 gravissimi
1382 4189 1585 4243 ﬂuctus
1650 4189 1995 4245 involverent

400 4278 586 4347 (Exod.
616 4291 725 4343 x1v,
747 4274 861 4343 22).
903 4274 1079 4330 Nobis
1095 4275 1240 4346 pluit
1256 4292 1465 4330 manna
1501 4276 1775 4332 Dominus
1814 4277 1875 4331 in
1902 4277 1996 4331 de-

398 4370 570 4432 serto,
605 4370 663 4419 et
681 4364 843 4436 quasi
862 4364 994 4418 ﬁliis
1017 4364 1135 4419 suis
1154 4365 1377 4420 caeleste
1405 4365 1676 4435 pabulum
1712 4366 1995 4420 ministra-

397 4453 498 4510 vit.
527 4455 642 4508 Nos
679 4453 771 4507 die
791 4457 1073 4524 noctuque
1121 4454 1181 4508 in
1224 4454 1486 4508 columna
1528 4454 1695 4510 nubis
1735 4455 1994 4526 ignisque

399 4541 704 4613 praecessit,
737 4547 806 4596 ut
830 4540 990 4595 nobis
1018 4541 1079 4595 in
1106 4541 1254 4596 invio
1294 4542 1405 4596 iter
1447 4543 1768 4598 ostenderet
1801 4545 1989 4611 (Exod.

398 4629 542 4700 xm).
564 4630 749 4701 Atque
776 4634 840 4683 ut
867 4634 1068 4684 caetera
1090 4631 1213 4700 ejus
1241 4630 1390 4684 circa
1410 4647 1512 4685 nos
1532 4631 1811 4686 immensa
1828 4631 1993 4686 bene-

398 4719 524 4774 ﬂcia
541 4724 844 4785 taceamus,
877 4733 979 4772 nos
999 4718 1103 4772 soli
1127 4719 1284 4789 digni
1310 4719 1521 4774 fuimus
1550 4720 1654 4774 Dei
1680 4721 1865 4791 legem
1898 4737 1993 4774 ac-

2071 3569 2204 3641 quia
2231 3571 2391 3639 larga
2423 3586 2645 3642 semper
2664 3569 2766 3626 Dei
2796 3571 3095 3626 clementia
3112 3570 3289 3626 voluit
3314 3587 3410 3626 vos
3439 3570 3509 3625 ad
3537 3587 3664 3625 nos-

2070 3666 2218 3713 tram
2248 3657 2621 3714 imitationem
2650 3660 2966 3714 admittere.

2143 3749 2351 3804 Gentes
2379 3750 2550 3803 etiam
2570 3766 2603 3804 e
2638 3750 2917 3804 contrario
2954 3748 3367 3820 respondebant
3397 3766 3410 3801 :
3442 3746 3665 3811 Quanto

2072 3838 2290 3907 majora
2345 3854 2479 3908 erga
2501 3854 2597 3892 vos
2626 3838 2728 3892 Dei
2755 3836 3028 3891 beneﬁcia
3081 3835 3464 3901 narraveritis,
3503 3840 3664 3889 tanto

2072 3922 2302 3995 majoris
2322 3941 2417 3979 vos
2433 3925 2683 3979 criminis
2712 3941 2838 3979 reos
2854 3942 2975 3979 esse
2995 3923 3397 3979 monstrabitis.
3430 3924 3667 3993 Semper

2072 4013 2224 4067 enim
2269 4013 2358 4067 his
2380 4013 2640 4068 omnibus
2669 4013 2927 4068 extitistis
2954 4013 3181 4082 ingrati.
3215 4014 3362 4068 Nam
3407 4012 3543 4082 ipsis
3573 4027 3667 4080 pe-

2073 4101 2257 4168 dibus,
2287 4101 2487 4173 quibus
2509 4102 2730 4156 aridum
2752 4119 2906 4156 mare
2926 4102 3227 4168 transistis,
3245 4099 3522 4154 ludebatis
3534 4104 3667 4153 ante

2073 4189 2224 4244 idola
2252 4207 2374 4261 quae
2402 4190 2609 4245 fecistis
2634 4209 2646 4243 :
2680 4196 2737 4245 et
2756 4191 2815 4244 in
2834 4191 2957 4262 ipso
2979 4207 3074 4244 ore
3099 4206 3208 4261 quo
3230 4189 3396 4260 paulo
3426 4194 3558 4242 ante
3595 4186 3669 4241 ob

2073 4294 2269 4332 necem
2296 4278 2747 4333 adversariorum
2768 4278 3006 4333 Domino
3037 4275 3669 4343 cantaveratis,simula-

2074 4381 2170 4421 cra
2187 4366 2341 4421 vobis
2371 4367 2493 4421 ﬁeri
2533 4367 2835 4438 poposcitis
2867 4381 2878 4416 :
2909 4367 3020 4421 illis
3050 4366 3243 4433 oculis,
3276 4364 3477 4436 quibus
3505 4380 3670 4417 vene-

2075 4456 2252 4511 rando
2288 4456 2467 4511 Deum
2496 4456 2555 4510 in
2586 4456 2735 4511 nube
2766 4456 2849 4510 vel
2878 4456 3005 4526 igne
3042 4454 3362 4526 conspicere
3403 4451 3669 4507 solebatis

2078 4544 2273 4612 (Exod.
2349 4551 2539 4615 xxxn),
2623 4546 2924 4600 simulacra
3000 4542 3393 4598 intuebamini.
3460 4542 3673 4596 Manna

2075 4651 2297 4706 quoque
2358 4634 2511 4689 vobis
2575 4634 2797 4689 fastidio
2850 4634 2961 4688 fuit
3032 4635 3232 4704 (Ibid),
3313 4639 3372 4688 et
3445 4647 3672 4702 semper

2073 4723 2134 4777 in
2193 4725 2416 4778 deserto
2484 4729 2681 4778 contra
2733 4722 3042 4777 Dominum
3101 4721 3518 4786 murmurastis,
3593 4720 3671 4773 ad

397 4807 604 4880 cipere,
639 4824 827 4862 vocem
858 4807 961 4862 Dei
988 4808 1269 4878 loquentis
1304 4808 1501 4862 audire
1525 4810 1694 4874 (Rom.
1721 4811 1826 4875 In),
1850 4809 2398 4894 ejus-DIEgyptum,
2430 4812 2581 4866 unde
2606 4828 2703 4866 vos
2730 4828 2902 4866 manu
2938 4811 3122 4865 valida
3167 4812 3426 4881 ejecerat,
3483 4808 3672 4863 redire

400 4912 511 4967 que
544 4912 879 4966 cognoscere
906 4896 1272 4950 voluntatem.
1301 4897 1367 4951 In
1402 4912 1515 4967 qua
1533 4897 1655 4967 lege
1680 4896 1842 4952 nobis
1871 4914 1997 4968 pro-

403 4984 612 5039 missus
641 4989 728 5038 est
756 4984 1029 5051 Christus,
1063 4985 1134 5039 ad
1160 5000 1299 5057 quos
1332 4985 1503 5039 etiam
1544 4985 1664 5057 ipse
1692 5003 1751 5040 se
1780 4984 1996 5040 venisse

399 5078 643 5129 testatus
665 5078 771 5142 est,
792 5072 981 5127 dicens
1013 5092 1026 5128 :
1054 5075 1178 5129 Non
1205 5076 1331 5128 veni
1360 5075 1475 5128 nisi
1495 5076 1569 5128 ad
1605 5090 1721 5128 oves
1750 5091 1867 5144 qua;
1906 5091 1998 5144 pe-

401 5166 629 5218 rierunt
672 5163 866 5217 domus
904 5164 1077 5217 Israel
1122 5163 1341 5225 (Matth.
1374 5167 1500 5230 xv);
1535 5179 1663 5217 cum
1701 5180 1799 5218 vos
1828 5180 1996 5218 canes

401 5252 591 5326 potius
621 5267 790 5323 quam
818 5251 1075 5305 homines
1100 5251 1482 5322 appellaverit.
1511 5252 1831 5323 Equumne
1859 5270 1991 5324 ergo

403 5347 492 5396 est
509 5346 592 5407 ut,
628 5340 777 5395 idola
815 5340 982 5394 hodie
1027 5339 1577 5411 deserentes,quibus
1620 5340 1690 5395 ab
1714 5341 1874 5396 initio
1902 5342 1997 5396 de-

406 5430 677 5498 servistis,
710 5429 871 5484 nobis
901 5429 1305 5500 comparemini
1338 5447 1350 5482 :
1384 5434 1441 5483 et
1488 5446 1602 5483 non
1648 5430 1836 5500 potius
1874 5446 1998 5501 pro-

412 5517 723 5588 selytorum
745 5518 930 5575 locum
941 5534 1008 5574 ex
1016 5517 1157 5590 legis
1180 5517 1515 5574 auctoritate
1525 5524 1583 5574 et
1596 5519 1999 5576 consuetudine

2076 4901 2383 4972 cupientes.
2429 4899 2575 4964 Quid
2609 4901 2817 4971 plura?
2867 4901 2955 4955 Ita
3009 4906 3196 4972 patres
3250 4898 3419 4953 vestri
3470 4897 3671 4952 crebra

2077 4989 2466 5061 provocatione
2498 4988 2800 5044 Dominum
2827 4988 3208 5055 irritaverunt,
3256 4994 3319 5042 ut
3370 5003 3564 5042 omnes
3609 4986 3672 5040 in

2078 5094 2266 5133 eremo
2295 5082 2671 5146 morerentur,
2723 5094 2826 5131 nec
2879 5078 3006 5149 plus
3034 5094 3098 5131 ex
3127 5075 3439 5131 senioribus
3470 5091 3672 5129 eorum

2079 5183 2246 5237 quam
2269 5164 2379 5221 duo
2401 5165 2657 5220 homines
2678 5172 2891 5220 terram
2923 5164 3372 5237 repromissionis
3391 5165 3673 5218 intrarent

2079 5258 2269 5323 (Num.
2323 5255 2451 5324 x1v).
2513 5254 2622 5309 Sed
2672 5255 2806 5326 quid
2856 5255 3090 5325 antiqua
3135 5254 3489 5325 replicamus,
3541 5269 3672 5307 cum

2078 5343 2248 5398 etiam
2279 5343 2327 5396 si
2354 5342 2451 5397 illa
2474 5342 2706 5398 minime
2724 5343 3010 5407 fecissetis,
3035 5342 3105 5397 de
3127 5342 3232 5396 hoc
3255 5342 3373 5397 solo
3391 5358 3557 5396 nemo
3574 5357 3670 5394 vos

2079 5432 2277 5502 dignos
2298 5431 2459 5486 venia
2478 5432 2776 5501 judicaret,
2823 5432 2973 5502 quod
2997 5431 3300 5486 Dominum
3358 5430 3666 5496 Christum,

2082 5522 2487 5594 prophetarum
2510 5538 2732 5595 semper
2760 5521 2913 5577 vobis
2962 5520 3188 5601 vocibus
3240 5516 3666 5591 repromissum,
