4008 6186
435 272 530 330 111

1347 349 1352 351 _
1414 271 1476 325 Β.
1520 271 1935 328 LANFRANCI
1975 267 2337 326 CANTUAR.
2379 265 2718 321 ARCHIEP.

3598 265 3701 323 112

429 399 582 456 enim
611 399 733 471 agis
763 415 884 471 quze
903 397 1142 470 judicas.
1244 396 1464 453 Scimus
1493 398 1644 453 enim
1673 400 1941 471 quoniam
1960 395 2234 468 judicium
2259 394 2360 449 Dei
2390 398 2477 448 est
2493 393 2548 446 4.
2577 390 2898 448 Secundum
2929 391 3220 445 veritatem
3251 390 3310 445 in
3331 404 3428 444 eos
3447 389 3545 461 qui
3564 389 3703 443 talia

431 493 626 560 agunt.
649 487 703 543 5.
735 487 1032 542 Existimas
1061 491 1251 540 autem
1278 485 1404 551 hoc,
1429 501 1463 540 o
1490 487 1678 553 homo,
1704 488 1801 558 qui
1822 487 2042 557 judicas
2065 502 2160 540 eos
2188 483 2284 555 qui
2308 483 2446 536 talia
2465 486 2662 552 agunt,
2690 485 2748 534 et
2775 480 2916 534 facis
2947 496 3032 544 ea,
3057 478 3190 550 quia
3213 483 3277 533 tu
3301 477 3533 548 effugies
3557 478 3702 548 judi-

426 577 581 632 cium
618 575 761 632 Dei?
789 573 844 632 6.
892 577 980 629 An
1009 574 1229 628 divitias
1258 573 1527 628 bonitatis
1562 576 1702 644 ejus,
1750 582 1808 630 et
1854 574 2139 647 patientiae
2185 577 2242 626 et
2281 570 2727 642 longanimitatis
2755 568 3086 633 contemnis,
3128 571 3360 623 nolendo
3389 569 3655 635 respicere
3679 571 3703 620 ?

431 666 659 736 ignoras
685 663 951 735 quoniam
973 662 1289 732 benignitas
1306 663 1407 717 Dei
1429 663 1501 716 ad
1522 663 1852 734 patientiam
1872 669 1930 718 te
1951 661 2181 718 adducit
2197 660 2223 714 ‘?
2252 659 2572 714 Secundum
2594 663 2785 712 autem
2805 657 3070 712 duritiam
3093 660 3249 710 tuam
3270 660 3328 709 et
3345 653 3702 726 impoenitens

427 769 544 820 cor,
564 752 911 807 thesaurizas
924 767 1090 819 auges
1108 749 1212 804 tibi
1231 749 1396 817 iram,
1419 750 1477 804 in
1496 751 1588 804 die
1607 751 1703 806 ira:
1721 752 1772 807 7.
1794 758 1852 806 et
1868 749 2224 806 revelationis
2239 747 2379 818 justi
2396 746 2592 817 judicii
2610 745 2836 817 Dei,qui
2855 745 3054 800 reddet
3074 744 3375 815 unicuique
3393 743 3702 798 secundum

428 857 600 913 opera
613 842 663 912 ej
673 840 814 908 us,8.
829 839 899 894 iis
915 839 1138 912 quidem
1156 838 1252 910 qui
1265 839 1572 894 secundum
1583 839 1915 910 patientiam
1929 839 2060 894 boni
2073 838 2278 909 operis,
2294 840 2394 905 qui
2398 839 2675 905 patienter
2691 837 2893 888 bonum
2911 850 3044 902 opus
3047 835 3243 902 perﬁci
3246 829 3424 896 unt,9.
3436 831 3703 902 gloriam,

427 933 615 985 carnis
630 931 1114 984 commutationem
1128 932 1186 981 et
1203 927 1495 993 honorem,
1514 929 1650 996 quia
1667 930 1778 995 ﬁlii
1794 929 1894 982 Dei
1907 929 2252 982 vocabuntur
2271 924 2355 982 10.
2374 929 2432 979 et
2445 923 2922 994 incorruptionem
2943 921 3395 993 quaerunt,vitam
3411 931 3698 986 aeternam,

426 1034 540 1073 non
568 1019 790 1073 laudem
819 1019 1171 1086 temporalem
1194 1033 1206 1068 :
1251 1020 1292 1080 ι
1316 1021 1358 1080 ι
1393 1013 1481 1071 11.
1515 1015 1590 1070 Iis
1612 1021 1803 1070 autem
1831 1016 1926 1087 qui
1955 1020 2090 1070 sunt
2118 1017 2314 1069 vivunt
2358 1012 2445 1068 12.
2479 1029 2548 1067 ex
2577 1011 2952 1076 contentione,
2985 1016 3042 1065 et
3070 1011 3166 1082 qui
3196 1027 3311 1065 non
3339 1009 3704 1081 acquiescunt

427 1106 666 1172 veritati,
700 1104 787 1162 13.
819 1105 1056 1160 credunt
1093 1109 1283 1158 autem
1323 1103 1630 1177 iniquitati.
1669 1104 1753 1161 14.
1787 1105 1873 1158 ira
1902 1110 1959 1160 et
2001 1102 2333 1173 indignatio.
2365 1101 2678 1156 Tribulatio
2708 1106 2764 1156 et
2809 1101 3068 1171 angustia
3095 1101 3356 1155 reddetur
3384 1100 3445 1155 in
3474 1115 3702 1155 omnem

423 1196 674 1250 animam
701 1194 946 1248 hominis
976 1193 1262 1265 operantis
1287 1193 1520 1259 malum,
1558 1192 1641 1259 15,
1672 1193 1760 1248 16.
1793 1193 1972 1248 Judaei
1999 1191 2244 1264 primum
2278 1193 2522 1244 maxime
2551 1196 2608 1244 et
2637 1189 2814 1244 Graeci
2839 1209 2852 1258 ;
2890 1188 2974 1245 17.
3005 1189 3188 1259 gloria
3217 1193 3409 1244 autem
3437 1194 3496 1243 et
3520 1188 3704 1244 honor

425 1288 484 1338 et
509 1300 617 1354 pax
643 1299 680 1337 α
711 1285 1164 1351 concupiscentiis
1192 1282 1346 1336 omni
1379 1283 1635 1353 operanti
1659 1281 1869 1336 bonum
1895 1283 2176 1347 reddetur,
2212 1279 2298 1337 18.
2329 1280 2521 1335 Judan
2551 1279 2799 1350 primum
2824 1283 2882 1332 et
2914 1279 3126 1333 Graeco.
3157 1276 3247 1334 19.
3279 1279 3407 1333 Non
3435 1277 3587 1332 enim
3615 1282 3703 1332 est

423 1371 674 1444 acceptio
694 1387 1061 1443 personarum
1084 1371 1232 1442 apud
1248 1371 1448 1425 Deum.
1471 1369 1562 1427 20.
1577 1370 1906 1442 Quicunque
1926 1370 2077 1424 enim
2098 1370 2220 1424 sine
2239 1370 2363 1440 lege
2383 1373 2773 1440 peccaverunt,
2791 1367 2913 1421 sine
2931 1367 3056 1438 lege
3074 1369 3313 1422 crimine
3327 1369 3702 1436 pramaricatz

425 1462 558 1528 legis
603 1460 903 1532 peribunt;
950 1464 1006 1514 et
1048 1459 1366 1530 quicunque
1405 1459 1464 1514 in
1511 1460 1633 1528 lege
1663 1464 2050 1530 peccaverunt,
2082 1457 2173 1514 21.
2214 1474 2317 1528 per
2354 1458 2538 1528 legem
2570 1473 2673 1526 per
2702 1457 3220 1526 praevaricationem
3250 1457 3696 1519 damnabantur,

414 1548 843 1618 judicabuntur.
870 1549 994 1603 Non
1023 1548 1173 1602 enim
1211 1548 1494 1602 auditores
1534 1547 1674 1618 legis
1699 1548 1842 1618 justi
1880 1553 2014 1602 sunt
2039 1546 2190 1619 apud
2219 1547 2420 1610 Deum,
2451 1544 2541 1602 22.
2572 1545 2671 1600 sed
2711 1545 2951 1599 factores
2987 1543 3127 1615 legis
3167 1546 3277 1598 sive
3319 1546 3384 1598 in
3422 1547 3549 1612 lege,
3589 1545 3701 1596 sive

418 1640 538 1692 sine
567 1641 677 1706 lege
699 1635 1175 1707 justiﬁcabuntur.
1199 1638 1506 1706 Responsio.
1528 1635 1618 1692 23.
1643 1637 1784 1691 Cum
1810 1637 1961 1691 enim
1983 1640 2203 1707 gentes,
2227 1651 2350 1707 quae
2377 1635 2561 1706 legem
2587 1651 2699 1688 non
2721 1632 2948 1699 habent,
2977 1631 3314 1687 naturaliter
3331 1648 3399 1686 ea
3415 1647 3538 1702 quae
3556 1630 3701 1702 legis

385 1796 388 1799 Ι
415 1728 552 1798 sunt
571 1724 806 1794 faciunt,
834 1723 1110 1793 ejusmodi
1138 1723 1321 1794 legem
1339 1726 1604 1793 scriptam
1625 1739 1738 1778 non
1758 1723 2049 1790 habentes,
2071 1724 2178 1796 ipsi
2198 1717 2304 1778 sibi
2323 1729 2457 1779 sunt
2483 1724 2591 1790 lex,
2624 1723 2721 1794 qui
2748 1722 3055 1777 ostendunt
3081 1738 3222 1793 opus
3250 1720 3394 1792 legis
3418 1720 3692 1792 scriptum

1752 1892 2343 1949 COMMENTARIUS.

483 2041 537 2100 3.
601 2043 809 2097 LANl-‘R.
873 2041 1091 2098 Scimus
1145 2047 1332 2097 autem
1399 2045 1666 2111 quoniam
1731 2043 2357 2112 judiciumAdifﬁdens
2399 2044 2558 2116 pejus
2604 2041 2933 2098 tractandus
2970 2046 3078 2108 est,
3108 2042 3243 2114 quia
3276 2040 3538 2098 Patribus
3567 2041 3692 2112 [al.,

411 2132 510 2186 Dei
581 2136 680 2186 est.
745 2129 1095 2186 Auctoritate
1167 2147 1271 2185 sua
1334 2132 1633 2186 conﬁrmat
1692 2138 2012 2203 peccatores

408 2219 859 2292 supradictorum
923 2219 1198 2274 scelerum
1259 2220 1602 2290 generaliter
1664 2237 1785 2276 esse
1851 2221 2010 2275 dam-

405 2308 644 2364 nandos.

475 2399 530 2452 4.
552 2397 867 2453 Secundum
881 2401 1190 2468 veritatem,
1201 2397 1260 2452 id
1280 2402 1384 2460 est,
1408 2398 1713 2454 secundum
1729 2399 2002 2464 iustitiam

401 2487 522 2542 sine
551 2487 871 2559 acceptione
901 2503 1290 2558 personarum.

410 2612 414 2613 ί
465 2577 842 2632 5.Ea:istimas
863 2582 1049 2631 autem
1067 2577 1182 2642 hoc,
1206 2593 1234 2630 ο
1253 2577 1412 2630 homo
1436 2578 1617 2631 omnis
1643 2579 1743 2646 qui
1749 2578 1994 2646 judicas.
2054 2647 2057 2650 _

398 2665 607 2721 Putare
637 2671 826 2738 posset
855 2665 1058 2737 aliquis
1081 2665 1378 2737 imperitus
1408 2665 1558 2736 quod
1578 2670 1738 2720 tanto
1767 2665 2000 2721 liberius

398 2770 630 2826 peccare
659 2753 870 2822 liceret,
904 2759 1115 2826 quanto
1158 2754 1484 2824 diligentius
1528 2754 1667 2809 alios
1701 2771 1736 2808 a
1772 2760 1999 2826 peccato

399 2849 796 2914 compesceret.

468 2931 525 2986 6.
550 2933 799 2988 Aunaos.
829 2933 919 2987 An
942 2933 1169 2986 divitias
1204 2933 1466 2986 bonitatis
1507 2934 1624 3002 ejus
1652 2938 1702 2986 et
1720 2932 2003 3001 patientiae

399 3026 448 3074 et
478 3010 926 3089 longanimitatis
944 3026 969 3074 7
1009 3020 1139 3075 Haec
1166 3020 1304 3074 dicit
1347 3024 1412 3074 ut
1456 3036 1569 3074 non
1593 3021 1714 3090 jam
1742 3037 1801 3074 se
1842 3025 2003 3092 putet

399 3108 663 3175 evasisse,
695 3109 744 3163 si
769 3108 985 3181 patitur
1013 3108 1175 3162 illum
1199 3108 1295 3162 diu
1329 3113 1673 3179 peccantem.

473 3197 524 3251 7.
567 3197 634 3252 Et
663 3199 1014 3252 reuelationis
1039 3199 1190 3265 justi
1227 3198 1441 3266 judicii
1483 3199 1601 3251 Dei.
1647 3196 2003 3261 Revelabitur

402 3285 553 3357 quod
580 3285 748 3340 modo
790 3285 1043 3339 futurum
1084 3290 1344 3354 negatur.
1376 3284 1519 3339 Cum
1565 3284 1715 3339 enim
1759 3286 2004 3341 ostendit

2093 2132 2328 2204 donum]
2354 2132 2691 2204 promissum
2719 2131 3002 2186 refutavit.

2168 2221 2252 2278 16.
2277 2223 2487 2277 Lutea.
2513 2222 2716 2276 Judzi.
2736 2219 2848 2275 Per
2865 2221 3108 2288 Iudaeos,
3132 2221 3386 2276 inﬁdeles
3409 2220 3695 2292 intelligit,

2091 2310 2188 2381 qui
2229 2310 2471 2365 maxime
2499 2310 2807 2382 punientur
2836 2309 2884 2364 si
2926 2315 3205 2382 praecepta
3230 2310 3332 2365 Dei
3359 2326 3473 2365 non
3501 2308 3702 2364 obser-

2087 2405 2256 2466 vant;
2294 2417 2397 2471 per
2425 2400 2645 2460 Graecos
2670 2403 2886 2469 gentes,
2918 2398 2976 2453 id
3022 2405 3110 2454 est
3135 2399 3388 2454 inﬁdeles
3422 2417 3434 2454 :
3461 2395 3503 2453 'a
3530 2402 3698 2470 parte

2083 2491 2291 2544 totum.

2156 2575 2243 2633 17.
2269 2576 2519 2632 AMBROS.
2549 2577 2739 2632 Gloria
2768 2582 2975 2645 autem,
3024 2583 3075 2632 et
3126 2579 3302 2634 honor
3347 2582 3398 2631 et
3445 2591 3578 2646 par,
3620 2580 3693 2630 ut

2080 2665 2352 2720 honorem
2378 2665 2670 2737 geminum
2698 2663 2961 2731 habeant,
2995 2666 3156 2737 quasi
3186 2665 3314 2721 Filii
3343 2665 3465 2720 Dei.
3496 2663 3696 2720 Gloria

2081 2757 2274 2807 autem
2297 2754 2362 2806 ﬁt
2384 2770 2486 2824 pro
2515 2752 2937 2818 immutatione;
2967 2769 3075 2824 pax
3094 2770 3244 2821 vero,
3276 2770 3342 2808 eo
3366 2752 3516 2824 quod
3541 2751 3686 2806 bene

2083 2840 2329 2896 viventes
2358 2842 2534 2912 quieti
2558 2846 2725 2896 erunt
2752 2841 2812 2895 in
2839 2842 3050 2909 futuro,
3081 2843 3238 2896 nulla
3265 2841 3695 2914 perturbatione

2084 2929 2372 2984 commoti.

2158 3016 2244 3074 10.
2273 3019 2482 3073 LANFR.
2529 3021 2732 3073 Judwo.
2776 3019 2956 3075 Judaei
3003 3019 3251 3090 primum
3298 3019 3515 3090 operati
3556 3025 3697 3073 sunt

2083 3105 2312 3172 bonum,
2334 3112 2529 3178 postea
2557 3107 2754 3162 Graeci.

2157 3193 2244 3250 19.
2283 3196 2408 3250 Νοη
2435 3199 2586 3250 enim
2616 3202 2692 3250 est
2713 3211 3104 3264 personarum,
3137 3202 3244 3252 etc.
3277 3197 3396 3251 Hoc
3419 3196 3491 3251 ad
3522 3211 3695 3267 supe-

2081 3282 2234 3337 riora
2251 3283 2498 3354 respicit,
2519 3283 2617 3351 ubi
2637 3285 2720 3339 ait
2742 3302 2754 3338 :
2776 3284 2895 3350 Ira,
2912 3289 3020 3340 etc.
3036 3285 3107 3340 Et
3121 3288 3185 3339 in
3200 3301 3418 3340 omnem
3432 3287 3696 3339 animam

402 3373 553 3445 quod
581 3389 696 3428 non
723 3389 846 3427 esse
875 3373 1144 3438 creditur,
1169 3373 1468 3427 reveletur.
1500 3372 1602 3426 His
1629 3371 1780 3427 enim
1811 3375 2064 3434 osten-B
2081 3375 2359 3440 operantis
2384 3376 2620 3428 malum.
2646 3373 2717 3427 Et
2741 3373 2910 3444 paulo
2934 3379 3060 3445 post
3092 3389 3108 3430 :
3147 3375 3356 3441 Gloria,
3380 3379 3509 3440 etc.,
3533 3367 3696 3428 omni

400 3461 574 3529 ditur,
606 3461 740 3533 quia
760 3462 885 3532 [al.,
907 3461 1026 3532 qui]
1055 3466 1265 3532 negant
1293 3455 1427 3532 quia
1443 3460 1800 3516 credentibus
1826 3463 2004 3517 mani-

400 3548 606 3604 festum
639 3555 747 3604 est.

471 3635 524 3695 8.
562 3641 639 3693 [is
684 3639 905 3708 quidem
946 3639 1249 3693 secundum
1272 3640 1606 3708 patientiam
1649 3640 1778 3693 boni
1803 3643 2000 3708 operis.

402 3725 620 3792 Quibus
654 3727 811 3782 dedit
833 3727 983 3781 Deus
1007 3726 1269 3781 ﬁduciam
1306 3726 1457 3792 ﬁdei,
1489 3743 1561 3782 ne
1595 3727 1691 3782 diu
1717 3727 1808 3782 hic
1838 3727 2006 3797 positi

401 3815 673 3870 damnum
697 3815 989 3870 incurrant
1017 3815 1304 3886 promissae
1326 3815 1472 3870 vitae.

473 3901 529 3961 9.
569 3904 820 3960 Gloriam
864 3909 915 3958 et
961 3905 1242 3958 honorem.
1274 3905 1341 3959 In
1385 3904 1648 3976 praesenti
1686 3905 1837 3961 enim
1868 3906 2000 3974 vita,

400 3992 582 4064 gloria
609 3993 698 4048 vel
741 3993 922 4048 honor
961 3993 1287 4064 frequenter
1315 3993 1615 4061 amittitur,
1649 3993 1782 4065 quia
1810 4011 2005 4050 corru-

402 4080 614 4152 ptibilis
645 4086 751 4138 est.

469 4168 561 4227 10.
594 4171 802 4226 LANFR.
841 4171 911 4225 Et
955 4172 1432 4240 incorruptionem
1479 4177 1757 4240 quaerunt,
1789 4171 1848 4226 id
1895 4177 1999 4238 est,

401 4258 452 4314 si
501 4259 561 4314 in
616 4259 930 4315 intentione
990 4264 1250 4331 quaerunt
1302 4259 1474 4314 vitam
1522 4264 1809 4315 aeternam.
1841 4261 2005 4316 Multi

402 4348 554 4402 enim
576 4346 725 4403 bona
750 4353 1058 4420 operantur
1081 4353 1312 4420 propter
1337 4349 1585 4404 favorem
1616 4348 1931 4405 hominum.

476 4433 562 4491 11.
592 4437 838 4492 Αωιιιοε.
869 4439 948 4492 Iis
975 4443 1162 4492 autem
1196 4441 1297 4506 qui
1333 4454 1397 4492 ea:
1424 4441 1785 4505 contentione,
1811 4438 1869 4493 id
1897 4443 2002 4506 est,

403 4523 500 4595 qui
542 4524 645 4578 Dei
691 4529 1061 4580 contemnunt
1097 4525 1450 4597 patientiam,
1494 4526 1843 4582 contendunt
1876 4543 2005 4582 eva-

403 4628 572 4667 cuare
593 4611 868 4682 judicium
897 4613 1021 4671 Dei.

2086 3463 2341 3528 aperanti
2365 3462 2588 3516 bonum.

2159 3546 2248 3605 20.
2280 3550 2528 3606 AMBROS.
2579 3551 2901 3620 Quicunque
2941 3554 3094 3606 enim
3137 3554 3258 3606 sine
3303 3555 3413 3621 lege
3447 3567 3698 3621 peccave-

2089 3643 2246 3704 runt,
2276 3641 2397 3692 sine
2423 3642 2536 3706 tege
2579 3641 2866 3708 peribunt,
2917 3639 2976 3694 id
3022 3645 3127 3706 est,
3158 3639 3280 3695 sine
3319 3639 3548 3711 judicio.
3580 3639 3699 3704 Qui

2088 3727 2239 3782 enim
2270 3742 2384 3782 non
2431 3727 2628 3792 credit,
2671 3728 2792 3797 jam
2823 3728 3108 3798 judicatus
3137 3733 3255 3795 est;
3294 3745 3399 3783 nec
3426 3734 3557 3783 ante
3584 3728 3696 3783 tri-

2087 3815 2258 3871 bunal
2287 3814 2498 3870 Christi
2542 3814 2729 3882 stabit,
2764 3816 2864 3871 sed
2901 3833 3205 3888 resurgens
3231 3816 3469 3872 ducetur
3491 3817 3563 3872 ad
3587 3832 3695 3887 ge-

2087 3905 2356 3962 hennam.

2155 3994 2246 4048 21.
2271 3996 2376 4048 Per
2395 3997 2564 4062 legem
2582 3995 3014 4063 judz'cabuntur.
3036 3995 3286 4051 Peccatis
3307 4011 3504 4052 eorum
3522 3994 3697 4051 adde-

2087 4087 2183 4137 tur
2209 4086 2502 4154 peccatum
2525 4082 3022 4154 praevaricationis.

2155 4170 2244 4228 22.
2298 4173 2545 4226 Arcanos.
2594 4172 2699 4228 Sed
2747 4173 2979 4240 factores
3026 4175 3160 4242 legis
3196 4176 3687 4244 justiﬁcabuntur.

2087 4258 2329 4313 Credere
2369 4257 2428 4312 in
2468 4257 2756 4314 Christum
2801 4275 2971 4330 quem
3006 4259 3094 4314 lex
3137 4260 3413 4332 promisit,
3445 4262 3549 4317 hoc
3574 4266 3689 4331 est,

2085 4346 2288 4402 facere-
2309 4347 2492 4417 legem
2533 4351 2592 4402 et
2636 4364 2776 4419 opus
2816 4347 2959 4419 legis
3002 4348 3275 4420 scriptum
3323 4349 3381 4404 in
3427 4349 3696 4407 cordibus

2086 4435 2304 4501 vestris,
2331 4436 2470 4491 ﬁdes
2498 4440 2603 4491 est.

2157 4523 2247 4583 23.
2269 4526 2515 4580 Αυαυετ.
2541 4526 2654 4596 (lib.
2679 4527 2753 4580 De
2772 4528 2911 4595 spir.
2931 4532 2980 4582 et
3006 4529 3116 4593 lit.,
3138 4544 3261 4599 cap.
3287 4524 3377 4595 26,
3398 4533 3536 4586 tom.
3559 4527 3699 4596 III.)

2088 4615 2227 4671 Cum
2247 4617 2398 4668 enim
2424 4619 2605 4683 gentes
2625 4631 2742 4684 quae
2771 4618 2942 4682 legem
2963 4631 3077 4670 non
3095 4617 3315 4672 habent.
3339 4617 3548 4672 Gentes
3563 4633 3702 4688 qum

470 4699 563 4756 12.
609 4701 816 4758 Lmen.
866 4701 953 4756 Ea:
1005 4704 1366 4756 contentione.
1427 4702 1505 4757 Ex
1559 4706 1706 4757 coetu
1769 4709 2000 4761 conten-
2025 4697 2422 4758 Cnaturaliter
2474 4719 2600 4774 quae
2651 4702 2791 4774 legis
2846 4710 2982 4758 sunt
3031 4704 3264 4774 faciunt,
3321 4705 3567 4777 profecto
3612 4707 3702 4763 ad

402 4787 568 4855 tioso,
590 4789 687 4860 qui
707 4788 1077 4844 christianam
1099 4790 1431 4860 religionem
1451 4807 1573 4845 esse
1595 4790 1856 4848 inutilem
1876 4809 2004 4848 con-

402 4877 664 4936 tendunt.
1634 4940 1642 4942 _

468 4964 560 5024 13.
589 4967 835 5022 AMBROS.
864 4967 1108 5023 Gredunt
1135 4973 1323 5022 autem
1353 4970 1674 5038 iniquitati.
1727 4970 2003 5042 Iniquitas

399 5061 487 5112 est
529 5071 738 5127 negare
765 5057 914 5128 quod
943 5057 1094 5112 Deus
1133 5056 1387 5113 futurum
1417 5075 1543 5114 esse
1583 5059 1842 5132 promisit
1872 5059 1998 5134 [al.,

397 5141 682 5218 praedixit]
692 5183 705 5198 .

469 5233 558 5288 14.
587 5235 686 5288 Ira
711 5237 763 5287 et
800 5234 1136 5302 indignatio,
1168 5239 1234 5290 ut
1260 5235 1631 5308 spiritualem,
1663 5251 1778 5292 non
1812 5254 2003 5311 corpo-

396 5321 575 5377 ralem
599 5336 826 5394 poenam
855 5320 1161 5394 intelligas.

472 5408 557 5466 15.
583 5412 764 5466 Judaei
791 5413 1052 5480 primum
1073 5416 1124 5466 et
1151 5411 1343 5469 Graeci.
1371 5413 1630 5470 Judaeum
1661 5432 1885 5488 semper
1911 5432 2010 5476 an.

396 5497 637 5569 teponit,
661 5503 730 5556 ut
746 5503 848 5556 aut
866 5504 1169 5558 coronetur
1185 5499 1404 5574 primus
1420 5508 1521 5560 aut
1542 5505 1864 5577 damnetur,
1877 5506 2014 5579 quia

2085 4792 2448 4864 Evangelium
2467 4791 2770 4864 pertinent,
2790 4792 2992 4864 quibus
3009 4793 3097 4848 lex
3118 4795 3180 4850 in
3201 4795 3462 4850 cordibus
3479 4795 3702 4866 scripta

2084 4887 2191 4936 est.
2240 4883 2356 4937 Nec
2401 4885 2624 4936 moveat
2666 4882 2817 4952 quod
2860 4883 3196 4938 naturaliter
3246 4900 3341 4939 eos
3378 4884 3518 4938 dixit
3563 4900 3700 4955 quae

2086 4969 2225 5040 legis
2259 4975 2392 5025 sunt
2417 4969 2620 5036 facere,
2652 4985 2767 5025 non
2795 4970 3009 5042 Spiritu
3036 4971 3158 5040 Dei,
3190 4988 3303 5027 non
3328 4973 3546 5042 gratia;
3581 4972 3703 5028 hoc

2087 5059 2238 5113 enim
2269 5058 2388 5129 agit
2418 5058 2660 5130 Spiritus
2685 5059 2884 5130 gratiae
2908 5065 2974 5114 ut
2997 5060 3303 5131 imaginem
3329 5061 3451 5129 Dei,
3483 5062 3543 5115 in
3574 5076 3704 5132 qua.

2084 5147 2419 5202 naturaliter
2445 5147 2578 5202 facti
2603 5164 2821 5215 sumus,
2865 5149 3141 5204 instauret
3173 5150 3233 5205 in
3268 5149 3450 5205 nobis.
3474 5149 3700 5206 Vitium

2084 5237 2291 5309 quippe
2318 5241 2515 5292 contra
2541 5242 2805 5293 naturam
2833 5243 2940 5306 est,
2964 5238 3115 5310 quod
3141 5239 3338 5311 utique
3365 5243 3530 5294 sanat
3551 5253 3699 5310 gra-

2084 5327 2184 5393 tia,
2225 5325 2461 5398 proinde
2506 5325 2760 5384 homines
2805 5327 3143 5384 naturaliter
3185 5344 3310 5400 quae
3347 5328 3490 5400 legis
3529 5333 3692 5398 sunt,

2088 5415 2322 5472 faciunt.
