4048 6176
329 303 424 362 113
1051 301 1128 358 1N
1166 300 1233 357 D.
1273 298 1489 356 PAULI
1527 298 1755 356 EPIST.
1799 300 2174 362 COMMENT.
2213 332 2282 348 —
2322 304 2547 361 EPIST.
2586 307 2683 362 AD
2721 307 2894 364 ROM.
3483 313 3583 372 m

320 431 376 486 in
393 427 652 486 cordibus
678 431 816 498 suis,
844 428 935 486 24.
966 425 1352 484 testimonium
1380 425 1648 480 reddente
1675 423 1786 480 illis
1816 426 2168 484 conscientia
2197 430 2466 503 ipsorum,
2499 437 2557 486 et
2585 431 2674 488 25.
2706 434 2855 490 inter
2882 452 2944 492 se
2961 431 3060 494 26.
3098 437 3338 496 invicem
3366 439 3584 510 cogita-

321 519 567 575 tionibus
594 517 988 574 accusantibus
1006 523 1104 573 aut
1132 517 1304 571 etiam
1323 515 1754 572 defendentibus
1778 533 1792 582 ;
1819 515 1878 572 in
1904 517 2013 584 die,
2046 534 2174 573 cum
2193 519 2472 590 judicabit
2497 521 2647 576 Deus
2665 525 2882 580 occulta
2919 525 3233 593 hominum,
3265 529 3577 586 secundum

320 608 680 677 Evangelium
711 624 922 674 meum,
943 623 1044 678 per
1069 607 1262 661 Jesum
1294 605 1602 662 Christum.
1643 610 1758 671 lg
1799 605 1857 660 Si
1893 613 2082 661 autem
2109 605 2200 672 27,
2240 605 2330 664 28.
2371 614 2435 662 tu
2471 609 2698 664 Iudaeus
2725 614 3161 682 cognominaris,
3193 621 3251 670 et
3275 617 3584 688 requiescis

317 698 598 750 delectaris
636 696 696 750 in
723 697 868 767 lege,
917 701 975 750 et
1011 694 1272 765 gloriaris
1313 693 1372 748 in
1409 693 1546 759 Deo,
1592 700 1649 747 et
1675 693 1822 747 nosti
1853 694 2198 749 voluntatem
2227 697 2368 766 ejus,
2391 704 2449 750 et
2476 698 2680 768 probas
2713 699 2958 760 utiliora.
3008 702 3318 758 instructus
3351 704 3444 762 29.
3475 723 3578 778 per

318 786 518 855 legem,
552 786 788 840 conﬁdis
813 791 873 840 te
901 785 1087 857 ipsum
1115 801 1238 839 esse
1257 785 1456 839 ducem
1480 798 1773 849 caecorum,
1803 783 1996 838 lumen
2033 800 2227 839 eorum
2249 785 2346 856 qui
2375 785 2433 839 in
2462 786 2708 841 tenebris
2737 794 2888 853 sunt,
2930 787 3042 854 30..
3075 791 3418 848 eruditorem
3447 797 3580 862 legis

315 874 720 945 insipientium,
748 876 1081 945 magistrum
1106 873 1427 939 infantium,
1461 871 1759 926 habentem
1785 871 1875 928 31.
1902 872 2141 927 formam
2172 877 2451 943 exemplar
2469 874 2716 930 scientiae
2737 882 2793 931 et
2820 877 3072 933 veritatis
3099 879 3158 933 in
3183 879 3326 950 lege.
3347 880 3438 935 32.
3472 882 3583 947 Qui

316 978 446 1032 ergo
479 963 660 1017 alium
687 963 872 1030 doces,
901 964 1144 1034 teipsum
1163 979 1279 1016 non
1299 961 1465 1016 doces
1489 979 1502 1028 ;
1537 959 1625 1016 33.
1659 960 1757 1030 qui
1782 961 2052 1033 praedicas
2082 977 2196 1016 non
2224 963 2549 1030 furandum,
2581 964 2786 1019 furaris
2815 984 2828 1033 ;
2857 966 2955 1037 qui
2981 966 3120 1021 dicis
3147 984 3260 1023 non
3289 970 3577 1026 moechan-

316 1051 468 1117 dum,
498 1053 824 1121 moecbaris;
848 1053 946 1122 qui
965 1051 1309 1106 abominaris
1328 1051 1482 1105 idola
1503 1048 1614 1111 34.,
1646 1049 2002 1120 sacrilegium
2021 1050 2176 1116 facis,
2200 1053 2451 1119 teipsum,
2475 1055 2575 1121 qui
2595 1069 2748 1107 sacer
2766 1069 2870 1108 esse
2892 1055 3174 1123 debueras,
3193 1058 3382 1112 divino
3399 1062 3584 1113 cultui

316 1141 719 1208 subtrahendo;
751 1142 847 1213 qui
867 1142 924 1195 in
953 1141 1077 1211 lege
1098 1139 1382 1210 gloriaris,
1408 1155 1510 1210 per
1536 1139 2051 1209 praevaricationem
2074 1137 2214 1209 legis
2241 1139 2420 1193 Deum
2447 1140 2770 1196 inhonorus.
2799 1139 2888 1198 35.
2917 1143 3139 1198 Nomen
3167 1145 3316 1200 enim
3351 1146 3453 1200 Dei
3480 1161 3582 1217 per

314 1246 407 1283 vos
436 1229 862 1302 blasphematur
889 1230 1040 1284 inter
1060 1235 1279 1300 gentes,
1311 1228 1457 1282 sicut
1473 1226 1748 1297 scriptum
1779 1233 1866 1281 est
1885 1227 1960 1302 (in
1991 1227 2140 1282 Isaia
2169 1241 2272 1294 LII;
2319 1229 2513 1283 Ezech.
2558 1234 2689 1298 va).
2723 1233 3028 1300 Responsio.
3060 1231 3424 1288 Circumcisio
3453 1235 3579 1306 qui-

315 1318 436 1372 dem
468 1319 718 1390 prodest,
750 1319 796 1373 si
829 1320 1010 1390 legem
1039 1317 1326 1385 observes;
1349 1317 1607 1370 siautem
1637 1315 2028 1386 praevaricator
2042 1317 2182 1386 legis
2198 1317 2644 1383 sis,circumcisio
2672 1325 2774 1374 tua
2798 1322 3134 1392 praeputium
3162 1322 3308 1377 facta
3335 1328 3441 1378 est.
3457 1323 3581 1378 Non

307 1411 492 1476 pluris
517 1414 593 1462 est
614 1411 885 1478 przputio
911 1409 1235 1476 gentilium.
1276 1406 1334 1462 Si
1363 1405 1536 1476 igitur
1564 1403 1897 1476 praeputium
1934 1403 2184 1473 justitias
2213 1403 2352 1474 legis
2383 1407 2682 1472 custodiat,
2713 1424 2902 1463 nonne
2935 1410 3275 1480 praeputium
3306 1411 3458 1466 illius
3487 1407 3580 1468 36.

311 1497 364 1550 in
390 1497 881 1552 circumcisionem
902 1495 1276 1568 reputabitur,
1309 1499 1470 1550 illius
1499 1494 1788 1548 collatione
1816 1492 2190 1558 damnaberis,
2223 1497 2280 1546 et
2300 1492 2575 1562 judicabit
2595 1495 2651 1549 id
2680 1496 2831 1566 quod
2860 1513 2928 1551 ex
2955 1503 3162 1552 natura
3184 1503 3272 1553 est
3297 1502 3580 1554 naturali-

313 1592 389 1640 ter
416 1589 766 1654 intelligitur
802 1586 1162 1657 praeputium,
1210 1584 1393 1655 legem
1425 1596 1843 1645 consummans,
1882 1581 2169 1648 perite-iens
2192 1586 2269 1647 te,
2314 1581 2408 1652 qui
2449 1599 2550 1653 per
2593 1583 2842 1638 litteram
2873 1591 2932 1640 et
2959 1587 3436 1642 circumcisionem
3467 1603 3582 1642 non

310 1675 647 1728 observatam
673 1675 1068 1746 praevaricator
1091 1673 1232 1744 legis
1253 1673 1353 1728 es?
1403 1674 1709 1742 Responsio.
1741 1669 1867 1723 Non
1896 1666 2050 1722 enim
2090 1667 2187 1738 qui
2232 1668 2290 1722 in
2333 1670 2647 1738 manifesto,
2679 1673 2906 1729 Judaeus
2934 1677 3074 1744 {est;
3127 1691 3312 1746 neque
3347 1693 3473 1747 qua:
3509 1675 3572 1730 in

309 1761 624 1829 manifesto,
651 1763 712 1817 in
733 1779 921 1830 carne,
950 1767 1038 1817 est
1063 1761 1446 1828 circumcisio;
1477 1760 1576 1814 sed
1597 1757 1693 1830 qui
1716 1757 1776 1813 in
1804 1756 2150 1823 abscondito,
2185 1759 2411 1814 Iudaeus
2437 1767 2524 1815 est
2552 1764 2872 1818 laudandus
2903 1770 2979 1818 est
3009 1784 3026 1819 :
3055 1769 3131 1830 et,
3165 1767 3256 1818 sed
3282 1769 3381 1834 qui
3421 1767 3580 1820 habet

309 1850 449 1904 hanc
477 1853 982 1920 circumcisionem,
1005 1849 1355 1905 circumcisio
1394 1849 1598 1914 cordis,
1641 1849 1953 1916 amputatio
1982 1848 2252 1902 vitiorum
2282 1849 2342 1902 in
2369 1850 2591 1921 spiritu,
2623 1868 2736 1907 non
2768 1852 2958 1908 littera
2983 1872 2997 1921 ;
3023 1854 3187 1925 cujus
3217 1853 3344 1910 laus
3370 1869 3485 1910 non
3513 1869 3581 1910 ex

310 1935 628 1992 hominibus
659 1938 757 1994 sed
776 1955 842 1994 ex
867 1940 984 1994 Deo
1016 1944 1121 2006 est,
1151 1941 1286 2010 quia
1313 1940 1483 1994 etiam
1512 1938 1760 1992 homines
1788 1950 2201 2004 nonnunquam
2229 1940 2570 2007 vituperant.

1689 2065 1805 2126 la
1836 2058 2072 2114 CAPUT
2099 2057 2204 2114 III.

378 2167 428 2224 1.
461 2167 718 2237 Objectio.
752 2169 802 2223 l.
837 2168 986 2234 Quid
1004 2185 1138 2242 ergo
1167 2169 1412 2241 amplius
1439 2167 1633 2224 Judeo
1655 2165 1784 2220 est?
1825 2168 1926 2219 aut
1951 2180 2074 2235 quae
2109 2166 2326 2222 utilitas
2355 2168 2831 2226 circumcisionis?
2859 2173 3170 2241 Responsio.
3203 2173 3446 2230 Multum
3473 2191 3576 2247 per

305 2271 534 2310 omnem
551 2256 805 2312 modum.
834 2255 889 2315 2.
910 2257 1165 2313 Primum
1202 2257 1450 2330 quidem,
1482 2256 1618 2328 quia
1641 2253 1858 2310 credita
1875 2256 2010 2308 sunt
2037 2253 2148 2309 illis
2177 2256 2400 2328 eloquia
2423 2258 2544 2312 Dei.
2566 2261 2873 2329 Responsio.
2903 2261 3052 2326 Quid
3079 2261 3253 2330 enim,
3279 2262 3328 2319 si
3350 2263 3582 2336 quidam

1639 2369 2234 2428 COMMENTARIUS.

368 2488 461 2544 24.
484 2491 744 2546 Alnnos.
795 2492 1190 2545 Testimonium
1229 2491 1506 2544 reddente.
1538 2489 1604 2544 In
1630 2487 1721 2542 die
1758 2485 1975 2558 jndi-A
1997 2488 2102 2543 hoc
2129 2495 2232 2557 est,
2255 2495 2319 2544 tu
2347 2490 2444 2561 qui
2473 2492 2712 2562 gentiles
2739 2494 2930 2564 arguis
2961 2496 3112 2566 quod
3131 2497 3252 2552 sine
3265 2497 3390 2568 lege
3404 2499 3589 2555 etDeo

302 2579 391 2645 cii,
424 2579 551 2633 sola
575 2577 823 2633 hominis
861 2579 1204 2634 conscientia
1235 2578 1478 2634 sufficiet
1507 2577 1614 2632 sibi
1652 2576 1726 2631 ad
1754 2573 1910 2630 testi-
1990 2576 2380 2650 sint,§teipsum
2405 2596 2518 2634 non
2535 2581 2745 2650 arguis,
2769 2582 3030 2640 difﬁdens
3043 2584 3113 2639 de
3128 2586 3350 2642 Christo
3377 2588 3438 2643 in
3466 2588 3590 2659 lege

304 2668 579 2734 monium,
612 2667 747 2738 quia
768 2683 934 2723 nemo
951 2675 1086 2724 tunc
1103 2667 1378 2739 judicabit
1404 2666 1512 2721 nisi
1541 2665 1690 2737 quod
1713 2679 1908 2718 verum

302 2761 446 2810 erat.

366 2844 462 2901 25.
498 2847 756 2901 nanos.
787 2847 942 2900 Inter
967 2863 1020 2900 se
1047 2847 1472 2915 cogitationibus
1495 2841 1901 2898 accusantibus.

300 2933 548 2990 Gentilis
568 2934 912 2989 conscientia
938 2935 1313 3001 accusabitur,
1333 2933 1465 3006 quia
1491 2949 1603 2987 non
1636 2930 1744 2985 sibi
1773 2945 1908 2984 sua-

301 3022 377 3077 sit
404 3038 607 3077 verum
629 3038 751 3077 esse
778 3022 929 3094 quod
957 3028 1015 3077 et
1040 3023 1312 3078 virtutum
1335 3019 1674 3076 testimoniis
1693 3016 1910 3072 viderat

299 3111 650 3179 conﬁrmari,
699 3117 759 3166 et
805 3110 1013 3166 multos
1050 3111 1229 3184 sequi.
1275 3109 1550 3165 Eumdem
1598 3105 1902 3171 excusabit,

300 3200 436 3270 quia
464 3199 673 3255 debere
701 3201 927 3255 credere
949 3216 1062 3255 non
1089 3200 1326 3272 putavit,
1358 3213 1541 3269 neque
1566 3201 1756 3251 tamen
1786 3194 1906 3248 sine

298 3303 469 3357 pcena
499 3289 630 3342 erit.
674 3289 776 3343 Vel
802 3289 1128 3344 haereticum
1177 3289 1324 3344 bona
1361 3285 1649 3358 cogitatio,
1680 3282 1904 3356 quando

296 3391 497 3431 veram
525 3393 648 3432 esse
669 3383 727 3432 et
748 3378 1081 3433 catholicam
1099 3377 1398 3433 intellexit.
1430 3375 1580 3431 Mala
1605 3379 1798 3428 autem
1818 3387 1906 3426 ac-

300 3466 544 3532 cusabit,
565 3467 721 3538 quia,
749 3483 822 3522 ne
841 3467 1174 3522 emendatus
1202 3466 1509 3531 videretur,
1531 3459 1904 3534 superbiendo

297 3553 645 3610 contradixit
670 3555 916 3610 veritati.

365 3642 460 3698 26.
497 3647 762 3700 Invicem.
789 3645 918 3700 Non
943 3645 1082 3700 dicit
1111 3645 1260 3717 quod
1296 3643 1506 3699 eadem
1536 3639 1905 3712 cogitationes

296 3739 572 3788 accusent
597 3741 656 3789 et
688 3734 1012 3801 defendant,
1043 3734 1143 3789 sed
1169 3733 1415 3788 vicissim
1443 3731 1699 3803 quaedam
1743 3744 1906 3782 accu-

1989 2683 2288 2739 promisso.

2061 2756 2151 2814 33.
2195 2761 2302 2826 Qui
2323 2762 2590 2828 pradicas
2629 2777 2742 2816 non
2779 2763 3120 2830 furandum,
3149 2765 3392 2831 furoris.
3428 2766 3588 2822 Facis

1992 2849 2142 2919 quod
2173 2849 2441 2920 praedicas
2474 2849 2596 2904 ﬁeri
2624 2867 2739 2904 non
2760 2850 2984 2918 debere,
3016 2850 3152 2906 dum
3181 2852 3353 2907 ﬁdem
3372 2852 3581 2909 Christi

1990 2955 2024 2992 a
2050 2938 2174 3008 lege
2201 2953 2303 3009 per
2325 2939 2535 2992 malam
2567 2937 3092 3010 interpretationem
3111 2938 3390 3011 subripis;
3421 2946 3480 2995 et
3503 2942 3586 2997 le—

1987 3042 2118 3097 gem
2155 3025 2483 3092 adulteras,‘
2506 3043 2654 3093 cum,
2702 3026 2889 3082 ablata
2934 3028 3188 3093 veritate,
3230 3027 3587 3086 mendacium

1987 3115 2178 3186 ponis;
2213 3120 2270 3169 et
2296 3115 2602 3186 sacrilegus
2631 3131 2707 3182 es,
2740 3115 2874 3170 dum
2905 3116 3214 3185 Christum,
3255 3133 3424 3189 quem
3453 3135 3586 3190 pro-

1985 3203 2242 3274 pheticus
2269 3219 2454 3258 sermo
2473 3204 2772 3275 signiﬁcat,
2803 3221 2994 3276 negas.

2058 3290 2149 3349 34.
2196 3292 2414 3348 Lam-‘3.
2456 3292 2848 3362 Sacrilegium.
2894 3295 3263 3367 Sacrilegium
3304 3297 3459 3352 enim
3499 3303 3586 3354 est

1987 3377 2266 3432 culturam
2293 3377 2397 3433 Dei
2425 3377 2669 3444 auferre,
2712 3385 2770 3433 et
2791 3379 3136 3436 daemonibus
3162 3381 3319 3435 dare.

2058 3465 2146 3524 35.
2177 3467 2390 3522 Nomen
2417 3470 2569 3521 enim
2597 3469 2697 3522 Dei
2716 3483 2818 3538 per
2853 3486 2944 3524 vos
2983 3471 3412 3539 blasphematur.
3445 3471 3582 3527 Cre-

1986 3555 2233 3610 dendum
2291 3561 2377 3610 est
2429 3555 2647 3627 aliquos
2700 3573 2768 3612 ex
2823 3558 3031 3613 Iudaeis
3070 3558 3420 3614 Christianos
3462 3575 3586 3615 esse

1987 3645 2165 3712 tales;
2198 3660 2311 3700 non
2339 3649 2530 3699 tamen
2559 3662 2776 3713 omnes,
2808 3663 2880 3700 ne
2908 3647 2984 3700 sit
3009 3647 3324 3702 contrarius
3343 3647 3449 3702 sibi
3479 3648 3589 3720 ipsi

1987 3735 2048 3790 in
2081 3733 2484 3806 superioribus,
2523 3734 2620 3790 ubi
2657 3735 2738 3790 ait
2763 3755 2775 3790 :
2806 3736 2960 3789 Fides
2986 3741 3166 3790 uestra
3194 3739 3586 3794 annuntiatur

293 3830 444 3890 sent,
478 3825 740 3895 quaedam
770 3825 1076 3880 defendant
1096 3829 1295 3879 contra
1328 3823 1704 3893 malignorum
1735 3819 1902 3890 spiri-
1921 3808 1971 3870 Β
1989 3826 2052 3878 in
2080 3826 2338 3878 universo
2366 3826 2593 3879 mundo.
2641 3825 2768 3879 Non
2813 3823 2966 3878 enim
2994 3824 3134 3878 ﬁdes
3169 3824 3292 3880 sine
3321 3825 3586 3896 operibus

289 3919 461 3967 tuum
485 3913 927 3969 accusationem.
959 3914 1029 3968 Et
1053 3914 1283 3968 attende
1311 3912 1583 3967 ablativos
1609 3926 1712 3982 pro
1739 3908 1902 3979 geni-

290 4001 428 4056 tivis
458 4019 623 4058 more
652 4004 994 4071 Graecorum,
1027 4004 1124 4076 qui
1168 4002 1426 4058 ablativis
1452 4006 1665 4055 carent.
1710 3999 1904 4053 Potest

293 4091 404 4146 hoc
425 4093 598 4147 modo
629 4093 812 4148 audiri
838 4113 851 4147 :
881 4098 940 4148 et
963 4093 1304 4148 conscientia
1325 4089 1748 4162 cogitationum.

364 4178 462 4237 27.
499 4183 579 4236 Tu
612 4186 802 4236 autem
838 4184 1060 4236 Judzus
1103 4181 1535 4250 cognominaris.
1577 4179 1704 4232 Non
1741 4175 1902 4230 valde

293 4286 573 4341 magnum
603 4270 781 4324 videri
810 4271 931 4325 vult
955 4271 1002 4324 si
1031 4269 1257 4325 Judmus
1285 4269 1496 4335 credat,
1537 4266 1744 4338 quippe
1771 4281 1901 4319 cum

292 4360 371 4414 sit
389 4361 706 4414 instructus
735 4376 836 4431 per
865 4360 1063 4430 legem.
1096 4358 1480 4413 Periculosum
1521 4361 1713 4410 autem
1739 4353 1900 4408 valde

290 4448 338 4502 si
367 4464 490 4502 non
521 4447 745 4514 credat;
775 4446 974 4501 ducem
1003 4445 1156 4500 enim
1183 4443 1353 4498 habet
1371 4444 1574 4514 legem.

360 4537 459 4593 ‘28.
487 4537 706 4593 Lam-'8.
742 4537 820 4590 Tu
851 4541 1038 4590 autem
1065 4535 1287 4590 Judasus
1317 4533 1750 4602 cognominaris.
1796 4531 1898 4585 Ju-

285 4625 444 4680 daos
475 4624 782 4679 humiliare
797 4629 1068 4692 conatur;
1101 4622 1197 4693 qui
1218 4629 1285 4676 ex
1308 4627 1535 4692 accepta
1556 4620 1680 4690 lege
1697 4635 1896 4690 super-

285 4713 549 4778 biebant,
578 4720 637 4768 et
661 4716 862 4784 gentes
891 4712 1052 4784 quasi
1079 4709 1417 4784 peccatrices
1445 4708 1844 4780 despiciebant.

355 4804 458 4861 29.
490 4782 751 4858 Multos.
781 4805 885 4858 Per
907 4782 1105 4870 vlegem
1147 4782 1379 4868 conﬁdis
1423 4804 1472 4854 te
1515 4802 1707 4853 ducem
1748 4814 1902 4853 caeco-

283 4911 450 4948 rum.
473 4893 644 4964 Legis
671 4892 1072 4947 documentum
1102 4895 1207 4955 est,
1233 4889 1460 4944 erudire
1485 4888 1798 4960 imperitos,
1843 4893 1902 4942 et

281 4983 406 5038 Deo
450 4981 730 5053 subjicere
753 4980 1038 5052 profanos,
1067 4984 1126 5034 et
1162 4977 1234 5033 ab
1274 4977 1595 5034 idololatria
1621 4977 1693 5032 ad
1731 4977 1901 5032 ﬁdem

280 5087 584 5127 revocare.

1981 3911 2267 3967 laudanda
2291 3917 2398 3968 est.
2428 3913 2499 3968 Et
2523 3913 2583 3968 in
2601 3911 3092 3984 subsequentibus,
3134 3929 3230 3968 eos
3256 3929 3387 3968 cum
3414 3920 3581 3971 cate-

1982 4001 2062 4056 ris
2090 4002 2286 4072 plenos
2327 4003 2624 4057 dilectione
2664 4019 2807 4057 esse.
2857 4002 2956 4057 Est
2985 4006 3176 4079 autem
3222 4001 3496 4073 scriptum
3519 4003 3581 4059 in

1983 4089 2278 4146 Ezechiele
2308 4110 2320 4145 :
2356 4093 2423 4146 Et
2452 4094 2691 4159 ingressi
2722 4095 2857 4145 sunt
2884 4093 2960 4145 ad
2994 4095 3194 4158 gentes,
3224 4092 3300 4144 ad
3329 4107 3466 4160 quas
3493 4094 3580 4147 in-

1985 4181 2284 4245 troierunt,
2311 4181 2362 4232 et
2371 4181 2696 4247 polluerunt
2716 4193 2917 4233 nomen
2935 4182 3190 4232 sanctum
3220 4180 3583 4248 meum,quod

1980 4267 2260 4338 polluistis
2287 4266 2348 4321 in
2373 4266 2656 4338 gentibus.

2055 4355 2143 4410 36.
2193 4359 2263 4412 In
2313 4358 2813 4419 circumcisionem,
2841 4354 2899 4409 id
2929 4359 3032 4422 est,
3081 4357 3307 4408 tantum
3347 4354 3580 4425 prodest

1981 4445 2090 4500 sibi
2120 4445 2216 4516 qui
2243 4444 2470 4516 gentilis
2497 4448 2603 4506 est,
2643 4447 2919 4515 quantum
2946 4442 2996 4496 si
3032 4441 3258 4497 Iudaeus
3301 4447 3470 4497 esset.
3510 4442 3581 4498 Et

1976 4533 2270 4606 judicabit,
2304 4534 2361 4589 id
2385 4539 2471 4588 est
2488 4531 2965 4603 comparationem
2985 4530 3076 4586 sui
3099 4528 3464 4600 judicabilem
3492 4530 3582 4586 fa.

1979 4624 2092 4679 ciet
2117 4632 2176 4679 et
2198 4621 2595 4680 damnabilem.

2053 4713 2210 4768 CAP.
2244 4713 2344 4769 IlI.
2377 4739 2442 4752 -
2475 4711 2525 4768 1.
2551 4713 2806 4766 Alanos.
2840 4710 2986 4778 Quid
3008 4724 3134 4778 ergo
3159 4711 3407 4780 amplius
3445 4715 3520 4765 est
3547 4710 3578 4764 ?

1983 4802 2263 4867 Quoniam
2291 4801 2499 4856 Iudaeis
2531 4799 2835 4855 incredulis
2853 4796 2996 4854 nihil
3022 4799 3292 4870 proﬁcere
3320 4799 3577 4854 testimo-

1984 4891 2144 4946 nium
2168 4891 2393 4962 generis
2412 4889 2678 4956 ostendit,
2709 4905 2780 4944 ne
2807 4888 3096 4942 credentes
3124 4887 3271 4942 male
3307 4893 3580 4945 tractasse

1981 4980 2284 5046 videretur,
2304 4980 2467 5034 docet
2485 4979 2728 5034 multum
2749 4977 2888 5032 utile
2905 4993 3026 5032 esse
3043 4976 3422 5044 credentibus,
3445 4977 3580 5049 quia

1982 5069 2084 5124 ﬁlii
2129 5069 2370 5124 Abrahae
2423 5074 2576 5125 sunt.
2629 5068 2776 5122 Nam
2821 5066 2906 5122 eis
2947 5071 3082 5121 sunt
3118 5065 3333 5122 credita
3359 5067 3583 5138 eloquia

350 5159 455 5217 30.
496 5160 722 5216 Occulta
752 5160 1064 5214 hominum.
1097 5158 1329 5214 Occulta
1349 5157 1771 5230 judicabuntur.
1793 5156 1964 5226 Pu-G
1981 5157 2104 5214 Dei.

277 5252 438 5307 blica
469 5267 576 5322 per
605 5249 880 5305 humilem
906 5249 1320 5305 confessionem
1335 5265 1449 5304 non
1471 5246 1896 5319 judicabuntur.

353 5341 457 5399 31.
486 5343 702 5397 Lauta.
738 5340 997 5394 Formam
1020 5341 1278 5395 scientia.
1309 5338 1368 5394 Si
1403 5337 1529 5409 quis
1560 5337 1694 5392 velit
1719 5337 1900 5392 scien-

2049 5247 2104 5306 2.
2130 5248 2338 5305 Laure.
2362 5250 2621 5303 Primum
2643 5248 2884 5317 quidem,
2905 5246 2963 5301 id
2983 5250 3087 5313 est,
3108 5245 3336 5318 quidam
3356 5241 3580 5298 Iudaeo-

1983 5355 2112 5394 rum
2152 5339 2511 5394 crediderunt
2550 5337 2915 5409 Evangelium
2957 5335 3188 5401 Christi,
3237 5331 3498 5389 instructi
3550 5347 3587 5385 a

275 5433 434 5486 tiam
484 5436 546 5483 et
568 5429 867 5484 veritatem
894 5427 1119 5495 habere,
1153 5428 1213 5482 in
1257 5433 1314 5482 te
1359 5427 1538 5499 possit
1576 5427 1817 5482 formam
1845 5432 1904 5482 et
1986 5427 2446 5502 praedicatoribus
2491 5427 2634 5482 Novi
2671 5424 3043 5490 Testamenti,
3069 5421 3302 5477 verbum
3343 5419 3486 5491 legis
3525 5424 3584 5475 et

276 5519 587 5591 exemplar
605 5519 874 5591 aspicere.

355 5609 462 5668 3‘2.
492 5613 749 5667 Αιωῐιοε.
781 5610 890 5678 Qui
919 5609 1101 5664 alium
1128 5609 1297 5677 doces,
1321 5613 1368 5664 te
1387 5611 1572 5677 ipsum
1599 5626 1714 5664 non
1738 5613 1904 5678 doces,

1989 5519 2413 5592 prOphetarum,
2435 5517 2585 5590 quod
2613 5516 2835 5571 facilius
2856 5514 3068 5569 factum
3089 5515 3178 5565 est
3202 5509 3262 5565 in
3279 5508 3392 5564 illis
3410 5525 3584 5581 quam

1989 5610 2051 5664 in
2061 5609 2144 5665 eis
2162 5607 2261 5679 qui
2274 5607 2493 5662 Veteris
2509 5603 2856 5662 Testamenti
2876 5601 3103 5675 penitus
3121 5603 3383 5681 expertes
3398 5607 3580 5660 erant.
