4008 6186
387 289 492 350 119
1365 295 1410 349 Β
1473 295 1811 349 LANFRAN
1817 297 1884 350 CI
1923 299 1970 350 C.

2056 295 2283 352 lTUAR.
2324 295 2664 353 ARCHIEP.
3539 285 3639 344 120

388 417 460 472 Et
495 413 721 489 signum
771 411 986 489 accepit
1020 418 1477 486 circumcisionis,
1527 420 1878 489 signaculum
1917 420 2150 491 justitize
2203 412 2354 490 ﬁdei,
2398 439 2522 491 quae
2562 425 2650 474 est
2699 419 2758 472 in
2806 415 3098 488 praeputio,
3136 413 3226 470 10.
3272 416 3338 468 ut
3383 411 3455 468 sit
3482 415 3642 484 pater

391 504 644 560 omnium
674 507 1018 561 credentium
1050 522 1151 576 per
1177 508 1538 579 praeputium,
1568 513 1632 562 ut
1658 515 1952 580 reputatur
1979 515 2035 563 et
2067 509 2180 563 illis
2209 511 2278 564 ad
2302 511 2582 582 justitiam
2613 529 2626 576 ;
2659 513 2717 562 et
2742 507 2817 562 sit
2853 511 3014 577 pater
3040 501 3498 567 circumcisionis,
3529 516 3643 554 non

392 592 463 648 iis
500 599 720 649 tantum
751 595 847 665 qui
893 600 1026 649 sunt
1065 611 1130 649 ex
1162 596 1607 666 circumcisione,
1633 597 1732 650 sed
1774 603 1832 651 et
1871 599 1938 652 iis
1971 599 2067 669 qui
2109 605 2396 654 sectantur
2442 599 2520 657 11.
2565 597 2800 667 vestigia
2826 595 2976 661 ﬁdei,
3009 610 3132 666 quae
3159 598 3244 647 est
3279 591 3340 646 in
3370 588 3644 662 praeputio

391 682 571 751 patris
598 683 778 736 nostri
813 681 1077 740 Abrahae.
1116 679 1202 738 12.
1233 684 1360 738 Non
1403 683 1553 738 enim
1582 701 1684 755 per
1711 686 1890 755 legem
1927 685 2010 742 13.
2043 688 2338 757 promissio
2384 686 2622 741 Abrahae
2666 690 2764 738 aut
2803 683 3004 738 semini
3048 683 3170 753 ejus
3197 685 3264 735 ut
3294 680 3469 734 haeres
3500 681 3648 732 esset

393 771 591 825 mundi
619 790 632 839 ;
661 773 759 826 sed
787 789 888 843 per
909 772 1189 841 justitiam
1218 773 1374 829 ﬁdei.
1406 773 1464 827 Si
1491 773 1641 828 enim
1679 774 1776 844 qui
1806 791 1871 828 ex
1900 776 2042 846 lege,
2072 776 2321 830 haeredes
2347 780 2498 840 sunt,
2529 773 2817 828 exinanita
2852 777 2940 825 est
2965 770 3124 836 ﬁdes,
3154 766 3361 824 abolita
3401 771 3488 821 est
3514 779 3647 836 pro-

392 860 604 914 missio.
643 860 726 918 14.
759 861 871 916 Lex
899 861 1049 915 enim
1076 861 1220 914 iram
1247 867 1533 932 operatur.
1563 863 1653 916 15.
1679 863 1784 918 Ubi
1817 864 1966 917 enim
1995 881 2109 918 non
2139 870 2225 918 est
2251 865 2357 929 lex,
2386 880 2489 918 nec
2515 860 2910 934 praevaricatio.
2943 858 3078 914 Ideo
3109 874 3176 912 ex
3202 856 3335 925 ﬁde,
3360 862 3426 910 ut
3451 868 3648 908 secun-

391 948 526 1002 dum
553 950 798 1018 gratiam
828 951 993 1004 ﬁrma
1019 950 1095 1004 sit
1119 950 1418 1020 promissio
1445 947 1533 1006 16.
1559 953 1713 1005 omni
1741 953 1961 1017 semini,
1990 971 2103 1008 non
2131 955 2182 1008 ei
2205 954 2303 1024 qui
2333 971 2399 1007 ex
2427 953 2548 1023 lege
2579 957 2664 1005 est
2693 951 2894 1013 solum,
2923 948 3020 1001 sed
3051 952 3109 1002 et
3137 945 3188 1000 ei
3217 944 3314 1015 qui
3336 960 3403 998 ex
3423 943 3532 997 ﬁde
3557 945 3646 996 est

390 1035 648 1104 Abrahae,
682 1039 779 1108 qui
807 1044 968 1109 pater
992 1044 1080 1092 est
1103 1038 1355 1093 omnium
1381 1044 1637 1093 nostrum
1665 1040 1826 1110 (sicut
1863 1042 2134 1113 scriptum
2171 1048 2258 1096 est
2287 1061 2298 1095 ε
2329 1041 2469 1106 Quia
2509 1042 2732 1094 Patrem
2765 1037 3072 1091 multarum
3094 1033 3351 1105 gentium
3378 1029 3539 1103 posui
3564 1035 3643 1099 te)

393 1131 526 1180 ante
553 1126 755 1191 Deum,
805 1128 896 1181 cui
948 1127 1200 1190 credidit,
1244 1129 1341 1196 qui
1371 1129 1611 1182 vivificat
1649 1136 1919 1190 mortuos,
1949 1138 2002 1185 et
2031 1138 2187 1186 vocat
2222 1149 2288 1186 ea
2336 1147 2457 1201 quae
2496 1145 2608 1183 non
2645 1132 2778 1180 sunt
2804 1132 3074 1196 tanquam
3105 1141 3171 1177 ea
3195 1139 3318 1193 quae
3344 1126 3477 1174 sunt
3507 1137 3519 1172 :
3551 1119 3649 1190 qui

391 1219 589 1268 contra
615 1232 771 1285 spem
800 1215 859 1269 in
887 1232 1044 1286 spem
1075 1216 1311 1270 credidit
1330 1222 1392 1270 ut
1421 1218 1579 1270 ﬁeret
1604 1223 1766 1288 pater
1791 1219 2101 1274 multarum
2132 1220 2408 1292 gentium,
2435 1217 2740 1272 secundum
2775 1215 2922 1285 quod
2952 1214 3166 1267 dictum
3189 1217 3276 1264 est
3303 1209 3355 1263 ei
3389 1227 3400 1262 :
3432 1208 3522 1263 Sic
3541 1208 3649 1262 erit

392 1319 588 1357 semen
615 1309 804 1371 tuum;
839 1309 897 1358 et
927 1320 1040 1359 non
1067 1304 1384 1358 inﬁrmatus
1409 1311 1496 1358 est
1519 1306 1648 1371 ﬁde,
1677 1323 1779 1359 nec
1810 1308 2180 1362 consideravit
2208 1325 2409 1378 corpus
2437 1321 2604 1360 suum
2633 1308 2973 1366 emortuum,
3005 1317 3128 1378 cum
3148 1300 3264 1368 jam
3285 1298 3400 1351 fere
3423 1301 3650 1350 centum

392 1396 544 1444 esset
584 1407 881 1458 annorum,
922 1398 980 1446 et
1021 1399 1334 1447 emortuam
1361 1394 1582 1447 vulvam
1625 1394 1795 1449 Sarae.
1829 1397 1893 1450 In
1923 1376 2354 1466 repromissione
2393 1395 2565 1448 etiam
2595 1392 2698 1446 Dei
2736 1407 2848 1444 non
2877 1376 3156 1442 haesitavit
3186 1385 3518 1446 difﬁdentia,
3550 1383 3650 1437 sed

393 1479 743 1533 confortatus
771 1484 856 1534 est
875 1479 1006 1546 ﬁde,
1029 1480 1169 1534 dans
1197 1480 1433 1551 gloriam
1464 1483 1600 1548 Deo,
1629 1483 1950 1553 plenissime
1978 1485 2159 1538 sciens
2180 1483 2314 1555 quia
2341 1495 2686 1552 quaecunque
2714 1476 2990 1550 promisit,
3023 1481 3220 1547 potens
3247 1477 3334 1526 est
3361 1477 3418 1524 et
3443 1470 3645 1524 facere.

393 1566 530 1621 Ideo
555 1573 614 1622 et
639 1574 964 1639 reputatum
993 1576 1078 1624 est
1106 1571 1186 1624 illi
1216 1571 1288 1624 ad
1310 1571 1608 1639 justitiam.
1642 1573 1768 1626 Non
1795 1579 1880 1627 est
1908 1579 2097 1626 autem
2126 1573 2398 1644 scriptum
2425 1575 2649 1624 tantum
2676 1571 2906 1638 propter
2934 1564 3138 1635 ipsum,
3165 1561 3298 1632 quia
3327 1562 3648 1630 reputatum

394 1662 481 1711 est
517 1656 598 1710 illi
626 1657 697 1711 ad
733 1659 1035 1729 justitiam,
1069 1660 1168 1714 sed
1197 1665 1253 1713 et
1284 1666 1512 1730 propter
1539 1677 1660 1722 nos,
1703 1663 1904 1732 quibus
1944 1663 2302 1735 reputabitur
2337 1658 2693 1734 credentibus
2739 1657 2797 1710 in
2841 1670 2969 1709 eum
3018 1652 3114 1723 qui
3147 1648 3432 1707 suscitavit
3458 1648 3649 1735 Jesum

394 1744 684 1799 Christum
721 1747 1024 1802 Dominum
1053 1758 1309 1802 nostrum
1340 1765 1374 1801 a
1402 1750 1663 1817 mortuis,
1710 1751 1807 1822 qui
1842 1733 2086 1806 traditus
2116 1758 2201 1808 est
2238 1755 2467 1824 propter
2496 1747 2699 1802 delicta
2743 1749 2954 1810 nostra,
3002 1739 3090 1798 17.
3123 1746 3180 1796 et
3226 1737 3530 1795 resurrexit
3554 1733 3643 1793 18.

392 1838 626 1905 propter
647 1835 1114 1905 justiﬁcationem
1141 1842 1416 1892 nostram.

1855 1938 2087 1993 CAPUT
2129 1938 2196 1992 ν.

476 2034 520 2094 ι
540 2033 591 2094 ³1
623 2030 676 2084 1.
707 2029 1007 2085 Justiﬁcati
1033 2047 1167 2100 ergo
1191 2047 1261 2086 ex
1286 2033 1416 2098 ﬁde,
1446 2049 1643 2103 pacem
1662 2033 1970 2089 habeamus
1989 2036 2061 2090 ad
2080 2035 2257 2090 Deum
2282 2051 2381 2106 per
2404 2033 2704 2088 Dominum
2735 2034 2993 2085 nostrum
3013 2028 3042 2082 J
3047 2042 3204 2082 esum
3226 2025 3530 2090 Christum,
3551 2040 3652 2095 per

397 2133 568 2186 quem
599 2123 656 2172 et
684 2118 956 2174 habemus
983 2136 1267 2175 accessum
1306 2137 1408 2192 per
1435 2122 1604 2176 ﬁdem
1643 2121 1695 2177 2.
1740 2123 1798 2176 in
1827 2124 2069 2193 gratiam
2105 2125 2292 2190 istam,
2323 2125 2380 2178 in
2421 2139 2532 2194 qua
2559 2127 2776 2176 stamus
2815 2125 2871 2173 et
2910 2117 3221 2188 gloriamur
3246 2115 3304 2169 in
3333 2131 3431 2185 spe
3457 2113 3648 2184 gloriae

396 2205 640 2261 ﬁliorum
666 2208 787 2262 Dei.
819 2209 947 2263 Non
974 2209 1159 2264 solum
1197 2215 1407 2276 autem,
1437 2213 1536 2266 sed
1565 2219 1618 2267 et
1642 2213 1952 2283 gloriamur
1979 2215 2039 2269 in
2062 2213 2540 2277 tribulationibus,
2573 2211 2810 2265 scientes
2837 2207 2985 2278 quod
3010 2203 3296 2260 tribulatio
3325 2202 3651 2274 patientiam

397 2302 680 2368 operatur,
712 2299 987 2369 patientia
1015 2306 1202 2355 autem
1231 2301 1639 2372 probationem,
1674 2303 1928 2374 probatio
1945 2319 2076 2358 vero
2104 2319 2282 2374 spem,
2307 2301 2359 2358 3.
2392 2318 2519 2372 spes
2549 2306 2740 2353 autem
2767 2313 2880 2351 non
2901 2293 3210 2359 confundit,
3252 2291 3384 2362 quia
3412 2289 3655 2344 charitas

395 2384 497 2440 Dei
523 2386 726 2442 diﬂ‘usa
753 2394 840 2442 est
866 2389 925 2443 in
951 2389 1212 2444 cordibus
1240 2391 1447 2444 nostris
1472 2409 1571 2462 per
1591 2393 1864 2463 Spiritum
1894 2398 2149 2447 sanctum
2181 2394 2276 2462 qui
2301 2392 2466 2445 datus
2495 2395 2582 2444 est
2604 2387 2783 2442 nobis.
2807 2387 2882 2441 Ut
2901 2384 3035 2456 quid
3056 2383 3206 2438 enim
3226 2381 3502 2447 Christus,
3527 2395 3656 2434 cum

396 2474 580 2528 adhuc
606 2475 815 2530 inﬁrmi
843 2493 1110 2543 essemus,
1135 2479 1442 2533 secundum
1463 2487 1687 2550 tempus
1710 2498 1811 2551 pro
1839 2481 2027 2552 impiis
2057 2487 2313 2535 mortuus
2333 2479 2455 2533 est?
2477 2479 2581 2531 Vix
2609 2477 2761 2530 enim
2784 2492 2884 2546 pro
2908 2475 3063 2544 justo
3080 2472 3204 2544 quis
3224 2471 3490 2536 moritur;
3524 2483 3656 2522 nam

389 2578 492 2634 pro
527 2562 672 2619 bono
711 2566 948 2620 forsitan
977 2567 1102 2636 quis
1147 2567 1354 2622 audeat
1386 2570 1546 2623 mori.
1580 2571 1952 2624 Commendat
1983 2575 2174 2623 autem
2203 2570 2535 2623 charitatem
2565 2584 2727 2622 suam
2758 2567 2905 2620 Deus
2934 2565 2993 2618 in
3021 2562 3200 2628 nobis,
3228 2561 3496 2632 quoniam
3523 2575 3653 2614 cum

396 2653 580 2709 adhuc
613 2661 947 2726 peccatore!
963 2673 1232 2724 essemus,
1270 2657 1324 2714 4.
1357 2661 1665 2715 secundum
1693 2667 1918 2731 tempus
1949 2657 2205 2712 Christus
2229 2675 2329 2729 pro
2360 2657 2518 2711 nobis
2546 2656 2596 2710 5.
2629 2659 2884 2708 mortuus
2915 2657 3032 2720 est;
3065 2651 3244 2706 multo
3275 2649 3451 2720 igitur
3478 2647 3658 2718 magis

395 2758 546 2797 nunc
566 2745 860 2814 justiﬁcati
885 2745 946 2798 in
973 2747 1247 2816 sanguine
1282 2747 1478 2818 ipsius,
1513 2749 1649 2803 salvi
1679 2749 1890 2803 erimus
1920 2745 1990 2799 ab
2020 2747 2104 2799 ira
2134 2762 2233 2816 per
2257 2746 2460 2816 ipsum.
2490 2743 2548 2798 Si
2572 2743 2723 2796 enim
2759 2758 2888 2795 cum
2916 2739 3132 2794 inimici
3163 2754 3432 2802 essemus,
3461 2751 3656 2790 recon-

394 2829 570 2885 ciliati
588 2847 784 2886 sumus
803 2833 920 2887 Deo
948 2849 1050 2904 per
1075 2840 1316 2889 mortem
1336 2836 1462 2890 Filii
1485 2838 1632 2907 ejus;
1660 2837 1838 2891 multo
1861 2835 2060 2904 magis,
2083 2834 2449 2898 reconciliati,
2472 2832 2608 2886 salvi
2638 2831 2848 2885 erimus
2877 2830 2936 2884 in
2964 2829 3080 2882 vita
3098 2827 3301 2899 ipsius.
3329 2827 3456 2881 Non
3476 2825 3658 2881 solum

396 2917 676 2986 autem,6.
696 2921 794 2976 sed
809 2922 1258 2992 etgloriamurin
1281 2926 1396 2979 Deo
1417 2943 1518 2996 per
1532 2927 1836 2981 Dominum
1858 2930 2113 2979 nostrum
2133 2925 2162 2979 J
2167 2940 2326 2978 esum
2343 2923 2648 2986 Christum,
2671 2937 2772 2991 per
2791 2936 2959 2990 quem
2975 2935 3123 2985 nunc
3149 2915 3660 2971 reconciliationem

395 3009 732 3081 accepimus.
764 3008 816 3066 7.
847 3011 1155 3083 Propterea
1182 3014 1328 3069 sicut
1350 3032 1452 3086 per
1475 3031 1654 3070 unum
1683 3017 1970 3070 hominem
2003 3020 2292 3086 peccatum
2321 3013 2380 3066 in
2401 3012 2551 3066 hunc
2580 3009 2856 3065 mundum
2885 3007 3132 3074 intravit,
3166 3012 3222 3062 et
3246 3021 3346 3079 per
3367 3009 3659 3077 peccatum

1725 3130 2320 3187 COMMENTARIUS.

395 3222 1086 3293 ostenderetureajustitia
1097 3241 1268 3295 quam
1278 3225 1396 3279 sola
1407 3225 1546 3279 ﬁdes
1559 3226 1873 3280 contulerat
1887 3227 1988 3280 illi.
2014 3230 2058 3286 A
2076 3231 2210 3284 dere
2231 3247 2243 3295 ;
2266 3243 2380 3281 non
2404 3231 2593 3280 autem
2623 3239 2815 3278 omnes
2833 3223 3013 3294 legem
3039 3221 3274 3292 implere
3288 3264 3301 3276 .

474 3311 560 3367 10.
592 3313 850 3367 Αδιιιιῑοε.
887 3313 1036 3366 Utsit
1051 3320 1212 3381 pater
1232 3317 1691 3368 circumcisiom‘s.
1712 3315 1830 3368 Hoc
1859 3315 1994 3368 dicit

2151 3315 2232 3373 17.
2265 3318 2513 3370 ΑΜΒΒΟΒ.
2547 3315 2614 3368 Et
2643 3314 2947 3366 resurrexit
2972 3315 3215 3379 propter.
3249 3309 3386 3362 Post
3410 3321 3661 3361 resurre-

397 3405 464 3455 ut
493 3400 568 3453 sit
595 3405 755 3470 pater
781 3399 1217 3454 circumcisionis
1255 3402 1456 3468 cordis,
1489 3417 1602 3455 non
1644 3407 1866 3456 tantum
1897 3419 1992 3456 eo-
2076 3407 2317 3460 ctionem
2346 3404 2492 3457 enim
2520 3407 2781 3472 acceptus
2805 3399 3066 3472 Spiritus,
3089 3397 3159 3452 ad
3189 3397 3475 3452 cumulum
3504 3393 3665 3449 nobis

399 3503 527 3542 rum
553 3487 648 3558 qui
678 3493 812 3540 sunt
839 3503 906 3540 ex
926 3489 1049 3558 ejus
1081 3489 1316 3558 origine,
1349 3489 1445 3542 sed
1486 3495 1543 3544 et
1569 3506 1762 3544 eorum
1793 3491 1887 3560 qui
1916 3491 1990 3545 si-
2071 3492 2493 3565 justiﬁcationis
2522 3491 2797 3562 provenit.

403 3576 616 3630 militer
634 3576 870 3630 credunt
892 3593 959 3630 ex
981 3577 1266 3647 gentibus.
2155 3583 2238 3639 18.
2270 3583 2473 3636 Lassa.
2506 3582 2731 3648 Propter
2749 3579 3228 3648 justiﬁeat-ionem,
3256 3575 3315 3629 id
3341 3579 3445 3642 est,
3467 3578 3532 3630 ut
3558 3588 3673 3626 cre-

409 3675 416 3683 ‘
475 3663 564 3720 11.
596 3665 801 3720 Lassa.
841 3666 1068 3733 Vestigia
1091 3667 1236 3732 ﬁdei.
1270 3667 1420 3721 Ordo
1445 3685 1456 3719 :
1489 3667 1722 3737 vestigia
1748 3668 1877 3721 ﬁdei
1903 3683 1996 3738 pa-
2079 3671 2276 3725 dentes
2304 3686 2433 3724 eum
2464 3666 2837 3741 resurrexisse
2859 3665 3322 3735 justiﬁcarentur.
3351 3663 3420 3717 Et
3449 3679 3482 3717 a
3511 3666 3670 3733 parte

399 3753 506 3807 tris
561 3753 739 3807 nostri
790 3753 1048 3818 Abrahae,
1081 3771 1204 3825 quae
1247 3759 1333 3809 est
1373 3756 1431 3810 in
1478 3755 1771 3827 praeputio,
1805 3756 1862 3811 id
1890 3763 1993 3824 est,
2078 3767 2197 3814 tota
2219 3760 2358 3813 ﬁdes
2383 3758 2730 3828 designatur.

401 3857 572 3914 quam
591 3841 789 3896 habuit
816 3842 874 3896 in
904 3845 1199 3913 praeputio.
2150 3847 2306 3902 CAP.
2339 3848 2408 3902 v.
2434 3877 2496 3888 -
2528 3847 2582 3899 1.
2611 3849 2864 3899 Amnes.
2896 3844 3199 3911 Justiﬁeati
3235 3843 3434 3909 igitur.
3467 3841 3670 3894 Pacem

478 3929 543 3986 12
573 3932 700 3985 Non
739 3933 889 3985 enim
925 3947 1024 4000 per
1070 3936 1256 3999 legem.
1290 3933 1460 3997 Quasi
1500 3934 1706 4005 aliquis
1735 3935 1948 3989 diceret
1980 3952 1992 3987 :
2080 3938 2286 3992 habere
2316 3953 2444 3990 cum
2488 3936 2622 3996 Deo,
2668 3934 2806 3988 ﬁdes
2851 3932 3002 4000 facit,
3035 3947 3150 3986 non
3183 3931 3290 3984 lex.
3330 3930 3462 3984 Haec
3519 3929 3671 3982 enim

401 4035 504 4075 cur
531 4018 718 4073 dixisti
765 4019 998 4089 vestigia
1028 4019 1178 4087 ﬁdei,
1211 4028 1267 4075 et
1295 4038 1407 4076 non
1429 4022 1619 4077 dixisti
1648 4024 1886 4093 vestigia
1915 4024 1996 4077 le-
2080 4043 2183 4081 nos
2211 4027 2326 4080 Deo
2351 4023 2746 4078 reconciliavit.

400 4108 532 4180 gis?
564 4107 623 4163 Si
654 4107 806 4162 enim
831 4108 902 4162 ad
926 4108 1323 4164 inconveniens
1351 4111 1507 4165 ducit
1543 4112 1834 4166 adversam
1875 4129 2000 4183 par-
2150 4115 2203 4168 2.
2239 4117 2306 4169 In
2327 4116 2573 4181 gratiam
2602 4116 2790 4166 istam.
2824 4111 2988 4166 Prius
3016 4109 3167 4164 enim
3192 4107 3472 4178 jacuimus
3507 4124 3520 4173 ;
3554 4122 3672 4160 cre-

400 4203 538 4264 tem,
607 4213 722 4251 non
774 4201 966 4250 autem
1007 4197 1177 4251 simul
1211 4215 1351 4264 esse,
1399 4199 1574 4253 solam
1618 4200 1758 4270 legis
1806 4200 1998 4254 obser-
2081 4203 2278 4257 dentes
2301 4209 2491 4256 autem
2520 4201 2691 4254 erecti
2719 4217 2935 4254 sumus.

402 4285 651 4340 vantiam
670 4285 1016 4342 haereditatis
1044 4304 1166 4342 esse
1185 4305 1413 4342 causam
1445 4294 1502 4343 et
1523 4289 1824 4357 ﬁdem,aut
1852 4291 1999 4344 solos
2152 4291 2203 4347 3.
2235 4291 2362 4360 Spes
2386 4296 2572 4344 autem
2600 4307 2710 4344 non
2731 4290 3042 4357 confundit.
3063 4288 3202 4358 Spes
3222 4302 3335 4340 non
3363 4283 3672 4349 confundit,

401 4375 626 4430 Iudaeos
655 4392 777 4430 esse
804 4376 1054 4430 haeredes
1084 4382 1140 4431 et
1165 4382 1383 4447 gentes.
2081 4381 2214 4434 dum
2234 4380 2392 4434 stulti
2403 4386 2460 4434 et
2476 4379 2702 4433 hebetes
2721 4395 2755 4432 a
2774 4377 3003 4449 perfidis
3014 4377 3359 4446 judicantur,
3383 4375 3674 4428 credentes

477 4462 564 4517 13.
585 4464 834 4518 AMBROS.
853 4466 1150 4518 Promissio
1164 4467 1204 4520 Α
1215 4467 1412 4520 ὺναῆἀ».
1433 4466 1690 4522 Christus
1705 4468 1800 4539 qui
1821 4467 1999 4522 haeres
2082 4486 2204 4540 quae
2222 4469 2507 4523 mundana
2525 4474 2720 4522 carent
2739 4467 2976 4520 ratione.
2992 4466 3204 4535 Pignus
3220 4463 3370 4518 enim
3389 4461 3678 4518 charitatis

403 4557 491 4605 est
515 4551 790 4620 gentium,
810 4557 876 4605 ut
900 4552 1076 4606 David
1104 4553 1254 4606 canit
1281 4573 1292 4607 :
1325 4555 1391 4606 Et
1413 4556 1548 4609 dabo
1579 4559 1682 4610 tibi
1699 4563 1878 4624 gentes
1901 4557 2003 4610 ἠθε-
2018 4541 2065 4600 Β
2085 4556 2356 4610 habemus
2386 4556 2443 4609 in
2474 4555 2634 4610 nobis
2654 4571 2755 4625 per
2777 4553 3049 4624 Spiritum
3069 4556 3326 4605 sanctum
3351 4549 3530 4605 nobis.

399 4640 691 4692 reditatem
705 4645 880 4703 tuam;
900 4646 951 4694 et
962 4645 1347 4708 possessionem
1365 4647 1521 4697 tuam
1538 4648 1804 4698 terminos
1819 4650 1996 4698 terrae.
2153 4646 2205 4698 4.
2238 4646 2554 4701 Secundum
2585 4650 2812 4711 tempus.
2840 4641 2925 4695 Ad
2955 4647 3178 4712 tempus
3224 4640 3376 4693 enim
3422 4643 3678 4692 mortuus

404 4726 519 4797 Ipsi
545 4726 697 4780 enim
724 4727 1000 4782 morimur
1028 4733 1083 4782 et
1104 4729 1344 4783 vivimus
1367 4747 1492 4784 cum
1521 4748 1607 4798 eo,
1631 4733 1762 4787 Ideo
1783 4750 1849 4786 ex
1867 4734 1996 4788 ﬁde.
2083 4740 2185 4800 est,
2234 4734 2366 4804 quia
2413 4733 2582 4787 tertia
2635 4732 2725 4785 die
2755 4730 3078 4784 resurrexit.
3112 4729 3214 4783 Vel
3258 4728 3390 4782 huic
3435 4726 3677 4798 tempori

407 4813 523 4868 Sub
551 4815 674 4885 lege
702 4817 1000 4886 promissio
1026 4817 1148 4871 dari
1171 4835 1282 4872 non
1305 4824 1506 4888 potest,
1523 4826 1622 4874 aut
1650 4836 1718 4874 ex
1746 4821 1874 4888 ﬁde,
1891 4839 2003 4892 qua
2083 4828 2339 4877 mortuus
2361 4828 2464 4885 est,
2486 4821 2582 4876 ubi
2612 4821 2694 4874 sol
2715 4820 2894 4874 oritur
2918 4824 2976 4873 et
3005 4818 3224 4873 occidit.
3253 4817 3503 4872 Excessit
3527 4816 3690 4869 enim
3775 4838 3782 4844 ·

405 4919 602 4958 omnes
626 4905 924 4974 puriﬁcati,
958 4907 1102 4960 ﬁunt
1127 4907 1281 4976 digni
1311 4908 1421 4961 dici
1450 4909 1572 4963 ﬁlii.
2085 4929 2115 4966 e
2140 4929 2372 4983 corpore
2397 4911 2469 4965 ad
2501 4911 2707 4965 inferos
2725 4908 2847 4976 (ubi
2877 4919 3099 4981 tempus
3130 4924 3244 4962 non
3273 4912 3378 4973 est,
3408 4905 3494 4959 vel
3523 4904 3679 4974 aetas)

480 4991 566 5047 14.
587 4993 792 5048 LANFR.
815 4995 921 5048 Lee:
939 4998 1092 5048 enim
1115 4999 1264 5049 iram
1284 5003 1562 5065 operatur.
1579 4999 1762 5053 Causa
1786 5016 1888 5054 cur
1906 5017 2006 5071 per
2086 5019 2186 5073 pro
2217 5003 2397 5055 salute
2426 5000 2766 5054 animarum.

403 5081 587 5152 legem
608 5097 721 5136 non
740 5083 816 5136 sit
837 5083 1134 5153 promissio
1163 5085 1525 5141 haereditatis.
1551 5089 1702 5142 Iram
1731 5089 1881 5143 enim
1903 5090 2006 5145 Dei
2159 5089 2212 5145 5.
2254 5089 2460 5143 Lmen.
2513 5091 2763 5142 Mortuus
2796 5092 2890 5141 est.
2943 5087 3084 5141 Cum
3117 5083 3302 5138 adhuc
3343 5083 3681 5154 temporalia

404 5171 1427 5244 expraevaricationenonimplentium
1440 5177 1627 5246 potius
1642 5185 1925 5248 operatur.
2083 5178 2462 5248 diligeremus,
2477 5179 2585 5232 nisi
2615 5177 2774 5232 nobis
2802 5193 2962 5249 spem
2989 5175 3195 5253 bonam
3225 5174 3404 5244 daret,
3428 5189 3552 5244 quae
3577 5189 3680 5227 nos

480 5259 564 5316 15.
611 5261 709 5314 Ubi
751 5263 900 5315 enim
934 5278 1047 5315 non
1087 5268 1161 5315 est
1210 5267 1312 5316 (ex.
1340 5264 1410 5316 Et
1439 5265 1560 5330 hoc,
1593 5267 1798 5338 inquit,
1828 5267 2001 5321 videri
2083 5268 2569 5325 confunderet.....

401 5353 588 5421 potest
607 5349 738 5420 quia
766 5350 854 5404 lex
881 5350 1025 5404 iram
1042 5355 1326 5421 operatur,
1349 5355 1497 5422 quod
1517 5353 1612 5409 ubi
1638 5355 1725 5409 lex
1751 5371 1863 5410 non
1893 5363 1995 5424 est,
2154 5356 2208 5416 6.
2241 5357 2346 5412 Sed
2372 5364 2422 5411 et
2447 5360 2783 5425 gloriamur,
2831 5355 2885 5408 id
2915 5360 3018 5420 est,
3052 5358 3344 5424 sperantes
3372 5367 3476 5406 nos
3519 5349 3680 5404 habi-

403 5452 507 5490 nec
534 5439 937 5508 praevaricatio,
966 5456 1091 5511 quae
1117 5446 1206 5494 est
1232 5457 1402 5496 causa
1427 5443 1548 5500 irae.
1801 5467 1808 5471 ·
2083 5452 2241 5500 turos
2267 5445 2528 5517 gloriam,
2561 5461 2731 5516 quam
2761 5445 2969 5499 habent
2999 5443 3101 5497 ﬁlii
3129 5442 3252 5498 Dei.

415 5533 418 5535 λ
481 5523 566 5580 16.
599 5527 766 5583 Omni
790 5532 1014 5595 semini,
1043 5529 1102 5583 id
1122 5535 1226 5596 est,
1250 5531 1403 5585 omni
1424 5531 1697 5587 imitatori
1713 5533 1864 5600 ﬁdei,
1887 5535 2002 5589 sive
2153 5536 2208 5590 7.
2240 5538 2531 5604 Propterea
2572 5538 2733 5589 sicut.
2784 5533 2999 5588 Pendet
3043 5531 3326 5587 sententia
3357 5546 3676 5603 usque......

403 5612 612 5684 Iudaeo,
641 5617 759 5674 sive
775 5618 996 5690 gentili.
1027 5619 1236 5676 Omnes
1259 5620 1409 5678 enim
1435 5627 1670 5696 possunt
1697 5623 1858 5681 facile
1887 5640 2002 5682 cre-
2083 5625 2289 5698 legitur
2322 5641 2333 5677 :
2367 5623 2512 5681 sicut
2529 5640 2631 5698 per
2652 5622 2818 5682 unius
2846 5621 3133 5691 delictum,
3157 5626 3260 5677 etc.
