4048 6176
322 299 420 356 121

1034 299 1112 354 ΙΝ
1149 298 1216 353 D.
1258 297 1473 354 PAULI
1511 297 1733 353 EPIST.
1774 295 2146 353 COMMENT.
2187 322 2256 334 —
2295 292 2516 349 EPIST.
2555 291 2652 349 AD
2691 292 2864 348 ROM.

3472 276 3574 338 122

324 441 498 494 mors,
530 427 587 479 et
623 424 705 478 ita
725 422 787 476 in
814 437 1010 478 omnes
1031 421 1289 477 homines
1315 439 1464 477 mors
1492 421 1837 495 pertransiit,
1868 421 1928 475 in
1957 437 2068 492 quo
2099 435 2292 474 omnes
2327 424 2714 490 peccaverunt.
2746 415 2798 475 8.
2841 418 3028 488 Usque
3069 415 3140 470 ad
3194 413 3380 482 legem
3423 404 3573 461 enim

321 518 612 584 peccatum
641 516 764 566 erat
781 511 844 565 in
868 511 1097 565 mundo.
1121 511 1174 566 9.
1201 512 1500 566 Peccatum
1515 515 1704 566 autem
1722 526 1835 564 non
1855 508 2257 580 imputabatur,
2306 523 2434 561 cum
2462 507 2550 561 lex
2577 524 2690 561 non
2718 511 2883 561 esset.
2919 506 3028 561 Sed
3057 501 3312 575 regnavit
3327 515 3480 553 mors
3503 496 3574 550 ab

325 603 502 656 Adam
533 617 709 672 usque
729 601 803 654 ad
837 601 1067 671 Moysen
1099 619 1113 666 ;
1156 600 1328 654 etiam
1355 597 1445 657 10.
1468 601 1526 654 in
1547 616 1642 655 eos
1659 599 1754 669 qui
1778 614 1891 652 non
1923 602 2293 668 peccaverunt
2311 595 2391 652 11.
2413 597 2473 650 in
2485 596 2907 650 similitudinem
2926 588 3396 665 praevaricationis
3417 587 3570 650 Adae,

329 688 411 756 11,
447 690 530 753 12,
559 688 646 745 13.
672 689 770 760 qui
800 694 885 742 est
908 689 1087 741 forma
1110 687 1306 741 futuri.
1338 686 1423 742 14.
1461 688 1570 742 Sed
1597 686 1680 743 15.
1713 703 1826 740 non
1842 685 1986 740 sicut
2011 686 2296 751 delictum,
2329 685 2411 739 ita
2441 689 2498 738 et
2524 685 2761 750 donum;
2786 684 2833 737 si
2846 682 2994 737 enim
3011 681 3178 736 unius
3195 678 3398 733 delicto
3411 672 3575 731 multi

319 778 522 831 mortui
551 783 704 844 sunt,
735 773 827 831 16.
861 777 1037 830 multo
1066 776 1250 846 magis
1275 775 1462 846 gratia
1484 775 1587 831 Dei
1615 780 1674 830 et
1699 775 1911 829 donum
1945 774 2028 830 17.
2052 775 2111 829 in
2138 774 2323 844 gratia
2350 774 2518 828 unius
2542 773 2786 826 hominis
2813 773 2947 826 Jesu
2973 769 3180 825 Christi
3199 767 3282 825 18.
3305 767 3364 820 in
3385 765 3577 837 plures

319 866 645 920 abundavit.
674 864 761 921 19.
793 865 862 919 Et
877 880 989 919 non
1008 862 1098 920 20.
1129 864 1276 918 sicut
1295 881 1394 935 per
1420 881 1597 918 unum
1624 870 1932 936 peccatum,
1982 863 2066 918 ita
2114 870 2171 916 et
2218 863 2429 916 donum
2461 881 2476 929 ;
2515 877 2650 915 nam
2698 860 2976 930 judicium
3005 858 3232 929 quidem
3280 873 3344 910 ex
3371 870 3484 910 uno
3512 853 3573 908 in

317 954 881 1021 condemnationem;
911 952 1000 1010 '21.
1059 953 1245 1024 gratia
1301 959 1492 1008 autem
1543 970 1609 1007 ex
1663 953 1857 1006 multis
1897 951 2114 1006 delictis
2151 952 2206 1005 in
2229 952 2708 1018 justificationem.
2736 950 2794 1003 Si
2815 947 2966 1003 enim
3003 948 3171 1002 unius
3191 946 3392 1001 delicto
3422 958 3574 997 mors

319 1044 578 1112 regnavit
603 1060 706 1115 per
727 1059 925 1107 unum,
957 1043 1136 1096 multo
1165 1042 1343 1113 magis
1370 1041 1460 1099 22.
1491 1041 1894 1099 abundantiam
1912 1040 2108 1112 gratiae
2131 1050 2185 1094 et
2209 1040 2526 1093 donationis
2555 1045 2612 1093 et
2635 1039 2867 1109 justitiae
2888 1036 3240 1107 accipientes,
3265 1031 3356 1089 23.
3379 1031 3438 1085 in
3460 1031 3571 1084 vita

316 1131 635 1201 regnabant
662 1149 764 1203 per
790 1148 967 1186 unum
993 1133 1187 1186 Jesum
1204 1133 1524 1199 Christum;
1558 1132 1732 1202 igitur
1749 1132 1895 1185 sicut
1921 1147 2023 1200 per
2050 1129 2216 1182 unius
2246 1128 2533 1197 delictum,
2557 1129 2617 1182 in
2646 1144 2840 1181 omnes
2870 1125 3127 1181 homines
3149 1124 3205 1176 in
3234 1121 3572 1176 condemns-‘-

319 1221 552 1287 tionem,
584 1221 664 1275 sic
684 1227 741 1275 et
760 1220 846 1277 24.
877 1237 978 1292 per
1003 1221 1171 1276 unius
1196 1222 1472 1292 justitiam
1500 1221 1558 1275 in
1588 1237 1782 1275 omnes
1810 1220 2067 1275 homines
2086 1223 2143 1275 in
2167 1222 2621 1291 justiﬁcationem
2644 1221 2790 1275 vitae.
2827 1222 2912 1275 Ita
2940 1217 3325 1272 misericordia
3353 1216 3454 1268 Dei
3475 1229 3572 1283 per

316 1311 485 1363 unius
495 1312 786 1379 justitiam
813 1311 879 1363 in
907 1325 1091 1363 omnes
1119 1310 1366 1363 homines
1391 1311 1669 1378 processit.
1700 1308 1786 1366 25.
1818 1310 1973 1366 Sicut
2001 1310 2151 1365 enim
2180 1327 2282 1384 per
2307 1310 2744 1366 inobedientiam
2774 1310 2942 1364 unius
2978 1304 3224 1363 hominis
3252 1308 3570 1376 peccatores

1759 1535 2002 1592 CAPUT
2023 1537 2116 1595 VL

382 1739 439 1795 8.
473 1742 648 1809 Usque
672 1742 746 1794 ad
767 1743 935 1808 legem
955 1744 1126 1795 enim.
1169 1743 1473 1797 Peccatum
1498 1741 1723 1812 quidem
1749 1740 1980 1805 inhisA
2064 1741 2149 1802 18.
2179 1747 2248 1800 In
2270 1748 2480 1814 plures.
2530 1743 2726 1798 Plures
2763 1741 2916 1807 dicit,
2967 1755 3080 1794 non
3126 1737 3198 1792 ad
3252 1750 3572 1802 numerum,

319 1828 483 1882 etiam
510 1829 609 1899 qui
653 1829 834 1899 legem
866 1835 1213 1900 acceperant,
1245 1831 1372 1897 fuit,
1405 1830 1504 1884 sed
1529 1846 1640 1884 non
1658 1835 1900 1899 tantum,

317 1923 590 1986 quantum
621 1918 810 1989 prius;
843 1933 945 1990 per
962 1918 1170 1988 legales
1190 1919 1340 1974 enim
1365 1918 1745 1975 observantias
1765 1919 1906 1974 mul-

316 2004 357 2058 ti
382 2004 762 2060 salvabantur.

384 2093 436 2147 9.
465 2096 746 2148 Peccatum
787 2097 957 2149 enim.
1009 2096 1189 2151 Aliter
1214 2097 1304 2151 hic
1329 2101 1618 2169 peccatum
1646 2097 1910 2168 intelligit

318 2199 485 2253 quam
513 2183 794 2254 superius.
827 2184 1124 2239 Peccatum
1153 2185 1304 2240 enim
1323 2186 1429 2240 hoc
1455 2186 1514 2240 in
1542 2185 1664 2240 loco
1700 2186 1910 2256 signiﬁ-

316 2277 402 2325 cat
447 2271 960 2342 przevaricationem
1000 2273 1161 2344 legis,
1206 2290 1328 2344 quae
1381 2290 1494 2328 non
1525 2273 1911 2344 imputabatur

312 2376 439 2413 cum
461 2359 551 2414 lex
579 2377 689 2414 non
719 2366 881 2416 esset.

381 2437 472 2496 10.
505 2442 750 2495 AUGUST.
777 2443 875 2508 (De
890 2449 1235 2510 peccatorum
1258 2446 1472 2497 meritis
1501 2448 1548 2497 et
1570 2445 1780 2508 remis.,
1816 2442 1907 2495 de-

315 2546 415 2596 que
437 2531 566 2598 Bap.
583 2547 749 2598 paro.
781 2529 879 2584 lib.
917 2545 957 2598 ι,
997 2547 1118 2601 cap.
1151 2545 1224 2596 xx,
1257 2535 1397 2584 tom.
1420 2530 1565 2597 VII.)
1588 2531 1656 2584 In
1685 2547 1768 2584 eos
1797 2547 1910 2584 non

315 2625 694 2685 peccaverunt,
737 2620 792 2673 id
817 2625 917 2683 est,
951 2620 1047 2691 qui
1067 2620 1318 2673 nondum
1347 2635 1449 2674 sua
1478 2625 1534 2673 et
1562 2618 1789 2690 propria
1811 2634 1906 2670 vo-

317 2707 554 2773 luntate,
589 2708 732 2763 sicut
747 2709 860 2775 ille,
893 2714 1281 2781 peccaverunt,
1310 2709 1408 2763 sed
1437 2707 1507 2764 ab
1549 2709 1645 2762 illo
1692 2707 1908 2779 origine

315 2801 610 2864 peccatum
635 2801 948 2852 traxerunt.

385 2883 475 2940 1'1.
505 2885 713 2940 Lassa.
755 2889 825 2942 In
865 2890 1316 2955 similitudinem,
1354 2888 1412 2942 id
1439 2892 1540 2954 est,
1571 2885 1666 2958 qui
1696 2901 1909 2957 praeva-

314 2974 476 3029 ricati
499 2981 636 3030 sunt
665 2981 943 3048 precepts
960 2977 1082 3044 Dei,
1115 2978 1262 3032 sicut
1289 2977 1489 3032 Adam.

1987 1835 2085 1890 sed
2115 1834 2248 1906 quia
2273 1833 2330 1888 in
2362 1833 2510 1888 vitiis
2535 1835 2742 1904 plures.
2797 1831 2977 1885 Adam
3006 1829 3156 1882 enim
3177 1843 3277 1899 per
3302 1824 3575 1896 originale

1987 1924 2143 1979 dedit
2194 1927 2454 1989 mortem,
2503 1922 2762 1977 Christus
2787 1937 2917 1975 vero
2946 1919 3015 1974 de
3044 1915 3354 1973 actualibus
3385 1919 3443 1969 et
3471 1913 3580 1968 ori-

1987 2012 2268 2084 ginalibus
2290 2011 2566 2066 liberavit.

2059 2100 2150 2160 19.
2206 2105 2454 2158 Ausus'r.
2509 2103 2684 2172 (ibid,
2736 2117 2856 2171 cap.
2900 2097 3016 2167 15.)
3059 2098 3125 2152 Et
3181 2111 3294 2150 non
3322 2096 3465 2148 sicut
3479 2109 3582 2163 per

1990 2208 2191 2246 unum.
2241 2191 2326 2246 Ab
2370 2191 2573 2257 Adam,
2621 2194 2686 2245 in
2729 2207 2833 2260 quo
2860 2203 3043 2244 omnes
3068 2187 3430 2256 peccavimus,
3466 2197 3580 2236 non

1990 2282 2182 2337 omnia
2225 2287 2416 2336 nostra
2461 2285 2709 2352 peccata,
2751 2279 2850 2334 sed
2877 2283 3101 2332 tantum
3137 2273 3409 2344 originale
3455 2276 3581 2325 tra-

1991 2372 2270 2426 duximus.
2298 2372 2347 2424 A
2376 2370 2597 2424 Christo
2616 2385 2765 2430 vero,
2782 2369 2840 2422 in
2857 2383 2967 2439 quo
2977 2381 3171 2420 omnes
3183 2361 3576 2434 justiﬁcamur,

1991 2477 2104 2516 non
2131 2461 2282 2516 illius
2335 2465 2556 2514 tantum
2586 2457 2889 2528 originalis,
2927 2455 3021 2509 sed
3053 2454 3224 2508 etiam
3250 2457 3580 2505 ceterorum

1993 2567 2114 2621 quae
2134 2548 2570 2622 ipsiaddidimus
2584 2547 2970 2601 remissionem
3000 2540 3416 2611 consequimur.
3449 2537 3581 2592 Ideo

1989 2655 2105 2695 non
2122 2639 2267 2694 sicut
2293 2655 2394 2710 per
2421 2654 2598 2692 unum
2630 2640 2970 2708 peccantem,
3002 2633 3082 2687 ita
3102 2636 3160 2685 et
3181 2630 3413 2684 donum.
3430 2628 3576 2681 Nam

1984 2728 2260 2800 judicium
2277 2728 2426 2800 quod
2447 2728 2570 2797 [al.,
2604 2722 2857 2797 quidem]
2890 2740 2956 2778 ex
2982 2737 3096 2776 uno
3132 2720 3334 2774 delicto
3367 2717 3431 2785 (si
3465 2731 3579 2770 non

1990 2819 2334 2887 remittatur)
2346 2817 2404 2871 id
2424 2823 2510 2871 est
2533 2815 2812 2886 originali,
2840 2814 2900 2867 in
2927 2809 3448 2866 condemnationem
3457 2806 3578 2875 jam

1991 2914 2177 2981 potest
2194 2907 2417 2962 ducere.
2443 2905 2638 2960 Gratia
2660 2920 2790 2959 vero
2809 2919 2875 2957 ex
2894 2900 3088 2956 multis
3128 2896 3345 2952 delictis
3387 2893 3582 2949 remis-

1991 2998 2087 3065 sis,
2127 2998 2232 3051 hoc
2260 3001 2364 3062 est,
2394 3011 2507 3049 non
2537 2994 2721 3048 solum
2747 2990 3030 3061 originali,
3055 3003 3248 3042 verum
3277 2984 3446 3039 etiam
3468 2997 3582 3037 om-

386 3062 613 3154 11.701413
635 3070 711 3118 est
737 3067 923 3132 forma
976 3067 1190 3133 futuri.
1257 3066 1446 3120 Adam
1490 3066 1671 3121 forma
1699 3061 1968 3128 Christi};
1990 3061 2154 3142 nigus
2183 3061 2418 3154 ameris,
2451 3083 2522 3138 ad
2544 3080 3005 3153 justiﬁcationem
3020 3075 3294 3149 perducit.

315 3152 437 3207 fuit.
471 3153 616 3216 Quia
652 3154 798 3208 sicut
826 3155 921 3208 ille
958 3160 1119 3226 pater
1149 3155 1400 3210 omnium
1445 3156 1750 3210 secundum
1783 3169 1908 3208 car-
1969 3164 1977 3169 ‘

315 3258 463 3308 nem,
517 3243 598 3296 sic
621 3243 878 3298 Christus
903 3250 1064 3316 pater
1088 3245 1338 3299 ﬁdelium
1365 3245 1676 3300 secundum
1715 3245 1904 3298 ﬁdem.

316 3329 384 3384 Et
409 3330 557 3384 sicut
573 3347 640 3384 ex
669 3330 846 3385 latere
871 3333 1023 3398 Adae,
1049 3333 1288 3388 formata
1309 3339 1394 3388 est
1417 3334 1549 3399 Eva,
1577 3333 1656 3388 sic
1684 3349 1750 3387 ex
1774 3333 1911 3388 late-

316 3434 375 3471 re
408 3419 619 3473 Christi
646 3420 1035 3490 proﬂuxerunt
1060 3429 1430 3492 sacramenta,
1455 3439 1558 3494 per
1585 3439 1708 3493 quae
1736 3422 1913 3476 salva-

315 3510 406 3558 tur
433 3506 702 3561 Ecclesia.

390 3594 476 3651 1‘2.
521 3598 768 3654 Ausus'r.
800 3600 992 3670 (Ibid)
1020 3601 1127 3668 Qui
1148 3605 1222 3655 est
1246 3602 1451 3668 forma.
1506 3600 1648 3664 Quia
1697 3601 1754 3654 in
1795 3603 1911 3664 IS

319 3685 410 3738 illo
438 3692 763 3741 constructa
813 3693 898 3742 est
952 3689 1134 3744 forma
1186 3689 1668 3744 condemnationis
1707 3688 1913 3743 futuris

316 3776 554 3847 posteris
580 3777 677 3846 qui
707 3779 828 3848 ejus
859 3779 1128 3849 progenie
1155 3784 1501 3834 crearentur.

392 3863 478 3920 13.
508 3867 760 3922 “suos.
795 3868 900 3934 Qui
925 3873 1005 3920 est
1035 3870 1220 3935 forma
1253 3869 1460 3935 futuri.
1485 3866 1742 3921 Decrevit
1759 3865 1910 3920 enim

318 3952 467 4007 Deus
477 3969 580 4024 per
603 3970 777 4007 unum
801 3954 1120 4020 (Christum)
1140 3956 1441 4010 emendare
1461 3956 1609 4026 quod
1621 3971 1722 4027 per
1734 3970 1912 4010 unum

317 4041 540 4111 (Adam)
571 4049 864 4114 peccatum
907 4050 1009 4111 est,
1031 4045 1199 4100 .sicut
1224 4045 1285 4098 in
1309 4045 1645 4116 Apocalypsi
1670 4046 1914 4100 Joannes

320 4130 504 4202 inquit
531 4156 544 4187 :
567 4133 758 4200 Agnus
778 4136 882 4202 qui
892 4137 1096 4188 occisus
1117 4139 1192 4188 est
1210 4151 1245 4188 a
1264 4137 1652 4189 constitutione
1687 4137 1906 4189 mundi.

389 4219 480 4274 14.
509 4221 617 4276 Sed
631 4236 744 4275 non
761 4224 904 4276 sicut
918 4224 1196 4277 delictum.
1225 4223 1343 4277 Hoc
1357 4221 1513 4288 dixit,
1532 4223 1914 4294 quiaformam

325 4308 489 4362 unius
511 4309 722 4363 Christi
751 4310 892 4365 dixit
915 4326 1094 4365 unum
1121 4310 1322 4365 Adam.

395 4396 480 4452 15.
512 4398 721 4456 Lmen.
741 4399 986 4454 Sed'non
1011 4403 1153 4454 sicut
1199 4401 1478 4456 delictum.
1511 4399 1662 4456 Ordo
1693 4417 1706 4451 :
1743 4399 1915 4463 Quasi

325 4484 531 4539 diceret
560 4505 573 4540 :
609 4487 865 4556 quamvis
909 4487 1090 4542 Adam
1119 4489 1302 4542 forma
1327 4487 1438 4542 fuit
1478 4487 1704 4553 Christi,
1735 4488 1914 4558 majo-

324 4590 438 4627 rem
458 4580 650 4628 tamen
677 4574 785 4629 vim
814 4575 985 4631 habet
1011 4577 1222 4632 donum
1243 4576 1471 4632 Christi.
1507 4577 1641 4631 Plus
1659 4576 1810 4630 enim
1830 4581 1916 4631 est

323 4663 601 4718 vivificare
623 4681 792 4735 quam
821 4665 1093 4720 occidere.

391 4750 481 4805 16.
509 4753 762 4809 Aususr.
804 4754 988 4820 (ibid.)
1012 4755 1187 4808 Multo
1211 4756 1390 4821 magis
1418 4754 1626 4820 gratia.
1655 4753 1781 4808 Non
1802 4768 1917 4806 ma-

320 4841 405 4910 gis
436 4841 665 4906 multos,
704 4846 760 4894 et
788 4841 967 4894 multo
1000 4841 1190 4912 plures
1227 4841 1502 4895 homines.
1538 4841 1735 4910 Neque
1765 4840 1916 4894 enim

320 4927 509 5000 plures
567 4927 952 4997 justiﬁcantur
996 4944 1166 4998 quam
1232 4927 1697 4981 condemnantur.
1738 4927 1918 4981 Adam

323 5014 528 5085 quippe
549 5030 617 5068 ex
646 5031 747 5068 suo
785 5016 987 5070 delicto
1015 5033 1141 5070 reos
1171 5016 1387 5086 genuit.
1421 5015 1677 5070 Christus
1729 5021 1920 5070 autem

323 5102 493 5156 etiam
519 5119 643 5174 quae
682 5104 940 5158 homines
983 5105 1185 5159 delicta
1233 5104 1473 5175 propriae
1509 5103 1812 5157 voluntatis
1849 5103 1922 5157 ad

321 5193 596 5264 originale
624 5193 682 5247 in
711 5211 821 5264 quo
850 5200 1220 5265 peccaverunt
1249 5194 1376 5267 [al.,
1408 5193 1528 5249 nati
1557 5193 1733 5264 sunt],
1767 5193 1921 5248 addi-

322 5283 559 5350 derunt;
585 5284 774 5354 gratia
787 5300 890 5338 sua
917 5284 1081 5338 solvit
1109 5290 1280 5354 atque
1315 5283 1558 5338 donavit.

393 5370 484 5427 17.
516 5372 730 5427 Larum.
764 5373 831 5426 In
859 5375 1049 5440 gratia
1076 5374 1250 5425 unius
1277 5373 1538 5427 hominis.
1558 5371 1622 5424 In
1635 5370 1840 5440 gratia,
1863 5370 1921 5425 id

322 5466 428 5529 est,
483 5466 717 5532 propter
764 5460 1030 5530 gratiam.
1081 5460 1336 5514 Gratiam
1379 5464 1569 5514 autem
1622 5459 1713 5514 hic
1761 5465 1924 5514 vocat

321 5549 726 5620 perfectionem
774 5549 1050 5604 virtutum
1101 5565 1272 5620 quam
1307 5549 1476 5604 homo
1526 5549 1641 5616 ille,
1674 5565 1710 5604 a
1740 5548 1922 5605 Verbo

323 5637 509 5696 Patris
537 5643 882 5712 assumptus,
899 5655 1002 5712 per
1017 5638 1260 5710 gratiam
1281 5637 1382 5694 Dei
1410 5636 1624 5694 habuit.

2064 3193 2154 3249 20.
2175 3194 2380 3247 LANFR.
2412 3193 2481 3246 Et
2515 3206 2628 3244 non
2658 3192 2818 3243 sicut.
2852 3185 3032 3241 Aliter
3061 3203 3074 3238 :
3105 3184 3211 3238 etsi
3233 3181 3378 3236 sicut
3394 3194 3584 3251 pecca-

1995 3289 2136 3350 tum,
2158 3283 2240 3337 ita
2257 3286 2314 3336 et
2331 3280 2561 3346 donum,
2586 3277 2645 3332 id
2675 3281 2778 3343 est,
2804 3280 3043 3346 utraque
3071 3271 3231 3344 paria
3275 3285 3388 3324 non
3427 3273 3580 3324 sunt.

2061 3390 2152 3444 21.
2185 3391 2377 3446 Gratia
2425 3392 2610 3441 autem
2662 3402 2726 3440 ea:
2768 3385 2986 3438 multis.
3045 3380 3196 3435 Ordo
3228 3382 3313 3432 est
3343 3395 3354 3431 :
3385 3373 3581 3431 Gratia

1993 3486 2185 3536 autem
2211 3479 2270 3532 in
2293 3475 2753 3549 justiﬁcationem
2773 3490 2840 3528 ex
2867 3471 3060 3525 multis
3077 3467 3314 3522 delictis.

2063 3585 2153 3644 22.
2179 3587 2419 3640 Ausus'r.
2454 3580 2631 3653 (ibid)
2648 3580 3069 3636 Abundantium
3097 3578 3311 3645 gratia.
3339 3572 3485 3637 Quid
3503 3580 3588 3626 est

1993 3681 2184 3732 autem
2210 3673 2615 3728 abundantiam
2641 3671 2838 3741 gratiae
2864 3673 2921 3722 et
2966 3662 3384 3737 justiﬁcationis
3413 3668 3471 3716 et
3491 3663 3586 3731 ju-

1993 3765 2160 3821 stitiae
2183 3762 2484 3834 accipiunt,
2513 3760 2622 3814 nisi
2641 3759 2786 3830 quod
2807 3773 2919 3811 non
2943 3755 3024 3810 eis
3047 3759 3270 3808 tantum
3295 3755 3586 3823 peccatum

1992 3856 2052 3909 in
2083 3871 2192 3926 quo
2221 3868 2413 3907 omnes
2432 3851 2820 3922 peccaverunt,
2850 3845 2950 3900 sed
2997 3845 3168 3899 etiam
3188 3841 3337 3913 quod
3364 3839 3589 3895 addide-

1991 3949 2144 4008 runt,
2175 3940 2361 4012 gratia
2387 3937 2736 3993 remissionis
2765 3936 2933 3989 datur
2958 3932 2987 3986 ?

2065 4047 2152 4104 23.
2189 4052 2257 4104 In
2285 4051 2400 4102 vita
2430 4047 2759 4113 regnabant.
2797 4043 2866 4096 Et
2894 4040 3028 4112 quid
3057 4045 3161 4104 est,
3201 4037 3380 4091 multo
3409 4035 3589 4106 magis

1996 4141 2054 4194 in
2083 4140 2198 4194 vita
2214 4135 2534 4207 regnabunt
2551 4152 2564 4200 ;
2598 4149 2726 4187 cum
2741 4129 2937 4184 mortis
2951 4143 3186 4198 regnum
3199 4125 3378 4179 multo
3397 4125 3588 4194 plures

1994 4229 2055 4283 in
2092 4233 2357 4282 aeternam
2382 4238 2608 4296 poenam
2663 4219 2882 4274 trahat?
2928 4216 3051 4270 Nisi
3081 4213 3465 4283 intelligamus
3491 4227 3586 4264 eos

1931 4316 1975 4378 C
1996 4319 2055 4372 in
2076 4317 2212 4387 ipsis
2238 4316 2360 4386 [al.,
2394 4330 2489 4367 eos
2518 4309 2689 4382 ipsos]
2721 4308 2780 4361 in
2808 4313 3046 4376 utroque
3081 4302 3209 4368 dici,
3257 4301 3354 4372 qui
3399 4305 3588 4354 trans-

1997 4411 2133 4460 eunt
2160 4404 2230 4457 ab
2255 4403 2436 4457 Adam
2467 4400 2537 4454 ad
2570 4398 2875 4460 Christum,
2921 4394 2978 4448 id
3012 4397 3096 4446 est
3141 4408 3175 4445 a
3205 4394 3386 4444 morte
3504 4389 3586 4442 vi-

1995 4500 2133 4558 tam,
2163 4492 2296 4562 quia
2326 4491 2386 4545 in
2430 4489 2545 4542 vita
2572 4493 2781 4542 aeterna
2810 4485 2932 4540 sine
2959 4483 3072 4536 fine
3099 4479 3434 4550 regnabunt,
3467 4494 3589 4532 ma-

1994 4584 2081 4654 gis
2113 4597 2284 4653 quam
2309 4580 2370 4634 in
2398 4579 2478 4632 eis
2508 4593 2660 4631 mors
2686 4572 3074 4645 temporaliter
3088 4575 3146 4624 et
3171 4585 3298 4624 cum
3330 4569 3443 4623 fine
3461 4583 3590 4638 reg-

1996 4671 2154 4726 nabit
2175 4671 2300 4741 [al.,
2324 4666 2622 4739 regnavit].

2065 4759 2154 4814 24.
2184 4759 2398 4814 LANFR.
2431 4759 2532 4810 Per
2551 4757 2726 4808 unius
2748 4753 3056 4820 justitiam.
3090 4747 3203 4802 Per
3224 4747 3507 4818 justitiam
3535 4751 3593 4800 et

1998 4842 2624 4903 obedientiam‘Christi.
2650 4842 2764 4895 vita
2787 4839 3040 4894 omnium
3061 4836 3408 4891 credentium
3427 4835 3594 4906 justi-

1998 4939 2166 4992 ﬁcata
2188 4943 2300 4994 est.
2361 4933 2505 4999 Quia
2532 4932 2662 4986 inde
2698 4931 2880 4984 factus
2909 4933 2996 4982 est
3025 4926 3208 4981 hostia
3235 4924 3594 4996 acceptabilis

2000 5027 2115 5081 Deo
2135 5042 2235 5097 pro
2255 5022 2497 5096 peccatis
2516 5020 2788 5084 omnium,
2828 5018 2962 5089 quia
2985 5018 3173 5088 justus
3213 5021 3272 5070 et
3319 5015 3594 5069 immacu-

2001 5116 2149 5169 latus
2177 5114 2300 5168 sine
2326 5117 2574 5184 peccato,
2622 5115 2678 5163 et
2721 5107 2987 5163 obediens
3011 5105 3117 5160 fuit
3143 5121 3323 5177 usque
3350 5105 3420 5159 ad
3450 5120 3596 5158 mor-

2000 5210 2136 5259 tem.

2071 5291 2160 5348 25.
2192 5291 2348 5346 Sicut
2399 5292 2570 5344 enim.
2615 5285 3009 5358 Comprobatio
3027 5289 3096 5338 et
3124 5281 3397 5352 expositio
3435 5295 3595 5350 supe-

2002 5381 2167 5437 rioris
2203 5395 2432 5434 versus:
2463 5377 2647 5432 omnis
2685 5376 2836 5430 enim
2867 5372 3264 5435 inobedientia,
3301 5369 3350 5422 si
3375 5372 3598 5423 tantum

2003 5472 2154 5527 mala
2173 5476 2277 5536 est,
2306 5469 2573 5523 delictum
2597 5485 2611 5534 ;
2643 5472 2700 5521 et
2723 5463 2905 5520 omnis
2933 5458 3269 5526 obedientia,
3298 5459 3347 5512 si
3374 5462 3599 5514 tantum

2004 5560 2152 5615 bona
2183 5563 2286 5626 est,
2304 5556 2544 5628 justitia.
