4048 6176
417 296 536 372 1‘23"
1402 298 1465 370 ΒΞ
1509 296 1925 373 mecr
1961 296 2338 374 armis}
2362 298 2699 372 memmi
3581 307 3698 367 ne

422 418 712 492 constituti
727 425 869 514 sunt
895 425 1078 503 multi,
1110 418 1190 491 ita
1221 441 1275 491 et
1301 435 1389 493 526.
1425 439 1524 516 per
1555 439 1718 492 unius
1739 431 2112 494 obeditio'nem
2126 427 2265 511 justi
2285 440 2698 495 constituentur
2715 435 2898 492 multi.
2913 434 3124 505 27,28.
3141 436 3260 490 Lex
3274 433 3689 490 auteu‘rsubiria‘

427 515 616 591 travit,
673 522 746 600 ut
768 511 1101 580 abundaret
1154 525 1438 580 delictum.
1469 511 1573 602 Ubi
1603 528 1792 602 autem
1821 529 2125 583 abundavit
2156 523 2440 590 delictUm,
2471 527 2559 584 29.
2589 523 3069 598 superabundavit
3088 525 3292 595 gratia,
3321 521 3420 580 30.
3442 528 3512 577 ut
3535 523 3690 578 sicut

427 608 688 692 regnavit
701 595 987 692 peccatum
1019 613 1087 666 in-
1109 614 1370 680 mbrtem,
1393 613 1474 668 ita
1494 599 1582 681 311,
1609 600 1706 669 32.ζ
1737 620 1792 669 et
1811 618 2000 687 gratia
2027 625 2225 690 regnet
2247 610 2334 677 33".
2369 627 2469 692 per
2484 595 2766 688 justitiam
2788 615 2848 670 in
2863 615 3042 671 vitam
3061 615 3348 680 aeternam,
3372 615 3690 686 p'érJésum-

427 687 728 757 Christum'
744 685 1044 757 Dominum
1073 702 1346 758 nostrum.

1890 785 2142 853 CAPUT
2160 788 2259 856 V11.

496 915 646 979 Quid
674 923 809 987 erga
837 917 1129 972 dicemus?
1155 917 1694 974 Permanebimusin
1725 924 1970 989 peccato,
1997 927 2062 976 ut
2075 923 2275 992 gratia
2293 922 2582 978 abundet?
2606 923 2801 978 Absit!
2835 923 2954 988 Qui:
2975 921 3024 978 1.
3062 923 3216 976 enim
3247 921 3457 976 mortui
3487 936 3684 975 sumus

426 1008 676 1075 peccato,
709 1007 988 1076 quomodo
1019 1007 1474 1062 adhuc‘vivemus
1501 1009 1560 1062 in
1590 1010 1729 1063 illo?
1760 1012 1842 1062 An
1874 1008 2162 1077 ignoratis
2192 1012 2327 1082 quia
2353 1011 2670 1082 quicunque
2692 1012 2960 1082 baptizati’
2984 1029 3180 1066 sumus
3203 1011 3510 1065 in-Chrisbo
3528 1011 3692 1073 Iesu,

420 1092 478 1149 2.
520 1093 569 1150 3.
615 1095 674 1148 in
711 1102 893 1150 morte
915 1097 1098 1166 ipsius
1121 1097 1384 1168 baptizati
1406 1108 1604 1152 sumus
1618 1101 1641 1151 ’ἐ
1659 1099 1715 1153 4.
1746 1100 2073 1170 Consepulti
2095 1101 2244 1154 enim
2277 1115 2472 1155 sumus
2501 1101 2743 1155 cumillo
2772 1117 2872 1171 per
2891 1100 3232 1170 baptismum
3259 1099 3594 1164 inmortem,
3619 1099 3689 1151 ut

426 1181 706 1250 quomodo
737 1182 991 1236 Christus
1011 1185 1256 1238 surrexit
1269 1203 1306 1238 av
1329 1187 1566 1241 mortuis
1587 1203 1687 1257 per
1713 1188 1952 1257 gloriam
1985 1189 2284 1254 Patris,ita
2303 1196 2361 1242 et
2388 1207 2495 1243 nos
2510 1190 2561 1243 5.
2593 1191 2650 1243 in
2672 1190 2914 1243 novitate
2930 1190 3059 1243 vitm
3072 1188 3443 1243 ambulemus.
3467 1186 3519 1252 6,
3541 1185 3595 1239 7.
3622 1187 3688 1241 Si

424 1271 969 1342 enim'complantati
998 1274 1131 1326 facti
1155 1291 1350 1329 sumus
1372 1276 1423 1330 8.
1449 1276 1805 1330 similitudini
1836 1279 2032 1332 mortis
2052 1280 2193 1347 ejus,
2229 1276 2280 1332 9‘.
2315 1279 2483 1332 simul
2505 1285 2563 1332 et
2578 1278 3012 1332 resurrectionis
3033 1278 3263 1332 erimus.
3306 1277 3426 1330 Hoc
3443 1275 3686 1330 scientes.

428 1358 511 1414 10.
541 1359 673 1429 quia
701 1366 860 1414 vetus
888 1362 1056 1415 homo
1087 1368 1278 1416 noster
1297 1364 1463 1416 simul
1487 1365 1782 1418 cruciﬁxus
1808 1372 1912 1430 est,
1947 1367 2032 1422 11.
2057 1375 2122 1420 ut
2150 1368 2476 1421 destruatur
2505 1366 2588 1424 1'2.
2616 1384 2819 1437 corpus
2839 1366 3068 1436 peccati,
3088 1371 3146 1419 et
3169 1365 3318 1418 ultra
3337 1380 3450 1417 non
3471 1363 3681 1417 servia-

423 1464 550 1500 mus
580 1454 828 1518 peccato.
866 1448 950 1505 13.
978 1450 1083 1513 Qui
1105 1452 1254 1504 enim
1285 1459 1542 1506 mortuus
1571 1459 1674 1517 est,
1699 1454 2042 1522 justificatus
2069 1461 2156 1508 est
2183 1472 2217 1508 a
2241 1460 2484 1526 peccato.
2512 1454 2599 1510 14.
2629 1456 2685 1509 Si
2711 1461 2898 1508 autem
2917 1454 3124 1507 mortui
3155 1469 3348 1507 sumus
3377 1468 3500 1505 cum
3524 1451 3682 1505 Chri-

422 1541 528 1601 sto,
562 1537 841 1591 credimus
881 1539 1013 1608 quia
1044 1540 1212 1592 simul
1243 1541 1410 1594 etiam
1442 1543 1693 1596 vivemus
1720 1559 1846 1596 cum
1879 1532 2119 1608 Christo,
2147 1544 2384 1598 scientes
2405 1545 2553 1614 quod
2581 1545 2838 1598 Christus
2863 1558 3160 1612 resurgens
3207 1558 3273 1594 ex
3309 1540 3546 1594 mortuis
3560 1541 3681 1608 jam

421 1640 533 1676 non
555 1625 812 1689 moritur,
832 1643 982 1678 mors
1008 1627 1088 1679 illi
1105 1628 1256 1680 ultra
1275 1645 1387 1681 non
1401 1630 1798 1685 dominabitur.
1826 1630 1907 1687 15.
1933 1632 2090 1695 Quod
2125 1639 2160 1697 Ι
2175 1638 2370 1697 920
2385 1633 2533 1686 enim
2557 1639 2812 1686 mortuus
2823 1637 2926 1698 est,
2946 1635 3190 1701 peccato,
3217 1635 3473 1682 mortuus
3496 1633 3680 1680 estse-

423 1711 553 1774 mel,
573 1711 728 1781 quod
738 1717 929 1766 autem
947 1713 1234 1778 vivit,vivit
1249 1717 1381 1770 Deo;
1415 1717 1496 1773 lli.
1522 1720 1608 1772 Ita
1621 1725 1678 1772 et
1695 1735 1796 1774 vos
1819 1721 2139 1776 “existimate
2157 1738 2254 1775 vos
2280 1727 2531 1775 mortuos
2559 1722 2782 1792 quidem
2806 1723 3196 1790 essepeccato.
3227 1719 3681 1777 viventesautcm

420 1799 557 1864 Deo,
585 1799 645 1852 in
673 1800 898 1856 Christo
928 1803 1329 1859 Jesqumino
1358 1812 1572 1862 nostro.
1605 1809 1698 1873 ‘17,
1725 1807 1964 1864 18.=Nonr
1987 1817 2338 1880 ergorcgnet
2368 1813 2943 1882 peccatumimvestm
2963 1799 3460 1878 mortaliscorporee
3475 1807 3683 1866 nimbo-

421 1887 596 1941 diatis
623 1891 1087 1959 concupiscentiis
1119 1893 1262 1960 ejus.
1297 1893 1414 1948 Sed
1441 1893 1527 1949 19.
1560 1911 1750 1966 neque
1772 1897 2082 1951 exhibeatis
2111 1899 2364 1954 membra
2391 1908 2578 1955 vestra
2608 1899 2697 1956 20.
2731 1917 2891 1954 arma
2918 1898 3238 1970 iniquitatis
3265 1901 3542 1968 peccato:
3582 1897 3682 1953 Sed

423 1975 678 2029 exhibete
706 1993 802 2030 vos
833 1979 949 2032 Deo
971 1985 1243 2049 tanquam
1271 1999 1337 2036 ex
1373 1984 1615 2039 mortuis
1639 2014 1641 2016 -
1661 1985 1928 2051 viventes,
1959 1991 2020 2041 et
2062 1988 2318 2044 membra
2345 1997 2531 2044 vestra
2557 2007 2716 2044 arma
2738 1989 2976 2059 justitiae
3005 1989 3140 2042 Deo.
3192 1987 3495 2045 Peccatum
3531 1984 3686 2042 enim

1760 2091 1960 2148 00MB]
1970 2095 2348 2150 ENTARIUS'.

617 2185 748 2273 “per
805 2197 989 2256 unius
1050 2197 1433 2251 obedientiam.
1483 2195 1593 2253 Per
1633 2200 2010 2256 obedientiam
2026 2216 2073 2273 Α
2165 2200 2217 2259 6'.
2249 2205 2501 2259 Asianos.
2536 2202 2598 2258 Si
2634 2205 2784 2257 enim
2830 2201 3209 2270 c'omptantati.
3251 2199 3406 2252 Tunc
3435 2213 3535 2252 nos
3559 2197 3685 2252 feli-

419 2269 653 2356 Chri'sti‘,‘
675 2273 816 2351 juSti
848 2289 981 2336 sunt
1024 2283 1231 2351 multi;
1273 2285 1358 2338 vel
1389 2281 1521 2356 quia
1543 2287 1879 2344 'obedi'enti'a
1909 2291 2022 2344 hos

417 2353 584 2421 stiam
612 2370 1040 2425 commendavit.
1059 2372 1158 2425 Vel
1186 2374 1317 2444 quia
1337 2373 1655 2431 obedientia
1682 2379 1755 2432 ad
1774 2386 2011 2433 mortem

422 2444 702 2511 Christum
736 2453 1012 2530 perduxit.
1042 2461 1204 2515 Fides
1226 2469 1414 2517 autem
1444 2467 1644 2520 mortis
1673 2469 1812 2537 ejus,
1841 2468 2012 2537 justié

419 2543 620 2599 ti‘cavit.
1485 2549 1490 2552 ’

490 2631 576 2690 27.
614 2636 716 2689 Lex
735 2641 920 2705 autem
949 2640 1304 2694 subintravit.
1356 2642 1522 2698 MOris
1557 2639 1642 2697 est
1697 2644 2011 2699 divinarum

417 2712 756 2789 litterarum,
806 2715 901 2779 ubi
944 2727 1133 2797 plures
1161 2725 1343 2782 causae
1391 2737 1540 2796 sunt,
1589 2749 1760 2786 unam
1790 2739 2015 2788 tantum

419 2817 566 2882 saepe
595 2802 945 2880 enumerare,
976 2812 1122 2870 sicut
1154 2817 1212 2870 in
1243 2819 1346 2872 hoc
1375 2817 1494 2873 Icco
1533 2840 1544 2874 :
1576 2822 1706 2876 data
1747 2828 1831 2876 est
1862 2824 2010 2877 enim

420 2900 534 2966 lex,
557 2890 622 2955 ut
651 2904 1028 2972 praedestinati
1057 2905 1127 2959 ad
1147 2909 1314 2960 vitam
1345 2924 1448 2978 per
1477 2909 1682 2979 legales
1719 2911 2013 2966 observan-

417 2983 526 3044 tias
557 2980 908 3046 salvarentur
940 3012 951 3060 ;
997 2995 1372 3065 przedest'mati
1402 3000 1588 3052 autem
1635 3000 1708 3053 ad
1749 3007 2008 3067 mortem,

417 3095 519 3150 per
545 3080 682 3149 legis
741 3084 1253 3150 praevaricationem
1285 3087 1465 3156 magis
1499 3085 1853 3158 punirentur.
1903 3089 2012 3145 Sed

418 3167 570 3222 iiii-us
590 3163 776 3224 causas
809 3171 906 3225 hic
926 3178 1152 3228 tantum
1174 3177 1514 3230 mentionem
1536 3174 1687 3242 facit,
1721 3193 1824 3249 per
1841 3193 2009 3249 quam

417 3252 638 3312 Iudaeos
675 3265 741 3313 ex
791 3268 1034 3332 aecepta-
1074 3263 1203 3333 lege
1259 3265 1646 3335 superbientes
1710 3268 2013 3323 humiliare

415 3347 613 3415 possit.

489 3432 578 3489 28.
617 3437 865 3492 Anaﬂos‘.
925 3440 1037 3493 Leo:
1055 3445 1243 3495 autem
1291 3444 1652 3499 subintrav‘it.
1710 3446 2014 3515 Apostolus

2095 2295 2234 2347 ci‘ter
2257 2293 2391 2348 dicit
2417 2300 2576 2364 posse
2627 2303 2935 2362 resurgere,
2982 2291 3029 2344 si
3077 2285 3437 2343 similitudini
3486 2287 3686 2340 mortis

2094 2385 2215 2455 ejus
2244 2384 2517 2438 fuerimus
2551 2381 2932 2454 complantati,
2964 2381 3018 2432 id
3047 2385 3150 2445 est,
3203 2378 3249 2431 si
3305 2377 3363 2430 in
3407 2377 3684 2448 baptismo

2094 2472 2285 2526 omnia
2306 2473 2441 2527 vitia
2478 2472 2838 2543 deponentes,
2871 2470 2930 2522 in
2956 2483 3156 2521 novam
3190 2465 3363 2520 vitam
3402 2465 3680 2532 translati,

2094 2561 2162 2615 de
2183 2568 2382 2619 czetero
2407 2579 2517 2616 non
2539 2576 2847 2632 peccemus.

2161 2655 2222 2708 7.
2254 2652 2462 2706 LANFR.
2497 2650 2559 2705 Si
2585 2653 2734 2704 enim
2755 2649 3132 2716 complantati.
3165 2641 3290 2699 Alia
3307 2643 3453 2700 ratio
3482 2659 3583 2696 cur
3625 2643 3686 2701 in

2093 2746 2273 2794 morte
2296 2740 2470 2811 ipsius
2497 2739 2864 2809 baptizemur,
2885 2737 3260 2804 complantati,
3287 2732 3344 2786 id
3367 2738 3470 2799 est,
3510 2731 3678 2797 affixi,

2091 2830 2176 2883 vel
2205 2831 2571 2884 adhzerentes.

2165 2919 2216 2974 8.
2251 2917 2653 2983 Similitudini,
2676 2916 2730 2970 id
2748 2919 2850 2974 est.
2885 2913 2932 2968 si
2953 2912 3124 2972 semel
3141 2912 3366 2985 peccato
3388 2908 3680 2975 morimur,

2057 3056 2066 3065 .
2094 3007 2330 3065 similem
2362 3005 2826 3061 resurrectionem
2855 3001 3099 3059 habituri
3131 3017 3344 3061 sumus.

2166 3096 2218 3152 9.
2251 3097 2434 3151 Simul
2464 3101 2511 3149 et
2542 3088 3293 3158 resurrectionis,subaudis;
3327 3084 3682 3142 similitudini

2093 3189 2236 3258 ejus.

2160 3275 2249 3329 10.
2288 3276 2430 3343 Quia
2461 3277 2611 3328 vetus
2633 3272 2810 3330 homo.
2842 3269 2898 3323 id
2929 3273 3033 3337 est,
3052 3285 3153 3323 nos
3173 3268 3232 3320 in
3261 3283 3327 3320 eo
3359 3265 3506 3337 quod
3527 3271 3681 3324 more

2091 3365 2296 3422 veteris
2325 3362 2566 3416 hominis
2597 3377 2909 3434 peccamus.

2166 3453 2251 3509 11.
2297 3453 2359 3507 Ut
2388 3452 2712 3505 destruatur
2751 3465 2943 3518 corpus
2992 3447 3215 3517 peccati,
3263 3444 3318 3498 id
3349 3448 3452 3510 est,
3484 3450 3686 3514 Corpus

419 3524 666 3596 ostendit
702 3526 837 3596 quid
890 3528 1208 3598 provenerit
1263 3530 1394 3586 data
1434 3532 1575 3603 lege,
1610 3549 1726 3588 non
1762 3535 1897 3604 quid
1924 3535 2348 3616 lexﬁnostmm
2366 3543 2426 3596 in
2456 3559 2520 3598 eo
2561 3540 2707 3616 quod
2735 3543 2944 3610 peccat.

419 3611 632 3668 fecerit.

489 3703 575 3757 2‘9.
601 3704 812 3759 LANFR.
831 3706 1312 3774 Superabundabit
1333 3716 1547 3779 gratia.
1582 3712 1754 3777 Quasi
1769 3712 2006 3768 diceret:

420 3792 680 3863 ouJudtei!
715 3811 808 3849 vos
846 3797 1235 3868 putatis-quod
1258 3800 1512 3856 Christus
1565 3801 1829 3871 gentibus
1885 3802 2013 3873 plus

418 3881 713 3950 dimiserit,
766 3886 864 3938 sed
909 3887 1244 3956 quibusdam
1296 3896 1543 3946 vestrum
1591 3893 1720 3964 plus
1772 3893 2010 3964 dimisit,

419 3988 558 4042 quos
584 3974 1041 4043 praevaricatores
1070 3976 1210 4050 legis
1227 3977 1460 4032 invenit.

492 4051 577 4118 30.
607 4051 670 4117 Ut
697 4067 839 4118 sicut
862 4069 1132 4134 regnavit,
1166 4063 1221 4119 id
1254 4072 1357 4133 est,
1387 4069 1693 4139 praevaluit.

490 4152 578 4210 31.
606 4155 688 4207 Ita
718 4143 766 4208 et
796 4158 983 4222 gratia
1005 4145 1210 4222 regnet,
1233 4153 1289 4209 id
1316 4163 1418 4230 est,
1445 4159 1762 4229 prmvaleat.

492 4229 578 4298 39.
606 4235 854 4298 Annaos.
887 4244 1082 4302 Gratia
1111 4249 1313 4312 regnet.
1347 4247 1568 4316 Regnat
1593 4249 1778 4318 gratia
1805 4266 1907 4322 per
1927 4252 2015 4320 ju-

418 4332 654 4398 stitiam,
715 4323 764 4386 Si
819 4327 1047 4404 acoepta
1100 4328 1450 4402 remissione,
1485 4336 1764 4405 justitiam
1811 4356 2013 4410 sequa-

417 4411 563 4475 mur.

492 4506 578 4564 33.
608 4513 710 4564 Per
726 4513 1035 4578 justitiam,
1068 4511 1275 4566 scilicet
1302 4511 1531 4567 Christi.

491 4585 650 4652 CAP.
681 4599 776 4653 VI.
813 4629 882 4642 —
929 4599 977 4655 1.
1027 4593 1232 4656 LANFR.
1267 4603 1374 4668 Qui
1401 4604 1551 4656 enim
1588 4603 1800 4658 Mortui
1822 4622 2014 4660 smnus

421 4693 652 4756 peccato,
712 4687 940 4753 scilicet,
974 4688 1034 4742 in
1062 4688 1371 4760 baptismo;
1404 4688 1467 4742 in
1505 4691 1718 4746 Christo
1754 4694 1901 4762 Jesu,
1953 4695 2011 4749 id

421 4765 526 4842 est,
559 4777 619 4831 in
648 4777 758 4831 ﬁde
789 4765 998 4831 Christi
1027 4777 1055 4831 J
1062 4794 1179 4831 esu.

2031 3595 2078 3654 B
2101 3595 2157 3600 vv
2170 3595 2503 3702 litamus
2515 3595 2754 3701 peccati
2770 3626 2976 3682 Omnia
2991 3628 3218 3698 peccata
3231 3622 3399 3687 simul
3416 3621 3682 3693 appellat,

2093 3738 2285 3790 corpus
2308 3723 2535 3789 peccati.
3642 3787 3646 3792 V

2167 3809 2251 3867 13.
2302 3810 2408 3876 Qui
2439 3812 2589 3865 enim
2631 3811 2886 3864 mortuus
2918 3807 3011 3862 est.
3058 3797 3220 3861 Ratio
3259 3817 3359 3854 cur
3404 3816 3517 3854 non
3563 3805 3686 3854 ser-

2093 3899 2352 3956 viendum
2379 3898 2453 3956 sit
2493 3893 2740 3970 peccato.
2784 3893 3022 3958 Peccato
3066 3891 3216 3946 enim
3241 3888 3572 3966 justificatio
3593 3905 3686 3960 pe-

2095 3989 2192 4046 rit.

2170 4073 2254 4138 14.
2287 4059 2351 4132 Si
2395 4079 2582 4130 autem
2629 4075 2844 4127 mortui
2885 4074 3097 4136 sumus,
3142 4069 3199 4123 id
3241 4072 3345 4135 est,
3395 4067 3442 4130 si
3487 4082 3683 4122 revera

2097 4160 2351 4222 Christus
2395 4163 2701 4218 secundum
2744 4177 2971 4217 carnem
2995 4151 3256 4214 'mortuus
3275 4162 3361 4211 est
3385 4175 3396 4210 :
3429 4165 3531 4220 nos
3552 4171 3683 4227 pec-

2097 4255 2234 4308 catis
2267 4253 2528 4308 omnibus
2553 4252 2760 4308 mortui
2790 4267 3003 4325 sumus,
3038 4249 3332 4312 credimus,
3361 4249 3468 4309 etc.

2143 4331 2254 4400 '15.
2285 4343 2490 4405 LANFR.
2525 4342 2675 4412 Quod
2698 4343 2848 4396 enim
2865 4341 3118 4391 mortuus
3134 4340 3207 4392 est
3227 4337 3462 4405 peccato,
3485 4330 3688 4394 subau-

2095 4432 2190 4496 dis
2213 4445 2224 4479 :
2258 4430 2489 4491 humani
2503 4430 2725 4504 generis
2753 4427 3022 4486 delendo.

2168 4519 2253 4578 16.
2285 4521 2370 4578 Ita
2402 4527 2450 4580 et
2476 4537 2592 4582 vos,
2615 4535 2716 4590 pro
2745 4518 2954 4588 itaque.

2171 4605 2254 4665 17.
2288 4610 2412 4662 Non
2449 4624 2573 4674 ergo
2631 4610 2819 4674 regnet
2857 4606 3168 4673 peccatum,
3221 4601 3280 4656 id
3333 4605 3436 4668 est,
3489 4606 3688 4658 Concu-

2095 4697 2367 4770 piscentia
2393 4695 2624 4770 peccati.

2027 4823 2071 4882 Ο
2169 4785 2252 4842 18.
2283 4787 2529 4840 Αδωιιοδ.
2560 4783 2683 4838 Non
2702 4797 2829 4849 ergo
2849 4785 3055 4848 regnet.
3088 4775 3324 4834 Mortale
3346 4794 3574 4882 corpus
3607 4778 3688 4834 di-

492 4866 544 4920 2.
579 4868 646 4920 In
675 4871 848 4920 morte
868 4869 1060 4935 ipsius,
1093 4863 1150 4919 id
1179 4849 1284 4934 est,
1315 4867 1460 4920 sicut
1496 4867 1592 4922 ille
1636 4876 1892 4925 mortuus
1929 4849 2071 4926 estU
2094 4890 2243 4940 cens,
2273 4878 2455 4927 totum
2503 4868 2786 4930 hominem
2833 4867 3037 4950 signat,
3089 4869 3221 4950 quia
3268 4865 3365 4954 qui
3417 4849 3690 4934 obediunt

420 4956 611 5016 semel,
639 4961 696 5010 et
722 4972 943 5026 semper
979 4953 1131 5018 vivit,
1168 4947 1250 5008 ita
1301 4960 1358 5008 et
1410 4957 1513 5010 nos
1565 4959 1738 5012 semel
1787 4965 2012 5030 peccato

421 5045 750 5110 moriamur,
783 5052 842 5100 et
868 5047 927 5100 in
947 5046 1089 5102 bene
1119 5039 1279 5102 factis
1316 5041 1537 5120 semper
1563 5048 1832 5102 vivamus.

491 5133 544 5188 3.
577 5123 825 5189 AMBROS.
866 5139 933 5190 In
973 5143 1146 5190 morte
1195 5141 1386 5206 ipsius.
1443 5137 1585 5192 Cum
1640 5135 2006 5206 baptizamur,

417 5225 819 5300 commorimur
849 5226 1099 5290 Christo;
1129 5227 1234 5281 hoc
1259 5233 1346 5284 est
1373 5227 1432 5281 in
1462 5232 1644 5280 morte
1675 5226 1798 5296 ejus
1823 5223 2008 5296 bapti-

419 5298 552 5368 iari.
580 5298 701 5370 Illic
728 5315 877 5370 enim
911 5322 1137 5386 peccata
1173 5309 1511 5370 moriuntur.

491 5402 544 5458 4.
575 5389 779 5459 Lassa.
807 5391 1118 5474 Consepulti
1135 5408 1304 5458 enim.
1331 5399 1675 5473 Designatio,
1702 5398 1925 5473 quando
1954 5403 2012 5456 et

418 5507 519 5544 cur
542 5491 600 5544 in
629 5479 810 5546 morte
841 5483 1050 5546 Christi
1076 5484 1442 5562 baptizemur.
1629 5561 1632 5563 Α

494 5579 542 5634 5.
579 5581 645 5633 In
673 5585 931 5649 novitate,
960 5581 1019 5635 id
1047 5585 1154 5648 est,
1185 5597 1220 5634 a
1244 5579 1395 5634 vitiis
1424 5570 1802 5650 resumes.

2093 4968 2321 5034 peccato
2351 4961 2614 5019 mortales
2644 4947 2925 5022 dicuntur.
2961 4947 3165 5024 Anima
3218 4947 3366 5009 enim
3405 4968 3527 5031 qua:
3556 4972 3687 5042 pec-

2094 5057 2203 5117 cat,
2236 5051 2361 5122 ipsa
2387 5050 2678 5110 morietur.
2709 5044 2765 5111 id
2790 5054 2878 5106 est
2900 5054 3053 5113 totus
3085 5047 3269 5114 homo.

2162 5125 2249 5198 19.
2309 5141 2489 5208 Neque
2546 5128 2859 5200 mhi-beatis.
2915 5135 3043 5192 Non
3093 5132 3227 5203 dicit
3275 5147 3530 5208 corpora,
3588 5129 3687 5204 sed

2091 5227 2360 5281 membra.
2409 5211 2677 5289 Membris
2736 5225 2889 5290 enim
2944 5224 3315 5293 ministratur,
3376 5241 3489 5294 non
3562 5225 3683 5277 toto

2088 5333 2340 5400 corpore.

2160 5397 2250 5466 20.
2288 5397 2498 5468 LANFR.
2544 5398 2720 5469 Arma
2777 5405 3115 5476 iniquitatis,
3164 5403 3222 5472 id
3258 5401 3365 5474 est.
3424 5401 3685 5474 cercuri-

2089 5495 2333 5554 soeutiae.
