4008 6186
429 312 531 375 127
1405 321 1467 376 Β.
1512 319 1934 379 LANFRANCI
1973 321 2332 383 CANTUAR.
2376 323 2715 384 ARCHIEP.
3597 321 3693 380 128

426 439 510 497 ita
528 447 594 498 ut
621 443 930 500 serviamus
953 445 1012 501 in
1039 445 1286 502 novitate
1315 445 1565 518 spiritus,
1595 447 1651 499 id
1678 451 1772 512 est,
1802 447 2120 501 innovando
2139 450 2407 516 spiritum
2433 450 2536 516 ﬁde
2562 453 2612 503 et
2635 450 2888 518 operibus
2909 449 3084 514 bonis,
3113 453 3171 502 et
3193 462 3307 502 non
3332 447 3394 501 in
3420 449 3693 502 vetustate

427 529 648 598 litterae,
677 535 738 588 id
769 540 862 600 est,
895 538 1118 589 carnali
1145 536 1533 590 observatione.
1567 535 1712 599 Quid
1741 551 1873 606 ergo
1901 535 2183 592 dicemus?
2211 538 2298 592 lex
2327 543 2618 609 peccatum
2647 539 2774 592 est?
2809 541 3012 593 scilicet
3042 540 3176 608 quia
3203 539 3460 605 superius
3489 537 3631 590 discit
3657 553 3694 590 a

430 622 541 688 lege
564 626 778 688 mortis,
811 627 890 677 vel
915 626 1192 692 passiones
1217 628 1588 692 peccatorum,
1615 640 1732 692 qua
1755 640 1854 692 per
1883 628 2050 692 legem
2081 633 2261 680 erant.
2288 626 2484 681 Absit!
2521 627 2628 681 Sed
2657 626 2710 680 6.
2742 632 3031 698 peccatum
3057 642 3170 680 non
3190 624 3441 694 cognovi,
3465 623 3572 678 nisi
3597 640 3697 694 per

426 708 647 778 legem;
691 727 822 764 nam
851 712 1378 783 concupiscentiam,
1411 715 1615 766 scilicet
1642 728 1746 765 esse
1765 720 2067 781 peccatum,
2099 714 2434 782 nesciebam,
2469 719 2549 770 vel
2580 732 2693 770 non
2723 732 2877 770 eram
2906 720 3156 784 expertus
3185 713 3294 767 nisi
3325 713 3412 766 lex
3439 712 3650 766 diceret
3679 730 3692 764 :

427 796 554 852 Non
582 800 956 871 concupisces.
999 801 1320 865 Occasione,
1353 801 1414 854 id
1441 806 1535 865 est,
1584 803 2008 868 opportunitate,
2044 808 2234 857 autem
2272 810 2520 875 accepta,
2549 809 2862 875 peccatum,
2903 805 2964 857 id
2991 809 3086 870 est,
3128 805 3298 870 fomes
3342 803 3564 870 peccati,
3597 817 3698 872 per

427 887 756 942 mandatum
785 887 836 944 7.
861 895 1156 961 operatum
1177 896 1263 943 est
1283 890 1343 944 in
1365 905 1456 943 me
1479 905 1704 942 omnem
1732 889 2255 961 concupiscentiam.
2279 889 2333 948 8.
2363 892 2494 946 Sine
2522 892 2644 963 lege
2671 892 2822 946 enim
2849 895 3142 964 peccatum
3162 895 3450 944 mortuum
3473 894 3614 943 erat.
3638 889 3692 942 9.

427 974 543 1045 Ego
571 983 760 1032 autem
791 977 1041 1032 vivebam
1087 979 1208 1032 sine
1249 978 1372 1049 lege
1417 977 1738 1048 aliquando.
1785 977 1882 1035 10.
1923 978 2031 1032 Sed
2072 995 2200 1033 cum
2228 981 2474 1036 venisset
2511 981 2863 1048 mandatum,
2909 984 3198 1052 peccatum
3231 977 3449 1033 revixit.
3486 976 3544 1033 11
3581 978 3697 1048 Ego

425 1069 616 1120 autem
648 1072 903 1122 mortuus
923 1084 1070 1135 sum,
1097 1075 1154 1122 et
1179 1067 1469 1121 inventum
1491 1073 1578 1120 est
1606 1067 1741 1121 mihi
1765 1073 1890 1134 22
1911 1069 2259 1136 mandatum,
2297 1073 2352 1123 id
2379 1077 2474 1139 est,
2507 1073 2745 1140 cognitio
2769 1072 3047 1138 mandati,
3073 1068 3224 1140 quod
3253 1073 3376 1122 erat
3403 1066 3474 1120 ad
3501 1066 3692 1129 vitam,

425 1157 630 1208 scilicet
659 1160 882 1222 servati,
916 1157 1020 1211 hoc
1046 1173 1168 1210 esse
1201 1157 1271 1211 ad
1301 1161 1560 1221 mortem,
1594 1159 1798 1210 scilicet
1844 1173 1956 1212 non
1995 1161 2218 1213 servati.
2249 1158 2339 1212 12.
2383 1160 2527 1214 Nam
2579 1165 2890 1230 peccatum,
2921 1160 2982 1213 id
3017 1164 3112 1224 est,
3153 1159 3325 1226 fomes
3360 1157 3584 1224 peccati,
3615 1158 3696 1211 vel

427 1241 680 1297 diabolus
708 1243 797 1300 13.
823 1246 1112 1300 occasione
1133 1251 1359 1316 accepta
1385 1262 1486 1316 per
1515 1246 1864 1312 mandatum,
1889 1247 2110 1301 seduxit
2133 1264 2242 1313 me,
2267 1253 2324 1301 et
2351 1264 2455 1318 per
2481 1247 2619 1301 illud
2643 1248 2864 1301 occidit.
2897 1247 3094 1316 Itaque
3120 1245 3207 1298 lex
3227 1243 3455 1315 quidem
3482 1247 3694 1308 sancta,

426 1335 486 1384 et
511 1332 838 1387 mandatum
872 1338 1149 1401 sanctum,
1185 1341 1245 1388 et
1281 1336 1496 1405 justum
1528 1340 1585 1388 et
1613 1334 1838 1389 bonum.
1875 1335 2037 1399 Quod
2077 1351 2211 1405 ergo
2241 1335 2450 1390 bonum
2481 1341 2584 1400 est,
2619 1335 2760 1389 mihi
2788 1336 2996 1389 factum
3028 1340 3114 1388 est
3139 1333 3333 1386 mors?
3360 1330 3555 1386 Absit!
3589 1330 3700 1386 Sed

426 1426 736 1490 peccatum,
756 1428 821 1476 ut
839 1427 1129 1494 appareat,
1157 1426 1360 1477 scilicet
1383 1426 1445 1476 in
1465 1439 1636 1492 opere,
1657 1427 1738 1478 vel
1763 1427 1896 1492 quia
1920 1425 2173 1478 diabolus
2193 1430 2287 1490 est,
2302 1429 2613 1495 peccatum,
2633 1440 2734 1496 per
2755 1423 2962 1478 bonum
2979 1428 3274 1494 operatum
3293 1425 3380 1475 est
3397 1419 3535 1474 mihi
3555 1434 3700 1472 mor-

425 1514 571 1563 tem:
596 1515 661 1564 ut
677 1511 776 1565 ﬁat
799 1510 878 1567 14.
899 1511 990 1567 15.
1014 1528 1185 1582 supra
1204 1511 1436 1566 modum
1457 1529 1692 1583 peccans
1712 1517 2022 1583 peccatum,
2047 1514 2107 1566 id
2126 1518 2220 1579 est,
2239 1529 2340 1582 per
2351 1515 2866 1581 pravaricationem
2884 1514 3108 1581 peccati,
3134 1527 3234 1582 per
3249 1505 3694 1563 mandatum.16.

426 1598 646 1654 Scimus
668 1599 816 1653 enim
854 1599 988 1672 quia
1006 1600 1092 1653 lex
1111 1599 1420 1671 spiritualis
1440 1606 1546 1666 est,
1571 1603 1630 1654 id
1649 1607 1742 1665 est,
1771 1604 2037 1670 spiritum
2064 1605 2350 1665 nutriens;
2379 1616 2482 1671 ego
2512 1604 2700 1669 (causa
2718 1617 2824 1654 cur
2838 1605 3122 1670 peccatum
3143 1603 3431 1668 operatum
3455 1600 3530 1651 sit
3557 1599 3620 1649 in
3639 1611 3698 1649 eo

425 1689 681 1756 mortem)
709 1693 900 1742 autem
927 1689 1167 1743 carnalis
1195 1706 1343 1755 sum,
1381 1689 1464 1746 17.
1494 1689 1844 1745 venundatus
1874 1691 1979 1745 sub
2007 1695 2255 1760 peccato.
2291 1690 2376 1748 18.
2423 1691 2578 1756 Quod
2609 1691 2761 1745 enim
2783 1707 3002 1762 operor,
3037 1688 3126 1746 19.
3160 1705 3275 1743 non
3303 1687 3592 1756 intelligo;
3629 1683 3702 1742 20

425 1791 538 1829 non
568 1775 736 1843 enim,
765 1780 1027 1846 expositio
1064 1781 1368 1846 superioris
1399 1794 1607 1845 versus,
1648 1779 1797 1849 quod
1843 1779 1965 1833 volo
1999 1777 2226 1846 bonum,
2253 1779 2360 1834 hoc
2387 1796 2530 1849 ago:
2567 1778 2666 1833 sed
2696 1779 2846 1850 quod
2875 1779 2968 1833 odi
2999 1778 3235 1843 malum,
3265 1775 3406 1831 illud
3433 1774 3596 1829 facio.
3641 1773 3698 1828 Si

424 1869 615 1919 autem
641 1863 731 1921 21.
752 1866 900 1936 quod
920 1867 1049 1920 nolo
1079 1866 1214 1930 illud
1247 1866 1412 1933 facio,
1439 1867 1727 1921 consentio
1759 1867 1890 1938 legi,
1913 1867 2180 1938 quoniam
2201 1866 2349 1924 bona
2369 1873 2456 1921 est
2475 1906 2487 1919 .
2503 1865 2667 1921 Nunc
2695 1871 2886 1920 autem
2907 1867 3027 1937 jam
3055 1881 3168 1920 non
3189 1880 3292 1935 ego
3318 1878 3520 1934 operor
3539 1861 3697 1928 illud,

423 1953 526 2009 sed
556 1954 706 2025 quod
746 1955 982 2022 habitat,
1015 1958 1462 2026 inseparabiliter
1491 1958 1740 2023 inhaeret,
1772 1956 1830 2010 in
1861 1973 1949 2010 me
1977 1960 2292 2028 peccatum,
2321 1958 2383 2010 id
2411 1961 2507 2022 cst,
2539 1959 2977 2024 concupiscentia
3003 1957 3228 2025 peccati.
3261 1951 3354 2010 2‘2.
3396 1952 3520 2006 Scio
3550 1950 3702 2004 enim

427 2043 560 2118 quia
598 2059 711 2101 non
750 2043 969 2102 habitat
1014 2044 1072 2101 in
1117 2061 1227 2112 me,
1271 2045 1376 2100 hoc
1404 2050 1508 2113 est,
1540 2045 1599 2101 in
1634 2061 1800 2100 carne
1837 2062 1984 2112 mea,
2012 2045 2242 2100 bonum.
2273 2044 2366 2101 23.
2394 2045 2540 2100 Nam
2571 2044 2710 2100 velle
2739 2043 2960 2116 adjacet
2997 2041 3174 2111 mihi;
3216 2041 3486 2113 perﬁcere
3509 2045 3700 2096 autem

1761 2253 2346 2310 COMMENTARIUS.

499 2431 552 2486 6.
590 2432 874 2485 Peccatum
911 2447 1021 2485 non
1076 2433 1317 2499 cognovi,
1378 2432 1434 2485 id
1482 2436 1586 2498 est,
1643 2437 1860 2486 tantam
1903 2431 2019 2485 vim
2034 2439 2084 2497 Α
2177 2431 2262 2487 15.
2290 2430 2496 2486 Laure.
2529 2431 2715 2499 Supra
2763 2431 3010 2494 modum,
3056 2429 3114 2482 id
3158 2431 3263 2494 est,
3293 2425 3470 2481 valde.
3498 2423 3694 2479 Ordo:

427 2519 890 2590 concupiscentiae
917 2526 1084 2574 antea
1112 2536 1225 2573 non
1255 2537 1408 2574 eram
1435 2525 1720 2591 expertus,
1753 2526 2025 2591 quantam
2105 2526 2172 2574 ut
2208 2525 2518 2592 peccatum,
2565 2519 2791 2585 scilicet,
2845 2524 3072 2573 auctum
3121 2533 3223 2588 per
3258 2519 3567 2586 peccatum,
3602 2513 3703 2566 ﬁat

427 2613 662 2681 postea;
712 2608 860 2679 quod
910 2608 1142 2678 cognovi
1190 2626 1310 2664 esse
1356 2609 1722 2680 prohibitum.
1754 2609 1876 2675 Vel,
1925 2625 2026 2662 ne-
2107 2627 2280 2682 supra
2307 2609 2556 2664 modum.
2589 2609 2851 2673 Peccans,
2883 2605 2941 2660 id
2973 2611 3075 2672 est,
3106 2619 3341 2675 peccans
3368 2601 3438 2668 ei,
3470 2599 3702 2655 locutio-

429 2694 672 2750 sciebam
699 2697 1206 2768 concupiscentiam
1235 2713 1356 2750 esse
1385 2703 1696 2768 peccatum.

503 2785 556 2839 7.
586 2786 832 2842 AMBROS.
868 2786 1164 2854 Operatum
1195 2792 1270 2840 est
1302 2789 1364 2839 in
1394 2803 1499 2840 me.
1536 2827 1550 2841 .
1596 2828 1608 2841 .
1656 2826 1669 2840 .
1715 2826 1727 2839 .
1775 2825 1788 2839 .
1821 2801 1944 2858 qua
1972 2789 2031 2839 et

429 2873 612 2942 legem
636 2873 1001 2928 transcendit.

502 2960 558 3019 8.
579 2964 825 3019 AUGUST.
846 2963 1078 3034 (Contra
1115 2966 1254 3018 duas
1302 2967 1456 3034 epist.
1480 2965 1660 3033 Pelag.
1683 2965 1758 3018 ad
1781 2964 2028 3030 Boni/ac.

435 3052 532 3107 lib.
563 3065 602 3118 Ι,
637 3068 759 3124 cap.
789 3049 842 3119 9,
868 3059 1005 3107 tom.
1039 3053 1186 3121 VII.)
1212 3052 1345 3108 Sine
1388 3055 1499 3122 lege
1527 3056 1700 3108 enim.
1728 3051 2029 3106 Peccatum

430 3147 720 3196 mortuum
755 3147 858 3208 est,
898 3158 1011 3196 non
1056 3141 1437 3214 intelligamus
1471 3141 1580 3195 nisi
1608 3147 1880 3212 tanquam
1913 3156 2028 3194 non

431 3229 544 3296 sit;
596 3230 753 3296 latet,
801 3246 916 3284 non
958 3236 1230 3302 apparet;
1282 3231 1508 3302 penitus
1552 3229 1865 3300 ignoratur,
1904 3233 2034 3282 tan-

433 3334 605 3390 quam
648 3319 896 3373 innescio
943 3319 1147 3390 quibus
1193 3319 1524 3390 ignorantiae
1571 3317 1818 3374 tenebris
1845 3316 2034 3387 sepul-

431 3411 576 3462 tum.

505 3492 560 3550 9.
593 3495 836 3550 AMBROS.
860 3496 970 3563 Ego
989 3501 1174 3550 autem
1197 3497 1462 3563 vivebam,
1483 3496 1605 3549 sine
1626 3495 1849 3561 timore,
1872 3509 2032 3547 secu-

431 3595 531 3638 rus
552 3583 701 3654 quod
732 3600 845 3638 non
875 3591 1024 3639 esset
1049 3585 1199 3639 Deus
1225 3585 1597 3655 judicaturus.

511 3671 595 3730 10.
622 3674 867 3728 Αυουετ.
910 3675 1006 3744 (De
1054 3676 1204 3728 Verb.
1243 3675 1431 3744 Apost.
1489 3689 1660 3728 serm.
1690 3673 1744 3738 5,
1783 3689 1903 3744 cap.
1932 3686 2026 3740 vn,

2108 2699 2197 2753 nis
2223 2698 2388 2752 modo
2413 2714 2522 2769 quo
2544 2696 2786 2768 qualitas
2811 2698 3038 2750 vocatur
3061 2693 3245 2764 quale,
3269 2708 3336 2746 eo
3357 2691 3506 2762 quod
3535 2689 3704 2744 faciat

2112 2788 2297 2860 quale.

2187 2875 2271 2932 16.
2303 2876 2520 2931 Scimus
2562 2877 2732 2929 enim.
2763 2871 3027 2928 Probatio
3055 2871 3204 2944 quod
3239 2869 3329 2924 lex
3358 2868 3570 2923 bonum
3599 2871 3706 2920 est.

2113 2965 2292 3020 Omne
2339 2964 2490 3020 enim
2531 2963 2842 3036 spirituale,
2870 2963 2928 3017 id
2968 2968 3075 3028 est,
3120 2959 3383 3032 spiritum
3426 2955 3704 3019 nutriens,

2112 3053 2324 3108 bonum
2345 3061 2450 3110 est.

2188 3142 2272 3200 17.
2326 3146 2572 3199 Αυαυετ.
2623 3143 2740 3200 llib.
2791 3141 3044 3196 LXXXIII
3089 3140 3306 3207 Quaest,
3369 3138 3566 3206 quiest.
3615 3128 3706 3199 66,

2112 3238 2252 3288 tom.
2284 3233 2409 3303 IV.)
2446 3233 2816 3297 Venundatus,
2845 3229 2904 3283 id
2949 3233 3052 3296 est,
3091 3241 3326 3299 peccans
3352 3223 3533 3296 pretio
3561 3228 3708 3277 tem—

2114 3320 2392 3392 poralium
2422 3320 2794 3390 voluptatum.

2196 3407 2275 3466 18.
2310 3410 2516 3464 LANFR.
2551 3410 2704 3477 Quod
2730 3410 2882 3462 enim
2909 3421 3121 3476 operor.
3148 3402 3409 3459 Probatio
3438 3401 3589 3474 quod
3614 3417 3709 3454 ve-

2112 3499 2398 3553 nundatus
2436 3502 2523 3552 est
2563 3496 2666 3551 sub
2709 3501 2955 3568 peccato.
2989 3496 3055 3551 In
3083 3499 3306 3548 tantum
3335 3492 3486 3546 enim
3512 3505 3711 3562 pecca-

2114 3592 2237 3641 tum
2261 3587 2604 3651 dominatur,
2632 3590 2697 3638 ut
2725 3589 2990 3656 Operetur
3015 3582 3164 3654 quod
3193 3597 3306 3635 non
3334 3579 3471 3634 vult.

2181 3673 2271 3731 19.
2300 3677 2426 3730 Non
2456 3677 2728 3741 intelligo.
2757 3675 3064 3744 Acceptum
3094 3686 3206 3724 non
3244 3667 3444 3736 habeo,
3477 3667 3622 3722 sicut
3652 3667 3710 3720 in

435 3763 575 3817 tom.
606 3762 700 3830 X.)
729 3761 834 3816 Sed
861 3780 988 3817 cum
1015 3766 1265 3820 venisset.
1301 3762 1447 3828 Quid
1473 3767 1578 3828 est,
1611 3761 1809 3816 revixit
1837 3757 2328 3837 pecca-Bpsalmo
2351 3777 2363 3812 :
2389 3765 2640 3832 Intelligo
2667 3763 2966 3815 clamorem
2995 3775 3207 3817 meum.

434 3851 600 3905 tum?
641 3867 912 3922 apparere
949 3851 1136 3924 coepit,
1181 3849 1452 3905 rebellare
1491 3851 1757 3905 adversus
1800 3866 1891 3904 me
1920 3865 2032 3904 cae-

477 3939 543 3997 it.

477 3955 543 3997 it.

438 3955 475 4009 Ρ
514 4029 599 4086 11.
631 4030 808 4100 (ibid).
841 4031 950 4099 Ego
977 4034 1162 4084 autem
1189 4035 1463 4096 mortuus,
1492 4028 1551 4083 id
1576 4034 1684 4100 est,
1713 4028 2036 4100 praevarica-

437 4122 530 4173 tor
554 4117 734 4174 factus
760 4135 904 4173 sum.

2179 3853 2270 3909 20.
2300 3854 2545 3908 AUGUST.
2574 3852 2688 3921 (lib.
2708 3849 2888 3905 Serm.
2912 3852 2976 3904 de
2998 3855 3184 3917 temp.,
3209 3863 3380 3901 serm.
3397 3843 3486 3911 45,
3511 3861 3633 3915 cap.
3653 3840 3711 3908 6)

2115 3944 2238 3999 Νοη
2267 3945 2418 3997 enim
2445 3943 2590 4012 quod
2627 3944 2764 4007 volo,
2797 3940 2856 3994 id
2902 3944 3006 4006 est,
3040 3937 3169 3993 nolo
3213 3935 3622 4006 concupiscere,
3655 3938 3714 3986 et

2116 4030 2469 4102 concupisco.

2184 4119 2274 4174 21.
2307 4121 2514 4175 Lupa.
2573 4121 2724 4188 Quod
2769 4121 2912 4172 nolo.
2970 4116 3051 4170 De
3105 4111 3556 4185 concupiscentia
3608 4116 3711 4163 hoc

516 4205 601 4264 12.
636 4208 848 4276 (Quzst.
873 4209 946 4262 83
975 4209 1094 4274 lib.,
1121 4211 1317 4278 quaest.
1351 4203 1439 4275 66,
1460 4211 1601 4261 tom.
1621 4206 1736 4270 IV.)
1761 4207 1906 4261 Nam
1919 4221 2038 4274 ρεαδ
2118 4208 2542 4278 intelligendum
2590 4214 2695 4264 est.
2745 4205 2916 4271 Quasi
2957 4205 3169 4258 diceret
3210 4222 3221 4256 :
3271 4203 3472 4257 vellem
3519 4213 3712 4254 cavere

439 4301 647 4353 catum.
694 4296 856 4360 Quod
903 4301 1093 4352 autem
1134 4296 1214 4350 ait
1265 4315 1276 4350 :
1329 4295 1548 4351 Fefellit
1587 4312 1680 4350 me
1720 4298 2032 4366 peccatum,

438 4385 727 4440 occasione
757 4392 986 4457 accepta
1011 4403 1113 4458 per
1141 4386 1470 4441 mandatum
1494 4405 1512 4456 ;
1549 4385 1664 4439 sive
1692 4384 1824 4456 quia
1845 4382 2036 4437 suasio

437 4474 825 4528 delectationis
869 4475 940 4528 ad
981 4481 1272 4545 peccatum
1317 4474 1704 4529 vehementior
1747 4478 1853 4536 est,
1903 4489 2032 4527 cum

439 4563 602 4617 adest
628 4562 950 4632 prohibitio,
973 4563 1088 4616 sive
1111 4564 1242 4634 quia
1259 4564 1429 4616 etiam
1453 4563 1501 4616 si
1528 4563 1663 4633 quid
1691 4563 1858 4616 homo
1885 4561 2032 4615 fece-

437 4652 515 4706 rit
542 4651 849 4706 secundum
891 4651 1052 4720 jussa
1093 4651 1252 4721 legis,
1287 4651 1336 4704 si
1383 4651 1566 4704 adhuc
1601 4667 1714 4704 non
1753 4650 1828 4704 sit
1870 4650 2030 4716 ﬁdes,

439 4757 563 4812 quae
607 4741 830 4810 integra
857 4744 961 4805 est,
999 4740 1116 4794 vult
1161 4739 1268 4793 sibi
1304 4739 1636 4806 retribuere,
1667 4755 1782 4793 non
1810 4739 1945 4804 Deo,
1979 4744 2036 4792 et

436 4829 812 4902 superbiendo
837 4832 962 4903 plus
987 4836 1198 4902 peccat.

2117 4297 2646 4368 concupiscentiam,
2677 4301 2735 4350 et
2761 4312 2875 4350 non
2898 4310 3156 4365 possum.

2187 4385 2279 4442 22.
2310 4385 2432 4441 Scio
2470 4389 2644 4444 enim.
2685 4385 2794 4439 Per
2841 4382 3178 4438 ablutionem
3227 4380 3397 4435 unius
3445 4377 3711 4433 contrarii

2117 4491 2272 4530 more
2301 4491 2402 4529 suo
2431 4475 2631 4545 probat
2674 4473 2936 4528 alterum.
2973 4471 3118 4536 Quia
3164 4470 3225 4524 in
3263 4469 3534 4539 religione
3562 4466 3713 4520 chri-

2114 4564 2317 4628 stiana,
2350 4563 2679 4617 immediate.
2720 4568 2854 4616 sunt
2889 4561 3099 4614 bonum
3148 4565 3207 4613 et
3251 4558 3482 4612 malum.
3517 4554 3716 4610 Omnis

2117 4653 2266 4706 enim
2290 4652 2478 4718 homo,
2510 4649 2818 4705 secundum
2838 4647 3168 4718 religionem
3196 4644 3582 4709 christianam,
3613 4646 3717 4696 aut

2115 4740 2315 4806 bonus,
2349 4747 2449 4794 aut
2477 4739 2660 4794 malus
2685 4743 2790 4793 est.

2187 4828 2278 4886 23.
2331 4831 2478 4884 Nam
2532 4832 2665 4883 velle
2710 4828 2938 4897 adiacet.
2982 4825 3246 4880 Probatio
3295 4822 3441 4894 quod
3503 4820 3716 4874 bonum

507 4918 603 4976 13.
649 4922 896 4976 Annos.
949 4922 1233 4976 Occasione
1279 4922 1514 4986 accepta.
1561 4917 1858 4971 Peccatum
1903 4914 2039 4970 dicit
2118 4934 2232 4972 non
2259 4917 2476 4972 habitet
2495 4917 2553 4971 in
2581 4932 2749 4971 carne
2775 4932 2896 4970 sua.
2930 4915 3110 4970 Omne
3137 4913 3288 4968 enim
3327 4911 3533 4965 bonum
3565 4909 3716 4980 quod

436 5009 748 5078 diabolum,
801 5011 897 5082 qui
953 5010 1205 5064 invidens
1266 5008 1502 5074 homini,
1563 5023 1729 5078 quem
1794 4993 2097 5060 habebatC
2118 5007 2178 5062 in
2205 5006 2435 5060 homine
2462 5012 2565 5072 est,
2603 5011 2706 5060 aut
2731 5004 2880 5059 bona
2904 5004 3184 5069 voluntas,
3218 5006 3318 5056 aut
3344 5000 3493 5054 bona
3514 5013 3717 5070 opera-

434 5100 722 5172 provisum
751 5116 852 5171 per
877 5100 1062 5170 legem
1101 5097 1328 5164 exarsit,
1358 5101 1424 5151 ut
1461 5095 1541 5150 illi
1579 5096 1762 5166 legem
1791 5095 2035 5148 inverte-

434 5197 544 5254 ret,
579 5190 675 5262 qui
723 5196 856 5245 ante
903 5190 1088 5261 legem
1118 5189 1280 5261 quasi
1308 5193 1566 5242 mortuus
1612 5192 1750 5254 erat,
1793 5185 1928 5256 quia
1963 5183 2035 5238 ab

433 5279 696 5335 illusione
725 5278 1001 5334 cessabat.

507 5367 592 5426 14.
622 5371 871 5425 Αυρυετ.
923 5370 1112 5433 (ΒευΑ.
1152 5371 1217 5421 in
1255 5383 1374 5435 cap.
1412 5367 1467 5430 8,
1521 5367 1594 5420 ad
1626 5366 1800 5436 Rom.)
1843 5365 2033 5435 Supra

433 5459 660 5512 modum
677 5475 922 5527 peccans.
946 5457 1090 5523 Quia
1107 5455 1278 5510 etiam
1299 5461 1358 5509 et
1377 5453 1777 5525 praevaricatio.
1796 5453 2033 5518 Quando

435 5545 589 5600 enim
651 5547 1016 5619 delinquebat
1079 5546 1202 5601 sine
1271 5543 1554 5608 mandato,
1632 5542 1818 5597 minus
1888 5547 2030 5597 erat.

434 5633 670 5700 Quando
717 5635 949 5706 deliquit
995 5651 1098 5706 per
1141 5633 1494 5698 mandatum,
1535 5631 1754 5688 excedit
1779 5631 2032 5686 modum.

2116 5096 2217 5150 tio.
2252 5095 2360 5149 Sed
2389 5095 2548 5159 velle,
2579 5094 2783 5164 inquit,
2804 5093 3016 5148 bonum
3036 5108 3150 5146 non
3174 5095 3262 5144 est
3289 5089 3349 5143 in
3369 5103 3537 5142 carne
3563 5101 3713 5140 mea.

2118 5184 2200 5238 Ex
2244 5182 2530 5237 vicinitate
2579 5183 2730 5236 enim
2777 5182 2981 5236 animae
3025 5180 3267 5251 adjacet,
3298 5178 3356 5232 id
3404 5182 3491 5231 est
3516 5175 3714 5230 vitium

2117 5271 2224 5326 sibi
2253 5276 2356 5326 est.
2407 5273 2679 5326 Perﬁcere
2722 5279 2912 5326 autem
2950 5270 3186 5339 bonum,
3209 5267 3268 5321 id
3317 5271 3404 5322 est
3431 5264 3717 5337 operatio-

2115 5377 2246 5416 nem
2274 5361 2479 5416 bonam
2506 5377 2620 5415 non
2643 5361 2864 5415 invenio
2901 5359 2960 5414 in
2987 5375 3055 5414 ea
3081 5357 3356 5412 habitare.
3387 5355 3515 5410 Non
3539 5352 3720 5424 igitur

2114 5450 2326 5504 bonum
2370 5449 2530 5517 mihi,
2580 5450 2638 5503 id
2680 5455 2767 5504 est
2807 5449 2965 5503 carni
3009 5464 3181 5515 meae;
3222 5461 3335 5500 non
3372 5443 3524 5498 enim
3567 5441 3715 5512 quod

2114 5541 2354 5595 volo.....
2388 5559 2401 5594 :
2432 5539 2605 5604 Quasi
2633 5539 2846 5593 diceret
2876 5557 2890 5592 :
2925 5537 3136 5593 bonum
3164 5552 3278 5592 non
3304 5532 3527 5590 invenio
3552 5529 3715 5586 habi-

2115 5635 2260 5696 tare,
2291 5629 2389 5686 sed
2419 5629 2632 5685 malum
2659 5627 2810 5701 quod
2839 5643 2964 5697 ago.
