4048 6176
339 236 434 294 129
1040 237 1118 291 IN
1153 236 1221 292 D.
1262 234 1477 292 PAULI
1517 233 1744 291 EPIST.
1784 233 2158 291 COMMENT.
2202 263 2268 276 —
2309 232 2532 291 EPIST.
2570 237 2669 291 AD
2707 236 2880 292 ROM.
3455 232 3586 302 ’130

337 360 550 426 bonum,
584 375 700 414 non
723 359 972 415 invenio.
1010 359 1136 414 Non
1155 359 1308 414 enim
1331 359 1480 430 quod
1504 359 1628 413 volo
1647 358 1878 425 bonum,
1911 359 2019 414 hoc
2046 359 2212 426 facio;
2244 359 2341 413 sed
2375 359 2523 430 quod
2545 360 2674 414 nolo
2707 358 2940 424 malum,
2963 357 3069 412 hoc
3095 375 3229 430 ago.
3276 358 3365 417 24.
3402 362 3460 418 Si
3491 381 3586 420 au-

333 455 439 505 tem
468 448 613 520 quod
642 449 790 515 nolo,
819 447 960 502 illud
988 447 1156 509 facio;
1183 449 1302 518 jam
1333 464 1446 502 non
1478 464 1581 517 ego
1611 464 1813 519 operor
1840 447 2001 513 illud,
2028 445 2127 504 25.
2169 448 2269 502 sed
2299 449 2448 518 quod
2490 448 2710 502 habitat
2737 448 2796 502 in
2827 465 2935 514 me,
2963 455 3273 519 peccatum.
3307 449 3396 506 ‘26.
3430 453 3586 508 Inve-

334 539 420 592 nio
446 537 616 607 igitur
637 534 730 592 27.
757 537 963 606 legem,
1001 541 1124 600 23
1148 534 1243 593 28.
1267 536 1476 590 volenti
1504 536 1645 589 mihi
1675 537 1858 590 facere
1886 534 2119 601 bonum,
2149 536 2337 601 (causa
2360 552 2462 589 cur
2479 538 2684 590 dixerit
2713 541 2960 605 volenti,)
2994 538 3259 608 quoniam
3292 541 3431 595 mihi
3462 559 3585 597 ma-

335 626 444 679 lum
476 625 695 694 adjacet
728 643 740 678 :
773 624 862 680 29.
895 625 1248 679 condelector
1275 625 1423 678 enim
1455 624 1568 695 legi
1594 624 1698 678 Dei
1745 624 2053 678 secundum
2099 623 2427 678 interiorem
2473 626 2761 680 hominem
2808 647 2818 680 :
2869 627 3027 681 video
3058 633 3248 682 autem
3295 629 3383 686 30.
3415 631 3586 686 aliam

335 716 501 785 legem
554 714 613 767 in
667 713 936 767 membris
972 713 1133 776 meis,
1181 717 1590 784 repugnantem
1647 711 1734 769 31.
1783 712 1896 783 legi
1954 711 2159 766 mentis
2203 728 2365 776 meae,
2418 717 2475 767 et
2519 714 2893 784 captivantem
2941 733 3031 770 me
3077 717 3136 770 in
3189 719 3312 788 lege
3350 721 3584 790 peccati,

333 820 447 873 quae
474 806 563 856 est
589 802 652 856 in
683 801 954 857 membris
993 802 1159 860 meis.
1194 801 1293 861 3‘2.
1323 801 1522 857 Infelix
1544 817 1647 871 ego
1674 801 1870 855 homo!
1896 801 2022 872 quis
2041 815 2132 854 me
2159 799 2421 854 liberabit
2448 801 2516 854 de
2545 819 2778 872 corpore
2813 804 3010 858 mortis
3042 805 3246 875 hujus?
3265 807 3462 863 Gratia
3484 809 3587 864 Dei

335 908 428 962 per
442 892 470 946 ,Ι
475 907 639 945 esum
657 890 948 946 Christum
974 891 1280 946 Dominum
1302 895 1579 946 nostrum.
1606 890 1786 961 Igitur
1809 906 1913 960 ego
1942 889 2063 961 ipse
2082 894 2271 944 mente
2298 889 2479 944 servio
2498 890 2610 960 legi
2633 891 2767 959 Dei;
2794 909 2961 948 carne
2982 901 3195 961 autem,
3220 896 3332 968 legi
3353 898 3586 970 peccati.

1737 997 1972 1095 CAPUT
2004 1039 2159 1098 VIII.

397 1167 552 1223 Nihil
582 1182 716 1236 ergo
745 1181 913 1230 nunc,
937 1166 998 1219 id
1025 1171 1119 1233 est,
1151 1167 1217 1218 in
1245 1164 1343 1218 hoc
1371 1169 1607 1234 tempore
1629 1166 1843 1232 gratiae,
1878 1163 2258 1218 damnationis
2289 1168 2376 1219 est
2401 1165 2472 1219 iis
2501 1166 2596 1237 qui
2625 1173 2761 1221 sunt
2783 1166 2842 1221 in
2876 1168 3100 1224 Christo
3137 1171 3291 1242 Jesu,
3322 1176 3382 1229 id
3409 1182 3502 1243 est,
3525 1179 3590 1232 in

335 1259 428 1323 ﬁde
451 1262 500 1310 et
522 1258 796 1310 memoria
823 1259 960 1325 ejus,
991 1254 1088 1325 qui
1126 1269 1238 1308 non
1267 1254 1576 1308 secundum
1608 1269 1836 1308 carnem
1865 1253 2159 1308 ambulant
2191 1253 2239 1318 l,
2267 1252 2329 1310 2.
2363 1255 2475 1308 Lex
2512 1255 2663 1309 enim
2692 1255 2922 1327 spiritus
2951 1257 3079 1312 vitae
3101 1258 3157 1313 in
3189 1261 3408 1317 Christo
3434 1265 3584 1334 Jesu,

336 1334 391 1398 id
415 1348 510 1410 est,
547 1346 612 1396 in
649 1341 838 1410 gratia
888 1343 1100 1398 Christi
1151 1344 1303 1410 Jesu,
1333 1347 1381 1395 et
1410 1345 1681 1396 memoria
1719 1345 1855 1410 ejus,
1904 1340 2163 1395 liberavit
2211 1357 2246 1395 a
2299 1342 2442 1412 lege,
2485 1344 2546 1396 id
2588 1349 2663 1397 est
2700 1347 2973 1413 suasione,
3016 1349 3231 1418 peccati
3267 1355 3325 1404 et
3360 1353 3584 1411 mortis.

337 1431 383 1488 3.
413 1433 562 1486 Nam
606 1431 756 1502 quod
799 1430 1146 1502 impossibile
1192 1436 1317 1485 erat
1345 1430 1472 1500 legi,
1507 1430 1567 1484 in
1617 1446 1726 1501 quo
1775 1429 2172 1484 inﬁrmabatur
2204 1446 2305 1500 per
2353 1447 2599 1497 carnem,
2632 1432 2782 1485 Deus
2821 1433 3025 1488 Filium
3061 1453 3228 1491 suum
3269 1439 3500 1495 mittens
3535 1441 3597 1498 in

335 1520 754 1574 similitudinem
783 1521 967 1574 carnis
996 1520 1227 1590 peccati,
1246 1519 1301 1575 4.
1337 1521 1394 1576 5.
1421 1524 1478 1573 et
1503 1519 1573 1572 de
1597 1523 1824 1590 peccato
1856 1518 2142 1572 damnavit
2166 1524 2477 1588 peccatum,
2499 1522 2560 1574 id
2585 1528 2679 1588 est,
2702 1525 2815 1576 vim
2837 1527 3299 1593 concupiscentia,
3325 1527 3385 1582 in
3405 1545 3593 1602 carne,

337 1611 533 1663 scilicet
553 1609 823 1675 ﬁdelium,
856 1611 921 1661 ut
943 1607 1272 1678 justiﬁcatio
1299 1607 1440 1677 legis
1469 1607 1800 1679 impleretur
1824 1606 1884 1662 in
1911 1605 2091 1670 nobis,
2121 1609 2181 1660 id
2209 1613 2306 1672 est,
2339 1613 2473 1677 quia
2504 1610 2590 1663 lea:
2609 1615 2986 1679 promittebat,
3016 1615 3111 1685 qui
3151 1633 3263 1670 non
3289 1621 3600 1674 secundum

337 1713 556 1752 carnem
584 1697 646 1749 id
673 1701 768 1762 est,
797 1699 1048 1750 carnales
1073 1697 1463 1760 observantiae,
1492 1698 1577 1749 vel
1604 1695 1877 1749 desideria
1896 1697 2104 1759 carnis,
2128 1693 2504 1763 ambulamus,
2529 1699 2626 1752 sed
2650 1700 2959 1755 secundum
2979 1703 3260 1773 spiritum,
3286 1708 3346 1759 id
3364 1713 3458 1774 est,
3480 1711 3600 1777 spi-

339 1789 598 1840 ritualem
620 1785 1076 1851 intelligentiam,
1099 1785 1182 1838 vel
1203 1798 1366 1851 opera
1395 1785 1656 1851 spiritus.
1688 1778 1742 1836 6.
1773 1781 1881 1845 Qui
1910 1783 2060 1835 enim
2089 1785 2397 1839 secundum
2423 1802 2650 1840 carnem
2672 1794 2824 1852 sunt,
2844 1806 2966 1860 qua:
2989 1793 3173 1847 carnis
3189 1799 3322 1848 sunt
3341 1796 3597 1866 sapiunt;

339 1875 429 1945 qui
455 1891 594 1928 vero
622 1871 678 1929 7.
710 1872 1023 1928 secundum
1050 1871 1313 1943 spiritum
1342 1877 1493 1937 sunt,
1527 1886 1650 1940 quae
1675 1874 1810 1923 sunt
1836 1869 2066 1940 spiritus
2086 1871 2356 1927 sentiunt.
2377 1875 2551 1941 (Ratio
2581 1892 2685 1929 cur
2707 1893 2819 1931 non
2839 1881 3123 1934 ambulent
3149 1884 3450 1936 secundum
3473 1899 3601 1940 car-

340 1980 480 2028 nem,
500 1965 594 2017 sed
613 1963 914 2017 secundum
932 1959 1238 2031 spiritum).
1270 1959 1415 2014 Nam
1439 1958 1741 2030 prudentia
1765 1957 1969 2024 carnis,
1996 1975 2147 2012 mors
2176 1966 2289 2028 est;
2322 1962 2622 2033 prudentia
2651 1970 2838 2019 autem
2851 1971 2974 2032 34
2986 1967 3236 2039 spiritus,
3264 1970 3377 2025 vita
3397 1978 3454 2026 et
3473 1986 3604 2044 pax.

344 2053 622 2116 Quoniam
651 2049 932 2122 sapientia
952 2049 1136 2104 carnis
1164 2048 1395 2103 inimica
1424 2053 1512 2102 est
1536 2048 1652 2102 Deo
1674 2045 1758 2103 :8.
1777 2047 1914 2118 Legi
1935 2047 2086 2102 enim
2111 2049 2213 2103 Dei
2232 2065 2343 2104 non
2366 2056 2452 2105 est
2481 2049 2752 2122 subjecta,
2776 2071 2879 2109 nec
2893 2055 3044 2110 enim
3065 2063 3270 2128 potest.
3287 2059 3395 2124 Qui
3411 2066 3605 2117 autem

342 2143 397 2197 in
427 2157 598 2196 carne
616 2146 772 2207 sunt,
795 2139 917 2194 Deo
945 2140 1165 2210 placere
1195 2154 1309 2193 non
1343 2142 1598 2209 possunt.
1628 2137 1741 2191 Vos
1769 2141 1957 2190 autem
1988 2135 2047 2190 in
2076 2153 2244 2192 carne
2273 2155 2387 2192 non
2417 2139 2571 2207 estis,
2595 2142 2693 2196 sed
2721 2142 2781 2196 in
2807 2144 3041 2214 spiritu;
3075 2146 3122 2199 si
3150 2151 3342 2202 tamen
3363 2149 3607 2219 Spiritus

339 2233 438 2287 Dei
466 2231 690 2286 habitat
718 2231 779 2284 in
807 2229 984 2284 vobis.
1019 2228 1079 2285 Si
1107 2227 1231 2299 quis
1259 2233 1450 2282 autem
1489 2226 1762 2298 Spiritum
1793 2224 2003 2280 Christi
2041 2240 2154 2280 non
2184 2227 2373 2295 habet,
2391 2228 2480 2282 hic
2509 2245 2622 2284 non
2646 2236 2732 2286 est
2758 2233 2900 2303 ejus.
2941 2233 2998 2288 Si
3028 2239 3218 2290 autem
3240 2237 3512 2303 Christus,
3546 2239 3609 2293 id

339 2327 409 2378 est
443 2336 610 2374 amor
637 2320 867 2388 Christi,
890 2318 950 2372 in
977 2316 1132 2372 vobis
1161 2321 1265 2382 est,
1286 2315 1348 2373 9.
1381 2331 1604 2386 corpus,
1633 2315 1693 2368 id
1717 2319 1792 2368 est
1812 2319 2249 2384 concupiscentia
2273 2321 2535 2386 corporis,
2561 2323 2766 2375 scilicet
2781 2327 3042 2391 vestrum,
3071 2325 3295 2395 quidem
3317 2333 3608 2384 mortuum

341 2416 425 2465 est
450 2413 685 2482 propter
701 2411 1012 2479 peccatum,
1041 2409 1105 2460 in
1132 2422 1184 2460 se
1207 2406 1464 2472 deletum,
1489 2402 1722 2475 spiritus
1751 2418 1883 2456 vero
1911 2402 2048 2457 vivit
2070 2410 2302 2475 propter
2313 2407 2870 2477 justiﬁcationem,id
2890 2417 2982 2477 est,
3008 2420 3234 2482 propter
3257 2431 3420 2485 opera
3437 2421 3608 2486 justi-

341 2500 426 2553 tia:
452 2513 575 2566 qua:
604 2499 836 2553 exercet.
875 2493 1036 2557 Quod
1076 2493 1124 2547 si
1153 2493 1386 2564 spiritus
1421 2493 1562 2563 ejus,
1593 2491 1691 2563 qui
1721 2490 2014 2545 suscitavit
2048 2491 2242 2547 Jesum
2271 2510 2306 2546 a
2333 2495 2593 2563 mortuis,
2623 2496 2843 2552 habitat
2868 2499 2926 2554 in
2963 2500 3148 2570 vobis;
3187 2502 3283 2574 qui
3321 2505 3611 2562 suscitavit

1675 2604 2269 2681 COMMENTARIUS.

406 2725 496 2784 24,
550 2726 806 2782 Aususr.
873 2725 970 2792 (lib
1025 2726 1218 2778 contra
1253 2721 1392 2777 duas
1433 2725 1586 2792 epist.
1629 2724 1814 2790 Pelag.
1869 2721 2146 2791 aquuae
2174 2728 2259 2778 est
2299 2723 2529 2794 spiritus
2567 2727 2708 2793 vitae,
2742 2745 2843 2799 per
2881 2731 3126 2800 gratiam
3155 2734 3288 2788 Jesu
3317 2735 3527 2794 Christi
3555 2742 3615 2792 et

346 2819 551 2884 Boni/2,
589 2833 641 2886 q.
687 2815 731 2879 l,
767 2830 817 2866 c.
863 2811 940 2879 ιο,
972 2818 1111 2866 tom.
1153 2812 1283 2879 VII)
1311 2811 1375 2867 Si
1402 2816 1588 2866 autem.
1617 2813 1760 2879 quod
1793 2813 1932 2864 nolo.
2023 2827 2124 2879 per
2157 2814 2487 2868 memoriam
2525 2817 2644 2884 ejus
2674 2817 2935 2872 liberabit
2976 2836 3071 2874 eos
3100 2837 3134 2873 a
3167 2822 3288 2892 lege
3318 2825 3529 2892 peccati
3555 2831 3615 2881 et

340 2905 469 2960 Ideo
489 2902 785 2958 consentio
805 2901 918 2972 legi
939 2901 1086 2972 quod
1119 2916 1233 2954 non
1257 2901 1394 2956 vult.
2023 2900 2238 2967 mortis,
2271 2901 2328 2956 id
2357 2910 2459 2968 est,
2494 2921 2565 2957 ne
2588 2907 2896 2960 secundum
2923 2924 3149 2962 carnem
3176 2910 3482 2967 ambulent.

409 2993 500 3050 ‘25.
543 2994 789 3046 AMBROS.
822 2989 926 3044 Sed
954 2991 1097 3058 quod
1135 2989 1430 3042 inhabitat.
1463 2989 1592 3058 Ipsa
1634 2989 1782 3042 enim
1814 3007 1942 3060 pec-

344 3083 451 3137 cati
494 3079 802 3151 corruptio,
861 3094 963 3150 per
1017 3077 1398 3132 conditionem
1449 3076 1771 3131 olfensionis
1818 3095 1940 3131 ma-

347 3177 443 3227 net
468 3171 529 3225 in
559 3185 814 3241 corpore.

411 3258 504 3315 26.
541 3257 748 3311 Lmen.
800 3255 1026 3308 Invenio
1054 3269 1199 3322 ergo.
1249 3252 1547 3308 Concludit
1588 3253 1737 3324 quod
1786 3269 1946 3325 supe-

343 3347 462 3401 rius
491 3342 851 3417 quaerebatur
878 3347 936 3397 et
958 3341 1257 3412 probatum
1287 3345 1391 3408 est,
1445 3342 1631 3412 legem
1682 3357 1804 3396 esse
1842 3340 1943 3395 bo-

342 3451 503 3498 num,
532 3434 584 3488 si
604 3439 797 3488 tamen
825 3431 1036 3484 bonum
1064 3429 1223 3486 velit.

409 3521 504 3577 27.
539 3523 730 3589 Legem
784 3519 980 3574 Ordo:
1030 3517 1251 3573 invenio
1297 3519 1480 3589 legem
1527 3518 1758 3585 bonum,
1810 3517 1948 3572 mihi

344 3610 556 3666 volenti
586 3611 768 3664 facere
797 3607 1027 3663 bonum.
1061 3607 1231 3671 Quasi
1262 3607 1475 3661 diceret
1504 3625 1516 3660 :
1552 3607 1602 3661 si
1645 3606 1792 3661 bona
1818 3621 1942 3677 ago,

347 3700 435 3754 lex
462 3698 608 3753 mihi
627 3697 774 3752 bona
800 3702 915 3764 est;
942 3696 990 3750 si
1017 3712 1147 3749 vero
1177 3695 1345 3762 mala,
1377 3694 1466 3749 lex
1494 3695 1635 3749 mihi
1664 3711 1816 3749 mors
1840 3682 1944 3748 est.

417 3785 511 3844 ‘28.
559 3788 767 3840 Valenti
814 3786 975 3839 mihi.
1026 3783 1294 3838 Voluntas
1347 3783 1549 3837 anima:
1604 3788 1708 3848 est,
1742 3800 1863 3854 quae
1892 3781 1949 3836 in

349 3875 469 3932 Deo
513 3874 729 3929 bonum
760 3874 876 3928 vult
919 3873 1124 3937 facere,
1172 3878 1237 3927 ut
1263 3873 1478 3926 malum
1505 3872 1768 3944 expellat,
1801 3871 1950 3942 quod

353 3963 462 4018 sibi
491 3963 714 4032 adiacet
733 3977 798 4015 ex
825 3960 1110 4015 vicinitate
1138 3960 1341 4015 carnis.

425 4050 515 4108 Q9.
546 4052 908 4106 Condelector.
942 4050 1047 4103 Hic
1073 4055 1268 4120 aperte
1293 4049 1524 4120 exponit
1545 4065 1666 4120 quae
1695 4049 1952 4120 superius
1970 4061 2020 4122 Β

355 4139 554 4195 multis
584 4137 768 4193 modis
793 4136 1026 4192 obscure
1053 4137 1214 4204 dixit,
1245 4143 1304 4192 et
1331 4137 1573 4193 maxime
1599 4137 1954 4209 superiorem

357 4245 584 4285 versum
591 4272 604 4284 .

431 4317 519 4377 30.
551 4319 745 4373 Aliam
774 4319 960 4384 legem.
1005 4316 1191 4371 Aliam
1217 4315 1403 4387 legem
1430 4315 1522 4371 hic
1550 4320 1728 4381 vocat,
1761 4315 1956 4369 horta-

359 4413 554 4462 menta
593 4404 1094 4476 concupiscentiae;
1128 4421 1251 4476 quae
1283 4403 1443 4476 quasi
1476 4404 1719 4476 imperat
1741 4402 1958 4458 homini

357 4512 672 4633 Ι)εῇῗῦῃί
692 4567 892 4620 mentis
913 4581 1058 4620 mea.
1083 4564 1240 4622 Mens
1252 4560 1416 4634 jubet
1439 4580 1475 4618 a
1493 4562 1657 4619 malis
1679 4562 1961 4619 discedere

359 4659 420 4707 et
447 4651 600 4707 bona
627 4651 832 4720 facere,
863 4657 921 4707 et
948 4653 1066 4708 haec
1093 4658 1177 4708 est
1208 4654 1296 4707 lex
1323 4650 1464 4724 ejus.

433 4740 527 4798 3‘2.
550 4741 941 4796 AUGUSTINUS.
968 4743 1074 4813 (De
1110 4740 1258 4796 verb.
1289 4745 1459 4810 apost.
1494 4756 1661 4796 serm.
1699 4740 1753 4804 6.
1793 4757 1840 4795 c.
1875 4735 1963 4807 1‘2,

361 4836 508 4885 tom.
537 4828 592 4882 X
604 4827 653 4899 .)
675 4831 886 4896 Infelix
902 4845 996 4898 ego
1015 4831 1175 4883 homo
1190 4833 1210 4882 l
1225 4828 1332 4895 Sic,
1355 4827 1437 4883 sic
1455 4826 1783 4884 liberaberis
1803 4846 1837 4883 a
1852 4844 1969 4883 cor-

361 4934 506 4991 pore
546 4916 749 4971 mortis
771 4917 959 4986 hujus.
1009 4921 1074 4972 ut
1101 4917 1340 4972 mortale
1367 4917 1474 4972 hoc
1519 4916 1718 4973 induat
1743 4918 1971 4972 immor-

361 5006 738 5071 talitatem,et
754 5003 1115 5076 corruptibile
1135 5005 1241 5060 hoc
1254 5004 1456 5060 induat
1473 5003 1969 5077 incorruptionem.

444 5093 616 5151 CAP.
652 5091 810 5150 VIII.
862 5121 928 5136 —-
967 5091 1020 5150 1.
1067 5093 1322 5152 Αιωιιοε,
1366 5093 1466 5148 Leu:
1513 5095 1660 5149 enim
1713 5097 1967 5164 spiritus.

368 5183 523 5248 Quia
551 5181 707 5253 prior
744 5181 835 5236 lex
865 5179 936 5236 ab
960 5197 1152 5238 errore
1179 5181 1329 5237 malo
1353 5181 1584 5240 imbuit.
1622 5181 1752 5238 Haec
1781 5187 1972 5238 autem

364 5286 509 5327 cum
528 5287 634 5325 nec
661 5270 720 5325 in
749 5271 916 5326 corde
942 5286 1174 5342 peccare
1202 5271 1337 5326 dicit
1365 5269 1587 5339 debere,
1618 5269 1708 5325 lex
1743 5270 1974 5342 spiritus

366 5363 633 5426 vocetur,
663 5365 729 5415 ut
751 5365 937 5415 totum
972 5360 1144 5416 faciat
1171 5360 1459 5416 hominem
1486 5357 1863 5432 spiritualem.

448 5447 512 5504 2.
541 5449 757 5505 Larum.
785 5451 892 5532 Lex
919 5452 1071 5505 enim
1097 5452 1349 5519 spiritus.
1391 5450 1576 5506 Causa
1616 5465 1717 5505 cur
1750 5465 1863 5505 non
1898 5466 1983 5505 se-

373 5537 635 5596 cundum
652 5553 882 5597 carnem
902 5538 1214 5598 ambulant.
1230 5539 1506 5598 Memoria
1513 5539 1666 5598 enim
1688 5539 1830 5611 legis
1846 5539 1948 5597 Dei
1965 5557 1981 5609 ;

2097 2988 2154 3044 3.
2207 2992 2354 3043 Nam
2382 2993 2526 3058 quod
2566 2995 2914 3060 impossibile.
2955 2996 3118 3049 Ratio
3165 3013 3266 3051 cur
3307 2999 3512 3054 dixerit
3553 3001 3616 3056 in
3717 2985 3720 2988 i

2027 3077 2248 3131 Christo
2275 3079 2302 3130 J
2310 3095 2429 3132 esu.
2472 3080 2641 3142 Quasi
2683 3081 2930 3134 diceret:
2970 3082 3313 3152 impossibile
3341 3092 3465 3140 erat
3503 3088 3617 3159 legi

2025 3182 2126 3236 per
2152 3166 2403 3220 carnales
2431 3165 2844 3224 observationes
2881 3170 3120 3226 liberare
3139 3188 3174 3226 a
3200 3174 3462 3229 suasione
3492 3193 3618 3247 pec-

2026 3255 2136 3308 cati
2164 3260 2223 3309 et
2248 3255 2475 3324 mortis;
2495 3257 2592 3311 sed
2612 3257 2768 3312 misit
2791 3258 2940 3314 Deus
2967 3259 3169 3315 Filium
3189 3278 3358 3317 suum
3378 3264 3437 3318 in
3466 3264 3620 3320 simi-

2027 3343 2319 3398 litudinem
2341 3345 2600 3400 humanae
2613 3347 2816 3413 carnis,
2843 3364 2969 3419 quae
2988 3351 3201 3420 peccati
3221 3353 3620 3424 concupiscen-

2025 3432 2120 3486 tiis
2162 3449 2306 3504 saepe
2348 3439 2598 3500 vexatur,
2630 3440 2693 3489 ut
2729 3437 3005 3491 memoria
3041 3438 3445 3497 incarnationis
3475 3444 3620 3514 ejus,

2029 3521 2316 3576 suasiones
2344 3523 2554 3593 peccati
2584 3540 2618 3576 a
2647 3524 2897 3580 fidelium
2927 3543 3092 3582 carne
3135 3530 3451 3600 repelleret.

2099 3608 2154 3664 4.
2187 3611 2258 3664 De
2288 3616 2504 3679 peccato
2531 3613 2840 3668 damnauit.
2876 3613 3176 3671 Peccatum
3205 3619 3295 3672 hic
3315 3625 3476 3674 vocat
3503 3637 3624 3675 cor-

2031 3715 2136 3768 pus
2165 3698 2390 3765 Christi,
2413 3700 2561 3770 quod
2589 3699 2696 3756 fuit
2723 3702 2907 3756 hostia
2927 3721 3027 3774 pro
3048 3711 3295 3776 peccato,
3313 3708 3458 3762 sicut
3482 3709 3623 3764 alias

2031 3804 2168 3912 teumt
2191 3788 2287 3859 qui
2313 3805 2428 3843 non
2447 3797 2679 3845 noverat
2697 3797 3006 3861 peccatum,
3024 3802 3314 3864 peccatum
3333 3814 3435 3868 pro
3460 3797 3624 3853 nobis

2054 3874 2140 3912 cc:
2175 3901 2186 3911 .

2054 3874 2186 3913 CCIII.

2106 3928 2155 3984 5.
2208 3931 2456 3987 AMBROS.
2493 3933 2563 3986 De
2592 3937 2821 4000 peccato.
2857 3935 3112 3990 Christus
3141 3953 3270 3992 cum
3300 3954 3332 3992 a
3376 3945 3626 4010 peccato,

2038 4019 2185 4088 quod
2205 4024 2292 4072 est
2321 4021 2578 4086 Satanas,
2591 4020 2960 4093 cruciﬁgitur,
2981 4027 3231 4094 peccavit
3246 4027 3306 4080 in
3325 4043 3492 4082 carne
3513 4029 3633 4083 Sal-

2037 4107 2264 4174 vatoris,
2288 4124 2398 4180 quo
2428 4114 2654 4180 peccato
2682 4111 2984 4166 damnatus
3013 4117 3119 4182 est,
3147 4115 3353 4168 amisso
3382 4113 3631 4171 dominio

2035 4199 2388 4250 retentarum
2418 4195 2758 4252 animarum.

2109 4283 2160 4338 6.
2193 4285 2446 4340 AUGUST.
2482 4286 2576 4352 (De
2606 4286 2753 4339 verb.
2784 4285 2968 4355 Apost.
3016 4302 3186 4342 serm.
3231 4284 3284 4356 7,
3317 4305 3364 4344 c.
3414 4286 3466 4360 9)
3526 4291 3634 4358 Qui

2038 4377 2188 4428 enim
2215 4374 2519 4428 secundum
2547 4390 2792 4430 carnem.
2826 4375 3145 4431 Secundum
3172 4393 3400 4433 carnem
3436 4379 3637 4437 ambu-

2041 4463 2178 4529 lare,
2206 4467 2295 4518 est
2316 4461 2631 4518 carnalibus
2664 4464 3128 4536 concupiscentiis
3157 4467 3492 4524 consentire.

2116 4553 2167 4607 7.
2194 4554 2347 4620 (ibid.
2354 4555 2372 4614 )
2396 4551 2712 4606 Secundum
2727 4557 3013 4622 spiritum.
3036 4555 3358 4610 Secundum
3377 4557 3641 4629 spiritum

2045 4639 2354 4707 ambulare,
2384 4645 2472 4696 est
2501 4640 2754 4712 adjuvari
2783 4643 2843 4696 in
2871 4648 3060 4698 mente
3088 4644 3309 4716 spiritu,
3343 4653 3401 4702 et
3432 4664 3644 4714 concue

2047 4729 2334 4801 piscentiis
2365 4730 2550 4784 carnis
2577 4747 2690 4784 non
2722 4729 2974 4785 obedire.

2118 4817 2156 4873 8
2208 4820 2384 4889 (ibid,
2407 4836 2527 4890 cap.
2556 4817 2640 4887 10)
2667 4820 2793 4887 Legi
2819 4823 2972 4875 enim
3001 4821 3120 4875 Dei.
3152 4820 3269 4876 Hoc
3296 4839 3410 4878 non
3436 4828 3642 4895 potest,

2051 4909 2149 4963 sed
2179 4907 2478 4980 prudentia
2496 4905 2679 4964 carnis
2702 4925 2816 4963 non
2835 4913 3052 4980 potest;
3083 4911 3278 4966 vitium
3306 4928 3420 4966 non
3436 4918 3644 4984 potest,

2053 5014 2167 5052 non
2194 5003 2415 5053 natura.
2449 4997 2738 5062 Quomodo
2766 4995 2815 5051 si
2841 4997 3056 5053 diceres
3079 5014 3096 5050 :
3119 4997 3451 5055 claudicatio
3481 5006 3647 5056 rectas

2054 5085 2428 5142 ambulationi
2454 5103 2567 5141 non
2598 5091 2685 5140 est
2722 5083 2993 5156 subjecta.
3026 5087 3224 5159 Neque
3261 5088 3412 5144 enim
3436 5094 3642 5161 potest,

2054 5192 2152 5247 pes
2170 5181 2355 5247 potest
2382 5175 2544 5246 [sed],
2593 5173 2927 5230 claudicatio
2955 5191 3068 5231 non
3095 5183 3298 5249 potest.

2127 5263 2180 5321 9.
2214 5265 2488 5336 (AUGUST.
2510 5280 2575 5319 ea:
2599 5265 2859 5320 Tract.in
2871 5269 3016 5334 psal.
3042 5263 3130 5330 85,
3156 5266 3279 5320 sub.
3303 5266 3474 5334 med.,
3503 5271 3644 5322 tom.

1989 5335 2036 5419 ς·
2061 5352 2214 5424 VIII)
2243 5354 2446 5424 Corpus
2473 5355 2716 5422 quidem.
2747 5353 2963 5426 Corpus
2981 5360 3235 5408 nostrum
3263 5359 3652 5426 cemparatum

2061 5446 2146 5501 illi
2177 5445 2326 5517 quod
2349 5443 2601 5501 futurum
2621 5447 2726 5512 est,
2758 5440 3042 5501 invenitur
3064 5447 3372 5514 mortuum,
3395 5445 3651 5518 quamvis

2066 5537 2249 5593 adhuc
2277 5533 2491 5590 habens
2528 5533 2796 5590 animam.
