4008 6186
476 241 577 302 135
991 284 998 290 ς
1453 231 1518 286 Β.
1559 225 1972 286 LANFRANCI
2011 226 2371 285 CANTUAR.
2411 227 2747 285 ARCHIEP.
3618 230 3725 289 435

473 372 607 424 sunt
641 363 863 437 cognati
882 360 995 417 mei
1023 357 1331 414 secundum
1352 371 1598 420 carnem,
1623 353 1720 425 qui
1733 357 1867 408 sunt
1885 351 2172 417 Israelita,
2193 368 2433 423 quorum
2458 352 2684 424 adoptio
2707 357 2794 406 est
2807 353 3071 418 ﬁliorum,
3094 353 3154 406 id
3168 357 3241 406 est
3266 354 3365 422 qui
3391 353 3726 422 estadoptati

473 461 606 510 sunt
636 458 699 508 in
725 455 949 522 ﬁlios,et
964 448 1015 505 4.
1046 447 1244 518 gloria,
1270 451 1326 500 et
1349 448 1837 508 testamentum,et
1852 441 2147 512 legislatio,
2165 447 2222 495 et
2239 441 2568 512 obsequium
2582 448 2639 496 et
2656 442 2962 512 promissa:
2983 457 3221 513 quorum
3237 446 3508 512 patres,et
3523 457 3588 496 ex
3599 442 3726 513 qui-

474 546 579 600 bus
611 550 696 598 est
725 541 980 598 Christus
999 537 1306 592 secundum
1347 550 1594 596 carnem,
1629 531 1726 602 qui
1767 536 1853 584 est
1885 547 2056 602 super
2088 531 2279 585 omnia
2323 531 2470 585 Deus
2503 530 2826 585 benedictus
2863 533 2920 586 in
2950 531 3172 587 szecula.
3201 531 3401 584 Amen.
3434 531 3558 584 Non
3581 531 3635 594 5,
3670 530 3724 584 6.

475 639 665 688 autem
698 631 843 702 quod
875 626 1140 683 exciderit
1161 624 1393 679 verbum
1421 621 1542 676 Dei.
1575 621 1700 674 Non
1723 619 1872 672 enim
1897 636 2092 673 omnes
2119 618 2213 690 qui
2243 635 2307 672 ex
2324 619 2498 672 Israel
2527 624 2677 685 sunt,
2702 623 2905 673 scilicet
2933 621 3235 674 secundum
3267 635 3511 683 carnem,
3532 618 3573 672 ii
3594 623 3727 672 sunt

475 721 524 776 7.
560 719 849 780 Israelitae,
884 731 1067 786 neque
1098 713 1194 784 qui
1222 727 1414 766 semen
1446 713 1578 764 sunt
1591 708 1847 772 Abrahae,
1879 705 1933 763 8.
1958 723 2154 761 omnes
2175 707 2296 770 filii,
2316 711 2518 761 scilicet
2539 709 2840 760 secundum
2860 723 3084 761 carnem
3107 726 3123 771 ;
3143 705 3192 763 9.
3216 707 3314 761 sed
3329 707 3387 762 in
3406 708 3730 762 Isaacvoca-

475 811 628 864 bitur
656 807 757 862 tibi
787 821 998 870 semen,
1021 805 1225 857 scilicet
1244 801 1598 863 hereditatis,
1626 797 1684 850 id
1709 802 1813 862 est,
1844 813 1956 850 non
1991 796 2086 866 qui
2117 796 2218 849 ﬁlii
2249 795 2452 860 carnis,
2487 795 2546 848 hi
2569 795 2671 848 ﬁlii
2700 795 2801 849 Dei
2825 814 2837 862 ;
2871 797 2967 849 sed
2999 796 3094 866 qui
3124 795 3224 849 ﬁlii
3253 802 3386 850 sunt
3403 795 3728 866 promissio-

473 899 581 961 nis,
613 896 966 952 mstimantur
988 893 1049 946 in
1067 890 1306 956 semine,
1335 889 1542 941 scilicet
1567 887 1876 954 spirituali,
1902 886 1961 937 id
1989 889 2084 948 est,
2117 887 2304 952 quales
2325 885 2654 952 promisisti,
2695 890 2828 937 sunt
2864 887 3014 952 justi
3041 885 3306 938 videlicet.
3336 884 3729 938 Promissionis

471 988 621 1042 enim
641 985 874 1038 verbum
901 983 1007 1036 hoc
1028 985 1149 1046 est;
1183 976 1490 1032 secundum
1521 975 1624 1028 hoc
1650 979 1875 1044 tempus
1894 974 2085 1039 futuri
2111 975 2275 1038 anni,
2296 973 2396 1025 hac
2423 973 2510 1025 die
2538 972 2777 1036 veniam,
2803 978 2862 1026 et
2881 972 2989 1026 erit
3017 973 3169 1027 Sara:
3195 973 3362 1027 ﬁlius.
3391 972 3474 1029 10.
3495 973 3621 1028 Non
3637 989 3730 1028 so-

471 1079 587 1132 lum
619 1080 811 1130 autem
843 1073 958 1137 illa,
996 1069 1079 1136 11,
1105 1067 1188 1126 1‘2.
1220 1067 1318 1122 sed
1348 1067 1538 1128 et(hoc
1563 1065 1753 1133 probat
1775 1066 1909 1132 quia
1941 1076 2053 1114 non
2083 1077 2268 1113 omnes
2296 1062 2408 1127 ﬁlii
2431 1063 2766 1128 carn’is,ﬁlii
2783 1067 2914 1115 sunt
2937 1063 3050 1127 Dei)
3082 1061 3336 1115 Rebecca
3366 1078 3431 1116 ex
3462 1078 3573 1116 uno
3595 1079 3730 1116 con-

471 1161 664 1217 cubitu
694 1159 928 1222 habens,
960 1156 1118 1210 Isaac
1149 1151 1325 1222 patris
1370 1149 1569 1204 nostri.
1618 1149 1758 1202 Cum
1782 1147 1932 1202 enim
1960 1148 2213 1202 nondum
2233 1149 2352 1202 nati
2383 1147 2640 1213 fuissent,
2673 1154 2772 1202 aut
2798 1148 3011 1219 aliquid
3035 1148 3165 1202 boni
3189 1149 3434 1220 egissent
3457 1156 3556 1205 aut
3575 1151 3729 1215 mali,

477 1253 559 1319 (ut
578 1247 888 1303 secundum
916 1242 1267 1306 electionem,
1283 1241 1344 1293 id
1359 1245 1435 1293 est
1457 1241 1726 1305 gratiam,
1744 1236 2092 1308 propositum
2112 1245 2234 1303 23
2256 1237 2356 1291 Dei
2381 1243 2654 1302 maneret,
2675 1241 3021 1307 propositum
3040 1239 3140 1292 Dei
3151 1239 3264 1305 fuit
3290 1242 3452 1293 Iacob
3470 1243 3732 1308 praeferre

474 1340 621 1392 Esau
642 1337 820 1404 fratri
847 1334 990 1400 suo.)
1011 1347 1123 1385 non
1154 1347 1220 1383 ex
1247 1327 1530 1399 Operibus,
1559 1327 1656 1380 sed
1685 1343 1750 1380 ex
1779 1332 2030 1391 vocante,
2064 1328 2124 1378 id
2155 1331 2231 1379 est
2268 1343 2332 1379 ea:
2357 1330 2546 1394 gratia
2575 1330 2838 1392 vocantis,
2871 1326 3084 1381 dictum
3115 1331 3202 1381 est
3229 1327 3282 1381 ei
3314 1346 3326 1381 :
3361 1329 3505 1392 Quia
3551 1329 3734 1399 major

472 1425 677 1480 serviet
704 1421 927 1486 minori,
960 1420 1105 1474 sicut
1123 1417 1394 1488 scriptum
1426 1419 1547 1469 est:
1579 1414 1750 1469 Jacob
1774 1415 1960 1482 dilexi,
1990 1417 2135 1470 Esau
2165 1420 2352 1469 autem
2385 1415 2512 1470 odio
2534 1415 2723 1470 habui.
2746 1417 2853 1470 Hoc
2875 1419 3252 1470 testimonium
3280 1422 3356 1471 est
3378 1419 3439 1470 in
3456 1419 3734 1472 Malachia

471 1515 754 1584 propheta,
778 1528 900 1582 cap.
934 1524 975 1563 ι.
998 1508 1144 1573 Quid
1177 1522 1308 1576 ergo
1341 1504 1591 1559 dicemus
1611 1504 1634 1557 ’ἲ
1653 1503 1738 1569 13,
1761 1503 2125 1576 14.Nunquid
2139 1503 2408 1574 iniquitas
2425 1504 2574 1574 apud
2595 1505 2774 1558 Deum
2791 1503 2817 1556 ?
2846 1503 3138 1559 AbsitMS.
3177 1504 3356 1575 Moysi
3377 1505 3527 1558 enim
3548 1505 3684 1559 dicit
3715 1521 3730 1558 :

479 1601 564 1658 16.
595 1599 922 1665 Miserebor,
955 1598 1116 1667 cujus
1143 1595 1443 1660 misereor;
1473 1597 1530 1646 et
1555 1592 1997 1647 misericordiam
2027 1592 2323 1664 praestabo,
2356 1593 2518 1662 cujus
2548 1591 2878 1646 miserebor.
2908 1591 3094 1662 Igitur
3121 1607 3235 1646 non
3260 1592 3514 1659 volentis,
3544 1609 3729 1664 neque

1811 1699 2402 1756 COMMENTARIUS.

473 1797 685 1853 indicat
717 1813 818 1868 pro
848 1792 1114 1848 fratribus
1145 1790 1289 1857 suis,
1316 1805 1554 1860 quorum
1583 1787 1763 1858 legem
1786 1787 1845 1842 in
1873 1787 2130 1859 praedi-A
2144 1793 2278 1842 sunt
2321 1787 2502 1854 electi,
2547 1787 2642 1841 alii
2686 1787 2946 1858 reprobi;
2986 1803 3118 1842 nam
3147 1803 3329 1859 neque
3379 1804 3445 1842 ex
3478 1789 3738 1861 Operibus

475 1887 694 1942 catione
723 1882 1007 1953 Evangelii
1044 1881 1336 1934 destruere
1363 1877 1674 1932 videbatur.
2148 1877 2345 1946 patris,
2379 1880 2477 1930 aut
2494 1876 2713 1942 matris,
2739 1876 2871 1946 quia
2900 1893 2964 1930 ex
2993 1893 3106 1931 uno
3132 1875 3431 1931 concubitu
3480 1884 3649 1945 sunt;
3681 1885 3741 1934 et

543 1974 599 2032 4.
637 1976 880 2029 Anaus'r.
917 1972 1010 2040 (ex
1037 1968 1133 2022 lib.
1184 1981 1266 2022 xu
1311 1971 1454 2019 cont.
1510 1966 1661 2032 faus.
1717 1965 2067 2019 Manicheum
2148 1964 2266 2018 suis
2285 1981 2417 2030 non,
2440 1964 2572 2035 quia
2601 1965 2851 2019 nondum
2882 1965 3093 2036 aliquid
3121 1966 3390 2036 fecerant,
3435 1967 3569 2038 quia
3621 1967 3739 2021 nati

475 2081 596 2134 cap.
631 2061 682 2127 3,
707 2061 762 2114 in
789 2057 970 2124 med.)
992 2059 1054 2112 Et
1074 2058 1277 2124 gloria.
1302 2055 1369 2108 Et
1387 2069 1509 2124 quae
1522 2053 1932 2124 gloriaeorum,
1958 2053 2067 2107 nisi

474 2151 750 2224 praecipue
779 2149 879 2202 illa
917 2145 1048 2217 quia
1094 2143 1306 2198 credita
1355 2147 1490 2196 sunt
1535 2141 1645 2196 illis
1698 2142 1921 2213 eloquia
1941 2142 2065 2196 Dei.

473 2243 600 2296 Jam
640 2254 770 2292 vero
810 2238 1146 2291 testamenta
1194 2248 1294 2286 cur
1341 2231 1482 2285 dixit
1511 2230 1581 2284 ad
1612 2231 1896 2285 Israelitas
1934 2229 2064 2304 [al.,

473 2329 752 2402 praecipue
781 2321 1110 2398 pertinere],
1151 2321 1260 2376 nisi
1297 2321 1432 2392 quia
1459 2325 1516 2374 et
1539 2320 1714 2374 Vetus
1741 2321 2068 2374 Testamen-

474 2425 598 2474 tum
642 2416 754 2472 illis
783 2420 868 2470 est
894 2414 1110 2480 datum,
1149 2416 1207 2465 et
1251 2411 1472 2465 Novum
1526 2409 1585 2463 in
1610 2410 1813 2464 Vetere
1864 2410 2070 2479 ﬁgura-

475 2513 598 2562 tum
621 2505 647 2559 ’I

547 2595 601 2648 5.
625 2595 836 2649 LANFR.
858 2593 982 2646 Non
996 2594 1181 2643 autem
1202 2588 1346 2657 quod
1373 2587 1651 2642 exciderit.
1685 2585 1954 2657 Superius
1983 2585 2069 2639 di-

478 2683 559 2737 xit
579 2681 713 2752 quia
734 2678 1011 2751 promissa
1026 2681 1248 2730 aeternae
1271 2673 1611 2729 haereditatis
1633 2676 1779 2728 faeta
1809 2678 1938 2728 sunt
1969 2674 2069 2727 Ju-

478 2770 634 2826 daeis.
667 2768 777 2824 Sed
807 2767 940 2838 quia
967 2764 1143 2820 Judaei
1166 2779 1374 2833 magna
1401 2780 1466 2817 ex
1507 2768 1666 2834 parte
1704 2762 1927 2817 Christo
1956 2778 2070 2816 non

478 2857 854 2920 crediderunt,
878 2852 1173 2906 videbatur
1191 2851 1421 2906 verbum
1437 2851 1538 2904 Dei
1553 2867 1667 2904 non
1690 2867 1811 2904 esse
1831 2850 2069 2920 comple-

476 2954 621 3001 tum.
660 2944 746 2998 Ad
783 2945 888 2997 hoc
918 2940 1219 3012 respondet
1267 2957 1277 2992 :
1315 2941 1440 2993 Non
1477 2943 1665 2992 autem
1704 2938 1909 2992 excidit
1953 2955 2069 2991 ver-

479 3036 612 3090 bum
639 3032 762 3088 Dei.
791 3031 1038 3086 Verbum
1079 3028 1182 3083 Dei
1212 3027 1484 3094 excidere,
1541 3027 1627 3082 vel
1666 3027 1931 3082 excedere
1960 3031 2063 3092 est,

479 3140 589 3178 non
609 3121 844 3193 implere
869 3118 1163 3190 promissa.

547 3211 604 3266 6.
634 3211 878 3264 AUGUST.
911 3205 1184 3275 Nunquid
1207 3205 1470 3258 exciderit
1498 3205 1724 3256 verbum
1768 3205 1878 3257 Dei.
1918 3203 2070 3266 Quo-

481 3300 634 3353 niam
664 3298 884 3351 dixerat
901 3295 1153 3349 dolorem
1183 3291 1389 3344 habcre
1418 3307 1479 3344 se
1507 3291 1692 3344 cordis
1719 3291 2066 3356 continuum,

479 3403 651 3442 causa
692 3381 1101 3439 incredulitatis
1149 3394 1344 3434 eorum
1384 3396 1400 3444 ;
1467 3395 1616 3432 nunc
1678 3377 2072 3432 consolabatur

480 3491 702 3544 se,......
737 3472 886 3527 enim
913 3470 1036 3540 lege
1056 3467 1289 3534 invenit,
1321 3465 1454 3538 quia
1497 3483 1609 3520 non
1657 3482 1850 3520 omnes
1879 3467 1974 3537 qui
2005 3483 2071 3520 ex

480 3563 653 3619 Israel
681 3562 767 3616 vel
795 3559 1080 3615 Abraham
1109 3561 1242 3612 sunt
1268 3555 1556 3610 credituri.
1575 3553 1778 3608 Minuit
1806 3572 1940 3626 ergo
1970 3556 2072 3609 do-

477 3654 654 3708 lorem
685 3649 973 3705 inveniens
1001 3648 1108 3700 hoc
1135 3645 1268 3700 olim
1292 3644 1640 3715 praedictum.
1673 3644 1923 3707 Quorum
1943 3645 2072 3697 ado-

479 3741 594 3812 ptio
619 3739 690 3794 ad
713 3739 942 3794 Galatas
961 3735 1166 3789 dicitur
1190 3752 1202 3787 :
1239 3734 1377 3789 Cum
1402 3735 1549 3786 venit
1557 3734 1844 3801 plenitudo
1875 3737 2072 3800 tempo-

475 3834 580 3899 ris,
623 3831 778 3883 misit
816 3828 955 3881 Deus
995 3826 1203 3878 Filium
1230 3837 1396 3876 suum
1437 3827 1498 3874 ut
1535 3822 1880 3889 adoptionem
1923 3823 2072 3886 ﬁlio-

477 3935 610 3972 rum
637 3917 1020 3985 reciperemus.

2149 2069 2262 2107 non
2291 2057 2473 2107 erant.

2219 2140 2308 2197 11.
2332 2142 2583 2196 AUGUST.
2616 2142 2792 2212 (epist.
2833 2142 2934 2197 105
2977 2143 3051 2196 ad
3089 2142 3317 2198 Sixtum
3348 2146 3610 2212 presbyt.,
3636 2143 3741 2198 sub

2149 2230 2339 2294 ﬁnem,
2370 2233 2507 2284 tom.
2527 2228 2610 2298 ΙΙ)
2621 2229 2724 2284 Sed
2735 2234 2782 2282 et
2804 2229 3172 2294 Rebecca.Quo
3189 2230 3435 2301 pertinet
3451 2231 3577 2304 [al.,
3611 2248 3742 2302 per-

2149 2317 2342 2387 tinuit]
2372 2323 2437 2371 ut
2464 2316 2695 2371 abderet
2715 2334 2780 2371 ex
2808 2334 2921 2372 uno
2949 2317 3269 2382 concubitu,
3290 2319 3397 2374 nisi
3426 2326 3490 2374 ut
3516 2337 3627 2374 non
3650 2338 3742 2375 so-

2149 2407 2268 2460 lum
2294 2407 2363 2460 de
2402 2407 2536 2473 suis,
2556 2422 2737 2476 neque
2757 2407 2826 2460 de
2846 2411 3144 2477 parentum
3159 2407 3394 2473 meritis,
3417 2409 3512 2462 sed
3543 2427 3646 2464 nec
3672 2411 3742 2464 de

2149 2495 2350 2566 ipsius,
2383 2495 2440 2549 id
2470 2501 2572 2561 est,
2599 2495 2766 2548 unius
2791 2496 2966 2567 patris
2995 2500 3214 2550 mutata
3264 2497 3407 2552 forte
3445 2498 3502 2552 in
3540 2497 3743 2552 melius

2151 2584 2437 2638 voluntate
2484 2584 2760 2654 gloriatur
2788 2585 2907 2654 [al.,
2941 2584 3305 2658 gloriaretur]
3337 2586 3506 2641 Jacob
3552 2585 3743 2641 dicens

2151 2673 2279 2726 ideo
2307 2689 2341 2726 a
2364 2679 2613 2726 creatore
2634 2689 2694 2726 se
2723 2673 3009 2741 dilectum,
3038 2674 3170 2744 quia
3187 2679 3348 2745 pater
3373 2677 3420 2744 ej
3431 2692 3496 2729 us
3519 2675 3744 2746 quando

2151 2778 2277 2816 cum
2309 2761 2605 2815 seminavit
2630 2760 2955 2815 melioribus
2968 2762 3307 2817 laudabilior
3332 2763 3583 2818 moribus
3600 2762 3744 2818 fuit?

2151 2850 2228 2904 Ex
2257 2866 2390 2916 uno,
2405 2849 2911 2920 inquit,concubitu
2930 2849 3036 2904 fuit
3053 2867 3229 2905 unum
3239 2857 3375 2906 tunc
3390 2853 3460 2906 ad
3476 2869 3571 2907 eos
3581 2852 3744 2906 semio

2152 2939 2368 2992 nandos
2384 2941 2646 2992 meritum
2659 2939 3041 3008 patris,unum
3061 2940 3132 2993 ad
3145 2941 3614 3011 concupiscendos
3637 2939 3722 3014 [al
3727 2979 3742 2996 .

2150 3025 2566 3100 concipiendos]
2600 3027 2797 3082 matris
2820 3027 3083 3082 meritum
3113 3050 3128 3096 ς
3156 3033 3214 3082 et
3241 3045 3368 3084 cum
3399 3030 3596 3084 eodem
3619 3031 3745 3100 [al.,

2087 3111 2134 3170 B
2153 3132 2217 3169 ex
2239 3115 2457 3185 eodem]
2473 3121 2648 3185 patre,
2684 3116 2876 3169 eadem
2893 3122 3092 3182 matre,
3125 3133 3238 3172 uno
3267 3117 3565 3172 concubitu
3592 3122 3746 3172 ante-

2153 3220 2322 3273 quam
2344 3204 2555 3274 aliquid
2581 3204 2827 3274 egissent
2855 3203 2986 3258 boni
3013 3212 3113 3258 aut
3140 3206 3295 3272 mali,
3328 3207 3567 3261 alterum
3597 3206 3746 3261 Deus

2153 3291 2344 3361 elegit,
2375 3292 2615 3346 alterum
2655 3292 2790 3346 odit.
2824 3292 3109 3363 Intelligat
3134 3293 3303 3348 Jacob
3333 3310 3398 3348 ex
3436 3294 3533 3349 illa
3560 3310 3748 3348 massa

2153 3379 2468 3450 iniquitatis
2493 3380 2798 3450 originalis,
2830 3379 2926 3434 ubi
2953 3380 3206 3448 fratrem,
3235 3399 3362 3437 cum
3412 3399 3522 3454 quo
3551 3383 3747 3437 habuit

2154 3485 2374 3522 omnem
2406 3485 2651 3534 causam,
2684 3469 2832 3523 videt
2858 3485 2959 3540 per
2975 3470 3258 3540 justitiam
3280 3471 3551 3526 meruisse
3593 3471 3747 3525 dam-

2153 3556 2296 3621 nari,
2329 3572 2440 3610 non
2469 3556 2576 3610 nisi
2607 3573 2708 3628 per
2737 3557 2980 3627 gratiam
3008 3574 3068 3612 se
3095 3557 3346 3628 potuisse
3373 3559 3636 3614 discerni.

2227 3644 2313 3698 1‘2.
2348 3646 2551 3698 Lmen.
2579 3645 2682 3700 Sed
2711 3651 2758 3700 et
2779 3648 3021 3701 Rebecca.
3055 3647 3205 3700 Ordo
3230 3664 3242 3700 :
3268 3647 3741 3702 Rebeccahabens

2155 3732 2316 3799 ﬁlios,
2350 3750 2416 3788 ex
2435 3750 2548 3788 uno
2577 3733 2879 3789 concubitu
2907 3735 3081 3789 Isaac.

2224 3822 2312 3877 15.
2335 3824 2607 3891 Nunquid
2624 3825 2916 3892 iniquitas.
2964 3822 3282 3894 Iniquitatis
3319 3823 3610 3880 videbatur
3624 3842 3747 3880 esse

2154 3910 2301 3964 Esau
2329 3926 2441 3964 non
2462 3917 2786 3982 peccantem
2802 3911 3150 3982 reprobasse.
3173 3913 3368 3984 Neque
3391 3917 3581 3969 tamen
3603 3915 3747 3968 hanc

549 4007 600 4062 7.
634 4006 842 4060 Lassa.
875 4002 1157 4057 Israelita.
1180 3997 1307 4054 Non
1331 4013 1525 4052 omnes
1552 3996 1782 4051 fuerunt
1808 3997 2075 4052 Israelita:
2157 4015 2422 4068 magnam
2442 4004 2500 4052 et
2525 3999 2761 4054 arduam
2791 4000 3154 4071 quaestionem
3184 4001 3368 4056 solvit.

479 4094 575 4168 qui
598 4094 830 4150 fuerunt
867 4088 971 4145 sub
999 4087 1221 4142 cultura
1265 4085 1366 4140 Dei
1411 4090 1471 4140 et
1513 4083 1865 4139 observantia
1911 4084 2070 4155 legis.

479 4184 720 4250 Quidam
741 4182 894 4237 enim
921 4176 1270 4233 transierunt
1297 4173 1357 4228 in
1381 4174 1524 4228 ritus
1550 4173 1845 4244 gentilium
1871 4178 1928 4228 et
1955 4174 2075 4228 cul-

2230 4085 2315 4143 14.
2346 4088 2592 4142 AUGUs'r.
2623 4089 2770 4153 (ibid.
2801 4089 2968 4159 paulo
2988 4091 3135 4158 ante)
3159 4090 3430 4159 Nunquid
3450 4093 3742 4160 iniquitas.

2157 4174 2298 4228 Cum
2317 4176 2468 4230 enim
2495 4175 2745 4243 dixisset,
2759 4175 2909 4231 absit
2927 4183 2993 4231 ut
3003 4177 3076 4231 sit
3097 4176 3368 4248 iniquitas
3379 4179 3528 4250 apud
3543 4181 3741 4234 Deum!

477 4281 666 4330 turam
693 4271 1008 4335 idolorum;
1037 4267 1184 4320 sicut
1208 4269 1462 4335 tempore
1499 4261 1796 4318 Jeroboam
1833 4262 2078 4316 maxima
2156 4263 2354 4334 Itaque
2379 4264 2693 4336 [tanquam]
2741 4265 2792 4319 ei
2829 4266 3116 4320 dicemus:
3144 4266 3305 4320 Unde
3342 4267 3446 4321 hoc
3474 4269 3743 4334 ostendis,

479 4379 612 4434 pars
641 4376 856 4424 eorum,
891 4359 996 4411 hoc
1021 4353 1372 4425 signiﬁcante
1399 4352 1536 4417 Deo,
1568 4350 1717 4422 quod
1746 4351 1804 4404 in
1834 4343 2282 4406 adventuCcum
2309 4368 2528 4407 asseras
2561 4355 2688 4408 Non
2718 4371 2784 4408 ex
2818 4354 3101 4426 operibus,
3151 4355 3248 4409 sed
3289 4371 3357 4408 ex
3401 4362 3633 4410 vocante
3665 4357 3748 4409 (li-

481 4451 693 4508 Christi
723 4449 950 4521 quidam
985 4447 1174 4499 essent
1212 4441 1501 4506 credituri,
1546 4445 1605 4495 et
1659 4440 1904 4495 maxima
1942 4456 2073 4512 pars

482 4556 678 4597 eorum
707 4539 766 4592 in
788 4533 1121 4591 inﬁdelitate
1149 4529 1488 4586 remansuri.
1711 4531 1718 4536 ’

553 4629 606 4684 8.
636 4629 831 4684 Omnes
853 4625 983 4691 ﬁlii.
1012 4619 1183 4675 Filios
1209 4623 1370 4673 vocat
1418 4616 1622 4671 liberos
1651 4632 1716 4670 ex
1741 4615 1909 4687 legali
1937 4632 2071 4671 con-

476 4717 636 4789 jugio
689 4715 1032 4787 procreatos,
1061 4707 1207 4762 sicut
1234 4705 1307 4760 ad
1351 4704 1615 4758 Hebraeos
1647 4723 1662 4758 :
1691 4705 1836 4772 Ergo
1863 4707 2074 4760 adulte-

481 4809 607 4862 rini
642 4809 692 4859 et
723 4818 835 4857 non
864 4801 973 4868 ﬁlii
1001 4799 1145 4852 estis.
1200 4795 1246 4850 Ii
1277 4793 1380 4848 soli
1431 4791 1616 4847 Patris
1642 4792 1892 4847 haeredes
1919 4798 2069 4850 sunt.

550 4895 606 4950 9.
638 4893 887 4947 Auous'r.
939 4885 1062 4957 (lib.
1107 4898 1195 4938 va
1224 4885 1297 4938 De
1325 4884 1432 4939 cio.
1466 4883 1582 4948 Dei,
1614 4897 1736 4952 cap.
1779 4879 1892 4953 32).
1945 4882 2075 4950 (Sed

481 4987 547 5039 in
577 4980 755 5050 Isaac)
785 4979 1078 5048 Exponens
1106 4971 1406 5043 Apostolus
1433 4969 1567 5040 quid
1616 4969 1691 5023 sit
1718 4972 1782 5024 in
1809 4970 1965 5024 Isaac
1988 4987 2068 5024 vo-

489 5073 710 5128 cabitur
723 5082 924 5136 semen,
955 5061 1174 5134 inquit:
1206 5062 1331 5116 Non
1347 5061 1452 5125 ﬁlii
1467 5063 1598 5112 sunt
1618 5061 1829 5124 carnis,
1861 5059 1920 5112 hi
1941 5065 2074 5114 sunt

483 5163 594 5230 ﬁlii
615 5159 732 5214 Dei.
751 5155 855 5211 Sed
874 5155 983 5222 ﬁlii
997 5151 1384 5222 promissionis
1401 5149 1746 5216 deputantur
1764 5149 1827 5200 in
1845 5150 2071 5203 semine.

483 5253 563 5307 Ac
590 5264 691 5322 per
707 5247 812 5301 hoc
840 5242 943 5298 ﬁlii
962 5237 1370 5314 promissionis,
1397 5241 1463 5290 ut
1489 5236 1603 5290 sint
1629 5251 1820 5290 semen
1837 5235 2074 5291 Abrahae

483 5341 543 5395 in
570 5339 748 5405 Isaac,
781 5333 841 5389 in
872 5330 1162 5388 Christum
1215 5329 1446 5381 vocante
1499 5323 1685 5395 gratia
1726 5340 2072 5395 congregan-

483 5434 645 5573 “uio.
670 5515 872 5570 Lmen.
901 5511 1027 5566 Non
1049 5509 1230 5564 solum
1249 5507 1457 5560 autem.
1495 5501 1600 5558 Vel
1643 5516 1758 5558 non
1781 5501 1963 5558 solum
1987 5503 2069 5561 illi

2156 4446 2308 4495 ctum
2341 4447 2462 4510 est;
2496 4443 2676 4512 Major
2689 4447 2884 4498 serviet
2910 4446 3126 4498 minori
3148 4449 3172 4498 ?
3200 4443 3420 4515 Moyses
3447 4445 3619 4513 enim,
3654 4445 3744 4500 in-

2156 4530 2296 4601 quit,
2321 4529 2476 4585 dicit.

2223 4617 2311 4675 15.
2347 4619 2551 4674 Lassa.
2583 4621 2757 4688 Moysi
2775 4621 3084 4677 enim.Non
3097 4623 3401 4694 respondet
3419 4620 3743 4695 quaestioni;

2155 4707 2254 4762 sed
2278 4708 2555 4779 superiori
2594 4709 2904 4777 sententiae,
2938 4727 3050 4782 qua
3079 4711 3290 4767 dictum
3339 4718 3426 4768 est
3467 4715 3629 4768 Jacob
3665 4713 3749 4765 di-

2156 4798 2281 4863 lexi,
2307 4802 2419 4854 etc.

2231 4884 2322 4942 16.
2360 4888 2694 4944 Miserentis.
2733 4886 2799 4942 In
2848 4888 3035 4956 Jacob,
3070 4888 3270 4961 inquit,
3326 4895 3512 4961 potest
3547 4887 3743 4956 videri,

2157 4974 2290 5044 quia
2338 4992 2522 5047 neque
2548 4976 2823 5044 voluntas,
2855 4994 3037 5049 neque
3066 4978 3181 5033 vita
3211 4979 3389 5033 salvat
3413 4979 3698 5033 hominem
3729 4997 3741 5045 ;

2155 5063 2254 5117 scd
2275 5064 2657 5119 misericordia
2695 5066 2817 5133 Dei,
2849 5083 2962 5138 qua
2991 5066 3136 5121 bona
3177 5067 3433 5122 voluntas
3491 5073 3548 5122 et
3601 5065 3748 5120 bona

2154 5167 2328 5222 opera
2354 5151 2718 5224 inspirentur.

2232 5238 2316 5296 16.
2349 5242 2662 5308 Miserebor,
2719 5246 2826 5300 etc.
2879 5241 3087 5299 Probat
3133 5243 3268 5315 quia
3305 5242 3498 5299 dilexit
3552 5243 3743 5311 Jacob,

2158 5328 2292 5399 quia
2339 5345 2535 5385 omnes
2563 5330 2748 5402 diligit
2791 5332 3098 5387 secundum
3145 5334 3516 5405 propositum,
3551 5332 3610 5387 id
3637 5337 3742 5400 est,

2154 5418 2428 5489 gratiam;
2457 5435 2591 5475 nam
2613 5420 2751 5476 dicit
2780 5437 2793 5473 :
2824 5423 3132 5489 Miserebor,
3175 5427 3280 5477 etc.
