4048 6176
267 312 370 372 137

998 312 1078 371 ΙΝ
1114 316 1182 370 1).
1222 315 1439 371 PAULI
1470 278 1703 370 EPIST:
1736 310 1912 367 com

2025 308 2108 364 η’.
2141 338 2207 350 -
2232 307 2458 364 EPIST.
2500 308 2598 363 AD
2637 306 2810 365 ΗΘΜ.
2866 378 2869 381 Α

3339 388 3350 400 ο
3417 318 3526 377 138

266 439 548 495 currentis
573 440 777 493 scilicet
809 444 871 492 ut
911 440 1176 506 salvetur,
1207 440 1306 494 sed
1344 439 1665 494 miserentis
1711 442 1798 493 est
1839 436 1960 492 Dei.
1989 435 2143 490 Dicit
2175 435 2327 489 enim
2355 433 2445 489 17.
2484 435 2775 508 Scriptura
2803 436 3085 491 Pharaoni
3118 436 3306 503 :'Quia
3332 440 3394 495 in
3421 440 3529 496 hoc

266 531 457 602 ipsum
485 528 722 583 excitavi
749 533 829 596 te,
853 533 919 582 ut
946 529 1242 583 ostendam
1264 529 1324 583 in
1353 534 1410 583 te
1438 530 1706 584 virtutem
1733 544 1952 582 meam:
1989 530 2045 580 et
2070 531 2136 580 ut
2148 525 2517 580 annuntietur
2543 541 2751 581 nomen
2780 542 2968 580 meum
2988 527 3049 581 in
3065 527 3329 584 universa
3352 534 3527 585 terra.

270 620 556 675 Conclusio
578 621 873 686 utriusque
894 622 1228 687 quaestionis.
1262 620 1409 690 Ergo
1434 620 1595 689 cujus
1612 618 1732 672 vult
1759 617 2143 680 miseretur,et
2166 632 2335 686 quem
2348 615 2465 669 vult
2490 614 2737 671 indurat.
2752 615 2901 669 Dicis
2922 616 3112 687 itaque
3135 617 3274 671 mihi
3304 636 3315 670 :
3345 615 3526 684 18,19.

270 708 414 773 Quid
442 708 629 761 adhuc
648 706 961 777 quaeritur?
989 706 1266 761 voluntati
1289 708 1409 777 ejus
1439 707 1564 779 quis
1596 706 1849 761 resistit?
1876 698 1967 761 20.
1996 704 2041 759 Ο
2066 705 2255 768 homo,
2280 710 2346 758 tu
2377 703 2573 775 quies,
2605 703 2701 774 qui
2724 704 3062 775 respondeas
3077 706 3233 760 Deo?
3258 706 3528 778 Nunquid

269 795 404 851 dicit
432 799 770 868 ﬁgmentum
791 796 843 849 ei
861 796 956 866 qui
972 812 1031 849 se
1052 796 1216 851 ﬁnxit
1247 814 1259 848 :
1289 796 1436 860 Quid
1456 813 1545 850 me
1557 795 1740 850 fecisti
1761 795 1842 849 sic
1861 799 1883 847 ἲ
1903 794 1991 847 An
2016 810 2129 848 non
2144 792 2315 847 habet
2332 797 2669 863 potestatem
2691 792 2894 862 ﬁgulus
2915 793 3020 848 luti
3033 811 3099 848 ex
3118 795 3317 849 eadem
3342 805 3542 852 massa”

269 886 452 940 facere
491 886 650 939 aliud
694 885 922 956 quidem
964 902 1061 940 vas
1098 886 1157 940 in
1195 887 1486 952 honorem,
1530 885 1685 939 aliud
1715 901 1853 950 ,vero
1884 883 1943 937 in
1972 884 2407 938 contumeliam?
2449 881 2539 940 21.
2582 883 2742 946 Quod
2771 882 2817 936 si
2839 884 2987 938 Deus
3016 885 3204 940 volens
3233 888 3531 943 ostendere

271 974 495 1047 (scilicet
527 978 592 1028 in
612 976 810 1042 futuro
837 976 1045 1043 saeculo)
1073 975 1237 1041 iram,
1270 981 1328 1029 et
1363 982 1556 1030 notam
1594 975 1778 1028 facere
1816 972 2129 1043 potentiam
2158 989 2343 1039 suam,
2377 972 2649 1027 sustinuit
2684 973 2741 1027 in
2771 975 2950 1029 multa
2979 976 3251 1047 patientia
3272 995 3405 1033 vasa
3434 979 3532 1035 ira:

272 1070 403 1136 apta
428 1063 491 1117 in
522 1063 840 1129 interitum,
863 1068 928 1118 ut
956 1065 1277 1119 ostenderet
1304 1065 1529 1119 divitias
1544 1063 1737 1134 gloriae
1751 1078 1866 1116 suae
1881 1061 1939 1114 in
1956 1077 2090 1114 vasa
2110 1062 2526 1127 misericordia},
2553 1078 2676 1133 quae
2692 1065 3026 1133 praeparavit
3042 1066 3101 1121 in
3115 1068 3533 1137 gloriam.Quos

274 1160 328 1206 et
352 1152 574 1207 vocavit
590 1169 695 1206 nos
723 1169 836 1206 non
865 1153 1047 1206 solum
1076 1170 1143 1207 ex
1162 1153 1389 1218 Judaeis,
1410 1153 1507 1207 sed
1529 1153 1700 1207 etiam
1716 1167 1781 1204 ex
1804 1150 2296 1221 gentibusProbat
2317 1152 2452 1216 quia
2474 1152 2681 1202 vocavit
2692 1166 2762 1202 ea:
2776 1153 3047 1217 gentibus,
3072 1156 3215 1208 sicut
3231 1158 3294 1208 in
3310 1156 3431 1210 Osee
3449 1158 3533 1210 di-

274 1245 442 1305 citur,
457 1257 505 1293 c.
524 1258 589 1305 1.,
614 1239 773 1293 Sicut
797 1240 857 1293 in
884 1239 1027 1294 Osee
1048 1238 1217 1293 dicit:
1255 1238 1345 1294 22.
1379 1238 1601 1293 Vocabo
1628 1256 1740 1293 non
1770 1239 1990 1311 plebem
2020 1236 2461 1307 meam,plebem
2478 1253 2695 1304 meam;
2728 1244 2785 1291 et
2813 1254 2925 1292 non
2945 1239 3226 1309 dilectam,
3249 1243 3531 1312 dilectam;

275 1337 330 1384 et
356 1346 473 1384 non
501 1328 949 1383 misericordiam
970 1335 1099 1395 πθ
1126 1335 1503 1395 consecutam,
1518 1329 1963 1383 misericordiam
1984 1333 2362 1382 consecutam.
2385 1325 2476 1383 23.
2496 1327 2567 1381 Et
2586 1328 2712 1394 erit,
2728 1328 2788 1382 in
2807 1329 2945 1396 loco,
2960 1329 3056 1385 ubi
3076 1332 3290 1388 dictum
3307 1341 3393 1389 est
3411 1336 3493 1391 eis
3517 1355 3531 1390 :

275 1419 397 1473 Non
418 1416 581 1488 plebs
611 1433 739 1471 mea
755 1434 872 1483 vos,
902 1416 979 1470 ibi
1009 1416 1358 1471 vocabuntur
1378 1417 1477 1471 ﬁlii
1507 1417 1608 1472 Dei
1632 1418 1760 1472 vivi.
1787 1420 1985 1474 Probat
2017 1418 2161 1486 quod
2180 1434 2245 1470 ea:
2273 1418 2479 1470 Judais
2501 1420 2729 1479 vocavit,
2751 1421 2886 1486 quia
2928 1424 3161 1474 testatur
3196 1423 3391 1491 Isaias,
3417 1442 3463 1480 ο.
3495 1443 3535 1480 ι.

276 1508 451 1562 Isaias
471 1512 667 1561 autem
695 1507 904 1560 clamat
916 1523 1018 1577 pro
1048 1508 1242 1570 Israel,
1264 1524 1366 1576 pro
1387 1510 1736 1562 conversione
1749 1511 1921 1562 Israel
1943 1524 1954 1559 :
1977 1505 2067 1562 24.
2103 1507 2162 1561 Si
2192 1504 2363 1559 fuerit
2381 1520 2648 1559 numerus
2669 1505 2914 1561 ﬁliorum
2937 1508 3111 1563 Israel
3125 1515 3397 1582 tanquam
3418 1530 3540 1569 are-

280 1614 350 1650 na
385 1595 583 1662 maris,
612 1594 704 1661 25,
732 1594 823 1651 ‘26.
848 1595 1104 1665 reliquim
1133 1596 1299 1649 salvae
1333 1596 1489 1650 ﬁent.
1518 1594 1607 1662 :27,
1639 1595 1985 1652 28.Verbum
2017 1599 2113 1659 (vel
2145 1596 2371 1648 verbum
2393 1593 2675 1647 Christum
2703 1596 3031 1663 breviatum,
3063 1601 3207 1652 sicut
3231 1602 3411 1666 illud;
3430 1604 3543 1657 Mi-

282 1688 458 1738 nuisti
485 1700 613 1737 eum
630 1685 802 1752 paulo
824 1688 1015 1738 minus
1043 1687 1113 1739 ab
1140 1685 1382 1755 angelis)
1413 1685 1564 1740 enim
1586 1701 2001 1749 consummans,
2037 1689 2094 1737 et
2121 1680 2469 1747 abbrevians,
2507 1684 2567 1734 id
2595 1687 2671 1735 est
2696 1688 2962 1751 praecepta
2987 1688 3139 1753 legis,
3166 1686 3227 1740 in
3254 1689 3542 1759 aequitate,

281 1772 414 1843 quia
429 1771 665 1826 verbum
684 1771 997 1826 breviatum
1026 1773 1212 1838 faciet,
1241 1776 1447 1828 scilicet
1467 1775 1685 1843 jubebit
1704 1771 2281 1837 observari,Dominus
2294 1787 2463 1842 super
2476 1776 2771 1835 terram,et
2786 1771 2931 1826 sicut
2940 1773 3199 1843 praedixit
3217 1774 3423 1831 Isaias:
3447 1777 3540 1836 29.

279 1861 401 1915 Nisi
424 1861 704 1915 Dominus
737 1859 973 1914 sabaoth
1003 1860 1325 1931 reliquisset
1355 1860 1444 1918 30.
1480 1860 1640 1916 nobis
1675 1876 1889 1928 semen,
1921 1860 2063 1915 sicut
2094 1861 2338 1917 Sodoma
2367 1860 2496 1915 tacti
2515 1877 2785 1925 essemus,
2810 1864 2870 1915 id
2891 1867 2966 1916 est
2982 1867 3543 1937 penituspericlitati,

282 1955 334 2004 et
360 1950 512 2003 sicut
544 1949 860 2003 Gomorrha
888 1950 1099 2004 similes
1125 1949 1449 2005 fuissemus.
1475 1950 1621 2015 Quid
1646 1967 1778 2021 ergo
1794 1950 2043 2005 dicemus
2060 1951 2086 2004 ?
2101 1951 2388 2006 Conclusio
2412 1952 2557 2019 quod
2570 1953 2707 2005 dicit
2736 1952 2850 2005 :Ea:
2875 1955 3127 2019 gentibus
3153 1958 3379 2022 vocavit,
3397 1959 3550 2028 quod

278 2044 496 2111 gentes,
534 2056 659 2110 quae
687 2055 801 2093 non
840 2038 1201 2094 sectabantur
1226 2038 1530 2109 justitiam,
1564 2039 2059 2110 apprehenderunt
2107 2039 2419 2109 justitiam;
2461 2037 2742 2108 justitiam
2787 2044 2997 2107 autem,
3031 2057 3156 2112 quae
3187 2059 3253 2097 ex
3291 2044 3402 2099 ﬁde
3443 2052 3551 2102 est.

236 2155 255 2169 ο
284 2128 460 2182 Israel
484 2144 619 2181 vero
645 2127 912 2181 sectanda
936 2128 1119 2198 legem
1132 2127 1389 2197 justitiae,
1425 2129 1487 2181 id
1509 2133 1584 2182 est
1621 2129 1877 2182 carnales
1915 2128 2327 2194 observationes,
2362 2143 2480 2196 quae
2501 2144 2603 2196 per
2639 2130 2803 2195 ﬁdem
2829 2132 3244 2199 justiﬁcantur,
3278 2131 3338 2187 in
3366 2133 3554 2206 legem

278 2216 516 2287 justitiae
542 2233 658 2271 non
688 2215 960 2287 pervenit.
992 2216 1221 2280 Quare?
1243 2217 1386 2281 Quia
1405 2233 1519 2271 non
1540 2233 1607 2270 ex
1629 2217 1757 2283 ﬁde,
1787 2218 1993 2271 scilicet
2016 2218 2291 2285 putabant
2320 2216 2601 2269 hominem
2621 2219 2951 2285 justiﬁeari,
2966 2219 3064 2273 sed
3101 2221 3264 2291 quasi
3291 2238 3359 2277 ex
3377 2224 3559 2295 operi-

285 2304 386 2359 bus
419 2324 431 2357 :
459 2304 553 2361 3i.
594 2305 952 2360 offenderunt
979 2304 1130 2359 enim
1160 2305 1218 2359 in
1248 2306 1494 2377 lapidem
1524 2305 1867 2372 offensionis,
1899 2304 1989 2359 32.
2035 2305 2181 2360 sicut
2226 2304 2507 2375 scriptum
2538 2308 2625 2358 est
2653 2322 2664 2356 :
2700 2303 2842 2360 Ecce
2866 2323 3013 2377 pono
3043 2307 3104 2362 in
3132 2306 3269 2365 Sion
3305 2310 3554 2383 lapidem

284 2394 629 2461 oﬁ'ensionis,
664 2399 721 2448 et
749 2401 972 2465 petram
992 2395 1260 2463 scandali,
1295 2402 1352 2449 et
1379 2395 1563 2449 omnis
1594 2395 1690 2466 qui
1720 2394 1901 2449 credit
1935 2394 1995 2448 in
2026 2411 2174 2461 eum,
2208 2409 2323 2448 non
2353 2392 2747 2447 confundetur.

1648 2501 2241 2558 COMMENTARIUS.

358 2608 449 2665 i7.
493 2607 813 2678 Scriptura.
842 2610 1157 2673 Quamdam
1209 2614 1435 2665 tantum
1478 2611 1782 2666 utilitatem
1822 2627 1889 2664 ex
1908 2625 1959 2682 Α
2044 2607 2132 2663 23.
2177 2610 2239 2662 Et
2278 2611 2384 2662 erit
2419 2611 2483 2662 in
2526 2611 2656 2662 loco.
2687 2609 2867 2664 Judaei
2910 2626 3013 2681 per
3051 2614 3258 2670 multas
3308 2619 3565 2675 nationes

292 2698 653 2753 induratione
698 2698 1009 2754 inﬁdelium
1037 2716 1334 2770 provemre
1382 2701 1662 2767 ostendit;
1709 2716 1894 2771 neque
1977 2696 2148 2750 etiam
2188 2700 2321 2750 ante
2360 2695 2661 2750 adventum
2693 2697 2900 2751 Christi
2928 2701 3110 2770 sparsi
3154 2710 3340 2773 erant;
3374 2723 3409 2760 a
3451 2708 3572 2779 qui-

292 2788 495 2858 probat
533 2792 730 2841 tamen
767 2788 917 2857 quod
965 2788 1232 2859 iniquitas
1271 2805 1385 2843 non
1420 2788 1593 2843 fuerit
1628 2789 1776 2845 Esau
1803 2805 1895 2842 re-
1977 2785 2082 2840 bus
2120 2784 2411 2839 dicebatur
2453 2801 2601 2855 saepe
2645 2785 2908 2856 gentibus
2955 2789 3091 2858 quia
3134 2791 3292 2861 plebs
3327 2794 3429 2849 Dei
3455 2812 3570 2850 non

292 2874 738 3019 Ρΐέῒῗῗςξυετ.
762 2964 937 3035 (ibid.)
962 2967 1107 3033 Quid
1137 2967 1321 3020 adhuc
1342 2970 1641 3036 queritur?
1658 2967 1778 3021 Hoc
1815 2971 1903 3022 est

1978 2878 2185 2929 essent.

2050 2960 2141 3019 24.
2173 2962 2239 3018 Si
2264 2964 2458 3030 fuerit.
2491 2961 2755 3017 Probatio
2781 2964 2913 3034 quia
2940 2981 3074 3020 vasa
3090 2967 3489 3028 misericordia
3507 2990 3577 3029 ex

302 3053 453 3107 enim
480 3052 671 3107 dicere
694 3070 705 3104 :
741 3053 885 3116 Quid
908 3053 978 3107 de
1005 3053 1166 3108 nobis
1198 3055 1258 3109 ﬁt
1280 3056 1511 3125 querela
1548 3056 1697 3126 quod
1721 3056 1901 3109 Deum
1983 3050 2189 3106 Judaeis
2214 3067 2250 3105 a
2274 3050 2391 3105 Deo
2435 3056 2631 3106 vocata
2676 3057 2829 3118 sunt,
2868 3054 3067 3123 fuerit;
3099 3055 3370 3114 inusitata
3396 3066 3580 3117 trans-

305 3142 644 3197 oﬁ‘endimus
682 3142 830 3197 male
855 3142 1120 3209 vivendo;
1155 3160 1283 3198 cum
1312 3144 1462 3198 illius
1492 3145 1768 3199 voluntati
1802 3160 1903 3199 ne-

303 3247 395 3285 mo
416 3232 601 3302 possit
616 3232 902 3298 resistere,
926 3234 1135 3303 quinos
1148 3231 1445 3287 obduravit
1462 3232 1906 3287 misericordiam

304 3335 419 3374 non
448 3319 806 3391 praestando?

386 3405 476 3465 19.
507 3410 715 3463 Lassa.
739 3409 884 3475 Quid
896 3410 1079 3464 adhuc
1097 3414 1353 3479 queritur
1368 3418 1393 3465 ξ’
1416 3412 1628 3467 Audito
1647 3412 1754 3467 hoc
1791 3428 1910 3466 ver-

312 3496 400 3563 bo,
425 3514 592 3567 quem
620 3501 738 3552 vult
772 3500 1026 3564 indurat,
1047 3499 1397 3571 interrogare
1417 3506 1639 3571 poterat
1664 3501 1907 3555 carnalis

311 3585 569 3652 homo,et
586 3586 968 3641 voluntatibus
977 3589 1457 3655 vivens,adversus
1467 3591 1646 3645 Deum
1659 3605 1911 3644 murmu-

311 3691 465 3739 rans,
499 3681 559 3729 et
589 3675 789 3730 divina:
815 3676 1090 3730 voluntati
1132 3694 1248 3732 non
1296 3678 1429 3732 vitio
1471 3695 1572 3733 suo
1628 3679 1909 3750 deputans

312 3764 461 3833 quod
479 3764 612 3818 talis
622 3764 723 3819 sit:
748 3764 893 3829 Quid
912 3765 1096 3820 adhuc
1109 3766 1470 3837 disputatur?
1490 3768 1746 3838 Intelligo
1761 3768 1910 3838 quod

312 3853 590 3924 sequitur.
625 3852 777 3907 Nihil
814 3855 963 3907 valet
982 3860 1179 3909 contra
1206 3855 1341 3909 vitia
1380 3855 1541 3910 labor
1566 3873 1747 3921 meus,
1780 3857 1914 3910 inu-

1985 3140 2194 3194 latione
2221 3140 2303 3194 ita
2329 3140 2642 3211 reperiatur
2666 3159 2677 3192 :
2711 3142 2769 3195 Si
2796 3142 2968 3196 fuerit
2991 3146 3231 3216 populus
3254 3152 3386 3203 tuus
3404 3150 3583 3205 Israel

1989 3229 2150 3299 quasi
2202 3245 2378 3283 arena
2434 3229 2633 3295 maris,
2676 3229 2905 3300 reliquae
2947 3239 3343 3291 convertentur
3380 3252 3450 3293 ex
3476 3254 3575 3294 eo:

1988 3317 2401 3373 consummatio
2435 3316 2759 3372 abbreviata
2785 3320 3075 3375 mandavit
3094 3323 3406 3393 justitiam;
3453 3343 3585 3383 con-

1989 3407 2424 3462 summationem
2480 3406 2628 3461 enim
2687 3412 2746 3462 et
2795 3407 3272 3468 abbreviationem
3311 3414 3583 3472 Dominus

1989 3497 2141 3551 Deus
2167 3496 2514 3551 exercituum
2538 3496 2706 3551 faciet
2725 3496 2785 3551 in
2811 3497 2995 3553 medio
3016 3501 3201 3556 omnis
3230 3507 3415 3559 terrae.

2059 3583 2148 3641 25.
2183 3586 2461 3653 Reliquis,
2494 3584 2553 3638 id
2597 3588 2700 3651 est,
2732 3585 2871 3640 viles
2897 3587 3077 3657 pauci,
3113 3589 3210 3659 qui
3252 3591 3322 3645 de
3346 3609 3585 3651 numero

1989 3673 2301 3727 inﬁdelium
2322 3672 2625 3744 impiorum
2652 3674 2987 3745 regnabunt.

2061 3760 2151 3816 26.
2177 3762 2431 3816 Aunaos.
2475 3763 2737 3831 Reliquiae
2786 3767 2948 3818 salvae
2986 3767 3138 3833 ﬁent.
3172 3767 3583 3829 Recedentibus

1992 3849 2200 3904 Judaeis
2228 3867 2264 3903 a
2290 3849 2493 3904 merito
2522 3855 2580 3904 et
2607 3851 2975 3921 promissione
2997 3856 3317 3924 patrum,hi
3336 3861 3588 3933 reliquiae

311 3941 427 3995 tilis
464 3948 551 3995 est
578 3942 861 3996 industria
893 3959 1039 3997 mea.
1070 3944 1222 3998 Talis
1260 3960 1356 3999 ero
1384 3946 1609 4015 qualem
1641 3961 1731 3998 me
1760 3945 1910 3999 Deus
1929 3944 2144 4006 Bsunt,
2179 3938 2275 4009 qui
2294 3938 2353 3992 in
2380 3938 2491 3993 ﬁde
2518 3939 2845 4009 persistunt.

310 4030 554 4084 voluerit
574 4047 719 4087 esse.
750 4031 1041 4086 Voluntati
1069 4032 1221 4087 enim
1244 4033 1364 4103 ejus
1386 4033 1511 4104 quis
1539 4032 1803 4087 resistet?

383 4115 474 4175 20.
505 4120 752 4175 AUGUST.
796 4120 987 4191 (ibid.)
1019 4121 1060 4176 0
1087 4122 1265 4190 homo,
1306 4128 1366 4175 tu
1394 4124 1519 4189 quis
1556 4138 1627 4176 es.
1660 4121 1809 4176 Satis
1837 4121 1911 4176 sit

2061 4027 2153 4086 27.
2194 4029 2421 4082 Verbum
2443 4030 2613 4084 enim.
2639 4028 3180 4099 Quoniam,sublatis
3197 4037 3587 4097 omnibuscar-

1991 4117 2211 4172 nalibus
2252 4117 2393 4188 legis
2435 4116 2821 4187 observantiis,
2859 4122 2980 4177 sola
3017 4125 3157 4180 ﬁdes
3185 4133 3273 4182 est
3301 4129 3486 4199 posita
3514 4132 3588 4186 ad

315 4207 543 4262 interim
563 4225 630 4262 ex
652 4209 974 4263 Christiana
997 4209 1108 4263 ﬁde
1138 4208 1267 4282 [al.,
1296 4210 1617 4265 Christiano
1645 4227 1713 4264 ex
1743 4208 1903 4283 ﬁde],
1989 4208 2249 4261 salutem.

317 4296 501 4351 adhuc
526 4297 757 4363 viventi,
795 4302 852 4352 et
879 4298 1131 4353 nondum
1158 4299 1412 4353 cernenti
1430 4299 1574 4369 quod
1598 4299 1908 4370 perfectum

319 4392 424 4452 est,
470 4385 571 4441 sed
616 4403 681 4440 ex
727 4392 889 4458 parte
916 4387 1116 4442 scienti
1149 4403 1314 4441 nosse
1342 4388 1428 4441 vel
1458 4388 1721 4455 credere;
1763 4388 1912 4459 quod

317 4474 603 4529 neminem
651 4475 802 4530 Deus
848 4474 1051 4530 liberet
1079 4475 1191 4530 nisi
1233 4476 1484 4547 gratuita
1527 4476 1914 4532 misericordia

322 4578 424 4633 per
452 4562 759 4618 Dominum
780 4570 1038 4619 nostrum
1074 4566 1269 4620 Jesum
1301 4565 1620 4633 Christum;
1649 4571 1707 4621 et
1732 4567 1915 4621 nemi-

320 4667 452 4704 nem
499 4651 732 4706 damnet
772 4652 881 4706 nisi
904 4653 1226 4725 tequissima
1251 4654 1490 4709 veritate
1527 4671 1629 4726 per
1653 4656 1915 4710 eumdem

321 4739 629 4794 Dominum
639 4746 895 4796 nostrum
920 4743 948 4796 J
954 4758 1111 4797 esum
1133 4743 1421 4799 Christum
1457 4744 1573 4798 Cur
1594 4748 1784 4797 autem
1814 4760 1916 4815 po-

321 4826 436 4879 tius
466 4826 634 4880 illum
662 4844 830 4898 quam
858 4828 1019 4882 illum
1047 4828 1268 4896 liberet,
1300 4834 1585 4885 scrutetur
1609 4830 1705 4901 qui
1730 4836 1918 4901 potest

317 4914 662 4984 judiciorum
690 4918 812 4987 ejus
835 4923 953 4972 tam
983 4934 1252 4994 magnum
1278 4918 1645 4991 profundum;
1692 4935 1915 4973 verum-

315 5008 515 5058 tamen
534 5010 729 5059 caveat
754 5007 1145 5078 praecipitium.

389 5090 483 5149 21.
514 5093 722 5148 Lassa.
761 5096 914 5162 Quod
955 5099 1006 5149 si
1037 5098 1180 5150 Deus
1216 5099 1417 5151 volens.
1463 5096 1704 5151 Causam
1732 5094 1918 5150 reddit

318 5197 425 5235 cur
453 5181 715 5237 inﬁdeles
751 5182 1119 5253 obdurentur,
1141 5185 1410 5239 vedelicet
1438 5190 1520 5251 ut,
1554 5202 1656 5256 per
1690 5184 1917 5256 patien-

2062 4294 2152 4353 28.
2185 4297 2388 4350 Lassa.
2434 4298 2661 4351 Verbum
2684 4300 2855 4354 enim.
2896 4300 3144 4358 Verbum
3183 4321 3581 4366 consummans

1992 4389 2154 4439 vocat
2171 4384 2529 4439 dilectionem
2549 4384 2670 4452 Dei,
2695 4390 2754 4440 et
2790 4388 3050 4458 proximi,
3074 4408 3175 4463 per
3192 4411 3362 4465 quam
3381 4398 3581 4454 salvati

1993 4479 2128 4528 sunt
2156 4474 2344 4545 plures
2363 4472 2484 4527 sine
2505 4473 2778 4544 legalibus
2806 4474 3305 4541 observationibus.

2066 4562 2157 4619 29.
2198 4564 2443 4618 Amans.
2483 4565 2611 4617 Nisi
2637 4565 2909 4621 Dominus
2952 4570 3194 4628 sabaoth.
3241 4574 3589 4634 Salvatorem

1996 4652 2254 4707 relictum
2292 4652 2454 4707 nobis
2500 4651 2637 4706 dicit
2666 4652 2736 4707 ad
2774 4653 3104 4727 suffragium
3142 4660 3287 4729 vitae,
3321 4680 3487 4736 quem
3519 4669 3591 4724 ab

1995 4739 2159 4796 initio
2189 4741 2461 4796 Dominus
2488 4741 2643 4795 nasci
2672 4742 2946 4811 decrevit;
2975 4763 3142 4817 quem
3168 4749 3376 4808 idcirco
3396 4772 3593 4814 semen

1998 4828 2152 4897 dicit,
2186 4830 2320 4900 quia
2356 4847 2459 4901 per
2489 4830 2677 4902 ipsum
2719 4838 3045 4903 reparatum
3073 4842 3161 4892 est
3180 4856 3361 4910 genus
3389 4844 3593 4903 huma-

1995 4935 2155 4974 num.

2068 5005 2155 5065 30.
2189 5008 2394 5063 Lmen.
2425 5009 2591 5063 Nobis
2622 5025 2825 5066 semen.
2872 5011 3075 5068 Semen
3111 5022 3273 5074 vocat
3314 5026 3596 5094 apostolos

1998 5101 2056 5151 et
2081 5096 2421 5167 primitivum
2448 5096 2769 5151 Ecclesiam.

2067 5184 2159 5242 31.
2195 5186 2568 5254 Offenderunt.
2602 5186 2787 5241 Causa
2817 5203 2919 5242 cur
2959 5205 3071 5244 non
3114 5206 3491 5263 pervenerunt
3534 5203 3594 5257 in

321 5269 469 5324 tiam
499 5269 883 5326 tribulationis
912 5271 982 5327 ab
1003 5272 1115 5328 illis
1140 5273 1329 5341 illatae,
1354 5273 1546 5329 ﬁdeles
1561 5279 1919 5342 coronentur,
1938 5264 1982 5325 Ο
2002 5275 2185 5347 legem
2206 5274 2462 5345 justitise,
2486 5281 2543 5330 et
2568 5291 2671 5330 cur
2695 5292 2809 5331 non
2828 5278 3062 5333 credant
3084 5279 3370 5340 hominem
3393 5288 3599 5358 justiﬁ-

320 5359 677 5415 retribuente
697 5360 812 5416 Deo
833 5361 895 5415 in
913 5362 1124 5418 futuro.

392 5447 486 5506 22.
528 5450 726 5505 Vocabo
760 5467 873 5506 non
909 5454 1138 5521 plebem.
1169 5453 1433 5509 Probatio
1465 5454 1615 5525 quod
1658 5470 1791 5509 vasa
1816 5452 1924 5509 mi-

2004 5364 2120 5420 cari
2146 5380 2217 5420 ex
2244 5364 2373 5419 ﬁde.

2078 5453 2167 5512 32.
2198 5453 2355 5511 Sicut
2371 5458 2643 5525 scriptum
2664 5460 2755 5521 est,
2782 5454 3071 5523 subaudis,
3092 5456 3150 5512 in
3172 5475 3283 5531 quo
3298 5464 3412 5520 ﬁda
3429 5485 3600 5529 mmu-

316 5538 643 5595 sericordiae
667 5556 735 5595 ex
769 5539 1034 5612 gentibus
1050 5542 1328 5598 vocaverit
1354 5544 1523 5598 Deus.
1546 5544 1754 5600 Gentes
1773 5543 1925 5599 enim
2008 5543 2165 5601 latio.
2210 5544 2336 5599 Zelo
2365 5543 2513 5600 bono
2542 5561 2665 5632 nos,
2690 5544 3044 5612 aemulantur,
3090 5546 3140 5602 si
3176 5551 3435 5611 nesciunt
3465 5563 3600 5632 quid

316 5643 432 5683 non
451 5627 613 5702 plebs
633 5629 738 5684 Dei
759 5634 891 5685 ante
920 5631 1090 5687 ﬁdem
1115 5638 1298 5693 erant.

598 5725 867 5791 PATROL.
896 5727 1017 5796 CL.

2010 5633 2242 5703 faciunt,
2268 5634 2545 5704 justitiam
2570 5630 2677 5689 Dei
2702 5649 2825 5705 qua:
2853 5650 2955 5705 per
2977 5634 3147 5692 ﬁdem
3168 5638 3376 5701 Christi
3403 5630 3506 5703 est:

3322 5748 3362 5808 5
