4008 6186
420 312 522 370 143
1398 311 1458 365 Β.
1503 310 1919 367 LANFRANCI
1960 312 2003 367 Ο

2097 310 2320 367 ΓΤΠΑΒ..
2360 308 2702 365 ARCHIEP.
3582 311 3680 370 144

415 439 659 494 oleaster
676 453 846 505 esses,
869 437 1114 492 insertus
1146 452 1207 490 es
1240 436 1299 490 in
1320 435 1449 503 illis,
1471 442 1528 492 et
1544 437 1728 492 socius
1746 436 1949 491 radicis
1967 441 2026 491 et
2042 435 2403 508 pinguedinis
2428 433 2512 491 15.
2536 434 2694 488 oliva)
2715 433 2894 488 factus
2916 448 3002 500 es;
3027 432 3143 487 noli
3161 434 3393 504 gloriari
3412 434 3677 492 adversus

418 544 628 582 ramos.
657 525 746 582 16.
778 524 937 590 Quod
965 525 1013 580 si
1038 524 1301 595 gloriaris
1328 543 1340 579 :
1368 541 1481 580 non
1509 531 1573 580 tu
1602 525 1849 579 radicem
1879 530 2089 597 portas,
2119 524 2217 578 sed
2246 524 2404 578 radix
2433 529 2509 578 te.
2538 523 2703 577 Dices
2730 539 2865 593 ergo
2890 540 2903 589 ;
2934 520 3096 577 fracti
3125 527 3259 576 sunt
3285 523 3450 586 rami,
3483 529 3547 577 ut
3574 541 3676 594 ego

413 616 651 672 inserar.
683 616 833 670 Bene
868 598 901 668 ελ
920 619 1153 686 propter
1181 613 1634 669 incredulitatem
1664 613 1825 668 fracti
1853 618 2004 668 sunt.
2035 614 2120 668 Tu
2147 617 2339 667 autem
2374 612 2484 666 ﬁde
2512 617 2629 666 stas
2656 629 2669 666 :
2706 611 2821 665 noli
2850 610 3028 665 altum
3054 627 3271 682 sapere,
3304 612 3405 666 sed
3433 611 3588 667 time.
3614 613 3673 668 Si

413 704 566 759 enim
593 705 744 759 Deus
770 702 1125 758 naturalibus
1146 703 1320 757 ramis
1350 719 1463 758 non
1486 703 1738 775 pepercit
1762 721 1774 755 :
1796 719 1867 756 ne
1894 702 2038 756 forte
2066 717 2169 755 nec
2195 699 2297 755 tibi
2323 706 2536 772 parcat.
2569 700 2705 754 Vide
2726 715 2862 770 ergo
2890 697 3201 754 bonitatem
3230 704 3288 754 et
3314 700 3670 756 severitatem

408 792 540 859 Dei;
573 792 632 847 in
660 809 756 847 eos
786 792 1015 863 quidem
1043 791 1140 862 qui
1166 791 1507 857 ceciderunt,
1537 791 1926 858 severitatem;
1954 791 2013 845 in
2041 795 2097 844 te
2121 795 2311 845 autem
2337 790 2646 844 bonitatem
2676 788 2797 855 Dei,
2830 789 2878 843 si
2905 790 3283 860 permanseris
3309 789 3369 844 in
3395 788 3665 859 bonitate,

408 881 658 954 alioquin
678 885 736 936 et
752 886 816 936 tu
841 880 1132 936 excideris.
1153 881 1264 936 Sed
1284 885 1341 935 et
1357 880 1459 945 illi,
1481 881 1526 935 si
1548 897 1661 935 non
1686 880 2101 952 permanserint
2123 879 2181 934 in
2201 879 2613 945 incredulitate,
2631 879 2955 933 inserentur
2977 897 2991 932 :
3016 883 3215 950 potens
3235 884 3322 933 est
3346 879 3493 934 enim
3516 880 3666 935 Deus

403 971 613 1026 iterum
660 972 910 1026 inserere
937 970 1083 1024 illos.
1121 970 1267 1024 Nam
1296 970 1345 1023 si
1390 975 1454 1025 tu
1481 986 1547 1024 ex
1592 970 1838 1024 naturali
1868 970 2082 1025 excisus
2113 985 2173 1023 es
2213 970 2476 1035 oleastro,
2509 975 2566 1023 et
2603 974 2799 1023 contra
2825 973 3087 1022 naturam
3117 969 3364 1023 insertus
3400 987 3459 1024 es
3488 968 3572 1026 17.
3603 971 3664 1027 in

401 1059 607 1116 bonam
628 1061 852 1126 olivam,
877 1065 1087 1130 quanto
1107 1058 1287 1130 magis
1311 1059 1350 1113 ii
1375 1058 1472 1130 qui
1495 1059 1803 1114 secundum
1829 1065 2091 1113 naturam
2111 1058 2434 1112 inserentur
2450 1074 2564 1111 suae
2586 1057 2742 1112 olivze
2756 1058 2781 1110 ?
2806 1057 2950 1112 Nolo
2971 1057 3120 1112 enim
3143 1062 3268 1124 33
3288 1075 3382 1112 vos
3402 1058 3662 1128 ignorare

396 1148 601 1203 fratres
630 1146 719 1204 18.
752 1148 1085 1219 mysterium
1114 1147 1239 1201 hoc.
1275 1143 1356 1203 19.
1393 1150 1474 1215 (ut
1500 1164 1614 1201 non
1642 1147 1766 1201 sitis
1795 1147 1948 1202 vobis
1976 1146 2114 1218 ipsis
2142 1146 2447 1216 sapientes)
2463 1149 2573 1201 sibi
2598 1150 2865 1215 sapientes
2890 1151 3078 1212 essent,
3103 1150 3154 1200 si
3178 1148 3383 1201 Judzis
3408 1164 3521 1202 non
3543 1166 3661 1204 am-

390 1240 547 1305 plius
570 1253 720 1307 posse
757 1242 1054 1306 putarent;
1095 1236 1229 1307 quia
1253 1235 1469 1290 cmcitas
1500 1253 1566 1290 ex
1604 1241 1764 1307 parte
1803 1236 2039 1306 contigit
2068 1235 2126 1289 in
2155 1236 2348 1302 Israel,
2382 1236 2559 1289 donec
2596 1234 2887 1306 plenitudo
2914 1236 3168 1306 gentium
3200 1236 3459 1304 intraret,
3492 1244 3549 1292 et
3579 1239 3659 1293 sic

396 1326 579 1383 omnis
609 1325 783 1381 Israel
811 1325 997 1379 salvus
1022 1326 1200 1392 ﬁeret,
1229 1324 1376 1379 sicut
1402 1324 1672 1397 scriptum
1697 1330 1784 1379 est
1816 1343 1828 1377 :
1860 1323 1949 1381 20.
1981 1312 2183 1379 Veniet
2215 1342 2280 1379 ex
2312 1325 2463 1391 Sion,
2486 1323 2576 1382 21.
2602 1325 2699 1395 qui
2725 1324 2943 1396 eripiat,
2978 1330 3036 1378 et
3062 1329 3280 1379 avertat
3306 1325 3655 1401 impietatem

395 1430 430 1468 a
447 1414 641 1469 Jacob.
666 1415 735 1469 Et
753 1414 858 1468 hoc
881 1413 993 1467 illis
1012 1430 1048 1467 a
1066 1430 1178 1479 me,
1199 1416 1403 1468 scilicet
1424 1416 1802 1482 complebitur,
1826 1419 2249 1479 testamentum,
2272 1430 2399 1468 cum
2425 1413 2709 1468 abstulero
2730 1419 2959 1485 peccata
2977 1430 3191 1480 eorum,
3218 1412 3305 1479 22,
3330 1412 3420 1482 23.
3447 1414 3536 1483 24,
3558 1414 3649 1473 25.

391 1503 701 1558 secundum
730 1501 1092 1572 Evangelium
1121 1500 1368 1572 quidem,
1398 1501 1613 1555 inimici
1654 1506 1883 1572 propter
1924 1518 2021 1557 vos
2058 1520 2070 1569 ;
2104 1503 2411 1557 secundum
2442 1503 2773 1557 electionem
2801 1508 3015 1569 autem,
3047 1502 3382 1570 charissimi,
3424 1510 3653 1576 propter

388 1596 599 1663 patres,
628 1587 719 1655 26,
742 1589 832 1645 27.
855 1590 976 1644 sine
1005 1589 1337 1661 poenitentia
1355 1590 1506 1644 enim
1528 1595 1664 1643 sunt
1680 1589 1828 1644 dona
1853 1595 1910 1644 et
1930 1590 2291 1645 vocatiO‘Dei.
2314 1590 2403 1647 28.
2436 1592 2591 1646 Sicut
2619 1592 2770 1645 enim
2800 1591 3101 1663 aliquando
3123 1597 3181 1646 et
3208 1609 3305 1647 vos
3332 1609 3446 1647 non
3467 1595 3649 1648 credi-

386 1679 551 1734 distis
576 1680 712 1746 Deo,
738 1695 888 1734 nunc
908 1684 1099 1733 autem
1129 1677 1573 1732 misericordiam
1596 1679 1879 1732 consecuti
1908 1679 2043 1733 estis
2069 1685 2301 1751 pr0pter
2319 1679 2774 1735 incredulitatem
2794 1679 3039 1745 illorum,
3064 1679 3145 1735 ita
3168 1687 3225 1735 et
3248 1680 3342 1735 isti
3365 1699 3513 1737 nunc
3535 1700 3648 1738 non

381 1767 742 1823 crediderunt
769 1768 829 1822 in
856 1773 1101 1822 vestram
1131 1767 1596 1832 misericordiam,
1628 1772 1694 1820 ut
1720 1772 1777 1820 et
1803 1766 1910 1837 ipsi
1936 1766 2377 1822 misericordiam
2407 1775 2843 1839 consequantur.
2876 1767 2966 1822 20.
2998 1768 3287 1823 Conclusit
3315 1770 3466 1824 enim
3498 1772 3647 1826 Deus

380 1858 575 1914 omnia
595 1858 657 1912 in
685 1856 1099 1923 incredulitate,
1120 1860 1186 1909 ut
1208 1854 1462 1910 omnium
1478 1855 1831 1910 misereatur.
1853 1854 1942 1911 30.
1964 1855 2010 1910 Ο
2038 1856 2279 1910 altitudo
2302 1856 2623 1911 divitiarum
2646 1857 2934 1929 sapientiae
2955 1863 3013 1911 et
3032 1857 3281 1913 scientiae
3305 1858 3435 1913 Dei!
3466 1859 3645 1923 Quam

378 1945 965 2018 incomprehensibilia
990 1949 1124 1999 sunt
1145 1943 1362 2015 judicia
1388 1944 1528 2013 ejus,
1550 1948 1609 1997 et
1626 1942 2042 2015 investigabiles
2063 1943 2163 1998 viae
2184 1945 2333 2015 ejus!
2368 1945 2505 2009 Quis
2526 1945 2675 2000 enim
2704 1946 2961 2016 cognovit
2988 1963 3219 2001 sensum
3242 1947 3505 2003 Domini?
3530 1950 3647 2004 Aut

376 2034 505 2107 quis
530 2033 885 2089 consiliarius
904 2034 1027 2104 ejus
1048 2031 1191 2086 fuit?
1218 2033 1335 2086 Aut
1358 2031 1484 2102 quis
1504 2031 1661 2103 prior
1678 2032 1835 2086 dedit
1862 2032 1964 2099 illi,
1990 2038 2048 2087 et
2076 2032 2424 2089 retribuetur
2443 2033 2533 2088 ei?
2564 2032 2652 2091 31.
2678 2034 2952 2099 Quoniam
2975 2052 3041 2089 ex
3069 2035 3211 2107 ipso,
3235 2041 3293 2091 et
3308 2053 3411 2108 per
3432 2038 3638 2109 ipsum,

375 2129 435 2180 et
462 2123 523 2179 in
548 2123 671 2196 ipso
699 2127 835 2178 sunt
860 2121 1083 2177 omnia:
1118 2120 1225 2193 ipsi
1251 2120 1434 2192 gloria
1460 2119 1520 2175 in
1546 2122 1770 2176 saecula.
1793 2122 1995 2177 Amen.

1737 2251 1863 2313 84
1891 2248 2127 2304 CAPUT
2162 2249 2286 2304 XII.

448 2355 497 2414 1.
518 2355 760 2412 Obsecro
782 2354 972 2425 itaque
991 2369 1107 2420 vos,
1132 2352 1354 2419 fratres,
1386 2368 1487 2424 per
1506 2351 1951 2409 misericordiam
1980 2354 2101 2421 Dei,
2118 2355 2172 2413 2.
2194 2363 2258 2411 ut
2292 2356 2597 2412 exhibeatis
2618 2374 2854 2430 corpora
2875 2363 3059 2414 vestra
3078 2359 3320 2416 hostiam
3340 2360 3635 2429 viventem,

1712 2478 2307 2537 COMMENTARIUS.

441 2592 527 2652 15.
568 2593 752 2647 Oliva.
774 2589 990 2645 Olivam
1017 2593 1177 2643 vocat
1200 2586 1468 2658 populum
1487 2586 1840 2654 Judmorum;
1869 2587 2405 2659 ra-Adispositione
2434 2588 2670 2656 venisse,
2705 2606 2873 2660 quam
2904 2590 3026 2660 [al.,
3056 2590 3174 2662 qui]
3203 2592 3287 2646 uti
3315 2591 3455 2648 bene
3483 2594 3639 2649 novit

361 2682 566 2748 dicem,
596 2679 797 2748 ﬁdem;
829 2675 1250 2750 pinguedinem,
1276 2674 1423 2729 bona
1452 2691 1643 2746 opera.
2044 2677 2213 2732 etiam
2242 2678 2443 2745 malis;
2483 2694 2596 2732 non
2625 2682 2691 2732 ut
2718 2678 2799 2732 eis
2827 2678 2949 2748 [al.,
2984 2678 3061 2752 ei]
3092 2681 3309 2751 prosint
3345 2698 3477 2737 vasa
3511 2683 3631 2749 irse,

434 2767 518 2827 16.
547 2770 699 2838 Quod
723 2770 775 2822 si
800 2768 1087 2836 gloriaris.
1116 2764 1265 2819 Audi
1284 2763 1416 2835 quid
1438 2763 1539 2818 tibi
1570 2764 1751 2819 dicam
1784 2783 1795 2817 :
1832 2765 1959 2819 Non
2042 2766 2139 2820 sed
2166 2771 2230 2820 ut
2259 2766 2382 2837 ipso
2410 2766 2521 2821 illis
2550 2766 2693 2821 bene
2721 2772 2937 2835 utente,
2970 2769 3190 2840 prosint
3225 2770 3373 2825 vasis
3412 2771 3634 2826 miseri-

355 2860 437 2915 tu‘
464 2858 713 2913 radicem
756 2861 969 2928 portas,
1000 2854 1098 2910 sed
1144 2852 1303 2907 radix
1345 2857 1421 2919 te,
1453 2852 1512 2907 id
1561 2857 1667 2918 est,
1716 2854 1957 2925 populus
2039 2855 2262 2910 cordize.

354 2948 677 3004 Judzeorum
706 2964 743 3000 a
769 2950 826 3000 te
856 2944 1022 2999 ﬁdem
1052 2959 1165 2997 non
1195 2941 1428 3012 accepit,
1459 2941 1558 2996 sed
1584 2946 1648 2997 tu
1675 2941 1745 2995 ab
1776 2959 1863 2997 eo.
2106 2943 2196 2999 25.
2225 2946 2470 2999 Αλωιιοε.
2495 2946 2811 3001 Secundum
2836 2946 3217 3015 Erangelium.
3243 2949 3428 3003 Causa
3454 2949 3632 3005 incre-

426 3037 514 3095 17.
547 3038 792 3092 AMBROS.
826 3036 895 3089 In
920 3035 1119 3088 bonam
1147 3032 1373 3086 olivam.
1406 3030 1622 3086 Olivam
1658 3031 1825 3086 ﬁdem
1854 3047 1955 3103 per
2036 3033 2293 3088 dulitatis
2312 3034 2526 3089 inimici
2547 3040 2681 3089 sunt
2701 3034 3004 3105 Evangelii,
3026 3041 3091 3090 ut
3109 3052 3267 3091 error
3284 3043 3341 3092 et
3362 3038 3629 3093 delictum

351 3142 525 3198 quam
549 3124 834 3180 Abraham
858 3121 1201 3193 justiﬁcatus
1230 3124 1335 3184 est,
1374 3118 1737 3190 accipiamus.
1783 3119 1950 3175 Olea-
2034 3139 2229 3177 eorum
2257 3122 2519 3193 gentibus
2549 3123 2795 3194 aperiret
2815 3124 2964 3178 viam
2994 3125 3242 3180 intrandi
3270 3127 3339 3181 ad
3366 3128 3554 3182 ﬁdem.

349 3221 534 3271 strum
558 3230 713 3283 vero,
734 3212 869 3283 quia
894 3209 1134 3281 agrestis
1153 3214 1257 3277 est,
1281 3212 1338 3262 et
1355 3206 1703 3263 infructuosa
1721 3213 1944 3276 natura,
2101 3209 2192 3268 26.
2231 3212 2364 3267 Sine
2395 3215 2740 3281 paenitentia.
2792 3212 2987 3266 Gratia
3032 3212 3093 3267 in
3135 3212 3474 3285 baptismate
3514 3232 3627 3272 non

348 3302 644 3375 perﬁdiam
671 3299 971 3371 signiﬁcat.
2029 3300 2231 3371 quaerit
2251 3300 2527 3370 gemitum
2556 3304 2656 3355 aut
2684 3300 2990 3372 planctum.

424 3390 510 3448 18.
540 3391 749 3446 LANFR.
781 3389 1111 3455 Mysterium
1140 3386 1253 3452 hoc,
1286 3384 1344 3440 id
1371 3389 1477 3451 est,
1506 3401 1617 3456 quo
1644 3384 1823 3439 Judaei
1850 3401 1949 3439 ex-
2098 3387 2196 3445 27.
2234 3389 2450 3445 LANFR.
2488 3389 2622 3444 Sine
2640 3392 2987 3458 panitentiu.
3020 3389 3186 3445 Ratio
3204 3408 3306 3446 cur
3321 3391 3525 3448 dixerit
3542 3410 3623 3449 se-

348 3479 538 3536 caecati
560 3483 693 3534 sunt
721 3492 788 3532 ex
820 3483 999 3549 parte.
2027 3478 2273 3532 cundum
2301 3477 2652 3535 electionem.
2685 3477 2899 3541 Quibus
2928 3478 3080 3533 enim
3104 3480 3255 3535 Deus
3274 3482 3442 3536 ﬁdem
3463 3500 3623 3538 suam

424 3568 509 3627 19.
546 3570 607 3624 Ut
638 3584 751 3622 non
791 3568 914 3621 sitis
951 3566 1096 3619 vobis
1122 3566 1248 3633 ipsi,
1280 3563 1338 3618 id
1374 3568 1477 3630 est,
1517 3567 1580 3617 ut
1608 3579 1723 3617 non
1749 3563 1939 3618 videa-
2027 3566 2293 3638 inspirat;
2327 3566 2448 3621 sine
2474 3565 2822 3638 praecedente
2850 3567 3183 3638 poenitentia
3220 3586 3415 3625 eorum
3443 3571 3623 3644 inspi-

347 3658 489 3714 mini
516 3654 931 3726 vobismetipsis
962 3653 1264 3725 sapientes.
2022 3660 2144 3723 rat;
2176 3672 2276 3710 seu
2306 3672 2445 3727 quos
2471 3655 2543 3709 ad
2571 3656 2743 3709 vitam
2772 3660 3040 3711 aeternam
3072 3658 3260 3729 elegit,
3279 3659 3403 3714 sine
3430 3668 3622 3717 muta-

414 3746 505 3805 20.
550 3748 725 3801 Veniet
754 3762 819 3799 ea:
841 3744 998 3798 Sion.
1030 3741 1406 3797 Posteriorem
1443 3740 1779 3797 sententiam
1807 3757 1937 3812 pro—
2022 3743 2176 3798 tione
2206 3743 2292 3798 sui
2316 3742 2536 3798 consilii
2560 3742 2747 3813 elegit.

347 3835 445 3891 bat
484 3850 553 3890 ex
588 3834 923 3890 auctoritate
949 3831 1295 3903 prophetica,
1329 3835 1387 3885 et
1433 3830 1513 3884 sic
1555 3829 1738 3884 omnis
1767 3830 1967 3885 Israel.
2093 3829 2183 3887 28.
2204 3829 2358 3885 Sicut
2384 3834 2534 3885 enim
2553 3833 2875 3900 aliquando.
2902 3832 2992 3887 Sic
3020 3834 3226 3889 iterum
3248 3836 3475 3907 exponit
3500 3855 3619 3910 my-

344 3925 531 3980 salvus
559 3925 739 3979 ﬁeret.
1954 3926 2001 3987 B
2022 3918 2256 3974 sterium
2288 3935 2388 3973 cur
2413 3919 2591 3974 Judaei
2619 3936 2685 3973 ex
2713 3924 2875 3991 parte
2904 3922 3095 3977 caecati
3116 3929 3269 3978 sunt.

414 4013 477 4072 21
500 4058 513 4072 .
551 4015 661 4082 Qui
700 4014 924 4082 eripiat.
959 4011 1028 4065 Et
1071 4010 1191 4064 haac
1220 4007 1435 4080 ereptio
1476 4024 1589 4062 non
1628 4008 1937 4062 secundum
2088 4005 2178 4063 29.
2205 4009 2454 4063 Ausaos.
2487 4008 2763 4063 Conclusit
2795 4012 2947 4065 enim
2975 4013 3132 4067 Deus.
3168 4012 3286 4067 Hoc
3314 4020 3401 4069 est
3426 4016 3617 4071 omnia

344 4120 546 4176 corpus
574 4102 717 4170 erit;
752 4100 850 4157 sed
879 4100 985 4155 hoc
1006 4102 1428 4163 testamentum,
1461 4096 1521 4151 id
1549 4101 1653 4163 est,
1687 4096 1835 4167 quod
1859 4101 1940 4152 te-
2020 4097 2357 4151 conclusisse
2386 4097 2445 4150 in
2473 4096 2887 4166 incredulitate,
2922 4104 2987 4153 ut
3014 4104 3150 4155 tunc
3186 4101 3476 4159 decretum
3511 4106 3614 4160 do-

341 4197 463 4249 stor
480 4190 798 4264 eripiendos
821 4190 968 4256 illos,
996 4188 1109 4244 erit
1132 4185 1435 4242 auferendo
1464 4190 1693 4257 peccata
1717 4202 1933 4241 eorum.
2018 4201 2155 4239 num
2176 4202 2211 4239 a
2228 4185 2344 4240 Deo
2372 4185 2617 4253 veniret;
2650 4187 2875 4258 quando
2900 4204 3094 4244 omnes
3122 4189 3438 4247 difﬁdentia
3463 4192 3615 4249 labo-

337 4281 440 4337 Vel
470 4281 604 4354 quia
633 4280 852 4335 dixerat
882 4295 953 4333 ne
990 4277 1118 4349 quis
1144 4280 1370 4348 putaret
1402 4275 1508 4330 hoc
1533 4274 1604 4329 ab
1643 4274 1753 4329 alio
1790 4274 1930 4342 ﬁeri,
2016 4279 2229 4341 rarent,
2265 4285 2327 4329 ut
2351 4274 2538 4345 gratia
2561 4276 2810 4330 muneris
2834 4282 2983 4332 esset
3003 4277 3347 4349 gratissima.

338 4370 475 4426 dicit
503 4386 520 4427 :
559 4369 720 4435 Quod
742 4373 921 4424 testor
944 4384 980 4421 a
1006 4382 1098 4421 me
1127 4365 1339 4420 factum
1368 4365 1496 4422 erit.
2087 4362 2174 4420 30.
2207 4364 2416 4418 LANFR.
2452 4364 2493 4420 0
2538 4367 2799 4420 altitudo.
2837 4366 2922 4420 Ne
2970 4367 3096 4439 quis
3140 4370 3508 4440 profundiora
3548 4372 3611 4428 in

405 4456 497 4515 22.
529 4457 845 4514 Secundum
876 4456 1256 4522 Evangelium.
1283 4453 1520 4524 PrOpter
1546 4451 1927 4523 Evangelium,
2014 4452 2397 4524 superioribus
2443 4459 2795 4525 quereretur,
2829 4457 3089 4525 occurrit,
3122 4457 3312 4514 dicens
3340 4478 3352 4515 :
3392 4461 3433 4519 0
3470 4464 3608 4516 alti-

331 4545 538 4617 inquit,
566 4545 715 4616 quod
737 4542 978 4615 praedico
1006 4546 1235 4613 propter
1261 4557 1357 4595 vos
1384 4541 1699 4607 salvandos,
1716 4540 1929 4596 inimici
2015 4543 2186 4597 tudo!
2221 4548 2323 4597 etc.

329 4636 470 4690 mihi
513 4639 647 4689 sunt
681 4631 879 4688 Judaei.
911 4630 1085 4686 Electi
1130 4635 1322 4684 tamen
1368 4645 1564 4684 eorum
1612 4629 1926 4697 charissimi
1974 4630 1984 4640 '
2081 4629 2168 4687 31.
2192 4632 2438 4690 Amnaos.
2469 4633 2744 4700 Quoniam
2762 4650 2826 4687 ea:
2849 4636 2984 4703 ipso.
3012 4635 3156 4700 Quia
3180 4637 3433 4692 omnium
3453 4655 3609 4693 crea-

328 4724 468 4779 mihi
496 4727 726 4795 propter
752 4726 977 4793 patres;
1017 4719 1075 4773 id
1099 4723 1182 4773 est
1221 4717 1570 4789 patriarchas
1596 4724 1653 4773 et
1679 4719 1923 4790 prophe-
2006 4724 2098 4773 tor
2126 4720 2275 4774 Deus
2304 4726 2408 4775 est.
2450 4721 2531 4775 Ex
2554 4720 2674 4792 ipso
2720 4727 2855 4776 sunt
2894 4723 3087 4777 omnia
3119 4724 3330 4795 (Patre)
3372 4731 3431 4780 et
3470 4727 3608 4798 quia

328 4818 434 4879 tas,
469 4827 707 4885 quorum
736 4810 903 4865 ﬁdem
928 4808 1241 4863 imitantur.
1999 4807 2118 4879 ipse
2141 4814 2408 4880 operatur
2427 4826 2530 4879 per
2555 4809 2782 4876 Filium,
2807 4828 2909 4882 per
2933 4811 3120 4883 ipsum
3139 4819 3274 4868 sunt
3296 4814 3509 4883 omnia;
3544 4822 3607 4871 et

391 4900 484 4961 23.
523 4900 838 4956 Secundum
874 4900 1239 4967 Evangelium
1281 4898 1510 4966 quidam
1539 4898 1784 4964 inimici,
1806 4903 1913 4952 etc.
1998 4897 2263 4967 quoniam
2294 4914 2416 4969 quae
2446 4914 2513 4952 ex
2549 4898 2686 4965 Deo,
2719 4915 2821 4970 per
2856 4899 3039 4955 Deum
3067 4906 3219 4971 sunt,
3246 4908 3374 4973 post
3401 4910 3604 4959 renata

318 4992 404 5047 Ne
421 4990 549 5062 quis
567 4990 778 5045 diceret
799 4988 1020 5044 Iudaeos
1045 4986 1105 5042 in
1131 4986 1299 5041 corde
1326 4985 1454 5040 odio
1476 4984 1757 5053 habuisse,
1778 4985 1914 5041 foris
1996 4985 2055 5040 in
2096 4986 2310 5058 Spiritu
2345 4992 2538 5041 sancto
2578 4993 2731 5055 sunt,
2780 4986 2841 5042 in
2886 4988 3008 5060 ipso
3051 4995 3184 5044 sunt
3220 4990 3430 5059 omnia,
3462 4994 3599 5063 quia

315 5086 507 5137 autem
534 5078 717 5135 verbis
743 5078 824 5133 eis
855 5077 1096 5149 placere,
1128 5082 1187 5131 et
1214 5076 1296 5130 ita
1323 5074 1562 5139 adulari,
1596 5074 1735 5129 dicit
1763 5093 1774 5128 :
1812 5076 1912 5130 Se-
1996 5075 2241 5145 Spiritus
2269 5081 2496 5131 sanctus
2524 5076 2594 5131 de
2614 5076 2729 5131 Deo
2754 5082 2838 5131 est
2865 5077 3053 5133 Patre.

311 5170 559 5227 cundum
588 5167 973 5240 Evangelium,
996 5164 1145 5237 quod
1167 5171 1254 5220 est
1280 5164 1648 5219 contrarium.
2064 5163 2220 5218 CAP.
2252 5164 2375 5219 ΧΙῙ.
2395 5195 2456 5205 -
2480 5163 2529 5220 1.
2556 5165 2807 5221 AMBROS.
2842 5168 3066 5222 Obsecro
3100 5170 3285 5238 itaque
3318 5185 3428 5225 vos.
3455 5170 3594 5226 Post

375 5259 468 5318 24.
485 5261 656 5316 Ansr.
682 5258 777 5327 (De
792 5254 967 5327 prad.
986 5257 1168 5309 sancti
1188 5256 1285 5312 lib.
1308 5268 1349 5320 ι,
1370 5270 1492 5325 cap.
1518 5250 1584 5308 16
1603 5257 1742 5307 tom.
1768 5252 1903 5324 VII).
1924 5243 1969 5304 Ο
1991 5256 2294 5307 tractatum
2325 5251 2465 5324 legis
2486 5259 2543 5308 et
2566 5253 2716 5321 ﬁdei,
2749 5254 3044 5311 Iudaicum
3071 5258 3345 5329 populum
3370 5263 3429 5314 et
3446 5259 3594 5315 Gen-

301 5349 619 5406 Secundum
638 5348 1025 5417 anngetium.
1049 5342 1197 5409 Quid
1220 5347 1307 5398 est
1325 5343 1632 5398 secundum
1656 5342 1905 5413 Evange-
1987 5342 2117 5397 tiles
2142 5342 2213 5397 ad
2238 5341 2446 5397 bonam
2473 5343 2644 5398 vitam
2676 5344 2953 5415 agendam
2980 5345 3264 5403 hortatur.

298 5437 440 5493 lium
460 5436 689 5509 quidem
704 5433 915 5491 inimici
934 5438 1165 5506 propter
1182 5448 1295 5496 vos,
1311 5431 1421 5485 nisi
1440 5431 1589 5503 quod
1604 5430 1903 5485 inimicitia
2058 5430 2111 5484 2.
2154 5433 2217 5487 Ut
2262 5433 2558 5487 eahibcatis
2611 5448 2842 5502 corpora
2895 5438 3097 5492 vestra.
3139 5435 3390 5508 Corpora
3433 5437 3590 5494 enim

294 5542 409 5598 qua
426 5525 752 5581 occiderunt
768 5522 1080 5587 Christum,
1109 5520 1427 5592 Evangelia,
1448 5519 1596 5575 sicut
1618 5519 1894 5587 videmus,
1983 5519 2236 5592 subjecta
2254 5521 2515 5592 peccatis,
2541 5538 2655 5577 non
2675 5520 2798 5576 viva
2819 5520 3121 5592 habentur,
3146 5525 3245 5581 sed
3266 5530 3508 5583 mortua.

287 5615 413 5672 sine
446 5612 798 5671 dubitatione
844 5610 1116 5686 profecit?
1157 5610 1228 5667 Et
1271 5609 1378 5666 hoc
1405 5608 1655 5666 ostendit
1687 5625 1754 5665 ex
1796 5610 1898 5666 Dei
