4008 6186
310 240 437 303 145
1034 244 1217 303 1ND.
1258 244 1477 304 PAULI
1515 247 1738 307 EPIST.
1780 248 1885 305 COl

2000 248 2152 304 ENT.
2194 276 2265 289 —
2302 246 2525 303 EPIST.
2565 246 2663 301 AD
2701 245 2878 302 ROM.
3488 246 3591 309 146

314 375 595 437 sanctam,
617 369 733 424 Deo
760 368 1096 440 placentem,
1118 371 1453 427 rationabile
1474 373 1804 446 obsequium
1822 379 2090 429 vestrum.
2116 373 2186 428 Et
2203 373 2378 428 nolite
2397 371 2753 439 conformari,
2779 371 2989 428 similes
3017 375 3142 443 ﬁeri
3159 376 3500 445 sapientibus
3522 377 3586 429 in

313 462 496 527 rebus,
522 460 653 514 huic
680 458 905 526 smculo,
936 459 1033 514 sed
1060 459 1444 516 reformamini
1472 463 1532 517 in
1561 464 1807 518 novitate
1835 479 2032 518 sensus
2059 461 2248 529 vestri,
2282 466 2346 516 ut
2374 460 2621 533 probetis
2653 459 2704 517 3.
2748 478 2870 533 qua:
2899 461 2973 517 sit
2997 463 3253 519 voluntas
3278 463 3382 520 Dei
3414 462 3584 529 bona,

311 554 369 603 et
398 548 546 603 bene
572 549 802 620 placens
831 552 890 602 et
915 549 1180 620 perfecta.
1209 552 1333 606 Ideo
1360 553 1498 607 dicit
1525 554 1640 620 hoc,
1673 557 1807 623 quia
1836 556 2091 622 superius
2123 553 2344 606 dixerat
2371 551 2642 619 quasdam
2673 552 2992 607 insolubiles
3011 556 3348 621 quastiones.
3371 550 3425 608 4.
3448 551 3586 607 Dico

308 637 488 703 enim,
512 654 617 708 per
630 637 878 708 gratiam
899 654 1021 708 qua:
1045 638 1180 692 data
1206 644 1296 694 est
1322 640 1484 705 mihi,
1508 640 1767 696 omnibus
1787 642 1884 713 qui
1912 646 2045 697 sunt
2066 640 2216 695 inter
2233 657 2330 695 vos
2361 659 2373 693 :
2398 640 2524 696 Non
2543 640 2669 712 plus
2686 657 2888 712 sapere
2913 658 3084 712 quam
3113 645 3338 713 oportet
3362 657 3583 713 sapere,

307 725 364 782 5.
394 726 499 780 sed
529 742 733 797 sapere
762 726 835 780 ad
863 725 1244 793 sobrietatem,
1279 728 1337 786 6.
1372 734 1430 783 et
1460 730 1784 801 unicuique,
1815 731 1963 785 sicut
1990 731 2140 784 Deus
2167 729 2356 783 divisit
2382 745 2706 783 mensuram
2735 729 2885 784 ﬁdei.
2919 730 2973 784 7.
3007 730 3165 785 Sicut
3190 730 3343 784 enim
3373 729 3435 785 in
3469 745 3584 784 uno

302 830 543 885 corpore
574 815 759 869 multa
783 814 1037 869 membra
1067 815 1359 882 habemus,
1392 818 1583 872 omnia
1630 824 1820 873 autem
1865 816 2119 871 membra
2171 835 2284 873 non
2314 818 2573 873 eumdem
2619 822 2806 873 actum
2837 818 3065 885 habent,
3096 818 3177 873 ita
3203 818 3367 873 multi
3406 834 3586 873 unum

304 919 515 974 corpus
542 919 746 958 sumus
784 903 845 958 in
891 904 1132 972 Christo,
1166 906 1375 977 singuli
1411 912 1601 962 autem
1632 908 1777 962 alter
1800 907 2035 961 alterius
2066 906 2338 975 membra.
2372 906 2656 961 Habentes
2692 912 2884 961 autem
2913 907 3244 963 donationes
3272 903 3583 962 secundum

302 991 579 1061 gratiam,
600 1008 727 1062 quae
749 991 883 1046 data
906 997 995 1047 est
1020 992 1200 1061 nobis,
1223 993 1276 1047 8.
1302 994 1624 1049 differentes
1651 997 1955 1049 secundum
1980 997 2254 1050 rationem
2280 998 2427 1063 ﬁdei,
2450 998 2657 1051 scilicet
2683 996 2944 1050 habemus
2963 997 3290 1064 di/Ierentes,
3317 1001 3365 1050 et
3389 1002 3583 1051 caetera

299 1081 487 1134 eodem
533 1083 716 1147 modo,
750 1081 803 1136 9.
848 1080 964 1135 sive
1003 1082 1358 1153 prOphetiam
1393 1086 1700 1138 secundum
1736 1082 1818 1141 lO.
1850 1084 2128 1138 rationem
2171 1086 2322 1148 ﬁdei,
2360 1086 2474 1140 sive
2516 1084 2895 1140 ministerium
2940 1085 3002 1139 in
3043 1084 3435 1150 ministrando,
3465 1085 3581 1139 sive

298 1169 389 1226 11.
404 1169 502 1241 qui
518 1169 690 1225 docet
710 1170 768 1224 in
786 1170 1060 1238 doctrina,
1078 1171 1169 1228 12.
1186 1172 1283 1243 qui
1304 1174 1635 1228 exhortatur
1649 1174 1710 1228 in
1724 1174 2093 1235 exhortando,
2119 1175 2215 1244 qui
2230 1173 2433 1229 tribuit
2445 1175 2503 1228 in
2523 1174 2901 1245 simplicitate,
2916 1174 3011 1245 qui
3028 1179 3229 1245 praeest
3243 1174 3302 1228 in
3313 1174 3585 1228 sollicitu-

300 1260 454 1323 dine,
489 1262 594 1331 qui
623 1261 929 1315 miseretur
958 1262 1015 1316 in
1040 1263 1346 1318 hilaritate.
1376 1264 1611 1318 Dilectio
1642 1265 1764 1317 sine
1795 1263 2177 1317 simulatione.
2224 1263 2492 1318 Odientes
2519 1264 2748 1333 (scilicet
2781 1264 2929 1332 sitis)
2950 1263 3184 1329 malum,
3217 1266 3299 1317 vel
3327 1264 3591 1333 digressio

298 1351 413 1416 fuit
430 1350 499 1403 de
520 1352 623 1403 hoc
640 1353 790 1419 quod
808 1352 967 1415 dicit,
989 1353 1108 1405 dico
1128 1356 1280 1407 enim
1296 1370 1400 1422 per
1418 1356 1687 1421 gratiam,
1711 1353 2063 1407 adhaerentes
2090 1350 2237 1406 bono
2263 1371 2273 1405 :
2299 1353 2573 1407 charitate
2602 1351 2970 1407 fraternitatis
2989 1351 3227 1405 invicem
3249 1351 3583 1422 diligentes;

297 1438 513 1493 honore
570 1438 813 1493 invicem
857 1441 1300 1512 praevenientes;
1356 1441 1440 1498 13.
1479 1441 1856 1497 sollicitudine
1903 1446 2030 1507 35
2069 1440 2182 1494 non
2225 1441 2390 1512 pigri,
2443 1440 2532 1495 14.
2584 1441 2786 1511 spiritu
2823 1440 3121 1499 ferventes.
3169 1439 3408 1494 Domino
3456 1453 3577 1493 ser-

301 1530 540 1595 vientes,
587 1545 693 1600 spe
740 1530 1074 1599 gaudentes,
1124 1531 1183 1585 in
1234 1530 1595 1587 tribulatione
1632 1532 1932 1606 patientes,
1978 1527 2218 1583 orationi
2256 1529 2554 1594 instantes,
2596 1528 3022 1583 necessitatibus
3073 1533 3398 1583 sanctorum
3427 1543 3581 1582 com-

303 1618 691 1685 municantes,
710 1620 773 1672 id
786 1623 859 1672 est
889 1621 1111 1687 aliquid
1134 1623 1449 1689 largientes,
1476 1621 1917 1692 hospitalitatem
1945 1622 2243 1674 sectantes.
2264 1618 2584 1672 Benedicite
2597 1618 3064 1689 persequentibus
3090 1634 3214 1685 vos;
3243 1616 3578 1682 benedicite,

294 1714 350 1760 et
377 1706 563 1760 nolite
592 1705 955 1760 maledicere.
983 1706 1262 1773 Gaudere,
1292 1709 1496 1760 scilicet
1540 1709 1806 1775 idipsum,
1839 1708 1898 1761 id
1942 1711 2017 1760 est
2061 1707 2304 1760 eamdem
2335 1722 2477 1775 rem,
2507 1722 2634 1760 cum
2669 1705 3066 1775 gaudentibus,
3100 1706 3236 1760 ﬂere
3276 1721 3404 1759 cum
3435 1706 3578 1759 flen-

298 1794 472 1861 tibus,
500 1795 757 1867 idipsum
786 1794 1028 1849 invicem
1075 1795 1405 1861 sentientes,
1438 1797 1498 1849 id
1541 1800 1617 1848 est
1650 1796 1908 1861 volentes,
1949 1811 2063 1849 non
2105 1795 2219 1848 alta
2247 1794 2529 1866 sapientes
2563 1797 2949 1865 superbientes,
2983 1794 3081 1849 sed
3109 1792 3415 1848 humilibus
3443 1809 3578 1847 con-

296 1886 629 1939 sentientes.
681 1883 765 1939 15.
799 1884 986 1938 Nolite
1015 1901 1137 1938 esse
1163 1884 1468 1955 prudentes
1499 1884 1647 1955 apud
1678 1883 2067 1955 vosmetipsos,
2105 1881 2187 1938 16.
2222 1883 2360 1937 nulli
2406 1883 2618 1936 malum
2648 1899 2749 1954 pro
2790 1882 2938 1936 malo
2977 1882 3294 1948 reddentes,
3328 1879 3412 1938 17.
3446 1897 3580 1952 pro-

294 1973 553 2027 videntes
581 1971 737 2026 bona
768 1988 881 2027 non
918 1978 1143 2027 tantum
1164 1989 1354 2027 coram
1378 1973 1515 2038 Deo,
1544 1973 1641 2027 sed
1681 1973 1850 2027 etiam
1881 1988 2070 2026 coram
2100 1971 2360 2026 omnibus
2383 1970 2727 2038 hominibus,
2768 1970 2849 2027 18.
2884 1970 2932 2024 si
2960 1970 3083 2024 ﬁeri
3107 1973 3311 2041 potest,
3340 1968 3489 2039 quod
3512 1984 3581 2022 ex

292 2061 448 2115 vobis
476 2067 587 2127 est,
620 2078 753 2116 cum
798 2061 1058 2116 omnibus
1096 2061 1415 2116 hominibus
1442 2079 1637 2134 pacem
1676 2063 1968 2127 habentes,
2002 2077 2115 2116 non
2156 2063 2422 2115 subaudis
2450 2061 2592 2129 sitis,
2632 2061 3002 2131 vosmetipsos
3028 2059 3412 2124 defendentes,
3444 2058 3581 2112 cha-

290 2152 525 2217 rissimi,
559 2152 662 2206 sed
710 2151 801 2208 19.
848 2152 978 2207 date
1023 2152 1208 2207 locum
1246 2153 1377 2220 irae;
1421 2153 1693 2225 scriptum
1737 2158 1823 2207 est
1867 2151 2020 2206 enim
2046 2169 2062 2206 :
2093 2151 2231 2206 Mihi
2261 2151 2524 2218 vindicta,
2570 2152 2833 2204 subaudis
2883 2152 3090 2203 servate
3117 2148 3445 2213 vindictam,
3476 2161 3580 2215 ego

291 2240 634 2301 retribuam.
669 2239 805 2294 dicit
831 2240 1124 2295 Dominus.
1160 2240 1269 2295 Sed
1298 2241 1346 2295 si
1375 2241 1642 2296 esurierit
1667 2241 1930 2296 inimicus
1961 2246 2111 2307 tuus,
2144 2240 2267 2294 ciba
2294 2240 2453 2294 illum
2480 2260 2493 2309 ;
2542 2240 2591 2294 si
2618 2240 2758 2308 sitit,
2790 2244 2987 2311 potum
3016 2238 3090 2292 da
3129 2237 3233 2293 illi.
3279 2237 3398 2291 Hoc
3426 2235 3580 2289 enim

292 2330 510 2383 faciens
546 2326 639 2386 20.
678 2328 951 2383 carbones
989 2329 1139 2399 ignis
1166 2345 1434 2400 congeres
1457 2347 1628 2402 super
1655 2336 1842 2403 caput,
1871 2332 1933 2386 id
1960 2335 2037 2385 est
2069 2333 2308 2383 mentem
2339 2329 2478 2397 ejus.
2511 2327 2637 2383 Noli
2671 2327 2816 2382 vinci
2843 2344 2879 2382 a
2904 2327 3075 2395 malo,
3106 2327 3167 2382 id
3191 2331 3266 2380 est
3294 2326 3450 2391 uitio,
3481 2322 3580 2378 sed

298 2417 456 2472 vince
486 2418 552 2472 in
580 2416 753 2487 bono,
786 2418 849 2471 id
874 2424 949 2471 est
973 2420 1200 2485 virtute,
1234 2418 1468 2476 malum.

1647 2591 2237 2647 COMMENTARIUS.

362 2758 412 2815 3.
450 2761 669 2817 Lmn.
717 2763 843 2830 Quae
876 2765 949 2815 sit
992 2765 1247 2817 voluntas
1277 2764 1375 2816 Dei
1410 2763 1569 2828 bona,
1602 2762 1660 2816 id
1689 2768 1792 2829 est,
1825 2763 1904 2817 fa—
1919 2754 2316 2830 Atradendam
2346 2778 2412 2816 ex
2441 2761 2551 2816 ﬁde
2581 2761 2900 2832 adjuvetur.

289 2849 441 2903 ciens
466 2849 671 2916 bonos,
703 2857 763 2906 et
790 2849 1199 2907 benefacientes
1224 2856 1282 2907 et
1307 2851 1599 2923 perfectos.
2060 2849 2144 2907 12.
2174 2851 2283 2918 Qui
2308 2851 2653 2905 exhortatur.
2700 2849 2975 2905 Similiter
3014 2845 3110 2918 qui
3148 2844 3478 2899 exhortatur
3508 2841 3583 2894 ad

360 2938 414 2990 4.
448 2941 586 2994 Dico
610 2943 782 2996 enim.
825 2940 935 2994 Per
958 2941 1220 3010 gratiam,
1252 2941 1456 3013 inquit,
1491 2958 1603 3013 qua
1629 2958 1719 2996 me
1750 2943 1898 2997 Deus

288 3028 629 3097 Apostolum
668 3033 920 3083 vestrum
972 3029 1122 3095 fecit,
1177 3029 1436 3084 omnibus
1484 3031 1745 3102 praecipio
1785 3048 1897 3088 non

288 3116 417 3185 plus
444 3117 791 3188 investigare
818 3134 991 3189 opera
1014 3118 1116 3173 Dei
1144 3135 1312 3190 quam
1342 3124 1582 3191 oportet.

361 3206 415 3259 5.
446 3206 558 3260 Sed
591 3223 797 3275 sapere.
839 3207 1066 3278 Sapere,
1098 3207 1155 3261 id
1196 3213 1284 3262 est
1311 3208 1646 3279 intelligere,
1679 3207 1896 3265 debetis

288 3294 608 3348 secundum
626 3294 972 3350 differentias
991 3296 1268 3351 donorum
1297 3297 1418 3365 Dei,
1451 3298 1586 3369 quia
1613 3313 1781 3353 omne
1801 3299 1898 3352 do-

289 3399 426 3436 num
448 3383 699 3455 Spiritus
718 3384 898 3439 sancti
919 3384 1181 3439 diﬁerens
1202 3391 1317 3441 est:
1344 3386 1494 3457 quod
1515 3390 1619 3454 est,
1643 3387 1896 3442 habentes

288 3472 636 3539 donationes,
660 3478 791 3541 etc.,
822 3472 989 3527 infra.

355 3561 410 3613 6.
442 3561 515 3615 Et
536 3564 857 3631 unicuique.
884 3562 1035 3617 Ordo
1058 3582 1070 3617 :
1105 3563 1183 3617 sic
1204 3563 1355 3618 Deus
1374 3563 1561 3618 divisit
1591 3564 1894 3637 unicuique

285 3666 620 3705 mensuram
641 3652 920 3706 donorum
947 3668 1207 3720 suorum;
1234 3669 1358 3723 quze
1382 3652 1519 3708 fides
1543 3654 1892 3709 credentium

285 3743 669 3808 promeretur.

355 3825 407 3882 7.
439 3827 606 3882 Sicut
646 3831 819 3886 enim.
851 3829 1092 3900 Exponit
1133 3829 1376 3901 qualiter
1406 3830 1553 3884 dona
1579 3831 1681 3885 Dei
1708 3832 1888 3887 divisa

284 3922 415 3971 sunt
471 3916 754 3983 ﬁdelibus,
800 3917 1059 3972 videlicet
1100 3918 1244 3972 sicut
1288 3918 1508 3973 diversa
1561 3919 1745 3974 officia
1800 3921 1888 3975 di-

284 4006 459 4060 versis
487 4006 659 4060 unius
704 4006 955 4078 corporis
999 4007 1253 4078 partibus
1295 4013 1429 4062 sunt
1466 4007 1783 4076 distributa,
1826 4018 1891 4065 ut

285 4094 578 4149 humilitas
610 4095 669 4149 in
698 4095 961 4150 omnibus
988 4100 1370 4151 conservetur.

351 4183 405 4238 8.
435 4184 779 4250 Diﬁ’erentes.
812 4184 916 4238 Vel
944 4184 1276 4240 donationes
1307 4184 1646 4253 differentes,
1670 4187 1753 4241 vel
1782 4203 1885 4243 nos

283 4271 627 4327 differentes.

349 4359 406 4416 9.
434 4362 685 4416 nanos.
713 4362 846 4416 Sine
871 4362 1237 4431 prophetiam.
1261 4361 1565 4433 Prophetia
1589 4380 1692 4435 pro
1714 4365 1881 4420 modo

282 4449 409 4503 ﬁdei
456 4450 650 4504 datur.
699 4450 959 4505 Minister
1005 4450 1078 4505 ad
1128 4449 1459 4522 obsequium
1512 4452 1881 4509 fraternitatis

278 4539 666 4609 prehendam,
690 4539 753 4593 in
781 4546 1056 4610 quantum
1084 4539 1280 4606 credit,
1306 4542 1584 4596 ﬁrmatur.

344 4625 438 4683 10.
481 4627 693 4683 Larem.
723 4629 1009 4683 Rationem
1038 4630 1185 4696 ﬁdei.
1216 4629 1400 4695 Fides,
1440 4635 1498 4684 et
1524 4631 1879 4702 prophetiam

277 4724 333 4770 et
358 4722 572 4771 caetera
615 4732 740 4787 qua:
786 4722 1101 4788 sequuntur
1138 4715 1270 4772 facit
1314 4718 1523 4774 habere
1560 4720 1873 4778 credentes.

275 4806 397 4859 Nisi
423 4806 583 4859 enim
624 4805 935 4873 crederent,
986 4823 1100 4861 non
1146 4806 1438 4862 haberent.
1474 4809 1544 4862 Et
1570 4809 1629 4863 in
1665 4810 1880 4864 caeteris

273 4894 588 4949 secundum
616 4894 894 4949 rationem
922 4896 1053 4950 ﬁdei
1092 4895 1437 4968 subintelligi
1473 4897 1658 4953 debet.
1691 4899 1761 4953 Et
1790 4906 1879 4954 est

272 5001 473 5039 sensus
496 5003 509 5038 :
539 4984 898 5055 prophetiam
921 4984 1193 5040 habentes
1217 4985 1486 5041 debemus
1518 5003 1639 5042 esse
1668 4988 1874 5058 singuli

271 5073 566 5141 membra;
599 5073 719 5127 sive
740 5072 1015 5129 habentes
1040 5075 1393 5147 mysterium,
1418 5075 1685 5131 debemus
1713 5077 1875 5132 mini-

270 5163 505 5216 strando
546 5178 670 5216 esse
716 5162 862 5217 alter
888 5164 1121 5219 alterius
1156 5164 1428 5233 membra,
1471 5170 1530 5219 et
1554 5170 1759 5221 caetera
1785 5182 1876 5220 eo-

269 5252 397 5306 dem
420 5251 612 5307 modo.

336 5343 402 5396 11
424 5388 438 5399 .
476 5343 730 5396 Asianos.
765 5343 874 5409 Qui
895 5343 1061 5397 docet.
1093 5343 1179 5397 Ad
1208 5343 1560 5414 disciplinam
1589 5344 1872 5400 caelestem

1982 2938 2211 2994 bonum.
2256 2939 2531 2994 Similiter
2567 2938 2664 3010 qui
2712 2936 3043 3009 simpliciter
3075 2933 3338 3004 largitur,
3383 2934 3442 2984 et
3479 2930 3580 3000 qui

1981 3034 2201 3099 praeest,
2229 3029 2392 3099 juxta
2433 3028 2603 3082 fidem
2652 3027 2853 3098 accipit
2890 3022 3262 3096 vigilantiam,
3297 3036 3364 3075 eo
3408 3017 3577 3073 modo

1981 3117 2077 3188 qui
2128 3118 2288 3172 laetus
2344 3116 2784 3171 misericordiam
2836 3114 2989 3178 facit,
3045 3109 3354 3166 secundum
3406 3107 3578 3162 ﬁdem

1976 3205 2294 3261 roboratur.

2048 3294 2139 3352 13.
2177 3294 2568 3351 Sollicitudine
2609 3310 2724 3349 non
2755 3296 2938 3363 pigri.
2986 3292 3105 3346 Hoc
3147 3293 3234 3344 est
3261 3285 3412 3360 quod
3437 3284 3576 3340 dicit

1978 3384 2285 3440 Jeremias:
2315 3386 2638 3440 Maledictus
2666 3385 2765 3452 qui
2789 3384 2926 3451 facit
2949 3396 3113 3450 opera
3140 3379 3370 3435 Domini
3400 3376 3576 3443 negli-

1973 3479 2184 3541 genter.
2213 3473 2345 3529 Ideo
2369 3472 2608 3544 subjecit
2637 3490 2650 3525 :

2043 3561 2134 3619 14.
2165 3562 2386 3632 Spiritu
2442 3565 2729 3631 ferventes.
2783 3561 2901 3615 Hoc
2951 3565 3056 3626 est,
3105 3555 3370 3612 exercitio
3398 3552 3572 3609 divini

1974 3651 2159 3722 operis
2187 3656 2287 3707 aut
2313 3651 2454 3721 legis
2478 3667 2592 3705 non
2620 3650 2735 3705 sint
2770 3648 2965 3721 tepidi.

2045 3740 2138 3798 45,
2176 3741 2382 3795 Laure.
2425 3741 2607 3794 Nolite
2638 3756 2744 3794 esse
2775 3739 3097 3809 prudentes.
3122 3734 3330 3800 Nolite,
3361 3731 3568 3804 inquit,

1970 3828 2329 3899 prudentiam
2344 3832 2588 3881 vestram
2615 3825 2766 3899 apud
2793 3824 3158 3896 vosmetipsos
3175 3827 3401 3877 tantum
3418 3835 3572 3874 exce-

1969 3917 2123 3984 dere,
2154 3917 2254 3971 sed
2276 3917 2459 3986 magis
2486 3916 2632 3987 apud
2658 3916 2962 3987 proximos.

2040 4005 2131 4061 16.
2154 4008 2319 4062 Nulli
2348 4010 2587 4061 malum.
2610 4006 2819 4060 Malum
2841 4004 3059 4070 vitium,
3086 4000 3345 4055 videlicet
3369 4004 3435 4054 ut
3452 3999 3568 4053 vin-

1900 4083 1950 4143 B
1970 4095 2118 4150 dicet
2143 4112 2224 4150 se.

2040 4183 2126 4240 17.
2176 4187 2421 4240 Aunaos.
2470 4183 2818 4239 Providentes
2861 4184 3020 4235 bona.
3068 4177 3368 4233 Providere
3417 4175 3566 4231 bona

1966 4278 2054 4328 est
2081 4274 2272 4329 futura
2299 4278 2431 4327 ante
2469 4272 2659 4327 oculos
2693 4270 2923 4337 habere,
2953 4274 3020 4324 ut
3046 4283 3113 4323 ea
3137 4271 3413 4339 gerantur
3438 4280 3564 4337 quae

1963 4362 2148 4418 laudis
2169 4363 2284 4417 sive
2313 4361 2463 4433 apud
2492 4361 2673 4416 Deum
2700 4359 2832 4425 sint,
2863 4358 2979 4413 sive
3006 4356 3157 4430 apud
3183 4355 3460 4410 homines.

2043 4449 2125 4509 18.
2153 4452 2219 4508 Si
2250 4453 2375 4520 ﬁeri
2397 4455 2585 4520 potest.
2612 4448 2769 4513 Quod
2801 4448 2850 4503 si
2877 4464 2990 4503 non
3015 4446 3188 4502 fuerit
3208 4450 3431 4500 amator
3458 4460 3563 4517 pa-

1963 4541 2062 4609 cis,
2098 4546 2162 4595 tu
2208 4546 2401 4595 tamen
2441 4539 2579 4593 velis
2617 4554 2739 4593 esse
2783 4536 3066 4609 paciﬁcus,
3100 4540 3374 4608 quantum
3405 4533 3476 4589 ad
3503 4539 3562 4589 te

1961 4631 2226 4702 pertinet.
2280 4629 2339 4685 Si
2385 4633 2576 4684 autem
2617 4628 2931 4682 irreverens
2959 4632 3018 4681 et
3042 4626 3405 4698 blasphemus
3432 4624 3560 4695 quis

1963 4720 2056 4786 sit,
2089 4726 2147 4775 et
2174 4735 2370 4792 pacem
2408 4735 2537 4774 cum
2565 4717 2661 4772 illo
2699 4716 2907 4772 habere
2943 4732 3056 4771 non
3084 4715 3285 4788 possis,
3314 4729 3431 4768 non
3453 4712 3562 4768 uti-

1964 4825 2073 4880 que
2090 4809 2195 4864 tibi
2223 4807 2615 4864 ascribendum
2645 4806 2771 4861 erit.

2035 4898 2122 4953 19.
2153 4899 2360 4952 Laure.
2399 4898 2533 4951 Date
2561 4899 2742 4951 locum
2784 4898 2902 4949 ira.
2944 4895 3056 4949 Dat
3081 4893 3265 4949 locum
3310 4892 3429 4962 irae,
3460 4893 3558 4965 qui

1957 4987 2341 5042 adversarium
2369 4985 2650 5058 permittit
2672 4985 2854 5040 facere
2884 4984 3035 5056 quod
3061 4983 3198 5039 vult.

2024 5075 2115 5132 ‘20.
2167 5075 2434 5130 Carbones
2473 5077 2641 5143 ignis,
2672 5074 2732 5127 id
2778 5078 2883 5139 est,
2927 5072 3203 5127 fervorem
3240 5071 3550 5139 charitatis,

1954 5165 2040 5218 vel
2069 5164 2310 5236 Spiritus
2337 5163 2537 5231 sancti,
2570 5168 2637 5218 ut
2670 5167 2769 5218 tuo
2807 5163 3064 5235 exemplo
3096 5151 3464 5234 provocatus,
3494 5164 3553 5213 et

1952 5254 2074 5325 ipse
2100 5253 2311 5309 bonum
2338 5252 2526 5308 faciat.
