4008 6186
385 279 487 336 m
1362 280 1426 335 Β.
1470 279 1888 335 LANFRANCI
1928 270 2284 337 CANTUAR.
2331 264 2668 333 ARCHIEP.
3553 264 3656 331 ut

1810 432 1957 486 CAP
1972 430 2227 486 UTXIH.

458 552 654 619 Omnis
674 555 863 613 anima
876 554 1249 628 potestatibus
1264 548 1683 611 sublimioribus
1698 556 1717 611 l
1735 597 1747 609 .
1762 554 1987 611 subdita
2002 550 2077 610 sit
2093 574 2105 622 ;
2134 556 2407 625 (hocdixit
2432 560 2500 606 ne
2516 552 2785 618 subirent,
2804 552 3175 619 qui!!de
3190 553 3335 619 μηδι
3350 554 3657 610 Dareum

385 642 513 713 esse)
538 661 649 702 non
668 650 756 700 est
776 644 926 699 enim
948 644 1196 715 potestas
1218 644 1327 698 nisi
1343 661 1376 698 a
1390 638 1524 698 Deo.
1546 644 1684 708 Quae
1704 651 1890 700 autem
1916 645 2067 709 sunt,
2087 656 2120 699 a
2140 636 2262 699 Deo
2283 636 2554 696 ordinata
2572 643 2708 695 sunt
2724 638 2780 694 ἓ.
2798 639 2998 711 itaque
3014 638 3114 710 qui
3131 639 3347 696 militat
3365 643 3654 711 poma,

391 732 495 791 Dei
526 728 867 788 ordinationi
896 733 1125 789 resistit.
1150 728 1263 797 Qui
1295 737 1485 787 autem
1514 730 1805 800 resistunt,
1834 733 1945 805 ipsi
1976 728 2081 788 sibi
2110 728 2534 787 damnationem
2558 730 2895 801 acquirunt;
2926 736 3062 783 nam
3086 729 3364 801 principes
3390 737 3507 786 non
3520 737 3661 787 sunt

386 818 578 877 timori
603 818 738 875 boni
759 819 965 892 operis,
997 816 1095 876 sed
1122 821 1277 875 mali.
1302 816 1402 875 Vis
1429 827 1620 877 autem
1648 832 1759 876 non
1787 824 1987 877 timere
2012 816 2391 894 potestatem?
2420 816 2638 875 Bonum
2662 818 2752 873 fac
2772 824 2831 873 et
2852 810 2908 873 8.
2932 817 3167 873 habebis
3186 820 3410 875 tandem
3434 827 3501 875 et
3517 822 3652 876 illa:

385 904 490 966 Dei
518 910 669 964 enim
693 906 952 965 minister
971 916 1059 964 est
1084 906 1187 964 tibi
1218 911 1276 964 in
1310 909 1544 966 bonum.
1560 911 1624 965 Si
1652 916 1843 965 autem
1872 906 2087 965 malum
2115 905 2334 975 feceris,
2352 904 2407 963 ἦ.
2435 909 2603 977 time;
2624 918 2741 963 non
2758 908 2913 963 enim
2930 906 3062 973 ευ
3078 907 3387 963 εἱῆθηεᾱῡεδ
3404 910 3658 980 gladium

385 1003 594 1072 portat.
612 994 667 1067 5,
688 995 743 1053 ὃ.
765 996 866 1054 Dei
896 998 1046 1053 enim
1069 997 1327 1055 minister
1345 1005 1451 1064 est,
1472 996 1507 1054 ’7
1546 1000 1749 1053 vindex
1772 1000 1829 1053 in
1850 1000 1992 1054 iram
2018 1000 2070 1054 ei
2094 998 2189 1070 qui
2211 1000 2421 1053 malum
2440 997 2579 1067 agit.
2605 996 2849 1067 Ideoque
2870 997 3207 1051 necessitate
3224 997 3437 1052 subdiu
3452 1004 3655 1065 eum,

385 1084 440 1142 8.
461 1106 578 1144 non
594 1084 775 1144 solum
795 1090 1027 1162 propter
1045 1089 1210 1153 iram,
1236 1092 1441 1144 scilicet
1472 1090 1785 1157 vitandam,
1814 1089 1911 1144 sed
1942 1090 2110 1144 etiam
2130 1094 2361 1161 propter
2380 1086 2798 1153 conscientiam,
2819 1088 3025 1141 scilicet
3052 1093 3291 1142 uestram
3313 1091 3376 1142 in
3394 1090 3532 1143 bono
3545 1104 3661 1143 srr-

387 1176 652 1254 vandam,
674 1178 759 1232 vel
785 1163 820 1232 ἁ
847 1180 995 1232 malo
1026 1179 1398 1233 liberandam.
1429 1179 1561 1232 Ideo
1584 1179 1735 1233 enim
1765 1184 1822 1233 et
1848 1178 2063 1233 tributa
2082 1172 2362 1251 praestatis
2385 1196 2398 1231 :
2426 1174 2674 1231 ministri
2700 1177 2854 1231 enim
2877 1175 2977 1231 Dei
3006 1180 3156 1243 sunt,
3177 1174 3234 1232 9.
3261 1168 3322 1230 in
3338 1176 3445 1231 hoc
3470 1177 3656 1248 ipsum

389 1266 713 1322 servientes.
734 1264 971 1321 Reddite
1004 1283 1136 1337 ergo
1170 1265 1430 1321 omnibus
1461 1267 1677 1335 debita;
1703 1268 1791 1323 cui
1821 1264 2118 1333 tributum,
2151 1268 2452 1338 (tributum
2486 1262 2769 1330 vocabant,
2802 1269 2939 1335 quia
2963 1266 3654 1335 subditidomisoirebant,

389 1372 507 1424 qua:
534 1358 645 1424 ipsi
679 1352 890 1410 subditi
929 1356 1001 1409 ad
1028 1354 1213 1410 domos
1242 1360 1528 1411 seniorum
1558 1358 1835 1421 vehebant;
1871 1354 2181 1425 tributum;
2213 1357 2304 1411 cui
2334 1351 2587 1427 vectigal,
2625 1355 2894 1426 vectigal;
2924 1350 3016 1410 cui
3045 1356 3330 1423 timorem,
3359 1359 3657 1426 timorem;

388 1442 479 1500 cui
508 1444 798 1512 honorem,
824 1444 1121 1500 honorem.
1162 1441 1249 1501 10.
1287 1440 1511 1499 Nemini
1541 1445 1848 1518 quidquam
1874 1443 2143 1511 debeatis,
2167 1446 2279 1500 nisi
2314 1454 2380 1501 ut
2402 1444 2642 1500 invicem
2675 1440 2961 1517 diligatis;
2990 1456 3371 1516 qiwmcunque
3399 1449 3659 1515 dumis,

388 1533 685 1603 intelligite
706 1551 794 1587 vos
804 1534 934 1604 plus
954 1532 1141 1588 debere
1162 1534 1414 1605 diligere.
1438 1531 1545 1599 Qui
1566 1535 1714 1589 enim
1738 1535 1922 1605 diligit
1939 1535 2280 1609 proximum,
2295 1530 2478 1605 legem
2502 1534 2773 1606 implevit.
2792 1535 2934 1589 Nam
2957 1548 2969 1587 τ
2996 1533 3122 1589 Non
3140 1535 3487 1591 adulterabis
3504 1548 3517 1590 ξ
3536 1538 3660 1590 Non

386 1620 635 1681 occides:
659 1620 783 1676 Non
806 1619 1086 1677 furaberis
1114 1642 1124 1675 :
1147 1620 1275 1677 Non
1300 1620 1499 1677 falsum
1527 1624 1912 1678 testimonium
1935 1620 2084 1678 dices
2105 1643 2116 1678 :
2138 1618 2266 1678 Non
2284 1623 2645 1695 concupisces
2668 1642 2683 1679 :
2705 1628 2766 1677 et
2787 1624 2833 1677 si
2853 1623 3006 1694 quod
3025 1628 3116 1678 est
3133 1618 3288 1679 aliud
3306 1626 3660 1689 mandatum,

386 1710 446 1765 in
463 1706 571 1765 hoc
595 1709 763 1765 verbo
782 1708 1136 1767 instauratur
1160 1731 1171 1765 :
1201 1710 1413 1785 Diliges
1442 1711 1755 1784 proximum
1777 1718 1937 1767 tuum
1961 1714 2106 1768 sicut
2126 1713 2390 1784 teipsum.
2415 1710 2650 1768 Dilectio
2674 1712 2931 1784 proximi,
2956 1715 3015 1766 id
3029 1716 3122 1778 est,
3140 1708 3245 1782 qui
3260 1715 3455 1782 dirigit
3476 1719 3666 1783 prosi-

386 1816 563 1864 mum.
595 1796 811 1857 malum
844 1818 957 1856 non
987 1806 1274 1873 operatur.
1308 1794 1615 1856 Plenitudo
1664 1814 1796 1870 ergo
1839 1801 1978 1871 legis
2020 1808 2106 1856 est
2147 1802 2390 1856 dilectio.
2427 1801 2497 1855 Et
2531 1802 2635 1855 hoc
2662 1801 2904 1855 scientes
2933 1804 3160 1871 tempus
3190 1820 3202 1854 :
3237 1802 3380 1865 Quin
3409 1802 3550 1856 hom
3575 1810 3669 1857 est

374 1891 500 1960 jam
523 1905 626 1945 nos
644 1886 714 1945 de
741 1906 961 1944 sommo
992 1907 1241 1963 surgere.
1263 1889 1427 1945 Nunc
1446 1890 1595 1945 enim
1620 1888 1848 1963 propior
1867 1895 1953 1943 est
1978 1892 2176 1943 nostra
2198 1892 2368 1955 salus,
2388 1892 2461 1956 (et
2484 1896 2691 1959 quanto
2714 1890 2942 1958 quisque
2959 1890 3188 1959 mitur
3200 1896 3275 1943 est
3294 1894 3483 1957 merit,
3506 1892 3666 1947 tanta

379 1981 612 2049 pmpior
636 1979 825 2048 saluti)
857 1995 1026 2050 quam
1056 1996 1182 2033 cum
1208 1974 1571 2033 credidimus.
1592 1978 1679 2034 ii.
1705 1976 1825 2034 Nox
1852 1980 2153 2050 praecessit,
2182 1977 2303 2032 dies
2331 1988 2518 2033 autem
2539 1978 3029 2050 appropinquavit.
3052 1976 3143 2032 12.
3165 1976 3511 2049 Abjieiamus
3531 1988 3667 2051 ergo

386 2082 559 2137 opera
573 2060 955 2135 tenebrarum,
986 2064 1069 2124 13.
1093 2075 1149 2122 et
1168 2064 1473 2123 induamur
1494 2086 1652 2124 arma
1679 2066 1839 2123 lucis.
1864 2068 2024 2123 Sicut
2053 2064 2113 2121 in
2134 2062 2245 2134 die,
2268 2069 2501 2122 honeste
2534 2063 2913 2131 ambulemus,
2935 2076 3048 2120 non
3078 2066 3136 2120 in
3167 2067 3669 2123 comessationib‘us

386 2162 445 2210 et
473 2154 857 2224 ebrietatibus,
882 2173 997 2211 non
1028 2154 1085 2213 in
1111 2152 1387 2213 cubilibus
1426 2160 1482 2213 et
1506 2152 1893 2231 impudicitiis,
1916 2168 2028 2211 non
2056 2154 2117 2211 in
2146 2157 2503 2211 contentione
2527 2158 2584 2211 et
2605 2153 2994 2223 aemulatione;
3018 2156 3119 2211 sed
3141 2148 3441 2210 induimini
3472 2157 3670 2212 Domi-

386 2261 522 2300 num
542 2244 737 2301 Iesum
757 2242 1064 2314 Christum,
1089 2246 1147 2302 et
1170 2248 1356 2303 carnis
1377 2265 1570 2303 curam
1593 2265 1663 2303 ne
1682 2247 1926 2303 feceritis
1947 2248 2007 2302 in
2026 2240 2339 2302 desideriis.

1821 2375 2057 2431 CAPUT
2093 2372 2238 2429 XIV.

462 2496 507 2563 ι,
537 2495 591 2551 2.
624 2497 919 2552 Infirmum
949 2498 1103 2567 (quia
1132 2504 1297 2553 erant
1323 2501 1556 2567 quidam
1593 2502 1765 2554 suilla
1796 2515 1964 2554 carne
1989 2504 2245 2564 viventes,
2278 2500 2509 2567 quidam
2546 2513 2677 2563 non,
2720 2496 3000 2563 modi/teat
3042 2510 3125 2549 eos
3152 2496 3461 2563 Apostolus,
3503 2496 3668 2560 inﬁr-

385 2602 543 2640 mum
588 2592 758 2652 vocat,
812 2590 911 2655 qui
947 2588 1135 2644 debere
1181 2603 1320 2641 cura
1366 2586 1457 2660 [f.,
1508 2587 1757 2658 carnem]
1796 2586 1949 2641 cdere
1993 2601 2103 2641 non
2150 2585 2413 2653 credebat)
2457 2589 2577 2651 ξιτ
2624 2588 2814 2637 autem
2860 2583 2919 2636 in
2960 2582 3071 2636 ﬁde
3116 2582 3406 2648 assumite,
3454 2598 3566 2637 non
3602 2583 3667 2636 in

384 2674 882 2747 disceptationibus
922 2675 1353 2745 cogitationum.
1392 2677 1552 2732 Alius
1596 2677 1768 2742 enim,
1801 2678 1860 2730 id
1888 2682 1962 2728 est
1999 2679 2098 2730 iste
2140 2677 2441 2744 perfectam
2471 2677 2631 2742 ﬁdem
2662 2675 2842 2741 habet,
2875 2672 3053 2727 credit
3080 2688 3141 2727 se
3170 2672 3511 2726 manducare
3539 2687 3665 2725 om-

383 2764 513 2831 nia;
564 2763 664 2838 qui
691 2769 883 2821 autem
922 2763 1201 2831 inﬁrmus,
1248 2764 1452 2817 scilicet
1482 2766 1544 2817 in
1575 2764 1677 2817 hac
1704 2758 1825 2831 ﬁde,
1862 2764 1964 2827 est,
1990 2765 2115 2818 olus
2151 2760 2472 2829 manducet,
2515 2761 2575 2817 id
2614 2765 2689 2816 est
2733 2764 3098 2830 permittatur
3124 2754 3426 2815 abstinere.
3475 2760 3528 2814 Is
3565 2761 3665 2830 qui

382 2851 706 2920 manducat.
757 2850 960 2908 scilicet
1017 2867 1203 2906 omnes
1261 2852 1426 2924 cibos,
1484 2862 1597 2907 non
1653 2845 2090 2908 manducantem
2142 2869 2255 2908 non
2306 2851 2537 2924 spernat
2590 2849 2645 2907 3.
2684 2855 2745 2903 et
2802 2847 2899 2919 qui
2956 2856 3073 2902 non
3110 2847 3436 2914 manducet,
3478 2850 3537 2901 id
3584 2854 3665 2901 est

1724 2978 2321 3036 COMMENTARIUS.

454 3096 612 3158 CAP.
635 3096 795 3161 XIlI.
832 3135 870 3146 υ
903 3104 955 3161 1.
975 3096 1193 3160 Lmen.
1216 3102 1450 3160 Subduc
1470 3104 1561 3158 sit.
1588 3103 1761 3158 Subdl
1782 3102 1970 3172 debet,
1993 3112 2046 3169 Α
2132 3104 2221 3160 10.
2241 3106 2497 3159 Auamr.
2516 3105 2691 3172 (epist.
2711 3100 2903 3159 ιϐὅσα
2919 3100 3380 3157 Smrumabbat.
3399 3105 3536 3154 tom.
3562 3099 3667 3170 II),

385 3191 520 3269 quia
545 3206 660 3245 non
688 3190 850 3245 debet
876 3190 1154 3245 resistere.
1181 3192 1326 3245 Nam
1354 3190 1403 3245 si
1431 3190 1675 3255 resistat,
1701 3188 1801 3244 Dei
1827 3191 1983 3245 ordi-
2063 3190 2292 3249 Nemini
2301 3189 2995 3263 quidquamﬂharitatom
3007 3195 3165 3245 tanto
3179 3187 3662 3260 magisdobemus,

383 3276 601 3337 nationi
640 3274 882 3343 resistit;
931 3278 1179 3350 potestas
1220 3277 1373 3333 enim
1416 3279 1517 3333 Dei
1560 3274 1843 3333 ordinatio
1873 3286 1978 3346 est,
2062 3287 2275 3353 quanto
2316 3281 2855 3353 apprehenderimu
2887 3280 3017 3353 [at.,
3041 3283 3252 3350 quanto
3276 3277 3522 3348 amplius
3551 3277 3666 3332 im-

386 3364 521 3439 quia
564 3377 728 3421 omne
778 3366 927 3437 quod
979 3380 1014 3421 a
1063 3362 1179 3422 Deo
1235 3372 1342 3435 est,
1382 3367 1483 3422 Del
1536 3368 1817 3422 ordinatio
1872 3375 1977 3436 est,
2063 3367 2644 3443 ponderimusl,cujus
2663 3386 2765 3425 nos
2784 3374 3086 3442 perpetuos
3111 3367 3397 3422 debitores
3417 3366 3667 3422 ostendit

382 3462 632 3529 potestas
660 3462 851 3510 autem
896 3473 932 3509 a
969 3456 1086 3511 Deo
1127 3462 1243 3523 est;
1288 3468 1401 3511 non
1438 3458 1527 3511 est
1554 3456 1702 3510 enim
1734 3460 1983 3528 potestas
2062 3462 2365 3532 Apostolus
2402 3461 2593 3515 dicens
2625 3479 2636 3514 :
2672 3460 2896 3515 Nemini
2928 3458 3234 3530 quidquam
3274 3456 3524 3511 debeatis
3554 3456 3668 3510 nisi

384 3545 491 3600 nisi
521 3562 556 3600 a
584 3541 720 3600 Deo.
2062 3548 2382 3605 mimicam
2400 3546 2666 3619 diligam.
3218 3582 3223 3591 ε

457 3633 509 3688 ‘2.
570 3636 760 3705 Itaque
797 3638 896 3704 qui
950 3634 1156 3688 resistit
1199 3636 1477 3704 potestati.
1529 3635 1595 3689 In
1646 3634 1736 3689 his
1772 3635 1983 3690 scilicet
2142 3636 2225 3695 ll.
2256 3641 2510 3696 Alanos.
2547 3640 2666 3693 Νοε
2687 3641 2979 3708 praeusta.
3007 3638 3242 3692 Noctem
3278 3641 3521 3690 veterem
3560 3634 3668 3689 ho-

386 3732 509 3795 quae
537 3720 609 3777 ad
633 3728 971 3797 potestatem
1000 3723 1299 3794 pertinent.
1333 3718 1390 3777 id
1421 3729 1527 3789 est,
1553 3722 1800 3790 tributis,
1825 3725 1989 3779 vecti-
2066 3730 2279 3783 minem
2304 3772 2309 3775 .
2334 3728 2650 3799 signiﬁcat;
2702 3728 2852 3782 hunc
2906 3726 3242 3798 praeteriisse
3279 3724 3418 3779 dicit
3448 3742 3460 3777 :
3512 3722 3668 3777 diem

385 3808 627 3881 salibus.
659 3815 716 3866 et
743 3808 930 3868 οωὶθτὶ
960 3808 1305 3883 huiusmodi.
2066 3824 2257 3872 autem
2287 3818 2786 3889 apprOpinquauc,
2827 3815 2886 3869 id
2926 3820 3014 3869 est
3051 3814 3359 3880 Christum,
3389 3814 3546 3882 cuius
3582 3812 3668 3865 lu-

459 3898 513 3958 3.
543 3902 772 3956 Habebis
821 3904 1061 3956 Iaudem.
1110 3896 1258 3955 Laus
1299 3898 1539 3955 habetur
1578 3914 1644 3955 ex
1682 3902 1979 3973 potestate,
2068 3908 2220 3961 mine
2254 3908 2458 3961 veritas
2485 3902 2646 3960 nobis
2676 3905 2961 3977 apparuit.

389 3985 792 4061 qualiscunque
839 3985 932 4045 sit.
977 3984 1094 4045 Aut
1135 3988 1284 4045 enim
1327 3990 1474 4044 bona
1521 3997 1623 4058 est,
1673 3996 1733 4045 et
1777 3991 1989 4046 bonum
2137 3995 2227 4052 12.
2279 3997 2619 4064 Abjiciamu:
2664 4008 2811 4063 ergo.
2863 3994 2926 4049 Id
2983 3999 3071 4048 est
3114 3992 3255 4047 vitia
3295 3990 3499 4057 carnis.
3540 4006 3669 4060 quso

387 4079 609 4148 laudat;
639 4086 739 4134 aut
764 4080 932 4144 mala,
961 4084 1019 4134 et
1048 4079 1255 4134 bonum
1277 4080 1662 4151 persequitur;
1698 4085 1755 4134 et
1782 4082 1862 4134 sic
1889 4092 1991 4151 per
2069 4084 2285 4138 occulta
2313 4091 2464 4148 sunt,
2499 4089 2555 4137 et
2572 4084 2743 4154 digna
2764 4089 2898 4138 sunt
2927 4081 3191 4138 tenebris.

388 4164 717 4243 patientiam
745 4160 915 4224 illata
937 4164 1334 4235 tribulationis,
1354 4182 1547 4223 servus
1571 4169 1670 4223 Del
1698 4164 1980 4224 laudatur.
2143 4171 2227 4229 13.
2264 4175 2600 4229 (viduantur.
2635 4173 2775 4227 Boni
2802 4178 2981 4239 uetus,
3011 4182 3172 4226 arma
3206 4170 3345 4226 lucis
3372 4174 3524 4235 sunt,
3556 4168 3669 4222 im-

456 4258 512 4312 4.
545 4256 693 4313 Time
707 4274 725 4326 ;
752 4270 888 4312 nam
915 4270 1026 4313 non
1055 4261 1174 4313 sine
1211 4270 1377 4312 causa
1405 4258 1658 4327 gladium
1689 4258 1892 4329 portat.
1918 4260 1987 4313 Et
2067 4268 2382 4334 pugnantes
2409 4279 2581 4333 opera
2607 4261 2988 4317 tenebrarum.

387 4348 491 4401 hoc
518 4344 737 4421 probat,
782 4347 914 4419 quia
954 4358 1082 4403 cum
1113 4358 1281 4402 causa
1314 4362 1327 4402 :
1369 4353 1424 4401 et
1470 4348 1575 4402 hoc
1615 4347 1833 4419 probat,
1883 4347 1985 4402 Dei
2138 4353 2295 4407 OAP.
2325 4346 2480 4406 XIV.
2527 4374 2589 4391 -
2634 4352 2688 4406 1.
2719 4353 2968 4406 Λιωκοι.
3003 4353 3305 4419 Ιηβννηιιγη
3333 4353 3538 4404 autent.
3586 4347 3672 4402 Ex

387 4436 538 4491 enim
566 4434 824 4491 minister
850 4438 951 4492 est.
2003 4442 2050 4501 B
2067 4434 2273 4497 Μάριε
2304 4446 2466 4496 erant
2496 4441 2593 4512 qui
2618 4441 2901 4496 Romanos
2925 4441 2996 4494 ad
3022 4439 3193 4494 ﬁdem
3223 4444 3669 4508 assumpseruut.

460 4523 512 4580 5.
541 4520 642 4580 Det
663 4525 832 4582 enim.
870 4526 1050 4580 Causa
1076 4540 1177 4580 cur
1203 4523 1393 4580 timeri
1421 4531 1697 4597 Oporteat.
2072 4533 2173 4586 His
2194 4532 2487 4586 videbatur
2500 4542 2726 4585 carnem
2744 4530 3087 4602 prohibitam
3110 4529 3277 4584 edere
3299 4538 3411 4582 nun
3431 4526 3669 4596 debere;

454 4604 511 4668 θ.
543 4610 642 4668 Dei
661 4614 811 4668 enim
831 4612 1091 4668 minister
1128 4610 1251 4668 Alia
1271 4626 1442 4669 causa
1460 4628 1562 4669 cur
1577 4616 1671 4686 qui
1691 4616 1983 4685 resistunt,
2070 4634 2209 4692 quos
2254 4622 2379 4675 ideo
2418 4620 2674 4674 inﬁrmo:
2717 4631 2897 4673 vocat.
2928 4619 3067 4673 Aliis
3107 4623 3305 4672 contra
3329 4615 3625 4670 videbatur
3657 4636 3672 4679 ;

386 4696 809 4757 damnationem
836 4698 943 4757 sibi
972 4702 1291 4774 acquirunt.
2069 4724 2210 4781 quos
2236 4710 2326 4764 hic
2344 4709 2697 4781 disputantes
2716 4709 3022 4780 apostolus,
3044 4706 3354 4761 concordiae
3369 4705 3678 4760 consulens

462 4793 515 4847 7.
556 4793 756 4846 Vindex
784 4795 849 4847 in
896 4795 1066 4851 iram.
1108 4786 1387 4847 subaudis
1419 4808 1432 4848 :
1472 4790 1531 4848 in
1561 4807 1689 4849 eum
1717 4795 1813 4867 qui
1841 4797 1988 4851 male
2070 4803 2310 4856 revocat.

387 4880 521 4950 agit.
534 4876 667 4935 Ideo
687 4876 839 4935 enim
859 4891 893 4935 a
910 4877 1027 4936 Deo
1052 4878 1295 4936 ordinati
1315 4882 1465 4949 sunt,
1491 4882 1575 4937 vel
1596 4890 1825 4956 propter
1842 4878 1987 4940 iram
2140 4884 2194 4944 2.
2228 4889 2440 4942 LAMPR.
2471 4882 2770 4955 Inﬁrmum
2797 4892 3010 4940 autem.
3037 4884 3303 4939 Perfecta:
3336 4882 3468 4938 ﬁdei
3503 4881 3676 4937 Chri-

386 4975 445 5023 et
468 4967 887 5025 conscientiam.

2087 4978 2382 5031 Itiunorum
2410 4983 2512 5041 est,
2555 4974 2773 5030 nullum
2817 4974 3004 5030 cibum
3050 4973 3406 5029 immundum
3445 4977 3670 5043 putare,

459 5056 513 5113 8.
545 5056 800 5116 Annuus.
832 5054 956 5114 Non
986 5061 1164 5113 solum
1189 5063 1416 5129 propter
1440 5062 1609 5115 iram.
1636 5061 1699 5116 Id
1728 5060 1833 5128 est,
1866 5080 1991 5134 pro-
2070 5066 2204 5136 quia
2232 5067 2423 5120 omnia
2452 5065 2665 5120 munda
2696 5065 2940 5119 mundis.
2977 5063 3221 5128 Quidum
3251 5065 3446 5117 tamen
3477 5061 3535 5115 in
3563 5060 3675 5115 huc

385 5154 514 5219 pter
532 5153 869 5220 praesentem
886 5140 1179 5214 ultionem,
1204 5145 1301 5203 sed
1324 5152 1554 5221 propter
1569 5149 1824 5207 futurum
1839 5152 1990 5223 judi-
2069 5155 2179 5208 nde
2207 5155 2440 5219 lnﬂrml,
2470 5166 2505 5208 ει
2533 5154 2865 5226 quibusdem
2896 5151 3034 5208 cibis
3060 5151 3365 5208 censebant
3386 5149 3676 5205 abstinen-

388 5238 558 5305 cium,
582 5236 698 5303 ubi,
727 5242 1026 5292 accusante
1054 5238 1413 5301 conscientia,
1445 5240 1769 5310 punientur.
2069 5244 2224 5299 dum.
2253 5243 2583 5315 Cujusmodi
2611 5244 2899 5298 hominem
2938 5242 3188 5314 praecipit
3223 5240 3524 5312 Apostolus
3553 5248 3672 5293 non

456 5326 514 5383 ιδ.
544 5327 761 5382 LANFR.
795 5329 864 5382 In
891 5328 987 5381 hoc
1008 5329 1207 5395 ipsum.
1241 5328 1315 5381 Ut
1347 5327 1475 5381 boni
1503 5329 1821 5396 laudentur,
1855 5332 1988 5385 mali
2069 5333 2467 5403 spernendum,
2493 5333 2593 5387 sed
2614 5340 2739 5387 cum
2762 5332 3035 5387 oharltato
3062 5329 3468 5386 assumendum
3492 5329 3573 5384 ita
3604 5336 3674 5383 ut

390 5414 718 5484 puniantur.
740 5415 934 5470 Potest
962 5420 1019 5469 et
1045 5431 1145 5485 per
1172 5422 1435 5486 parentes
1467 5416 1702 5488 intelligi
1733 5422 1988 5473 ministri
2068 5436 2171 5474 nec
2198 5420 2256 5473 in
2285 5420 2719 5491 cogitationibus
2742 5419 3093 5489 judicaretur
3118 5434 3268 5471 reus.

390 5505 653 5557 enimDei
670 5509 823 5571 sunt,
844 5510 911 5558 ut
924 5504 999 5559 sit
1025 5504 1371 5558 continuatio
1393 5521 1590 5559 sensus
1606 5512 1900 5575 praestatis,
1924 5511 1985 5562 in
2139 5508 2196 5566 3.
2234 5511 2481 5563 Aunusr.
2527 5511 2617 5575 (De
2654 5511 2835 5576 Agone
2872 5508 3207 5572 Christiano,
3240 5523 3287 5561 c.
3319 5504 3409 5572 27,
3451 5511 3493 5559 t.
3536 5505 3665 5574 III).

387 5591 484 5644 hoc
509 5594 693 5660 ipsum
720 5596 1027 5659 sentientes,
1059 5592 1270 5647 scilicet
1294 5592 1409 5647 Deo
1435 5593 1736 5666 placentes.
2065 5599 2172 5664 Qui
2210 5613 2321 5650 non
2360 5598 2682 5653 manducat.
2722 5595 2939 5651 Dicitur
2969 5595 3246 5666 judicium
3285 5610 3387 5667 pro
3426 5593 3667 5648 damna-
