4008 6186
337 187 437 247 151
1319 192 1383 247 B.
1423 192 1837 251 LANFRANCI
1878 195 2238 252 CANTUAR.
2278 198 2617 255 ARCHIEP.
3508 186 3602 259 IS?

344 311 629 367 ﬁrmatur.
659 309 745 366 Tu
772 310 940 365 ﬁdem
966 310 1181 366 habes?
1209 316 1414 369 scilicet
1459 319 1715 370 omnibus
1743 320 1954 380 utendi,
1986 336 2160 393 penes
2187 323 2550 393 temetipsum
2581 322 2727 377 habe
2758 339 2945 377 coram
2982 324 3114 378 Deo.
3146 322 3236 380 21.
3270 324 3476 379 Beatus
3499 322 3594 380 22.

349 399 444 470 qui
475 416 588 455 non
601 400 818 470 judicat
844 401 1227 472 semetipsum,
1258 405 1318 457 id
1349 410 1443 471 est,
1475 407 1804 476 culpabilem
1849 409 1989 474 facit
2012 408 2068 462 in
2100 425 2166 464 eo
2188 411 2339 481 quod
2377 410 2597 482 probat.
2630 411 2719 466 23.
2755 413 2863 477 Qui
2891 416 3083 467 autem
3112 412 3399 480 discernit,
3430 411 3520 469 24.
3552 414 3600 468 si

344 489 783 557 manducaverit,
812 489 1113 547 damnatus
1142 496 1246 560 est,
1280 492 1412 567 quia
1428 509 1542 548 non
1571 510 1641 549 ex
1670 495 1797 550 ﬁde.
1827 494 1918 551 25,
1958 512 2124 551 omne
2155 504 2365 566 autem,
2406 499 2556 570 quod
2575 516 2689 555 non
2709 505 2796 555 est
2829 516 2897 555 ex
2916 501 3045 568 ﬁde,
3070 499 3361 573 peccatum
3387 505 3491 556 est.

1707 624 1836 686 39
1863 621 2096 679 CAPUT
2123 623 2242 678 XV.

419 739 700 796 Debemus
720 745 930 809 autem,
952 760 1067 798 non
1081 744 1804 810 ﬁrmiores,imhecillitates
1823 746 2177 802 inﬁrmorum
2196 748 2477 804 sustinere
2490 753 2547 804 et
2560 767 2673 804 non
2686 749 2847 806 nobis
2857 749 3099 822 placere.
3123 750 3173 807 1.
3204 751 3604 824 Unusquisque

346 836 596 885 vestrum
611 831 867 901 proximo
889 848 991 886 suo
1009 834 1230 904 placeat
1252 834 1312 888 in
1329 834 1560 901 bonum,
1584 837 1657 891 ad
1683 835 2127 891 aediﬁcationem.
2143 836 2362 891 Etenim
2375 838 2630 893 Christus
2650 855 2765 894 non
2783 838 2890 893 sibi
2902 839 3132 910 placuit,
3157 840 3274 907 sed,
3301 841 3447 895 sicut
3463 841 3602 894 scri-

343 925 506 990 ptum
519 924 605 975 est
626 921 1001 992 :Improperia
1022 922 1529 994 improperantium
1552 925 1656 979 tibi
1676 925 1999 979 ceciderunt
2017 942 2186 997 super
2201 943 2313 981 me.
2334 928 2389 982 2.
2414 927 2773 999 Quaecunque
2803 929 2956 983 enim
2985 929 3197 1000 scripta
3223 934 3374 997 sunt,
3401 930 3476 984 ad
3502 946 3603 983 no-

344 1013 525 1062 stram
553 1008 866 1064 doctrinam
896 1010 1106 1080 scripta
1133 1016 1286 1074 sunt,
1317 1017 1382 1065 ut
1411 1028 1510 1082 per
1537 1013 1871 1082 patientiam
1899 1018 1957 1068 et
1982 1015 2424 1070 consolationem
2449 1018 2884 1089 Scripturarum,
2910 1034 3068 1089 spem
3084 1018 3414 1073 habeamus.
3450 1018 3600 1073 Deus

344 1102 537 1152 autem
550 1097 836 1168 patientiae
852 1099 1104 1154 etsolatii
1120 1100 1216 1153 det
1234 1099 1387 1153 vobis
1404 1101 1643 1171 idipsum
1657 1118 1854 1173 sapere
1883 1103 1941 1156 in
1964 1103 2321 1165 alterutrum,
2346 1105 2651 1159 secundum
2674 1106 2863 1160 Jesum
2882 1105 3190 1166 Christum.
3216 1111 3281 1161 ut
3301 1106 3601 1161 unanimes

342 1202 461 1241 uno
490 1203 588 1241 ore
607 1187 988 1242 honoriﬁcetis
1000 1189 1177 1242 Deum
1194 1196 1251 1243 et
1268 1191 1495 1244 Patrem
1514 1190 1737 1244 Domini
1758 1191 1940 1244 nostri
1962 1192 1992 1245 J
1997 1208 2097 1246 esu
2119 1192 2593 1264 Christi.Propter
2610 1194 2760 1265 quod
2789 1194 3054 1266 suscipite
3083 1194 3340 1259 invicem,
3381 1192 3433 1252 3.
3459 1194 3602 1248 sicut

347 1281 408 1330 et
431 1276 691 1331 Christus
713 1278 961 1349 suscepit
981 1293 1078 1331 vos
1105 1278 1164 1332 in
1193 1279 1464 1333 honorem
1491 1278 1612 1333 Dei.
1644 1277 1698 1335 4.
1742 1280 1877 1333 Dico
1900 1280 2049 1335 enim
2074 1282 2361 1337 Christum
2391 1283 2421 1337 J
2426 1299 2583 1337 esum
2614 1284 2934 1337 ministrum
2961 1283 3133 1338 fuisse
3163 1283 3601 1338 circumcisionis

345 1371 582 1437 propter
612 1366 905 1421 veritatem
936 1368 1058 1431 Dei,
1080 1368 1151 1422 ad
1180 1367 1594 1423 conﬁrmandus
1622 1368 2021 1439 promissiones
2058 1370 2313 1424 Patrum.
2347 1369 2399 1437 5,
2427 1367 2480 1437 6,
2511 1369 2563 1426 7.
2587 1371 2795 1426 Gentes
2813 1372 3033 1441 (probat
3055 1375 3190 1440 quia
3217 1374 3449 1441 suscepit
3473 1386 3600 1439 gen-

351 1457 445 1521 tes,
477 1458 559 1509 vel
588 1456 862 1509 honorare
887 1457 1062 1511 Deum
1088 1462 1288 1523 gentes,
1320 1458 1388 1510 ab
1419 1460 1747 1510 auctoritate
1769 1458 2196 1528 prophetarum)
2222 1475 2393 1529 super
2412 1459 2812 1525 misericordia,
2831 1460 3034 1513 scilicet
3053 1461 3172 1514 dico
3200 1461 3404 1526 debere,
3427 1459 3598 1514 hono—

345 1560 477 1598 rare
495 1544 695 1611 Deum,
726 1544 871 1598 sicut
902 1544 1173 1616 scriptum
1208 1551 1294 1599 est
1326 1564 1337 1597 :
1369 1542 1423 1601 8.
1455 1546 1762 1616 Propterea
1790 1546 2096 1601 conﬁtebor
2110 1546 2211 1600 tibi
2240 1547 2298 1600 in
2325 1547 2606 1617 gentibus,
2624 1548 2883 1615 Domine,
2902 1553 2959 1601 et
2987 1547 3204 1602 nomini
3221 1552 3320 1602 tuo
3338 1546 3595 1601 cantabo.

345 1632 420 1686 Et
441 1632 651 1686 iterum
673 1632 809 1686 dicit
828 1651 840 1686 :
859 1634 911 1686 9.
937 1633 1250 1699 Laetamini,
1282 1639 1500 1704 gentes,
1537 1651 1664 1689 cum
1691 1634 1853 1706 plebe
1881 1637 2022 1706 ejus.
2051 1636 2120 1690 Et
2141 1636 2348 1691 iterum
2383 1654 2395 1690 :
2444 1637 2696 1692 Laudate
2724 1653 2920 1691 omnes
2953 1642 3150 1707 gentes
3179 1636 3501 1702 Dominum,
3542 1647 3599 1690 et

345 1719 706 1790 magniﬁcate
726 1738 875 1789 eum,
894 1738 1091 1777 omnes
1104 1724 1394 1794 populi.Et
1408 1740 1606 1778 rursus
1635 1725 1811 1779 Isaias
1835 1725 1947 1780 ait:
1978 1724 2061 1782 10.
2078 1725 2198 1780 Erit
2212 1725 2371 1779 radix
2394 1727 2423 1779 J
2427 1742 2569 1793 esse,
2606 1731 2663 1780 et
2684 1726 2779 1796 qui
2804 1730 3067 1796 exsurget
3092 1741 3291 1795 regere
3309 1729 3524 1795 gentes,
3539 1723 3598 1778 in

347 1826 479 1865 eum
510 1816 708 1880 gentes
735 1811 1063 1881 sperabunt.
1092 1813 1243 1867 Deus
1268 1818 1458 1867 autem
1488 1815 1608 1885 spei
1644 1815 1860 1885 repleat
1876 1830 1974 1868 vos
2002 1815 2158 1868 omni
2192 1815 2401 1885 gaudio
2431 1821 2489 1869 et
2526 1832 2661 1887 pace
2689 1815 2747 1869 in
2775 1815 3070 1874 credendo.
3103 1820 3169 1868 ut
3213 1814 3511 1868 abundetis
3539 1814 3598 1868 in

347 1916 448 1971 spe
475 1904 533 1953 et
558 1900 767 1955 virtute
787 1900 1032 1972 Spiritus
1055 1902 1252 1955 sancti.
1276 1900 1361 1957 11.
1396 1902 1595 1957 Certus
1612 1907 1801 1957 autem
1820 1918 1963 1968 sum,
1989 1903 2193 1957 fratres
2203 1903 2334 1966 mei,
2357 1908 2415 1957 et
2439 1919 2543 1973 ego
2572 1904 2693 1976 ipse
2720 1904 2789 1957 de
2810 1903 2983 1969 vobis,
2997 1903 3265 1973 quoniam
3278 1906 3406 1968 40
3424 1909 3481 1957 et
3491 1902 3598 1973 ipsi

348 1989 503 2061 pleni
517 1989 650 2044 estis
662 1990 978 2059 dilectione,
1000 1988 1086 2045 12.
1105 1990 1307 2062 repleti
1328 1992 1483 2045 omni
1496 1992 1752 2060 scientia,
1772 1993 1926 2046 itaut
1943 1992 2171 2063 possitis
2185 1993 2519 2047 alterutrum
2532 2009 2780 2048 monere.
2793 1992 2821 2046 1
2833 1992 2884 2049 3.
2902 1992 3184 2047 Audacius
3200 1997 3389 2046 autem
3405 1989 3598 2062 scripsi

1694 2111 2284 2167 COMMENTARIUS.

409 2223 500 2278 21.
531 2223 776 2279 Αδωιιοε.
818 2226 1013 2280 Beatus
1042 2229 1142 2296 qui
1181 2244 1293 2282 non
1307 2230 1551 2296 judicat.
1592 2228 1754 2282 Hunc
1797 2228 1929 2282 bea-
1949 2235 1998 2290 Α
2017 2234 2167 2283 stum
2198 2229 2507 2283 ministrari
2525 2228 2721 2283 fecisse
2740 2227 2846 2282 sibi
2864 2227 3359 2294 circumcisionem,
3382 2233 3612 2299 propter

337 2320 462 2370 tum
492 2312 630 2369 dicit
656 2313 754 2384 qui
781 2330 895 2368 non
932 2313 1085 2369 aliud
1122 2315 1258 2370 facit
1305 2333 1476 2388 quam
1506 2316 1613 2371 sibi
1641 2316 1779 2371 utile
1808 2334 1935 2389 pro-
2014 2318 2308 2373 veritatem
2340 2318 2440 2373 Dei
2463 2318 2874 2389 complendam,
2905 2323 2964 2373 et
2981 2317 3382 2389 promissiones
3409 2317 3481 2371 ad
3509 2333 3610 2387 pa-

334 2403 455 2461 bat.
2017 2413 2132 2460 tres
2170 2408 2360 2462 factas.
2393 2407 2740 2462 Promissum
2764 2407 2915 2461 enim
2942 2407 3127 2463 fuerat
3144 2407 3294 2479 quod
3313 2422 3379 2461 ex
3397 2405 3612 2461 Judan-

407 2492 499 2550 22.
529 2492 735 2548 Lmen.
793 2494 901 2561 Qui
954 2509 1067 2547 non
1115 2495 1438 2548 manducat.
1470 2496 1596 2550 Non
1630 2497 1934 2551 manduces
2020 2514 2146 2551 rum
2177 2497 2390 2551 semine
2408 2502 2637 2551 orturus
2669 2502 2817 2552 esset
2850 2516 2861 2550 :
2895 2498 2955 2551 in
3000 2514 3110 2568 quo
3148 2495 3614 2550 benedicerentur

337 2598 528 2637 coram
549 2581 840 2649 fratribus,
870 2582 1004 2652 quia
1031 2583 1078 2636 si
1116 2599 1229 2637 non
1266 2584 1591 2653 manducas,
1625 2584 1823 2640 beatus
1853 2603 1931 2641 es.
2021 2603 2235 2641 omnes.
2260 2586 2457 2640 Aliter.
2509 2585 2884 2641 Ministerium
2913 2585 3369 2650 circumcisionis,
3401 2584 3460 2638 id
3503 2588 3608 2650 est,

335 2672 410 2727 Et
430 2671 537 2727 hoc
564 2671 802 2744 probat;
836 2688 969 2726 nam
1000 2672 1181 2726 omnis
1212 2677 1298 2726 est
1323 2671 1543 2739 beatus,
1588 2675 1683 2746 qui
1713 2691 1826 2729 non
1846 2676 1936 2746 ju-
2017 2674 2088 2728 ad
2116 2674 2384 2745 populum
2413 2674 2757 2740 Judaeorum,
2779 2679 2844 2729 ut
2860 2675 3065 2729 veritas
3087 2674 3187 2729 Dei
3218 2679 3276 2728 et
3292 2672 3613 2745 promissio-

333 2760 488 2815 dicat
507 2778 587 2828 se,
619 2760 679 2816 id
700 2766 803 2825 est,
836 2760 1172 2833 culpabilem
1194 2760 1346 2816 facit.
1388 2763 1537 2834 quod
1564 2769 1651 2818 est
1670 2764 1805 2818 dum
1821 2781 1934 2819 non
2016 2779 2117 2817 nes
2146 2764 2269 2833 ejus
2290 2763 2360 2816 ad
2384 2768 2572 2834 patres
2603 2764 2778 2818 factas
2797 2762 3444 2836 complerentur.Quales
3454 2765 3607 2815 sunt:

334 2850 644 2906 manducet
670 2866 742 2904 ne
755 2850 1020 2905 offendat.
2016 2853 2163 2906 Dabo
2186 2854 2332 2907 vobis
2351 2869 2575 2920 germen
2606 2854 2711 2920 (vel
2740 2852 3020 2921 decorem)
3046 2855 3297 2921 justitia,
3343 2858 3401 2905 et
3431 2869 3442 2903 :
3473 2853 3612 2905 Pro-

405 2938 496 2996 23.
526 2941 635 3008 Qui
661 2945 847 2994 autem
877 2940 1161 2993 discernit.
1203 2939 1311 3003 Qui
1339 2946 1530 2994 autem
1560 2941 1829 2997 discernit
1855 2944 1936 2997 ci-
2011 2943 2235 3011 phetam
2263 2943 2408 2994 vobis
2431 2943 2714 2995 suscitabit
2739 2943 2899 3008 Deus,
2931 2947 3037 2995 etc.

333 3027 437 3084 hos
461 3046 476 3095 ;
506 3027 567 3083 id
597 3032 701 3095 est,
730 3028 829 3100 qui
856 3032 1020 3099 putat
1056 3027 1194 3082 alios
1222 3028 1482 3094 mundos,
1531 3034 1588 3082 et
1618 3030 1759 3084 alios
1813 3048 1935 3086 esse
2087 3028 2139 3082 5.
2172 3028 2361 3084 Gentes
2384 3033 2590 3083 autem.
2621 3027 2830 3083 Probat
2858 3029 2991 3099 quia
3017 3024 3259 3099 suscepit
3276 3033 3493 3099 gentes,
3524 3027 3612 3080 vel

333 3118 682 3183 immundos,
703 3117 1007 3172 damnatus
1035 3121 1122 3170 est
1154 3138 1167 3184 ;
1211 3117 1344 3188 quia
1371 3134 1483 3171 non
1515 3134 1582 3173 ex
1608 3119 1738 3173 ﬁde.
1770 3119 1933 3174 Fides
2018 3116 2294 3171 honorare
2349 3118 2531 3172 Deum
2583 3123 2801 3188 gentes,
2865 3116 2935 3171 ab
2987 3118 3320 3172 auctoritate
3389 3116 3609 3171 Judan-

333 3206 485 3262 enim
513 3212 709 3262 nostra
733 3207 854 3263 vult
903 3212 967 3261 ut
1003 3207 1173 3263 homo
1201 3207 1260 3261 id
1289 3212 1422 3277 agat
1469 3207 1619 3277 quod
1670 3208 1935 3280 intelligit
2014 3223 2161 3261 rum.

329 3294 478 3350 bene
501 3313 622 3351 esse
652 3296 955 3366 agendum.
2087 3292 2140 3351 6.
2163 3297 2412 3352 AMBROS.
2455 3298 2644 3353 Gentes
2672 3302 2877 3351 autem.
2911 3296 3057 3360 Quia
3086 3296 3238 3350 enim
3261 3295 3349 3349 his
3367 3294 3609 3367 promis-

403 3383 495 3438 24.
525 3384 589 3439 Si
628 3385 1070 3446 manducauerit,
1100 3390 1206 3439 etc.
1253 3384 1463 3439 Probat
1508 3385 1657 3456 quod
1686 3385 1783 3456 qui
1819 3402 1934 3440 non
2014 3386 2098 3439 sio
2118 3386 2273 3439 nulla
2300 3391 2441 3451 erat,
2475 3386 2634 3457 quasi
2656 3385 2891 3457 indigni,
2944 3403 3046 3458 per
3077 3385 3254 3440 solam
3298 3384 3610 3439 misericor-

327 3472 547 3544 judicat
573 3489 656 3538 se,
687 3472 745 3526 id
774 3478 861 3527 est
886 3488 998 3527 non
1029 3473 1354 3539 manducat,
1395 3474 1595 3529 beatus
1648 3480 1753 3542 est,
1800 3492 1931 3529 nam
2014 3473 2167 3527 diam
2195 3475 2316 3540 Dei,
2345 3475 2417 3529 ad
2436 3476 2676 3529 salutem
2705 3474 2980 3546 assumpti
3003 3480 3155 3532 sunt.

336 3562 519 3616 omnis
568 3561 914 3616 manducans
957 3562 1289 3629 damnatus;
1330 3563 1478 3634 quod
1502 3563 1583 3617 ita
1612 3563 1793 3617 dicit:
1833 3553 1997 3633 quiB
2085 3563 2137 3617 7.
2186 3564 2392 3619 Lmen.
2442 3564 2629 3620 Gentes
2678 3570 2887 3617 autem.
2932 3563 3081 3618 Laus
3135 3562 3410 3632 gentium.
3463 3561 3611 3616 Dicit

334 3657 523 3707 autem
551 3651 818 3706 discernit
846 3654 897 3705 si
914 3653 1359 3720 manducauerit,
1376 3658 1483 3706 etc.
1511 3652 1580 3706 Et
1602 3659 1736 3707 sunt
1754 3654 1934 3707 multa
2015 3652 2165 3706 enim
2193 3657 2364 3706 tantae
2392 3668 2539 3707 cura:
2581 3651 2756 3705 fuisse
2799 3651 2937 3717 Deo,
2993 3655 3059 3705 ut
3093 3650 3163 3704 ad
3193 3649 3488 3703 salvandas
3516 3665 3610 3703 eas

333 3741 636 3808 contraria,
667 3756 781 3795 non
798 3740 1034 3811 judicat,
1065 3746 1122 3796 et
1154 3742 1501 3796 manducans
1529 3741 1729 3813 probat
1760 3747 1818 3796 et
1845 3743 1931 3796 di-
2013 3739 2317 3810 prophetas
2353 3757 2484 3794 suos
2530 3738 2878 3810 praediceret.
2921 3738 3021 3793 His
3070 3737 3331 3792 laudibus
3369 3737 3608 3808 aequales

334 3830 560 3897 scernit,
595 3829 655 3885 id
675 3835 780 3897 est,
811 3846 926 3886 non
949 3829 1150 3901 probat
1178 3830 1584 3888 comedendum
1613 3830 1832 3899 beatus,
1875 3838 1934 3886 et
2014 3845 2109 3883 eos
2137 3829 2287 3883 inter
2313 3845 2373 3883 se
2392 3846 2513 3883 esse
2541 3827 2807 3894 ostendit,
2833 3833 2898 3882 ut
2926 3828 3071 3882 alter
3087 3827 3349 3899 praeferre
3367 3843 3428 3881 se
3447 3825 3609 3879 alteri

336 3920 659 3975 damnatus.
1774 3940 1779 3943 -
2012 3933 2124 3971 non
2155 3925 2475 3989 praesumat.

405 4008 495 4065 25.
522 4009 691 4065 Omne
709 4012 896 4062 autem
925 4010 1071 4077 quod
1097 4024 1211 4063 non
1239 4014 1313 4062 est
1342 4026 1405 4063 ea:
1433 4010 1554 4077 ﬁde.
1596 4009 1926 4064 Damnatus.

334 4099 471 4172 quia
491 4103 783 4171 peccatum
805 4103 891 4152 est
919 4098 1068 4169 quod
1113 4098 1265 4165 facit,
1318 4104 1375 4153 et
1400 4099 1505 4153 hoc
1556 4097 1756 4170 probat
1802 4097 1882 4152 ita
1913 4116 1925 4151 :

334 4189 505 4245 Omne
556 4188 702 4257 quod
725 4202 838 4242 non
866 4192 945 4241 est
973 4203 1037 4241 ea:
1065 4187 1168 4255 ﬁde
1191 4192 1475 4256 peceatum
1503 4192 1605 4251 est;
1666 4187 1776 4241 Sed
1825 4187 1933 4241 hoc

329 4294 445 4333 non
474 4294 543 4332 ex
563 4276 675 4332 ﬁde
700 4293 715 4344 ;
747 4274 845 4330 sed
873 4275 992 4330 haec
1038 4276 1347 4347 assumptio
1375 4276 1666 4348 praemissa
1696 4282 1799 4343 est,
1832 4274 1930 4330 ubi

326 4367 466 4421 dicit
491 4368 625 4436 quia
656 4381 770 4420 non
790 4381 854 4418 ea:
878 4366 1002 4433 ﬁde.

404 4455 561 4510 CAP.
593 4453 714 4507 XV.
759 4479 823 4495 --
855 4452 910 4506 1.
951 4454 1199 4509 Amnaos.
1245 4456 1624 4523 Unusquisque
1662 4461 1923 4508 vestrum.

334 4544 670 4598 Commonet
694 4546 761 4596 ut
789 4541 1050 4595 charitati
1064 4542 1373 4608 studentes,
1389 4542 1657 4613 proximis
1672 4543 1930 4614 placeant

334 4632 407 4687 ad
425 4631 483 4686 id
512 4631 662 4703 quod
689 4630 829 4685 utile
850 4635 953 4684 est.
984 4631 1113 4685 Haec
1142 4630 1292 4684 enim
1331 4631 1643 4685 aediﬁcatio.

405 4717 460 4777 2.
492 4720 700 4775 Lmen.
729 4720 1070 4788 Quacunque
1106 4723 1312 4788 scripta
1338 4725 1490 4773 sunt.
1520 4720 1692 4783 Quasi
1721 4720 1932 4775 diceret

334 4809 538 4882 aliquis
571 4827 583 4863 :
618 4808 752 4880 quid
769 4808 884 4862 vita
915 4807 1127 4861 Christi
1149 4807 1458 4862 ministrari
1478 4808 1674 4896 fecisse
1698 4808 1803 4863 sibi
1828 4810 1931 4864 cir-
1946 4835 1990 4896 ρ

335 4897 755 4963 cumcisionem,
786 4907 1017 4969 propter
1033 4896 1362 4950 veritatem?
1392 4895 1526 4967 quid
1552 4897 1843 4968 prophetia
1862 4897 1932 4951 de

333 4988 452 5044 Deo
468 4986 494 5042 ?
510 4986 644 5059 quid
664 4987 735 5041 ad
762 4986 1175 5041 institutionem
1201 5002 1419 5040 morum
1467 4991 1787 5041 nostrorum
1803 4988 1828 5041 ?
1843 4988 1931 5043 Ad

333 5077 442 5132 hoc
475 5075 779 5149 respondet
807 5095 818 5129 :
853 5076 1191 5144 Quaecunque
1221 5078 1428 5143 scripta
1456 5080 1606 5142 sunt,
1645 5084 1751 5131 etc.

402 5166 458 5221 3.
499 5166 655 5222 Sicut
686 5170 736 5219 et
757 5164 1028 5231 Christus,
1060 5170 1165 5219 etc.
1198 5163 1452 5234 Suscepit
1479 5181 1594 5231 vos,
1628 5170 1686 5219 et
1711 5165 1935 5220 Judaeos

334 5262 394 5310 et
416 5260 614 5327 gentes
643 5252 963 5326 probando;
997 5253 1095 5307 sed
1125 5257 1403 5308 monstrat
1446 5253 1724 5323 quomodo
1773 5253 1929 5307 Chri-

330 5350 453 5400 stus
488 5343 946 5400 condescenderit
968 5341 1147 5410 nobis,
1180 5344 1314 5415 quia
1342 5342 1702 5398 circumcisus
1717 5341 1840 5409 fuit,
1874 5348 1931 5397 et

330 5450 433 5488 nos
450 5435 961 5489 condescendamus
989 5432 1247 5487 inﬁrmis.

402 5521 456 5574 4.
488 5524 617 5578 Dico
645 5526 815 5579 enim.
838 5523 985 5578 Laus
1014 5521 1355 5575 Judzeorum.
1395 5519 1542 5574 Dicit
1574 5519 1723 5574 enim
1765 5519 1928 5573 Chri-

2081 4006 2135 4060 8.
2166 4009 2457 4075 Propterea
2484 4008 2791 4074 conﬁtebor.
2822 4006 2943 4061 Vox
2990 4005 3201 4060 Christi
3223 4004 3319 4076 qui
3341 4003 3401 4058 in
3428 4003 3609 4075 genti-

2012 4095 2118 4150 bus
2145 4096 2447 4150 conﬁtetur
2474 4095 2630 4150 Patri
2689 4095 2822 4166 quia
2866 4112 2968 4167 per
3012 4096 3137 4166 ejus
3190 4093 3606 4148 conversionem

2017 4184 2120 4251 (vel
2137 4184 2609 4256 praedicationem)
2632 4200 2912 4240 conversae
2923 4189 3057 4239 sunt
3065 4183 3137 4238 ad
3150 4183 3427 4238 culturam
3437 4181 3603 4237 unius

2011 4272 2135 4327 Dei.

2086 4362 2139 4417 9.
2167 4364 2462 4418 Laetamini
2486 4370 2688 4432 gentes.
2745 4364 2812 4419 In
2856 4363 3005 4419 Isaia
3050 4363 3128 4417 sic
3172 4361 3443 4432 scriptum
3472 4364 3558 4415 est
3588 4377 3599 4413 ;

2009 4454 2303 4507 Laelamini
2332 4469 2460 4507 cum
2486 4454 2827 4519 Jerusalem;
2881 4457 2931 4506 et
2956 4452 3219 4507 easultate
3238 4453 3302 4505 in
3331 4467 3392 4505 ea
3422 4465 3605 4505 omnes

2009 4544 2110 4610 qui
2136 4543 2375 4609 diligitis
2388 4558 2529 4597 eam.

2085 4627 2168 4687 10.
2211 4631 2334 4685 Erit
2356 4633 2525 4685 radice
2540 4634 2700 4685 Jesse.
2730 4630 2880 4686 Ordo
2913 4649 2925 4685 :
2967 4632 3123 4686 Jesse
3150 4631 3258 4686 erit
3293 4630 3470 4695 radix,
3498 4632 3603 4682 etc.

2013 4709 2292 4775 Subaudis
2320 4737 2384 4774 em
2412 4721 2514 4774 hac
2543 4720 2727 4773 radice
2756 4723 2863 4774 erit
2882 4723 2982 4789 qui
3000 4726 3249 4789 exsurget
3275 4735 3458 4788 regere
3482 4734 3609 4786 gen-

2014 4814 2105 4863 tes.

2082 4896 2172 4953 11.
2204 4899 2395 4954 Gertus
2417 4914 2543 4952 sum
2562 4903 2774 4965 autem,
2796 4904 2908 4956 etc.
2934 4898 3238 4953 Benevolos
3253 4897 3378 4952 illos
3402 4897 3605 4963 reddit,

2013 4985 2176 5057 quasi
2223 5002 2326 5056 ego
2381 4986 2626 5057 corripui
2672 5003 2789 5053 vos,
2830 4988 2967 5059 quin
3021 4987 3196 5041 sciam
3238 5003 3333 5042 vos
3371 4987 3609 5040 invicem

2013 5076 2273 5145 diligere;
2300 5092 2402 5129 nec
2416 5075 2542 5129 ideo
2564 5076 2830 5131 admonui
2856 5076 2991 5148 quin
3013 5076 3187 5130 sciam
3207 5093 3305 5131 vos
3329 5075 3609 5148 sapientes

2014 5180 2156 5228 esse,
2188 5164 2283 5217 sed
2311 5164 2556 5218 ofﬁcium
2577 5181 2767 5219 meum
2788 5171 2874 5219 est
2893 5182 3123 5220 monere
3150 5181 3264 5219 vos.

2088 5252 2173 5306 12.
2210 5255 2408 5322 Repleti
2425 5257 2583 5309 omni
2601 5257 2850 5309 scientia.
2884 5253 3186 5309 Humilitas
3214 5253 3485 5326 Apostoli.
3510 5254 3609 5308 Di-

2011 5341 2087 5395 cit
2113 5341 2265 5395 enim
2294 5342 2582 5413 scripsisse
2630 5343 2729 5411 eis,
2767 5359 2882 5397 non
2926 5345 3077 5415 quod
3116 5342 3226 5414 ipsi
3262 5342 3602 5412 indigerent.

2010 5430 2228 5501 Repleti
2258 5431 2427 5499 enim,
2462 5437 2526 5486 ut
2572 5432 2693 5503 ipse
2738 5431 2965 5499 fatetur,
3008 5432 3162 5486 omni
3191 5431 3469 5497 scientia;
3511 5431 3608 5486 sed

2011 5518 2179 5575 ofﬁcii
2209 5520 2297 5574 sui
2323 5522 2656 5576 necessitate
2677 5527 2931 5578 coactum
2950 5540 2962 5589 ;
2984 5521 3133 5592 quod
3149 5520 3449 5592 Apostolus
3467 5536 3606 5590 gen-
