4008 6186
264 264 358 323 153
982 268 1061 323 IN
1098 269 1165 323 D.
1208 269 1424 326 PAULI
1466 271 1689 329 EPIST.
1730 273 2104 329 COMMENT.
2147 302 2214 316 —
2256 273 2478 329 EPIST.
2519 271 2616 327 AD
2653 271 2828 326 ROM.
3423 271 3530 329 154

249 388 429 458 vobis,
461 389 684 458 fratres,
716 405 783 445 ex
806 395 988 463 parte,
1014 397 1288 463 tanquam
1316 394 1376 449 in
1405 398 1734 453 memoriam
1762 416 1856 454 vos
1883 399 2178 464 reducens,
2208 403 2437 470 propter
2456 397 2719 468 gratiam,
2744 409 2866 465 qua:
2895 392 3026 446 data
3057 397 3143 446 est
3165 391 3302 445 mihi
3332 408 3367 445 a
3389 392 3525 459 Deo,

252 486 313 532 ut
343 478 458 533 sim
485 479 745 534 minister
768 479 978 534 Christi
1005 480 1137 535 Iesu
1166 480 1225 536 in
1249 483 1531 553 gentibus,
1564 487 1918 542 sanctiﬁcans
1943 488 2305 559 Evangelium
2325 487 2448 552 Dei,
2480 491 2546 541 ut
2574 486 2673 539 ﬁat
2701 481 2909 537 oblatio
2938 481 3193 551 gentium
3219 487 3445 553 accepta
3473 489 3531 537 et

245 569 601 623 sanctiﬁcata
626 569 686 623 in
714 569 930 641 Spiritu
960 574 1180 628 sancto.
1212 569 1296 637 l4,
1324 570 1408 628 15.
1433 572 1626 628 Habeo
1646 574 1821 646 igitur
1851 576 2088 646 gloriam
2112 577 2169 631 in
2196 576 2419 632 Christo
2445 576 2474 630 J
2480 591 2579 629 esu
2598 574 2669 627 ad
2688 574 2887 627 Deum.
2918 569 3002 629 16.
3021 571 3146 626 Non
3172 570 3321 624 enim
3348 571 3529 626 audeo

249 656 471 727 aliquid
499 657 656 728 loqui
685 674 882 712 eorum
913 674 1035 729 quae
1062 674 1164 729 per
1196 674 1287 712 me
1314 675 1429 714 non
1457 661 1628 717 efﬁcit
1655 663 1910 718 Christus
1940 666 2000 719 in
2028 666 2405 720 obedientiam
2434 663 2708 735 gentium,
2742 661 2906 715 verbo
2936 664 2994 714 et
3022 659 3202 722 factis,
3235 659 3291 712 in
3321 658 3529 715 virtute

244 746 543 817 signorum
567 753 626 801 et
653 747 1058 819 prodigiorum,
1091 748 1150 802 in
1180 749 1383 803 virtute
1413 751 1655 823 Spiritus
1684 754 1881 820 sancti,
1914 755 1996 809 ita
2026 760 2089 810 ut
2116 754 2186 808 ab
2207 753 2559 809 Hierusalem
2590 767 2690 822 per
2717 750 3017 804 circuitum
3045 764 3225 818 usque
3254 747 3325 800 ad
3349 748 3532 820 Illyri-

248 851 378 889 cum
407 836 767 907 repleverim,
798 839 859 890 id
876 842 969 902 est,
989 840 1147 905 plene
1159 840 1579 906 pradicaverim
1600 843 1962 914 Evangelium
1984 843 2212 898 Christi.
2235 844 2326 898 Sic
2353 847 2543 896 autem
2570 838 2870 911 praedicavi
2890 838 3252 908 Evangelium
3267 838 3390 902 hoc,
3415 854 3530 893 non

244 922 337 976 ubi
371 924 704 978 nominatus
732 931 818 979 est
846 925 1123 991 Christus,
1155 943 1226 980 ne
1254 944 1425 999 super
1446 929 1695 985 alienum
1721 932 2151 987 fundamentum
2172 932 2537 996 aediﬁcarem;
2569 928 2667 982 sed
2693 928 2839 982 sicut
2862 927 3133 997 scriptum
3158 932 3243 981 est
3262 930 3328 980 in
3356 930 3525 993 Isaia,

243 1028 362 1083 cap.
401 1013 471 1068 5‘2
505 1033 519 1067 :
557 1014 773 1078 Quibus
809 1032 922 1069 non
952 1022 1039 1069 est
1066 1018 1463 1073 annuntiatum
1490 1020 1560 1074 de
1589 1037 1675 1088 eo,
1703 1021 1972 1076 videbunt
1997 1041 2009 1085 ;
2033 1031 2088 1076 et
2117 1023 2207 1092 qui
2240 1038 2351 1075 non
2382 1020 2686 1074 audierunt
2703 1017 2772 1070 de
2805 1032 2892 1082 eo,
2920 1016 3257 1085 intelligent.
3291 1017 3529 1087 Propter

243 1103 396 1171 quod
429 1109 489 1157 et
526 1104 876 1175 impediebar
897 1106 1204 1176 plurimum
1223 1108 1409 1162 venire
1430 1110 1501 1164 ad
1530 1127 1645 1177 vos,
1680 1116 1737 1165 et
1764 1112 2079 1183 prohibitus
2112 1129 2238 1165 sum
2268 1126 2447 1181 usque
2492 1108 2697 1165 adhuc.
2728 1107 2890 1160 Nunc
2913 1121 3044 1158 vero
3072 1105 3313 1160 ulterius
3340 1105 3527 1161 locum

243 1208 357 1246 non
387 1192 609 1246 habens
630 1194 688 1247 in
718 1194 803 1247 his
833 1193 1175 1264 regionibus,
1211 1197 1574 1267 cupiditatem
1604 1206 1795 1255 autem
1820 1200 2029 1255 habens
2061 1200 2316 1254 veniendi
2357 1200 2427 1252 ad
2477 1215 2571 1251 vos
2617 1213 2681 1249 ex
2711 1195 2906 1249 multis
2929 1196 3050 1263 jam
3079 1195 3525 1264 praecedentibus

246 1279 433 1346 annis,
464 1297 596 1334 cum
627 1281 686 1335 in
715 1282 1041 1353 Hispaniam
1070 1285 1345 1354 proﬁcisci
1373 1303 1611 1358 carpere,
1653 1306 1817 1360 spero
1849 1291 1997 1361 quod
2025 1290 2352 1361 praeteriens
2384 1288 2602 1341 videam
2629 1303 2744 1349 vos,
2778 1292 2833 1339 et
2859 1301 2893 1337 a
2914 1283 3069 1337 vobis
3098 1283 3341 1338 deducar
3372 1285 3523 1349 illuc,

244 1369 290 1423 si
306 1367 467 1422 vobis
495 1369 747 1439 primum
771 1387 836 1424 ex
849 1377 1010 1442 parte
1037 1372 1242 1427 fruitus
1270 1375 1449 1430 fuero.
1482 1378 1644 1431 Nunc
1660 1377 1833 1448 igitur
1856 1378 2175 1449 proficiscar
2202 1379 2260 1432 in
2283 1377 2634 1431 Hierusalem
2654 1374 2995 1436 ministrare,
3019 1374 3079 1426 id
3102 1377 3196 1437 est,
3224 1377 3528 1427 necessaria

244 1459 492 1525 corporis
521 1460 725 1524 afferre
752 1458 980 1513 sanctis.
1014 1460 1399 1517 Probaverunt
1421 1465 1573 1518 enim
1603 1466 1929 1521 Macedonia
1952 1469 2010 1520 et
2035 1466 2246 1520 Achaia
2267 1466 2630 1519 collationem
2661 1463 2909 1533 aliquam
2954 1462 3136 1516 facere
3166 1461 3226 1515 in
3250 1478 3525 1533 pauperes

245 1552 598 1613 sanctorum,
628 1548 725 1619 qui
754 1554 889 1602 sunt
914 1547 975 1602 in
999 1549 1330 1604 Jerusalem.
1364 1552 1581 1607 Placuit
1595 1554 1744 1608 enim
1760 1556 1859 1620 eis,
1882 1559 1940 1609 et
1970 1554 2257 1608 debitores
2276 1558 2410 1607 sunt
2423 1554 2932 1617 eorum.(Debitores
2947 1557 3079 1604 sunt
3100 1554 3162 1605 in
3183 1553 3524 1617 carnalibus,

248 1640 297 1687 et
326 1635 426 1688 hoc
440 1637 647 1704 probat
669 1653 705 1689 a
737 1640 960 1705 majori,
976 1640 1109 1707 quia
1138 1640 1207 1692 ab
1226 1641 1302 1692 eis
1316 1642 1645 1707 spiritualia
1678 1648 2019 1711 acceperunt,
2041 1643 2185 1711 quod
2204 1647 2280 1696 est
2296 1643 2520 1709 majus.)
2551 1641 2698 1694 Nam
2723 1640 2770 1693 si
2790 1638 3170 1709 spiritualium
3187 1655 3385 1692 eorum
3405 1655 3531 1709 par-

248 1723 447 1794 ticipes
480 1723 616 1777 facti
645 1730 781 1778 sunt
804 1725 1064 1795 gentiles,
1094 1728 1153 1781 id
1189 1733 1282 1793 est,
1335 1730 1403 1781 ab
1430 1730 1777 1784 Hierusalem
1802 1724 2073 1786 doctrina
2102 1733 2246 1798 ﬁdei,
2280 1735 2329 1783 et
2355 1732 2481 1784 bene
2500 1731 2740 1795 vivendi,
2769 1744 2869 1797 per
2897 1731 3164 1796 apostolos
3193 1731 3309 1781 lata
3351 1733 3428 1781 est
3455 1729 3529 1782 ad

248 1818 432 1880 gentes
450 1832 470 1878 ;
504 1813 716 1868 debent
744 1820 802 1868 et
828 1815 888 1869 in
912 1816 1229 1870 carnalibus
1248 1816 1569 1872 ministrare
1594 1818 1723 1873 illis.
1750 1821 1867 1874 Hoc
1882 1820 2057 1891 igitur
2077 1836 2205 1874 cum
2229 1834 2709 1883 consummavero,
2733 1821 2789 1871 et
2802 1816 3158 1885 assignavero
3179 1815 3261 1869 eis
3281 1814 3528 1869 fructum

249 1900 434 1969 hunc;
475 1918 580 1972 per
606 1919 704 1955 vos
732 1904 1050 1973 proﬁciscar
1072 1905 1130 1958 iu
1160 1905 1510 1976 Hispaniam.
1531 1907 1657 1961 Scio
1687 1913 1878 1962 autem
1901 1909 2168 1979 quoniam
2183 1908 2410 1962 veniens
2435 1907 2507 1961 ad
2527 1923 2640 1971 vos,
2668 1906 2727 1959 in
2751 1904 3098 1960 abundantia
3118 1903 3526 1959 benedictionis

252 1991 544 2060 Evangelii
573 1992 783 2046 Christi
813 1993 1056 2047 veniam.
1090 1993 1332 2048 Obsecro
1361 2011 1494 2065 ergo
1522 2012 1638 2059 vos,
1672 1996 1892 2064 fratres,
1925 2015 2026 2068 per
2057 1997 2359 2052 Dominum
2391 2001 2645 2050 nostrum
2675 1996 2869 2049 Jesum
2901 1994 3186 2048 Christum
3211 1998 3267 2047 et
3292 1992 3532 2064 percha'

252 2081 479 2133 ritatem
510 2082 692 2135 sancti
722 2082 965 2153 Spiritus
992 2089 1057 2137 ut
1082 2084 1357 2152 adjuvetis
1384 2101 1476 2139 me
1501 2085 1560 2140 in
1588 2086 1936 2140 orationibus
1961 2087 2161 2141 vestris
2192 2102 2293 2157 pro
2324 2102 2413 2140 me
2446 2085 2517 2139 ad
2546 2084 2751 2149 Deum,
2785 2089 2850 2137 ut
2874 2082 3077 2137 liberer
3107 2083 3179 2136 ab
3205 2080 3527 2136 infidelibus

252 2168 342 2238 qui
371 2175 513 2222 sunt
547 2171 607 2224 in
635 2171 849 2233 Iudaea.
879 2178 937 2226 et
963 2172 1215 2244 obsequii
1245 2174 1354 2227 mei
1383 2174 1593 2228 oblatio
1610 2181 1838 2247 accepta
1867 2177 1968 2229 ﬁat
1996 2176 2056 2230 in
2088 2175 2441 2229 Hierusalem
2471 2173 2699 2239 sanctis,
2738 2179 2803 2227 ut
2825 2172 3050 2226 veniam
3074 2171 3146 2227 ad
3172 2186 3271 2224 vos
3300 2170 3359 2224 in
3382 2185 3525 2238 gau-

250 2257 359 2323 dio,
393 2275 499 2329 per
528 2259 878 2315 voluntatem
899 2262 1024 2328 Dei,
1057 2267 1114 2316 et
1131 2262 1430 2333 refrigerer
1452 2263 1757 2320 vobiscum.
1785 2266 1936 2319 Deus
1963 2270 2156 2320 autem
2184 2265 2337 2336 pacis
2363 2264 2441 2318 sit
2465 2279 2593 2317 cum
2614 2261 2876 2320 omnibus
2906 2260 3082 2315 vobis.
3114 2261 3317 2316 Amen.

1606 2412 1666 2471 4
1685 2412 1721 2472 |
1764 2406 1997 2461 CAPUT
2033 2406 2179 2462 XVI.

326 2535 376 2590 1.
405 2534 761 2589 Commendo
789 2542 981 2590 autem
1007 2537 1161 2592 vobis
1190 2537 1434 2593 Phoeben
1465 2554 1716 2593 sororem
1745 2545 2017 2604 nostram,
2048 2557 2171 2611 quae
2201 2546 2287 2594 est
2316 2540 2373 2594 in
2398 2540 2713 2594 ministerio
2742 2538 3017 2603 Ecclesiae,
3041 2554 3165 2609 quae
3192 2543 3278 2591 est
3304 2536 3362 2591 in
3385 2536 3532 2591 Cen-

253 2624 419 2687 chris,
447 2630 516 2678 ut
550 2641 678 2679 eam
704 2626 1022 2696 suscipiatis
1045 2626 1105 2681 in
1133 2627 1370 2682 Domino
1403 2628 1572 2698 digne
1602 2629 1828 2695 sanctis,
1851 2634 1910 2683 et
1944 2629 2220 2683 assistatis
2237 2630 2286 2683 ei
2306 2630 2365 2683 in
2389 2645 2721 2700 quocunque
2745 2628 2972 2698 negotio
2995 2626 3165 2680 vestri
3186 2624 3529 2695 indiguerit;

256 2714 465 2768 etenim
494 2714 626 2785 ipsa
653 2730 877 2785 quoque
906 2715 1085 2770 astitit
1111 2717 1325 2784 multis,
1357 2722 1417 2771 et
1435 2717 1573 2770 mihi
1605 2716 1731 2788 ipsi.
1765 2717 2020 2773 Salutate
2048 2719 2297 2772 Priscam
2323 2724 2379 2773 et
2414 2718 2698 2789 Aquilam,
2724 2718 3008 2787 adjutores
3036 2732 3191 2770 meos
3218 2714 3278 2769 in
3309 2713 3532 2768 Christo

254 2803 404 2868 Jesu,
442 2803 563 2873 (qui
586 2820 691 2874 pro
719 2803 910 2858 anima
937 2821 1064 2859 mea
1091 2823 1222 2860 suas
1244 2806 1485 2861 cervices
1514 2811 1957 2878 supposuerunt;
1991 2805 2192 2877 quibus
2219 2824 2333 2861 non
2367 2808 2518 2861 solus
2546 2823 2649 2877 ego
2680 2806 2893 2876 gratias
2928 2822 3053 2875 ago,
3086 2804 3185 2857 sed
3213 2808 3272 2857 et
3317 2806 3531 2856 cunctae

254 2892 513 2948 Ecclesiae
538 2894 817 2962 gentium)
850 2900 908 2949 et
932 2895 1297 2951 domesticam
1319 2895 1627 2951 Ecclesiam
1656 2912 1870 2950 eorum.
1904 2895 2157 2949 Salutate
2178 2896 2503 2966 Epametum
2532 2895 2798 2949 dilectum
2820 2894 2976 2959 mihi,
3010 2893 3107 2963 qui
3136 2896 3194 2944 et
3213 2889 3528 2961 primitivus

256 2982 399 3037 Asiae
416 2982 480 3036 in
495 2982 743 3037 Christo.
772 2983 1024 3055 Salutate
1044 2986 1430 3057 Mariamque
1448 2986 1692 3040 multum
1709 2984 1981 3038 laboravit
1999 2984 2057 3037 in
2071 2983 2502 3038 vobis.Salutate
2521 2984 2900 3037 Andronicum
2924 2986 2980 3035 et
2995 2980 3241 3045 Iuniam,
3264 2982 3532 3047 cognatos

258 3076 313 3123 et
327 3070 688 3141 concaptivos
716 3087 871 3126 meos
904 3091 917 3126 :
951 3073 1048 3144 qui
1069 3080 1201 3128 sunt
1226 3074 1440 3129 nobiles
1470 3075 1528 3129 in
1556 3073 1842 3145 apostolis,
1874 3072 1969 3143 qui
1990 3077 2047 3126 et
2059 3078 2189 3125 ante
2211 3088 2300 3125 me
2320 3070 2549 3125 fuerunt
2564 3072 2622 3124 in
2638 3070 2878 3126 Christo.
2909 3070 3163 3124 Salutate
3182 3067 3531 3137 Ampliatum

259 3158 691 3213 dilectissimum
705 3160 842 3213 mihi
861 3160 920 3214 in
947 3162 1466 3218 Domino.Salutate
1486 3163 1796 3219 Urbanum.
1812 3162 2131 3232 adjutorem
2152 3166 2410 3215 nostrum
2426 3161 2483 3214 in
2508 3160 2729 3215 Christo
2747 3160 2900 3219 Jesu.
2921 3163 2977 3213 et
2992 3157 3241 3228 Stachyn
3262 3156 3531 3210 dilectum

258 3248 733 3302 meum.Salutate
746 3251 1010 3321 Appellen
1031 3250 1269 3321 probum
1282 3252 1341 3306 in
1361 3252 1604 3307 Christo.
1629 3252 1882 3306 Salutate
1902 3267 1997 3304 eos
2014 3251 2109 3322 qui
2126 3256 2337 3305 suntex
2349 3248 2653 3304 Aristobuli
2667 3249 2854 3303 domo.
2880 3248 3133 3302 Salutate
3148 3244 3523 3301 Herodionem

260 3342 560 3406 cognatum
590 3352 804 3391 meum.
840 3337 1092 3392 Salutate
1114 3356 1209 3393 eos
1238 3339 1334 3411 qui
1364 3346 1497 3395 sunt
1526 3357 1591 3394 ex
1615 3340 1861 3394 Narcissi
1889 3340 2056 3395 domo
2080 3359 2093 3408 ;
2122 3340 2217 3411 qui
2256 3346 2390 3394 sunt
2415 3340 2474 3394 in
2497 3339 2757 3394 Domino.
2790 3338 3042 3392 Salutate
3070 3336 3445 3407 Tryphaenam
3470 3339 3529 3388 et

264 3425 637 3495 Tryphosam,
667 3443 787 3497 quae
815 3426 1078 3482 laborant
1096 3428 1152 3482 in
1174 3429 1431 3484 Domino.
1465 3430 1718 3484 Salutate
1748 3429 2034 3483 Persidem
2062 3428 2469 3492 charissimam,
2490 3445 2612 3498 qua:
2635 3427 2875 3481 multum
2894 3425 3169 3479 laboravit
3187 3424 3244 3477 in
3271 3422 3530 3477 Domino.

265 3513 515 3568 Salutate
539 3514 749 3569 Rufum
774 3516 1014 3570 electum
1043 3517 1101 3571 in
1128 3517 1454 3583 Domino,2.
1478 3523 1536 3572 et
1563 3524 1802 3573 matrem
1831 3520 1971 3588 ejus,
1994 3523 2053 3571 et
2074 3534 2277 3572 meam.
2296 3518 2549 3571 Salutate
2569 3519 2978 3587 Assyncrttum,
2994 3512 3527 3583 Phlegontem,Her-

265 3619 428 3666 mam,
450 3602 779 3668 Patrobam,
806 3605 1072 3671 Hermen,
1098 3612 1155 3660 et
1174 3608 1268 3678 qui
1282 3624 1406 3661 cum
1420 3607 1499 3661 eis
1523 3613 1675 3670 sunt,
1707 3609 1953 3661 Fratres.
1987 3607 2239 3661 Salutate
2254 3606 2612 3675 Philologum
2633 3611 2691 3659 et
2706 3604 3187 3668 Juliam,Nereum
3208 3607 3263 3655 et
3282 3617 3533 3654 sororem

266 3693 394 3760 ejus,
426 3698 488 3746 et
512 3692 925 3765 Olympiadem,
950 3702 1008 3750 et
1026 3713 1220 3751 omnes
1233 3697 1475 3767 quicum
1504 3698 1584 3752 eis
1606 3703 1736 3751 sunt
1760 3702 2000 3751 sanctos.
2036 3697 2289 3749 Salutate
2314 3693 2551 3749 invicem
2586 3694 2644 3748 in
2675 3693 2865 3748 osculo
2895 3695 3111 3745 sancto.
3146 3690 3407 3743 Salutant
3434 3705 3530 3742 vos

266 3797 453 3836 omnes
476 3782 736 3838 Ecciesize
764 3785 1168 3856 Christi.Rogo
1195 3792 1387 3841 autem
1404 3805 1519 3853 vos,
1540 3788 1765 3851 fratres,
1789 3792 1854 3840 ut
1881 3785 2184 3840 observetis
2200 3801 2295 3839 eos
2324 3783 2421 3855 qui
2450 3783 2827 3838 dissensiones
2856 3787 2913 3835 et
2941 3779 3292 3843 offendicula,
3326 3784 3530 3849 prseter

266 3869 577 3924 doctrinam
608 3888 776 3943 quam
796 3889 892 3928 vos
918 3874 1211 3940 didicistis,
1245 3876 1478 3942 faciunt,
1511 3882 1569 3931 et
1611 3876 1889 3932 declinata
1935 3875 2007 3929 ab
2047 3874 2174 3927 illis.
2208 3873 2607 3943 Hujuscemodi
2635 3872 2788 3925 enim
2813 3870 3036 3925 Christo
3066 3868 3307 3923 Domino
3336 3873 3529 3921 nostro

268 3972 373 4014 non
394 3961 669 4027 serviunt,
701 3962 800 4015 sed
823 3978 927 4017 suo
956 3964 1138 4018 ventri
1165 3983 1179 4017 :
1208 3969 1265 4019 et
1284 3981 1386 4036 per
1410 3965 1600 4020 dulces
1638 3979 1947 4029 sermones,
1993 3968 2050 4016 et
2097 3963 2533 4029 benedictiones,
2584 3962 2862 4016 seducunt
2901 3959 3072 4015 corda
3120 3958 3529 4012 innocentium.

1632 4103 2218 4161 COMMENTARIUS.

280 4248 417 4302 tium
442 4263 480 4300 a
508 4246 626 4302 Deo
652 4247 991 4303 constitutus
1017 4253 1158 4303 erat.
1885 4252 2220 4327 Aoperatur
2264 4247 2521 4302 Christus
2565 4247 2625 4301 in
2664 4263 2750 4313 eo,
2806 4252 2863 4301 et
2894 4262 2995 4317 per
3037 4261 3168 4299 eum
3208 4243 3458 4315 loquitur
3485 4246 3542 4298 et

343 4336 433 4394 13.
474 4336 759 4393 Audacius
787 4344 996 4392 autem.
1029 4335 1288 4393 Audacia:
1312 4335 1603 4392 videbatur
1629 4354 1751 4392 esse
1780 4353 1871 4391 re-
1953 4344 2238 4411 operatur,
2269 4343 2335 4391 ut
2358 4337 2655 4407 Evangelia
2684 4336 2965 4391 obediant.

279 4426 439 4497 pletis
467 4426 626 4480 omni
650 4427 886 4482 scientia
914 4426 1175 4481 scribere.

351 4514 436 4571 14.
465 4516 717 4573 Asianos.
741 4518 919 4571 Habeo
956 4519 1135 4585 igitur
1163 4519 1424 4584 gloriam.
1458 4514 1709 4570 Gloriam
1735 4513 1871 4568 dicit

274 4620 333 4657 se
362 4602 573 4657 habere
598 4605 745 4675 apud
770 4605 952 4659 Deum
979 4621 1081 4676 per
1094 4605 1400 4660 Christum.
1418 4604 1726 4658 Credentes
1739 4606 1866 4672 (aL,

274 4693 526 4759 credens)
548 4693 700 4747 enim
721 4693 779 4747 in
806 4693 1114 4760 Christum,
1143 4694 1407 4747 meritum
1434 4692 1539 4746 sibi
1566 4692 1697 4747 fecit
1718 4692 1885 4763 apud.

273 4781 562 4853 populum,
594 4782 653 4836 in
682 4787 903 4836 tantum
935 4788 998 4836 ut
1024 4783 1094 4836 de
1136 4800 1196 4836 se
1227 4799 1347 4836 esse
1379 4780 1517 4835 nihil
1547 4781 1696 4835 dicat
1718 4781 1867 4850 quod

272 4886 380 4926 non
406 4875 680 4942 operatus
708 4871 784 4924 sit
809 4871 1065 4926 Christus
1103 4887 1203 4941 per
1230 4871 1410 4935 illum,
1440 4875 1505 4923 ut
1532 4868 1870 4923 exhortatio-

274 4975 395 5013 nem
424 4960 550 5029 ejus
578 4959 754 5013 virtus
783 4960 1223 5014 commendaret.

345 5048 428 5106 15.
453 5048 674 5104 ΙιΑΝη.
697 5050 872 5103 Habeo
888 5052 1068 5116 igitur
1086 5046 1867 5117 gloriam.Quidquid,inquit,

273 5143 474 5208 putent
503 5154 595 5191 me
624 5138 912 5192 hominem
944 5136 1031 5210 [f.,
1066 5137 1341 5206 homines]
1368 5152 1511 5200 esse,
1542 5152 1646 5206 ego
1678 5140 1865 5189 tamen

272 5229 384 5281 scio
411 5244 506 5281 me
535 5226 745 5281 habere
759 5227 1000 5298 gloriam
1025 5226 1175 5297 apud
1190 5226 1368 5279 Deum
1390 5224 1447 5278 in
1478 5223 1870 5295 praedicatione

268 5315 399 5370 Jesu
426 5317 670 5383 Christi;
695 5316 829 5388 quia
855 5322 1088 5387 propter
1116 5315 1388 5369 honorem
1416 5313 1518 5368 Dei
1548 5318 1606 5368 et
1630 5313 1871 5368 salutem

270 5406 525 5475 gentium
556 5422 665 5478 ago
695 5406 844 5477 quod
878 5422 1005 5476 ago.

336 5493 429 5549 16.
472 5496 599 5549 Non
620 5498 776 5550 enim
804 5496 996 5549 audeo.
1040 5493 1166 5548 Alia
1202 5508 1372 5547 causa
1399 5507 1500 5546 cur
1519 5490 1727 5546 habeat
1747 5490 1871 5560 glo-

272 5584 409 5638 riam
431 5584 585 5656 apud
600 5584 819 5655 Deum;
851 5581 1279 5655 quidquidenim
1299 5580 1571 5651 loquitur,
1595 5578 1868 5651 quidquid

2024 4428 2182 4484 CAP.
2211 4424 2361 4480 XVI.
2390 4452 2450 4464 -
2490 4424 2535 4481 1.
2571 4426 2781 4483 Larum.
2812 4426 3139 4481 Commendo
3169 4431 3355 4480 autem
3391 4424 3541 4478 vobis

1951 4519 2202 4573 Phaben.
2236 4515 2529 4570 Ditissima
2557 4520 2616 4569 et
2641 4514 2991 4570 nobilissima
3035 4515 3239 4570 mulier
3263 4514 3386 4579 fuit,
3421 4530 3544 4585 qua:

1952 4605 2252 4662 Ecclesiam
2270 4604 2394 4665 Dei,
2412 4621 2534 4674 quze
2548 4604 2696 4675 apud
2716 4605 2896 4659 locum
2916 4605 3011 4676 qui
3032 4604 3296 4660 Cenchris
3315 4603 3541 4666 dicitur,

1952 4700 2094 4760 erat,
2128 4709 2230 4747 sua
2250 4691 2568 4747 substantia
2592 4694 2963 4749 sustentabat.
2998 4694 3077 4749 Ea
3109 4700 3244 4749 tunc
3270 4692 3542 4765 temporis

1950 4800 2054 4854 pro
2084 4783 2327 4853 quodam
2358 4782 2583 4852 negotio
2604 4783 2838 4837 Romam
2859 4783 3107 4854 profecta
3132 4788 3237 4837 est.
3262 4783 3371 4837 Per
3398 4782 3544 4837 hanc

1950 4872 2205 4936 fortasse,
2227 4871 2391 4925 istam
2416 4870 2574 4925 misit
2598 4871 2913 4942 epistolam.

2021 4960 2076 5017 2.
2110 4961 2178 5015 Et
2208 4965 2445 5013 matrem
2478 4963 2594 5029 ejus
2642 4966 2692 5014 et
2729 4977 2931 5015 meam.
2970 4961 3072 5016 Vel
3111 4966 3350 5015 matrem
3379 4975 3543 5015 suam

1953 5066 2082 5105 cum
2125 5055 2305 5103 matre
2338 5048 2488 5102 illius
2522 5049 2779 5120 prazcipit
2818 5050 3194 5105 salutandam.
3228 5050 3330 5103 Vel
3370 5065 3542 5104 unam

1949 5137 2206 5193 eamdem
2237 5136 2504 5191 feminam
2534 5143 2774 5192 matrem
2809 5138 2961 5193 illius
3000 5139 3156 5205 dicit,
3187 5143 3245 5193 et
3284 5154 3443 5192 suam
3471 5137 3543 5190 il-

1950 5228 2062 5282 lius
2089 5226 2397 5280 secundum
2428 5242 2674 5292 carnem,
2707 5243 2867 5281 suam
2898 5227 3187 5282 beneﬁcio.

2022 5314 2076 5370 3.
2122 5317 2300 5369 Vestra
2325 5317 2477 5369 enim
2506 5317 2830 5371 obedientia.
2864 5318 3048 5371 Causa
3075 5332 3176 5370 cur
3209 5318 3369 5383 roget
3414 5327 3541 5377 eos;

1956 5404 2281 5458 obedientes
2310 5403 2459 5458 enim
2490 5405 2723 5476 rogandi
2772 5411 2923 5471 sunt,
2954 5402 3335 5458 inobedientes
3366 5400 3548 5454 incre-

1953 5492 2144 5563 pandL
