4008 6186
468 274 569 335 159

1448 288 1510 344 B.
1552 262 1966 349 LAXFRANCI
2005 291 2365 347 CANTUAR.
2406 293 2743 349 ARCHIEP.

3605 268 3705 343 4’60

465 406 681 459 salvare
709 407 979 462 credentes
1000 427 1018 474 ;
1061 425 1194 463 nam
1211 426 1312 480 per
1338 413 1532 467 stultos
1551 417 1952 485 prmdicatores,
1975 419 2330 471 saecularium
2346 419 2671 472 litterarum
2692 420 2997 488 imperitos.
3026 414 3106 473 18.
3126 416 3323 470 Nonne
3345 410 3569 466 stultam
3585 409 3707 465 fecit

465 491 617 548 Deus
645 496 978 566 sapientiam
1009 498 1179 569 hujus
1208 501 1441 556 mundi?
1467 504 1611 558 Nam
1634 504 1767 575 quia
1795 505 1853 560 in
1874 506 1976 561 Dei
2005 506 2303 578 sapientia,
2323 509 2514 561 divino
2543 511 2921 575 consilio,non
2936 505 3212 579 cognovit,
3234 519 3348 558 non
3367 507 3439 556 est
3452 503 3709 571 placitum

463 588 530 636 ut
553 591 883 651 cognosceret
927 587 1173 641 mundus
1202 606 1303 659 per
1330 591 1664 662 sapientiam
1693 596 2050 649 mundanam
2078 596 2258 651 Deum
2282 613 2293 647 :
2338 593 2419 651 19.
2451 595 2665 666 placuit
2687 596 2803 650 Deo
2832 612 2934 667 per
2963 594 3265 649 stultitiam
3293 589 3707 663 praedicationis,

462 675 658 726 stultos
674 675 1076 741 praedicatores,
1110 678 1170 731 id
1194 683 1290 741 est,
1303 695 1405 747 per
1424 683 1707 748 imperitos
1736 687 2091 738 sazcularium
2119 688 2441 740 litterarum
2457 687 2842 752 praedicatores
2856 686 3038 739 salvos
3047 685 3231 739 facere
3246 681 3550 736 credentes.
3570 679 3713 742 Quo-

463 759 619 814 niam
650 767 707 815 et
736 759 824 827 20,
846 761 934 819 21.
954 765 1132 820 Judaei
1157 766 1319 837 signa
1345 773 1564 838 petunt,
1590 776 1652 824 ut
1677 774 2059 840 praedicatores
2088 777 2368 829 miracula
2396 775 2612 841 faciant
2637 774 2727 830 22.
2758 780 2816 829 et
2836 774 3035 839 Graeci,
3057 774 3443 843 praedicatores
3457 774 3519 823 ut
3536 770 3713 822 dicant

462 850 793 920 sapientiam
820 856 1183 920 syllogisticas
1204 858 1572 924 probationes,
1610 866 1898 931 quaerunt,
1925 879 2026 917 nos
2056 868 2246 918 autem
2276 863 2643 934 praedicamus
2693 864 2980 919 Christum
3012 863 3358 925 cruciﬁxum,
3401 858 3488 914 23.
3521 857 3717 912 Judaeis

463 937 688 1009 quidem
704 941 1330 1012 45scandalum,quia
1346 962 1525 1013 regem
1554 965 1721 1002 suum
1750 953 2087 1018 cruciﬁa‘isse
2115 954 2404 1017 dicuntur,
2432 951 2523 1008 24.
2538 953 2799 1023 gentibus
2825 958 3015 1007 autem
3032 950 3330 1006 stultitiam
3353 968 3365 1016 ;
3388 947 3522 1018 ipsis
3537 950 3715 999 autem

458 1027 1357 1096 vocatis,pr.rdcstinatisadultam
1372 1038 1577 1092 Judaais
1601 1044 1769 1110 atque
1784 1040 2008 1105 Graecis,
2042 1041 2325 1095 Christum
2347 1040 2448 1094 Dei
2465 1040 2554 1107 25,
2586 1041 2673 1097 26.
2711 1043 2995 1108 virtutem,
3027 1046 3085 1095 et
3128 1040 3231 1095 Dei
3258 1036 3608 1110 sapientiam,
3632 1032 3714 1097 27,

458 1114 961 1188 28.Quia29.quod
974 1120 1577 1193 stultum(incarnatio,
1603 1133 1803 1197 passio)
1833 1132 2147 1197 inﬁdelibus
2168 1136 2254 1182 est
2281 1129 2382 1182 Dei
2408 1146 2477 1184 eae
2502 1133 2607 1185 Deo
2634 1132 2943 1204 sapientius
2990 1136 3074 1186 est
3124 1127 3445 1184 hominibus
3478 1146 3489 1179 :
3547 1128 3602 1178 et
3637 1120 3719 1179 30.

461 1203 548 1260 31.
570 1207 717 1276 quod
738 1206 1025 1263 inﬁrmum
1056 1216 1141 1263 est
1170 1211 1289 1273 Dei,
1324 1215 1446 1281 (per
1462 1218 1619 1281 ﬁdem
1650 1221 1800 1270 enim
1828 1235 2021 1272 eorum
2045 1226 2263 1287 peccata
2282 1222 2669 1285 remittuntur,
2702 1227 2751 1274 et
2779 1223 3043 1275 denunties
3060 1220 3436 1288 expelluntur,
3468 1214 3606 1283 quod
3633 1213 3721 1265 lio-

459 1297 638 1348 mines
668 1300 969 1366 nequeunt)
987 1298 1188 1353 fortius
1209 1307 1294 1355 est
1309 1302 1850 1360 hominibus.Videte
1871 1307 2021 1360 enim
2043 1308 2392 1362 vocationem
2410 1316 2671 1371 vestram,
2696 1313 2756 1364 id
2774 1316 2869 1375 est,
2895 1327 2990 1376 per
3012 1325 3142 1378 quos
3158 1309 3334 1361 vocali
3352 1302 3721 1370 sitis,fratres,

462 1383 598 1453 quia
627 1399 739 1436 non
769 1385 932 1439 multi
961 1388 1244 1458 sapientes
1274 1393 1585 1447 secundum
1614 1397 2462 1465 carnem,pr.rdicareruntvobis
2486 1414 2719 1466 regnum
2744 1400 2857 1466 Dei,
2881 1397 2968 1454 3'2.
2991 1414 3103 1452 non
3130 1395 3292 1450 multi
3318 1397 3595 1465 potentes,
3623 1392 3724 1441 sci-

464 1474 587 1526 licet
601 1474 1043 1539 pradicaverunt
1064 1481 1289 1534 verbum
1318 1483 1432 1545 Dei,
1467 1499 1579 1537 non
1610 1486 1774 1539 multi
1803 1485 2016 1540 nobiles
2052 1503 2065 1538 :
2096 1486 2193 1539 sed
2224 1502 2348 1557 qua:
2377 1486 2552 1539 stulta
2578 1494 2712 1540 sunt
2733 1487 2929 1540 mundi
2949 1486 3138 1555 elegit,
3166 1483 3358 1553 probat
3381 1482 3517 1549 quia
3537 1480 3726 1531 stultos

462 1561 513 1608 et
527 1558 781 1623 inﬁrmos
797 1562 953 1628 elegit
975 1562 1213 1625 Deus,ut
1228 1566 1862 1633 confundat,erubescere
1879 1575 2072 1640 faciat,
2095 1575 2410 1646 sapientes;
2435 1581 2491 1630 et
2510 1575 2738 1630 inﬁrma
2764 1576 2959 1631 mundi
2978 1575 3149 1644 elegit
3161 1575 3332 1632 Deus,
3350 1576 3415 1625 ut
3426 1566 3726 1624 confundat

460 1643 629 1699 fortia
652 1662 664 1713 ;
698 1650 754 1701 et
786 1646 1057 1717 ignobilia
1083 1653 1297 1720 mundi,
1320 1660 1377 1709 et
1406 1653 1492 1712 33.
1524 1659 1966 1730 contemptibilis
1993 1643 2350 1732 elegit-Deus,
2385 1670 2443 1718 et
2473 1682 2542 1719 ea
2569 1683 2692 1736 quae
2713 1682 2826 1721 non
2854 1670 3004 1731 sunt,
3030 1643 3143 1720 non
3165 1679 3271 1717 esse
3298 1662 3650 1722 videbantur,
3669 1660 3733 1709 ut

1810 1777 2399 1836 COMMENTARIUS.

528 1875 618 1935 18.
650 1881 890 1935 Auensr.
920 1883 1008 1953 (ex
1037 1887 1132 1939 lib.
1165 1888 1238 1939 De
1267 1894 1429 1955 past,
1471 1906 1593 1960 cap,
1643 1892 1732 1960 12,
1760 1898 1899 1947 tom.
1936 1895 2052 1966 IX.)
2072 1897 2125 1955 A
2211 1893 2299 1952 28.
2323 1897 2528 1952 ΒΑΜ-ιι.
2555 1901 2707 1966 Quod
2734 1902 2971 1954 stultum
2991 1903 3093 1956 est.
3131 1892 3529 1988 Incarnatioft
3556 1887 3733 1988 Ρθῗδίο

458 1966 655 2020 Nonne
670 1973 920 2027 stultam.
952 1973 1168 2028 Dicitur
1193 1976 1494 2046 aliquando
1543 1981 1599 2034 in
1631 1983 1933 2053 Scripturis
1962 2001 2053 2038 sa-
2135 1984 2237 2039 Dei
2267 1992 2325 2039 et
2352 1987 2594 2042 hominis
2618 1990 2749 2043 Jesu
2781 1987 3008 2052 Christi,
3033 1982 3493 2058 quehujusmodi
3523 1978 3733 2050 sapien-

457 2053 674 2124 pientia
716 2074 816 2127 pro
866 2062 1093 2127 astutia,
1126 2062 1395 2120 abusione
1444 2068 1615 2136 verbi,
1647 2087 1761 2126 non
1809 2072 2057 2144 proprie-
2135 2072 2288 2128 tibus
2317 2076 2557 2131 stultitia
2578 2077 2929 2142 videbantur,
2957 2077 3229 2146 majorem
3260 2070 3596 2144 sapientiam
3618 2082 3738 2122 cou-

457 2146 597 2198 tate.

528 2229 618 2286 19.
642 2233 847 2287 ΙιΑΝΡιι.
880 2237 1097 2291 Placuit
1117 2242 1220 2293 Deo
1237 2259 1336 2311 per
1353 2248 1678 2313 stultitiam,
1714 2253 1819 2302 etc.
1852 2251 1978 2305 Non
2000 2251 2059 2305 in

457 2319 737 2410 sapientia
758 2324 908 2379 verbi
938 2328 1199 2397 praedico,
1231 2334 1375 2402 quod
1417 2336 1632 2405 probat,
1658 2338 1791 2408 quia
1809 2356 1910 2410 per
1924 2340 2060 2394 stul-

457 2407 644 2464 titiam
697 2413 910 2483 placuit
936 2416 1051 2471 Deo
1078 2419 1258 2474 salvos
1284 2422 1467 2477 facere
1496 2407 1829 2494 credentes;
1856 2434 1914 2482 et
1953 2429 2059 2483 hoc

368 2529 380 2540 ο
457 2500 677 2570 probat,
719 2502 851 2573 quia
880 2505 1157 2575 sapientia
1184 2512 1380 2565 mundi
1410 2530 1522 2568 non
1550 2516 1781 2586 placuit,
1801 2517 1949 2589 quod
1973 2524 2058 2572 est

458 2588 520 2642 in
548 2589 649 2643 Dei
677 2591 968 2663 sapientia,
995 2612 1106 2651 non
1136 2602 1397 2669 cognovit
1434 2605 1677 2659 mundus
1705 2623 1806 2677 per
1841 2606 2058 2678 sapien-

460 2677 603 2733 tiam
635 2679 835 2735 Deum.

529 2765 625 2825 20.
682 2772 879 2825 Judaei.
926 2774 1103 2828 Judaei
1151 2777 1673 2835 scandalizabantur
1709 2782 1841 2852 quia
1869 2800 2059 2854 regem

457 2872 625 2911 suum
644 2859 986 2916 cruciﬁxisse
1015 2864 1368 2922 dicebantur.

528 2942 617 3001 21.
650 2948 898 3007 AMBROS.
926 2952 1109 3005 Juda’i
1152 2957 1315 3022 signa
1367 2962 1581 3025 petunt.
1628 2960 1788 3014 Unde
1819 2961 2014 3016 dicunt
2042 2981 2055 3015 :

455 3032 571 3087 Nos
599 3035 808 3090 scimus
827 3038 960 3108 quia
987 3041 1165 3112 Moysi
1185 3043 1402 3100 locutus
1427 3053 1513 3101 est
1542 3049 1710 3116 Deus,
1733 3067 1861 3105 cum
1880 3052 2061 3121 majus

454 3120 530 3175 sit
558 3122 831 3180 Lazarum
851 3127 921 3182 de
936 3139 1303 3187 monumento
1330 3134 1512 3189 vivum
1536 3138 1755 3194 exiisse.

2140 2162 2325 2216 tinent
2344 2182 2512 2235 quam
2529 2166 2784 2220 homines
2810 2166 3027 2237 possint
3045 2164 3348 2235 inquirere,
3387 2165 3446 2216 et
3474 2158 3739 2227 majorem

2142 2252 2526 2308 fortitudinem
2547 2254 2755 2310 habent
2772 2271 2942 2326 quam
2971 2253 3227 2308 homines
3257 2255 3489 2323 possent
3516 2246 3736 2302 habere.

2141 2341 2249 2396 Per
2266 2344 2434 2397 ﬁdem
2475 2344 2623 2399 enim
2667 2362 2863 2400 eorum
2910 2350 2968 2398 et
3020 2348 3247 2415 peccata
3291 2340 3663 2394 remittuntur
3690 2341 3742 2389 et

2140 2431 2421 2487 daemones
2449 2435 2821 2505 expelluntur,
2852 2440 2909 2489 et
2935 2432 3065 2500 alia,
3097 2447 3226 2486 cum
3256 2428 3522 2499 resurgit,
3574 2425 3742 2480 mira-

2140 2521 2267 2575 cula
2285 2522 2446 2577 ﬁunt.

2213 2609 2301 2670 29.
2336 2614 2488 2678 Quod
2514 2616 2751 2667 stultum
2767 2617 2862 2665 est.
2882 2611 3092 2665 Probat
3111 2608 3397 2664 Christum
3410 2602 3744 2675 sapientiam

2143 2719 2282 2766 esse,
2307 2702 2439 2773 quia
2468 2702 2641 2756 etiam
2672 2701 2731 2755 in
2760 2702 2864 2754 hoc
2898 2699 3174 2771 sapientia
3201 2702 3305 2763 est,
3337 2695 3488 2767 quod
3529 2693 3747 2747 videtur

2142 2792 2379 2845 stultum
2427 2791 2496 2845 de
2538 2807 2622 2856 eo,
2680 2795 2738 2844 et
2785 2794 2944 2843 tanta
2972 2786 3268 2859 sapientia,
3325 2783 3475 2855 quod
3502 2785 3748 2853 nequeat

2142 2880 2541 2952 comprehendi
2562 2879 2633 2934 ab
2659 2878 2919 2934 omnibus
2941 2877 3090 2949 quod
3118 2882 3204 2930 est
3232 2872 3545 2946 sapientius
3570 2868 3749 2925 homi-

2143 2970 2326 3024 nibus.
2358 2971 2493 3024 Post
2537 2986 2666 3023 vero
2715 2967 2918 3040 probat
2949 2966 3239 3023 Christum
3281 2963 3551 3017 virtutem
3607 2974 3744 3019 esse,

2145 3060 2277 3130 quia
2295 3059 2354 3114 in
2379 3060 2484 3113 hoc
2512 3058 2661 3129 quod
2682 3058 2967 3112 inﬁrmum
2997 3057 3215 3110 videtur
3229 3054 3298 3108 de
3321 3069 3411 3113 eo.
3438 3051 3498 3105 in
3519 3050 3631 3104 hoc
3646 3047 3749 3101 vir-
3814 3100 3817 3103 η

2141 3156 2234 3203 tus
2265 3155 2369 3214 est,
2403 3153 2460 3202 et
2476 3153 2636 3202 tanta
2660 3148 2839 3201 virtus
2867 3146 3015 3217 quod
3045 3145 3247 3199 fortius
3275 3148 3363 3197 est
3396 3137 3746 3200 hominibus,

525 3208 614 3266 22·
643 3214 711 3266 Εί
735 3214 908 3269 θνατοί
934 3221 1291 3286 δαρίθηείιῖθη-
1313 3223 1458 3286 QUia
1486 3227 1686 3280 HOIUnt
1705 3228 1900 3281 audire
1927 3226 2127 3300 Prw-3
2145 3239 2201 3291 id
2230 3243 2333 3303 est,
2359 3208 2609 3309 nequeat
2635 3236 2705 3290 ab
2726 3236 2836 3290 illis
2856 3208 3285 3307 comprehendi;
3319 3233 3422 3285 hoc
3441 3229 3680 3284 stultum
3694 3230 3749 3278 et

454 3303 712 3370 terquem
746 3319 869 3373 quae
899 3307 1095 3360 mundi
1121 3311 1338 3365 ratione
1368 3314 1652 3383 possibilia
1677 3322 1828 3370 sunt.

522 3386 613 3441 23.
639 3392 842 3445 Judaeis
860 3397 1083 3461 quidem
1103 3402 1453 3455 scandalum.
1488 3404 1824 3459 Scandalum
1856 3412 1942 3459 est
1969 3406 2063 3460 Ju-

454 3474 590 3528 daeis
617 3476 752 3532 dum
781 3481 1020 3537 audiunt
1057 3485 1343 3543 Christum
1381 3491 1587 3546 Filium
1625 3494 1726 3547 Dei
1777 3510 1836 3547 se
1882 3494 2055 3565 proﬁ-

455 3567 689 3632 tentem,
713 3573 771 3621 et
799 3568 1100 3627 Sabbatum
1133 3584 1517 3634 evacuantem.

525 3651 613 3708 24.
646 3655 905 3711 Gentibus
953 3668 1137 3716 autem
1180 3669 1501 3723 stultitiam.
1556 3670 1663 3734 Qui
1709 3688 1777 3724 ea
1822 3671 2059 3725 audiunt

454 3741 778 3810 praedicare,
802 3748 1073 3816 quaedum
1092 3753 1294 3807 rationi
1309 3756 1566 3813 humanae
1582 3776 1695 3813 non
1716 3766 2053 3829 congruunt,

453 3828 740 3887 insensata
758 3835 1036 3903 videntur,
1068 3845 1131 3894 ut
1153 3849 1348 3912 partus
1380 3846 1643 3917 Virginis,
1694 3855 1752 3903 et
1801 3865 2053 3903 resurre-

454 3918 564 3973 ctio
593 3926 960 3980 mortuorum.

527 4006 617 4064 25.
680 4012 944 4067 Virtutem
1004 4020 1051 4068 et
1083 4016 1184 4070 Dei
1206 4020 1558 4085 sapientiam.
1588 4020 1781 4076 Virtus
1826 4023 1927 4078 Dei
1956 4031 2059 4111 est,

455 4096 589 4167 quia
615 4115 718 4170 per
745 4101 929 4173 ipsum
950 4105 1140 4159 omnia
1167 4106 1297 4160 fecit
1324 4105 1474 4160 Deus
1509 4108 1708 4177 Pater;
1761 4096 2058 4183 sapientia,

354 4200 365 4209 '
456 4186 589 4257 quia
610 4205 712 4259 per
738 4191 923 4262 ipsum
947 4194 1205 4264 cognitus
1238 4200 1325 4249 est
1343 4196 1513 4253 Deus.

523 4273 613 4333 26.
639 4281 881 4337 Auensr.
926 4284 1008 4350 (ex
1029 4285 1125 4338 lib.
1160 4300 1179 4340 ι
1210 4286 1409 4352 Quaest.
1471 4302 1686 4355 evang,
1743 4294 1942 4359 quaest.
1969 4289 2055 4357 14,

451 4369 588 4421 tom.
614 4367 731 4437 IV).
778 4372 1040 4426 Virtutem
1059 4375 1158 4428 Dei
1185 4379 1235 4427 et
1254 4377 1606 4443 sapientiam.
1622 4376 1701 4430 De
1713 4377 1950 4434 Domino
1966 4397 2062 4434 no-

451 4460 568 4508 stro
597 4456 859 4513 dixerunt
879 4462 1064 4530 gudaai
1099 4482 1110 4515 :
1143 4465 1289 4517 Unde
1326 4467 1600 4533 sapientia
1631 4466 1757 4527 hac.
1790 4473 1839 4520 et
1876 4472 2059 4524 virtu-

2145 3326 2454 3392 inﬁrmuni,
2487 3325 2797 3380 incarnatio
2828 3331 2885 3379 et
2916 3325 3102 3397 passio
3127 3322 3354 3387 Christi,
3372 3319 3749 3390 quibustanta

2146 3414 2420 3486 sapientia
2449 3421 2506 3469 et
2536 3415 2711 3469 virtus
2732 3419 2838 3478 est,
2866 3419 2929 3467 ut
2953 3413 3241 3467 evincatur
3268 3408 3522 3465 diabolus
3555 3412 3615 3460 et
3658 3420 3746 3458 re-

2143 3505 2392 3558 dimatur
2420 3505 2729 3558 humanum
2751 3519 2950 3573 genus.

2211 3594 2305 3650 30.
2332 3596 2574 3648 AMBRUS.
2609 3594 2761 3660 Quod
2785 3595 3080 3659 inﬁrmum
3109 3594 3181 3643 est
3202 3590 3320 3642 Dei.
3348 3586 3494 3650 Quia
3510 3581 3751 3639 inﬁrmi-

2141 3690 2228 3737 tas
2257 3683 2484 3748 Christi,
2525 3698 2732 3752 magna
2754 3681 2984 3735 victoria
3013 3702 3026 3744 ;
3059 3679 3208 3745 vicit,
3232 3693 3360 3731 cum
3386 3675 3567 3729 victus
3591 3672 3745 3727 vidc-

2140 3778 2316 3827 retur.

2219 3863 2308 3916 31.
2342 3863 2588 3916 AUGUST.
2625 3862 2706 3929 (ex
2735 3861 2920 3915 Tract.
2951 3860 3025 3914 15
3054 3862 3117 3913 in
3142 3860 3372 3919 Joann.,
3428 3859 3567 3907 tom.
3626 3851 3745 3918 IX).

2149 3951 2215 4005 Et
2236 3952 2379 4019 quod
2407 3954 2701 4018 inﬁrmum
2717 3956 2812 4003 est.
2836 3948 2982 4013 Quid
2999 3948 3174 4018 igitur
3191 3946 3337 3999 facta
3355 3947 3442 3997 est
3460 3941 3669 3995 mulier
3687 3939 3745 3991 in

2147 4046 2319 4107 costa,
2355 4046 2623 4111 tanquam
2647 4038 2836 4093 fortis:
2889 4038 3067 4092 factus
3123 4040 3209 4090 est
3257 4030 3540 4123 Adamdn
3579 4042 3747 4123 carne

2144 4137 2415 4201 tanquam
2442 4128 2737 4183 inﬁrmus?
2765 4127 3019 4182 Christus
3056 4130 3142 4180 est
3170 4130 3228 4179 et
3256 4119 3502 4177 Ecclesia
3532 4138 3545 4186 ;
3594 4117 3748 4173 illius

2141 4218 2458 4284 inﬁrmitas,
2488 4224 2681 4272 nostra
2705 4223 2791 4271 est
2819 4215 3105 4272 fortitudo.

2212 4306 2301 4364 32.
2324 4307 2540 4365 [μυηθῇ.
2580 4309 2703 4361 Non
2725 4309 2892 4361 multi
2919 4308 3205 4374 sapientes.
3223 4302 3484 4357 Fortasse
3515 4303 3749 4370 propter

2144 4413 2204 4450 se
2227 4397 2363 4450 dicit
2380 4396 2503 4463 hoc,
2536 4396 2669 4467 quia
2689 4396 2840 4450 solus
2860 4395 3009 4448 inter
3036 4392 3175 4446 alios
3192 4390 3490 4463 apostolos,
3522 4387 3745 4442 schola-

2141 4485 2291 4540 rium
2329 4486 2643 4540 litterarum
2681 4485 2917 4556 peritus,
2955 4489 3309 4537 terrenarum
3355 4495 3525 4550 opum
3565 4476 3745 4541 dives,

455 4547 529 4595 tes
548 4549 571 4596 ?
593 4544 882 4615 Sapientia
909 4549 967 4602 in
992 4550 1079 4604 his
1098 4567 1222 4621 quae
1244 4552 1597 4622 loquebatur.
1623 4554 1872 4610 Virtutes
1893 4557 1953 4611 in
1973 4559 2056 4613 his

2154 4575 2404 4629 Romanae
2432 4544 2722 4646 dignitatis
2751 4544 3040 4644 parentela
3072 4570 3403 4642 conspicuus
3440 4567 3566 4633 fuit,
3597 4566 3749 4621 sicut

454 4647 579 4701 qua:
609 4634 965 4703 operabatur.
992 4638 1124 4692 Ideo
1142 4641 1442 4709 Apostolus
1472 4641 1602 4696 dicit
1637 4644 1922 4699 Christum
1953 4648 2056 4702 Dei

450 4719 716 4777 virtutem
746 4729 803 4777 et
822 4725 923 4779 Dei
954 4727 1308 4796 sapientiam.
1348 4729 1627 4784 Virtutem
1655 4734 1851 4787 retulit
1875 4737 1947 4788 ad
1976 4737 2053 4791 si-

450 4825 564 4877 gna
591 4816 823 4882 propter
842 4814 1084 4870 Iudaeos.
1115 4817 1461 4887 Sapientiam
1490 4824 1700 4885 autem,
1723 4827 1822 4876 aut
1851 4823 2054 4879 doctri-

450 4912 584 4951 nam
611 4900 682 4953 ad
708 4900 946 4968 Graecos,
980 4902 1035 4956 id
1068 4910 1171 4970 est,
1202 4912 1399 4974 gentes
1456 4905 1558 4977 [αι.
1587 4908 1922 4979 sapientiam
1950 4927 2053 4966 au-

451 4992 568 5041 tem
590 4989 662 5043 ad
682 4990 994 5045 doctrinam
1024 5000 1251 5065 pr0pter
1267 4995 1531 5065 Graecos].

521 5076 608 5134 27.
636 5081 880 5138 Aucesr.
909 5082 1110 5153 (Enar.
1133 5087 1197 5138 in
1216 5086 1560 5153 psal.i.xvm,
1590 5087 1821 5141 concion
1852 5087 1898 5151 l,
1916 5096 2053 5143 tom.

449 5167 620 5234 VIII).
656 5171 798 5237 Quia
828 5172 972 5240 quod
998 5176 1233 5227 stultum
1261 5178 1354 5227 est.
1380 5174 1525 5237 Quid
1541 5175 1692 5229 enim
1721 5181 1837 5230 tam
1865 5177 2047 5232 simile
2128 5193 2407 5247 rationem
2471 5167 2757 5260 reddente,
2818 5191 3145 5248 exclamavit
3201 5189 3399 5243 Festus
3449 5207 3462 5241 :

2136 4668 2379 4718 testatur
2424 4665 2541 4735 ipse
2570 4664 2626 4717 in
2655 4662 2889 4716 Actibus
2914 4660 3297 4732 apostolorum
3330 4674 3344 4712 :
3381 4658 3489 4725 Ego
3516 4657 3747 4724 quidem

2137 4753 2296 4806 homo
2314 4769 2439 4805 sum
2467 4753 2708 4812 Judwus,
2742 4766 2777 4803 a
2813 4751 3014 4804 Tharso
3045 4749 3250 4803 Ciciliae
3279 4762 3393 4800 non
3426 4747 3624 4813 ignota:
3663 4746 3747 4797 ci-

2136 4843 2324 4894 vitatis
2355 4841 2657 4908 municeps.
2682 4837 2892 4892 Etalibi
2904 4835 3278 4906 interroganti
3297 4834 3521 4888 tribuno
3548 4837 3747 4887 utrum

2139 4929 2424 4982 Romanus
2451 4933 2616 4991 esset,
2648 4927 2938 4998 respondit
2963 4944 2975 4978 :
3002 4927 3208 4983 Etiam.
3228 4925 3294 4978 Et
3312 4924 3606 4977 tribunus:
3628 4921 3746 4987 Ego

2140 5021 2378 5070 multam
2398 5032 2678 5069 summam
2705 5033 2741 5069 a
2772 5018 2990 5070 civitate
3027 5016 3129 5067 hac
3164 5015 3480 5066 consecutus
3498 5025 3642 5063 sum.
3670 5010 3743 5062 Et

2140 5107 2348 5159 Paulus
2367 5107 2448 5159 ait
2481 5124 2496 5158 :
2537 5106 2646 5171 Ego
2692 5109 2880 5158 autem
2909 5110 2955 5157 et
2987 5107 3151 5156 natus
3180 5116 3326 5155 sum.
3372 5100 3442 5153 Et
3477 5098 3617 5153 alias
3670 5114 3743 5151 eo

3513 5189 3742 5242 Insanis

446 5256 840 5330 imprudentiae
869 5277 1058 5332 quam,
1109 5278 1237 5317 cum
1283 5261 1517 5317 haberet
1542 5264 1603 5318 in
1629 5270 1905 5335 potestate
1933 5283 2049 5321 una

2154 5286 2331 5347 ’aule;
2373 5287 2563 5338 multa
2582 5287 2777 5337 littera?
2806 5288 2854 5336 te
2882 5283 2956 5335 ad
2973 5282 3259 5334 insaniam
3278 5281 3623 5332 convertunt.

443 5361 574 5400 voce
602 5364 734 5403 suos
760 5357 1143 5420 persecutores
1172 5357 1546 5421 prosternere,
1563 5359 1851 5424 pateretur
1877 5370 1937 5407 se
1966 5359 2047 5410 te-

2200 5369 2547 5428 33.Auaus'r.
2574 5372 2772 5442 (Serm.
2801 5374 2839 5426 9
2881 5372 2953 5424 De
2976 5372 3153 5423 tribus
3182 5370 3377 5436 virgis,
3409 5370 3558 5421 inter
3605 5367 3740 5434 fra-

442 5435 584 5500 ΠθΓίι
620 5438 1552 5510 Παεθὶιενὶςοοηερυίοσοιειριιίῑετίν
1576 5443 2040 5513 εΡίηίεοοΓοΠαΓίν
2125 5466 2351 5528 gment.,
2384 5466 2523 5515 tom.
2676 5460 3137 5528 Contemptibitia.
3168 5435 3302 5521 Quae
3352 5472 3466 5510 non
3504 5470 3741 5524 compu-

444 5523 597 5593 ligno
609 5525 763 5596 afﬁgi
787 5527 812 5579 7
841 5527 1240 5600 Imprudentia:
1272 5529 1454 5583 simile
1475 5537 1579 5597 est,
1618 5538 1673 5585 et
1712 5533 1948 5587 stultum
1976 5533 2051 5586 vi-
2125 5523 2344 5603 Vtamur,

453 5612 638 5695 detur.
