4048 6176
308 273 409 327 161
1020 265 1097 320 ΙΝ
1136 265 1201 320 Ι).
1242 265 1459 321 PAULI
1498 266 1722 323 EPIST.
1767 268 2136 327 COMMENT.
2176 302 2247 313 —
2286 271 2508 329 EPIST.
2549 271 2646 327 AD
2686 274 2861 329 ROM.
3474 279 3582 338 162

304 413 375 451 ea
394 412 521 468 quae
540 399 690 460 sunt,
723 409 831 448 esse
855 393 1136 457 videntur,
1168 391 1506 458 destrueret,
1532 396 1596 446 ut
1622 409 1736 447 non
1762 394 2054 465 glorietur,
2079 396 2259 451 omnis
2282 413 2413 451 caro
2440 397 2499 451 in
2534 404 2833 469 conspectu
2862 401 3001 469 ejus.
3034 401 3112 455 Ex
3142 402 3263 474 ipso
3284 409 3494 469 autem,
3517 425 3585 462 ea:

307 490 485 556 ipsius
516 487 705 553 gratia
733 500 830 538 vos
862 483 998 537 estis
1035 482 1095 535 in
1124 481 1345 536 Christo
1366 483 1517 547 Jesu,
1548 485 1614 537 in
1642 485 1744 551 ﬁde
1770 486 1979 539 Christi
1993 489 2138 551 Jesu,
2173 486 2263 543 34.
2302 488 2399 558 qui
2429 488 2628 553 factus,
2662 491 3009 551 incarnatus,
3038 496 3167 557 46
3196 499 3283 547 est
3317 493 3476 549 nobis
3499 513 3587 551 sa-

304 575 545 647 pientia,
569 573 713 627 dans
737 575 1093 641 sapientiam,
1121 588 1154 623 a
1182 571 1319 625 Deo.
1347 570 1436 625 3:3.
1472 576 1527 625 et
1541 572 1782 641 justitia.
1803 577 2113 641 justitiam.
2148 580 2205 629 et
2232 576 2619 642 sanctiﬁcatio,
2649 581 3135 644 sanctiﬁcationem
3166 587 3222 635 et
3250 583 3582 656 redemptio,

308 667 761 733 redemptionem,
781 667 863 729 ut,
894 660 1370 733 quemadmodum
1397 660 1669 731 scriptum
1700 666 1787 716 est
1815 680 1825 714 :
1860 662 1948 729 36,
1969 662 2058 717 37.
2091 664 2199 727 Qui
2222 664 2517 734 gloriatur,
2539 665 2599 719 in
2627 666 2863 720 Domino
2887 666 3186 736 glorietur.

1781 778 2014 833 CAPUT
2046 778 2098 832 ΙΙ
2113 823 2125 836 .

380 896 451 950 Et
469 913 595 967 ego,
628 913 756 950 cum
784 896 1061 950 venissem
1083 896 1155 949 ad
1182 912 1296 962 vos,
1324 896 1544 962 fratres,
1566 896 1692 950 veni
1722 912 1836 950 non
1870 894 1916 951 1.
1939 894 1997 947 in
2027 893 2372 949 sublimitate
2401 896 2697 962 sermonis,
2720 914 2843 952 cum
2873 901 3222 968 syllogisticis
3247 906 3588 972 probationi-

308 988 432 1050 bus,
470 990 572 1038 aut
609 984 920 1056 sapientiae,
947 984 1289 1039 annuntians
1317 984 1470 1037 vobis
1510 984 1901 1038 testimonium
1939 983 2168 1037 Christi.
2202 983 2255 1037 2.
2281 984 2409 1037 Non
2439 984 2587 1037 enim
2614 989 2809 1054 probat
2847 992 2980 1056 quia
3008 994 3200 1044 stultos
3228 996 3417 1060 elegit;
3452 1010 3589 1049 nam.

302 1090 356 1127 se
381 1092 394 1126 :
429 1075 576 1142 quod
602 1079 680 1127 est
706 1074 780 1146 (et
806 1090 898 1142 ego
926 1090 1053 1127 cum
1082 1076 1365 1137 venissem,
1406 1070 1531 1144 etc.)
1552 1073 1798 1143 judicavi
1828 1090 1917 1126 me
1946 1074 2090 1127 scire
2114 1074 2327 1145 aliquid
2354 1075 2502 1129 inter
2529 1093 2625 1130 vos
2655 1078 2763 1131 nisi
2792 1079 2981 1132 Jesum
3034 1081 3339 1149 Christum,
3365 1084 3589 1139 ethunc

301 1163 655 1217 cruciﬁxum.
680 1164 749 1216 Et
764 1179 866 1233 ego
898 1166 1050 1232 (item
1069 1164 1267 1231 probat
1289 1165 1421 1232 quia
1452 1166 1789 1230 inﬁrmiores
1807 1166 1983 1229 elegit,
2007 1167 2140 1234 quia
2162 1182 2229 1229 se,
2260 1167 2405 1232 quod
2422 1171 2496 1219 est
2528 1172 2575 1219 et
2604 1183 2695 1235 ego
2725 1170 2788 1221 in
2812 1172 3165 1237 infirmitate,
3190 1176 3320 1240 etc.)
3344 1173 3402 1226 in
3430 1174 3585 1228 inﬁr—

302 1252 506 1306 mitate
527 1256 586 1305 et
608 1252 811 1306 timore
833 1254 1055 1316 anima,
1091 1256 1149 1305 et
1168 1258 1412 1306 tremore
1444 1254 1685 1320 corporis
1711 1252 1887 1305 multo
1915 1254 1997 1308 fui
2025 1255 2172 1325 apud
2204 1272 2298 1308 vos
2323 1274 2335 1321 ;
2365 1261 2422 1308 et
2451 1273 2634 1315 sermo
2659 1274 2836 1321 meus,
2866 1264 2923 1311 et
2950 1259 3273 1329 praedicatio
3295 1278 3438 1326 mea,
3472 1281 3586 1319 non

300 1343 419 1407 fuit
441 1341 498 1394 in
521 1340 574 1397 3.
592 1339 1053 1412 persuasibilibus
1074 1340 1335 1394 humanm
1355 1340 1641 1410 sapientiae
1658 1340 1857 1405 verbis,
1876 1341 2176 1397 dialecticis
2187 1346 2624 1412 probationibus,
2651 1345 2747 1398 sed
2770 1345 2825 1398 in
2848 1347 3164 1402 ostensione
3186 1348 3436 1419 spiritus,
3450 1353 3588 1419 (non

293 1432 440 1495 diri,
470 1433 588 1484 nisi
613 1432 759 1499 quod
785 1432 1022 1498 spiritus
1039 1431 1351 1483 ostendebat
1370 1430 1538 1498 mihi)
1566 1434 1622 1482 et
1650 1429 1892 1494 virtutis,
1918 1435 2282 1496 miraculum,
2316 1438 2380 1486 ut
2396 1433 2533 1486 ﬁdes
2566 1439 2749 1487 vestra
2781 1450 2888 1488 non
2921 1436 2992 1489 sit
3025 1436 3082 1489 in
3109 1437 3386 1507 sapientia
3409 1439 3590 1493 homi-

299 1536 461 1583 num,
493 1520 593 1573 sed
621 1520 680 1573 in
719 1519 929 1573 virtute
959 1519 1078 1572 Dei.
1105 1520 1187 1587 (Et
1216 1536 1283 1572 ne
1310 1521 1554 1572 dicerent
1579 1536 1704 1573 eum
1728 1523 1953 1584 nescire,
1985 1519 2190 1581 subdit)
2219 1521 2563 1591 Sapientiam
2587 1529 2775 1576 autem
2802 1524 3085 1593 loquimur
3112 1526 3261 1580 inter
3279 1527 3585 1597 perfectos;

300 1609 641 1680 sapientiam
670 1625 802 1663 vero
821 1626 939 1663 non
965 1609 1130 1679 hujus
1158 1608 1366 1674 saeculi,
1385 1608 1438 1671 4,
1462 1625 1645 1680 neque
1677 1609 2013 1680 principum,
2046 1614 2126 1664 ret
2149 1612 2459 1663 daemonum
2488 1612 2656 1680 hujus
2677 1612 2885 1676 saeculi,
2910 1613 3005 1683 qui
3028 1614 3425 1681 destruantur;
3454 1618 3504 1684 5,
3532 1614 3586 1674 6.

300 1699 402 1752 sed
434 1698 721 1769 loquimur
750 1699 1064 1768 exponendo
1088 1697 1188 1751 Dei
1209 1697 1549 1768 sapientiam
1568 1697 1621 1750 7.
1652 1699 1710 1753 in
1733 1700 2000 1769 mysterio
2020 1717 2141 1769 qua:
2163 1698 2488 1754 abscondita
2514 1706 2617 1766 est,
2651 1718 2818 1771 quam
2842 1703 3259 1772 prazdestinavit
3290 1704 3438 1759 Deus
3460 1711 3591 1760 ante

302 1790 511 1841 saecula
530 1790 732 1856 futura
753 1788 810 1841 in
826 1788 1065 1858 gloriam
1082 1792 1355 1853 nostram,
1376 1789 1435 1841 id
1456 1792 1549 1853 est,
1562 1804 1663 1856 per
1679 1805 1797 1842 eam
1815 1794 1873 1853 4
1886 1794 1936 1853 τ
1957 1792 2336 1857 gloriﬁcemur
2350 1810 2367 1855 ,-
2383 1795 2435 1847 ὃ.
2452 1808 2619 1862 quam
2636 1792 2688 1846 9.
2712 1809 2876 1846 nemo
2890 1792 3198 1864 principum
3221 1794 3388 1864 hujus
3402 1795 3591 1850 saeculi

305 1878 586 1949 cognovit.
618 1878 678 1932 Si
707 1877 859 1932 enim
881 1877 1288 1948 cognovissent,
1320 1874 1411 1931 10.
1442 1894 1734 1948 nunquam
1772 1878 2075 1933 Dominum
2102 1879 2295 1950 gloria:
2324 1881 2747 1947 cruciﬁxissent,
2780 1886 3035 1950 cruci/igi
3062 1886 3440 1950 insligassent.
3481 1883 3593 1938 Sed

304 1965 453 2021 sicut
478 1966 751 2037 scriptum
779 1971 866 2020 est
896 1981 907 2015 :
941 1967 1037 2019 hoc
1066 1967 1268 2021 scilicet
1299 1969 1450 2035 quia,
1481 1966 1570 2022 ll.
1602 1966 1763 2031 Quod
1792 1967 1986 2021 oculus
2015 1973 2205 2024 carnis
2234 1987 2346 2024 non
2368 1970 2525 2035 vidit,
2557 1988 2659 2025 nec
2681 1970 2833 2025 auris
2863 1974 3109 2026 carnalis
3141 1972 3375 2038 audivit,
3405 1989 3509 2027 nec
3532 1973 3591 2027 in

1647 2084 2240 2141 COMMENTARIUS.

376 2200 470 2258 34.
520 2202 627 2268 Qui
662 2202 841 2268 factus
886 2205 962 2253 est
1001 2201 1176 2253 nobis.
1209 2199 1390 2271 Elegit
1436 2199 1586 2254 Deus
1625 2215 1747 2269 quae
1793 2200 2275 2261 nonAviderunt.
2317 2201 2610 2273 Sapientes
2633 2201 2715 2256 illi
2742 2201 2951 2273 magni,
2978 2168 3166 2274 arguti
3207 2203 3587 2275 disputatores

307 2298 463 2357 sunt,
490 2290 547 2349 id
579 2294 665 2344 est
692 2306 819 2360 qua:
849 2305 963 2343 non
990 2294 1411 2360 computantur.

378 2379 479 2435 35.
515 2379 762 2434 Aeousr.
790 2378 976 2449 (epist.
1007 2376 1107 2434 221
1140 2380 1215 2433 ad
1243 2380 1477 2435 Consen.
1515 2382 1653 2433 tom.
1685 2377 1776 2450 II).
1812 2380 1916 2433 Fa-

308 2476 431 2524 ctus
461 2474 538 2522 est
564 2470 716 2523 nobis
732 2470 963 2536 justitia
982 2484 1017 2521 a
1042 2468 1169 2522 Deo.
1197 2467 1353 2522 Sicut
1381 2472 1571 2522 autem
1599 2484 1728 2522 cum
1762 2468 1836 2522 sit
1856 2468 1915 2523 in

310 2575 370 2613 se
400 2558 523 2629 ipso
553 2558 685 2621 vita,
707 2557 878 2611 etiam
908 2558 974 2610 ﬁt
992 2555 1153 2610 nobis
1178 2557 1311 2623 vita,
1345 2573 1473 2611 cum
1499 2558 1621 2627 ejus
1641 2556 1917 2611 efﬁcimur

312 2646 649 2718 participes;
681 2645 763 2699 ita
785 2661 913 2699 cum
940 2644 998 2699 in
1028 2662 1088 2699 se
1116 2646 1238 2716 ipso
1256 2646 1331 2700 sit
1354 2645 1594 2716 justitia,
1619 2646 1790 2700 etiam
1820 2662 1917 2700 no-

310 2735 397 2790 bis
424 2736 491 2789 ﬁt
513 2734 754 2804 justitia,
795 2750 924 2788 cum
959 2734 1014 2789 ei
1043 2735 1375 2789 cohaerendo
1404 2734 1545 2790 bene
1583 2734 1840 2789 vivimus.

382 2822 472 2879 36.
518 2826 767 2878 Aususr.
815 2824 911 2896 (ea:
951 2831 1137 2883 Genes.
1172 2825 1246 2877 ad
1284 2824 1395 2889 lit.,
1441 2823 1540 2878 lib.
1580 2837 1657 2890 x1,
1691 2841 1819 2895 cap.
1858 2823 1913 2887 8,

311 2921 450 2968 tom.
476 2913 608 2980 III).
638 2916 747 2980 Qui
771 2915 1073 2981 gloriatur.
1108 2912 1201 2967 Sic
1229 2913 1326 2984 qui
1354 2912 1650 2983 gloriatur,
1681 2930 1793 2967 non
1809 2913 1917 2967 nisi

312 3003 371 3057 in
394 3002 638 3057 Domino
661 3001 967 3072 glorietur:
999 3018 1129 3056 cum
1157 3002 1445 3073 cognoscit
1471 3019 1584 3057 non
1611 3018 1801 3065 suum,
1820 3002 1919 3056 sed

315 3092 467 3146 illius
514 3108 639 3145 esse
670 3107 784 3144 non
827 3091 1009 3144 solum
1039 3098 1102 3144 ut
1132 3091 1223 3158 sit,
1275 3108 1472 3145 verum
1501 3092 1672 3146 etiam
1699 3096 1765 3145 ut
1807 3107 1921 3146 non

317 3181 423 3235 nisi
453 3180 526 3234 ab
556 3180 652 3233 illo
679 3179 821 3234 bene
849 3179 955 3233 sibi
984 3180 1076 3243 sit,
1108 3198 1142 3234 a
1170 3196 1281 3250 quo
1310 3179 1484 3235 habet
1519 3185 1584 3234 ut
1611 3181 1704 3234 sit.

385 3268 484 3329 37.
520 3269 736 3323 Lam-‘3.
768 3271 875 3336 Qui
909 3270 1213 3336 gloriatur,
1254 3272 1321 3341 in
1358 3271 1589 3324 Domino
1613 3272 1911 3338 glorietur.

321 3360 440 3413 Hoc
488 3356 879 3411 testimonium
926 3356 986 3411 in
1033 3356 1279 3411 Ieremia
1328 3357 1411 3411 ita
1450 3358 1697 3428 legitur:
1731 3360 1798 3412 In
1827 3358 1923 3410 hoc

322 3449 615 3517 glorietur,
657 3447 758 3514 qui
782 3448 1085 3514 gloriatur,
1114 3448 1254 3500 scire
1282 3451 1331 3500 et
1362 3462 1511 3500 nosse
1539 3462 1643 3513 me,
1671 3448 1805 3514 quia
1830 3461 1923 3513 ego

323 3554 443 3593 sum
474 3538 767 3590 Dominus.

393 3625 561 3680 CAP.
594 3624 667 3678 ΙΙ.
696 3652 761 3663 -
800 3622 822 3679 1
857 3623 1062 3677 Lara.
1098 3624 1221 3678 Non
1252 3626 1315 3676 in
1344 3624 1704 3680 sublimitate.
1738 3622 1925 3677 Subli-

324 3714 585 3768 mitatem
612 3711 889 3766 sermonis
917 3717 1079 3765 vocat
1104 3712 1362 3783 logicum,
1396 3711 1529 3783 quia
1558 3712 1682 3782 ipsa
1709 3717 1829 3765 tota
1857 3711 1927 3765 de

326 3802 632 3857 artiﬁciosa
658 3801 912 3855 oratione
958 3806 1068 3858 est.
1107 3800 1452 3871 Sapientiam
1492 3807 1652 3854 vocat
1678 3800 1927 3871 quadru-

324 3893 480 3947 vium
524 3889 949 3962 [quadrivium],
982 3896 1040 3943 et
1087 3888 1329 3943 maxime
1376 3888 1550 3943 libros
1588 3889 1923 3955 Platonicos,

328 3981 592 4053 speciem,
623 3979 852 4033 nomine
878 3978 1106 4049 generis
1143 3977 1470 4049 designans.

395 4069 460 4127 ‘2.
498 4070 741 4143 Areusr.
773 4069 868 4135 (De
906 4069 1133 4133 Trinit.,
1167 4066 1266 4120 lib.
1299 4082 1339 4130 Ι,
1371 4084 1492 4139 cap.
1522 4065 1607 4133 l2,
1630 4072 1767 4121 tom.
1801 4067 1926 4134 III).

334 4160 455 4215 Non
485 4161 637 4211 enim
663 4157 923 4225 judicavi
946 4172 1032 4210 me
1052 4158 1211 4211 scire.
1240 4156 1333 4210 Eis
1360 4156 1694 4227 loquebatur
1722 4154 1818 4225 qui
1846 4170 1933 4208 ca-

334 4263 468 4318 pere
492 4246 693 4300 altiora
719 4246 789 4299 de
819 4244 1028 4299 Christi
1047 4244 1256 4300 deitate
1284 4261 1398 4299 non
1424 4249 1703 4316 poterant.
1733 4244 1802 4298 Et
1827 4243 1933 4297 hoc

338 4336 517 4390 solum
535 4351 595 4390 se
614 4335 757 4389 scire
772 4333 992 4388 dicebat
1011 4334 1159 4405 quod
1184 4351 1279 4389 eos
1297 4350 1400 4405 per
1426 4333 1583 4387 illum
1612 4333 1755 4387 scire
1774 4348 1935 4404 opor-

337 4425 512 4479 tebat.
543 4425 662 4479 Hoc
675 4423 827 4478 inter
850 4423 975 4477 illos
1002 4422 1289 4478 nesciebat
1318 4423 1465 4495 quod
1484 4439 1585 4494 per
1602 4422 1761 4476 illum
1790 4421 1933 4476 scire

337 4530 451 4569 non
489 4517 772 4584 poterant.

413 4601 465 4659 3.
502 4603 706 4657 Lara.
742 4603 1221 4657 Persuasibilibus.
1259 4601 1616 4656 Rhetoricam
1644 4600 1849 4671 tangit,
1880 4600 1939 4655 in

341 4708 454 4764 qua
481 4692 692 4746 dantur
721 4696 1001 4763 praecepta
1037 4691 1293 4763 apposite
1331 4690 1487 4762 loqui
1517 4691 1589 4745 ad
1616 4689 1937 4762 persuasio-

344 4798 469 4836 nem
479 4824 492 4834 .

400 4873 457 4924 4.
489 4872 670 4939 Neque
692 4870 1040 4939 principum.
1073 4868 1359 4940 Principes
1382 4868 1473 4923 hic
1497 4873 1656 4924 vocat
1683 4868 1937 4940 egregios

344 4958 725 5029 philosophos,
755 4974 791 5012 a
818 4956 1020 5028 quibus
1049 4962 1107 5011 et
1150 4973 1251 5027 per
1288 4974 1429 5028 quos
1458 4958 1812 5029 philosophia
1857 4956 1940 5011 in-

344 5053 511 5101 venta
531 5052 641 5105 est.
676 5047 800 5111 Quo
829 5046 1058 5101 nomine
1080 5045 1140 5099 in
1168 5045 1526 5101 saecularibus
1545 5047 1716 5100 etiam
1736 5047 1939 5101 litteris

347 5142 666 5201 censentur,
698 5140 762 5190 ut
792 5134 984 5190 Cicero
1030 5134 1091 5188 in
1117 5134 1335 5205 topicis.
1380 5135 1693 5204 Utriusque,
1735 5135 1936 5207 inquit,

342 5229 617 5294 princeps,
646 5229 711 5277 ut
740 5225 884 5278 mihi
906 5225 1149 5291 videtur,
1176 5225 1487 5278 Aristoteles
1521 5225 1653 5291 fuit.

419 5314 478 5371 5.
515 5315 769 5370 Auens'r.
802 5314 885 5379 (ea
922 5329 1089 5367 serm.
1118 5314 1183 5367 de
1219 5315 1337 5375 lect.
1365 5315 1430 5367 in
1458 5314 1555 5368 Ev.
1599 5315 1761 5367 Joan.
1793 5315 1943 5383 apud

349 5401 565 5473 Bedam)
597 5401 705 5458 Sed
733 5404 1038 5472 loquimur.
1068 5400 1267 5456 Gratia
1295 5401 1407 5457 ista
1434 5400 1757 5457 Christiana
1780 5401 1945 5473 (quia

350 5491 540 5548 omnia
577 5490 805 5547 Christo
833 5490 1047 5545 tradita
1080 5495 1215 5546 sunt
1247 5507 1282 5546 a
1326 5490 1519 5563 Patre)
1544 5508 1739 5547 omnes
1773 5491 1944 5545 latuit

352 5581 632 5653 sapientes
650 5579 822 5651 hujus
844 5580 1060 5637 mundi.
1080 5580 1239 5636 Hanc
1252 5581 1472 5653 Moyses
1489 5581 1644 5649 vidit,
1658 5581 1942 5652 prophetae

1997 2290 2225 2344 omnino
2254 2290 2657 2361 ignoraverunt
2679 2311 2691 2359 ;
2720 2292 2825 2346 hoc
2840 2298 2925 2346 est
2948 2292 3280 2363 mysterium
3300 2294 3451 2365 quod
3471 2294 3593 2349 abs-

1997 2377 2285 2432 conditum
2306 2379 2416 2433 fuit
2442 2396 2476 2433 a
2503 2380 2717 2435 szeculis
2736 2380 2795 2433 in
2816 2381 2951 2435 Deo.

2065 2464 2127 2523 6.
2151 2468 2519 2523 Auunos.Sed
2538 2472 2822 2537 loquimur
2842 2471 2941 2523 Dei
2967 2474 3319 2539 sapientiam.
3344 2471 3595 2527 Abscon-

1997 2554 2118 2610 dita
2141 2560 2228 2610 est
2252 2572 2384 2625 ergo
2420 2556 2697 2627 sapientia
2722 2557 2843 2620 Dei,
2877 2558 3008 2612 dum
3035 2575 3146 2614 non
3175 2560 3235 2613 in
3265 2559 3468 2629 verbis,
3496 2562 3595 2616 sed

1998 2644 2056 2697 in
2103 2644 2308 2697 virtute
2338 2649 2438 2709 est,
2476 2661 2589 2699 non
2638 2646 2883 2700 humana
2918 2647 3136 2702 ratione
3164 2648 3462 2720 possibilis,
3496 2649 3596 2704 sed

2000 2733 2231 2805 spiritus
2256 2734 2505 2788 efﬁcacia
2531 2735 2830 2789 credibilis.

2072 2824 2124 2877 7.
2153 2823 2358 2877 Lmen.
2385 2826 2454 2878 1n
2474 2827 2751 2893 mysterio.
2780 2824 3116 2894 Exponendo
3142 2826 3413 2895 mysteria
3434 2828 3596 2881 Vete-

1999 2911 2077 2965 ris
2095 2911 2456 2979 Testamenti,
2481 2912 2542 2966 in
2563 2911 2765 2983 quibus
2784 2912 3067 2967 Christum
3091 2914 3396 2983 ﬁguratum
3423 2915 3594 2971 fuisse

2002 3000 2323 3058 asset-imus.

2073 3087 2126 3145 8.
2184 3091 2427 3143 AMBROS.
2478 3092 2656 3157 Quam
2705 3104 2863 3145 nemo
2904 3093 3250 3159 principum.
3308 3092 3597 3164 Principes

2004 3178 2174 3247 hujus
2201 3178 2407 3242 saeculi,
2441 3194 2554 3231 non
2578 3178 2762 3231 solum
2804 3177 3062 3231 homines
3108 3177 3415 3249 accipiendi
3441 3186 3593 3245 sunt,

2004 3266 2103 3320 sed
2148 3271 2206 3319 et
2248 3266 2287 3319 ii
2337 3266 2600 3320 adversus
2656 3282 2796 3337 quos
2824 3265 2985 3320 nobis
3028 3267 3345 3321 colluctatio
3376 3273 3461 3322 est
3501 3268 3598 3338 qui

2004 3354 2258 3409 sciebant
2283 3371 2404 3409 esse
2429 3354 2718 3409 Christum
2747 3356 2807 3409 in
2833 3356 2954 3425 lege
2978 3356 3316 3425 promissum
3339 3375 3352 3424 ;
3385 3362 3600 3428 myste-

2005 3445 2154 3499 rium
2183 3450 2376 3498 tamen
2404 3445 2541 3513 ejus,
2578 3461 2688 3515 quo
2716 3444 2889 3498 Filius
2915 3445 3015 3498 Dei
3045 3449 3147 3517 est,
3181 3445 3526 3501 nesciebant.

2079 3533 2130 3588 9.
2186 3533 2392 3587 LANFR.
2452 3535 2620 3586 Nemo
2673 3535 3016 3602 principum,
3051 3539 3157 3587 etc.
3210 3534 3420 3589 Probat
3469 3526 3628 3607 quia.

2008 3639 2174 3676 nemo
2194 3621 2531 3693 principum,
2557 3621 2687 3692 quia
2710 3621 2980 3692 scriptum
3010 3631 3113 3676 est.
3145 3623 3306 3689 Item,
3332 3625 3461 3695 quia
3488 3642 3603 3680 non

2008 3716 2402 3783 cognoverunt,
2429 3711 2562 3782 quia
2591 3710 2648 3764 hi
2672 3710 2768 3781 qui
2797 3710 3040 3780 diligunt
3059 3727 3189 3764 eum
3207 3715 3603 3768 tantum.Nam

2008 3818 2128 3865 nos,
2164 3801 2311 3871 quod
2348 3806 2434 3854 est
2465 3798 2627 3854 nobis
2682 3804 2870 3853 autem
2904 3799 3185 3853 revelavit.
3220 3800 3427 3854 Probat
3470 3802 3604 3873 quia

2010 3886 2291 3953 revelavit,
2332 3901 2461 3938 nam
2494 3902 2595 3956 per
2635 3883 2925 3955 Spiritum,
2977 3889 3082 3938 etc.
3125 3885 3195 3938 Et
3238 3885 3343 3939 hoc
3380 3886 3597 3956 probat,

2012 3975 2144 4047 quia
2174 3992 2277 4029 nos
2321 3974 2635 4044 accepimus
2684 3974 2976 4044 Spiritum,
3010 3978 3116 4027 etc.
3162 3974 3309 4043 quod
3357 3980 3460 4040 est,
3506 3977 3605 4030 sed

2013 4064 2284 4134 Spiritum
2305 4063 2402 4134 qui
2427 4079 2494 4117 ex
2523 4062 2644 4116 Deo
2671 4068 2772 4118 est.
2804 4068 2910 4116 etc.
2947 4063 3018 4116 Et
3044 4061 3244 4131 probat
3270 4062 3403 4131 quia
3432 4063 3606 4133 Spiri-

2011 4158 2136 4207 tum
2173 4151 2276 4206 Dei
2305 4150 2621 4222 acceperit:
2664 4149 2797 4220 quia
2823 4165 2937 4203 non
2980 4148 3295 4218 accepimus
3348 4149 3605 4219 spiritum

2013 4242 2184 4311 hujus
2215 4239 2432 4294 mundi.

2086 4329 2167 4387 10.
2198 4331 2437 4384 Αυαυετ.
2473 4329 2553 4397 (ea:
2574 4329 2670 4382 lib.
2704 4341 2724 4380 Ι
2750 4328 2821 4381 De
2858 4328 3039 4393 Trin.,
3080 4343 3128 4380 c.
3159 4323 3268 4398 l3).
3301 4329 3607 4398 Nunquam

2014 4421 2316 4474 Dominum
2349 4419 2556 4485 gloria.
2617 4416 2695 4469 Ex
2744 4415 2929 4469 forma
2976 4414 3121 4469 servi
3171 4413 3465 4471 cruciﬁxus
3501 4422 3605 4484 est,

1958 4499 2149 4562 Ctalis
2178 4506 2329 4561 enim
2371 4510 2494 4561 erat
2536 4504 2635 4559 illa
2657 4503 2937 4575 susceptio
2968 4521 3091 4575 quae
3116 4505 3291 4559 Deum
3323 4505 3609 4561 hominem

2018 4597 2245 4654 faceret.
2277 4601 2335 4649 et
2362 4594 2649 4649 hominem
2696 4593 2897 4648 Deum.
2954 4592 3098 4657 Quid
3140 4599 3350 4661 tamen,
3382 4600 3613 4667 propter

2021 4686 2174 4757 quid,
2206 4691 2263 4739 et
2291 4684 2470 4757 [quid]
2510 4682 2817 4737 secundum
2864 4681 2999 4752 quid
3044 4682 3265 4737 dicatur
3311 4683 3613 4753 adjuvante

2018 4774 2277 4842 Domino,
2311 4773 2558 4845 prudens
2604 4777 2662 4827 et
2687 4771 2928 4841 diligens
2971 4776 3029 4825 et
3054 4771 3180 4842 pius
3225 4771 3401 4826 lector
3443 4773 3613 4828 intel-

2019 4863 2182 4935 liget.
2786 4930 2795 4937 '

2092 4954 2189 5011 1|.
2229 4953 2417 5008 LANFR
2473 4953 2622 5018 Quod
2650 4954 2839 5006 oculus
2888 4966 3001 5004 non
3043 4950 3202 5004 vidit.
3229 4949 3439 5005 Probat
3463 4951 3613 5024 quod

2020 5043 2279 5114 superius
2308 5041 2479 5095 dixit:
2513 5043 2683 5095 Nemo
2720 5042 3047 5109 principum
3076 5040 3243 5108 hujus
3272 5045 3459 5097 δίπουιί
3486 5059 3618 5109 cog-

2023 5136 2195 5188 novit.
2227 5130 2573 5202 Sapientiam
2593 5129 2744 5183 enim
2768 5127 2889 5193 Dei,
2917 5127 2973 5180 id
2994 5133 3096 5193 est,
3128 5128 3430 5182 Dominum
3456 5129 3615 5184 Chri-

2022 5226 2192 5288 stum,
2221 5237 2342 5292 qua:
2361 5217 2723 5290 diligentibus
2751 5233 2881 5271 eum
2901 5215 2959 5270 in
2986 5215 3279 5287 praemium
3301 5222 3615 5287 praeparata

2023 5316 2126 5377 est,
2159 5326 2263 5364 nec
2289 5309 2482 5364 oculus
2505 5307 2663 5373 vidit,
2700 5312 2803 5361 etc.
2830 5304 3013 5360 Habet
3036 5309 3227 5359 autem
3262 5304 3532 5375 scriptum
3554 5305 3614 5361 in

2024 5400 2172 5456 Isaia
2193 5399 2273 5453 sic
2304 5416 2316 5450 :
2354 5398 2545 5454 Oculos
2585 5412 2699 5451 non
2749 5396 2909 5461 vidit,
2940 5395 3100 5461 Deus,
3147 5393 3344 5460 absque
3393 5397 3459 5457 te,
3494 5409 3615 5464 quas

2019 5492 2348 5559 preparasti
2370 5488 2725 5554 diligentibus
2756 5490 2821 5537 te.
