4048 6176
460 298 562 358 167
1431 302 1496 356 B:
1534 301 1950 359 LANFRANCI
1991 300 2354 361 CANTUAR.
2391 292 2732 355 ARCHIEP.
3604 301 3706 357 168

456 428 610 483 enim
638 427 804 499 (ratio
835 444 938 483 cur
956 443 1069 482 non
1096 429 1321 481 debeant
1346 430 1590 495 gloriari
1617 430 1683 482 in
1711 429 2042 493 doctoribus,
2066 431 2270 483 scilicet
2291 431 2427 497 quia
2466 429 2599 479 sunt
2631 422 2915 490 ministri)
2942 424 3127 476 vestra
3155 428 3306 490 sunt,
3339 423 3453 477 sive
3480 423 3706 492 Paulus,

454 517 569 572 sive
597 518 832 589 Cephas,
861 514 944 573 18.
976 516 1092 570 sive
1120 517 1209 569 hic
1237 516 1500 582 mundus,
1539 514 1626 572 19.
1658 517 1775 571 sive
1807 517 1939 583 vita,
1971 518 2273 582 doctorum,
2306 532 2425 585 quae
2447 516 2522 569 ad
2547 513 2961 578 aediﬁcationem
2990 512 3223 565 subditis
3252 529 3361 567 esse
3397 514 3563 578 debet,
3602 514 3711 568 sive

453 622 627 672 mors,
660 606 775 660 sive
801 605 1116 676 praesentia,
1151 604 1265 658 sive
1290 605 1521 673 futura;
1544 605 1733 660 omnia
1761 605 1914 660 enim
1943 609 2131 659 vestra
2159 610 2324 671 sunt;
2360 620 2454 659 vos
2477 607 2667 657 autem
2693 598 2899 655 Christi
2932 617 2943 651 :
2986 598 3075 657 20.
3114 600 3371 656 Christus
3415 605 3607 656 autem
3626 619 3713 656 se-

459 697 706 749 cundum
726 696 1003 748 hominem
1023 692 1142 748 Dei.

1908 790 2142 845 CAPUT
2169 789 2265 843 IV.

526 904 578 957 1.
602 904 692 958 Sic
715 920 817 958 nos
836 908 1097 972 apostolos
1110 905 1393 960 existimet
1418 906 1551 975 (non
1573 911 1636 959 ut
1656 906 1897 973 aliquid)
1918 906 2114 973 homo,
2134 908 2198 958 ut
2227 902 2514 957 ministros
2535 903 2763 969 Christi,
2788 919 2899 956 non
2929 907 2993 956 ut
3013 905 3260 958 dominos
3283 907 3341 958 et
3356 902 3410 960 2.
3435 903 3716 975 dispensa-

458 998 607 1046 tores
644 992 1043 1064 mysteriorum
1072 994 1192 1059 Dei,
1219 997 1652 1063 przcdicationis,
1685 998 1767 1048 vel
1789 995 2103 1057 sacerdotii,
2125 998 2171 1046 et
2193 994 2441 1045 aliorum.
2460 1008 2750 1045 sacrorum
2771 993 3060 1045 ordinum.
3093 991 3144 1046 3.
3178 992 3283 1045 Hic
3298 993 3420 1063 jam
3448 994 3718 1063 quaeritur

454 1083 681 1149 (horum
712 1083 1003 1135 verborum
1034 1085 1643 1151 occasionearguendos)
1671 1083 1821 1137 inter
1838 1100 1933 1137 nos
1944 1082 2359 1152 dispensatores
2387 1079 2444 1136 4.
2473 1087 2539 1134 ut
2564 1080 2743 1134 ﬁdelis
2765 1079 2887 1151 quis
2909 1080 3244 1135 inveniatur.
3279 1083 3329 1136 5.
3370 1082 3509 1136 Mihi
3528 1089 3717 1138 autem

454 1186 557 1240 pro
588 1170 821 1224 minimo
839 1176 927 1225 est
941 1176 1005 1224 ut
1020 1187 1055 1224 a
1068 1171 1220 1226 vobis
1243 1172 1552 1241 judicer,in
1572 1175 1903 1226 ministeriis
1931 1172 2314 1240 dispensandis
2334 1171 2726 1238 reprehendar,
2744 1169 2797 1222 6.
2822 1174 2923 1223 aut
2942 1168 3011 1223 ab
3030 1170 3276 1224 humano
3299 1170 3713 1237 die,inteltcctu;

456 1260 554 1313 sed
584 1276 765 1329 neque
795 1259 1074 1329 meipsum
1099 1260 1310 1330 judico,
1341 1264 1403 1315 in
1428 1262 1513 1314 his
1533 1278 1651 1329 quae
1670 1262 1744 1315 ad
1770 1263 2017 1328 ofﬁcium
2036 1262 2340 1328 pertinent,
2361 1259 2693 1326 reprehendo
2720 1260 2867 1328 quod
2889 1260 3145 1325 facerem,
3167 1262 3217 1313 si
3229 1262 3548 1327 faciendum
3566 1267 3710 1316 esset.

456 1347 609 1401 Nihil
629 1348 777 1401 enim
790 1347 929 1400 mihi
946 1351 1007 1401 in
1032 1351 1313 1414 mysteriis
1327 1350 1710 1417 dispensandis
1733 1348 1988 1402 conscius
2001 1347 2204 1412 sum,7.
2224 1347 2321 1400 sed
2336 1363 2449 1401 non
2471 1346 2528 1400 in
2542 1353 2603 1410 5
2618 1352 2654 1410 ι
2685 1346 2791 1399 hoc
2803 1347 3148 1416 justiﬁcatus
3167 1365 3313 1415 sum;
3334 1347 3371 1402 8
3415 1349 3511 1419 qui
3527 1355 3717 1404 autem

450 1437 666 1506 judicat
685 1453 775 1489 me
798 1438 1263 1507 (vos,inquit,non
1288 1438 1480 1491 debitis
1509 1455 1593 1491 me
1609 1439 1889 1505 judicare,
1905 1440 2038 1505 quia
2059 1439 2330 1490 Dominus
2349 1436 2514 1505 solus)
2534 1435 2805 1489 Dominus
2817 1437 3125 1507 est.Itaque
3153 1438 3329 1492 nolite
3346 1445 3477 1493 ante
3494 1445 3718 1511 tempus

450 1526 703 1597 judicare
719 1528 869 1596 (quia
890 1527 1116 1579 Domini
1126 1532 1199 1579 est
1204 1528 1482 1595 judicare)
1506 1528 1690 1597 quoad
1705 1543 1884 1597 usque
1904 1524 2446 1589 veniatDominus,9.
2467 1524 2563 1594 qui
2582 1523 2988 1578 etilluminabit
2998 1524 3325 1579 abscondita
3334 1527 3713 1593 tenebrarum,

455 1617 665 1670 occulta
686 1617 931 1668 crimina
951 1616 1280 1682 iniquorum
1293 1617 1719 1681 tenebrosorum,
1736 1620 1792 1669 et
1814 1614 2195 1669 manifestabit
2214 1613 2449 1668 consilia
2465 1613 2800 1679 cordium.et
2817 1615 3084 1669 tunclaus
3101 1615 3210 1670 erit
3226 1615 3714 1687 unicuiqueaDeo.

459 1701 681 1759 10.Haec
699 1708 909 1768 autem,
928 1702 1550 1775 fratres,transfiguravi
1573 1706 1633 1759 in
1653 1722 1744 1759 me
1765 1710 1821 1758 et
1831 1704 2286 1775 Apollo,pr0pter
2300 1703 2803 1765 vos,humiliandos
2822 1721 2838 1756 :
2857 1708 2940 1768 ut,
2962 1704 3292 1765 videticet,in
3312 1704 3472 1759 nobis
3491 1705 3718 1759 discatis

454 1808 526 1845 ne
557 1790 637 1846 l1.
672 1807 843 1861 supra
870 1807 1039 1860 quam
1069 1792 1340 1863 scriptum
1365 1798 1468 1857 est,
1501 1797 1756 1862 superius
1777 1795 1840 1846 de
1868 1795 2042 1859 nobis,
2076 1810 2219 1847 unus
2240 1792 2504 1846 adversus
2531 1790 2771 1844 alterum
2804 1790 3033 1846 inﬂetur
3060 1809 3159 1863 pro
3190 1793 3320 1847 alio.
3348 1793 3438 1859 12,
3470 1793 3560 1848 13.
3580 1794 3718 1857 Quis

455 1879 605 1933 enim
630 1883 686 1933 te
715 1878 981 1933 discernit
1014 1882 1167 1947 (dicit
1179 1884 1243 1934 in
1262 1882 1570 1935 doctoribus
1588 1898 1698 1935 non
1719 1899 1825 1935 esse
1838 1882 2362 1949 gloriandum,un
2374 1883 2482 1949 ipsi
2500 1897 2594 1934 nos
2613 1897 2648 1934 a
2667 1883 2897 1943 peccatis
2914 1897 3024 1935 non
3043 1883 3391 1949 discernunt;
3404 1884 3544 1937 Deus
3565 1885 3719 1937 enim

458 1968 705 2037 tantum)
729 1984 764 2021 a
780 1970 1013 2036 peccatis
1029 1973 1267 2037 separat,
1288 1970 1402 2022 nisi
1421 1969 1562 2022 Deus
1575 1975 1599 2021 ?
1617 1969 1765 2032 Quid
1784 1973 1973 2023 autem
1992 1968 2360 2038 habes,quam
2370 1971 2619 2036 gratiam
2642 1969 2823 2034 habes,
2842 1969 3011 2039 quod,
3030 1985 3201 2038 quam
3220 1987 3335 2025 non
3347 1971 3637 2042 accepisti?
3657 1971 3718 2025 Si

1793 2103 2384 2159 COMMENTARIUS.

455 2215 590 2270 dum
619 2219 740 2283 est;
770 2232 885 2270 non
911 2215 981 2269 de
999 2215 1087 2270 his
1113 2232 1237 2286 quae
1266 2232 1369 2270 sua
1396 2221 1546 2270 sunt.

524 2303 614 2358 18.
646 2303 773 2358 Sive
800 2306 1067 2358 mundus.
1099 2304 1344 2359 Mundus
1384 2305 1533 2358 enim
1577 2310 1810 2376 propter
1832 2305 2044 2359 utilita-

455 2397 569 2445 tem
590 2392 883 2447 hominum
906 2393 1087 2447 factus
1122 2398 1226 2447 est.

524 2478 614 2536 19.
636 2482 758 2537 Sive
774 2484 906 2534 vita.
926 2481 1057 2535 Vita
1076 2486 1134 2536 et
1149 2498 1300 2536 mors
1330 2483 1621 2537 doctorum
1640 2484 1711 2537 ad
1728 2482 2045 2538 aediﬁcatio-

454 2586 584 2623 nem
604 2568 841 2624 subditis
861 2586 982 2624 esse
995 2570 1216 2624 debent.
1241 2571 1548 2625 Possumus
1562 2571 1734 2626 etiam
1754 2588 1855 2643 per
1871 2572 2045 2626 vitam

453 2657 710 2713 homines
738 2664 957 2713 sanctos
977 2664 1035 2712 et
1052 2659 1280 2729 angelos
1308 2659 1645 2730 intelligere.
1673 2661 1782 2714 Per
1806 2666 2046 2714 mortem

453 2744 742 2801 diabolum
771 2751 829 2801 et
856 2746 1108 2801 membra
1132 2748 1251 2817 ejus
1278 2766 1290 2814 ;
1325 2748 1440 2818 qui,
1468 2750 1605 2803 dum
1635 2749 1933 2804 consulunt
1962 2749 2048 2802 vel

454 2841 889 2905 persequuntur,
922 2836 1157 2890 utilitati
1180 2853 1468 2891 servorum
1493 2837 1596 2892 Dei
1623 2838 1954 2892 inserviunt.

522 2923 612 2979 20.
651 2926 891 2979 AUGUST.
928 2926 1018 2992 (ea:
1060 2927 1158 2979 tib.
1190 2927 1459 2991 LXXXIII,
1494 2927 1690 2993 Quaest.
1726 2932 1921 2997 quazst.
1955 2925 2042 2992 57,

453 3018 494 3066 t.
516 3013 630 3082 IV).
658 3013 907 3067 Christus
937 3018 1123 3067 autem
1151 3014 1267 3067 Dei.
1290 3013 1417 3067 Non
1443 3018 1717 3084 tanquam
1758 3013 2046 3067 dissimilis

453 3110 553 3156 aut
579 3101 811 3155 alterius
834 3107 1050 3155 natura;
1074 3120 1086 3168 ;
1119 3102 1220 3156 sed
1247 3108 1521 3172 tanquam
1551 3103 1737 3156 Patris
1764 3102 1956 3157 Filius.

525 3190 681 3244 CAP'
706 3190 801 3244 IV.
835 3219 899 3230 —
933 3189 980 3246 1.
1032 3192 1282 3246 AMBRos.
1318 3191 1410 3245 Sic
1436 3208 1532 3244 nos
1562 3194 1833 3245 existimet
1864 3193 2045 3245 homo.

454 3280 559 3333 Hic
590 3278 868 3349 signiﬁcat
896 3279 1029 3348 quia
1075 3279 1261 3332 minus
1305 3277 1449 3333 bene
1494 3279 1811 3334 sentiebant
1850 3280 1920 3333 de
1949 3279 2045 3334 illo

455 3367 629 3437 aliqui
660 3366 1102 3421 Corinthiorum.

2061 2216 2487 2283 Amortalium;
2524 2221 2658 2271 tunc
2684 2222 2876 2272 autem
2904 2218 3245 2273 illuminabit
3279 2219 3550 2274 Dominus
3588 2218 3719 2273 abs-

2125 2305 2353 2360 condita
2377 2304 2760 2372 tenebrarum,
2817 2312 2876 2361 et
2921 2307 3305 2363 manifestabit
3347 2308 3721 2378 cogitationes

2124 2394 2343 2453 cordis;
2375 2399 2433 2448 et
2467 2400 2603 2449 tunc
2634 2395 2758 2449 laus
2803 2396 2913 2450 erit
2952 2396 3253 2468 unicuique
3277 2396 3466 2460 aDeo.
3498 2396 3630 2467 quia
3656 2397 3721 2451 id

2124 2481 2446 2537 laudabitur
2471 2488 2530 2537 et
2554 2482 2820 2553 diligetur
2847 2501 2881 2538 a
2907 2485 3156 2556 proximo
3171 2485 3230 2539 in
3249 2484 3521 2556 proximo,
3545 2484 3721 2557 quod,

2127 2587 2199 2625 ne
2224 2571 2417 2636 lateat,
2451 2570 2522 2624 ab
2548 2571 2670 2642 ipso
2701 2572 3116 2627 illuminabitur
3141 2574 3277 2627 Deo.

2205 2658 2289 2715 10.
2329 2660 2542 2714 LANFR.
2573 2661 2695 2714 Hac
2717 2665 2903 2715 autem
2931 2664 3156 2729 fratres,
3198 2662 3257 2715 id
3286 2667 3389 2727 est,
3422 2663 3721 2734 superiora

2128 2748 2464 2802 humilitatis
2501 2747 2687 2812 verba,
2714 2749 2916 2819 quibus
2958 2767 3049 2805 me
3080 2751 3385 2822 plantasse,
3413 2752 3613 2822 Apollo
3638 2752 3723 2806 ri-

2126 2853 2309 2906 gasse.
2342 2838 2451 2892 Sed
2492 2853 2595 2891 nec
2642 2838 2993 2907 plantantem
3034 2856 3136 2893 nec
3177 2840 3457 2910 rigantem
3507 2840 3725 2911 aliquid

2129 2940 2251 2977 esse
2270 2924 2401 2977 dixi.
2426 2924 2578 2990 Ideo,
2605 2925 2998 2995 praetermissis
3013 2927 3250 2993 ceteris,
3273 2927 3332 2981 in
3351 2944 3443 2982 me
3455 2928 3723 2998 etApollo

2127 3013 2410 3079 transtuli,
2444 3019 2511 3067 ut
2536 3013 2912 3068 humilitatem
2940 3014 3000 3068 in
3027 3015 3188 3069 nobis
3216 3016 3446 3070 discatis
3473 3015 3703 3071 habere.

2197 3101 2288 3157 11.
2320 3102 2506 3170 Supra
2536 3119 2724 3171 quam.
2753 3103 2934 3175 Supra
2958 3104 3232 3175 scriptum
3263 3110 3350 3159 est
3374 3106 3528 3159 nullo
3556 3106 3726 3160 modo

2127 3205 2229 3260 pro
2258 3189 2579 3244 doctoribus
2607 3207 2729 3245 esse
2749 3190 3206 3262 superbiendum,
3241 3194 3379 3264 quia
3406 3193 3515 3264 ipsi
3533 3193 3728 3248 docto—

2127 3296 2238 3343 res,
2270 3278 2515 3334 ministri
2544 3285 2769 3334 tantum
2799 3286 2962 3347 sunt;
3006 3298 3110 3335 nec
3152 3282 3364 3354 aliquid
3391 3299 3512 3337 esse
3536 3282 3725 3337 existi-

2127 3372 2375 3433 mantur,
2406 3368 2476 3421 ad
2506 3369 2983 3439 comparationem
3004 3371 3125 3439 ejus
3152 3387 3188 3424 a
3206 3387 3317 3442 quo
3346 3376 3404 3425 et
3431 3388 3532 3442 per
3549 3387 3720 3443 quem

526 3454 580 3510 2.
613 3456 823 3509 Lam-‘11.
870 3457 1297 3523 Dispensatores.
1348 3456 1601 3526 Apostoli
1655 3454 2537 3527 dispensabantBincrementum
2558 3456 2743 3511 datur.

456 3542 728 3615 mysteria
759 3543 900 3611 Dei;
950 3543 1088 3597 alios
1133 3544 1439 3615 episcopos,
1483 3544 1623 3599 alios
1667 3544 2043 3617 presbyteros,

455 3631 594 3686 alios
618 3630 675 3684 in
700 3632 849 3686 hunc
874 3632 1103 3686 modum
1132 3633 1475 3688 ordinantes.

526 3718 577 3773 3.
611 3721 713 3773 Hic
738 3724 866 3788 jam
895 3723 1188 3789 quaeritur,
1240 3720 1297 3774 id
1339 3726 1443 3786 est,
1499 3721 1787 3776 occasione
1843 3723 2046 3779 horum

456 3824 712 3863 meorum
765 3807 1078 3873 verborum,
1115 3809 1320 3880 quibus
1358 3809 1641 3879 apostolos
1681 3810 1796 3865 dixi
1843 3812 2046 3867 debere

456 3896 766 3951 existimari
785 3902 848 3951 ut
866 3897 1299 3968 dispensatores,
1315 3898 1516 3969 quierit
1533 3899 1736 3968 aliquis
1757 3901 1881 3971 quis
1900 3901 2048 3956 inter

456 4002 560 4039 nos
590 3985 942 4057 dispensator
955 4002 1150 4040 revera
1179 3986 1361 4040 ﬁdelis
1386 3985 1725 4052 inveniatur,
1747 3987 1936 4042 volens
1959 4004 2046 4041 or-

454 4074 770 4129 dinationes
795 4079 1016 4129 nostras
1020 4075 1042 4144 j
1052 4074 1275 4129 udicare
1286 4074 1597 4128 secundum
1610 4075 1813 4128 merita
1828 4081 2045 4137 nostra.

522 4161 575 4218 4.
603 4165 666 4218 Ut
691 4165 886 4232 ﬁdelis.
922 4164 1003 4230 Ut,
1030 4180 1131 4235 pro
1153 4162 1536 4220 revera.Sicut
1556 4162 1696 4217 illud
1720 4182 1731 4217 :
1759 4164 1827 4217 Et
1854 4165 2049 4218 habitu

455 4255 715 4307 inventus
740 4257 806 4306 ut
833 4253 1010 4309 homo.

524 4342 576 4395 5.
618 4342 759 4399 Mihi
783 4345 987 4395 autem.
1022 4340 1194 4405 Quasi
1220 4339 1432 4395 diceret
1462 4357 1474 4393 :
1511 4339 1646 4411 quid
1693 4340 1791 4395 alii
1825 4340 2048 4411 dispen-

453 4434 674 4484 satores
701 4446 871 4501 super
887 4430 994 4485 hoc
1012 4430 1261 4484 sentiant
1288 4429 1493 4484 nescio.
1515 4429 1624 4484 Sed
1649 4446 1753 4500 ego
1769 4428 2045 4500 vitupera.

453 4518 636 4572 tiones
657 4524 867 4573 vestras
895 4518 1055 4573 nihili
1082 4518 1285 4590 pendo,
1331 4518 1512 4572 sciens
1556 4534 1659 4589 per
1685 4535 1806 4585 nos,
1838 4535 1937 4572 seu
1964 4518 2046 4572 di-

451 4623 594 4677 gnos
620 4623 718 4661 seu
746 4607 1025 4677 indignos,
1057 4623 1197 4678 opus
1235 4623 1398 4661 suum
1429 4607 1609 4661 Deum
1641 4606 1881 4677 operari.

522 4694 577 4749 6.
611 4697 866 4750 Asianos.
894 4697 1006 4749 Aut
1034 4696 1102 4748 ab
1123 4696 1368 4749 humano
1395 4696 1501 4748 die.
1541 4695 1866 4749 Humanum
1894 4694 2045 4749 diem

454 4783 591 4837 dum
619 4783 773 4851 dicit,
804 4783 1081 4854 signiﬁcat
1125 4782 1395 4849 divinum,
1438 4781 1498 4836 in
1542 4798 1651 4853 quo
1691 4783 2046 4853 judicaturus

453 4876 541 4927 cst
563 4872 845 4929 Christus.
1109 4933 1117 4941 ,

519 4960 571 5016 7.
603 4960 709 5017 Sed
730 4978 843 5018 non
865 4965 928 5016 in
951 4963 1048 5017 hoc
1063 4964 1404 5031 justiﬂcatus
1428 4976 1576 5015 sum.
1603 4961 1766 5016 Nunc
1786 4962 2049 5017 humiliat

455 5068 533 5117 se,
559 5056 617 5105 et
642 5051 892 5124 loquitur
916 5056 981 5105 ut
1007 5051 1193 5117 homo,
1211 5050 1307 5122 qui
1325 5050 1502 5121 possit
1521 5050 1741 5121 culpam
1758 5067 2044 5105 incurrere

452 5141 692 5197 nescius.

521 5233 579 5286 8.
609 5233 716 5300 Qui
751 5236 937 5286 autem
956 5231 1177 5300 judicat
1209 5247 1313 5285 me.
1345 5231 1516 5284 Recte
1557 5229 1796 5283 Domino
1825 5228 2045 5284 Christo

454 5321 764 5393 plurimum
796 5319 987 5386 dedit;
1016 5319 1145 5391 quia
1174 5323 1359 5390 potest
1386 5317 1535 5390 quod
1568 5316 1856 5373 hominem
1884 5319 2041 5386 latet,

456 5411 592 5465 dum
614 5410 829 5465 occulta
841 5408 1077 5480 judicat,
1100 5407 1478 5462 manifestare.

530 5497 584 5555 9.
614 5500 861 5555 Ausus'r.
901 5498 1157 5570 (Enchir.
1188 5499 1263 5551 ad
1290 5498 1483 5563 Laur.,
1525 5512 1648 5567 cap.
1693 5494 1815 5563 120,
1842 5501 1884 5550 t.
1914 5496 2040 5565 III).

451 5590 560 5657 Qui
580 5592 626 5641 et
655 5587 1025 5644 illuminabit.
1040 5587 1166 5641 Non
1183 5585 1335 5642 enim
1356 5584 1564 5641 scimus
1586 5585 2043 5655 mortales,corda

2203 3543 2286 3601 12.
2329 3548 2460 3613 Quis
2489 3549 2641 3600 enim
2673 3553 2718 3601 te
2746 3549 3059 3601 discernit?
3100 3548 3274 3612 Quasi
3316 3549 3526 3605 diceret
3562 3568 3575 3604 :
3611 3550 3720 3605 sia

2128 3650 2315 3688 massa
2342 3634 2688 3704 perditorum
2719 3640 2774 3690 te
2804 3636 2998 3690 doctor
3024 3641 3155 3691 tuus
3184 3637 3544 3705 discerneret,
3582 3640 3721 3693 tole-

2127 3721 2303 3775 rabile
2347 3722 2583 3776 torsitan
2621 3727 2786 3788 esset,
2835 3724 2883 3777 si
2926 3741 3029 3794 pro
3076 3742 3143 3779 eo
3188 3726 3524 3796 superbires.
3555 3728 3721 3783 Nunc

2128 3827 2258 3865 vero
2288 3810 2520 3865 minime
2544 3830 2558 3878 ;
2580 3811 2677 3865 sed
2707 3829 2808 3882 per
2835 3828 2966 3893 eum
2995 3812 3266 3869 discernit
3293 3820 3349 3869 te
3371 3816 3539 3873 Deus.

2200 3898 2289 3956 13.
2314 3901 2563 3954 AUGUST.
2583 3903 2756 3969 (epist.
2780 3898 2870 3967 46,
2896 3903 2971 3955 ad
2998 3904 3225 3969 Vatent.,
3251 3910 3294 3958 t.
3321 3905 3556 3974 II).Quis
3569 3908 3722 3960 enim

2128 3993 2175 4041 te
2198 3990 2508 4042 discernit?
2536 3989 2696 4052 Quod
2732 3989 2858 4043 ideo
2886 3990 3039 4057 dicit,
3083 3992 3217 4062 quia
3258 3992 3327 4047 de
3356 4010 3545 4049 massa
3571 3994 3725 4048 illius

2129 4076 2459 4147 perditionis
2507 4094 2630 4148 quae
2674 4077 2822 4132 facta
2856 4084 2943 4133 est
2971 4096 3038 4132 ex
3067 4080 3270 4145 Adam,
3298 4098 3412 4136 non
3455 4082 3726 4137 discernit

2130 4165 2434 4231 hominem,
2469 4170 2533 4219 ut
2569 4183 2699 4220 eum
2744 4167 2914 4221 faciat
2946 4185 3043 4222 vas
3082 4168 3142 4223 in
3191 4170 3483 4237 honorem,
3515 4188 3627 4225 non
3661 4172 3723 4226 in

2129 4254 2547 4321 contumeliam,
2580 4254 2692 4309 nisi
2716 4256 2886 4310 Deus.
2916 4256 3025 4311 Sed
3042 4258 3308 4327 quoniam
3338 4259 3501 4314 homo
3529 4276 3723 4315 carna-

2127 4342 2197 4396 lis
2224 4348 2283 4397 ct
2311 4343 2555 4397 inaniter
2576 4343 2828 4411 inflatus,
2865 4362 2992 4400 cum
3012 4346 3264 4401 audisset
3291 4361 3305 4396 :
3329 4349 3460 4415 Quis
3489 4352 3639 4403 enim
3670 4354 3719 4403 te

2126 4433 2425 4486 discernit?
2471 4438 2662 4503 posset
2710 4435 3049 4505 respondere
3087 4436 3172 4490 vel
3209 4452 3342 4490 voce
3385 4437 3469 4491 vel
3505 4437 3717 4507 cogita-

2123 4519 2278 4575 tione
2304 4526 2362 4575 et
2381 4521 2566 4576 dicere
2598 4540 2609 4575 :
2644 4523 2923 4577 Discernit
2951 4541 3042 4578 me
3089 4525 3228 4579 ﬁdes
3270 4542 3416 4593 mea,
3447 4526 3717 4582 discernit

2022 4642 2031 4651 κ
2126 4625 2217 4662 me
2246 4611 2427 4664 oratio
2475 4627 2623 4676 mea,
2677 4611 2942 4665 discernit
2989 4628 3081 4666 me
3112 4613 3334 4683 justitia
3386 4630 3532 4681 mea,
3587 4632 3718 4669 mox

2125 4699 2426 4769 Apostolus
2482 4700 2725 4754 occurrit
2767 4700 3198 4771 cogitationibus
3239 4702 3379 4771 ejus,
3416 4709 3473 4757 et
3517 4703 3657 4758 dixit
3698 4723 3710 4757 :

2129 4788 2274 4852 Quid
2303 4790 2453 4841 enim
2481 4788 2642 4842 habes
2665 4791 2810 4856 quod
2837 4805 2950 4844 non
2976 4794 3268 4860 accepisti?

2058 4891 2100 4953 ρ
2196 4873 2286 4927 14.
2319 4875 2527 4929 LANFR.
2563 4877 2708 4943 Quid
2731 4883 2918 4932 autem
2939 4879 3098 4933 habes
3122 4885 3146 4932 ?
3168 4879 3337 4934 Aliud
3363 4896 3541 4951 genus
3564 4897 3719 4935 arro-

2125 4962 2334 5033 gantim
2365 4980 2624 5018 amovere
2657 4970 2913 5033 conatur,
2939 4965 3201 5022 videlicet
3230 4984 3302 5022 ne
3331 4969 3499 5023 homo
3526 4985 3720 5041 super-

2126 5050 2244 5106 biat
2268 5057 2499 5123 propter
2518 5052 2766 5124 aliquam
2798 5055 3044 5124 gratiam
3069 5055 3177 5109 sibi
3204 5057 3485 5125 collatam,
3512 5064 3721 5129 putans

2124 5156 2249 5194 eam
2280 5157 2340 5194 se
2371 5140 2578 5197 habere
2605 5159 2640 5197 a
2668 5159 2749 5210 se,
2780 5142 2907 5198 ideo
2936 5143 3107 5199 dicit:
3133 5145 3280 5210 Quid
3308 5152 3498 5200 autem
3522 5145 3716 5214 habes,

2127 5228 2279 5283 etc.?
2309 5245 2375 5283 ac
2406 5229 2455 5284 si
2489 5230 2640 5285 dicat
2668 5249 2680 5283 :
2714 5231 2761 5286 si
2789 5237 2979 5287 autem
3016 5232 3094 5287 sis
3136 5241 3430 5304 separatus
3457 5251 3491 5288 a
3518 5251 3719 5306 pecca-

2127 5318 2220 5381 tis,
2252 5318 2378 5372 ideo
2421 5335 2535 5373 non
2573 5319 2744 5375 debes
2787 5320 3047 5392 gloriari;
3079 5321 3140 5376 in
3185 5323 3341 5378 nullo
3373 5323 3523 5377 enim
3567 5324 3720 5395 quod

2129 5406 2356 5461 aliunde
2384 5409 2682 5479 acceperis,
2741 5408 2912 5464 debes
2950 5409 3203 5481 gloriari.
3251 5412 3515 5483 Separari
3536 5430 3573 5467 a
3594 5429 3719 5484 pec-

2125 5494 2264 5550 catis
2287 5495 2514 5552 aliunde
2527 5497 2788 5569 accepisti
2807 5516 2819 5565 ;
2852 5514 2985 5552 nam
3003 5498 3140 5570 quid
3156 5498 3328 5555 habes
3338 5501 3488 5573 quod
3510 5516 3626 5557 non
3644 5501 3715 5556 ab

2126 5584 2238 5640 alio
2260 5585 2569 5657 accepisti?
2599 5586 2739 5643 nihil
2767 5585 2983 5660 utique,
3008 5588 3175 5659 Ergo,
3201 5592 3287 5644 etc
3297 5630 3315 5666 η
