4008 6186
278 289 365 344 169
756 340 763 345 ,
931 287 1010 344 ΙΝ
1047 288 1113 344 D.
1154 288 1370 345 PAULI
1401 288 1630 351 EPIST.
1668 288 1855 345 com

1947 288 2038 343 JT.
2074 318 2139 330 —
2167 286 2392 344 EPIST.
2435 286 2461 343 Ι
2496 286 2594 342 ΔΙ)
2632 286 2795 343 COR.
3384 287 3497 348 170

277 421 434 469 autem
461 411 729 483 accepisti,
752 412 889 483 quid
917 414 1176 483 gloriaris
1200 415 1360 485 quasi
1391 431 1503 471 non
1528 414 1950 488 acceperistlb.
1967 414 2091 469 Jam
2120 413 2359 469 saturati
2380 414 2534 481 estis,
2554 414 2932 485 terrenis,jam
2952 411 3152 469 divites
3179 411 3314 468 facti
3333 411 3490 478 estis;

272 504 371 557 sine
389 501 530 555 nobis
559 502 819 571 regnatis,
829 508 1109 557 terrenam
1128 506 1429 570 potentiam
1456 507 1680 568 habetis,
1697 510 1755 558 et
1774 503 1860 560 16.
1884 505 2102 560 utinam
2121 504 2366 574 regnetis
2390 504 2402 556 ι
2436 506 2975 571 regnaretis,sciticet
2999 504 3196 557 catesti
3218 517 3406 569 regno,
3428 504 3495 555 ut

274 600 319 645 et
344 609 430 645 nos
455 590 723 644 vobiscum
747 607 1063 660 regnemus.
1098 593 1242 646 Puto
1262 594 1412 647 enim
1442 595 1852 655 (demonstratio
1880 597 2123 662 qualiter
2150 595 2272 647 sine
2297 596 2553 662 apostolis
2575 597 2827 661 regnent)
2847 592 2995 664 quod
3020 593 3169 647 Deus
3195 608 3299 647 nos
3326 605 3494 661 apos-

274 682 391 735 tolos
411 679 482 736 l7.
513 679 860 745 novissimos,
890 682 1184 734 uilissimos
1213 682 1363 748 apud
1390 686 1595 735 mentes
1619 683 1955 749 inﬁdelium.
1978 681 2241 747 ostendit,
2260 681 2349 737 18.
2374 687 2645 753 tanquam
2676 681 2845 737 morti
2863 680 3171 737 destinatos
3195 698 3207 734 :
3250 678 3331 737 19.
3363 678 3496 749 quia

272 770 492 842 (electus)
514 769 888 839 spectaculum
919 768 1051 823 facti
1082 784 1278 823 sumus
1292 771 1423 824 huic
1442 776 1568 836 δι
1597 771 1807 825 mundo
1837 774 1894 825 et
1920 771 2135 840 angelis
2164 772 2433 839 malignis
2462 776 2520 824 et
2546 769 2887 826 hominibus.
2916 771 3226 840 Increpatio
3245 785 3373 823 cum
3386 771 3493 822 iro-

274 857 463 914 nia.20.
501 873 602 911 nos
630 858 786 912 stulti
808 859 1065 912 uidemur
1086 859 1218 913 huic
1247 860 1456 913 mundo
1480 864 1710 932 propter
1736 860 2043 926 Christum,
2074 858 2166 917 ‘ZI.
2200 876 2296 914 vos
2333 864 2523 915 autem
2552 859 2858 931 prudentes
2896 862 3087 915 seculo
3125 859 3186 913 in
3234 856 3495 924 Christo;

272 949 352 1001 sub
376 949 469 1016 [ide
486 948 724 1014 Christi;
750 963 851 1001 nos
882 947 1112 1014 inﬁrmi,
1142 964 1241 1002 vos
1261 955 1451 1003 autem
1471 948 1644 1004 fortes
1678 968 1689 1003 :
1716 965 1811 1004 vos
1840 948 2073 1013 nobiles,
2110 965 2213 1004 nos
2240 955 2431 1004 autem
2456 948 2752 1020 ignobiles.
2770 948 2959 1019 Usque
2982 950 3133 1002 enim
3147 947 3208 1002 in
3226 947 3373 1002 hanc
3394 946 3499 1002 ho-

274 1053 389 1103 ram,
408 1042 460 1090 et
483 1036 736 1105 (enectus)
767 1036 1049 1091 esurimus
1076 1042 1135 1091 et
1162 1036 1404 1102 sitimus,
1433 1042 1491 1091 et
1517 1037 1654 1091 nudi
1682 1044 1963 1105 sumus,et
1987 1039 2236 1110 colaphis
2266 1038 2552 1105 casdimur,
2585 1043 2645 1093 et
2657 1036 2948 1093 instabiles
2976 1047 3192 1102 sumus,
3220 1039 3499 1090 mutantes

274 1127 451 1180 diuersa
470 1127 582 1179 loca
604 1130 826 1193 propter
848 1127 1087 1179 nimiam
1115 1130 1562 1194 persecutionem,
1586 1132 1644 1181 et
1663 1127 2004 1194 laboramus,
2023 1144 2135 1183 non
2164 1134 2461 1198 quaerentes
2475 1146 2511 1183 a
2533 1129 2683 1185 nobis
2700 1128 3364 1198 stipendium,operantes
3384 1140 3502 1181 ma-

272 1215 409 1268 nibus
426 1214 646 1269 nostris.
679 1214 1084 1279 Maledicimur,
1128 1221 1185 1269 et
1224 1215 1631 1276 bencdicimus;
1655 1216 2101 1287 persecutionem
2132 1218 2400 1289 patimur,
2436 1222 2493 1271 et
2532 1216 2914 1285 sustinemus;
2945 1214 3426 1286 blasphemamur,
3447 1217 3508 1268 et

271 1303 343 1360 2'2.
374 1303 745 1358 obsecramus:
771 1305 1133 1370 obsecramus,
1164 1309 1244 1358 vel
1271 1320 1339 1358 ne
1354 1306 1743 1373 btasphement,
1766 1309 1848 1359 vel
1873 1307 2041 1360 Deum
2063 1310 2124 1359 ut
2144 1309 2419 1374 ignoscat;
2437 1310 2709 1377 tanquam
2731 1308 3107 1376 purgamenta
3122 1302 3292 1373 hujus
3310 1300 3509 1357 mundi

272 1395 376 1448 facti
400 1410 587 1448 sumus
618 1393 874 1448 omnium
906 1393 1221 1463 peripsema
1239 1395 1465 1462 abjectio
1496 1409 1674 1464 usque
1700 1394 1904 1449 adhuc.
1930 1393 2018 1450 ‘23.
2044 1396 2169 1449 Non
2199 1399 2264 1450 ut
2278 1394 2621 1451 confundam
2648 1411 2762 1459 vos,
2782 1394 3171 1447 verecundiam
3195 1392 3339 1446 vobis
3369 1391 3510 1458 infe-

273 1500 393 1547 ram,
418 1483 527 1537 haec
550 1499 727 1551 supra
755 1484 904 1535 dicta
933 1481 1147 1548 scribo;
1171 1482 1271 1535 sed
1298 1487 1364 1536 ut
1392 1482 1536 1536 ﬁlios
1575 1499 1730 1537 meos
1774 1483 2135 1537 charissimos
2169 1500 2390 1539 moneo.
2436 1484 2577 1549 (Cur
2608 1486 2752 1551 ﬁlios
2781 1484 3038 1541 vocavit.)
3074 1482 3218 1535 Nam
3248 1480 3297 1535 si
3317 1480 3512 1535 decem

274 1573 402 1626 milia
425 1572 874 1643 paedagogorum,
909 1573 1271 1636 monitorum,
1303 1569 1556 1625 habeatis
1575 1572 1632 1626 in
1667 1572 1911 1636 Christo,
1944 1575 2007 1626 in
2034 1574 2291 1626 doctrina
2314 1573 2541 1636 Christi,
2570 1572 2670 1626 sed
2698 1587 2813 1626 non
2833 1571 3044 1625 multos
3073 1570 3289 1635 Patres,
3316 1570 3407 1624 sed
3424 1584 3512 1623 me

272 1666 437 1715 solum.
463 1662 608 1715 Nam
631 1661 689 1714 in
720 1660 944 1715 Christo
957 1660 1086 1714 Jesu
1120 1676 1221 1730 per
1248 1659 1610 1730 Evangelium
1637 1677 1744 1731 ego
1780 1679 1875 1716 vos
1911 1662 2102 1732 genui,
2150 1677 2275 1715 sum
2311 1666 2473 1729 pater
2512 1666 2688 1716 vester
2713 1664 2776 1715 in
2805 1662 2907 1729 ﬁde
2937 1661 3159 1716 Christi.
3199 1659 3355 1729 Rogo
3375 1671 3509 1727 ergo

269 1767 364 1813 vos,
390 1754 512 1819 quia
537 1757 700 1818 pater
716 1766 861 1811 sum,
896 1748 1209 1803 imitatores
1241 1750 1349 1803 mei
1375 1755 1572 1813 estote,
1605 1749 1750 1804 sicut
1780 1757 1838 1805 et
1865 1767 1968 1821 ego
2011 1749 2235 1805 Christi.
2276 1750 2426 1807 Ideo.
2461 1755 2523 1804 ut
2562 1767 2646 1804 me
2677 1750 3015 1813 imitemini,
3045 1747 3174 1802 misi
3204 1748 3273 1802 ad
3304 1763 3401 1801 vos
3422 1745 3513 1801 Ti-

271 1838 538 1897 motheum,
571 1839 671 1908 qui
703 1843 791 1891 est
819 1837 969 1891 filius
1008 1854 1165 1891 meus
1193 1838 1576 1904 charissimus,
1600 1844 1658 1893 et
1680 1839 1859 1893 fidelis
1889 1840 1948 1893 in
1980 1839 2217 1893 Domino
2246 1857 2258 1905 ;
2293 1839 2389 1909 qui
2422 1855 2515 1893 vos
2551 1837 3017 1893 commonefaciet
3042 1836 3159 1891 vias
3189 1852 3362 1898 meas,
3392 1836 3514 1891 doo-

273 1931 449 1982 trinam
478 1944 679 1993 meam,
713 1944 835 1997 quae
866 1934 995 1980 sunt
1020 1928 1078 1980 in
1108 1927 1330 1981 Christo
1359 1929 1511 1992 Jesu,
1546 1930 1607 1982 in
1636 1929 1737 1991 ﬁde
1773 1929 1997 1993 Christi,
2027 1928 2172 1981 sicut
2200 1926 2407 1997 ubique
2436 1927 2494 1981 in
2524 1926 2678 1981 omni
2716 1926 2957 1981 Ecclesia
2999 1927 3189 1980 doceo.
3220 1926 3515 1995 Tanquam

272 2032 361 2070 non
386 2024 647 2071 venturus
666 2018 774 2071 sim
808 2018 877 2072 ad
908 2034 1022 2075 vos,
1045 2020 1303 2083 (ostendit
1327 2034 1408 2071 eos
1439 2035 1544 2071 esse
1564 2018 1998 2081 commonendos,
2031 2019 2164 2085 quia
2189 2018 2378 2086 inﬂati
2400 2021 2550 2083 sunt)
2565 2015 2644 2069 sic
2662 2015 2843 2069 inflati
2859 2020 2993 2069 sunt
3006 2014 3255 2085 quidam.
3277 2013 3516 2067 Veniam

270 2111 426 2159 autem
454 2106 522 2159 ad
541 2123 645 2159 vos
672 2105 804 2167 cito,
836 2106 884 2159 si
905 2106 1175 2159 Dominus
1194 2105 1451 2177 voluerit,
1479 2112 1535 2159 et
1554 2120 1883 2176 cognoscam
1907 2121 2017 2158 non
2046 2122 2364 2159 sermonem
2392 2122 2589 2160 eorum
2604 2104 2699 2176 qui
2720 2105 2900 2159 inﬂati
2921 2109 3075 2163 sunt.
3099 2104 3198 2158 sed
3231 2103 3514 2158 virtutem.

270 2193 339 2249 21.
367 2195 482 2249 Non
512 2195 667 2248 enim
700 2195 757 2248 in
786 2210 1044 2248 sermone
1070 2199 1155 2248 est
1182 2210 1419 2264 regnum
1467 2194 1589 2260 Dei,
1622 2196 1798 2248 verbis
1824 2199 1953 2248 solis
1985 2211 2094 2249 non
2141 2198 2464 2264 acquiritur
2500 2211 2737 2264 regnum
2766 2196 2882 2258 Dei,
2909 2194 3008 2249 sed
3032 2193 3091 2248 in
3113 2192 3338 2249 virtute.
3372 2191 3519 2258 Quid

224 2330 239 2349 ,
271 2281 443 2337 vultis?
468 2283 529 2338 In
550 2283 734 2354 virga,
767 2289 1119 2350 correctione,
1151 2288 1372 2337 veniam
1392 2283 1462 2337 ad
1491 2300 1613 2351 vos;
1646 2300 1718 2338 an
1740 2284 1799 2338 in
1819 2283 2094 2339 charitate
2111 2290 2168 2339 et
2192 2284 2397 2356 spiritu
2419 2283 2916 2340 mansuetudinis?

1710 2409 1945 2465 CAPUT
1980 2410 2048 2465 V.

324 2516 550 2571 Omnino
584 2515 820 2570 auditur
846 2516 999 2570 inter
1022 2531 1119 2569 vos
1146 2515 1441 2570 fornicatio
1469 2533 1481 2569 :
1518 2516 1683 2585 (ratio
1726 2532 1829 2570 cur
1857 2520 1921 2571 in
1973 2519 2132 2585 virga
2180 2520 2402 2589 dixerit)
2436 2523 2492 2574 et
2520 2518 2652 2574 talis
2679 2517 2995 2584 fornicatio,
3025 2517 3208 2590 qualis
3243 2534 3346 2574 nec
3372 2518 3523 2575 inter

267 2613 457 2676 gentes,
484 2606 565 2661 ita
589 2613 658 2661 ut
688 2622 919 2660 uxorem
950 2605 1127 2677 patris
1175 2605 1260 2660 sui
1303 2605 1507 2676 aliquis
1531 2605 1754 2660 habeat.
1793 2605 1862 2660 Et
1888 2623 1984 2661 vos
2019 2606 2201 2662 inﬂati
2235 2608 2391 2674 estis,
2424 2614 2482 2663 et
2524 2624 2638 2663 non
2666 2608 2848 2679 magis
2877 2607 3092 2663 luctum
3132 2607 3430 2676 habuistis,
3456 2613 3523 2665 ut

264 2695 468 2750 tollatur
485 2696 555 2750 de
576 2696 771 2750 medio
795 2701 1066 2760 vestrum,
1096 2697 1383 2749 communi
1408 2697 1814 2749 conversatione
1842 2695 1937 2767 qui
1968 2695 2073 2749 hoc
2096 2698 2383 2765 nefarium
2420 2714 2561 2769 opus
2589 2697 2740 2752 fecit.
2776 2697 2890 2768 Ego
2909 2696 3139 2769 quidem
3166 2696 3367 2753 absens
3393 2714 3518 2753 cor-

267 2800 396 2854 pore,
429 2788 771 2843 tdebuissetis
791 2802 915 2838 cum
945 2788 1459 2852 eacommunicasse,
1491 2788 1624 2855 quia
1654 2802 1746 2852 ego
1774 2780 1965 2839 absens
1988 2789 2114 2853 53
2132 2789 2257 2854 jam
2289 2786 2547 2855 judicavi
2575 2802 2701 2840 eum
2741 2802 2847 2840 esse
2896 2786 3523 2857 eacommunicandum)

266 2890 481 2943 praesens
502 2881 702 2929 autem
733 2874 955 2945 spiritu,
992 2874 1108 2943 jam
1125 2874 1371 2944 judicavi
1410 2880 1475 2928 ut
1500 2891 1765 2945 presens,
1801 2890 1949 2941 eum,
1975 2874 2072 2946 qui
2102 2875 2182 2929 sic
2210 2880 2475 2946 operatus
2506 2879 2610 2941 est,
2658 2875 2719 2928 in
2762 2873 3010 2939 nomine,
3043 2875 3119 2928 ad
3143 2876 3384 2940 laudem,
3418 2875 3525 2930 Do-

265 2964 380 3017 mini
406 2964 583 3018 nostri
632 2964 768 3018 Jesu
809 2962 1037 3027 Christi,
1085 2963 1440 3034 congregatis
1477 2962 1630 3017 vobis
1661 2969 1718 3016 et
1765 2980 1889 3018 meo
1928 2963 2149 3035 spiritu,
2183 2970 2505 3032 congregato
2545 2965 2838 3028 vobiscum,
2880 2979 3006 3018 cum
3052 2962 3258 3018 virtute
3297 2964 3525 3021 Domini

268 3053 421 3107 nostri
445 3054 599 3120 Jesu,
632 3052 681 3119 l,
711 3052 765 3106 2.
800 3052 1023 3107 tradere
1060 3055 1535 3107 excommunicare
1571 3055 1776 3108 scilicet
1797 3056 2074 3121 judicari,
2125 3054 2469 3125 hujusmodi,
2514 3055 2703 3121 illum,
2738 3052 2978 3122 Satanae,
3013 3054 3261 3122 maligno
3289 3056 3539 3125 spiritui-

1600 3160 2191 3217 COMMENTARIUS.

330 3266 797 3323 l5Jamsaturati
808 3271 952 3322 estis.
973 3268 1056 3323 De
1069 3267 1403 3339 quibusdam
1425 3268 1843 3323 Corinthiorum
1862 3271 1907 3328 A
1998 3266 2087 3324 ‘2'2.
2119 3268 2323 3323 Lassa.
2355 3268 2421 3322 Et
2451 3268 2812 3335 obsecramus,
2857 3267 2945 3322 vel
2992 3282 3108 3335 eos,
3156 3284 3227 3325 ne
3268 3268 3526 3342 blasphe-

267 3355 675 3428 intelligendum
706 3364 792 3413 est
819 3358 936 3429 qui,
966 3363 1090 3429 post
1119 3357 1424 3413 discessum
1453 3358 1847 3429 Apostoli,cm-

267 3453 447 3515 perunt
469 3447 692 3501 deliciis
717 3448 968 3509 afﬂuere,
996 3453 1053 3500 et
1080 3452 1432 3502 terrenarum
1449 3463 1619 3519 opum
1649 3447 1848 3502 divites

268 3550 388 3601 esse,
417 3537 597 3590 sancti
629 3553 856 3607 quoque
883 3537 1128 3608 Spiritus
1164 3537 1314 3591 dona
1348 3537 1406 3590 in
1436 3543 1724 3591 terrenum
1757 3538 1846 3591 lu-

269 3639 403 3679 crum
430 3633 783 3694 convertere,
801 3627 870 3681 de
892 3627 1096 3698 quibus
1124 3626 1291 3681 dicit:
1322 3627 1445 3680 Jam
1476 3626 1846 3690 saturati,etc.

329 3732 405 3787 16.
438 3735 669 3788 Utinam
698 3738 966 3803 regnetis!
1009 3735 1240 3801 scilicet,
1274 3733 1484 3789 caelesti
1529 3749 1721 3804 regno,
1763 3733 1850 3787 vel

269 3826 321 3875 ut
346 3838 432 3876 vos
460 3822 613 3895 ipsos
634 3823 782 3878 bene
800 3824 1036 3895 regatis.

327 3919 407 3973 l7.
431 3922 792 3975 Nouissimas.
809 3922 1105 3992 Apostolos
1131 3939 1261 3976 suos
1290 3922 1640 3984 novissimos,
1677 3921 1734 3975 id
1762 3926 1848 3975 est

269 4006 566 4076 vilissimas,
614 4010 768 4081 apud
816 4018 1033 4065 mentes
1064 4011 1354 4065 hominum
1385 4011 1694 4066 inﬁdelium
1725 4026 1847 4064 esse

269 4096 421 4151 voluit
455 4099 740 4166 Christus,
777 4106 840 4154 ut
859 4100 1058 4171 majori
1090 4099 1147 4154 in
1175 4100 1385 4155 cirlesti
1413 4099 1591 4171 gloria
1621 4098 1850 4171 praemio

271 4194 609 4241 coronentur.

333 4281 409 4338 i8.
443 4287 736 4354 Tanquam
760 4289 948 4339 morti.
972 4286 1259 4341 Victorum
1279 4292 1416 4340 tunc
1434 4284 1702 4357 temporis
1729 4302 1850 4340 mo-

271 4368 338 4423 ris
362 4379 475 4426 erat
503 4373 783 4446 quosdam
813 4373 871 4429 in
899 4374 1248 4446 expeditione
1277 4380 1469 4446 captos
1511 4374 1678 4428 morti
1725 4373 1852 4428 des-

270 4457 449 4515 tinare.
478 4463 567 4517 Ad
596 4463 748 4534 quod
778 4464 1158 4535 spectaculum
1175 4461 1539 4519 conveniebat
1560 4463 1853 4518 hominum

271 4550 493 4606 maxima
519 4552 846 4607 multitudo.

335 4658 410 4715 19.
444 4663 700 4717 Aoeusr.
737 4663 823 4730 (ea:
860 4662 1041 4716 Tract.
1073 4665 1137 4718 in
1166 4664 1312 4718 Psat.
1344 4675 1572 4725 xxxvm,
1606 4666 1648 4716 t.
1679 4661 1855 4732 VIII).

271 4747 394 4815 Quia
424 4754 800 4819 spectaculum
832 4752 971 4818 facti
989 4767 1201 4819 sumus,
1235 4751 1451 4824 angelis
1477 4749 1857 4818 laudantibus,

268 4834 576 4894 hominibus
611 4838 1078 4911 vituperantibus,
1102 4840 1217 4896 imo
1247 4846 1305 4896 et.
1332 4840 1547 4913 angelis
1575 4839 1859 4896 laudanti-

268 4922 356 4979 bus
370 4933 425 4981 et
450 4928 928 5000 vituperantibus.

324 5035 407 5090 20.
440 5037 656 5093 Mssa.
695 5038 805 5092 Nos
823 5040 1003 5095 stulti.
1036 5036 1369 5109 Increpatio,
1401 5037 1486 5092 vel
1515 5037 1727 5103 ironia;
1750 5052 1865 5092 non

268 5123 400 5178 enim
427 5126 890 5198 Apostolistulti,
925 5132 982 5181 et
1008 5126 1115 5198 ipsi
1167 5126 1505 5199 prudentes;
1538 5127 1638 5183 sed
1678 5127 1867 5199 potius

268 5214 431 5279 stulti,
458 5222 517 5269 et
540 5215 783 5285 apostoli
809 5215 1139 5287 prudentes.

328 5320 419 5378 ‘li.
469 5324 725 5378 Asianos.
772 5324 861 5377 Vos
888 5329 1076 5379 autem
1117 5326 1430 5394 prudentes.
1477 5324 1585 5390 Qui
1618 5324 1866 5396 prudens

295 5424 327 5461 n
372 5411 608 5465 Christo
649 5412 937 5482 judicatur
981 5430 1015 5467 a
1054 5414 1301 5485 perfidis.
1334 5431 1447 5469 non
1487 5420 1637 5470 recte
1666 5414 1869 5469 asserit

301 5498 588 5555 Jhristum.
625 5502 869 5556 Marcion
914 5503 1081 5571 enim,
1117 5504 1212 5575 qui
1241 5510 1411 5576 negat
1454 5504 1754 5559 Dominum
1787 5504 1870 5559 in-

269 5592 834 5662 mrnatnm,prudens
855 5598 941 5648 est
961 5594 1255 5661 mundo,id
1275 5599 1364 5649 est
1381 5594 1542 5650 fortis
1562 5599 1620 5649 et
1638 5593 1861 5651 nobilis.

501 5691 775 5754 Panos.
823 5692 946 5754 CL.

1931 3364 2106 3425 ment,
2140 3359 2224 3413 vel
2255 3359 2453 3421 Deum,
2479 3363 2545 3413 ut
2571 3357 2825 3428 ignoscat
2851 3358 2953 3416 eis.

1998 3447 2085 3503 23.
2110 3449 2356 3503 Auens'r.
2385 3450 2466 3511 (ea:
2496 3453 2660 3502 tract.
2682 3450 2747 3501 in
2775 3449 3137 3516 Psat.1.xxv1).
3169 3450 3297 3504 Non
3318 3455 3383 3504 ut
3400 3467 3527 3507 con-

1927 3538 2168 3604 fundam
2187 3553 2298 3594 vos.
2324 3536 2488 3601 Dicit,
2516 3552 2628 3591 non
2648 3538 3064 3604 utconfundam
3089 3553 3178 3591 vos
3198 3538 3308 3593 hac
3327 3542 3524 3603 scribo,

1931 3626 2022 3678 sed
2048 3630 2108 3678 ut
2136 3626 2486 3680 charissimos
2525 3640 2745 3687 moneo;
2788 3640 2917 3679 cum
2946 3624 3115 3681 sciret
3136 3627 3333 3698 utique
3356 3645 3393 3683 a
3422 3629 3531 3685 Do.

1932 3714 2084 3768 mino
2129 3714 2341 3768 dictum
2387 3731 2400 3766 :
2452 3715 2532 3768 Ne
2577 3713 2723 3767 vobis
2767 3714 2966 3768 dicatis
2989 3719 3205 3783 patrem
3234 3720 3299 3771 in
3337 3722 3530 3787 terra,-

1930 3820 2079 3857 unus
2095 3808 2169 3857 est
2188 3806 2338 3857 enim
2355 3807 2516 3871 pater
2534 3808 2706 3856 vester
2719 3803 2879 3857 Deus.
2904 3802 3063 3867 Quod
3079 3803 3205 3859 ideo
3227 3805 3349 3876 [at.,
3384 3807 3524 3882 non]

1928 3892 2139 3946 dictum
2171 3898 2277 3957 est,
2307 3899 2371 3945 ut
2396 3891 2500 3945 hoc
2527 3889 2859 3946 vocabulum
2889 3891 3118 3948 honoris
3165 3894 3418 3963 humani,
3458 3897 3530 3952 de

1928 3980 2193 4052 loquendi
2222 3979 2627 4035 consuetudine
2644 3980 2955 4045 tolleretur,
2979 3982 3077 4036 sed
3104 3999 3174 4037 ne
3190 3985 3378 4054 gratia
3405 3986 3524 4053 Dei,

1933 4087 2039 4142 qua
2082 4069 2139 4124 in
2178 4075 2445 4124 aeternam
2497 4068 2663 4123 vitam
2707 4086 3129 4140 regeneramur,
3171 4079 3406 4140 naturis,
3444 4075 3531 4129 vel

1932 4160 2199 4231 potestati
2253 4159 2340 4213 vel
2369 4158 2541 4214 etiam
2570 4159 2856 4214 sanctitati
2905 4161 3238 4230 cujusquam
3287 4162 3530 4219 hominis

1933 4249 2295 4304 tribueretur.
2330 4248 2463 4303 Ideo
2491 4264 2621 4303 cum
2651 4248 2865 4302 diceret
2895 4265 2908 4301 :
2944 4249 3054 4317 Ego
3080 4253 3252 4317 genui
3276 4267 3384 4317 vos,
3405 4257 3534 4323 post

1933 4339 2106 4394 dixit:
2141 4339 2264 4409 [at.,
2295 4335 2577 4410 praedixit]
2601 4339 2669 4392 In
2694 4337 2928 4399 Christo,
2956 4342 3007 4390 et
3028 4354 3126 4406 per
3143 4339 3529 4410 Evangetium,

1934 4444 2006 4483 ne
2033 4427 2211 4499 ipsius
2238 4431 2535 4498 putaretur
2559 4442 2679 4480 esse
2693 4425 2841 4497 quod
2871 4425 2973 4480 Dei
2999 4432 3104 4481 est.

1870 4546 1918 4606 Β
2004 4515 2095 4573 24.
2127 4516 2329 4570 Lassa.
2359 4515 2485 4569 Non
2521 4516 2674 4569 enim
2705 4516 2769 4568 in
2808 4530 3078 4581 sermone,
3121 4515 3180 4571 id
3217 4522 3321 4584 est,
3353 4518 3538 4575 verbis

1939 4605 2072 4663 solis
2111 4621 2225 4660 non
2252 4602 2567 4675 acquiritur
2594 4619 2834 4674 regnum
2876 4604 2998 4672 Dei,
3033 4605 3132 4660 sed
3160 4605 3220 4662 in
3248 4606 3454 4664 virtute
3482 4614 3540 4665 et

1938 4694 2263 4752 benefactis.

2015 4784 2173 4839 CAP.
2214 4783 2282 4837 V.
2315 4813 2380 4825 -
2416 4783 2464 4837 1.
2495 4783 2745 4837 Ausus'r.
2782 4784 2880 4853 (ea:
2920 4781 3173 4840 Sermon.
3215 4788 3444 4843 Domini
3474 4791 3540 4844 in

1940 4878 2144 4937 monte,
2158 4870 2255 4927 lib.
2290 4885 2327 4937 ι,
2359 4888 2479 4943 cap.
2504 4868 2594 4937 20,
2617 4875 2756 4925 tom.
2789 4870 2907 4940 IV).
2937 4872 3171 4928 Tradere
3199 4876 3540 4945 huiusmodi.

1947 4963 2018 5017 Et
2041 4961 2088 5016 si
2114 4961 2315 5016 nolunt
2339 4961 2430 5015 hic
2474 4964 2716 5014 mortem
2755 4958 3089 5031 intelligere,
3122 4961 3363 5020 fortasse
3391 4966 3543 5021 enim

1945 5054 2223 5108 incertum
2278 5055 2366 5106 est
2415 5048 2728 5122 quamlibet
2779 5048 3085 5106 vindictam
3132 5069 3233 5124 per
3276 5055 3542 5111 Satanam

1948 5144 2154 5197 factam
2184 5141 2254 5196 ab
2283 5139 2550 5212 Apostolo
2586 5138 2893 5196 fateantur.
2926 5139 3086 5203 Quod
3116 5158 3227 5197 non
3257 5160 3382 5198 eam
3412 5145 3543 5199 odio

1948 5232 2045 5287 sed
2072 5247 2263 5286 amore
2308 5229 2504 5283 fecisse
2543 5226 2867 5283 manifestat
2918 5228 3059 5283 illud
3104 5231 3385 5302 adjectum
3419 5250 3431 5287 :
3479 5238 3543 5287 ut

1947 5324 2145 5377 anima
2171 5323 2325 5375 salva
2350 5322 2440 5373 sit.

2020 5411 2074 5466 2.
2110 5411 2319 5465 Lassa.
2364 5408 2697 5477 Hujusmodi
2728 5406 2951 5462 Satanas
3016 5408 3173 5462 Hanc
3206 5413 3545 5479 potestatem

1948 5500 2167 5565 habuit,
2196 5504 2262 5554 ut
2295 5497 2737 5570 quotiescunque
2788 5496 3004 5550 homini
3040 5504 3269 5569 accepta
3310 5501 3552 5559 stultitia

1950 5605 2208 5647 amovere
2254 5603 2368 5644 non
2414 5591 2623 5660 posset,
2671 5582 2896 5640 diabolo
2936 5600 3068 5641 eum
3114 5587 3183 5642 ad
3242 5591 3553 5650 vexandum

3281 5696 3320 5755 6
