  <div class='ocr_page' id='page_1' title='image "/cluster/home/n/w/nwhite01/storage/ocr_20150623/150/hvd.32044054760087/091.png"; bbox 0 0 4040 6186; ppageno 0'>
   <div class='ocr_carea' id='block_1_1' title="bbox 439 184 3697 257">
    <p class='ocr_par' dir='ltr' id='par_1_1' title="bbox 439 184 3697 257">
     <span class='ocr_line' id='line_1_1' title="bbox 439 184 3697 257; baseline -0.001 -8"><span class='ocrx_word' id='word_1_1' title='bbox 439 188 538 250; x_wconf 75' lang='grc'><strong><em>171</em></strong></span> <span class='ocrx_word' id='word_1_2' title='bbox 1411 187 1930 257; x_wconf 41' lang='lat' dir='ltr'><strong><em>BQLANFRANCI</em></strong></span> <span class='ocrx_word' id='word_1_3' title='bbox 1971 186 2337 243; x_wconf 83' lang='lat' dir='ltr'><strong><em>CANTUAR.</em></strong></span> <span class='ocrx_word' id='word_1_4' title='bbox 2378 184 2716 257; x_wconf 80' lang='lat' dir='ltr'><strong><em>ARCHIEP.</em></strong></span> <span class='ocrx_word' id='word_1_5' title='bbox 3592 188 3697 247; x_wconf 75' lang='lat'><strong><em>172</em></strong></span> 
     </span>
    </p>
   </div>
   <div class='ocr_carea' id='block_1_2' title="bbox 434 311 3697 384">
    <p class='ocr_par' dir='ltr' id='par_1_2' title="bbox 434 311 3697 384">
     <span class='ocr_line' id='line_1_2' title="bbox 434 311 3697 384; baseline -0.001 -12"><span class='ocrx_word' id='word_1_6' title='bbox 434 317 771 384; x_wconf 70' lang='lat' dir='ltr'><strong><em>amntium,</em></strong></span> <span class='ocrx_word' id='word_1_7' title='bbox 802 315 862 371; x_wconf 89' lang='lat' dir='ltr'><strong><em>in</em></strong></span> <span class='ocrx_word' id='word_1_8' title='bbox 877 314 1170 371; x_wconf 87' lang='lat' dir='ltr'><strong><em>interitum</em></strong></span> <span class='ocrx_word' id='word_1_9' title='bbox 1197 313 1402 381; x_wconf 87' lang='lat' dir='ltr'><strong><em>carnis,</em></strong></span> <span class='ocrx_word' id='word_1_10' title='bbox 1435 314 1685 369; x_wconf 75' lang='lat' dir='ltr'><strong><em>carnalis</em></strong></span> <span class='ocrx_word' id='word_1_11' title='bbox 1711 315 2025 382; x_wconf 74' lang='lat' dir='ltr'><strong><em>voluptatis,</em></strong></span> <span class='ocrx_word' id='word_1_12' title='bbox 2043 316 2109 367; x_wconf 89' lang='lat' dir='ltr'><strong><em>ut</em></strong></span> <span class='ocrx_word' id='word_1_13' title='bbox 2130 312 2361 384; x_wconf 81' lang='lat' dir='ltr'><strong><em>spiritus</em></strong></span> <span class='ocrx_word' id='word_1_14' title='bbox 2382 312 2570 367; x_wconf 89' lang='lat' dir='ltr'><strong><em>salvus</em></strong></span> <span class='ocrx_word' id='word_1_15' title='bbox 2597 311 2690 375; x_wconf 90' lang='lat' dir='ltr'><strong><em>sit,</em></strong></span> <span class='ocrx_word' id='word_1_16' title='bbox 2720 313 2772 364; x_wconf 91' lang='lat' dir='ltr'><strong><em>si</em></strong></span> <span class='ocrx_word' id='word_1_17' title='bbox 2797 313 2939 378; x_wconf 82' lang='lat' dir='ltr'><strong><em>forte</em></strong></span> <span class='ocrx_word' id='word_1_18' title='bbox 2963 327 3089 366; x_wconf 86' lang='lat' dir='ltr'><strong><em>eum</em></strong></span> <span class='ocrx_word' id='word_1_19' title='bbox 3111 317 3317 368; x_wconf 77' lang='lat' dir='ltr'><strong><em>moveat</em></strong></span> <span class='ocrx_word' id='word_1_20' title='bbox 3344 315 3466 381; x_wconf 88' lang='lat' dir='ltr'><strong><em>ipsa</em></strong></span> <span class='ocrx_word' id='word_1_21' title='bbox 3478 318 3697 382; x_wconf 88' lang='lat' dir='ltr'><strong><em>repulsa</em></strong></span> 
     </span>
    </p>
   </div>
   <div class='ocr_carea' id='block_1_3' title="bbox 432 399 3697 474">
    <p class='ocr_par' dir='ltr' id='par_1_3' title="bbox 432 399 3697 474">
     <span class='ocr_line' id='line_1_3' title="bbox 432 399 3697 474; baseline -0.001 -13"><span class='ocrx_word' id='word_1_22' title='bbox 432 409 503 462; x_wconf 90' lang='lat' dir='ltr'><strong><em>ab</em></strong></span> <span class='ocrx_word' id='word_1_23' title='bbox 532 407 806 471; x_wconf 77' lang='lat' dir='ltr'><strong><em>Ecclesia;</em></strong></span> <span class='ocrx_word' id='word_1_24' title='bbox 839 410 889 459; x_wconf 90' lang='lat' dir='ltr'><strong><em>et</em></strong></span> <span class='ocrx_word' id='word_1_25' title='bbox 917 406 992 459; x_wconf 84' lang='lat' dir='ltr'><strong><em>ad</em></strong></span> <span class='ocrx_word' id='word_1_26' title='bbox 1012 406 1396 474; x_wconf 72' lang='lat' dir='ltr'><strong><em>paenitentiam</em></strong></span> <span class='ocrx_word' id='word_1_27' title='bbox 1425 405 1726 458; x_wconf 75' lang='lat' dir='ltr'><strong><em>reducatur</em></strong></span> <span class='ocrx_word' id='word_1_28' title='bbox 1753 403 1814 458; x_wconf 92' lang='lat' dir='ltr'><strong><em>in</em></strong></span> <span class='ocrx_word' id='word_1_29' title='bbox 1837 403 1928 457; x_wconf 90' lang='lat' dir='ltr'><strong><em>die</em></strong></span> <span class='ocrx_word' id='word_1_30' title='bbox 1947 404 2157 472; x_wconf 84' lang='lat' dir='ltr'><strong><em>judicii</em></strong></span> <span class='ocrx_word' id='word_1_31' title='bbox 2196 401 2417 455; x_wconf 88' lang='lat' dir='ltr'>Domini</span> <span class='ocrx_word' id='word_1_32' title='bbox 2448 399 2625 455; x_wconf 79' lang='lat' dir='ltr'><strong><em>nostri</em></strong></span> <span class='ocrx_word' id='word_1_33' title='bbox 2645 401 2777 454; x_wconf 87' lang='lat' dir='ltr'><strong><em>Jesu</em></strong></span> <span class='ocrx_word' id='word_1_34' title='bbox 2807 399 3038 454; x_wconf 82' lang='lat' dir='ltr'><strong><em>Christi.</em></strong></span> <span class='ocrx_word' id='word_1_35' title='bbox 3068 401 3205 455; x_wconf 77' lang='lat' dir='ltr'><strong><em>Cum</em></strong></span> <span class='ocrx_word' id='word_1_36' title='bbox 3227 406 3390 457; x_wconf 82' lang='lat' dir='ltr'><strong><em>talem</em></strong></span> <span class='ocrx_word' id='word_1_37' title='bbox 3422 404 3697 457; x_wconf 78' lang='lat' dir='ltr'><strong><em>vobiscum</em></strong></span> 
     </span>
    </p>
   </div>
   <div class='ocr_carea' id='block_1_4' title="bbox 432 489 3697 564">
    <p class='ocr_par' dir='ltr' id='par_1_4' title="bbox 432 489 3697 564">
     <span class='ocr_line' id='line_1_4' title="bbox 432 489 3697 564; baseline -0.001 -14"><span class='ocrx_word' id='word_1_38' title='bbox 432 498 735 562; x_wconf 87' lang='lat' dir='ltr'><strong><em>retineatis,</em></strong></span> <span class='ocrx_word' id='word_1_39' title='bbox 770 510 883 549; x_wconf 88' lang='lat' dir='ltr'><strong><em>non</em></strong></span> <span class='ocrx_word' id='word_1_40' title='bbox 907 498 994 548; x_wconf 88' lang='lat' dir='ltr'><strong><em>est</em></strong></span> <span class='ocrx_word' id='word_1_41' title='bbox 1017 491 1165 547; x_wconf 90' lang='lat' dir='ltr'><strong><em>bona</em></strong></span> <span class='ocrx_word' id='word_1_42' title='bbox 1184 492 1446 564; x_wconf 80' lang='lat' dir='ltr'><strong><em>gloriatio</em></strong></span> <span class='ocrx_word' id='word_1_43' title='bbox 1476 497 1679 557; x_wconf 89' lang='lat' dir='ltr'><strong><em>vestra,</em></strong></span> <span class='ocrx_word' id='word_1_44' title='bbox 1710 507 1745 546; x_wconf 90' lang='lat' dir='ltr'><strong><em>a</em></strong></span> <span class='ocrx_word' id='word_1_45' title='bbox 1774 494 1978 546; x_wconf 89' lang='lat' dir='ltr'><strong><em>simili.</em></strong></span> <span class='ocrx_word' id='word_1_46' title='bbox 2014 489 2275 554; x_wconf 80' lang='lat' dir='ltr'><strong><em>Nescitis,</em></strong></span> <span class='ocrx_word' id='word_1_47' title='bbox 2309 492 2444 544; x_wconf 91' lang='lat' dir='ltr'><strong><em>dicit</em></strong></span> <span class='ocrx_word' id='word_1_48' title='bbox 2475 507 2601 543; x_wconf 86' lang='lat' dir='ltr'><strong><em>eum</em></strong></span> <span class='ocrx_word' id='word_1_49' title='bbox 2631 506 2736 544; x_wconf 89' lang='lat' dir='ltr'><strong><em>esse</em></strong></span> <span class='ocrx_word' id='word_1_50' title='bbox 2764 491 3298 559; x_wconf 86' lang='lat' dir='ltr'><strong><em>repellendum,quia</em></strong></span> <span class='ocrx_word' id='word_1_51' title='bbox 3323 494 3374 545; x_wconf 86' lang='lat' dir='ltr'><strong><em>si</em></strong></span> <span class='ocrx_word' id='word_1_52' title='bbox 3387 497 3697 546; x_wconf 88' lang='lat' dir='ltr'><strong><em>remaneret</em></strong></span> 
     </span>
    </p>
   </div>
   <div class='ocr_carea' id='block_1_5' title="bbox 430 576 3697 663">
    <p class='ocr_par' dir='ltr' id='par_1_5' title="bbox 430 576 3697 663">
     <span class='ocr_line' id='line_1_5' title="bbox 430 576 3697 663; baseline -0.001 -26"><span class='ocrx_word' id='word_1_53' title='bbox 430 585 580 638; x_wconf 82' lang='lat' dir='ltr'><strong><em>inter</em></strong></span> <span class='ocrx_word' id='word_1_54' title='bbox 597 586 755 647; x_wconf 89' lang='lat' dir='ltr'><strong><em>alios,</em></strong></span> <span class='ocrx_word' id='word_1_55' title='bbox 778 585 888 652; x_wconf 87' lang='lat' dir='ltr'><strong><em>ipse</em></strong></span> <span class='ocrx_word' id='word_1_56' title='bbox 907 586 1280 650; x_wconf 87' lang='lat' dir='ltr'><strong><em>corrumperet</em></strong></span> <span class='ocrx_word' id='word_1_57' title='bbox 1308 584 1560 647; x_wconf 88' lang='lat' dir='ltr'><strong><em>intactos,</em></strong></span> <span class='ocrx_word' id='word_1_58' title='bbox 1592 579 1725 652; x_wconf 84' lang='lat' dir='ltr'><strong><em>quia</em></strong></span> <span class='ocrx_word' id='word_1_59' title='bbox 1745 578 2026 635; x_wconf 90' lang='lat' dir='ltr'><strong><em>modicum</em></strong></span> <span class='ocrx_word' id='word_1_60' title='bbox 2057 576 2396 633; x_wconf 84' lang='lat' dir='ltr'><strong><em>fermentum</em></strong></span> <span class='ocrx_word' id='word_1_61' title='bbox 2422 582 2597 631; x_wconf 88' lang='lat' dir='ltr'><strong><em>totam</em></strong></span> <span class='ocrx_word' id='word_1_62' title='bbox 2632 593 2873 633; x_wconf 81' lang='lat' dir='ltr'><strong><em>massam</em></strong></span> <span class='ocrx_word' id='word_1_63' title='bbox 2905 578 3216 649; x_wconf 80' lang='lat' dir='ltr'><strong><em>corrumpit</em></strong></span> <span class='ocrx_word' id='word_1_64' title='bbox 3234 579 3347 634; x_wconf 87' lang='lat' dir='ltr'><strong><em>?Ne</em></strong></span> <span class='ocrx_word' id='word_1_65' title='bbox 3358 597 3447 636; x_wconf 84' lang='lat' dir='ltr'><strong><em>vos</em></strong></span> <span class='ocrx_word' id='word_1_66' title='bbox 3467 585 3697 663; x_wconf 78' lang='lat' dir='ltr'><strong><em>intactos</em></strong></span> 
     </span>
    </p>
   </div>
   <div class='ocr_carea' id='block_1_6' title="bbox 428 665 3695 743">
    <p class='ocr_par' dir='ltr' id='par_1_6' title="bbox 428 665 3695 743">
     <span class='ocr_line' id='line_1_6' title="bbox 428 665 3695 743; baseline -0.001 -15"><span class='ocrx_word' id='word_1_67' title='bbox 428 677 768 742; x_wconf 84' lang='lat' dir='ltr'><strong><em>corrumpat,</em></strong></span> <span class='ocrx_word' id='word_1_68' title='bbox 801 676 1106 743; x_wconf 81' lang='lat' dir='ltr'><strong><em>expurgate</em></strong></span> <span class='ocrx_word' id='word_1_69' title='bbox 1134 673 1317 739; x_wconf 78' lang='lat' dir='ltr'><strong><em>igitur</em></strong></span> <span class='ocrx_word' id='word_1_70' title='bbox 1339 677 1498 725; x_wconf 89' lang='lat' dir='ltr'><strong><em>vetus</em></strong></span> <span class='ocrx_word' id='word_1_71' title='bbox 1524 670 2091 736; x_wconf 86' lang='lat' dir='ltr'><strong><em>fermentum,veteris</em></strong></span> <span class='ocrx_word' id='word_1_72' title='bbox 2105 669 2348 722; x_wconf 82' lang='lat' dir='ltr'><strong><em>hominis</em></strong></span> <span class='ocrx_word' id='word_1_73' title='bbox 2366 670 2666 735; x_wconf 79' lang='lat' dir='ltr'><strong><em>peccatum,</em></strong></span> <span class='ocrx_word' id='word_1_74' title='bbox 2692 671 2756 719; x_wconf 91' lang='lat' dir='ltr'><strong><em>ut</em></strong></span> <span class='ocrx_word' id='word_1_75' title='bbox 2783 665 2906 719; x_wconf 85' lang='lat' dir='ltr'><strong><em>sitis</em></strong></span> <span class='ocrx_word' id='word_1_76' title='bbox 2923 667 3051 720; x_wconf 78' lang='lat' dir='ltr'><strong><em>bene</em></strong></span> <span class='ocrx_word' id='word_1_77' title='bbox 3072 669 3298 722; x_wconf 71' lang='lat' dir='ltr'><strong><em>vivendo</em></strong></span> <span class='ocrx_word' id='word_1_78' title='bbox 3328 686 3471 724; x_wconf 90' lang='lat' dir='ltr'><strong><em>nova</em></strong></span> <span class='ocrx_word' id='word_1_79' title='bbox 3490 672 3540 724; x_wconf 79' lang='grc'><strong><em>5.</em></strong></span> <span class='ocrx_word' id='word_1_80' title='bbox 3563 686 3695 725; x_wconf 88' lang='lat' dir='ltr'><strong><em>con-</em></strong></span> 
     </span>
    </p>
   </div>
   <div class='ocr_carea' id='block_1_7' title="bbox 425 756 3698 834">
    <p class='ocr_par' dir='ltr' id='par_1_7' title="bbox 425 756 3698 834">
     <span class='ocr_line' id='line_1_7' title="bbox 425 756 3698 834; baseline -0.001 -18"><span class='ocrx_word' id='word_1_81' title='bbox 425 762 655 834; x_wconf 85' lang='lat' dir='ltr'><strong><em>spersio,</em></strong></span> <span class='ocrx_word' id='word_1_82' title='bbox 681 765 858 831; x_wconf 86' lang='lat' dir='ltr'><strong><em>pasta,</em></strong></span> <span class='ocrx_word' id='word_1_83' title='bbox 879 761 1027 815; x_wconf 85' lang='lat' dir='ltr'><strong><em>sicut</em></strong></span> <span class='ocrx_word' id='word_1_84' title='bbox 1050 760 1185 815; x_wconf 90' lang='lat' dir='ltr'><strong><em>estis</em></strong></span> <span class='ocrx_word' id='word_1_85' title='bbox 1204 759 1407 831; x_wconf 83' lang='lat' dir='ltr'><strong><em>azymi,</em></strong></span> <span class='ocrx_word' id='word_1_86' title='bbox 1438 762 1503 813; x_wconf 88' lang='lat' dir='ltr'><strong><em>in</em></strong></span> <span class='ocrx_word' id='word_1_87' title='bbox 1523 761 1790 828; x_wconf 87' lang='lat' dir='ltr'><strong><em>baptismo</em></strong></span> <span class='ocrx_word' id='word_1_88' title='bbox 1819 759 2083 813; x_wconf 82' lang='lat' dir='ltr'><strong><em>mandati</em></strong></span> <span class='ocrx_word' id='word_1_89' title='bbox 2104 773 2139 811; x_wconf 91' lang='lat' dir='ltr'><strong><em>a</em></strong></span> <span class='ocrx_word' id='word_1_90' title='bbox 2160 758 2411 826; x_wconf 83' lang='lat' dir='ltr'><strong><em>peccatis.</em></strong></span> <span class='ocrx_word' id='word_1_91' title='bbox 2435 756 2575 822; x_wconf 76' lang='lat' dir='ltr'><strong><em>(Cur</em></strong></span> <span class='ocrx_word' id='word_1_92' title='bbox 2594 771 2820 822; x_wconf 77' lang='lat' dir='ltr'><strong><em>azymos</em></strong></span> <span class='ocrx_word' id='word_1_93' title='bbox 2834 756 3069 821; x_wconf 57' lang='lat' dir='ltr'><strong><em>dia-crit)</em></strong></span> <span class='ocrx_word' id='word_1_94' title='bbox 3091 757 3303 811; x_wconf 89' lang='lat' dir='ltr'><strong><em>etenim</em></strong></span> <span class='ocrx_word' id='word_1_95' title='bbox 3329 758 3380 823; x_wconf 82' lang='grc'>4,</span> <span class='ocrx_word' id='word_1_96' title='bbox 3407 757 3457 813; x_wconf 86' lang='grc'><strong><em>5.</em></strong></span> <span class='ocrx_word' id='word_1_97' title='bbox 3486 759 3698 813; x_wconf 79' lang='lat' dir='ltr'><strong><em>Pascha</em></strong></span> 
     </span>
    </p>
   </div>
   <div class='ocr_carea' id='block_1_8' title="bbox 424 844 3696 917">
    <p class='ocr_par' dir='ltr' id='par_1_8' title="bbox 424 844 3696 917">
     <span class='ocr_line' id='line_1_8' title="bbox 424 844 3696 917; baseline -0.001 -11"><span class='ocrx_word' id='word_1_98' title='bbox 424 854 679 906; x_wconf 87' lang='lat' dir='ltr'><strong><em>nostrum</em></strong></span> <span class='ocrx_word' id='word_1_99' title='bbox 703 848 1028 905; x_wconf 83' lang='lat' dir='ltr'><strong><em>immolatus</em></strong></span> <span class='ocrx_word' id='word_1_100' title='bbox 1050 853 1138 904; x_wconf 89' lang='lat' dir='ltr'><strong><em>est</em></strong></span> <span class='ocrx_word' id='word_1_101' title='bbox 1161 847 1437 909; x_wconf 78' lang='lat' dir='ltr'><strong><em>Christus.</em></strong></span> <span class='ocrx_word' id='word_1_102' title='bbox 1470 863 1631 917; x_wconf 85' lang='lat' dir='ltr'><strong><em>quem</em></strong></span> <span class='ocrx_word' id='word_1_103' title='bbox 1651 849 1802 903; x_wconf 87' lang='lat' dir='ltr'><strong><em>edere</em></strong></span> <span class='ocrx_word' id='word_1_104' title='bbox 1831 849 2100 901; x_wconf 85' lang='lat' dir='ltr'><strong><em>debemus.</em></strong></span> <span class='ocrx_word' id='word_1_105' title='bbox 2135 846 2331 916; x_wconf 84' lang='lat' dir='ltr'><strong><em>Itaque</em></strong></span> <span class='ocrx_word' id='word_1_106' title='bbox 2358 861 2483 897; x_wconf 86' lang='lat' dir='ltr'><strong><em>eum</em></strong></span> <span class='ocrx_word' id='word_1_107' title='bbox 2521 844 2817 915; x_wconf 89' lang='lat' dir='ltr'><strong><em>epulemur</em></strong></span> <span class='ocrx_word' id='word_1_108' title='bbox 2854 861 2967 900; x_wconf 90' lang='lat' dir='ltr'><strong><em>non</em></strong></span> <span class='ocrx_word' id='word_1_109' title='bbox 3006 845 3063 900; x_wconf 92' lang='lat' dir='ltr'><strong><em>in</em></strong></span> <span class='ocrx_word' id='word_1_110' title='bbox 3103 845 3377 902; x_wconf 88' lang='lat' dir='ltr'><strong><em>fermento</em></strong></span> <span class='ocrx_word' id='word_1_111' title='bbox 3408 850 3597 915; x_wconf 84' lang='lat' dir='ltr'><strong><em>veteri,</em></strong></span> <span class='ocrx_word' id='word_1_112' title='bbox 3631 852 3696 903; x_wconf 90' lang='lat' dir='ltr'><strong><em>in</em></strong></span> 
     </span>
    </p>
   </div>
   <div class='ocr_carea' id='block_1_9' title="bbox 419 928 3696 1010">
    <p class='ocr_par' dir='ltr' id='par_1_9' title="bbox 419 928 3696 1010">
     <span class='ocr_line' id='line_1_9' title="bbox 419 928 3696 1010; baseline -0.001 -16"><span class='ocrx_word' id='word_1_113' title='bbox 419 942 649 1009; x_wconf 85' lang='lat' dir='ltr'><strong><em>peccatis</em></strong></span> <span class='ocrx_word' id='word_1_114' title='bbox 676 941 869 994; x_wconf 81' lang='lat' dir='ltr'><strong><em>veteris</em></strong></span> <span class='ocrx_word' id='word_1_115' title='bbox 886 939 1145 1004; x_wconf 75' lang='lat' dir='ltr'><strong><em>hominis,</em></strong></span> <span class='ocrx_word' id='word_1_116' title='bbox 1178 928 1359 1010; x_wconf 76' lang='lat' dir='ltr'><strong><em>neque</em></strong></span> <span class='ocrx_word' id='word_1_117' title='bbox 1386 937 1445 993; x_wconf 92' lang='lat' dir='ltr'><strong><em>in</em></strong></span> <span class='ocrx_word' id='word_1_118' title='bbox 1470 938 1746 993; x_wconf 86' lang='lat' dir='ltr'><strong><em>fermento</em></strong></span> <span class='ocrx_word' id='word_1_119' title='bbox 1770 935 1999 990; x_wconf 84' lang='lat' dir='ltr'><strong><em>malitiae</em></strong></span> <span class='ocrx_word' id='word_1_120' title='bbox 2024 938 2082 990; x_wconf 90' lang='lat' dir='ltr'><strong><em>et</em></strong></span> <span class='ocrx_word' id='word_1_121' title='bbox 2108 934 2392 1005; x_wconf 84' lang='lat' dir='ltr'><strong><em>nequitiae,</em></strong></span> <span class='ocrx_word' id='word_1_122' title='bbox 2427 933 2478 999; x_wconf 87' lang='lat'><strong><em>6,</em></strong></span> <span class='ocrx_word' id='word_1_123' title='bbox 2511 931 2563 988; x_wconf 92' lang='lat'><strong><em>7.</em></strong></span> <span class='ocrx_word' id='word_1_124' title='bbox 2589 933 2687 988; x_wconf 89' lang='lat' dir='ltr'><strong><em>sed</em></strong></span> <span class='ocrx_word' id='word_1_125' title='bbox 2710 933 2767 988; x_wconf 89' lang='lat' dir='ltr'><strong><em>in</em></strong></span> <span class='ocrx_word' id='word_1_126' title='bbox 2782 934 2993 1003; x_wconf 83' lang='lat' dir='ltr'><strong><em>azymis</em></strong></span> <span class='ocrx_word' id='word_1_127' title='bbox 3011 931 3064 991; x_wconf 92' lang='lat'><strong><em>8.</em></strong></span> <span class='ocrx_word' id='word_1_128' title='bbox 3083 935 3445 1003; x_wconf 81' lang='lat' dir='ltr'><strong><em>sinceritatis,</em></strong></span> <span class='ocrx_word' id='word_1_129' title='bbox 3477 943 3535 992; x_wconf 89' lang='lat' dir='ltr'><strong><em>et</em></strong></span> <span class='ocrx_word' id='word_1_130' title='bbox 3554 939 3696 993; x_wconf 85' lang='lat' dir='ltr'><strong><em>veri-</em></strong></span> 
     </span>
    </p>
   </div>
   <div class='ocr_carea' id='block_1_10' title="bbox 420 1022 3693 1099">
    <p class='ocr_par' dir='ltr' id='par_1_10' title="bbox 420 1022 3693 1099">
     <span class='ocr_line' id='line_1_10' title="bbox 420 1022 3693 1099; baseline -0.001 -16"><span class='ocrx_word' id='word_1_131' title='bbox 420 1028 574 1085; x_wconf 85' lang='lat' dir='ltr'><strong><em>tatis.</em></strong></span> <span class='ocrx_word' id='word_1_132' title='bbox 606 1026 660 1085; x_wconf 89' lang='lat'><strong><em>9.</em></strong></span> <span class='ocrx_word' id='word_1_133' title='bbox 693 1028 900 1099; x_wconf 88' lang='lat' dir='ltr'><strong><em>Scripsi</em></strong></span> <span class='ocrx_word' id='word_1_134' title='bbox 925 1027 1079 1083; x_wconf 88' lang='lat' dir='ltr'><strong><em>vobis</em></strong></span> <span class='ocrx_word' id='word_1_135' title='bbox 1107 1027 1167 1082; x_wconf 90' lang='lat' dir='ltr'><strong><em>in</em></strong></span> <span class='ocrx_word' id='word_1_136' title='bbox 1195 1027 1623 1099; x_wconf 88' lang='lat' dir='ltr'><strong><em>epistola,quam</em></strong></span> <span class='ocrx_word' id='word_1_137' title='bbox 1652 1029 1727 1080; x_wconf 87' lang='lat' dir='ltr'><strong><em>eis</em></strong></span> <span class='ocrx_word' id='word_1_138' title='bbox 1752 1031 1880 1080; x_wconf 85' lang='lat' dir='ltr'><strong><em>ante</em></strong></span> <span class='ocrx_word' id='word_1_139' title='bbox 1900 1027 2065 1079; x_wconf 88' lang='lat' dir='ltr'><strong><em>istam</em></strong></span> <span class='ocrx_word' id='word_1_140' title='bbox 2101 1026 2349 1088; x_wconf 84' lang='lat' dir='ltr'><strong><em>miserat,</em></strong></span> <span class='ocrx_word' id='word_1_141' title='bbox 2379 1038 2450 1077; x_wconf 91' lang='lat' dir='ltr'><strong><em>ne</em></strong></span> <span class='ocrx_word' id='word_1_142' title='bbox 2478 1022 2951 1077; x_wconf 87' lang='lat' dir='ltr'><strong><em>commisceamini</em></strong></span> <span class='ocrx_word' id='word_1_143' title='bbox 2971 1022 3319 1091; x_wconf 89' lang='lat' dir='ltr'><strong><em>fornicariis;</em></strong></span> <span class='ocrx_word' id='word_1_144' title='bbox 3353 1041 3465 1080; x_wconf 85' lang='lat' dir='ltr'><strong><em>non</em></strong></span> <span class='ocrx_word' id='word_1_145' title='bbox 3498 1026 3693 1098; x_wconf 87' lang='lat' dir='ltr'><strong><em>utique</em></strong></span> 
     </span>
    </p>
   </div>
   <div class='ocr_carea' id='block_1_11' title="bbox 416 1110 3690 1189">
    <p class='ocr_par' dir='ltr' id='par_1_11' title="bbox 416 1110 3690 1189">
     <span class='ocr_line' id='line_1_11' title="bbox 416 1110 3690 1189; baseline 0 -19"><span class='ocrx_word' id='word_1_146' title='bbox 416 1116 767 1183; x_wconf 78' lang='lat' dir='ltr'><strong><em>fornicariis;</em></strong></span> <span class='ocrx_word' id='word_1_147' title='bbox 794 1115 1138 1189; x_wconf 87' lang='lat' dir='ltr'><strong><em>hujusmodi,</em></strong></span> <span class='ocrx_word' id='word_1_148' title='bbox 1160 1119 1458 1185; x_wconf 85' lang='lat' dir='ltr'><strong><em>gentilibus</em></strong></span> <span class='ocrx_word' id='word_1_149' title='bbox 1483 1119 1632 1171; x_wconf 84' lang='lat' dir='ltr'><strong><em>idola</em></strong></span> <span class='ocrx_word' id='word_1_150' title='bbox 1659 1117 1976 1181; x_wconf 86' lang='lat' dir='ltr'><strong><em>colentibus,</em></strong></span> <span class='ocrx_word' id='word_1_151' title='bbox 2010 1119 2111 1168; x_wconf 90' lang='lat' dir='ltr'><strong><em>aut</em></strong></span> <span class='ocrx_word' id='word_1_152' title='bbox 2131 1111 2332 1177; x_wconf 88' lang='lat' dir='ltr'><strong><em>avaris,</em></strong></span> <span class='ocrx_word' id='word_1_153' title='bbox 2366 1117 2466 1165; x_wconf 86' lang='lat' dir='ltr'><strong><em>aut</em></strong></span> <span class='ocrx_word' id='word_1_154' title='bbox 2494 1110 2809 1182; x_wconf 84' lang='lat' dir='ltr'><strong><em>rapacibus,</em></strong></span> <span class='ocrx_word' id='word_1_155' title='bbox 2841 1117 2941 1165; x_wconf 90' lang='lat' dir='ltr'><strong><em>aut</em></strong></span> <span class='ocrx_word' id='word_1_156' title='bbox 2961 1111 3124 1165; x_wconf 88' lang='lat' dir='ltr'><strong><em>idolis</em></strong></span> <span class='ocrx_word' id='word_1_157' title='bbox 3154 1112 3529 1168; x_wconf 87' lang='lat' dir='ltr'><strong><em>servientibus</em></strong></span> <span class='ocrx_word' id='word_1_158' title='bbox 3554 1133 3566 1180; x_wconf 94' lang='lat'><strong><em>;</em></strong></span> <span class='ocrx_word' id='word_1_159' title='bbox 3600 1112 3690 1180; x_wconf 79' lang='lat'><strong><em>10,</em></strong></span> 
     </span>
    </p>
   </div>
   <div class='ocr_carea' id='block_1_12' title="bbox 421 1199 3694 1277">
    <p class='ocr_par' dir='ltr' id='par_1_12' title="bbox 421 1199 3694 1277">
     <span class='ocr_line' id='line_1_12' title="bbox 421 1199 3694 1277; baseline -0.001 -15"><span class='ocrx_word' id='word_1_160' title='bbox 421 1202 481 1262; x_wconf 79' lang='lat' dir='ltr'><strong><em>ll</em></strong></span> <span class='ocrx_word' id='word_1_161' title='bbox 501 1248 513 1262; x_wconf 93' lang='lat'><strong><em>.</em></strong></span> <span class='ocrx_word' id='word_1_162' title='bbox 526 1205 777 1277; x_wconf 86' lang='lat' dir='ltr'><strong><em>alioquin</em></strong></span> <span class='ocrx_word' id='word_1_163' title='bbox 799 1209 849 1260; x_wconf 91' lang='lat' dir='ltr'><strong><em>si</em></strong></span> <span class='ocrx_word' id='word_1_164' title='bbox 862 1209 1152 1272; x_wconf 61' lang='lat' dir='ltr'><strong><em>enim“</em></strong></span> <span class='ocrx_word' id='word_1_165' title='bbox 1170 1205 1278 1260; x_wconf 61' lang='lat' dir='ltr'><strong><em>hac</em></strong></span> <span class='ocrx_word' id='word_1_166' title='bbox 1290 1208 1644 1275; x_wconf 86' lang='lat' dir='ltr'><strong><em>scripsissem,</em></strong></span> <span class='ocrx_word' id='word_1_167' title='bbox 1666 1203 1988 1258; x_wconf 84' lang='lat' dir='ltr'><strong><em>debueratis</em></strong></span> <span class='ocrx_word' id='word_1_168' title='bbox 2007 1208 2259 1272; x_wconf 85' lang='lat' dir='ltr'><strong><em>parentes</em></strong></span> <span class='ocrx_word' id='word_1_169' title='bbox 2278 1206 2539 1270; x_wconf 58' lang='lat' dir='ltr'><strong><em>praecepto</em></strong></span> <span class='ocrx_word' id='word_1_170' title='bbox 2561 1216 2677 1253; x_wconf 90' lang='lat' dir='ltr'><strong><em>meo</em></strong></span> <span class='ocrx_word' id='word_1_171' title='bbox 2698 1199 2767 1254; x_wconf 89' lang='lat' dir='ltr'><strong><em>de</em></strong></span> <span class='ocrx_word' id='word_1_172' title='bbox 2792 1201 2895 1254; x_wconf 83' lang='lat' dir='ltr'><strong><em>hoc</em></strong></span> <span class='ocrx_word' id='word_1_173' title='bbox 2911 1200 3138 1266; x_wconf 90' lang='lat' dir='ltr'><strong><em>mundo,</em></strong></span> <span class='ocrx_word' id='word_1_174' title='bbox 3165 1207 3450 1257; x_wconf 85' lang='lat' dir='ltr'><strong><em>communi</em></strong></span> <span class='ocrx_word' id='word_1_175' title='bbox 3478 1220 3694 1259; x_wconf 80' lang='lat' dir='ltr'><strong><em>conver-</em></strong></span> 
     </span>
    </p>
   </div>
   <div class='ocr_carea' id='block_1_13' title="bbox 415 1288 3694 1365">
    <p class='ocr_par' dir='ltr' id='par_1_13' title="bbox 415 1288 3694 1365">
     <span class='ocr_line' id='line_1_13' title="bbox 415 1288 3694 1365; baseline 0 -17"><span class='ocrx_word' id='word_1_176' title='bbox 415 1295 989 1365; x_wconf 83' lang='lat' dir='ltr'><strong><em>satione,exisse,quia</em></strong></span> <span class='ocrx_word' id='word_1_177' title='bbox 1008 1295 1208 1365; x_wconf 87' lang='lat' dir='ltr'><strong><em>ubique</em></strong></span> <span class='ocrx_word' id='word_1_178' title='bbox 1227 1298 1358 1349; x_wconf 89' lang='lat' dir='ltr'><strong><em>sunt</em></strong></span> <span class='ocrx_word' id='word_1_179' title='bbox 1386 1294 1519 1348; x_wconf 86' lang='lat' dir='ltr'><strong><em>tales</em></strong></span> <span class='ocrx_word' id='word_1_180' title='bbox 1544 1294 1868 1360; x_wconf 85' lang='lat' dir='ltr'><strong><em>fornicarii.</em></strong></span> <span class='ocrx_word' id='word_1_181' title='bbox 1893 1294 2054 1347; x_wconf 89' lang='lat' dir='ltr'><strong><em>Nunc</em></strong></span> <span class='ocrx_word' id='word_1_182' title='bbox 2084 1297 2274 1346; x_wconf 89' lang='lat' dir='ltr'><strong><em>autem</em></strong></span> <span class='ocrx_word' id='word_1_183' title='bbox 2305 1290 2455 1360; x_wconf 81' lang='lat' dir='ltr'><strong><em>scrip</em></strong></span> <span class='ocrx_word' id='word_1_184' title='bbox 2473 1290 2520 1343; x_wconf 89' lang='lat' dir='ltr'><strong><em>si</em></strong></span> <span class='ocrx_word' id='word_1_185' title='bbox 2543 1288 2717 1353; x_wconf 83' lang='lat' dir='ltr'><strong><em>vobis,</em></strong></span> <span class='ocrx_word' id='word_1_186' title='bbox 2753 1305 2879 1356; x_wconf 88' lang='lat' dir='ltr'><strong><em>ergo</em></strong></span> <span class='ocrx_word' id='word_1_187' title='bbox 2906 1292 3041 1358; x_wconf 86' lang='lat' dir='ltr'><strong><em>quia</em></strong></span> <span class='ocrx_word' id='word_1_188' title='bbox 3062 1305 3173 1343; x_wconf 90' lang='lat' dir='ltr'><strong><em>non</em></strong></span> <span class='ocrx_word' id='word_1_189' title='bbox 3194 1293 3359 1356; x_wconf 84' lang='lat' dir='ltr'><strong><em>illud,</em></strong></span> <span class='ocrx_word' id='word_1_190' title='bbox 3379 1297 3524 1360; x_wconf 88' lang='lat' dir='ltr'><strong><em>patet</em></strong></span> <span class='ocrx_word' id='word_1_191' title='bbox 3548 1295 3694 1349; x_wconf 85' lang='lat' dir='ltr'><strong><em>vobis</em></strong></span> 
     </span>
    </p>
   </div>
   <div class='ocr_carea' id='block_1_14' title="bbox 415 1377 3696 1453">
    <p class='ocr_par' dir='ltr' id='par_1_14' title="bbox 415 1377 3696 1453">
     <span class='ocr_line' id='line_1_14' title="bbox 415 1377 3696 1453; baseline 0 -17"><span class='ocrx_word' id='word_1_192' title='bbox 415 1385 793 1453; x_wconf 88' lang='lat' dir='ltr'><strong><em>mescripsisse</em></strong></span> <span class='ocrx_word' id='word_1_193' title='bbox 822 1386 904 1437; x_wconf 87' lang='lat' dir='ltr'><strong><em>ita</em></strong></span> <span class='ocrx_word' id='word_1_194' title='bbox 936 1389 1001 1437; x_wconf 87' lang='lat' dir='ltr'><strong><em>ut</em></strong></span> <span class='ocrx_word' id='word_1_195' title='bbox 1028 1385 1297 1453; x_wconf 86' lang='lat' dir='ltr'><strong><em>sequitur)</em></strong></span> <span class='ocrx_word' id='word_1_196' title='bbox 1325 1380 1409 1439; x_wconf 83' lang='lat' dir='ltr'><strong><em>l2.</em></strong></span> <span class='ocrx_word' id='word_1_197' title='bbox 1446 1398 1558 1435; x_wconf 91' lang='lat' dir='ltr'><strong><em>non</em></strong></span> <span class='ocrx_word' id='word_1_198' title='bbox 1587 1380 1955 1447; x_wconf 83' lang='lat' dir='ltr'><strong><em>commisceri,</em></strong></span> <span class='ocrx_word' id='word_1_199' title='bbox 1987 1381 2035 1435; x_wconf 90' lang='lat' dir='ltr'><strong><em>si</em></strong></span> <span class='ocrx_word' id='word_1_200' title='bbox 2075 1381 2124 1434; x_wconf 88' lang='lat' dir='ltr'><strong><em>is</em></strong></span> <span class='ocrx_word' id='word_1_201' title='bbox 2162 1380 2258 1451; x_wconf 88' lang='lat' dir='ltr'><strong><em>qui</em></strong></span> <span class='ocrx_word' id='word_1_202' title='bbox 2289 1379 2463 1432; x_wconf 85' lang='lat' dir='ltr'><strong><em>frater</em></strong></span> <span class='ocrx_word' id='word_1_203' title='bbox 2491 1377 2817 1431; x_wconf 85' lang='lat' dir='ltr'><strong><em>nominatur</em></strong></span> <span class='ocrx_word' id='word_1_204' title='bbox 2848 1382 2995 1431; x_wconf 84' lang='lat' dir='ltr'><strong><em>inter</em></strong></span> <span class='ocrx_word' id='word_1_205' title='bbox 3026 1394 3114 1431; x_wconf 80' lang='lat' dir='ltr'><strong><em>vos</em></strong></span> <span class='ocrx_word' id='word_1_206' title='bbox 3143 1387 3230 1433; x_wconf 88' lang='lat' dir='ltr'><strong><em>est</em></strong></span> <span class='ocrx_word' id='word_1_207' title='bbox 3258 1380 3580 1447; x_wconf 82' lang='lat' dir='ltr'><strong><em>fornicator,</em></strong></span> <span class='ocrx_word' id='word_1_208' title='bbox 3593 1389 3696 1438; x_wconf 88' lang='lat' dir='ltr'><strong><em>aut</em></strong></span> 
     </span>
    </p>
   </div>
   <div class='ocr_carea' id='block_1_15' title="bbox 412 1458 3683 1538">
    <p class='ocr_par' dir='ltr' id='par_1_15' title="bbox 412 1458 3683 1538">
     <span class='ocr_line' id='line_1_15' title="bbox 412 1458 3683 1538; baseline 0.001 -13"><span class='ocrx_word' id='word_1_209' title='bbox 412 1484 639 1538; x_wconf 82' lang='lat' dir='ltr'><strong><em>avarus,</em></strong></span> <span class='ocrx_word' id='word_1_210' title='bbox 677 1478 778 1526; x_wconf 90' lang='lat' dir='ltr'><strong><em>aut</em></strong></span> <span class='ocrx_word' id='word_1_211' title='bbox 807 1471 973 1525; x_wconf 88' lang='lat' dir='ltr'><strong><em>idolis</em></strong></span> <span class='ocrx_word' id='word_1_212' title='bbox 1001 1458 1274 1538; x_wconf 70' lang='lat' dir='ltr'><strong><em>serviens,</em></strong></span> <span class='ocrx_word' id='word_1_213' title='bbox 1326 1476 1425 1526; x_wconf 92' lang='lat' dir='ltr'><strong><em>aut</em></strong></span> <span class='ocrx_word' id='word_1_214' title='bbox 1463 1470 1791 1532; x_wconf 86' lang='lat' dir='ltr'><strong><em>maledicus,</em></strong></span> <span class='ocrx_word' id='word_1_215' title='bbox 1822 1476 1922 1525; x_wconf 88' lang='lat' dir='ltr'><strong><em>aut</em></strong></span> <span class='ocrx_word' id='word_1_216' title='bbox 1949 1468 2221 1535; x_wconf 88' lang='lat' dir='ltr'><strong><em>ebriosus,</em></strong></span> <span class='ocrx_word' id='word_1_217' title='bbox 2254 1473 2353 1522; x_wconf 92' lang='lat' dir='ltr'><strong><em>aut</em></strong></span> <span class='ocrx_word' id='word_1_218' title='bbox 2384 1483 2585 1538; x_wconf 86' lang='lat' dir='ltr'><strong><em>rapax;</em></strong></span> <span class='ocrx_word' id='word_1_219' title='bbox 2617 1484 2742 1521; x_wconf 92' lang='lat' dir='ltr'><strong><em>cum</em></strong></span> <span class='ocrx_word' id='word_1_220' title='bbox 2780 1467 3057 1538; x_wconf 86' lang='lat' dir='ltr'><strong><em>ejusmodi</em></strong></span> <span class='ocrx_word' id='word_1_221' title='bbox 3095 1484 3198 1522; x_wconf 91' lang='lat' dir='ltr'><strong><em>nec</em></strong></span> <span class='ocrx_word' id='word_1_222' title='bbox 3226 1468 3411 1523; x_wconf 74' lang='lat' dir='ltr'><strong><em>cibum</em></strong></span> <span class='ocrx_word' id='word_1_223' title='bbox 3441 1486 3683 1527; x_wconf 85' lang='lat' dir='ltr'><strong><em>sumere.</em></strong></span> 
     </span>
    </p>
   </div>
   <div class='ocr_carea' id='block_1_16' title="bbox 411 1555 3691 1627">
    <p class='ocr_par' dir='ltr' id='par_1_16' title="bbox 411 1555 3691 1627">
     <span class='ocr_line' id='line_1_16' title="bbox 411 1555 3691 1627; baseline 0 -13"><span class='ocrx_word' id='word_1_224' title='bbox 411 1558 558 1622; x_wconf 85' lang='lat' dir='ltr'><strong><em>Quid</em></strong></span> <span class='ocrx_word' id='word_1_225' title='bbox 589 1560 740 1614; x_wconf 91' lang='lat' dir='ltr'><strong><em>enim</em></strong></span> <span class='ocrx_word' id='word_1_226' title='bbox 772 1559 911 1613; x_wconf 91' lang='lat' dir='ltr'><strong><em>mihi</em></strong></span> <span class='ocrx_word' id='word_1_227' title='bbox 933 1561 998 1613; x_wconf 91' lang='lat' dir='ltr'><strong><em>de</em></strong></span> <span class='ocrx_word' id='word_1_228' title='bbox 1036 1561 1372 1627; x_wconf 83' lang='lat' dir='ltr'><strong><em>fornicariis</em></strong></span> <span class='ocrx_word' id='word_1_229' title='bbox 1403 1560 1607 1613; x_wconf 86' lang='lat' dir='ltr'><strong><em>mundi</em></strong></span> <span class='ocrx_word' id='word_1_230' title='bbox 1635 1559 1780 1612; x_wconf 86' lang='lat' dir='ltr'><strong><em>nihil</em></strong></span> <span class='ocrx_word' id='word_1_231' title='bbox 1800 1561 1927 1612; x_wconf 71' lang='lat' dir='ltr'><strong><em>dimi</em></strong></span> <span class='ocrx_word' id='word_1_232' title='bbox 1959 1558 2028 1611; x_wconf 88' lang='lat' dir='ltr'><strong><em>de</em></strong></span> <span class='ocrx_word' id='word_1_233' title='bbox 2073 1556 2161 1623; x_wconf 89' lang='lat' dir='ltr'><strong><em>iis,</em></strong></span> <span class='ocrx_word' id='word_1_234' title='bbox 2194 1556 2288 1626; x_wconf 91' lang='lat' dir='ltr'><strong><em>qui</em></strong></span> <span class='ocrx_word' id='word_1_235' title='bbox 2318 1555 2474 1619; x_wconf 88' lang='lat' dir='ltr'><strong><em>foris,</em></strong></span> <span class='ocrx_word' id='word_1_236' title='bbox 2496 1561 2653 1609; x_wconf 68' lang='lat' dir='ltr'><strong><em>eartra</em></strong></span> <span class='ocrx_word' id='word_1_237' title='bbox 2681 1558 2959 1609; x_wconf 83' lang='lat' dir='ltr'><strong><em>ecclesiam</em></strong></span> <span class='ocrx_word' id='word_1_238' title='bbox 2991 1560 3138 1619; x_wconf 91' lang='lat' dir='ltr'><strong><em>sunt,</em></strong></span> <span class='ocrx_word' id='word_1_239' title='bbox 3163 1557 3463 1626; x_wconf 77' lang='lat' dir='ltr'><strong><em>judicare?</em></strong></span> <span class='ocrx_word' id='word_1_240' title='bbox 3491 1559 3691 1615; x_wconf 88' lang='lat' dir='ltr'><strong><em>Nonne</em></strong></span> 
     </span>
    </p>
   </div>
   <div class='ocr_carea' id='block_1_17' title="bbox 408 1642 3686 1720">
    <p class='ocr_par' dir='ltr' id='par_1_17' title="bbox 408 1642 3686 1720">
     <span class='ocr_line' id='line_1_17' title="bbox 408 1642 3686 1720; baseline 0.001 -20"><span class='ocrx_word' id='word_1_241' title='bbox 408 1646 478 1701; x_wconf 80' lang='lat' dir='ltr'><strong><em>(le</em></strong></span> <span class='ocrx_word' id='word_1_242' title='bbox 506 1648 593 1714; x_wconf 88' lang='lat' dir='ltr'><strong><em>iis,</em></strong></span> <span class='ocrx_word' id='word_1_243' title='bbox 629 1648 726 1720; x_wconf 90' lang='lat' dir='ltr'><strong><em>qui</em></strong></span> <span class='ocrx_word' id='word_1_244' title='bbox 754 1649 909 1703; x_wconf 89' lang='lat' dir='ltr'><strong><em>intus</em></strong></span> <span class='ocrx_word' id='word_1_245' title='bbox 937 1654 1071 1703; x_wconf 90' lang='lat' dir='ltr'><strong><em>sunt</em></strong></span> <span class='ocrx_word' id='word_1_246' title='bbox 1099 1650 1270 1702; x_wconf 89' lang='lat' dir='ltr'><strong><em>initio</em></strong></span> <span class='ocrx_word' id='word_1_247' title='bbox 1296 1651 1498 1717; x_wconf 88' lang='lat' dir='ltr'><strong><em>scripsi</em></strong></span> <span class='ocrx_word' id='word_1_248' title='bbox 1518 1650 1583 1702; x_wconf 87' lang='lat' dir='ltr'><strong><em>de</em></strong></span> <span class='ocrx_word' id='word_1_249' title='bbox 1605 1649 1691 1701; x_wconf 89' lang='lat' dir='ltr'><strong><em>his</em></strong></span> <span class='ocrx_word' id='word_1_250' title='bbox 1717 1650 1819 1716; x_wconf 90' lang='lat' dir='ltr'><strong><em>qui</em></strong></span> <span class='ocrx_word' id='word_1_251' title='bbox 1846 1651 2000 1701; x_wconf 87' lang='lat' dir='ltr'><strong><em>intus</em></strong></span> <span class='ocrx_word' id='word_1_252' title='bbox 2020 1649 2152 1699; x_wconf 84' lang='lat' dir='ltr'><strong><em>sunt</em></strong></span> <span class='ocrx_word' id='word_1_253' title='bbox 2182 1660 2277 1698; x_wconf 88' lang='lat' dir='ltr'><strong><em>vos</em></strong></span> <span class='ocrx_word' id='word_1_254' title='bbox 2301 1642 2602 1713; x_wconf 85' lang='lat' dir='ltr'><strong><em>judicatis?</em></strong></span> <span class='ocrx_word' id='word_1_255' title='bbox 2621 1658 2655 1695; x_wconf 90' lang='lat' dir='ltr'><strong><em>a</em></strong></span> <span class='ocrx_word' id='word_1_256' title='bbox 2684 1646 2912 1699; x_wconf 87' lang='lat' dir='ltr'><strong><em>minori.</em></strong></span> <span class='ocrx_word' id='word_1_257' title='bbox 2938 1642 3085 1696; x_wconf 87' lang='lat' dir='ltr'><strong><em>Nam</em></strong></span> <span class='ocrx_word' id='word_1_258' title='bbox 3111 1659 3224 1708; x_wconf 87' lang='lat' dir='ltr'><strong><em>eos,</em></strong></span> <span class='ocrx_word' id='word_1_259' title='bbox 3259 1645 3354 1716; x_wconf 90' lang='lat' dir='ltr'><strong><em>qui</em></strong></span> <span class='ocrx_word' id='word_1_260' title='bbox 3382 1647 3517 1701; x_wconf 79' lang='lat' dir='ltr'><strong><em>toris</em></strong></span> <span class='ocrx_word' id='word_1_261' title='bbox 3534 1652 3686 1713; x_wconf 90' lang='lat' dir='ltr'><strong><em>sunt,</em></strong></span> 
     </span>
    </p>
   </div>
   <div class='ocr_carea' id='block_1_18' title="bbox 404 1730 3649 1809">
    <p class='ocr_par' dir='ltr' id='par_1_18' title="bbox 404 1730 3649 1809">
     <span class='ocr_line' id='line_1_18' title="bbox 404 1730 3649 1809; baseline -0.001 -16"><span class='ocrx_word' id='word_1_262' title='bbox 404 1736 557 1793; x_wconf 87' lang='lat' dir='ltr'><strong><em>Deus</em></strong></span> <span class='ocrx_word' id='word_1_263' title='bbox 584 1741 648 1793; x_wconf 91' lang='lat' dir='ltr'><strong><em>in</em></strong></span> <span class='ocrx_word' id='word_1_264' title='bbox 673 1738 909 1794; x_wconf 82' lang='lat' dir='ltr'><strong><em>Ecclesia</em></strong></span> <span class='ocrx_word' id='word_1_265' title='bbox 933 1736 1226 1809; x_wconf 88' lang='lat' dir='ltr'><strong><em>judicabit,</em></strong></span> <span class='ocrx_word' id='word_1_266' title='bbox 1260 1753 1373 1792; x_wconf 90' lang='lat' dir='ltr'><strong><em>non</em></strong></span> <span class='ocrx_word' id='word_1_267' title='bbox 1402 1752 1512 1806; x_wconf 85' lang='lat' dir='ltr'><strong><em>ego.</em></strong></span> <span class='ocrx_word' id='word_1_268' title='bbox 1548 1738 1733 1803; x_wconf 87' lang='lat' dir='ltr'><strong><em>Igitur</em></strong></span> <span class='ocrx_word' id='word_1_269' title='bbox 1766 1752 1833 1789; x_wconf 84' lang='lat' dir='ltr'><strong><em>ne</em></strong></span> <span class='ocrx_word' id='word_1_270' title='bbox 1862 1750 1949 1789; x_wconf 77' lang='lat' dir='ltr'><strong><em>vos</em></strong></span> <span class='ocrx_word' id='word_1_271' title='bbox 1978 1738 2324 1802; x_wconf 85' lang='lat' dir='ltr'><strong><em>corrumpat,</em></strong></span> <span class='ocrx_word' id='word_1_272' title='bbox 2355 1730 2569 1786; x_wconf 86' lang='lat' dir='ltr'><strong><em>auferte</em></strong></span> <span class='ocrx_word' id='word_1_273' title='bbox 2602 1732 2686 1786; x_wconf 82' lang='grc'><strong><em>15.</em></strong></span> <span class='ocrx_word' id='word_1_274' title='bbox 2712 1731 2923 1785; x_wconf 89' lang='lat' dir='ltr'><strong><em>malum</em></strong></span> <span class='ocrx_word' id='word_1_275' title='bbox 2956 1733 3193 1799; x_wconf 78' lang='lat' dir='ltr'><strong><em>fratrem</em></strong></span> <span class='ocrx_word' id='word_1_276' title='bbox 3225 1749 3290 1787; x_wconf 85' lang='lat' dir='ltr'><strong><em>ex</em></strong></span> <span class='ocrx_word' id='word_1_277' title='bbox 3313 1733 3463 1789; x_wconf 88' lang='lat' dir='ltr'><strong><em>vobis</em></strong></span> <span class='ocrx_word' id='word_1_278' title='bbox 3497 1736 3649 1806; x_wconf 87' lang='lat' dir='ltr'><strong><em>ipsis.</em></strong></span> 
     </span>
    </p>
   </div>
   <div class='ocr_carea' id='block_1_19' title="bbox 1862 1913 2227 1970">
    <p class='ocr_par' dir='ltr' id='par_1_19' title="bbox 1862 1913 2227 1970">
     <span class='ocr_line' id='line_1_19' title="bbox 1862 1913 2227 1970; baseline 0.003 -3"><span class='ocrx_word' id='word_1_279' title='bbox 1862 1913 2096 1968; x_wconf 82' lang='lat' dir='ltr'><strong>CAPUT</strong></span> <span class='ocrx_word' id='word_1_280' title='bbox 2132 1915 2227 1970; x_wconf 86' lang='lat' dir='ltr'><strong><em>VI.</em></strong></span> 
     </span>
    </p>
   </div>
   <div class='ocr_carea' id='block_1_20' title="bbox 473 2062 3694 2136">
    <p class='ocr_par' dir='ltr' id='par_1_20' title="bbox 473 2062 3694 2136">
     <span class='ocr_line' id='line_1_20' title="bbox 473 2062 3694 2136; baseline 0 -15"><span class='ocrx_word' id='word_1_281' title='bbox 473 2064 660 2121; x_wconf 81' lang='lat' dir='ltr'><strong><em>Audet</em></strong></span> <span class='ocrx_word' id='word_1_282' title='bbox 696 2063 901 2136; x_wconf 83' lang='lat' dir='ltr'><strong><em>aliquis</em></strong></span> <span class='ocrx_word' id='word_1_283' title='bbox 931 2068 1181 2119; x_wconf 89' lang='lat' dir='ltr'><strong><em>vestrum</em></strong></span> <span class='ocrx_word' id='word_1_284' title='bbox 1207 2063 1419 2119; x_wconf 85' lang='lat' dir='ltr'><strong><em>habens</em></strong></span> <span class='ocrx_word' id='word_1_285' title='bbox 1438 2063 1748 2135; x_wconf 82' lang='lat' dir='ltr'><strong><em>negotium,</em></strong></span> <span class='ocrx_word' id='word_1_286' title='bbox 1777 2082 2025 2132; x_wconf 88' lang='lat' dir='ltr'><strong><em>causam,</em></strong></span> <span class='ocrx_word' id='word_1_287' title='bbox 2058 2065 2326 2120; x_wconf 89' lang='lat' dir='ltr'><strong><em>adversus</em></strong></span> <span class='ocrx_word' id='word_1_288' title='bbox 2355 2065 2617 2130; x_wconf 85' lang='lat' dir='ltr'><strong><em>alterum,</em></strong></span> <span class='ocrx_word' id='word_1_289' title='bbox 2628 2062 2870 2135; x_wconf 88' lang='lat' dir='ltr'><strong><em>judicari</em></strong></span> <span class='ocrx_word' id='word_1_290' title='bbox 2899 2064 3049 2136; x_wconf 90' lang='lat' dir='ltr'><strong><em>apud</em></strong></span> <span class='ocrx_word' id='word_1_291' title='bbox 3078 2063 3324 2135; x_wconf 91' lang='lat' dir='ltr'><strong><em>iniquos,</em></strong></span> <span class='ocrx_word' id='word_1_292' title='bbox 3344 2066 3606 2132; x_wconf 78' lang='lat' dir='ltr'><strong><em>inﬁdeles,</em></strong></span> <span class='ocrx_word' id='word_1_293' title='bbox 3632 2072 3694 2121; x_wconf 88' lang='lat' dir='ltr'><strong><em>et</em></strong></span> 
     </span>
    </p>
   </div>
   <div class='ocr_carea' id='block_1_21' title="bbox 397 2153 3689 2226">
    <p class='ocr_par' dir='ltr' id='par_1_21' title="bbox 397 2153 3689 2226">
     <span class='ocr_line' id='line_1_21' title="bbox 397 2153 3689 2226; baseline -0.001 -15"><span class='ocrx_word' id='word_1_294' title='bbox 397 2170 513 2211; x_wconf 88' lang='lat' dir='ltr'><strong><em>non</em></strong></span> <span class='ocrx_word' id='word_1_295' title='bbox 542 2153 690 2226; x_wconf 89' lang='lat' dir='ltr'><strong><em>apud</em></strong></span> <span class='ocrx_word' id='word_1_296' title='bbox 721 2153 976 2208; x_wconf 83' lang='lat' dir='ltr'><strong><em>tanctos?</em></strong></span> <span class='ocrx_word' id='word_1_297' title='bbox 994 2153 1210 2220; x_wconf 80' lang='lat' dir='ltr'><strong><em>ﬁdeles?</em></strong></span> <span class='ocrx_word' id='word_1_298' title='bbox 1248 2153 1290 2210; x_wconf 92' lang='lat' dir='ltr'><strong><em>l.</em></strong></span> <span class='ocrx_word' id='word_1_299' title='bbox 1318 2156 1403 2208; x_wconf 90' lang='lat' dir='ltr'><strong><em>An</em></strong></span> <span class='ocrx_word' id='word_1_300' title='bbox 1440 2153 1668 2209; x_wconf 89' lang='lat' dir='ltr'><strong><em>nescitis</em></strong></span> <span class='ocrx_word' id='word_1_301' title='bbox 1691 2154 1959 2225; x_wconf 90' lang='lat' dir='ltr'><strong><em>quoniam</em></strong></span> <span class='ocrx_word' id='word_1_302' title='bbox 1989 2155 2170 2209; x_wconf 88' lang='lat' dir='ltr'><strong><em>sancti</em></strong></span> <span class='ocrx_word' id='word_1_303' title='bbox 2199 2154 2268 2208; x_wconf 91' lang='lat' dir='ltr'><strong><em>de</em></strong></span> <span class='ocrx_word' id='word_1_304' title='bbox 2292 2154 2397 2208; x_wconf 90' lang='lat' dir='ltr'><strong><em>hoc</em></strong></span> <span class='ocrx_word' id='word_1_305' title='bbox 2420 2154 2629 2208; x_wconf 91' lang='lat' dir='ltr'><strong><em>mundo</em></strong></span> <span class='ocrx_word' id='word_1_306' title='bbox 2651 2153 3034 2224; x_wconf 87' lang='lat' dir='ltr'><strong><em>judicabunt?</em></strong></span> <span class='ocrx_word' id='word_1_307' title='bbox 3064 2154 3133 2208; x_wconf 89' lang='lat' dir='ltr'><strong><em>Et</em></strong></span> <span class='ocrx_word' id='word_1_308' title='bbox 3160 2154 3207 2207; x_wconf 93' lang='lat' dir='ltr'><strong><em>si</em></strong></span> <span class='ocrx_word' id='word_1_309' title='bbox 3233 2153 3290 2207; x_wconf 90' lang='lat' dir='ltr'><strong><em>in</em></strong></span> <span class='ocrx_word' id='word_1_310' title='bbox 3322 2153 3494 2217; x_wconf 84' lang='lat' dir='ltr'><strong><em>vobis,</em></strong></span> <span class='ocrx_word' id='word_1_311' title='bbox 3520 2158 3689 2209; x_wconf 82' lang='lat' dir='ltr'><strong><em>vestri</em></strong></span> 
     </span>
    </p>
   </div>
   <div class='ocr_carea' id='block_1_22' title="bbox 395 2240 3765 2313">
    <p class='ocr_par' dir='ltr' id='par_1_22' title="bbox 395 2240 3765 2313">
     <span class='ocr_line' id='line_1_22' title="bbox 395 2240 3765 2313; baseline 0 -15"><span class='ocrx_word' id='word_1_312' title='bbox 395 2246 657 2312; x_wconf 68' lang='lat' dir='ltr'><strong><em>exemplo,</em></strong></span> <span class='ocrx_word' id='word_1_313' title='bbox 699 2240 1048 2312; x_wconf 86' lang='lat' dir='ltr'><strong><em>judicabitur</em></strong></span> <span class='ocrx_word' id='word_1_314' title='bbox 1074 2241 1340 2308; x_wconf 89' lang='lat' dir='ltr'><strong><em>mundus,</em></strong></span> <span class='ocrx_word' id='word_1_315' title='bbox 1374 2241 1588 2312; x_wconf 82' lang='lat' dir='ltr'><strong><em>indigni</em></strong></span> <span class='ocrx_word' id='word_1_316' title='bbox 1618 2242 1752 2297; x_wconf 89' lang='lat' dir='ltr'><strong><em>estis</em></strong></span> <span class='ocrx_word' id='word_1_317' title='bbox 1774 2244 1869 2313; x_wconf 91' lang='lat' dir='ltr'><strong><em>qui</em></strong></span> <span class='ocrx_word' id='word_1_318' title='bbox 1910 2243 1980 2297; x_wconf 91' lang='lat' dir='ltr'><strong><em>de</em></strong></span> <span class='ocrx_word' id='word_1_319' title='bbox 2011 2243 2259 2297; x_wconf 86' lang='lat' dir='ltr'><strong><em>minimis</em></strong></span> <span class='ocrx_word' id='word_1_320' title='bbox 2281 2242 2599 2313; x_wconf 79' lang='lat' dir='ltr'><strong><em>judicetis?</em></strong></span> <span class='ocrx_word' id='word_1_321' title='bbox 2646 2260 2756 2296; x_wconf 88' lang='lat' dir='ltr'><strong><em>non</em></strong></span> <span class='ocrx_word' id='word_1_322' title='bbox 2806 2247 2993 2311; x_wconf 82' lang='lat' dir='ltr'><strong><em>utique</em></strong></span> <span class='ocrx_word' id='word_1_323' title='bbox 3045 2255 3093 2295; x_wconf 63' lang='grc' dir='ltr'><strong><em>λ.</em></strong></span> <span class='ocrx_word' id='word_1_324' title='bbox 3134 2242 3376 2297; x_wconf 84' lang='lat' dir='ltr'><strong><em>Nescitis</em></strong></span> <span class='ocrx_word' id='word_1_325' title='bbox 3418 2243 3686 2313; x_wconf 86' lang='lat' dir='ltr'><strong><em>quoniam</em></strong></span> <span class='ocrx_word' id='word_1_326' title='bbox 3740 2240 3765 2261; x_wconf 83' lang='grc'><strong><em>⁸</em></strong></span> 
     </span>
    </p>
   </div>
   <div class='ocr_carea' id='block_1_23' title="bbox 392 2330 3686 2404">
    <p class='ocr_par' dir='ltr' id='par_1_23' title="bbox 392 2330 3686 2404">
     <span class='ocr_line' id='line_1_23' title="bbox 392 2330 3686 2404; baseline 0 -17"><span class='ocrx_word' id='word_1_327' title='bbox 392 2332 640 2404; x_wconf 80' lang='lat' dir='ltr'><strong><em>angelos,</em></strong></span> <span class='ocrx_word' id='word_1_328' title='bbox 664 2334 948 2400; x_wconf 74' lang='lat' dir='ltr'><strong><em>daemones,</em></strong></span> <span class='ocrx_word' id='word_1_329' title='bbox 975 2330 1395 2402; x_wconf 85' lang='lat' dir='ltr'><strong><em>judicabimus?</em></strong></span> <span class='ocrx_word' id='word_1_330' title='bbox 1422 2331 1645 2397; x_wconf 88' lang='lat' dir='ltr'><strong><em>Quanto</em></strong></span> <span class='ocrx_word' id='word_1_331' title='bbox 1674 2332 1857 2403; x_wconf 86' lang='lat' dir='ltr'><strong><em>magis</em></strong></span> <span class='ocrx_word' id='word_1_332' title='bbox 1877 2331 2205 2387; x_wconf 81' lang='lat' dir='ltr'><strong><em>saecularia?</em></strong></span> <span class='ocrx_word' id='word_1_333' title='bbox 2230 2333 2481 2401; x_wconf 33' lang='lat' dir='ltr'><strong><em>(,ironz&#39;a.)</em></strong></span> <span class='ocrx_word' id='word_1_334' title='bbox 2515 2330 2815 2386; x_wconf 67' lang='lat' dir='ltr'><strong><em>Saecularis</em></strong></span> <span class='ocrx_word' id='word_1_335' title='bbox 2833 2330 3009 2400; x_wconf 88' lang='lat' dir='ltr'><strong><em>igitur</em></strong></span> <span class='ocrx_word' id='word_1_336' title='bbox 3027 2330 3238 2400; x_wconf 90' lang='lat' dir='ltr'><strong><em>judicia</em></strong></span> <span class='ocrx_word' id='word_1_337' title='bbox 3255 2330 3302 2384; x_wconf 92' lang='lat' dir='ltr'><strong><em>si</em></strong></span> <span class='ocrx_word' id='word_1_338' title='bbox 3327 2330 3638 2387; x_wconf 88' lang='lat' dir='ltr'><strong><em>habueritis</em></strong></span> <span class='ocrx_word' id='word_1_339' title='bbox 3673 2351 3686 2386; x_wconf 88' lang='lat'><strong>:</strong></span> 
     </span>
    </p>
   </div>
   <div class='ocr_carea' id='block_1_24' title="bbox 1743 2484 2331 2541">
    <p class='ocr_par' dir='ltr' id='par_1_24' title="bbox 1743 2484 2331 2541">
     <span class='ocr_line' id='line_1_24' title="bbox 1743 2484 2331 2541; baseline -0.007 0"><span class='ocrx_word' id='word_1_340' title='bbox 1743 2484 2331 2541; x_wconf 84' lang='lat' dir='ltr'><strong><em>COMMENTARIUS.</em></strong></span> 
     </span>
    </p>
   </div>
   <div class='ocr_carea' id='block_1_25' title="bbox 393 2614 3194 2709">
    <p class='ocr_par' dir='ltr' id='par_1_25' title="bbox 393 2614 3194 2709">
     <span class='ocr_line' id='line_1_25' title="bbox 393 2614 3194 2709; baseline 0 -19"><span class='ocrx_word' id='word_1_341' title='bbox 393 2635 590 2691; x_wconf 86' lang='lat' dir='ltr'><strong><em>tandiu</em></strong></span> <span class='ocrx_word' id='word_1_342' title='bbox 608 2635 879 2702; x_wconf 81' lang='lat' dir='ltr'><strong><em>traderet,</em></strong></span> <span class='ocrx_word' id='word_1_343' title='bbox 911 2614 1692 2709; x_wconf 76' lang='lat' dir='ltr'><strong><em>quoadusque,p(enitentiam</em></strong></span> <span class='ocrx_word' id='word_1_344' title='bbox 1713 2638 2000 2709; x_wconf 75' lang='lat' dir='ltr'><strong><em>profiteris,</em></strong></span> <span class='ocrx_word' id='word_1_345' title='bbox 2022 2642 2069 2697; x_wconf 84' lang='lat' dir='ltr'><strong><em>A</em></strong></span> <span class='ocrx_word' id='word_1_346' title='bbox 2090 2637 2471 2694; x_wconf 82' lang='lat' dir='ltr'><strong><em>sinceritatem</em></strong></span> <span class='ocrx_word' id='word_1_347' title='bbox 2500 2642 2556 2690; x_wconf 88' lang='lat' dir='ltr'><strong><em>et</em></strong></span> <span class='ocrx_word' id='word_1_348' title='bbox 2586 2634 2875 2690; x_wconf 80' lang='lat' dir='ltr'><strong><em>veritatem</em></strong></span> <span class='ocrx_word' id='word_1_349' title='bbox 2905 2635 3194 2691; x_wconf 82' lang='lat' dir='ltr'><strong><em>habemus.</em></strong></span> 
     </span>
    </p>
   </div>
   <div class='ocr_carea' id='block_1_26' title="bbox 390 2724 3672 2798">
    <p class='ocr_par' dir='ltr' id='par_1_26' title="bbox 390 2724 3672 2798">
     <span class='ocr_line' id='line_1_26' title="bbox 390 2724 3672 2798; baseline -0 -18"><span class='ocrx_word' id='word_1_350' title='bbox 390 2742 426 2781; x_wconf 89' lang='lat' dir='ltr'><strong><em>a</em></strong></span> <span class='ocrx_word' id='word_1_351' title='bbox 460 2726 750 2798; x_wconf 90' lang='lat' dir='ltr'><strong><em>proposito</em></strong></span> <span class='ocrx_word' id='word_1_352' title='bbox 778 2725 928 2780; x_wconf 92' lang='lat' dir='ltr'><strong><em>malo</em></strong></span> <span class='ocrx_word' id='word_1_353' title='bbox 947 2725 1262 2782; x_wconf 86' lang='lat' dir='ltr'><strong><em>desisteret.</em></strong></span> <span class='ocrx_word' id='word_1_354' title='bbox 2143 2728 2193 2784; x_wconf 69' lang='grc'>9,</span> <span class='ocrx_word' id='word_1_355' title='bbox 2226 2726 2438 2794; x_wconf 79' lang='lat' dir='ltr'><strong><em>Scripsi</em></strong></span> <span class='ocrx_word' id='word_1_356' title='bbox 2457 2727 2619 2779; x_wconf 71' lang='lat' dir='ltr'><strong><em>vobis.</em></strong></span> <span class='ocrx_word' id='word_1_357' title='bbox 2655 2725 2959 2796; x_wconf 89' lang='lat' dir='ltr'><strong><em>Epistolam</em></strong></span> <span class='ocrx_word' id='word_1_358' title='bbox 2994 2726 3317 2796; x_wconf 87' lang='lat' dir='ltr'><strong><em>quamdam,</em></strong></span> <span class='ocrx_word' id='word_1_359' title='bbox 3350 2741 3474 2796; x_wconf 65' lang='lat' dir='ltr'><strong><em>quae</em></strong></span> <span class='ocrx_word' id='word_1_360' title='bbox 3505 2724 3672 2779; x_wconf 90' lang='lat' dir='ltr'><strong><em>modo</em></strong></span> 
     </span>
    </p>
   </div>
   <div class='ocr_carea' id='block_1_27' title="bbox 459 2813 1986 2887">
    <p class='ocr_par' dir='ltr' id='par_1_27' title="bbox 459 2813 1986 2887">
     <span class='ocr_line' id='line_1_27' title="bbox 459 2813 1986 2887; baseline -0.001 -15"><span class='ocrx_word' id='word_1_361' title='bbox 459 2814 512 2872; x_wconf 87' lang='lat'><strong><em>3.</em></strong></span> <span class='ocrx_word' id='word_1_362' title='bbox 570 2817 907 2884; x_wconf 78' lang='lat' dir='ltr'><strong><em>Conspersio.</em></strong></span> <span class='ocrx_word' id='word_1_363' title='bbox 966 2813 1300 2887; x_wconf 90' lang='lat' dir='ltr'><strong><em>Conspersio</em></strong></span> <span class='ocrx_word' id='word_1_364' title='bbox 1349 2820 1437 2870; x_wconf 91' lang='lat' dir='ltr'><strong><em>est</em></strong></span> <span class='ocrx_word' id='word_1_365' title='bbox 1474 2817 1658 2870; x_wconf 88' lang='lat' dir='ltr'><strong><em>farina</em></strong></span> <span class='ocrx_word' id='word_1_366' title='bbox 1706 2823 1763 2871; x_wconf 92' lang='lat' dir='ltr'><strong><em>et</em></strong></span> <span class='ocrx_word' id='word_1_367' title='bbox 1817 2833 1986 2887; x_wconf 88' lang='lat' dir='ltr'><strong><em>aqua,</em></strong></span> 
     </span>
    </p>
   </div>
   <div class='ocr_carea' id='block_1_28' title="bbox 386 2902 1983 2977">
    <p class='ocr_par' dir='ltr' id='par_1_28' title="bbox 386 2902 1983 2977">
     <span class='ocr_line' id='line_1_28' title="bbox 386 2902 1983 2977; baseline -0.001 -18"><span class='ocrx_word' id='word_1_368' title='bbox 386 2903 685 2960; x_wconf 88' lang='lat' dir='ltr'><strong><em>commista</em></strong></span> <span class='ocrx_word' id='word_1_369' title='bbox 716 2902 887 2958; x_wconf 91' lang='lat' dir='ltr'><strong><em>simul</em></strong></span> <span class='ocrx_word' id='word_1_370' title='bbox 912 2903 1035 2958; x_wconf 91' lang='lat' dir='ltr'><strong><em>sine</em></strong></span> <span class='ocrx_word' id='word_1_371' title='bbox 1064 2903 1359 2971; x_wconf 86' lang='lat' dir='ltr'><strong><em>fermento,</em></strong></span> <span class='ocrx_word' id='word_1_372' title='bbox 1393 2905 1656 2960; x_wconf 85' lang='lat' dir='ltr'><strong><em>similiter</em></strong></span> <span class='ocrx_word' id='word_1_373' title='bbox 1685 2910 1744 2960; x_wconf 92' lang='lat' dir='ltr'><strong><em>et</em></strong></span> <span class='ocrx_word' id='word_1_374' title='bbox 1770 2922 1983 2977; x_wconf 88' lang='lat' dir='ltr'><strong><em>azyma.</em></strong></span> 
     </span>
    </p>
   </div>
   <div class='ocr_carea' id='block_1_29' title="bbox 387 2987 1993 3066">
    <p class='ocr_par' dir='ltr' id='par_1_29' title="bbox 387 2987 1993 3066">
     <span class='ocr_line' id='line_1_29' title="bbox 387 2987 1993 3066; baseline -0.001 -17"><span class='ocrx_word' id='word_1_375' title='bbox 387 2987 580 3049; x_wconf 83' lang='lat' dir='ltr'><strong><em>Monet</em></strong></span> <span class='ocrx_word' id='word_1_376' title='bbox 601 2992 780 3064; x_wconf 89' lang='lat' dir='ltr'><strong><em>igitur</em></strong></span> <span class='ocrx_word' id='word_1_377' title='bbox 798 2997 863 3047; x_wconf 94' lang='lat' dir='ltr'><strong><em>ut</em></strong></span> <span class='ocrx_word' id='word_1_378' title='bbox 880 2992 996 3047; x_wconf 91' lang='lat' dir='ltr'><strong><em>sint</em></strong></span> <span class='ocrx_word' id='word_1_379' title='bbox 1023 2993 1255 3048; x_wconf 87' lang='lat' dir='ltr'><strong><em>vivendo</em></strong></span> <span class='ocrx_word' id='word_1_380' title='bbox 1276 2994 1476 3049; x_wconf 90' lang='lat' dir='ltr'><strong><em>mundi</em></strong></span> <span class='ocrx_word' id='word_1_381' title='bbox 1491 3012 1526 3049; x_wconf 78' lang='grc' dir='ltr'><strong><em>ει</em></strong></span> <span class='ocrx_word' id='word_1_382' title='bbox 1548 2994 1814 3066; x_wconf 88' lang='lat' dir='ltr'><strong><em>peccatis,</em></strong></span> <span class='ocrx_word' id='word_1_383' title='bbox 1845 2995 1993 3049; x_wconf 90' lang='lat' dir='ltr'><strong><em>sicut</em></strong></span> 
     </span>
    </p>
   </div>
   <div class='ocr_carea' id='block_1_30' title="bbox 384 3080 1071 3153">
    <p class='ocr_par' dir='ltr' id='par_1_30' title="bbox 384 3080 1071 3153">
     <span class='ocr_line' id='line_1_30' title="bbox 384 3080 1071 3153; baseline -0.001 -15"><span class='ocrx_word' id='word_1_384' title='bbox 384 3082 645 3138; x_wconf 88' lang='lat' dir='ltr'><strong><em>inundati</em></strong></span> <span class='ocrx_word' id='word_1_385' title='bbox 673 3081 732 3136; x_wconf 90' lang='lat' dir='ltr'><strong><em>in</em></strong></span> <span class='ocrx_word' id='word_1_386' title='bbox 770 3080 1071 3153; x_wconf 88' lang='lat' dir='ltr'><strong><em>baptismo.</em></strong></span> 
     </span>
    </p>
   </div>
   <div class='ocr_carea' id='block_1_31' title="bbox 455 3171 1992 3229">
    <p class='ocr_par' dir='ltr' id='par_1_31' title="bbox 455 3171 1992 3229">
     <span class='ocr_line' id='line_1_31' title="bbox 455 3171 1992 3229; baseline 0 -3"><span class='ocrx_word' id='word_1_387' title='bbox 455 3171 513 3226; x_wconf 83' lang='grc'><strong>4.</strong></span> <span class='ocrx_word' id='word_1_388' title='bbox 546 3171 782 3226; x_wconf 86' lang='lat' dir='ltr'><strong><em>Etenim</em></strong></span> <span class='ocrx_word' id='word_1_389' title='bbox 813 3172 1020 3224; x_wconf 83' lang='lat' dir='ltr'><strong><em>Pascha</em></strong></span> <span class='ocrx_word' id='word_1_390' title='bbox 1056 3177 1341 3229; x_wconf 87' lang='lat' dir='ltr'><strong><em>nostrum.</em></strong></span> <span class='ocrx_word' id='word_1_391' title='bbox 1392 3171 1555 3227; x_wconf 84' lang='lat' dir='ltr'><strong><em>Ratio</em></strong></span> <span class='ocrx_word' id='word_1_392' title='bbox 1580 3188 1680 3226; x_wconf 89' lang='lat' dir='ltr'><strong><em>cur</em></strong></span> <span class='ocrx_word' id='word_1_393' title='bbox 1703 3188 1802 3226; x_wconf 91' lang='lat' dir='ltr'><strong><em>nos</em></strong></span> <span class='ocrx_word' id='word_1_394' title='bbox 1834 3189 1992 3226; x_wconf 85' lang='lat' dir='ltr'><strong><em>mun-</em></strong></span> 
     </span>
    </p>
   </div>
   <div class='ocr_carea' id='block_1_32' title="bbox 385 3258 1987 3332">
    <p class='ocr_par' dir='ltr' id='par_1_32' title="bbox 385 3258 1987 3332">
     <span class='ocr_line' id='line_1_32' title="bbox 385 3258 1987 3332; baseline -0.001 -18"><span class='ocrx_word' id='word_1_395' title='bbox 385 3260 488 3314; x_wconf 86' lang='lat' dir='ltr'><strong><em>dos</em></strong></span> <span class='ocrx_word' id='word_1_396' title='bbox 504 3275 535 3313; x_wconf 90' lang='lat' dir='ltr'><strong><em>a</em></strong></span> <span class='ocrx_word' id='word_1_397' title='bbox 558 3263 785 3330; x_wconf 87' lang='lat' dir='ltr'><strong><em>peccato</em></strong></span> <span class='ocrx_word' id='word_1_398' title='bbox 803 3258 986 3312; x_wconf 84' lang='lat' dir='ltr'><strong><em>vivere</em></strong></span> <span class='ocrx_word' id='word_1_399' title='bbox 1005 3264 1279 3329; x_wconf 86' lang='lat' dir='ltr'><strong><em>oporteat,</em></strong></span> <span class='ocrx_word' id='word_1_400' title='bbox 1294 3260 1550 3315; x_wconf 88' lang='lat' dir='ltr'><strong><em>videlicet</em></strong></span> <span class='ocrx_word' id='word_1_401' title='bbox 1569 3261 1700 3332; x_wconf 84' lang='lat' dir='ltr'><strong><em>quia</em></strong></span> <span class='ocrx_word' id='word_1_402' title='bbox 1730 3261 1987 3315; x_wconf 89' lang='lat' dir='ltr'><strong><em>Christus</em></strong></span> 
     </span>
    </p>
   </div>
   <div class='ocr_carea' id='block_1_33' title="bbox 387 3347 1981 3418">
    <p class='ocr_par' dir='ltr' id='par_1_33' title="bbox 387 3347 1981 3418">
     <span class='ocr_line' id='line_1_33' title="bbox 387 3347 1981 3418; baseline 0.001 -17"><span class='ocrx_word' id='word_1_403' title='bbox 387 3347 715 3402; x_wconf 87' lang='lat' dir='ltr'><strong><em>immolatus</em></strong></span> <span class='ocrx_word' id='word_1_404' title='bbox 745 3351 848 3414; x_wconf 87' lang='lat' dir='ltr'><strong><em>est,</em></strong></span> <span class='ocrx_word' id='word_1_405' title='bbox 877 3362 1044 3418; x_wconf 88' lang='lat' dir='ltr'><strong><em>quem</em></strong></span> <span class='ocrx_word' id='word_1_406' title='bbox 1063 3348 1284 3418; x_wconf 91' lang='lat' dir='ltr'><strong><em>epulari</em></strong></span> <span class='ocrx_word' id='word_1_407' title='bbox 1304 3348 1590 3404; x_wconf 88' lang='lat' dir='ltr'><strong><em>debemus.</em></strong></span> <span class='ocrx_word' id='word_1_408' title='bbox 1615 3350 1685 3403; x_wconf 90' lang='lat' dir='ltr'><strong><em>Et</em></strong></span> <span class='ocrx_word' id='word_1_409' title='bbox 1710 3356 1797 3404; x_wconf 90' lang='lat' dir='ltr'><strong><em>est</em></strong></span> <span class='ocrx_word' id='word_1_410' title='bbox 1810 3349 1946 3403; x_wconf 90' lang='lat' dir='ltr'><strong><em>ordo</em></strong></span> <span class='ocrx_word' id='word_1_411' title='bbox 1970 3367 1981 3402; x_wconf 89' lang='lat'><strong>:</strong></span> 
     </span>
    </p>
   </div>
   <div class='ocr_carea' id='block_1_34' title="bbox 385 3434 1986 3507">
    <p class='ocr_par' dir='ltr' id='par_1_34' title="bbox 385 3434 1986 3507">
     <span class='ocr_line' id='line_1_34' title="bbox 385 3434 1986 3507; baseline 0 -16"><span class='ocrx_word' id='word_1_412' title='bbox 385 3436 594 3491; x_wconf 90' lang='lat' dir='ltr'><strong><em>etenim</em></strong></span> <span class='ocrx_word' id='word_1_413' title='bbox 641 3434 916 3503; x_wconf 84' lang='lat' dir='ltr'><strong><em>Christus,</em></strong></span> <span class='ocrx_word' id='word_1_414' title='bbox 951 3435 1048 3507; x_wconf 89' lang='lat' dir='ltr'><strong><em>qui</em></strong></span> <span class='ocrx_word' id='word_1_415' title='bbox 1077 3442 1165 3492; x_wconf 89' lang='lat' dir='ltr'><strong><em>est</em></strong></span> <span class='ocrx_word' id='word_1_416' title='bbox 1201 3436 1416 3492; x_wconf 88' lang='lat' dir='ltr'><strong><em>Pascha</em></strong></span> <span class='ocrx_word' id='word_1_417' title='bbox 1456 3443 1733 3505; x_wconf 88' lang='lat' dir='ltr'><strong><em>nostrum,</em></strong></span> <span class='ocrx_word' id='word_1_418' title='bbox 1766 3443 1851 3492; x_wconf 90' lang='lat' dir='ltr'><strong><em>est</em></strong></span> <span class='ocrx_word' id='word_1_419' title='bbox 1878 3437 1986 3491; x_wconf 91' lang='lat' dir='ltr'><strong><em>im-</em></strong></span> 
     </span>
    </p>
   </div>
   <div class='ocr_carea' id='block_1_35' title="bbox 385 3522 647 3579">
    <p class='ocr_par' dir='ltr' id='par_1_35' title="bbox 385 3522 647 3579">
     <span class='ocr_line' id='line_1_35' title="bbox 385 3522 647 3579; baseline 0.004 -1"><span class='ocrx_word' id='word_1_420' title='bbox 385 3522 647 3579; x_wconf 79' lang='lat' dir='ltr'><strong><em>molstus.</em></strong></span> 
     </span>
    </p>
   </div>
   <div class='ocr_carea' id='block_1_36' title="bbox 458 3612 1982 3684">
    <p class='ocr_par' dir='ltr' id='par_1_36' title="bbox 458 3612 1982 3684">
     <span class='ocr_line' id='line_1_36' title="bbox 458 3612 1982 3684; baseline 0.003 -17"><span class='ocrx_word' id='word_1_421' title='bbox 458 3612 512 3669; x_wconf 83' lang='lat'><strong><em>5.</em></strong></span> <span class='ocrx_word' id='word_1_422' title='bbox 543 3614 793 3669; x_wconf 78' lang='lat' dir='ltr'><strong><em>Ausus&#39;r.</em></strong></span> <span class='ocrx_word' id='word_1_423' title='bbox 844 3614 1064 3683; x_wconf 68' lang='lat' dir='ltr'><strong><em>(Expos.</em></strong></span> <span class='ocrx_word' id='word_1_424' title='bbox 1113 3617 1175 3668; x_wconf 87' lang='lat' dir='ltr'><strong><em>in</em></strong></span> <span class='ocrx_word' id='word_1_425' title='bbox 1222 3615 1432 3684; x_wconf 87' lang='lat' dir='ltr'><strong><em>Evang.</em></strong></span> <span class='ocrx_word' id='word_1_426' title='bbox 1474 3617 1637 3670; x_wconf 85' lang='lat' dir='ltr'><strong><em>.Iuan.</em></strong></span> <span class='ocrx_word' id='word_1_427' title='bbox 1678 3620 1842 3670; x_wconf 89' lang='lat' dir='ltr'><strong><em>tract.</em></strong></span> <span class='ocrx_word' id='word_1_428' title='bbox 1895 3618 1982 3682; x_wconf 79' lang='grc'><strong><em>55,</em></strong></span> 
     </span>
    </p>
   </div>
   <div class='ocr_carea' id='block_1_37' title="bbox 384 3701 1985 3776">
    <p class='ocr_par' dir='ltr' id='par_1_37' title="bbox 384 3701 1985 3776">
     <span class='ocr_line' id='line_1_37' title="bbox 384 3701 1985 3776; baseline 0.002 -20"><span class='ocrx_word' id='word_1_429' title='bbox 384 3706 523 3756; x_wconf 88' lang='lat' dir='ltr'><strong><em>tom.</em></strong></span> <span class='ocrx_word' id='word_1_430' title='bbox 556 3701 674 3759; x_wconf 85' lang='lat' dir='ltr'><strong><em>IX).</em></strong></span> <span class='ocrx_word' id='word_1_431' title='bbox 708 3702 926 3755; x_wconf 85' lang='lat' dir='ltr'><strong><em>Etenim</em></strong></span> <span class='ocrx_word' id='word_1_432' title='bbox 958 3703 1160 3757; x_wconf 87' lang='lat' dir='ltr'><strong><em>Pascha</em></strong></span> <span class='ocrx_word' id='word_1_433' title='bbox 1201 3710 1476 3758; x_wconf 87' lang='lat' dir='ltr'><strong><em>nostrum.</em></strong></span> <span class='ocrx_word' id='word_1_434' title='bbox 1508 3705 1683 3775; x_wconf 90' lang='lat' dir='ltr'><strong><em>Cujus</em></strong></span> <span class='ocrx_word' id='word_1_435' title='bbox 1711 3706 1985 3776; x_wconf 82' lang='lat' dir='ltr'><strong><em>sanguine</em></strong></span> 
     </span>
    </p>
   </div>
   <div class='ocr_carea' id='block_1_38' title="bbox 384 3789 1984 3863">
    <p class='ocr_par' dir='ltr' id='par_1_38' title="bbox 384 3789 1984 3863">
     <span class='ocr_line' id='line_1_38' title="bbox 384 3789 1984 3863; baseline 0.003 -18"><span class='ocrx_word' id='word_1_436' title='bbox 384 3789 544 3846; x_wconf 89' lang='lat' dir='ltr'><strong><em>illitis</em></strong></span> <span class='ocrx_word' id='word_1_437' title='bbox 578 3789 833 3862; x_wconf 90' lang='lat' dir='ltr'><strong><em>postibus</em></strong></span> <span class='ocrx_word' id='word_1_438' title='bbox 862 3790 1087 3856; x_wconf 90' lang='lat' dir='ltr'><strong><em>nostris,</em></strong></span> <span class='ocrx_word' id='word_1_439' title='bbox 1140 3790 1196 3845; x_wconf 88' lang='lat' dir='ltr'><strong><em>id</em></strong></span> <span class='ocrx_word' id='word_1_440' title='bbox 1229 3796 1333 3858; x_wconf 89' lang='lat' dir='ltr'><strong><em>est,</em></strong></span> <span class='ocrx_word' id='word_1_441' title='bbox 1383 3793 1541 3863; x_wconf 87' lang='lat' dir='ltr'><strong><em>cujus</em></strong></span> <span class='ocrx_word' id='word_1_442' title='bbox 1596 3792 1760 3863; x_wconf 87' lang='lat' dir='ltr'><strong><em>signo</em></strong></span> <span class='ocrx_word' id='word_1_443' title='bbox 1804 3794 1984 3849; x_wconf 84' lang='lat' dir='ltr'><strong><em>crucis</em></strong></span> 
     </span>
    </p>
   </div>
   <div class='ocr_carea' id='block_1_39' title="bbox 383 3878 1981 3953">
    <p class='ocr_par' dir='ltr' id='par_1_39' title="bbox 383 3878 1981 3953">
     <span class='ocr_line' id='line_1_39' title="bbox 383 3878 1981 3953; baseline 0.002 -21"><span class='ocrx_word' id='word_1_444' title='bbox 383 3879 619 3949; x_wconf 84' lang='lat' dir='ltr'><strong><em>signatis</em></strong></span> <span class='ocrx_word' id='word_1_445' title='bbox 647 3878 927 3934; x_wconf 85' lang='lat' dir='ltr'><strong><em>frontibus</em></strong></span> <span class='ocrx_word' id='word_1_446' title='bbox 953 3878 1178 3946; x_wconf 90' lang='lat' dir='ltr'><strong><em>nostris,</em></strong></span> <span class='ocrx_word' id='word_1_447' title='bbox 1196 3896 1231 3934; x_wconf 93' lang='lat' dir='ltr'><strong><em>a</em></strong></span> <span class='ocrx_word' id='word_1_448' title='bbox 1251 3880 1567 3952; x_wconf 88' lang='lat' dir='ltr'><strong><em>perditione</em></strong></span> <span class='ocrx_word' id='word_1_449' title='bbox 1598 3882 1764 3953; x_wconf 87' lang='lat' dir='ltr'><strong><em>hujus</em></strong></span> <span class='ocrx_word' id='word_1_450' title='bbox 1792 3882 1981 3938; x_wconf 63' lang='lat' dir='ltr'><strong><em>saeculi</em></strong></span> 
     </span>
    </p>
   </div>
   <div class='ocr_carea' id='block_1_40' title="bbox 384 3954 2043 4043">
    <p class='ocr_par' dir='ltr' id='par_1_40' title="bbox 384 3954 2043 4043">
     <span class='ocr_line' id='line_1_40' title="bbox 384 3954 2043 4043; baseline 0.002 -21"><span class='ocrx_word' id='word_1_451' title='bbox 384 3973 655 4040; x_wconf 86' lang='lat' dir='ltr'><strong><em>tanquam</em></strong></span> <span class='ocrx_word' id='word_1_452' title='bbox 679 3984 714 4022; x_wconf 91' lang='lat' dir='ltr'><strong><em>a</em></strong></span> <span class='ocrx_word' id='word_1_453' title='bbox 741 3968 1087 4040; x_wconf 89' lang='lat' dir='ltr'><strong><em>captivitate,</em></strong></span> <span class='ocrx_word' id='word_1_454' title='bbox 1129 3970 1213 4023; x_wconf 90' lang='lat' dir='ltr'><strong><em>vel</em></strong></span> <span class='ocrx_word' id='word_1_455' title='bbox 1256 3969 1688 4042; x_wconf 89' lang='lat' dir='ltr'><strong><em>interemptione</em></strong></span> <span class='ocrx_word' id='word_1_456' title='bbox 1717 3971 1980 4043; x_wconf 70' lang='lat' dir='ltr'><strong><em>Egyptia</em></strong></span> <span class='ocrx_word' id='word_1_457' title='bbox 1997 3954 2043 4014; x_wconf 80' lang='grc' dir='ltr'>Β</span> 
     </span>
    </p>
   </div>
   <div class='ocr_carea' id='block_1_41' title="bbox 382 4055 1980 4127">
    <p class='ocr_par' dir='ltr' id='par_1_41' title="bbox 382 4055 1980 4127">
     <span class='ocr_line' id='line_1_41' title="bbox 382 4055 1980 4127; baseline 0.001 -15"><span class='ocrx_word' id='word_1_458' title='bbox 382 4055 691 4112; x_wconf 89' lang='lat' dir='ltr'><strong><em>liberamur</em></strong></span> <span class='ocrx_word' id='word_1_459' title='bbox 707 4063 765 4111; x_wconf 92' lang='lat' dir='ltr'><strong><em>et</em></strong></span> <span class='ocrx_word' id='word_1_460' title='bbox 779 4057 1000 4127; x_wconf 83' lang='lat' dir='ltr'><strong><em>agimus</em></strong></span> <span class='ocrx_word' id='word_1_461' title='bbox 1024 4056 1457 4113; x_wconf 82' lang='lat' dir='ltr'><strong><em>saluberrimum</em></strong></span> <span class='ocrx_word' id='word_1_462' title='bbox 1485 4059 1820 4127; x_wconf 89' lang='lat' dir='ltr'><strong><em>transitum;</em></strong></span> <span class='ocrx_word' id='word_1_463' title='bbox 1851 4077 1980 4114; x_wconf 91' lang='lat' dir='ltr'><strong><em>cum</em></strong></span> 
     </span>
    </p>
   </div>
   <div class='ocr_carea' id='block_1_42' title="bbox 383 4145 1981 4215">
    <p class='ocr_par' dir='ltr' id='par_1_42' title="bbox 383 4145 1981 4215">
     <span class='ocr_line' id='line_1_42' title="bbox 383 4145 1981 4215; baseline 0.001 -13"><span class='ocrx_word' id='word_1_464' title='bbox 383 4162 418 4203; x_wconf 88' lang='lat' dir='ltr'><strong><em>a</em></strong></span> <span class='ocrx_word' id='word_1_465' title='bbox 436 4145 658 4201; x_wconf 90' lang='lat' dir='ltr'><strong><em>diabolo</em></strong></span> <span class='ocrx_word' id='word_1_466' title='bbox 685 4146 995 4201; x_wconf 87' lang='lat' dir='ltr'><strong><em>transimus</em></strong></span> <span class='ocrx_word' id='word_1_467' title='bbox 1021 4145 1091 4200; x_wconf 88' lang='lat' dir='ltr'><strong><em>ad</em></strong></span> <span class='ocrx_word' id='word_1_468' title='bbox 1123 4146 1411 4201; x_wconf 90' lang='lat' dir='ltr'><strong><em>Christum</em></strong></span> <span class='ocrx_word' id='word_1_469' title='bbox 1435 4166 1448 4215; x_wconf 90' lang='lat'><strong><em>;</em></strong></span> <span class='ocrx_word' id='word_1_470' title='bbox 1481 4153 1540 4203; x_wconf 91' lang='lat' dir='ltr'><strong><em>et</em></strong></span> <span class='ocrx_word' id='word_1_471' title='bbox 1563 4148 1634 4202; x_wconf 91' lang='lat' dir='ltr'><strong><em>ab</em></strong></span> <span class='ocrx_word' id='word_1_472' title='bbox 1663 4148 1771 4203; x_wconf 89' lang='lat' dir='ltr'><strong><em>isto</em></strong></span> <span class='ocrx_word' id='word_1_473' title='bbox 1802 4148 1981 4203; x_wconf 80' lang='lat' dir='ltr'><strong><em>insta-</em></strong></span> 
     </span>
    </p>
   </div>
   <div class='ocr_carea' id='block_1_43' title="bbox 382 4232 1982 4309">
    <p class='ocr_par' dir='ltr' id='par_1_43' title="bbox 382 4232 1982 4309">
     <span class='ocr_line' id='line_1_43' title="bbox 382 4232 1982 4309; baseline 0.002 -20"><span class='ocrx_word' id='word_1_474' title='bbox 382 4232 480 4289; x_wconf 88' lang='lat' dir='ltr'><strong><em>bili</em></strong></span> <span class='ocrx_word' id='word_1_475' title='bbox 508 4235 711 4290; x_wconf 65' lang='lat' dir='ltr'><strong><em>saeculo</em></strong></span> <span class='ocrx_word' id='word_1_476' title='bbox 757 4235 829 4290; x_wconf 89' lang='lat' dir='ltr'><strong><em>ad</em></strong></span> <span class='ocrx_word' id='word_1_477' title='bbox 876 4236 1000 4306; x_wconf 88' lang='lat' dir='ltr'><strong><em>ejus</em></strong></span> <span class='ocrx_word' id='word_1_478' title='bbox 1054 4232 1511 4292; x_wconf 82' lang='lat' dir='ltr'><strong><em>fundatissimum</em></strong></span> <span class='ocrx_word' id='word_1_479' title='bbox 1553 4254 1807 4309; x_wconf 88' lang='lat' dir='ltr'><strong><em>regnum.</em></strong></span> <span class='ocrx_word' id='word_1_480' title='bbox 1850 4237 1982 4292; x_wconf 89' lang='lat' dir='ltr'><strong><em>Ideo</em></strong></span> 
     </span>
    </p>
   </div>
   <div class='ocr_carea' id='block_1_44' title="bbox 385 4322 1981 4395">
    <p class='ocr_par' dir='ltr' id='par_1_44' title="bbox 385 4322 1981 4395">
     <span class='ocr_line' id='line_1_44' title="bbox 385 4322 1981 4395; baseline 0.003 -19"><span class='ocrx_word' id='word_1_481' title='bbox 385 4323 592 4394; x_wconf 89' lang='lat' dir='ltr'><strong><em>quippe</em></strong></span> <span class='ocrx_word' id='word_1_482' title='bbox 637 4322 709 4376; x_wconf 88' lang='lat' dir='ltr'><strong><em>ad</em></strong></span> <span class='ocrx_word' id='word_1_483' title='bbox 738 4323 917 4378; x_wconf 92' lang='lat' dir='ltr'><strong><em>Deum</em></strong></span> <span class='ocrx_word' id='word_1_484' title='bbox 947 4331 1367 4395; x_wconf 87' lang='lat' dir='ltr'><strong><em>permanentem</em></strong></span> <span class='ocrx_word' id='word_1_485' title='bbox 1397 4324 1724 4393; x_wconf 88' lang='lat' dir='ltr'><strong><em>transimus,</em></strong></span> <span class='ocrx_word' id='word_1_486' title='bbox 1756 4341 1827 4380; x_wconf 89' lang='lat' dir='ltr'><strong><em>ne</em></strong></span> <span class='ocrx_word' id='word_1_487' title='bbox 1854 4342 1981 4381; x_wconf 89' lang='lat' dir='ltr'><strong><em>cum</em></strong></span> 
     </span>
    </p>
   </div>
   <div class='ocr_carea' id='block_1_45' title="bbox 384 4411 1354 4467">
    <p class='ocr_par' dir='ltr' id='par_1_45' title="bbox 384 4411 1354 4467">
     <span class='ocr_line' id='line_1_45' title="bbox 384 4411 1354 4467; baseline 0.001 -2"><span class='ocrx_word' id='word_1_488' title='bbox 384 4411 596 4465; x_wconf 87' lang='lat' dir='ltr'><strong><em>mundo</em></strong></span> <span class='ocrx_word' id='word_1_489' title='bbox 624 4416 955 4467; x_wconf 88' lang='lat' dir='ltr'><strong><em>transeunte</em></strong></span> <span class='ocrx_word' id='word_1_490' title='bbox 979 4417 1354 4467; x_wconf 87' lang='lat' dir='ltr'><strong><em>transeamus.</em></strong></span> 
     </span>
    </p>
   </div>
   <div class='ocr_carea' id='block_1_46' title="bbox 454 4495 1979 4575">
    <p class='ocr_par' dir='ltr' id='par_1_46' title="bbox 454 4495 1979 4575">
     <span class='ocr_line' id='line_1_46' title="bbox 454 4495 1979 4575; baseline 0.004 -21"><span class='ocrx_word' id='word_1_491' title='bbox 454 4495 508 4554; x_wconf 88' lang='lat'><strong><em>6.</em></strong></span> <span class='ocrx_word' id='word_1_492' title='bbox 538 4499 722 4570; x_wconf 86' lang='lat' dir='ltr'><strong><em>(Ibid.,</em></strong></span> <span class='ocrx_word' id='word_1_493' title='bbox 772 4516 843 4554; x_wconf 72' lang='lat' dir='ltr'><strong><em>ea:</em></strong></span> <span class='ocrx_word' id='word_1_494' title='bbox 877 4502 975 4555; x_wconf 87' lang='lat' dir='ltr'><strong><em>lib.</em></strong></span> <span class='ocrx_word' id='word_1_495' title='bbox 1024 4515 1179 4555; x_wconf 84' lang='lat' dir='ltr'><strong><em>xxxn</em></strong></span> <span class='ocrx_word' id='word_1_496' title='bbox 1207 4506 1401 4556; x_wconf 87' lang='lat' dir='ltr'><strong><em>contra</em></strong></span> <span class='ocrx_word' id='word_1_497' title='bbox 1431 4505 1715 4569; x_wconf 82' lang='lat' dir='ltr'><strong><em>Faustum,</em></strong></span> <span class='ocrx_word' id='word_1_498' title='bbox 1738 4520 1863 4575; x_wconf 87' lang='lat' dir='ltr'><strong><em>cap.</em></strong></span> <span class='ocrx_word' id='word_1_499' title='bbox 1889 4504 1917 4558; x_wconf 85' lang='lat' dir='ltr'><strong><em>‘l</em></strong></span> <span class='ocrx_word' id='word_1_500' title='bbox 1937 4502 1979 4571; x_wconf 93' lang='lat' dir='ltr'><strong><em>l,</em></strong></span> 
     </span>
    </p>
   </div>
   <div class='ocr_carea' id='block_1_47' title="bbox 383 4588 1981 4664">
    <p class='ocr_par' dir='ltr' id='par_1_47' title="bbox 383 4588 1981 4664">
     <span class='ocr_line' id='line_1_47' title="bbox 383 4588 1981 4664; baseline 0.004 -24"><span class='ocrx_word' id='word_1_501' title='bbox 383 4590 522 4645; x_wconf 86' lang='lat' dir='ltr'><strong><em>tom.</em></strong></span> <span class='ocrx_word' id='word_1_502' title='bbox 546 4588 662 4654; x_wconf 71' lang='lat' dir='ltr'><strong><em>VI.)</em></strong></span> <span class='ocrx_word' id='word_1_503' title='bbox 691 4588 795 4645; x_wconf 87' lang='lat' dir='ltr'><strong><em>Sed</em></strong></span> <span class='ocrx_word' id='word_1_504' title='bbox 824 4591 887 4642; x_wconf 89' lang='lat' dir='ltr'><strong><em>in</em></strong></span> <span class='ocrx_word' id='word_1_505' title='bbox 907 4592 1147 4657; x_wconf 73' lang='lat' dir='ltr'><strong><em>azymis.</em></strong></span> <span class='ocrx_word' id='word_1_506' title='bbox 1170 4591 1384 4663; x_wconf 89' lang='lat' dir='ltr'><strong><em>Azyma</em></strong></span> <span class='ocrx_word' id='word_1_507' title='bbox 1402 4609 1533 4647; x_wconf 89' lang='lat' dir='ltr'><strong><em>vero</em></strong></span> <span class='ocrx_word' id='word_1_508' title='bbox 1549 4592 1644 4664; x_wconf 92' lang='lat' dir='ltr'><strong><em>qui</em></strong></span> <span class='ocrx_word' id='word_1_509' title='bbox 1670 4598 1836 4647; x_wconf 61' lang='lat' dir='ltr'><strong><em>recta:</em></strong></span> <span class='ocrx_word' id='word_1_510' title='bbox 1850 4592 1981 4647; x_wconf 86' lang='lat' dir='ltr'><strong><em>fidei</em></strong></span> 
     </span>
    </p>
   </div>
   <div class='ocr_carea' id='block_1_48' title="bbox 384 4676 1976 4755">
    <p class='ocr_par' dir='ltr' id='par_1_48' title="bbox 384 4676 1976 4755">
     <span class='ocr_line' id='line_1_48' title="bbox 384 4676 1976 4755; baseline 0.003 -23"><span class='ocrx_word' id='word_1_511' title='bbox 384 4676 687 4732; x_wconf 87' lang='lat' dir='ltr'><strong><em>Christiani</em></strong></span> <span class='ocrx_word' id='word_1_512' title='bbox 719 4684 871 4744; x_wconf 84' lang='lat' dir='ltr'><strong><em>sunt,</em></strong></span> <span class='ocrx_word' id='word_1_513' title='bbox 906 4694 1019 4733; x_wconf 89' lang='lat' dir='ltr'><strong><em>non</em></strong></span> <span class='ocrx_word' id='word_1_514' title='bbox 1042 4677 1098 4732; x_wconf 92' lang='lat' dir='ltr'><strong><em>in</em></strong></span> <span class='ocrx_word' id='word_1_515' title='bbox 1123 4678 1400 4735; x_wconf 88' lang='lat' dir='ltr'><strong><em>fermento</em></strong></span> <span class='ocrx_word' id='word_1_516' title='bbox 1431 4683 1603 4737; x_wconf 86' lang='lat' dir='ltr'><strong><em>veteri</em></strong></span> <span class='ocrx_word' id='word_1_517' title='bbox 1633 4682 1771 4753; x_wconf 82' lang='lat' dir='ltr'><strong><em>[ad.,</em></strong></span> <span class='ocrx_word' id='word_1_518' title='bbox 1801 4680 1976 4755; x_wconf 78' lang='lat' dir='ltr'><strong><em>vitae],</em></strong></span> 
     </span>
    </p>
   </div>
   <div class='ocr_carea' id='block_1_49' title="bbox 380 4764 1974 4840">
    <p class='ocr_par' dir='ltr' id='par_1_49' title="bbox 380 4764 1974 4840">
     <span class='ocr_line' id='line_1_49' title="bbox 380 4764 1974 4840; baseline 0.003 -21"><span class='ocrx_word' id='word_1_519' title='bbox 380 4764 485 4819; x_wconf 88' lang='lat' dir='ltr'><strong><em>hoc</em></strong></span> <span class='ocrx_word' id='word_1_520' title='bbox 510 4772 598 4820; x_wconf 90' lang='lat' dir='ltr'><strong><em>est</em></strong></span> <span class='ocrx_word' id='word_1_521' title='bbox 624 4766 872 4833; x_wconf 60' lang='lat' dir='ltr'><strong><em>malitia,</em></strong></span> <span class='ocrx_word' id='word_1_522' title='bbox 902 4767 1002 4822; x_wconf 90' lang='lat' dir='ltr'><strong><em>sed</em></strong></span> <span class='ocrx_word' id='word_1_523' title='bbox 1032 4766 1091 4822; x_wconf 91' lang='lat' dir='ltr'><strong><em>in</em></strong></span> <span class='ocrx_word' id='word_1_524' title='bbox 1120 4768 1299 4840; x_wconf 89' lang='lat' dir='ltr'><strong><em>ipsius</em></strong></span> <span class='ocrx_word' id='word_1_525' title='bbox 1331 4771 1463 4824; x_wconf 81' lang='lat' dir='ltr'><strong><em>ﬁdei</em></strong></span> <span class='ocrx_word' id='word_1_526' title='bbox 1508 4772 1746 4826; x_wconf 88' lang='lat' dir='ltr'><strong><em>veritate</em></strong></span> <span class='ocrx_word' id='word_1_527' title='bbox 1774 4776 1832 4826; x_wconf 91' lang='lat' dir='ltr'><strong><em>et</em></strong></span> <span class='ocrx_word' id='word_1_528' title='bbox 1858 4772 1974 4825; x_wconf 89' lang='lat' dir='ltr'><strong><em>sin-</em></strong></span> 
     </span>
    </p>
   </div>
   <div class='ocr_carea' id='block_1_50' title="bbox 380 4856 1974 4930">
    <p class='ocr_par' dir='ltr' id='par_1_50' title="bbox 380 4856 1974 4930">
     <span class='ocr_line' id='line_1_50' title="bbox 380 4856 1974 4930; baseline 0.003 -21"><span class='ocrx_word' id='word_1_529' title='bbox 380 4856 615 4910; x_wconf 87' lang='lat' dir='ltr'><strong><em>ceritate</em></strong></span> <span class='ocrx_word' id='word_1_530' title='bbox 642 4856 981 4911; x_wconf 86' lang='lat' dir='ltr'><strong><em>custodiunt.</em></strong></span> <span class='ocrx_word' id='word_1_531' title='bbox 1021 4857 1146 4912; x_wconf 91' lang='lat' dir='ltr'><strong><em>Non</em></strong></span> <span class='ocrx_word' id='word_1_532' title='bbox 1178 4863 1393 4930; x_wconf 90' lang='lat' dir='ltr'><strong><em>septem</em></strong></span> <span class='ocrx_word' id='word_1_533' title='bbox 1430 4860 1647 4925; x_wconf 91' lang='lat' dir='ltr'><strong><em>diebus,</em></strong></span> <span class='ocrx_word' id='word_1_534' title='bbox 1679 4859 1774 4914; x_wconf 89' lang='lat' dir='ltr'><strong><em>sed</em></strong></span> <span class='ocrx_word' id='word_1_535' title='bbox 1820 4860 1974 4914; x_wconf 90' lang='lat' dir='ltr'><strong><em>omni</em></strong></span> 
     </span>
    </p>
   </div>
   <div class='ocr_carea' id='block_1_51' title="bbox 381 4942 1974 5019">
    <p class='ocr_par' dir='ltr' id='par_1_51' title="bbox 381 4942 1974 5019">
     <span class='ocr_line' id='line_1_51' title="bbox 381 4942 1974 5019; baseline 0.002 -20"><span class='ocrx_word' id='word_1_536' title='bbox 381 4942 491 5010; x_wconf 90' lang='lat' dir='ltr'><strong><em>die,</em></strong></span> <span class='ocrx_word' id='word_1_537' title='bbox 525 4944 673 5016; x_wconf 89' lang='lat' dir='ltr'><strong><em>quod</em></strong></span> <span class='ocrx_word' id='word_1_538' title='bbox 704 4943 1078 5015; x_wconf 80' lang='lat' dir='ltr'><strong><em>significatum</em></strong></span> <span class='ocrx_word' id='word_1_539' title='bbox 1135 4950 1222 5001; x_wconf 91' lang='lat' dir='ltr'><strong><em>est</em></strong></span> <span class='ocrx_word' id='word_1_540' title='bbox 1257 4962 1493 5002; x_wconf 89' lang='lat' dir='ltr'><strong><em>numero</em></strong></span> <span class='ocrx_word' id='word_1_541' title='bbox 1539 4948 1757 5003; x_wconf 91' lang='lat' dir='ltr'><strong><em>dierum</em></strong></span> <span class='ocrx_word' id='word_1_542' title='bbox 1788 4953 1974 5019; x_wconf 89' lang='lat' dir='ltr'><strong><em>septe-</em></strong></span> 
     </span>
    </p>
   </div>
   <div class='ocr_carea' id='block_1_52' title="bbox 380 5048 561 5088">
    <p class='ocr_par' dir='ltr' id='par_1_52' title="bbox 380 5048 561 5088">
     <span class='ocr_line' id='line_1_52' title="bbox 380 5048 561 5088; baseline 0.006 -1"><span class='ocrx_word' id='word_1_543' title='bbox 380 5048 540 5088; x_wconf 68' lang='lat' dir='ltr'><strong><em>DRI‘IO</em></strong></span> <span class='ocrx_word' id='word_1_544' title='bbox 548 5073 561 5087; x_wconf 81' lang='lat'><strong><em>.</em></strong></span> 
     </span>
    </p>
   </div>
   <div class='ocr_carea' id='block_1_53' title="bbox 448 5121 1970 5191">
    <p class='ocr_par' dir='ltr' id='par_1_53' title="bbox 448 5121 1970 5191">
     <span class='ocr_line' id='line_1_53' title="bbox 448 5121 1970 5191; baseline 0.001 -15"><span class='ocrx_word' id='word_1_545' title='bbox 448 5121 503 5178; x_wconf 90' lang='lat'><strong><em>7.</em></strong></span> <span class='ocrx_word' id='word_1_546' title='bbox 552 5123 800 5180; x_wconf 71' lang='lat' dir='ltr'><strong><em>Anums.</em></strong></span> <span class='ocrx_word' id='word_1_547' title='bbox 852 5123 958 5179; x_wconf 85' lang='lat' dir='ltr'><strong><em>Sed</em></strong></span> <span class='ocrx_word' id='word_1_548' title='bbox 997 5126 1061 5177; x_wconf 89' lang='lat' dir='ltr'><strong><em>in</em></strong></span> <span class='ocrx_word' id='word_1_549' title='bbox 1098 5126 1334 5191; x_wconf 80' lang='lat' dir='ltr'><strong><em>azymis.</em></strong></span> <span class='ocrx_word' id='word_1_550' title='bbox 1370 5124 1672 5179; x_wconf 89' lang='lat' dir='ltr'><strong><em>Sinceritas</em></strong></span> <span class='ocrx_word' id='word_1_551' title='bbox 1703 5124 1970 5179; x_wconf 88' lang='lat' dir='ltr'><strong><em>mundam</em></strong></span> 
     </span>
    </p>
   </div>
   <div class='ocr_carea' id='block_1_54' title="bbox 2072 2812 3676 2885">
    <p class='ocr_par' dir='ltr' id='par_1_54' title="bbox 2072 2812 3676 2885">
     <span class='ocr_line' id='line_1_54' title="bbox 2072 2812 3676 2885; baseline -0.004 -13"><span class='ocrx_word' id='word_1_552' title='bbox 2072 2833 2186 2871; x_wconf 90' lang='lat' dir='ltr'><strong><em>non</em></strong></span> <span class='ocrx_word' id='word_1_553' title='bbox 2214 2816 2473 2880; x_wconf 86' lang='lat' dir='ltr'><strong><em>habetur,</em></strong></span> <span class='ocrx_word' id='word_1_554' title='bbox 2509 2813 2663 2867; x_wconf 87' lang='lat' dir='ltr'><strong><em>misit</em></strong></span> <span class='ocrx_word' id='word_1_555' title='bbox 2690 2813 2834 2879; x_wconf 91' lang='lat' dir='ltr'><strong><em>illis;</em></strong></span> <span class='ocrx_word' id='word_1_556' title='bbox 2866 2813 2923 2866; x_wconf 88' lang='lat' dir='ltr'><strong><em>in</em></strong></span> <span class='ocrx_word' id='word_1_557' title='bbox 2946 2830 3059 2884; x_wconf 90' lang='lat' dir='ltr'><strong><em>qua</em></strong></span> <span class='ocrx_word' id='word_1_558' title='bbox 3079 2814 3340 2885; x_wconf 64' lang='lat' dir='ltr'><strong><em>praecepit</em></strong></span> <span class='ocrx_word' id='word_1_559' title='bbox 3359 2828 3430 2866; x_wconf 91' lang='lat' dir='ltr'><strong><em>ne</em></strong></span> <span class='ocrx_word' id='word_1_560' title='bbox 3450 2812 3676 2883; x_wconf 80' lang='lat' dir='ltr'><strong><em>partici-</em></strong></span> 
     </span>
    </p>
   </div>
   <div class='ocr_carea' id='block_1_55' title="bbox 2074 2901 3675 2977">
    <p class='ocr_par' dir='ltr' id='par_1_55' title="bbox 2074 2901 3675 2977">
     <span class='ocr_line' id='line_1_55' title="bbox 2074 2901 3675 2977; baseline -0.003 -18"><span class='ocrx_word' id='word_1_561' title='bbox 2074 2905 2355 2977; x_wconf 89' lang='lat' dir='ltr'><strong><em>pationem</em></strong></span> <span class='ocrx_word' id='word_1_562' title='bbox 2410 2902 2683 2957; x_wconf 90' lang='lat' dir='ltr'><strong><em>haberent</em></strong></span> <span class='ocrx_word' id='word_1_563' title='bbox 2709 2918 2837 2956; x_wconf 90' lang='lat' dir='ltr'><strong><em>cum</em></strong></span> <span class='ocrx_word' id='word_1_564' title='bbox 2876 2902 3192 2966; x_wconf 78' lang='lat' dir='ltr'><strong><em>fornicariis</em></strong></span> <span class='ocrx_word' id='word_1_565' title='bbox 3235 2908 3293 2957; x_wconf 90' lang='lat' dir='ltr'><strong><em>et</em></strong></span> <span class='ocrx_word' id='word_1_566' title='bbox 3340 2901 3555 2956; x_wconf 69' lang='lat' dir='ltr'><strong><em>caeteris</em></strong></span> <span class='ocrx_word' id='word_1_567' title='bbox 3603 2901 3675 2955; x_wconf 88' lang='lat' dir='ltr'><strong><em>de</em></strong></span> 
     </span>
    </p>
   </div>
   <div class='ocr_carea' id='block_1_56' title="bbox 2075 2990 3676 3065">
    <p class='ocr_par' dir='ltr' id='par_1_56' title="bbox 2075 2990 3676 3065">
     <span class='ocr_line' id='line_1_56' title="bbox 2075 2990 3676 3065; baseline -0.003 -16"><span class='ocrx_word' id='word_1_568' title='bbox 2075 2995 2283 3065; x_wconf 89' lang='lat' dir='ltr'><strong><em>quibus</em></strong></span> <span class='ocrx_word' id='word_1_569' title='bbox 2317 2994 2470 3047; x_wconf 85' lang='lat' dir='ltr'><strong><em>dicit.</em></strong></span> <span class='ocrx_word' id='word_1_570' title='bbox 2505 2991 2609 3047; x_wconf 91' lang='lat' dir='ltr'><strong><em>Sed</em></strong></span> <span class='ocrx_word' id='word_1_571' title='bbox 2645 2990 2777 3062; x_wconf 89' lang='lat' dir='ltr'><strong><em>quia</em></strong></span> <span class='ocrx_word' id='word_1_572' title='bbox 2801 3008 2913 3045; x_wconf 88' lang='lat' dir='ltr'><strong><em>non</em></strong></span> <span class='ocrx_word' id='word_1_573' title='bbox 2942 2991 3198 3045; x_wconf 86' lang='lat' dir='ltr'><strong><em>distinxit</em></strong></span> <span class='ocrx_word' id='word_1_574' title='bbox 3227 2992 3296 3046; x_wconf 91' lang='lat' dir='ltr'><strong><em>de</em></strong></span> <span class='ocrx_word' id='word_1_575' title='bbox 3330 2990 3532 3062; x_wconf 88' lang='lat' dir='ltr'><strong><em>quibus</em></strong></span> <span class='ocrx_word' id='word_1_576' title='bbox 3565 2990 3676 3045; x_wconf 87' lang='lat' dir='ltr'><strong><em>for-</em></strong></span> 
     </span>
    </p>
   </div>
   <div class='ocr_carea' id='block_1_57' title="bbox 2072 3079 3674 3151">
    <p class='ocr_par' dir='ltr' id='par_1_57' title="bbox 2072 3079 3674 3151">
     <span class='ocr_line' id='line_1_57' title="bbox 2072 3079 3674 3151; baseline -0.002 -14"><span class='ocrx_word' id='word_1_577' title='bbox 2072 3083 2300 3137; x_wconf 79' lang='lat' dir='ltr'><strong><em>nicariis</em></strong></span> <span class='ocrx_word' id='word_1_578' title='bbox 2328 3081 2549 3145; x_wconf 87' lang='lat' dir='ltr'><strong><em>dixerit,</em></strong></span> <span class='ocrx_word' id='word_1_579' title='bbox 2585 3079 2939 3146; x_wconf 88' lang='lat' dir='ltr'><strong><em>Christianis,</em></strong></span> <span class='ocrx_word' id='word_1_580' title='bbox 2987 3096 3059 3134; x_wconf 88' lang='lat' dir='ltr'><strong><em>an</em></strong></span> <span class='ocrx_word' id='word_1_581' title='bbox 3086 3081 3369 3150; x_wconf 89' lang='lat' dir='ltr'><strong><em>gentibus,</em></strong></span> <span class='ocrx_word' id='word_1_582' title='bbox 3410 3084 3674 3151; x_wconf 87' lang='lat' dir='ltr'><strong><em>putatum</em></strong></span> 
     </span>
    </p>
   </div>
   <div class='ocr_carea' id='block_1_58' title="bbox 2072 3168 3670 3240">
    <p class='ocr_par' dir='ltr' id='par_1_58' title="bbox 2072 3168 3670 3240">
     <span class='ocr_line' id='line_1_58' title="bbox 2072 3168 3670 3240; baseline -0.002 -14"><span class='ocrx_word' id='word_1_583' title='bbox 2072 3178 2159 3226; x_wconf 89' lang='lat' dir='ltr'><strong><em>est</em></strong></span> <span class='ocrx_word' id='word_1_584' title='bbox 2185 3188 2219 3225; x_wconf 92' lang='lat' dir='ltr'><strong><em>a</em></strong></span> <span class='ocrx_word' id='word_1_585' title='bbox 2250 3169 2575 3236; x_wconf 87' lang='lat' dir='ltr'><strong><em>Corinthiis,</em></strong></span> <span class='ocrx_word' id='word_1_586' title='bbox 2607 3169 2677 3223; x_wconf 89' lang='lat' dir='ltr'><strong><em>de</em></strong></span> <span class='ocrx_word' id='word_1_587' title='bbox 2706 3168 3019 3223; x_wconf 88' lang='lat' dir='ltr'><strong><em>fornicariis</em></strong></span> <span class='ocrx_word' id='word_1_588' title='bbox 3047 3169 3307 3240; x_wconf 88' lang='lat' dir='ltr'><strong><em>gentibus</em></strong></span> <span class='ocrx_word' id='word_1_589' title='bbox 3335 3186 3465 3224; x_wconf 92' lang='lat' dir='ltr'><strong><em>eum</em></strong></span> <span class='ocrx_word' id='word_1_590' title='bbox 3492 3168 3670 3223; x_wconf 82' lang='lat' dir='ltr'><strong><em>dixis-</em></strong></span> 
     </span>
    </p>
   </div>
   <div class='ocr_carea' id='block_1_59' title="bbox 2071 3257 3667 3329">
    <p class='ocr_par' dir='ltr' id='par_1_59' title="bbox 2071 3257 3667 3329">
     <span class='ocr_line' id='line_1_59' title="bbox 2071 3257 3667 3329; baseline -0.001 -14"><span class='ocrx_word' id='word_1_591' title='bbox 2071 3277 2149 3315; x_wconf 90' lang='lat' dir='ltr'><strong><em>se.</em></strong></span> <span class='ocrx_word' id='word_1_592' title='bbox 2183 3260 2362 3324; x_wconf 87' lang='lat' dir='ltr'><strong><em>Quam</em></strong></span> <span class='ocrx_word' id='word_1_593' title='bbox 2393 3275 2588 3313; x_wconf 88' lang='lat' dir='ltr'><strong><em>eorum</em></strong></span> <span class='ocrx_word' id='word_1_594' title='bbox 2636 3273 2952 3328; x_wconf 89' lang='lat' dir='ltr'><strong><em>perversam</em></strong></span> <span class='ocrx_word' id='word_1_595' title='bbox 2980 3257 3410 3329; x_wconf 86' lang='lat' dir='ltr'><strong><em>intelligentiam</em></strong></span> <span class='ocrx_word' id='word_1_596' title='bbox 3439 3257 3667 3329; x_wconf 87' lang='lat' dir='ltr'><strong><em>corrigit</em></strong></span> 
     </span>
    </p>
   </div>
   <div class='ocr_carea' id='block_1_60' title="bbox 2071 3348 3109 3419">
    <p class='ocr_par' dir='ltr' id='par_1_60' title="bbox 2071 3348 3109 3419">
     <span class='ocr_line' id='line_1_60' title="bbox 2071 3348 3109 3419; baseline 0 -16"><span class='ocrx_word' id='word_1_597' title='bbox 2071 3350 2162 3403; x_wconf 87' lang='lat' dir='ltr'><strong><em>hic</em></strong></span> <span class='ocrx_word' id='word_1_598' title='bbox 2190 3348 2506 3419; x_wconf 86' lang='lat' dir='ltr'><strong><em>Apostolus.</em></strong></span> <span class='ocrx_word' id='word_1_599' title='bbox 3108 3400 3109 3403; x_wconf 44' lang='grc' dir='ltr'><strong>η</strong></span> 
     </span>
    </p>
   </div>
   <div class='ocr_carea' id='block_1_61' title="bbox 2150 3435 3663 3507">
    <p class='ocr_par' dir='ltr' id='par_1_61' title="bbox 2150 3435 3663 3507">
     <span class='ocr_line' id='line_1_61' title="bbox 2150 3435 3663 3507; baseline -0.002 -14"><span class='ocrx_word' id='word_1_600' title='bbox 2150 3436 2231 3493; x_wconf 83' lang='lat'><strong><em>&#39;10.</em></strong></span> <span class='ocrx_word' id='word_1_601' title='bbox 2282 3438 2567 3504; x_wconf 86' lang='lat' dir='ltr'><strong><em>Alioquin,</em></strong></span> <span class='ocrx_word' id='word_1_602' title='bbox 2609 3435 2665 3489; x_wconf 92' lang='lat' dir='ltr'><strong><em>id</em></strong></span> <span class='ocrx_word' id='word_1_603' title='bbox 2697 3441 2801 3499; x_wconf 90' lang='lat' dir='ltr'><strong><em>est,</em></strong></span> <span class='ocrx_word' id='word_1_604' title='bbox 2836 3437 2883 3490; x_wconf 91' lang='lat' dir='ltr'><strong><em>si</em></strong></span> <span class='ocrx_word' id='word_1_605' title='bbox 2910 3435 3294 3507; x_wconf 66' lang='lat' dir='ltr'><strong><em>praecepissem</em></strong></span> <span class='ocrx_word' id='word_1_606' title='bbox 3334 3435 3490 3490; x_wconf 78' lang='lat' dir='ltr'><strong><em>Vobis</em></strong></span> <span class='ocrx_word' id='word_1_607' title='bbox 3520 3452 3663 3506; x_wconf 88' lang='lat' dir='ltr'><strong><em>gen-</em></strong></span> 
     </span>
    </p>
   </div>
   <div class='ocr_carea' id='block_1_62' title="bbox 2066 3523 3665 3596">
    <p class='ocr_par' dir='ltr' id='par_1_62' title="bbox 2066 3523 3665 3596">
     <span class='ocr_line' id='line_1_62' title="bbox 2066 3523 3665 3596; baseline -0.002 -15"><span class='ocrx_word' id='word_1_608' title='bbox 2066 3526 2209 3581; x_wconf 92' lang='lat' dir='ltr'><strong><em>tium</em></strong></span> <span class='ocrx_word' id='word_1_609' title='bbox 2241 3523 2726 3596; x_wconf 83' lang='lat' dir='ltr'><strong><em>participationem</em></strong></span> <span class='ocrx_word' id='word_1_610' title='bbox 2747 3525 2959 3595; x_wconf 84' lang='lat' dir='ltr'><strong><em>fugere,</em></strong></span> <span class='ocrx_word' id='word_1_611' title='bbox 2984 3523 3305 3579; x_wconf 88' lang='lat' dir='ltr'><strong><em>debueratis</em></strong></span> <span class='ocrx_word' id='word_1_612' title='bbox 3331 3524 3401 3579; x_wconf 90' lang='lat' dir='ltr'><strong><em>de</em></strong></span> <span class='ocrx_word' id='word_1_613' title='bbox 3430 3525 3665 3580; x_wconf 87' lang='lat' dir='ltr'><strong><em>munda-</em></strong></span> 
     </span>
    </p>
   </div>
   <div class='ocr_carea' id='block_1_63' title="bbox 2068 3612 3662 3682">
    <p class='ocr_par' dir='ltr' id='par_1_63' title="bbox 2068 3612 3662 3682">
     <span class='ocr_line' id='line_1_63' title="bbox 2068 3612 3662 3682; baseline 0 -13"><span class='ocrx_word' id='word_1_614' title='bbox 2068 3631 2143 3669; x_wconf 89' lang='lat' dir='ltr'><strong><em>na</em></strong></span> <span class='ocrx_word' id='word_1_615' title='bbox 2170 3612 2608 3679; x_wconf 89' lang='lat' dir='ltr'><strong><em>conversatione,</em></strong></span> <span class='ocrx_word' id='word_1_616' title='bbox 2639 3613 2697 3668; x_wconf 89' lang='lat' dir='ltr'><strong><em>in</em></strong></span> <span class='ocrx_word' id='word_1_617' title='bbox 2722 3614 2906 3669; x_wconf 90' lang='lat' dir='ltr'><strong><em>locum</em></strong></span> <span class='ocrx_word' id='word_1_618' title='bbox 2934 3613 3220 3669; x_wconf 88' lang='lat' dir='ltr'><strong><em>desertum</em></strong></span> <span class='ocrx_word' id='word_1_619' title='bbox 3249 3614 3399 3669; x_wconf 83' lang='lat' dir='ltr'><strong><em>exire</em></strong></span> <span class='ocrx_word' id='word_1_620' title='bbox 3423 3632 3437 3682; x_wconf 91' lang='lat'><strong><em>;</em></strong></span> <span class='ocrx_word' id='word_1_621' title='bbox 3466 3630 3662 3669; x_wconf 87' lang='lat' dir='ltr'><strong><em>omnes</em></strong></span> 
     </span>
    </p>
   </div>
   <div class='ocr_carea' id='block_1_64' title="bbox 2070 3701 2885 3767">
    <p class='ocr_par' dir='ltr' id='par_1_64' title="bbox 2070 3701 2885 3767">
     <span class='ocr_line' id='line_1_64' title="bbox 2070 3701 2885 3767; baseline 0 -10"><span class='ocrx_word' id='word_1_622' title='bbox 2070 3703 2215 3757; x_wconf 90' lang='lat' dir='ltr'><strong><em>enim</em></strong></span> <span class='ocrx_word' id='word_1_623' title='bbox 2240 3701 2544 3767; x_wconf 80' lang='lat' dir='ltr'><strong><em>fornicarii,</em></strong></span> <span class='ocrx_word' id='word_1_624' title='bbox 2576 3702 2748 3767; x_wconf 86' lang='lat' dir='ltr'><strong><em>avari,</em></strong></span> <span class='ocrx_word' id='word_1_625' title='bbox 2778 3707 2885 3757; x_wconf 87' lang='lat' dir='ltr'><strong><em>etc.</em></strong></span> 
     </span>
    </p>
   </div>
   <div class='ocr_carea' id='block_1_65' title="bbox 2144 3791 3648 3860">
    <p class='ocr_par' dir='ltr' id='par_1_65' title="bbox 2144 3791 3648 3860">
     <span class='ocr_line' id='line_1_65' title="bbox 2144 3791 3648 3860; baseline -0.003 -11"><span class='ocrx_word' id='word_1_626' title='bbox 2144 3791 2197 3849; x_wconf 83' lang='lat' dir='ltr'><strong><em>ll</em></strong></span> <span class='ocrx_word' id='word_1_627' title='bbox 2234 3795 2488 3846; x_wconf 76' lang='lat' dir='ltr'><strong><em>AMBROS.</em></strong></span> <span class='ocrx_word' id='word_1_628' title='bbox 2533 3792 2815 3860; x_wconf 83' lang='lat' dir='ltr'><strong><em>Alioquin,</em></strong></span> <span class='ocrx_word' id='word_1_629' title='bbox 2848 3791 2906 3845; x_wconf 91' lang='lat' dir='ltr'><strong><em>id</em></strong></span> <span class='ocrx_word' id='word_1_630' title='bbox 2936 3797 3039 3858; x_wconf 90' lang='lat' dir='ltr'><strong><em>est,</em></strong></span> <span class='ocrx_word' id='word_1_631' title='bbox 3073 3791 3120 3845; x_wconf 90' lang='lat' dir='ltr'><strong><em>si</em></strong></span> <span class='ocrx_word' id='word_1_632' title='bbox 3151 3792 3648 3859; x_wconf 86' lang='lat' dir='ltr'><strong><em>commisceamini,</em></strong></span> 
     </span>
    </p>
   </div>
   <div class='ocr_carea' id='block_1_66' title="bbox 2066 3880 2725 3934">
    <p class='ocr_par' dir='ltr' id='par_1_66' title="bbox 2066 3880 2725 3934">
     <span class='ocr_line' id='line_1_66' title="bbox 2066 3880 2725 3934; baseline -0.003 0"><span class='ocrx_word' id='word_1_633' title='bbox 2066 3880 2265 3934; x_wconf 86' lang='lat' dir='ltr'><strong><em>melius</em></strong></span> <span class='ocrx_word' id='word_1_634' title='bbox 2289 3886 2414 3933; x_wconf 88' lang='lat' dir='ltr'><strong><em>erat</em></strong></span> <span class='ocrx_word' id='word_1_635' title='bbox 2441 3897 2536 3934; x_wconf 90' lang='lat' dir='ltr'><strong><em>vos</em></strong></span> <span class='ocrx_word' id='word_1_636' title='bbox 2562 3880 2725 3934; x_wconf 89' lang='lat' dir='ltr'><strong><em>mori.</em></strong></span> 
     </span>
    </p>
   </div>
   <div class='ocr_carea' id='block_1_67' title="bbox 2143 3967 3659 4035">
    <p class='ocr_par' dir='ltr' id='par_1_67' title="bbox 2143 3967 3659 4035">
     <span class='ocr_line' id='line_1_67' title="bbox 2143 3967 3659 4035; baseline 0.001 -11"><span class='ocrx_word' id='word_1_637' title='bbox 2143 3967 2220 4024; x_wconf 79' lang='lat'><strong><em>1&#39;2.</em></strong></span> <span class='ocrx_word' id='word_1_638' title='bbox 2253 3969 2455 4022; x_wconf 64' lang='lat' dir='ltr'><strong><em>Lassa.</em></strong></span> <span class='ocrx_word' id='word_1_639' title='bbox 2490 3971 2611 4022; x_wconf 86' lang='lat' dir='ltr'><strong><em>Non</em></strong></span> <span class='ocrx_word' id='word_1_640' title='bbox 2643 3972 2999 4035; x_wconf 84' lang='lat' dir='ltr'><strong><em>commisceri,</em></strong></span> <span class='ocrx_word' id='word_1_641' title='bbox 3033 3969 3183 4025; x_wconf 91' lang='lat' dir='ltr'><strong><em>Ordo</em></strong></span> <span class='ocrx_word' id='word_1_642' title='bbox 3216 3988 3228 4022; x_wconf 91' lang='lat'>:</span> <span class='ocrx_word' id='word_1_643' title='bbox 3270 3986 3383 4025; x_wconf 78' lang='lat' dir='ltr'><strong><em>non</em></strong></span> <span class='ocrx_word' id='word_1_644' title='bbox 3423 3971 3659 4025; x_wconf 89' lang='lat' dir='ltr'><strong><em>commi-</em></strong></span> 
     </span>
    </p>
   </div>
   <div class='ocr_carea' id='block_1_68' title="bbox 2062 4055 3658 4128">
    <p class='ocr_par' dir='ltr' id='par_1_68' title="bbox 2062 4055 3658 4128">
     <span class='ocr_line' id='line_1_68' title="bbox 2062 4055 3658 4128; baseline 0.002 -19"><span class='ocrx_word' id='word_1_645' title='bbox 2062 4056 2204 4110; x_wconf 88' lang='lat' dir='ltr'><strong><em>sceri</em></strong></span> <span class='ocrx_word' id='word_1_646' title='bbox 2250 4072 2375 4110; x_wconf 90' lang='lat' dir='ltr'><strong><em>cum</em></strong></span> <span class='ocrx_word' id='word_1_647' title='bbox 2406 4056 2703 4126; x_wconf 88' lang='lat' dir='ltr'><strong><em>ejusmodi,</em></strong></span> <span class='ocrx_word' id='word_1_648' title='bbox 2734 4072 2837 4111; x_wconf 90' lang='lat' dir='ltr'><strong><em>nec</em></strong></span> <span class='ocrx_word' id='word_1_649' title='bbox 2876 4055 3062 4112; x_wconf 87' lang='lat' dir='ltr'><strong><em>cibum</em></strong></span> <span class='ocrx_word' id='word_1_650' title='bbox 3101 4074 3325 4113; x_wconf 89' lang='lat' dir='ltr'><strong><em>sumere</em></strong></span> <span class='ocrx_word' id='word_1_651' title='bbox 3350 4077 3363 4126; x_wconf 93' lang='lat'><strong><em>;</em></strong></span> <span class='ocrx_word' id='word_1_652' title='bbox 3395 4058 3458 4114; x_wconf 90' lang='lat' dir='ltr'><strong><em>Si</em></strong></span> <span class='ocrx_word' id='word_1_653' title='bbox 3485 4062 3533 4113; x_wconf 88' lang='lat' dir='ltr'><strong><em>is</em></strong></span> <span class='ocrx_word' id='word_1_654' title='bbox 3558 4061 3658 4128; x_wconf 87' lang='lat' dir='ltr'><strong><em>qui</em></strong></span> 
     </span>
    </p>
   </div>
   <div class='ocr_carea' id='block_1_69' title="bbox 2063 4147 2395 4214">
    <p class='ocr_par' dir='ltr' id='par_1_69' title="bbox 2063 4147 2395 4214">
     <span class='ocr_line' id='line_1_69' title="bbox 2063 4147 2395 4214; baseline 0.009 -14"><span class='ocrx_word' id='word_1_655' title='bbox 2063 4147 2260 4214; x_wconf 83' lang='lat' dir='ltr'><strong><em>frater,</em></strong></span> <span class='ocrx_word' id='word_1_656' title='bbox 2289 4152 2395 4203; x_wconf 84' lang='lat' dir='ltr'><strong><em>etc.</em></strong></span> 
     </span>
    </p>
   </div>
   <div class='ocr_carea' id='block_1_70' title="bbox 2142 4233 3656 4307">
    <p class='ocr_par' dir='ltr' id='par_1_70' title="bbox 2142 4233 3656 4307">
     <span class='ocr_line' id='line_1_70' title="bbox 2142 4233 3656 4307; baseline 0 -16"><span class='ocrx_word' id='word_1_657' title='bbox 2142 4233 2221 4291; x_wconf 84' lang='lat' dir='ltr'><strong><em>l3.</em></strong></span> <span class='ocrx_word' id='word_1_658' title='bbox 2256 4236 2505 4293; x_wconf 81' lang='lat' dir='ltr'><strong><em>AUGUST.</em></strong></span> <span class='ocrx_word' id='word_1_659' title='bbox 2537 4236 2621 4302; x_wconf 83' lang='lat' dir='ltr'><strong><em>(ea:</em></strong></span> <span class='ocrx_word' id='word_1_660' title='bbox 2645 4236 2740 4288; x_wconf 89' lang='lat' dir='ltr'><strong><em>lib.</em></strong></span> <span class='ocrx_word' id='word_1_661' title='bbox 2767 4248 2807 4288; x_wconf 85' lang='lat' dir='ltr'><strong><em>Il</em></strong></span> <span class='ocrx_word' id='word_1_662' title='bbox 2851 4235 3107 4302; x_wconf 71' lang='lat' dir='ltr'><strong><em>Retract,</em></strong></span> <span class='ocrx_word' id='word_1_663' title='bbox 3139 4253 3187 4290; x_wconf 83' lang='grc' dir='ltr'><strong><em>ο.</em></strong></span> <span class='ocrx_word' id='word_1_664' title='bbox 3220 4235 3308 4302; x_wconf 84' lang='grc'><strong><em>17,</em></strong></span> <span class='ocrx_word' id='word_1_665' title='bbox 3338 4242 3476 4290; x_wconf 89' lang='lat' dir='ltr'><strong><em>tom.</em></strong></span> <span class='ocrx_word' id='word_1_666' title='bbox 3510 4235 3656 4307; x_wconf 84' lang='lat' dir='ltr'><strong><em>VII).</em></strong></span> 
     </span>
    </p>
   </div>
   <div class='ocr_carea' id='block_1_71' title="bbox 2064 4323 3658 4396">
    <p class='ocr_par' dir='ltr' id='par_1_71' title="bbox 2064 4323 3658 4396">
     <span class='ocr_line' id='line_1_71' title="bbox 2064 4323 3658 4396; baseline -0.001 -15"><span class='ocrx_word' id='word_1_667' title='bbox 2064 4324 2290 4393; x_wconf 79' lang='lat' dir='ltr'><strong><em>Auferte</em></strong></span> <span class='ocrx_word' id='word_1_668' title='bbox 2339 4327 2575 4378; x_wconf 87' lang='lat' dir='ltr'><strong><em>malum.</em></strong></span> <span class='ocrx_word' id='word_1_669' title='bbox 2608 4323 2767 4388; x_wconf 87' lang='lat' dir='ltr'><strong><em>Quod</em></strong></span> <span class='ocrx_word' id='word_1_670' title='bbox 2794 4325 2876 4377; x_wconf 86' lang='lat' dir='ltr'><strong><em>ait</em></strong></span> <span class='ocrx_word' id='word_1_671' title='bbox 2902 4324 3201 4396; x_wconf 84' lang='lat' dir='ltr'><strong><em>Apostolus</em></strong></span> <span class='ocrx_word' id='word_1_672' title='bbox 3235 4343 3248 4377; x_wconf 90' lang='lat'><strong>:</strong></span> <span class='ocrx_word' id='word_1_673' title='bbox 3280 4323 3508 4379; x_wconf 88' lang='lat' dir='ltr'><strong><em>Auferte</em></strong></span> <span class='ocrx_word' id='word_1_674' title='bbox 3533 4341 3658 4380; x_wconf 86' lang='lat' dir='ltr'><strong><em>ma-</em></strong></span> 
     </span>
    </p>
   </div>
   <div class='ocr_carea' id='block_1_72' title="bbox 2066 4411 3661 4485">
    <p class='ocr_par' dir='ltr' id='par_1_72' title="bbox 2066 4411 3661 4485">
     <span class='ocr_line' id='line_1_72' title="bbox 2066 4411 3661 4485; baseline 0.003 -19"><span class='ocrx_word' id='word_1_675' title='bbox 2066 4413 2181 4467; x_wconf 91' lang='lat' dir='ltr'><strong><em>lum</em></strong></span> <span class='ocrx_word' id='word_1_676' title='bbox 2225 4429 2290 4467; x_wconf 85' lang='lat' dir='ltr'><strong><em>ex</em></strong></span> <span class='ocrx_word' id='word_1_677' title='bbox 2322 4411 2476 4467; x_wconf 90' lang='lat' dir='ltr'><strong><em>vobis</em></strong></span> <span class='ocrx_word' id='word_1_678' title='bbox 2520 4411 2685 4483; x_wconf 90' lang='lat' dir='ltr'><strong><em>ipsis;</em></strong></span> <span class='ocrx_word' id='word_1_679' title='bbox 2728 4417 2793 4466; x_wconf 91' lang='lat' dir='ltr'><strong><em>ut</em></strong></span> <span class='ocrx_word' id='word_1_680' title='bbox 2827 4429 2894 4466; x_wconf 88' lang='lat' dir='ltr'><strong><em>ex</em></strong></span> <span class='ocrx_word' id='word_1_681' title='bbox 2939 4412 3124 4484; x_wconf 88' lang='lat' dir='ltr'><strong><em>seipso</em></strong></span> <span class='ocrx_word' id='word_1_682' title='bbox 3172 4413 3407 4485; x_wconf 87' lang='lat' dir='ltr'><strong><em>quisque</em></strong></span> <span class='ocrx_word' id='word_1_683' title='bbox 3438 4414 3661 4470; x_wconf 86' lang='lat' dir='ltr'><strong><em>auferat</em></strong></span> 
     </span>
    </p>
   </div>
   <div class='ocr_carea' id='block_1_73' title="bbox 2065 4500 3657 4575">
    <p class='ocr_par' dir='ltr' id='par_1_73' title="bbox 2065 4500 3657 4575">
     <span class='ocr_line' id='line_1_73' title="bbox 2065 4500 3657 4575; baseline 0.001 -19"><span class='ocrx_word' id='word_1_684' title='bbox 2065 4503 2295 4569; x_wconf 88' lang='lat' dir='ltr'><strong><em>malum,</em></strong></span> <span class='ocrx_word' id='word_1_685' title='bbox 2327 4517 2440 4556; x_wconf 89' lang='lat' dir='ltr'><strong><em>non</em></strong></span> <span class='ocrx_word' id='word_1_686' title='bbox 2471 4502 2551 4555; x_wconf 92' lang='lat' dir='ltr'><strong><em>sic</em></strong></span> <span class='ocrx_word' id='word_1_687' title='bbox 2577 4517 2699 4555; x_wconf 90' lang='lat' dir='ltr'><strong><em>esse</em></strong></span> <span class='ocrx_word' id='word_1_688' title='bbox 2722 4500 3148 4571; x_wconf 86' lang='lat' dir='ltr'><strong><em>intelligendum</em></strong></span> <span class='ocrx_word' id='word_1_689' title='bbox 3171 4508 3259 4558; x_wconf 86' lang='lat' dir='ltr'><strong><em>est</em></strong></span> <span class='ocrx_word' id='word_1_690' title='bbox 3283 4522 3296 4571; x_wconf 92' lang='lat'><strong><em>;</em></strong></span> <span class='ocrx_word' id='word_1_691' title='bbox 3343 4503 3439 4558; x_wconf 90' lang='lat' dir='ltr'><strong><em>sed</em></strong></span> <span class='ocrx_word' id='word_1_692' title='bbox 3468 4504 3657 4575; x_wconf 88' lang='lat' dir='ltr'><strong><em>potius</em></strong></span> 
     </span>
    </p>
   </div>
   <div class='ocr_carea' id='block_1_74' title="bbox 2063 4590 3655 4664">
    <p class='ocr_par' dir='ltr' id='par_1_74' title="bbox 2063 4590 3655 4664">
     <span class='ocr_line' id='line_1_74' title="bbox 2063 4590 3655 4664; baseline 0.001 -19"><span class='ocrx_word' id='word_1_693' title='bbox 2063 4598 2127 4645; x_wconf 91' lang='lat' dir='ltr'><strong><em>ut</em></strong></span> <span class='ocrx_word' id='word_1_694' title='bbox 2148 4591 2315 4645; x_wconf 90' lang='lat' dir='ltr'><strong><em>homo</em></strong></span> <span class='ocrx_word' id='word_1_695' title='bbox 2343 4591 2523 4646; x_wconf 87' lang='lat' dir='ltr'><strong><em>malus</em></strong></span> <span class='ocrx_word' id='word_1_696' title='bbox 2554 4590 2844 4644; x_wconf 87' lang='lat' dir='ltr'><strong><em>auferatur</em></strong></span> <span class='ocrx_word' id='word_1_697' title='bbox 2872 4607 2936 4644; x_wconf 84' lang='lat' dir='ltr'><strong><em>ex</em></strong></span> <span class='ocrx_word' id='word_1_698' title='bbox 2966 4590 3286 4646; x_wconf 88' lang='lat' dir='ltr'><strong><em>hominibus</em></strong></span> <span class='ocrx_word' id='word_1_699' title='bbox 3301 4591 3479 4659; x_wconf 91' lang='lat' dir='ltr'><strong><em>bonis,</em></strong></span> <span class='ocrx_word' id='word_1_700' title='bbox 3506 4592 3655 4664; x_wconf 91' lang='lat' dir='ltr'><strong><em>quod</em></strong></span> 
     </span>
    </p>
   </div>
   <div class='ocr_carea' id='block_1_75' title="bbox 2063 4678 3658 4753">
    <p class='ocr_par' dir='ltr' id='par_1_75' title="bbox 2063 4678 3658 4753">
     <span class='ocr_line' id='line_1_75' title="bbox 2063 4678 3658 4753; baseline 0.003 -20"><span class='ocrx_word' id='word_1_701' title='bbox 2063 4681 2125 4734; x_wconf 86' lang='lat' dir='ltr'><strong><em>ﬁt</em></strong></span> <span class='ocrx_word' id='word_1_702' title='bbox 2150 4695 2251 4751; x_wconf 90' lang='lat' dir='ltr'><strong><em>per</em></strong></span> <span class='ocrx_word' id='word_1_703' title='bbox 2270 4679 2697 4734; x_wconf 89' lang='lat' dir='ltr'><strong><em>ecclesiasticam</em></strong></span> <span class='ocrx_word' id='word_1_704' title='bbox 2713 4678 3088 4751; x_wconf 89' lang='lat' dir='ltr'><strong><em>disciplinam,</em></strong></span> <span class='ocrx_word' id='word_1_705' title='bbox 3101 4681 3238 4735; x_wconf 89' lang='lat' dir='ltr'><strong><em>satis</em></strong></span> <span class='ocrx_word' id='word_1_706' title='bbox 3249 4681 3441 4736; x_wconf 74' lang='lat' dir='ltr'><strong><em>Graeca</em></strong></span> <span class='ocrx_word' id='word_1_707' title='bbox 3462 4681 3658 4753; x_wconf 86' lang='lat' dir='ltr'><strong><em>lingua</em></strong></span> 
     </span>
    </p>
   </div>
   <div class='ocr_carea' id='block_1_76' title="bbox 2056 4767 3659 4841">
    <p class='ocr_par' dir='ltr' id='par_1_76' title="bbox 2056 4767 3659 4841">
     <span class='ocr_line' id='line_1_76' title="bbox 2056 4767 3659 4841; baseline 0.002 -19"><span class='ocrx_word' id='word_1_708' title='bbox 2056 4768 2304 4836; x_wconf 87' lang='lat' dir='ltr'><strong><em>indicat;</em></strong></span> <span class='ocrx_word' id='word_1_709' title='bbox 2336 4768 2431 4823; x_wconf 90' lang='lat' dir='ltr'><strong><em>ubi</em></strong></span> <span class='ocrx_word' id='word_1_710' title='bbox 2462 4768 2583 4823; x_wconf 82' lang='lat' dir='ltr'><strong><em>sine</em></strong></span> <span class='ocrx_word' id='word_1_711' title='bbox 2606 4767 2975 4839; x_wconf 87' lang='lat' dir='ltr'><strong><em>ambiguitate</em></strong></span> <span class='ocrx_word' id='word_1_712' title='bbox 3003 4770 3284 4841; x_wconf 86' lang='lat' dir='ltr'><strong><em>scriptum</em></strong></span> <span class='ocrx_word' id='word_1_713' title='bbox 3297 4775 3384 4825; x_wconf 89' lang='lat' dir='ltr'><strong><em>est</em></strong></span> <span class='ocrx_word' id='word_1_714' title='bbox 3410 4776 3476 4826; x_wconf 91' lang='lat' dir='ltr'><strong><em>ut</em></strong></span> <span class='ocrx_word' id='word_1_715' title='bbox 3494 4769 3659 4826; x_wconf 72' lang='lat' dir='ltr'><strong><em>intel-</em></strong></span> 
     </span>
    </p>
   </div>
   <div class='ocr_carea' id='block_1_77' title="bbox 2056 4857 3227 4927">
    <p class='ocr_par' dir='ltr' id='par_1_77' title="bbox 2056 4857 3227 4927">
     <span class='ocr_line' id='line_1_77' title="bbox 2056 4857 3227 4927; baseline 0.002 -16"><span class='ocrx_word' id='word_1_716' title='bbox 2056 4858 2268 4927; x_wconf 89' lang='lat' dir='ltr'><strong><em>ligatur</em></strong></span> <span class='ocrx_word' id='word_1_717' title='bbox 2294 4858 2444 4912; x_wconf 90' lang='lat' dir='ltr'><strong><em>hunc</em></strong></span> <span class='ocrx_word' id='word_1_718' title='bbox 2468 4857 2701 4924; x_wconf 89' lang='lat' dir='ltr'><strong><em>malum,</em></strong></span> <span class='ocrx_word' id='word_1_719' title='bbox 2726 4873 2839 4912; x_wconf 91' lang='lat' dir='ltr'><strong><em>non</em></strong></span> <span class='ocrx_word' id='word_1_720' title='bbox 2869 4858 2972 4912; x_wconf 89' lang='lat' dir='ltr'><strong><em>hoc</em></strong></span> <span class='ocrx_word' id='word_1_721' title='bbox 2992 4859 3227 4914; x_wconf 88' lang='lat' dir='ltr'><strong><em>malum.</em></strong></span> 
     </span>
    </p>
   </div>
   <div class='ocr_carea' id='block_1_78' title="bbox 2128 4946 3661 5017">
    <p class='ocr_par' dir='ltr' id='par_1_78' title="bbox 2128 4946 3661 5017">
     <span class='ocr_line' id='line_1_78' title="bbox 2128 4946 3661 5017; baseline 0.002 -17"><span class='ocrx_word' id='word_1_722' title='bbox 2128 4946 2268 5000; x_wconf 87' lang='lat' dir='ltr'><strong><em>CAP</em></strong></span> <span class='ocrx_word' id='word_1_723' title='bbox 2320 4946 2414 5001; x_wconf 88' lang='lat' dir='ltr'><strong><em>VI.</em></strong></span> <span class='ocrx_word' id='word_1_724' title='bbox 2450 4974 2510 4985; x_wconf 88' lang='lat'><strong><em>-—</em></strong></span> <span class='ocrx_word' id='word_1_725' title='bbox 2547 4948 2588 5003; x_wconf 91' lang='grc' dir='ltr'><strong><em>Ι.</em></strong></span> <span class='ocrx_word' id='word_1_726' title='bbox 2614 4947 2865 5001; x_wconf 69' lang='lat' dir='ltr'><strong><em>Alanos.</em></strong></span> <span class='ocrx_word' id='word_1_727' title='bbox 2893 4949 2981 5002; x_wconf 82' lang='lat' dir='ltr'><strong><em>An</em></strong></span> <span class='ocrx_word' id='word_1_728' title='bbox 3004 4950 3223 5002; x_wconf 87' lang='lat' dir='ltr'><strong><em>nescitis</em></strong></span> <span class='ocrx_word' id='word_1_729' title='bbox 3242 4953 3528 5017; x_wconf 89' lang='lat' dir='ltr'><strong><em>quoniam.</em></strong></span> <span class='ocrx_word' id='word_1_730' title='bbox 3563 4947 3661 5004; x_wconf 82' lang='lat' dir='ltr'><strong><em>Ju-</em></strong></span> 
     </span>
    </p>
   </div>
   <div class='ocr_carea' id='block_1_79' title="bbox 2055 5034 3653 5108">
    <p class='ocr_par' dir='ltr' id='par_1_79' title="bbox 2055 5034 3653 5108">
     <span class='ocr_line' id='line_1_79' title="bbox 2055 5034 3653 5108; baseline 0.003 -20"><span class='ocrx_word' id='word_1_731' title='bbox 2055 5034 2323 5089; x_wconf 89' lang='lat' dir='ltr'><strong><em>dicabunt</em></strong></span> <span class='ocrx_word' id='word_1_732' title='bbox 2349 5034 2527 5088; x_wconf 89' lang='lat' dir='ltr'><strong><em>sancti</em></strong></span> <span class='ocrx_word' id='word_1_733' title='bbox 2558 5034 2708 5089; x_wconf 90' lang='lat' dir='ltr'><strong><em>hunc</em></strong></span> <span class='ocrx_word' id='word_1_734' title='bbox 2728 5035 3000 5090; x_wconf 89' lang='lat' dir='ltr'><strong><em>mundum</em></strong></span> <span class='ocrx_word' id='word_1_735' title='bbox 3025 5056 3039 5103; x_wconf 92' lang='lat'><strong><em>;</em></strong></span> <span class='ocrx_word' id='word_1_736' title='bbox 3071 5036 3204 5107; x_wconf 88' lang='lat' dir='ltr'><strong><em>quia</em></strong></span> <span class='ocrx_word' id='word_1_737' title='bbox 3233 5037 3489 5108; x_wconf 82' lang='lat' dir='ltr'><strong><em>exemplo</em></strong></span> <span class='ocrx_word' id='word_1_738' title='bbox 3518 5036 3653 5093; x_wconf 85' lang='lat' dir='ltr'><strong><em>ﬁdei</em></strong></span> 
     </span>
    </p>
   </div>
   <div class='ocr_carea' id='block_1_80' title="bbox 2055 5123 3153 5194">
    <p class='ocr_par' dir='ltr' id='par_1_80' title="bbox 2055 5123 3153 5194">
     <span class='ocr_line' id='line_1_80' title="bbox 2055 5123 3153 5194; baseline 0.003 -17"><span class='ocrx_word' id='word_1_739' title='bbox 2055 5139 2250 5179; x_wconf 90' lang='lat' dir='ltr'><strong><em>eorum</em></strong></span> <span class='ocrx_word' id='word_1_740' title='bbox 2279 5123 2515 5194; x_wconf 85' lang='lat' dir='ltr'><strong><em>perﬁdia</em></strong></span> <span class='ocrx_word' id='word_1_741' title='bbox 2543 5124 2737 5178; x_wconf 89' lang='lat' dir='ltr'><strong><em>mundi</em></strong></span> <span class='ocrx_word' id='word_1_742' title='bbox 2771 5123 3153 5180; x_wconf 83' lang='lat' dir='ltr'><strong><em>damnabitur.</em></strong></span> 
     </span>
    </p>
   </div>
   <div class='ocr_carea' id='block_1_81' title="bbox 375 5208 3657 5292">
    <p class='ocr_par' dir='ltr' id='par_1_81' title="bbox 375 5208 3657 5292">
     <span class='ocr_line' id='line_1_81' title="bbox 375 5208 3657 5292; baseline 0.002 -29"><span class='ocrx_word' id='word_1_743' title='bbox 375 5208 548 5264; x_wconf 87' lang='lat' dir='ltr'><strong><em>vitam</em></strong></span> <span class='ocrx_word' id='word_1_744' title='bbox 578 5209 774 5280; x_wconf 82' lang='lat' dir='ltr'><strong><em>faciat;</em></strong></span> <span class='ocrx_word' id='word_1_745' title='bbox 822 5210 1027 5264; x_wconf 86' lang='lat' dir='ltr'><strong><em>veritas</em></strong></span> <span class='ocrx_word' id='word_1_746' title='bbox 1075 5216 1265 5265; x_wconf 88' lang='lat' dir='ltr'><strong><em>autem</em></strong></span> <span class='ocrx_word' id='word_1_747' title='bbox 1315 5227 1539 5267; x_wconf 90' lang='lat' dir='ltr'><strong><em>omnem</em></strong></span> <span class='ocrx_word' id='word_1_748' title='bbox 1586 5212 1841 5267; x_wconf 88' lang='lat' dir='ltr'><strong><em>fraudem</em></strong></span> <span class='ocrx_word' id='word_1_749' title='bbox 1884 5227 2035 5292; x_wconf 77' lang='lat' dir='ltr'><strong><em>ex-C</em></strong></span> <span class='ocrx_word' id='word_1_750' title='bbox 2123 5210 2176 5267; x_wconf 84' lang='lat'><strong><em>2.</em></strong></span> <span class='ocrx_word' id='word_1_751' title='bbox 2211 5213 2455 5269; x_wconf 78' lang='lat' dir='ltr'><strong><em>AUGUST.</em></strong></span> <span class='ocrx_word' id='word_1_752' title='bbox 2494 5216 2578 5280; x_wconf 89' lang='lat' dir='ltr'><strong><em>(in</em></strong></span> <span class='ocrx_word' id='word_1_753' title='bbox 2609 5215 2754 5283; x_wconf 89' lang='lat' dir='ltr'><strong><em>psal.</em></strong></span> <span class='ocrx_word' id='word_1_754' title='bbox 2790 5227 3006 5279; x_wconf 75' lang='lat' dir='ltr'><strong><em>LXXXVI,</em></strong></span> <span class='ocrx_word' id='word_1_755' title='bbox 3056 5219 3195 5268; x_wconf 88' lang='lat' dir='ltr'><strong><em>tom.</em></strong></span> <span class='ocrx_word' id='word_1_756' title='bbox 3247 5213 3371 5285; x_wconf 80' lang='lat' dir='ltr'><strong><em>IX).</em></strong></span> <span class='ocrx_word' id='word_1_757' title='bbox 3427 5215 3657 5271; x_wconf 83' lang='lat' dir='ltr'><strong><em>Nescitis</em></strong></span> 
     </span>
    </p>
   </div>
   <div class='ocr_carea' id='block_1_82' title="bbox 375 5297 586 5353">
    <p class='ocr_par' dir='ltr' id='par_1_82' title="bbox 375 5297 586 5353">
     <span class='ocr_line' id='line_1_82' title="bbox 375 5297 586 5353; baseline 0.009 -2"><span class='ocrx_word' id='word_1_758' title='bbox 375 5297 501 5353; x_wconf 90' lang='lat' dir='ltr'><strong><em>clud</em></strong></span> <span class='ocrx_word' id='word_1_759' title='bbox 508 5304 586 5353; x_wconf 89' lang='lat' dir='ltr'><strong><em>at.</em></strong></span> 
     </span>
    </p>
   </div>
   <div class='ocr_carea' id='block_1_83' title="bbox 439 5383 1964 5455">
    <p class='ocr_par' dir='ltr' id='par_1_83' title="bbox 439 5383 1964 5455">
     <span class='ocr_line' id='line_1_83' title="bbox 439 5383 1964 5455; baseline 0.001 -13"><span class='ocrx_word' id='word_1_760' title='bbox 439 5383 496 5442; x_wconf 91' lang='lat'><strong><em>8.</em></strong></span> <span class='ocrx_word' id='word_1_761' title='bbox 552 5387 761 5444; x_wconf 67' lang='lat' dir='ltr'><strong><em>Lassa.</em></strong></span> <span class='ocrx_word' id='word_1_762' title='bbox 815 5386 1186 5452; x_wconf 85' lang='lat' dir='ltr'><strong><em>Sinceritatis,</em></strong></span> <span class='ocrx_word' id='word_1_763' title='bbox 1228 5386 1284 5440; x_wconf 92' lang='lat' dir='ltr'><strong><em>id</em></strong></span> <span class='ocrx_word' id='word_1_764' title='bbox 1332 5392 1435 5453; x_wconf 89' lang='lat' dir='ltr'><strong><em>est,</em></strong></span> <span class='ocrx_word' id='word_1_765' title='bbox 1491 5387 1554 5443; x_wconf 90' lang='lat' dir='ltr'><strong><em>in</em></strong></span> <span class='ocrx_word' id='word_1_766' title='bbox 1582 5388 1736 5443; x_wconf 89' lang='lat' dir='ltr'><strong><em>illam</em></strong></span> <span class='ocrx_word' id='word_1_767' title='bbox 1769 5388 1964 5455; x_wconf 87' lang='lat' dir='ltr'><strong><em>vicem,</em></strong></span> 
     </span>
    </p>
   </div>
   <div class='ocr_carea' id='block_1_84' title="bbox 373 5475 1967 5549">
    <p class='ocr_par' dir='ltr' id='par_1_84' title="bbox 373 5475 1967 5549">
     <span class='ocr_line' id='line_1_84' title="bbox 373 5475 1967 5549; baseline 0.002 -19"><span class='ocrx_word' id='word_1_768' title='bbox 373 5491 485 5549; x_wconf 87' lang='lat' dir='ltr'><strong><em>qua</em></strong></span> <span class='ocrx_word' id='word_1_769' title='bbox 510 5476 688 5531; x_wconf 65' lang='lat' dir='ltr'><strong><em>Judaei</em></strong></span> <span class='ocrx_word' id='word_1_770' title='bbox 717 5492 940 5548; x_wconf 82' lang='lat' dir='ltr'><strong><em>azymos</em></strong></span> <span class='ocrx_word' id='word_1_771' title='bbox 966 5492 1140 5547; x_wconf 83' lang='lat' dir='ltr'><strong><em>panes</em></strong></span> <span class='ocrx_word' id='word_1_772' title='bbox 1167 5475 1508 5531; x_wconf 86' lang='lat' dir='ltr'><strong><em>manducare</em></strong></span> <span class='ocrx_word' id='word_1_773' title='bbox 1535 5477 1823 5546; x_wconf 85' lang='lat' dir='ltr'><strong><em>solebant;</em></strong></span> <span class='ocrx_word' id='word_1_774' title='bbox 1864 5494 1967 5533; x_wconf 91' lang='lat' dir='ltr'><strong><em>nos</em></strong></span> 
     </span>
    </p>
   </div>
   <div class='ocr_carea' id='block_1_85' title="bbox 2052 5302 3653 5375">
    <p class='ocr_par' dir='ltr' id='par_1_85' title="bbox 2052 5302 3653 5375">
     <span class='ocr_line' id='line_1_85' title="bbox 2052 5302 3653 5375; baseline 0.004 -21"><span class='ocrx_word' id='word_1_775' title='bbox 2052 5305 2319 5371; x_wconf 86' lang='lat' dir='ltr'><strong><em>quoniam</em></strong></span> <span class='ocrx_word' id='word_1_776' title='bbox 2354 5307 2600 5369; x_wconf 83' lang='lat' dir='ltr'><strong><em>angelos.</em></strong></span> <span class='ocrx_word' id='word_1_777' title='bbox 2634 5302 2786 5366; x_wconf 86' lang='lat' dir='ltr'><strong><em>Quos</em></strong></span> <span class='ocrx_word' id='word_1_778' title='bbox 2813 5302 3061 5373; x_wconf 88' lang='lat' dir='ltr'><strong><em>angelos,</em></strong></span> <span class='ocrx_word' id='word_1_779' title='bbox 3094 5303 3204 5359; x_wconf 91' lang='lat' dir='ltr'><strong><em>nisi</em></strong></span> <span class='ocrx_word' id='word_1_780' title='bbox 3232 5308 3518 5375; x_wconf 86' lang='lat' dir='ltr'><strong><em>apostatas</em></strong></span> <span class='ocrx_word' id='word_1_781' title='bbox 3543 5319 3653 5360; x_wconf 87' lang='lat' dir='ltr'><strong><em>an-</em></strong></span> 
     </span>
    </p>
   </div>
   <div class='ocr_carea' id='block_1_86' title="bbox 2048 5390 2251 5461">
    <p class='ocr_par' dir='ltr' id='par_1_86' title="bbox 2048 5390 2251 5461">
     <span class='ocr_line' id='line_1_86' title="bbox 2048 5390 2251 5461; baseline -0.01 -15"><span class='ocrx_word' id='word_1_782' title='bbox 2048 5390 2204 5461; x_wconf 87' lang='lat' dir='ltr'><strong><em>gelos</em></strong></span> <span class='ocrx_word' id='word_1_783' title='bbox 2226 5391 2251 5444; x_wconf 72' lang='grc' dir='ltr'><em>Ἰ</em></span> 
     </span>
    </p>
   </div>
  </div>
