4040 6186
384 210 467 266 173
1057 208 1134 263 IN
1172 208 1239 261 D.
1281 205 1497 262 PAULI
1539 204 1764 261 EPIST.
1803 202 2175 261 comm.
2219 230 2286 246 —
2326 201 2549 260 EPIST.
2589 202 2686 259 AD
2724 201 2887 259 con.
3502 162 3618 265 174'

377 332 420 389 3.
442 331 489 388 4.
516 330 964 403 Contemptibiles
996 331 1088 402 qui
1115 336 1246 385 sunt
1276 330 1334 384 in
1360 330 1623 396 Ecclesia,
1658 330 1783 385 illos
1809 329 2134 384 constituite
2165 328 2235 383 ad
2259 327 2648 399 judicandum.
2670 328 2724 382 5.
2755 324 2863 390 Ad,
2890 323 2951 378 id
2978 328 3073 390 est,
3096 329 3317 394 propter
3341 340 3611 382 verecun-

375 420 501 474 diam
524 427 774 483 vestram,
803 437 916 474 non
942 437 1010 474 ea:
1032 425 1324 485 sententia,
1351 422 1442 473 sed
1464 420 1853 473 stomachando
1884 421 1946 472 in
1976 434 2064 471 vos
2093 417 2215 471 dico
2261 418 2353 472 Sic
2383 434 2495 472 non
2521 422 2607 472 est
2632 417 2780 472 inter
2797 430 2894 468 vos
2922 412 3147 484 sapiens
3171 413 3488 485 quisquam,
3511 403 3610 487 qui

373 512 522 581 possit
539 510 790 579 judicare
809 510 957 563 inter
982 509 1213 563 fratrem
1235 509 1443 564 suum?
1463 508 1570 563 Sed
1597 508 1771 562 frater
1788 524 1916 562 cum
1936 507 2107 561 fratre
2127 506 2342 577 judicio
2370 506 2678 572 contendit,
2709 512 2765 559 et
2784 506 2890 559 hoc
2911 504 3062 575 apud
3079 503 3374 558 inﬁdeles?
3401 507 3609 559 scilicet

370 602 552 666 agitur.
568 594 619 653 6.
640 598 667 651 J
674 614 766 651 am
788 597 1012 668 quidem
1042 598 1272 651 omnino
1292 597 1560 651 delictum
1587 604 1674 651 est
1698 598 1753 651 in
1779 596 2129 667 vobis,‘quod
2144 595 2359 665 judicia
2380 595 2598 650 habetis
2614 602 2741 662 τιὸ
2759 595 2906 649 inter
2927 610 3039 648 vos.
3063 592 3249 657 Quare
3271 609 3383 648 non
3401 594 3606 664 magis,

370 702 513 755 quam
524 686 736 753 judicio
776 687 1132 751 contendatis,
1164 685 1433 756 injuriam
1464 685 1761 756 accipitis?
1790 686 1975 750 Quare
2005 701 2119 739 non
2150 684 2330 755 magis
2376 684 2626 739 fraudem
2658 684 2960 756 patimini?
2991 684 3042 738 7.
3076 682 3185 737 Sed
3214 700 3309 737 vos
3337 682 3605 753 injuriam

368 774 540 839 facitis,
556 780 612 827 et
632 773 927 833 fraudatis.
955 775 1216 841 fraudem
1237 775 1480 842 infertis;
1503 780 1562 828 et
1579 775 1685 829 hoc
1708 774 2001 842 fratribus,
2030 775 2237 841 facitis.
2260 774 2442 828 Nolite
2460 776 2721 841 fraudem
2738 775 2938 841 facere,
2969 774 3105 842 quia
3125 776 3176 826 si
3184 773 3393 840 facitis,
3419 774 3608 841 iniqui

368 866 501 925 estis;
520 865 608 917 sed
638 866 827 932 iniqui
854 879 1090 931 regnum
1111 865 1211 918 Dei
1238 881 1353 919 non
1371 867 1742 933 possidebunt;
1780 866 1925 934 quod
1947 863 2142 932 probat
2161 867 2364 930 aperte.
2387 862 2475 916 An
2498 861 2723 917 nescitis
2742 861 2879 931 quia
2898 860 3076 932 iniqui
3105 876 3347 930 regnum
3366 859 3470 915 Dei
3489 875 3605 915 non

366 950 730 1023 possidebunt?
759 950 945 1006 Nolite
974 968 1166 1007 errare
1200 969 1212 1005 τ
1242 969 1353 1008 ηοη
1383 955 1654 1008 credentes
1688 955 1834 1023 quod
1859 953 1978 1006 dico
2015 969 2026 1005 :
2068 965 2253 1019 neque
2283 950 2587 1017 fornicarii,
2630 965 2814 1020 neque
2854 949 3020 1003 idolis
3061 947 3388 1015 servientes,
3422 964 3608 1020 neque

367 1041 595 1106 adulteri,
641 1057 823 1112 neque
853 1042 1068 1103 molles,
1095 1046 1161 1097 in
1200 1044 1407 1112 seipsis,
1442 1059 1626 1114 neque
1673 1042 2058 1097 masculorum
2104 1036 2512 1105 concubitores,
2565 1054 2749 1111 neque
2782 1038 2952 1104 fures,
2998 1053 3181 1108 neque
3213 1037 3389 1105 avari,
3428 1052 3614 1109 neque

368 1128 565 1195 ebriosi,
584 1146 766 1201 neque
785 1129 1062 1193 maledici,
1091 1146 1274 1201 neque
1299 1146 1546 1201 rapaces,
1574 1146 1812 1201 regnum
1829 1129 1931 1184 Dei
1955 1126 2337 1200 possidebunt.
2366 1128 2437 1182 Et
2453 1128 2571 1182 haec
2589 1130 2725 1183 olim
2744 1127 2973 1200 quidam
2994 1125 3199 1183 fuistis.
3221 1142 3316 1181 nec
3343 1127 3461 1181 ideo
3492 1127 3613 1181 dico

367 1226 418 1272 ut
436 1235 575 1273 nunc
605 1222 737 1272 tales
763 1221 886 1273 sitis
914 1238 926 1285 ;
960 1219 1056 1273 sed
1083 1218 1263 1273 abluti
1283 1218 1438 1285 estis,
1471 1219 1570 1273 sed
1599 1218 1932 1274 sanctiﬁcati
1959 1218 2111 1284 estis,
2134 1216 2545 1287 sedjustiﬁcati
2574 1217 2730 1283 estis,
2752 1218 2812 1275 8.
2841 1217 2899 1271 in
2932 1215 3160 1271 nomine
3180 1215 3405 1270 Domini
3434 1213 3617 1271 nostri

365 1309 477 1362 Jesu
506 1307 732 1373 Christi,
765 1311 828 1361 in
858 1308 1146 1375 baptismo,
1174 1312 1231 1361 et
1259 1308 1319 1361 in
1343 1307 1545 1379 spiritu
1591 1307 1691 1362 Dei
1718 1305 1916 1361 nostri.
1963 1306 2187 1371 Omnia,
2221 1322 2335 1361 non
2362 1309 2530 1375 legali
2558 1308 2832 1373 doctrina,
2862 1307 2953 1359 sed
2997 1306 3172 1358 libera
3200 1307 3454 1372 potestate
3477 1301 3621 1357 mihi

366 1397 527 1461 licent,
554 1395 654 1449 sed
683 1412 797 1450 non
824 1394 1015 1449 omnia
1045 1394 1347 1466 expediunt
1376 1393 1429 1450 9.
1463 1396 1667 1450 Omnia
1696 1394 1836 1449 mihi
1856 1395 2044 1459 licent,
2074 1392 2174 1448 sed
2201 1411 2304 1465 ego
2333 1395 2437 1450 sub
2468 1395 2678 1452 nullius
2704 1397 2833 1449 vitii
2855 1392 3081 1464 redigar
3108 1396 3386 1464 potestate
3417 1411 3430 1461 ;
3460 1393 3625 1461 quasi

367 1486 534 1550 dicere;
544 1501 653 1538 non
666 1488 731 1538 in
744 1486 1015 1552 parandis
1030 1487 1160 1537 escis
1170 1490 1219 1537 et
1235 1487 1561 1539 saturandis
1575 1487 1859 1540 ventribus
1874 1487 2224 1554 super/tuum
2236 1487 2487 1539 studium
2498 1486 2692 1539 habere
2703 1485 3063 1551 debetis,quia
3079 1485 3269 1551 utique
3287 1483 3621 1537 transitoria

366 1581 491 1628 sunt.
518 1574 657 1628 Esca
676 1572 879 1631 ventri,
918 1574 1120 1626 scilicet
1136 1580 1402 1641 paratur,
1429 1580 1486 1628 et
1512 1580 1709 1629 venter
1725 1577 2070 1628 sustentatur
2096 1573 2236 1627 escis
2272 1590 2284 1625 :
2328 1573 2408 1631 10.
2441 1575 2591 1629 Deus
2618 1580 2808 1628 autem
2836 1578 2893 1627 et
2916 1573 3084 1638 hunc,
3117 1578 3175 1627 et
3201 1573 3304 1627 has
3327 1572 3583 1628 destruet
3606 1588 3621 1640 ;

367 1679 541 1733 corpus
568 1668 763 1716 autem
791 1677 902 1715 non
931 1663 1157 1715 debetur
1186 1661 1561 1728 fornicationi,
1596 1663 1694 1717 sed
1728 1666 1891 1718 subdi
1927 1663 2076 1718 debet
2124 1663 2384 1729 Domino,
2417 1669 2474 1718 et
2511 1662 2800 1731 Dominus,
2832 1665 3035 1718 scilicet
3071 1664 3224 1716 dabit
3251 1664 3617 1716 aternitatem

366 1750 582 1821 corpori.
618 1750 768 1803 Deus
796 1766 926 1803 vero
955 1754 1051 1819 (vel
1083 1754 1456 1806 ressuscitabit
1494 1756 1714 1821 ipsum;
1743 1754 1920 1820 potuit
1947 1753 2099 1805 enim
2132 1756 2486 1807 ressuscitare
2525 1753 2826 1821 Christum)
2858 1757 2916 1806 et
2947 1750 3248 1806 Dominum
3289 1749 3616 1805 suscitavit:

367 1843 414 1892 et
432 1820 521 1891 nos
548 1837 848 1891 suscitabit
879 1854 977 1909 per
1007 1838 1270 1893 virtutem
1292 1856 1472 1895 suam.
1493 1820 1741 1895 Nescitis
1768 1839 2036 1911 quoniam
2061 1856 2297 1910 corpora
2325 1846 2510 1896 vestra
2538 1820 2792 1895 menibra
2819 1846 2953 1895 sunt
2966 1839 3210 1895 Christi?
3230 1839 3453 1894 Tollens
3479 1854 3622 1908 ergo

367 1927 596 1982 membra
626 1926 856 1993 Christi,
883 1927 1082 1981 faciam
1117 1927 1369 1983 membra
1390 1929 1703 1984 meretricis
1720 1928 1749 1983 ?
1774 1931 1833 1982 id
1869 1934 1961 1994 est,
1993 1945 2118 1997 ergo
2149 1946 2378 2000 corpora
2401 1935 2591 1986 nostra
2630 1947 2743 1985 non
2771 1932 3061 1985 dabuntur
3086 1930 3475 1997 fornicationi,
3497 1943 3628 1982 cum

367 2020 462 2070 sint
490 2016 738 2068 membra
767 2016 993 2068 Christi.
1018 2015 1179 2070 Absit
1204 2016 1215 2069 !
1240 2017 1325 2070 11.
1343 2019 1431 2072 An
1460 2017 1688 2072 nescitis
1718 2017 1985 2088 quoniam
2006 2016 2103 2088 qui
2131 2015 2318 2081 12,13.
2346 2019 2596 2075 adhaeret
2611 2018 3105 2086 meretrici,unum
3127 2033 3329 2089 corpus
3346 2015 3591 2071 efﬁcitur
3607 2014 3635 2068 ζ)

368 2104 524 2157 Erunt
540 2103 718 2167 enim,
751 2103 957 2174 inquit,
991 2105 1105 2160 duo
1132 2106 1191 2159 in
1220 2122 1389 2161 carne
1417 2123 1549 2161 una.
1575 2108 1615 2161 .4
1647 2110 1852 2163 simili.
1891 2106 1999 2171 Qui
2030 2114 2222 2161 autem
2250 2107 2502 2163 adhaeret
2519 2106 2778 2169 Domino.
2812 2124 2958 2162 unus
2989 2107 3224 2179 spiritus
3250 2112 3354 2162 est.
3385 2105 3532 2173 Ergo
3563 2120 3633 2159 ne

365 2194 473 2244 silis
491 2209 673 2245 unum
701 2208 828 2246 cum
860 2197 1166 2248 meretrice.
1198 2195 1400 2265 Fugite
1419 2195 1867 2251 fornicationem.
1892 2196 2073 2251 Omne
2092 2202 2406 2267 peccatum,
2431 2197 3021 2269 quodcunquefecerit
3041 2198 3229 2264 homo,
3252 2201 3411 2251 extra
3426 2210 3632 2267 corpus

363 2285 460 2349 est,
471 2283 529 2335 id
541 2286 643 2347 est,
658 2285 833 2337 solam
849 2285 1108 2338 animam
1129 2287 1515 2340 commaculat.
1542 2285 1624 2352 14,
1648 2284 1728 2342 15.
1751 2286 1847 2358 qui
1867 2292 2058 2341 autem
2074 2284 2403 2355 fornicatur,
2422 2286 2483 2342 in
2496 2302 2701 2360 corpus
2716 2302 2904 2355 suum,
2917 2290 3114 2342 contra
3125 2286 3523 2353 “honorem
3542 2285 3642 2339 sui

1693 2426 2284 2485 COMMENTARIUS.

425 2570 475 2624 3.
501 2572 758 2630 Διιιοε.
813 2570 1273 2638 Contemptibiles.
1309 2569 1520 2624 Tamen
1548 2568 1949 2637 intractabiles,
1971 2573 2022 2631 Α
2041 2569 2173 2625 fecit
2199 2576 2257 2624 et
2284 2569 2354 2625 de
2380 2569 2478 2625 illo
2502 2569 2601 2641 qui
2626 2569 2905 2625 incestum
2932 2568 3202 2625 amiserat
3219 2569 3309 2640 υἱ,
3343 2568 3643 2626 commise-

366 2659 873 2714 etinconsideratos
896 2675 1016 2714 esse
1036 2657 1387 2728 signiﬁcavit,
1410 2664 1475 2714 ut
1494 2659 1786 2731 imperitos
1809 2660 1953 2716 forte
2038 2658 2434 2730 rat].Denique
2462 2659 2659 2714 statim
2679 2659 2754 2714 ad
2780 2658 3128 2731 superiorem
3155 2673 3406 2727 sensum,
3438 2674 3501 2714 re
3519 2658 3645 2715 bre-

368 2767 426 2804 ex
450 2750 723 2805 fratribus
746 2750 967 2821 judices
994 2748 1282 2819 eligerent.

428 2838 475 2896 4.
508 2840 729 2898 Lucra.
778 2838 1233 2907 Contemptibiles.
1285 2837 1410 2892 Non
1466 2838 1816 2910 imperando,
1859 2842 1957 2896 sed

365 2929 745 3000 exprobrando
784 2926 1050 2999 supponit
1098 2942 1325 2980 causam
1371 2944 1470 2981 cur
1512 2919 1704 2983 ﬁdeles
1732 2938 1963 3001 prapter

368 3016 762 3073 dissuasionem
812 3031 1112 3070 causarum
1165 3031 1396 3069 suarum
1445 3015 1516 3069 ad
1572 3016 1824 3073 inﬁdeles
1879 3020 1961 3074 ire

367 3111 653 3176 cogantur,
680 3106 937 3160 videlicet
952 3104 1085 3176 quia
1103 3121 1371 3176 personas
1391 3110 1741 3160 terrenarum
1773 3107 1960 3179 legum

364 3196 602 3267 ignaras,
640 3198 707 3251 ad
758 3196 1068 3251 audiendas
1110 3195 1358 3250 ﬁdelium
1389 3211 1606 3259 causas,
1657 3199 1960 3255 constitue-

366 3282 507 3340 bant.
527 3287 599 3341 Et
618 3285 701 3340 ita
717 3286 930 3339 dictum
949 3289 1035 3338 est
1060 3283 1320 3338 similiter
1338 3284 1395 3338 in
1419 3284 1717 3354 Evangelia
1741 3288 1956 3351 (Matth.

367 3388 479 3438 xxv,
509 3374 560 3442 9)
590 3394 602 3428 :
640 3377 716 3429 Ite
741 3376 926 3442 potius
954 3374 1027 3427 ad
1049 3374 1355 3439 uendentes,
1381 3378 1439 3427 et
1462 3373 1522 3428 in
1554 3359 1789 3445 Virgilio
1811 3377 1957 3446 (Egi.

366 3469 407 3537 Ι,
448 3464 538 3531 74)
575 3482 587 3516 :
623 3464 805 3517 Insere
834 3477 1004 3525 nunc,
1036 3465 1140 3515 etc.

431 3555 481 3611 5.
516 3554 601 3608 Ad
630 3552 1021 3604 verecundiam
1050 3554 1305 3603 vestram.
1337 3549 1507 3614 Quasi
1539 3551 1790 3606 diceret:
1838 3554 1965 3609 Non

366 3646 593 3716 impero,
631 3640 730 3694 sed
759 3654 1156 3705 commemoro,
1179 3643 1245 3693 ut
1261 3640 1659 3695 verecundiam
1690 3640 1963 3707 habeatis,

367 3733 492 3803 quia
518 3729 728 3785 facitis.

428 3820 481 3875 6.
513 3822 775 3874 Aususr.
812 3815 1117 3877 IEnchirid.
1142 3817 1216 3869 ad
1238 3816 1384 3871 Laur
1411 3856 1425 3882 ,
1460 3834 1510 3871 e.
1547 3815 1630 3885 18,
1662 3823 1799 3873 tom.
1835 3819 1961 3884 III).

2041 2748 2184 2803 viter
2219 2748 2448 2803 interim
2489 2747 2903 2815 commendata,
2937 2747 3104 2803 redit.

2114 2836 2198 2894 10.
2232 2838 2443 2896 Lassa.
2497 2839 2638 2893 Deus
2675 2844 2863 2893 autem
2902 2842 2953 2892 et
2981 2839 3149 2911 hunc.
3183 2836 3355 2901 Quasi
3380 2837 3595 2893 diceret
3624 2852 3641 2895 :

2044 2943 2157 2982 non
2190 2927 2248 2981 in
2289 2926 2556 2997 parandis
2584 2926 2725 2981 escis
2751 2932 2810 2981 et
2855 2926 3178 2982 scrutandis
3205 2926 3494 2982 ventribus
3521 2930 3646 2984 stu-

2043 3015 2176 3071 dere
2204 3013 2437 3077 debetis.
2472 3014 2607 3087 quia
2633 3020 2875 3087 utraque
2901 3016 3233 3071 transitoria
3249 3020 3401 3071 sunt.

2113 3106 2362 3160 AMBROS.
2389 3105 2455 3160 Et
2480 3106 2750 3160 Dominus
2768 3107 3006 3174 corpori.
3026 3103 3393 3173 Subauditur,
3417 3106 3648 3163 immor-

2043 3193 2321 3248 talitatem
2338 3193 2701 3249 ressuscitato
2733 3193 3039 3265 praestabit.
3566 3208 3572 3213 ·

2119 3281 2199 3338 11.
2231 3283 2443 3337 Lassa.
2474 3282 2565 3338 An
2594 3284 2814 3337 nescitis
2833 3285 2987 3352 quia,
3014 3288 3122 3339 etc.
3150 3284 3279 3340 Non
3298 3284 3514 3341 debetis
3539 3284 3650 3342 for-

2042 3371 2217 3426 nicari
2246 3388 2376 3426 cum
2407 3371 2815 3437 meretricibus,
2848 3372 2981 3443 quia
3016 3372 3211 3428 essetis
3241 3390 3419 3430 unum
3446 3388 3649 3447 corpus

2046 3477 2171 3515 cum
2201 3460 2514 3516 meretrice.
2547 3460 2656 3526 Qui
2684 3460 2935 3516 adhaeret
2963 3463 3264 3530 meretrici,
3316 3480 3495 3519 unum
3531 3480 3650 3520 cor-

2047 3566 2152 3620 pus
2190 3565 2319 3604 cum
2369 3567 2438 3605 ea
2465 3550 2725 3604 efﬁcitur.
2766 3550 2911 3605 Nam
2945 3550 3041 3622 qui
3087 3551 3336 3607 adhaeret
3382 3552 3648 3624 legitimae

2049 3638 2227 3704 uxori,
2256 3640 2321 3694 ﬁt
2346 3655 2544 3706 unum,
2572 3638 2709 3693 dicit
2737 3639 2888 3694 enim
2930 3639 3163 3695 Genesis
3197 3659 3210 3695 :
3251 3642 3457 3710 Erunt,
3494 3641 3647 3699 scili-

2046 3733 2136 3782 cet
2165 3727 2250 3782 vir
2268 3733 2327 3782 et
2349 3743 2507 3794 uxor,
2529 3728 2639 3782 duo
2664 3730 2726 3782 in
2746 3743 2915 3783 carne
2936 3744 3074 3783 una.

2117 3816 2207 3871 12.
2243 3818 2490 3872 Ακθιιοε.
2524 3817 2633 3884 Qui
2660 3817 2916 3871 adhaeret.
2950 3817 3070 3872 Hoc
3105 3817 3281 3877 dicit:
3317 3820 3414 3892 qui
3449 3825 3646 3877 conta-

363 3911 482 3963 Jam
506 3909 733 3978 quidem
773 3907 1037 3959 delictum
1064 3909 1156 3959 est.
1192 3905 1257 3960 Si
1284 3908 1409 3974 quis
1437 3910 1674 3961 voluerit
1714 3912 1965 3964 tunicam
1987 3978 2013 3980 _
2049 3905 2342 3960 minationi
2370 3905 2731 3972 admiscetur,
2750 3921 2926 3961 unum
2947 3907 3013 3960 ﬁt
3040 3923 3168 3962 cum
3190 3924 3256 3963 eo
3277 3910 3374 3980 qui
3393 3926 3454 3965 se
3474 3910 3651 3965 admi-

365 4002 513 4052 tuam
530 4001 743 4062 tollere,
767 3995 1037 4063 etjudicio
1059 3999 1235 4047 tecum
1264 3997 1605 4061 contendere,
1637 3998 1855 4052 dimitte
1875 4003 1962 4054 illi
1984 3978 2189 4052 Bseet.
2227 3994 2543 4049 Fornicatio
2575 3995 2727 4049 enim
2770 3994 2965 4050 ambos
2991 4011 3168 4051 unum
3198 3978 3349 4064 facit,
3396 4004 3461 4053 ut
3507 4014 3649 4070 quo-

364 4091 410 4139 et
429 4091 677 4156 pallium
690 4084 899 4153 (Matth.
915 4100 966 4149 v,
992 4080 1103 4151 40).
1130 4082 1197 4136 Et
1216 4083 1325 4137 alio
1346 4083 1500 4139 loco:
1527 4086 1594 4139 Et
1615 4090 1715 4155 qui
1732 4089 1967 4142 abstule-

366 4179 454 4237 rit.
484 4175 697 4248 inquit,
719 4180 836 4239 tua,
858 4174 979 4226 noli
1007 4177 1242 4241 repetere
1259 4175 1407 4243 (Luc.
1432 4188 1509 4239 v1,
1536 4172 1648 4245 30).
1671 4176 1966 4232 Prohibuit

363 4265 545 4336 itaque
575 4280 715 4319 suos
743 4262 812 4317 de
848 4259 1211 4316 saecularibus
1238 4261 1404 4317 rebus
1441 4279 1569 4335 cum
1597 4264 1721 4320 aliis
1757 4265 1964 4321 habere

359 4353 655 4423 judicium.
717 4351 799 4405 Ex
855 4367 968 4422 qua
1022 4350 1297 4417 doctrina,
1336 4352 1636 4424 Apostolus
1670 4353 1804 4411 dicit
1841 4372 1963 4411 esse

363 4441 658 4508 delictum;
688 4446 878 4494 tamen
918 4455 1048 4495 cum
1084 4439 1222 4494 sinit
1248 4440 1399 4495 ﬁniri
1447 4440 1506 4496 in
1553 4443 1800 4497 Ecclesia
1827 4444 1966 4499 talia

357 4530 564 4599 judicia
605 4531 758 4584 inter
793 4528 1018 4594 fratres,
1061 4527 1331 4584 fratribus
1371 4530 1776 4601 judicantibus,
1807 4538 1967 4589 extra

364 4618 669 4674 Ecclesiam
732 4633 865 4670 vero
907 4616 1236 4672 terribiliter
1280 4623 1450 4685 vetat,
1483 4619 1844 4676 manifestum
1880 4627 1968 4676 est

363 4707 492 4776 quid
522 4705 840 4762 secundum
871 4705 1092 4759 veniam
1112 4706 1450 4762 concedatur
1476 4707 1736 4764 inﬁrmis.

428 4795 480 4849 ’1.
513 4797 736 4852 Lmen.
755 4795 861 4850 Sed
884 4810 973 4848 vos
994 4797 1275 4863 injuriam
1295 4798 1498 4863 facitis.
1523 4797 1694 4861 Quasi
1714 4798 1961 4855 diceret:

362 4901 454 4940 vos
481 4902 602 4940 non
634 4884 770 4939 estis
789 4883 952 4943 tales.
969 4888 1033 4938 ut
1060 4883 1276 4939 illatam
1300 4885 1568 4956 injuriam
1588 4887 1770 4944 velitis
1800 4889 1962 4957 ferre,

360 4973 454 5027 sed
483 4973 684 5045 potius
708 4970 877 5026 vultis
904 4972 1130 5027 inferre.

427 5061 482 5119 8.
518 5064 591 5117 In
624 5065 850 5117 nomine
888 5063 1129 5116 Domini.
1153 5062 1217 5117 In
1236 5062 1517 5134 baptismo
1546 5064 1681 5120 dicit
1710 5085 1724 5133 ;
1752 5067 1847 5122 ubi
1889 5067 1968 5122 di-

358 5151 566 5206 stincte
588 5160 1081 5217 commemoratur,
1107 5157 1165 5206 et
1190 5150 1633 5224 subintelligitur
1658 5154 1719 5209 in
1742 5156 1968 5211 nomine

361 5239 569 5294 Patris.

431 5329 485 5385 9.
516 5330 781 5400 Asianos.
801 5328 1003 5383 Omnia
1032 5329 1177 5383 mihi
1206 5331 1387 5385 licent.
1421 5330 1625 5385 Omnia
1665 5332 1772 5388 sibi
1798 5333 1965 5390 licere

360 5417 519 5473 dicit.
553 5432 622 5470 ea
650 5416 866 5471 scilicet
878 5432 1001 5488 quae
1029 5418 1362 5489 coapostolis
1390 5420 1512 5490 ejus
1535 5421 1832 5478 licuerunt.
1849 5424 1965 5479 Hoc

361 5505 515 5561 enim
547 5504 825 5579 praemisit
851 5510 1047 5577 postea
1073 5505 1220 5562 hanc
1255 5523 1483 5565 causam
1515 5516 1763 5583 acturus,
1818 5512 1964 5570 sicut

2048 4084 2213 4139 modo
2234 4084 2294 4138 in
2319 4090 2542 4152 natura,
2582 4083 2663 4139 sic
2690 4088 2748 4138 et
2773 4083 2832 4138 in
2862 4085 3101 4150 macula,
3133 4101 3312 4140 unum
3333 4086 3465 4141 sint.

2125 4170 2206 4229 13.
2230 4174 2472 4228 Auens'r.
2506 4175 2617 4244 (lib.
2652 4187 2744 4226 xxv
2769 4175 2837 4227 De
2877 4175 3182 4241 Trinit.,c.
3218 4173 3302 4241 14,
3341 4181 3480 4229 tom.
3510 4174 3644 4247 III).

2046 4262 2154 4330 Qui
2174 4263 2429 4317 adhaeret.
2461 4261 2776 4317 Accedente
2817 4261 3044 4333 quidem
3087 4261 3197 4318 isto
3241 4263 3314 4318 ad
3341 4264 3647 4337 participa-

2043 4350 2255 4405 tionem
2284 4356 2503 4405 naturae
2530 4350 2780 4406 veritatis
2809 4356 2867 4405 et
2909 4350 3271 4408 beatitudinis
3308 4354 3458 4409 illius
3486 4373 3500 4423 ;
3531 4371 3646 4412 non

2044 4443 2234 4495 tamen
2256 4445 2539 4495 crescente
2568 4440 2665 4495 illo
2690 4440 2750 4495 in
2775 4445 2999 4507 natura,
3040 4442 3278 4498 veritate
3315 4449 3373 4498 et
3408 4443 3648 4502 beatitu-

2047 4530 2179 4585 dine
2208 4546 2311 4585 sua
2326 4574 2338 4587 .

2113 4620 2203 4674 44.
2222 4621 2329 4688 Qui
2355 4626 2541 4676 autem
2559 4622 2897 4689 fornicatur.
2921 4619 3066 4686 Quia
3088 4638 3369 4695 nusquam
3393 4625 3475 4681 sic
3494 4630 3645 4682 totus

2048 4709 2218 4765 homo
2247 4709 2496 4781 corporis
2528 4709 2703 4781 ipsius
2742 4709 3013 4782 voluptati
3042 4711 3338 4781 addicitur,
3370 4720 3429 4770 et
3453 4715 3648 4772 ineffa-

2048 4797 2253 4867 biliter,
2278 4799 2361 4853 vel
2381 4798 2774 4854 inevitabiliter
2791 4798 3053 4865 afﬁcitur,
3068 4806 3133 4856 ut
3149 4801 3207 4857 in
3226 4806 3645 4876 comparatione
3670 4842 3678 4855 ι
3736 4844 3745 4854 ι

2045 4888 2217 4959 hujus
2247 4887 2392 4944 tanti
2421 4888 2574 4951 mali,
2601 4892 2804 4943 caetera
2845 4894 3074 4960 peccata
3105 4898 3263 4945 extra
3293 4909 3495 4965 corpus
3524 4911 3645 4951 esse

2047 4977 2370 5044 videantur;
2403 4977 2623 5032 etiamsi
2647 4992 2748 5048 per
2777 4993 2980 5049 corpus
3010 4987 3392 5036 exerceantur.

2123 5065 2205 5123 15.
2237 5068 2485 5122 ΑΜΒῆοε.
2518 5067 2624 5134 Qui
2646 5074 2832 5121 autem
2859 5069 3198 5134 fornicatur.
3220 5070 3422 5126 Totum
3443 5089 3643 5144 corpus

2048 5156 2134 5210 vir
2150 5162 2238 5211 est
2260 5162 2318 5211 et
2345 5156 2563 5221 mulier,
2595 5155 2724 5227 quia
2751 5156 2931 5227 portio
2963 5157 3065 5211 viri
3102 5159 3306 5213 mulier
3341 5165 3443 5220 est.
3475 5167 3534 5216 et
3562 5162 3646 5216 vir

1982 5265 2025 5325 ρ
2048 5263 2150 5317 per
2173 5246 2228 5301 id
2259 5245 2407 5316 quod
2441 5246 2497 5300 in
2527 5245 2842 5316 portionem
2864 5263 3024 5300 suam
3042 5246 3337 5318 delinquit,
3361 5249 3420 5303 in
3440 5266 3642 5322 corpus

2046 5352 2212 5391 suum
2245 5341 2453 5407 peccat.
2486 5335 2589 5389 Vel
2617 5336 2748 5406 quia
2776 5335 3039 5391 fornicari
3059 5336 3346 5406 corporale
3376 5338 3643 5398 delictum

2045 5430 2164 5492 est;
2205 5441 2318 5480 non
2350 5426 2500 5480 enim
2524 5425 2589 5479 ﬁt
2615 5425 2736 5479 sine
2765 5423 3042 5478 desiderio
3079 5424 3281 5482 carnis.
3314 5427 3458 5484 Caro
3489 5431 3641 5490 enim

2043 5514 2122 5570 ibi
2149 5514 2320 5571 habet
2342 5521 2556 5572 motum
2580 5514 2892 5589 proprium.
