4008 6186
389 277 494 340 175
1370 279 1434 337 Β.
1475 274 1889 340 LANFRANCI
1929 281 1972 336 C

2066 277 2289 334 lTUAR.
2332 278 2668 334 ARCHIEP.
3543 279 3649 337 476

381 409 646 478 corporis,
677 411 884 482 peccat.
934 407 1062 463 Alia
1089 407 1236 461 ratio
1273 421 1374 461 cur
1402 407 1669 475 fugienda
1694 411 1767 463 sit
1794 409 2113 476 fornicatio,
2156 404 2361 457 scilicet
2396 406 2530 472 quia
2578 407 2843 471 templum
2871 409 3004 456 sunt
3031 401 3276 472 Spiritus
3321 407 3521 458 sancti.
3562 407 3649 459 An

382 497 611 553 nescitis
631 498 896 570 quoniam
917 495 1170 551 membra
1198 499 1398 556 vestra,
1429 496 1703 566 templum
1733 501 1866 550 sunt
1895 493 2137 565 Spiritus
2166 491 2363 554 sancti,
2398 492 2494 562 qui
2523 492 2582 546 in
2613 491 2766 546 vobis
2784 498 2900 550 est:
2928 509 3093 562 quem
3130 492 3345 547 habetis
3370 509 3402 547 a
3436 493 3570 558 Deo,
3595 499 3654 548 et

381 601 494 641 non
514 587 648 641 estis
676 586 880 641 vestri?
907 588 1040 656 quia
1064 586 1208 638 servi
1223 585 1430 640 Christi
1458 587 1583 637 estis
1610 588 1691 638 vel
1716 586 1973 653 emptilii.
2005 578 2098 637 16.
2127 580 2312 651 Empti
2332 580 2479 634 enim
2507 581 2641 635 estis
2671 582 2848 652 pretio
2879 598 3104 652 magno,
3127 586 3399 650 sanguine
3419 584 3647 638 Christi.

381 676 547 745 Ergo,
590 676 671 732 l'l.
703 675 1043 741 Gloriﬁcate,
1080 673 1163 729 18.
1189 677 1247 727 et
1276 676 1495 744 portate
1523 673 1720 738 Deum,
1753 673 2043 726 Dominica
2088 674 2372 738 praecepta,
2408 669 2466 722 in
2497 685 2727 740 corpore
2758 676 2966 726 vestro.

1837 759 2068 815 CAPUT
2092 757 2222 816 VII.

447 853 529 907 De
557 852 759 924 quibus
797 857 986 907 autem
1016 851 1313 923 scripsistis
1343 852 1482 905 mihi
1511 853 1574 906 de
1601 853 1864 905 habendis
1897 851 2183 913 uxoribus,
2216 849 2296 901 vel
2344 862 2454 900 non
2500 847 2779 910 habendis,
2812 850 2890 900 sic
2938 849 3231 916 respondeo
3264 866 3275 900 :
3312 848 3529 902 Bonum
3565 853 3652 902 est

301 993 310 1002 .
374 941 589 997 homini
617 942 911 996 mulierem
941 959 1053 996 non
1081 947 1352 1012 tangere;
1389 947 1618 1012 propter
1654 939 2081 995 fornicationem
2127 941 2320 991 autem
2359 935 2746 1006 unusquisque
2793 952 2953 989 suam
2986 936 3031 988 l.
3065 952 3295 990 uxorem
3339 935 3560 999 habeat,
3594 944 3652 992 et

370 1041 722 1103 unaquaeque
749 1031 800 1086 2.
853 1042 1016 1086 Shum
1066 1030 1248 1084 virum
1284 1029 1507 1084 habeat.
1542 1029 1710 1085 Uxori
1756 1029 1838 1082 vir
1877 1027 2127 1082 debitum
2164 1025 2396 1090 reddat;
2428 1024 2689 1078 similiter
2733 1034 2924 1079 autem
2952 1030 3010 1080 et
3053 1041 3194 1079 uxor
3232 1025 3349 1078 viro
3400 1027 3649 1078 debitum

371 1122 584 1176 reddat.
617 1122 685 1176 Et
713 1122 874 1182 decet,
900 1136 1033 1174 nam
1064 1120 1267 1174 mulier
1283 1120 1370 1174 sui
1392 1119 1660 1190 corporis,
1679 1122 1770 1171 sui
1785 1133 1941 1171 sexus
1961 1117 2221 1180 laxandi,
2239 1119 2316 1167 rel
2338 1116 2679 1177 continendi,
2706 1121 3040 1184 potestatem
3072 1131 3185 1168 non
3208 1114 3395 1177 habet,
3422 1114 3519 1168 sed
3541 1114 3644 1166 vir.

373 1209 647 1266 Similiter
675 1214 864 1265 autem
893 1216 950 1263 et
977 1209 1062 1262 vir
1094 1208 1180 1263 sui
1219 1209 1469 1280 corporis
1495 1213 1831 1279 potestatem
1864 1221 1976 1260 non
2007 1205 2193 1269 habet,
2228 1204 2323 1257 sed
2357 1203 2577 1257 mulier.
2619 1204 2804 1257 Nolite
2834 1204 3094 1258 fraudare
3124 1204 3358 1257 invicem
3400 1203 3645 1257 debitum

371 1305 482 1354 non
517 1299 758 1364 reddere,
790 1300 900 1353 nisi
927 1299 1070 1354 forte
1099 1314 1169 1353 ex
1195 1313 1468 1353 consensu
1499 1298 1568 1352 ad
1598 1303 1840 1367 tempus,
1874 1300 1938 1349 ut
1965 1292 2169 1346 vacetis
2198 1291 2438 1345 orationi
2463 1311 2474 1352 ;
2509 1298 2567 1344 et
2591 1291 2798 1345 iterum
2835 1291 3178 1346 revertimini
3201 1291 3257 1344 in
3285 1291 3548 1360 idipsum,
3576 1307 3647 1345 ne

363 1372 545 1441 te'ntet
576 1403 669 1441 vos
702 1387 940 1442 Satanas
967 1389 1161 1441 ducere
1191 1390 1254 1441 in
1281 1390 1472 1456 pejora
1501 1392 1730 1457 propter
1757 1383 2225 1438 incontinentiam
2258 1386 2520 1443 vestram,
2553 1385 2603 1435 si
2623 1384 2899 1435 continere
2932 1397 3043 1435 non
3067 1385 3374 1449 potueritis.
3401 1382 3517 1435 Hoc
3543 1397 3645 1436 aut

364 1481 479 1530 tem
508 1474 632 1529 dico
650 1477 955 1531 secundum
995 1475 1426 1546 indulgentiam,
1461 1492 1573 1530 non
1594 1475 1900 1530 secundum
1935 1471 2249 1542 imperium.
2292 1470 2423 1524 Volo
2455 1469 2605 1524 enim
2628 1487 2822 1524 omnes
2852 1487 2946 1524 vos
2978 1487 3118 1535 esse,
3154 1477 3430 1538 quantum
3462 1474 3524 1524 in
3559 1483 3646 1524 me

367 1567 461 1628 est,
511 1562 654 1618 sicut
693 1564 996 1635 meipsum;
1031 1564 1128 1619 sed
1159 1565 1545 1636 unusquisque
1577 1564 1865 1635 proprium
1893 1563 2106 1616 donum
2144 1559 2314 1614 habet
2353 1577 2417 1612 ex
2461 1561 2595 1624 Deo,
2632 1560 2776 1614 alius
2818 1561 3043 1630 quidem
3073 1559 3169 1624 sic,
3204 1560 3348 1614 alius
3379 1576 3507 1613 vero
3537 1560 3636 1613 sic.

363 1653 498 1708 Dico
527 1659 717 1708 autem
745 1671 858 1708 non
883 1655 1073 1725 nuptis
1103 1661 1161 1709 et
1185 1654 1367 1708 viduis
1400 1674 1410 1708 :
1446 1656 1662 1709 Bonum
1694 1660 1780 1708 est
1810 1653 1918 1706 illis
1948 1653 1994 1705 si
2025 1651 2104 1704 sic
2147 1655 2534 1720 permaneant.
2563 1650 2708 1703 sicut
2751 1655 2809 1703 et
2841 1666 2961 1719 ego.
3010 1650 3167 1712 Quod
3201 1649 3247 1702 si
3282 1665 3393 1703 non
3422 1665 3481 1703 se
3510 1665 3645 1703 con-

361 1742 561 1807 tinent,
595 1742 827 1797 nubant.
863 1741 912 1800 3.
943 1744 1143 1798 Melius
1171 1749 1258 1798 est
1285 1744 1434 1797 enim
1469 1744 1679 1799 nubere
1701 1759 1869 1814 quam
1891 1740 1997 1805 uri,
2025 1742 2267 1792 invitum
2300 1741 2604 1805 continere;
2626 1742 2725 1791 uri
2745 1745 2838 1801 est,
2865 1755 2995 1807 opus
3019 1743 3260 1793 luxuria
3290 1742 3646 1794 immoderate

359 1835 424 1886 in
447 1837 626 1886 mente
662 1820 1035 1900 concupiscere
1063 1838 1112 1886 et
1154 1833 1352 1887 exinde
1383 1835 1447 1886 in
1475 1848 1642 1886 carne
1681 1832 1895 1884 ardere.
1927 1828 2001 1882 lis
2030 1833 2219 1880 autem
2259 1827 2354 1896 qui
2391 1827 2748 1880 matrimonio
2779 1829 2968 1896 juncti
3008 1834 3158 1891 sunt,
3205 1826 3484 1898 praecipio,
3533 1843 3642 1882 non

360 1937 483 1992 ego,
511 1921 607 1975 sed
643 1920 935 1986 Dominus,
968 1937 1200 1975 uxorem
1239 1931 1274 1976 a
1310 1921 1429 1974 viro
1457 1936 1568 1974 non
1619 1918 1942 1982 discedere;
1977 1914 2008 1971 4
2061 1916 2206 1986 quod
2240 1917 2286 1968 si
2319 1916 2655 1980 discesserit,
2689 1920 2893 1970 scilicet
2945 1919 3344 1970 interveniente
3395 1919 3644 1983 legitima

357 2023 550 2076 causa;
588 2026 699 2062 non
734 2012 884 2063 enim
916 2013 1085 2064 aliter
1125 2013 1267 2070 licet,
1304 2026 1531 2063 manere
1571 2008 1886 2078 innuptam,
1933 2009 2033 2057 aut
2064 2004 2180 2058 viro
2210 2022 2311 2058 suo
2343 2006 2706 2059 reconciliari.
2746 2006 2814 2059 Et
2848 2006 2930 2058 vir
2962 2021 3189 2060 uxorem
3223 2021 3333 2058 non
3370 2005 3639 2059 dimittat.

351 2095 495 2151 Nam
527 2098 742 2152 caeteris
779 2113 882 2168 ego
911 2099 1052 2163 dico,
1097 2115 1210 2152 non
1241 2099 1532 2152 Dominus.
1570 2097 1628 2152 Si
1657 2096 1782 2166 quis
1815 2093 1988 2147 frater
2014 2109 2244 2147 uxore.”
2287 2095 2459 2148 habet
2488 2095 2789 2160 inﬁdelem,
2820 2102 2877 2149 et
2913 2097 3028 2149 haec
3068 2095 3350 2148 consentit
3379 2094 3640 2149 habitare

349 2201 480 2241 cum
507 2187 624 2254 illo,
656 2203 767 2242 non
809 2187 1062 2242 dimittat
1089 2188 1264 2241 illam.
1321 2187 1390 2242 Et
1435 2186 1482 2240 si
1535 2203 1647 2256 qua
1705 2183 1906 2238 mulier
1938 2181 2116 2236 ﬁdelis
2153 2183 2322 2237 habet
2351 2185 2531 2238 virum
2576 2185 2878 2248 infidelem,
2924 2192 2980 2239 et
3038 2185 3129 2238 hic
3177 2190 3297 2249 δα
3355 2184 3640 2238 consentit

346 2273 602 2330 habitare
651 2291 780 2330 cum
828 2275 943 2340 illa,
997 2291 1109 2330 non
1164 2265 1413 2330 dimittat
1440 2275 1654 2341 virum;
1708 2271 1848 2340 5,6,
1890 2272 1943 2325 7.
1979 2271 2370 2327 Sanctiﬁcatus
2427 2281 2512 2328 est
2566 2275 2716 2328 enim
2775 2275 2860 2328 vir
2898 2275 3141 2328 inﬁdelis
3186 2290 3286 2345 per
3333 2274 3635 2326 mulierem

343 2363 599 2434 ﬁdelem;
628 2368 708 2419 vel
732 2365 962 2433 contigit
989 2366 1297 2434 aliquando
1329 2367 1738 2432 sanctiﬁcatum
1765 2364 1933 2429 fuisse
1957 2362 2148 2413 virum
2177 2365 2455 2428 inﬁdelem
2487 2381 2583 2431 per
2627 2366 2926 2418 mulierem
2951 2365 3188 2432 ﬁdelem,
3220 2369 3269 2416 et
3295 2380 3319 2416 c
3346 2379 3635 2426 converso;

349 2457 407 2507 et
434 2453 783 2508 sanctiﬁcata
799 2459 886 2507 est
906 2454 1109 2508 mulier
1136 2453 1396 2521 inﬁdelis,
1421 2458 1468 2507 et
1485 2456 1706 2507 nullam
1729 2455 1790 2505 in
1816 2454 1932 2518 ejus
1950 2452 2332 2516 conjunctione
2355 2454 2780 2507 immunditiam
2805 2453 3023 2520 patitur
3045 2456 3283 2506 mulier:
3307 2469 3408 2522 per
3429 2451 3635 2520 virum,

342 2540 586 2607 ﬁdelem,
622 2543 795 2609 idest,
824 2545 886 2596 in
915 2545 1035 2596 viro
1070 2543 1258 2610 ﬁdeli;
1286 2541 1338 2597 8.
1373 2541 1644 2612 alioquin,
1676 2543 1727 2594 si
1762 2556 1872 2594 non
1897 2541 2023 2590 esset
2059 2540 2227 2606 legale
2254 2545 2706 2607 matrimonium,
2751 2542 2850 2596 ﬁlii
2889 2541 3057 2595 vestri
3103 2540 3402 2604 immundi,
3450 2543 3510 2594 id
3553 2547 3630 2595 est

336 2628 642 2698 degeneres,
667 2645 779 2685 non
808 2633 1046 2700 legitimi
1073 2635 1278 2700 essent,
1312 2629 1365 2686 9.
1391 2646 1542 2686 nunc
1571 2634 1760 2684 autem
1790 2629 1988 2693 sancti,
2026 2643 2138 2682 non
2167 2632 2470 2699 degeneres,
2507 2633 2567 2685 id
2595 2635 2690 2698 est,
2715 2633 2953 2700 legitimi
2983 2635 3134 2685 sunt.
3173 2630 3252 2687 10.
3273 2630 3434 2695 Quod
3471 2629 3554 2687 li.
3579 2631 3628 2685 si

1677 2769 2270 2827 COMMENTARIUS.

415 2914 506 2971 ηδ
544 2915 760 2972 ant.
788 2915 979 2984 Empti
1005 2917 1156 2969 enim
1183 2917 1326 2968 estis.
1350 2913 1613 2969 Probatio
1643 2915 1792 2985 quod
1829 2931 1941 2968 non
1959 2917 2008 2975 Α
2029 2917 2122 2969 lib.
2157 2916 2226 2968 De
2250 2920 2596 2982 peccatorum
2621 2918 2856 2979 meritis,
2891 2922 2936 2969 ct
2970 2918 3155 2970 remis.
3189 2916 3243 2981 3,
3277 2918 3352 2970 ad
3377 2918 3626 2985 Marcel,

342 3004 458 3060 sint
483 3004 590 3058 sui.
615 3003 770 3059 Nulli
795 3002 947 3058 enim
967 3003 1142 3076 empti
1167 3008 1301 3059 sunt
1322 3004 1442 3059 sui:
1475 3004 1533 3058 hi
1557 3009 1748 3059 autem
1769 3004 1942 3075 empti
2026 3021 2073 3057 c.
2119 3002 2196 3067 I2,
2223 3010 2360 3057 tom.
2416 3003 2561 3067 VII.)
2595 3004 2734 3059 Illud
2770 3011 2959 3058 tamen
2998 3006 3118 3059 sine
3155 3005 3504 3060 dubitatione
3551 3012 3631 3060 te-

343 3099 515 3161 sunt;
548 3105 701 3164 ergo,
734 3098 840 3148 etc.
2028 3092 2270 3145 nendum
2306 3097 2408 3156 est,
2447 3109 2791 3163 quaecunque
2832 3093 2928 3146 illa
2973 3094 3338 3148 sanctificatio
3387 3096 3480 3160 sit,
3518 3111 3629 3149 non

412 3183 502 3238 17.
529 3183 840 3250 Gtoriﬂcate
882 3186 931 3235 et
976 3187 1203 3250 portate.
1237 3181 1440 3247 Illatio,
1497 3181 1656 3251 quasi
1685 3182 1898 3236 diceret
1929 3200 1939 3234 :
2028 3181 2212 3234 valere
2232 3181 2303 3234 ad
2320 3181 2668 3236 Christianos
2698 3182 2982 3236 faciendos
3003 3189 3172 3253 atque
3193 3183 3262 3236 ad
3292 3184 3630 3238 dimittenda

343 3271 489 3336 Quia
522 3271 698 3342 empti
728 3271 883 3336 estis,
913 3269 1226 3340 gloriﬁcate
1255 3272 1434 3325 Deum
1467 3270 1528 3324 in
1557 3270 1820 3324 cordibus
1854 3287 1944 3324 ve-
2031 3278 2253 3340 peccata
2282 3292 2294 3337 ;
2341 3271 2447 3324 nisi
2493 3272 2812 3325 Christiana
2859 3273 2940 3326 vel
2994 3274 3368 3327 ecclesiastica
3409 3273 3632 3328 institu-

343 3360 514 3426 stris;
547 3359 708 3428 cujus
737 3359 882 3413 servi
903 3358 1035 3412 facti
1061 3360 1218 3414 estis.
2030 3359 2199 3425 tione,
2233 3367 2288 3413 et
2339 3361 2705 3414 sacramentis
2742 3361 3058 3415 efﬁciantur
3086 3363 3296 3415 ﬁdeles.
3337 3361 3481 3415 Nam
3526 3374 3630 3416 nec

401 3447 505 3503 18.
534 3449 783 3503 Asianos.
817 3450 1032 3502 Portate
1055 3449 1229 3502 Deum
1250 3451 1314 3501 in
1333 3461 1553 3516 corpore
1583 3453 1774 3502 vestro.
1809 3448 1944 3500 Por-
2027 3450 2293 3518 conjuges
2331 3449 2602 3514 inﬁdeles,
2632 3449 2940 3519 quamlibet
2969 3449 3174 3503 sanctis
3206 3457 3262 3504 et
3295 3451 3465 3520 justis
3494 3467 3628 3504 con-

342 3540 465 3590 tare
493 3536 673 3590 Deum
701 3541 804 3603 est,
828 3535 883 3590 in
920 3535 1086 3591 rebus
1113 3535 1256 3590 bene
1283 3537 1476 3607 gestis,
1509 3537 1813 3608 imaginem
1847 3537 1941 3591 Dei
2022 3538 2251 3608 jugibus
2281 3539 2547 3603 haereant,
2595 3539 2663 3592 ab
2707 3539 3005 3610 iniquitate
3045 3539 3409 3605 mundantur,
3442 3556 3564 3610 quae
3595 3557 3631 3594 a

342 3625 664 3682 ostendere.
2029 3643 2200 3697 regno
2234 3627 2331 3682 Dei
2359 3634 2648 3699 separatos
2687 3629 2745 3681 in
2789 3629 3208 3683 damnationem
3245 3629 3431 3683 venire
3473 3646 3627 3684 com-

413 3713 570 3769 CAP.
604 3713 731 3770 VII.
787 3715 933 3770 -1,
989 3715 1383 3773 Lanaeus.
1441 3716 1672 3770 Uxorem
1725 3717 1938 3771 habeat.
2028 3717 2203 3788 pellit.

341 3803 604 3871 Uxorem,
637 3820 748 3858 non
779 3804 914 3860 dicit
941 3805 1329 3870 concubinam,
1353 3810 1417 3858 ut
1446 3805 1516 3858 ab
1543 3805 1646 3859 hac
1665 3807 1946 3860 sententia
1996 3851 2001 3855 .
2098 3805 2149 3862 7.
2183 3811 2438 3864 AMBROS.
2469 3809 2856 3874 Sanctiﬁcatus
2881 3813 2955 3860 est
2990 3809 3099 3860 vir.
3125 3805 3346 3861 Habere
3371 3802 3628 3875 inﬁdeles

340 3890 709 3948 excludantur
746 3893 843 3964 qui
894 3893 1096 3948 divinis
1144 3894 1570 3950 auctoritatibus
1611 3912 1810 3950 uxores
1849 3897 1945 3950 ha-
2027 3894 2358 3949 beneﬁcium
2383 3895 2541 3949 bonae
2572 3894 2871 3948 voluntatis
2892 3893 3170 3959 ostendit;
3200 3896 3334 3966 quia
3355 3896 3625 3949 honorem

338 3974 476 4033 bere
499 3995 614 4034 non
635 3988 888 4053 possunt.
2025 3983 2268 4038 nominis
2304 3983 2512 4038 Christi
2568 3999 2680 4037 non
2732 3984 2981 4036 horrent.
3011 3984 3244 4053 Signum
3276 3992 3479 4039 sanctae
3503 4001 3626 4040 cru-

406 4065 668 4125 2.Suum
692 4073 903 4126 virum.
927 4072 1124 4128 Virum
1155 4073 1246 4129 hic
1274 4073 1538 4145 intelligit
1560 4074 1795 4144 legalem
1827 4091 1942 4130 ma-
2023 4072 2102 4126 cis
2139 4073 2208 4127 ad
2247 4072 2541 4128 tuitionem
2590 4078 2646 4126 et
2688 4071 3185 4126 sanctiﬁcationem
3227 4073 3457 4144 hospitii
3494 4090 3624 4146 per-

335 4155 528 4213 ritum.
561 4159 717 4216 Sicut
744 4160 806 4216 in
837 4161 1138 4234 Evangelia
1169 4183 1180 4218 :
1207 4165 1277 4218 Et
1301 4165 1390 4218 hic
1418 4181 1577 4234 quem
1607 4165 1784 4232 habes,
1830 4181 1940 4218 non
2020 4163 2182 4216 tinet.

336 4250 413 4301 est
437 4253 566 4303 tuus
594 4253 703 4308 vir.
1956 4274 2002 4333 Β
2093 4252 2144 4306 8.
2176 4253 2438 4320 Alioquin
2470 4255 2580 4318 ﬁlii
2631 4254 2814 4305 vestri.
2840 4251 3123 4306 Immundi
3162 4259 3352 4307 essent
3391 4254 3492 4308 ﬁlii
3531 4271 3620 4309 eo-

401 4333 458 4393 3.
499 4337 747 4398 Alanos.
794 4341 991 4394 Melius
1019 4346 1093 4396 est
1127 4343 1348 4395 nubere.
1389 4342 1487 4397 Uri
1535 4349 1620 4396 est
1647 4343 1938 4397 desideriis
2020 4357 2167 4405 rum,
2201 4342 2248 4395 si
2277 4341 2627 4396 dimitterent
2653 4341 2898 4395 volentes
2922 4342 3175 4397 habitare
3205 4360 3394 4398 secum
3423 4351 3480 4398 et
3495 4345 3619 4399 aliis

334 4424 428 4493 agi
460 4431 518 4478 et
543 4425 707 4492 vinci,
741 4442 868 4481 cum
910 4429 1060 4482 enim
1089 4430 1348 4485 voluntas
1377 4430 1550 4485 calori
1597 4432 1782 4486 carnis
1811 4449 1938 4486 con-
2019 4448 2079 4486 se
2117 4431 2474 4502 copularent;
2509 4436 2697 4485 essent
2723 4431 2874 4485 enim
2913 4432 3174 4499 adulteri,
3209 4438 3264 4486 et
3293 4432 3394 4487 ﬁlii
3422 4449 3619 4487 eorum

227 4535 234 4542 -
332 4513 523 4579 sentit,
583 4517 801 4583 uritur;
852 4533 984 4572 nam
1022 4520 1302 4574 desideria
1342 4523 1478 4591 pati,
1533 4526 1591 4576 et
1626 4539 1738 4576 non
1794 4523 1932 4578 vinci
2017 4521 2212 4592 spurii.

330 4601 568 4658 illustris
589 4604 692 4658 viri
714 4612 818 4659 est.
2087 4609 2121 4666 9
2148 4612 2362 4667 Lnnrn.
2395 4611 2557 4665 Nunc
2583 4614 2769 4664 autem
2798 4614 2979 4665 sancti
3008 4617 3160 4677 sunt,
3201 4611 3257 4665 id
3282 4616 3368 4666 est
3396 4612 3612 4667 mundi.

400 4690 457 4748 4.
483 4691 690 4749 Latin.
723 4695 876 4761 Quod
904 4697 955 4748 si
990 4697 1313 4751 discesserit.
1350 4697 1646 4753 Discedere
1689 4715 1801 4754 non
1841 4716 1936 4770 po-
2017 4698 2082 4753 In
2113 4717 2340 4755 causam
2371 4689 2518 4754 redit
2550 4700 2650 4770 [[2,
2681 4715 2908 4754 causam
2938 4700 3144 4771 reddit]
3174 4715 3273 4755 cur
3309 4701 3394 4754 vir
3434 4701 3614 4758 ﬁdelis

329 4784 487 4844 test,
525 4787 758 4853 excepta
823 4797 992 4838 causa
1038 4783 1443 4853 fornicationis,
1494 4803 1608 4841 non
1659 4787 1746 4857 [f.,
1800 4789 1927 4861 nisi]
2016 4790 2265 4845 mulieris
2310 4790 2568 4854 inﬁdelis,
2627 4793 2726 4843 aut
2763 4789 2968 4844 mulier
3009 4790 3189 4845 ﬁdelis
3221 4789 3326 4844 viri
3373 4791 3614 4847 inﬁdelis

326 4866 522 4940 utique
549 4869 906 4924 continenter
932 4887 998 4925 ex
1028 4887 1300 4928 consensu
1331 4874 1536 4929 vivant.
1577 4919 1580 4922 .
2014 4876 2311 4933 divortium
2345 4895 2591 4951 quaerere
2619 4893 2732 4931 non
2761 4877 2981 4934 debeat.

397 4954 450 5011 5.
478 4956 870 5025 Sanctiﬁcatus
900 4965 976 5013 est
1000 4963 1112 5027 vir,
1153 4962 1208 5015 id
1239 4969 1321 5017 est
1353 4964 1615 5030 mundus,
1641 4969 1697 5019 et
1715 4966 1928 5020 nullam
2090 4965 2170 5022 10.
2203 4970 2448 5025 Accus'r.
2477 4969 2653 5041 (epist.
2680 4964 2750 5021 89
2777 4970 3014 5035 Hilario,
3053 4972 3124 5025 ad
3157 4975 3341 5040 quaest.
3363 4969 3417 5035 4,
3458 4975 3602 5030 tom.

323 5061 389 5099 ex
418 5046 541 5115 ejus
569 5048 961 5118 conjunctione
999 5051 1201 5104 mulier
1238 5052 1655 5108 immunditiam
1692 5056 1923 5126 patitur.
2014 5051 2107 5117 Il.)
2144 5056 2359 5122 Quodsi
2387 5059 2717 5126 inﬁdelis,id
2741 5065 2845 5125 est,
2877 5059 2923 5113 si
2951 5057 3193 5113 inﬁdelis
3221 5059 3460 5114 voluerit
3489 5076 3612 5114 esse

389 5132 444 5192 6.
475 5137 726 5192 Αῠϐυετ.
750 5148 834 5202 (ea:
861 5140 1037 5194 Serm.
1066 5141 1296 5194 Domini
1319 5145 1379 5196 in
1405 5149 1605 5208 monte,
1635 5145 1671 5198 1.
1700 5161 1732 5211 ι,
1765 5163 1815 5198 c.
1845 5145 1921 5213 16,
1946 5210 1951 5214 ,
2009 5159 2133 5196 cum
2164 5147 2400 5216 conjuge
2432 5148 2596 5201 ﬁdeli.
2629 5150 3026 5221 Hic.agnoscat
3051 5148 3230 5202 ﬁdelis
3257 5165 3417 5202 suam
3440 5148 3611 5202 liber-

316 5229 456 5279 tom.
480 5224 995 5294 IV.)Sancti/icatus
1012 5234 1087 5281 est
1109 5233 1215 5285 vir.
1239 5231 1628 5286 Sanctiﬁcatus
1653 5235 1918 5302 estenim,
2009 5238 2202 5299 tatem,
2254 5250 2324 5288 ne
2356 5236 2434 5289 ita
2462 5237 2771 5309 subjectam
2804 5245 2962 5311 putet
3009 5237 3284 5302 servituti,
3319 5245 3382 5293 ut
3427 5238 3610 5309 ipsam

315 5313 519 5384 inquit,
553 5314 638 5368 vir
667 5315 911 5370 inﬁdelis
956 5316 1014 5370 in
1052 5333 1222 5372 uxore
1275 5320 1444 5383 ﬁdeli,
1479 5329 1538 5376 et
1573 5325 1916 5378 sanctiﬁcata
2003 5322 2253 5378 dimittat
2273 5326 2461 5392 ﬁdem,
2494 5344 2595 5383 nec
2616 5331 2909 5400 conjugem
2942 5328 3244 5382 inﬁdelem.

316 5409 402 5457 est
428 5403 630 5457 mulier
653 5404 896 5459 inﬁdelis
935 5406 992 5459 in
1018 5407 1190 5460 fratre
1222 5409 1390 5462 ﬁdeli.
1415 5411 1612 5476 Credo,
1631 5414 1750 5481 jam
1784 5431 1912 5484 pro-
2077 5413 2095 5465 1
2121 5423 2160 5465 I.
2191 5415 2255 5468 Si
2285 5420 2522 5482 inﬁdelis
2549 5420 2794 5483 discedit,
2831 5420 3088 5472 discedat.
3125 5418 3249 5471 Non
3278 5417 3408 5471 licet
3435 5418 3606 5472 aliam

315 5496 546 5546 venerat
589 5497 653 5546 ut
694 5495 977 5549 nonnullae
1014 5495 1234 5550 feminae
1285 5514 1384 5567 per
1426 5498 1570 5553 viros
1610 5501 1820 5566 ﬁdeles,
1853 5509 1970 5574 etC,
1999 5508 2220 5568 ducere,
2253 5506 2487 5560 dimissa
2531 5508 2700 5562 etiam
2758 5507 2973 5561 inﬁdeli
3016 5525 3028 5560 :
3076 5505 3174 5561 sed
3213 5515 3403 5561 utrum
3451 5505 3606 5561 aliud

317 5579 418 5632 viri
456 5596 556 5650 per
584 5597 782 5636 uxores
820 5584 1012 5638 ﬁdeles
1041 5585 1099 5641 in
1123 5586 1298 5640 ﬁdem
1325 5587 1598 5646 venirent.
1633 5591 1794 5661 (Ibid.
1829 5595 1910 5648 Ea
2002 5597 2254 5663 dimissa,
2286 5596 2435 5650 aliud
2466 5595 2806 5652 discedente.
