4040 6186
425 271 528 330 177

1097 272 1175 326 ΙΝ
1211 270 1278 325 D.
1321 270 1534 328 PAULI
1575 269 1796 327 EPIST.
1841 271 2210 330 COMMENT.
2251 304 2322 314 —
2360 271 2583 336 EPIST.
2622 270 2648 327 Ῑ
2684 270 2782 326 ΑΙ)
2821 269 2985 327 COR.

3577 276 3688 345 178

420 397 675 461 inﬁdelis,
701 399 790 450 vir
807 400 888 451 vel
917 398 1140 461 mulier,
1155 395 1412 461 discedit,
1437 396 1713 458 discedat;
1743 412 1856 450 non
1885 397 2037 451 enim
2066 398 2321 453 servituti
2345 396 2628 468 subjectus
2647 401 2735 452 est
2761 395 2953 464 frater,
2967 400 3069 452 aut
3087 398 3319 458 sororin
3333 398 3679 472 huiusmodi,

421 488 478 540 id
504 492 596 549 est,
631 502 739 539 non
767 488 987 554 cogitur
1016 488 1168 554 sequi
1192 488 1249 536 in
1257 487 1496 552 ﬁdelem;
1529 485 1586 538 in
1615 501 1750 556 pace
1776 490 1966 539 autem
1989 488 2204 542 vocavit
2229 505 2331 542 nos
2353 489 2518 543 Deus.
2549 487 2718 554 Quasi
2731 489 2883 554 pacis
2903 491 3091 542 autem
3107 488 3369 544 debitores
3391 506 3606 558 sumus,
3628 499 3681 548 et

419 578 531 630 ideo
552 593 659 629 non
676 576 927 628 debemus
947 591 1111 628 causa
1133 591 1238 628 esse
1252 576 1552 628 discordiae.
1578 577 1616 628 A
1630 578 1708 628 lia
1724 578 1871 628 ratio
1891 593 2002 629 cur
2016 593 2127 631 non
2148 580 2220 630 sit
2240 579 2598 645 querendum
2626 578 2951 641 divortium,
2975 576 3134 631 Unde
3152 576 3304 632 enim
3325 578 3435 634 scis
3453 582 3677 649 mulier,

417 663 462 716 si
491 663 664 718 virum
697 663 914 717 salvum
936 661 1144 716 facies?
1168 663 1283 716 Aut
1311 661 1457 716 unde
1486 661 1612 727 scis,
1638 663 1743 729 vir,
1770 663 1818 716 si
1849 663 2144 719 mulierem
2175 667 2384 720 salvam
2407 666 2615 720 facies?
2647 665 2767 719 Nisi
2790 664 3090 736 unicuique
3104 666 3250 720 sicut
3277 666 3463 724 divisit
3481 671 3674 726 Domi-

413 769 535 817 nus,
563 767 1020 822 unumquemque
1043 750 1190 805 sicut
1208 751 1424 804 vocavit
1453 751 1620 816 Deus,
1654 751 1732 805 ita
1757 751 2024 814 ambulet.
2079 752 2161 810 12.
2221 760 2279 808 et
2307 754 2452 812 sicut
2503 755 2562 808 in
2605 751 2866 807 omnibus
2897 753 3158 810 Ecclesiis
3186 755 3378 822 doceo,
3412 773 3449 810 a
3475 761 3674 814 simili.

412 842 783 896 Circumcisus
800 841 1003 912 aliquis
1023 847 1251 895 vocatus
1267 841 1386 894 est?
1406 841 1532 895 Non
1552 841 1795 895 adducat
1809 842 2164 912 praeputium,
2177 846 2311 896 nolit
2329 859 2435 896 esse
2446 844 2831 911 praputiatus.
2853 842 2914 895 In
2938 843 3211 913 praeputio
3229 845 3432 916 aliquis
3445 853 3674 904 vocatus

411 932 529 987 est?
547 933 673 986 Non
689 932 1136 986 circumcidatur.
1157 931 1517 984 Circumcisio
1539 931 1678 984 nihil
1699 937 1801 996 est,
1822 937 1879 984 et
1906 931 2241 1001 prieputium
2271 932 2410 986 nihil
2431 935 2533 992 est,
2568 929 2666 985 sed
2688 929 3001 986 observatio
3032 937 3253 988 tantum
3270 935 3668 1000 mandatorum

407 1023 518 1076 Dei.
550 1022 641 1086 13,
679 1021 763 1077 14.
799 1021 1193 1091 Unusquisque
1222 1036 1346 1086 ergo
1375 1022 1510 1088 quia
1539 1023 1917 1084 circumcisus,
1949 1025 1998 1072 et
2026 1036 2158 1084 non,
2189 1019 2246 1072 in
2281 1033 2393 1088 qua
2420 1016 2708 1070 vocatione
2753 1023 2978 1072 vocatus
3006 1023 3093 1072 est
3130 1018 3189 1072 in
3217 1036 3285 1075 ea
3311 1029 3664 1093 permaneat,

405 1112 542 1164 debet
565 1127 909 1179 permanere.
947 1111 1149 1165 Servus
1178 1110 1264 1163 15.
1291 1114 1517 1163 vocatus
1546 1109 1640 1163 es?
1670 1108 1794 1162 Non
1832 1108 1905 1162 sit
1933 1108 2035 1161 tibi
2061 1125 2228 1174 curae,
2259 1107 2358 1162 sed
2387 1111 2444 1162 et
2472 1105 2520 1158 si
2551 1111 2707 1175 potes
2735 1107 2893 1172 fuga,
2924 1109 3005 1160 vel
3043 1109 3211 1161 aliter
3235 1111 3516 1166 inhoneste
3537 1113 3659 1167 ﬁeri

406 1200 538 1254 liber
573 1199 654 1256 16.
697 1200 876 1271 magis
905 1204 1065 1254 utere
1099 1203 1212 1267 ipsa
1241 1200 1518 1252 servitute.
1545 1204 1671 1263 58
1703 1197 1786 1254 17.
1816 1197 1922 1260 Qui
1947 1197 2098 1251 enim
2143 1198 2201 1252 in
2234 1195 2490 1258 Domino,
2523 1195 2598 1247 ad
2625 1195 2787 1260 ﬁdem
2827 1195 3051 1261 Christi,
3087 1200 3311 1252 vocatus
3338 1204 3424 1254 est
3450 1216 3669 1271 servus,

405 1286 486 1342 18.
507 1287 746 1342 libertus
774 1295 856 1342 est
889 1287 1138 1354 Domini;
1165 1286 1427 1340 similiter
1451 1287 1547 1358 qui
1575 1287 1717 1341 liber
1737 1293 1962 1340 vocatus
1991 1293 2094 1351 est,
2125 1302 2317 1350 servus
2346 1289 2432 1338 est
2471 1282 2705 1338 Christi.
2743 1279 2825 1338 i9.
2861 1283 3048 1337 Pretio
3079 1285 3253 1356 empti
3283 1285 3436 1352 estis,
3471 1288 3663 1356 nolite,

403 1379 519 1433 ﬁeri
545 1376 794 1434 ‘20.servi
819 1377 1130 1441 hominum,
1166 1379 1245 1428 ita
1265 1379 1467 1429 scilicet
1496 1382 1556 1429 ut
1593 1378 1924 1444 postponatis
1946 1378 2240 1429 servitium
2261 1376 2373 1427 Dei.
2400 1371 2799 1443 Unusquisque
2825 1387 2951 1440 ergo
2973 1375 3106 1442 quia
3121 1377 3283 1441 servi,
3309 1380 3358 1428 et
3385 1377 3566 1443 liberi,
3597 1376 3657 1442 in

401 1485 504 1539 quo
534 1473 762 1541 vocatus
788 1472 892 1526 est,
920 1467 1136 1530 fratres,
1168 1465 1225 1518 in
1248 1466 1355 1519 hoc
1377 1470 1723 1536 permaneat,
1746 1465 1891 1517 debet
1910 1479 2256 1532 permanere,
2281 1460 2431 1531 apud
2459 1461 2657 1514 Deum.
2691 1461 2764 1514 De
2793 1463 3124 1528 conjugatis,
3162 1464 3367 1531 inquit,
3409 1466 3661 1533 pracepi,

402 1558 474 1610 De
499 1555 812 1626 virginibus
841 1560 1053 1619 autem,
1084 1558 1193 1607 sive
1215 1557 1373 1616 viris,
1414 1557 1524 1607 sive
1551 1556 1796 1620 feminis,
1823 1557 2162 1623 praeceptum
2185 1550 2406 1606 Domini
2435 1565 2548 1604 non
2568 1547 2766 1607 habeo,
2783 1549 3080 1612 consilium
3102 1555 3294 1609 autem
3322 1551 3413 1618 do,
3447 1555 3666 1612 miseri-

399 1647 632 1698 corditer
662 1647 900 1697 consulo.
918 1643 1005 1698 2|.
1031 1649 1303 1713 tanquam
1333 1642 1776 1696 misericordiam
1805 1643 1948 1694 hanc
1966 1645 2296 1693 consecutus
2313 1656 2347 1692 a
2368 1637 2625 1704 Domino,
2646 1643 2712 1691 ut
2738 1637 2845 1691 sim
2876 1637 3075 1701 ﬁdelis,
3104 1644 3164 1699 ut
3187 1641 3408 1696 credam
3424 1643 3487 1694 in
3505 1655 3657 1698 eum.

396 1735 662 1789 Existimo
682 1750 835 1804 ergo,
868 1740 1074 1797 autem,
1101 1734 1221 1796 hoc,
1255 1735 1656 1800 virginitatem,
1693 1732 1898 1785 bonum
1930 1746 2072 1794 esse,
2107 1727 2202 1786 2'2.
2243 1733 2472 1800 propter
2500 1729 2804 1782 instantem
2833 1728 3243 1794 necessitatem,
3289 1730 3556 1799 quoniam
3578 1735 3665 1796 est

396 1822 594 1877 bonum
629 1822 860 1886 homini,
896 1822 994 1883 sic,
1031 1824 1322 1889 virginem,
1358 1837 1499 1874 esse.
1532 1819 1621 1876 '23.
1655 1821 1931 1891 Alligatus
1953 1837 2012 1873 es
2035 1817 2238 1873 uxori?
2262 1817 2352 1872 ‘24.
2388 1817 2515 1872 Noli
2545 1833 2794 1888 quaerere
2841 1817 3198 1880 solutionem.
3233 1819 3462 1876 Solutus
3490 1836 3550 1884 es
3587 1819 3660 1876 ab

398 1929 559 1966 uxore
576 1913 603 1964 ἰ)
625 1911 753 1966 Noli
771 1927 1024 1982 quaerere
1045 1926 1292 1964 uxorem.
1317 1909 1374 1964 Si
1397 1915 1584 1964 autem
1599 1909 1879 1981 acceperis
1901 1925 2150 1972 uxorem,
2171 1923 2283 1961 non
2306 1905 2566 1978 peccasti.
2592 1904 2660 1960 Et
2677 1905 2725 1958 si
2744 1904 2998 1975 nupserit
3016 1905 3192 1975 virgo,
3215 1923 3328 1964 non
3367 1908 3616 1978 peccavit
3649 1927 3662 1963 :

396 2001 476 2054 25.
492 2001 918 2054 tribulationem
948 2005 1142 2052 tamen
1174 2000 1527 2067 temporalem
1548 1998 1732 2052 carnis
1752 1997 2041 2051 habebunt
2067 1997 2126 2048 hi
2147 1999 2248 2064 qui
2263 2001 2397 2050 sunt
2425 1994 2766 2065 hujusmodi.
2794 1991 2884 2052 26.
2911 1994 3025 2063 Ego
3067 2000 3261 2058 autem
3289 1985 3442 2058 vobis
3473 2013 3668 2071 parco,

399 2093 452 2148 id
477 2098 568 2158 est,
597 2096 776 2146 vitam
804 2096 1044 2145 vestram
1066 2090 1500 2143 misericorditer
1527 2089 1770 2156 dispono.
1796 2088 1914 2141 Hoc
1933 2086 2123 2156 itaque
2151 2085 2354 2158 (suasio
2372 2085 2447 2140 ad
2461 2085 2865 2151 virginitatem)
2891 2080 3034 2149 dico,
3058 2081 3294 2137 fratres:
3319 2081 3669 2156 27.Tempu§

1738 2291 2308 2350 COMMENTARIUS
2317 2331 2330 2344 .

457 2456 543 2514 12.
575 2459 825 2513 Asianos.
858 2459 926 2513 Et
969 2461 1112 2512 sicut
1161 2460 1224 2511 in
1262 2459 1518 2511 omnibus
1564 2456 1832 2510 Ecclesiis.
1867 2453 2050 2515 HocA
2138 2451 2225 2509 2i.
2249 2452 2461 2507 Lassa.
2493 2451 2780 2520 Tanquam
2798 2449 3262 2504 misericordiam.
3295 2448 3670 2514 Misericordi-

389 2545 524 2601 dicit
551 2553 639 2613 ut,
697 2547 832 2601 dum
895 2551 1125 2601 caeteros
1180 2547 1285 2600 hoc
1322 2545 1508 2600 doceri
1557 2544 1818 2610 audiunt,
1847 2560 1996 2636 asse-

390 2640 638 2706 quentur
667 2635 790 2706 [al..
825 2635 882 2689 id
912 2634 1269 2708 sequantur].

452 2723 540 2778 l3.
582 2724 832 2778 Ausus'r.
891 2727 976 2791 (in
1026 2726 1252 2792 eat-posit.
1306 2725 1380 2777 ad
1435 2723 1637 2788 Galat.,
1686 2725 1830 2778 tom.
1867 2721 1981 2790 IV.)

396 2813 776 2881 Unusquisque
805 2817 867 2866 in
899 2828 1027 2882 qua.
1079 2813 1196 2866 Hoc
1223 2813 1371 2866 enim
1410 2812 1480 2865 ad
1512 2828 1607 2866 eas
1635 2809 1986 2865 consuetudi—

391 2917 503 2967 nes,
527 2901 615 2955 vel
647 2901 995 2956 conditiones
1025 2902 1157 2956 tulit
1178 2900 1258 2974 [at
1291 2943 1303 2967 ,
1327 2901 1453 2956 vitae
1482 2899 1717 2970 retulit],
1743 2915 1867 2969 quae
1896 2898 1984 2952 ni-

384 2989 460 3043 hil
505 2989 720 3044 obsunt
748 2991 898 3055 ﬁdei,
953 2991 1222 3061 bonisque
1273 2989 1542 3044 moribus.
1575 2990 1700 3042 Non
1759 2989 1909 3042 enim
1936 2986 1984 3040 si

389 3078 550 3132 etiam
586 3081 734 3132 latro
765 3085 902 3141 erat,
931 3080 1164 3149 quisque
1193 3095 1319 3132 cum
1354 3084 1580 3132 vocatus
1609 3083 1712 3143 est,
1744 3075 1910 3130 debet
1927 3074 1984 3128 in

389 3165 679 3221 latrocinio
711 3184 1058 3238 permanere.

453 3255 534 3311 14.
562 3257 770 3310 Lssrn.
808 3259 1186 3327 Unusquisque
1230 3261 1292 3311 in
1341 3273 1472 3326 qua,
1528 3260 1633 3308 etc.
1668 3253 1982 3325 Unusquis-

386 3359 504 3412 que,
539 3344 748 3414 inquit,
802 3361 914 3415 qua
963 3346 1250 3399 vocatione
1300 3351 1524 3398 vocatus
1554 3347 1640 3397 est
1666 3343 1734 3395 ad
1789 3343 1976 3407 ﬁdem,

383 3431 544 3486 debet
591 3433 921 3498 ambulare;
983 3451 1110 3487 nam
1162 3433 1542 3497 circumcisus,
1600 3431 1657 3485 in
1696 3430 1980 3484 circumci-

380 3519 531 3574 sione
558 3521 634 3574 ad
658 3521 824 3574 ﬁdem
853 3527 1095 3582 vocatus,
1127 3539 1236 3575 non
1286 3521 1452 3576 debet
1510 3520 1657 3574 nolle
1687 3519 1982 3574 circumci—

381 3624 470 3662 sus
498 3610 680 3663 fuisse
707 3628 719 3674 ;
753 3611 832 3663 sic
861 3616 920 3664 et
951 3611 1333 3682 praeputiatus,
1368 3609 1500 3680 quia
1523 3607 1867 3663 circumcisio
1897 3609 1981 3661 vel

2074 2546 2181 2602 ter,
2209 2540 2412 2612 inquit,
2445 2537 2834 2610 consulo,quia
2861 2536 3006 2591 hanc
3021 2535 3463 2601 misericordiam
3493 2556 3527 2607 θ
3555 2540 3670 2604 Deo

2075 2634 2408 2684 consecutus
2435 2645 2582 2695 sum,
2612 2627 2869 2682 videlicet
2896 2629 2961 2680 ut
2987 2625 3046 2680 in
3061 2642 3191 2686 eum
3219 2628 3466 2692 credam.

2145 2717 2232 2775 22.
2268 2721 2494 2786 Propter
2513 2720 2814 2771 instantem
2831 2717 3218 2770 necessitatem.
3242 2717 3554 2783 Instantem
3576 2736 3671 2786 ne-

2067 2808 2387 2862 cessitatem
2411 2811 2574 2863 vocat
2601 2805 2895 2877 penuriam
2925 2804 3094 2874 hujus
3123 2807 3329 2873 saeculi,
3360 2825 3529 2879 quam
3558 2809 3665 2864 fre-

2067 2903 2306 2969 quenter
2331 2896 2626 2967 patiuntur
2651 2896 2937 2966 conjugati
2961 2913 3062 2968 pro
3087 2896 3217 2952 ﬁliis
3246 2901 3303 2952 et
3327 2897 3550 2953 ﬁliabus
3565 2915 3670 2962 nu-

2066 2987 2320 3047 triendis,
2347 3002 2446 3056 pro
2472 3001 2532 3038 se
2561 2984 2796 3038 invicem
2813 2987 3215 3052 sustentandis,
3238 2991 3468 3058 propter
3496 3003 3669 3056 quam

2068 3074 2372 3140 vitandam,
2405 3073 2613 3129 bonum
2643 3090 2764 3133 esse
2792 3074 2927 3130 dicit
2953 3075 3190 3140 homini,
3241 3075 3363 3130 sine
3404 3076 3663 3146 conjugio

2067 3181 2208 3220 esse.
2239 3164 2337 3216 Est
2365 3162 2590 3233 quidem
2645 3163 2874 3218 castitas
2924 3164 3198 3220 servanda
3226 3169 3456 3235 propter
3493 3164 3664 3219 vitam

2067 3259 2363 3313 aeternam;
2395 3251 2492 3306 sed
2520 3252 2762 3308 inﬁrmis
2805 3253 3130 3310 doctoribus
3181 3253 3467 3308 inﬁrmam
3495 3252 3664 3310 ratio-

2063 3358 2191 3396 nem
2219 3341 2533 3412 praetendit.

2135 3430 2223 3485 23.
2247 3431 2523 3497 Alligatus
2543 3446 2593 3484 es
2617 3432 2818 3484 uxori?
2856 3430 2940 3486 Ne
2961 3429 3195 3490 laudata
3212 3431 3487 3499 castitate,
3523 3447 3659 3500 um-

2063 3537 2184 3574 rem
2214 3518 2419 3589 aliquis
2447 3518 2613 3572 vellet
2640 3518 2941 3581 dimittere,
2970 3520 3075 3575 hoc
3099 3519 3412 3590 subjungit.
3497 3541 3521 3549 ··

2133 3609 2221 3665 24.
2255 3611 2384 3663 Noli
2405 3623 2646 3677 quaerere
2666 3623 2912 3663 umorem.
2947 3609 3054 3673 Qui
3072 3625 3186 3664 non
3215 3607 3389 3663 habet
3410 3625 3659 3678 uxorem,

380 3698 715 3768 praeputium
748 3700 886 3753 nihil
920 3700 1064 3754 valet
1094 3700 1163 3754 ad
1196 3698 1600 3752 beatitudinem
1659 3713 2017 3772 promerent
2063 3715 2177 3752 non
2205 3697 2374 3772 debet
2401 3712 2652 3767 quaerere
2683 3701 2746 3750 ut
2773 3696 2992 3752 habeat.
3016 3697 3163 3752 Nam
3191 3696 3288 3769 qui
3310 3697 3519 3754 habent
3542 3703 3665 3764 tan-

381 3785 521 3838 dam.
556 3786 724 3840 Valet
752 3788 900 3841 enim
928 3789 1107 3842 solum
1171 3787 1526 3842 observantia
1586 3771 2041 3840 mandatorumB
2065 3804 2234 3859 quam
2265 3803 2376 3840 non
2393 3785 2664 3840 habentes
2691 3801 2815 3840 esse
2842 3784 3066 3842 debent.
3093 3788 3162 3855 (A
3180 3787 3376 3856 simili)
3399 3787 3505 3852 Qui
3523 3789 3660 3850 ﬂent

381 3873 498 3929 Dei.

451 3962 529 4018 15.
565 3965 774 4019 Servus
804 3972 1023 4019 vocatus
1035 3974 1121 4019 es?
1152 3967 1205 4019 id
1229 3973 1336 4028 est,
1360 3982 1458 4037 per
1487 3965 1627 4018 alias
1646 3968 1836 4036 partes
1867 3980 1980 4017 ser-

381 4068 474 4105 vus
500 4059 736 4107 vocatus
767 4054 836 4106 ad
889 4055 1075 4118 ﬁdem,
1140 4056 1281 4108 nolit
1319 4055 1439 4109 ﬁeri
1489 4053 1662 4120 liber;
1706 4059 1792 4107 est
1829 4051 1977 4106 enim

381 4140 514 4195 liber
547 4160 559 4196 :
587 4141 667 4196 Et
692 4142 790 4195 Dei
825 4141 965 4196 liber
1019 4149 1244 4197 vocatus
1298 4144 1368 4197 ad
1427 4144 1613 4208 ﬁdem,
1672 4142 1813 4196 nolit
1858 4141 1979 4194 ﬁeri

378 4247 593 4297 servus;
629 4237 716 4285 est
739 4232 886 4285 enim
920 4249 1130 4298 servus,
1161 4233 1293 4303 quia
1325 4233 1550 4297 Christi,
1585 4249 1713 4287 nam
1746 4232 1866 4300 ejus
1895 4237 1978 4286 est

379 4320 687 4389 emptitius.

444 4403 526 4462 16.
563 4410 741 4475 Magis
772 4414 939 4462 utere.
968 4409 1244 4464 Servitute
1268 4409 1538 4464 utendum
1566 4410 1823 4481 imperat,
1842 4409 1973 4480 quia

377 4501 580 4562 quanto
603 4497 730 4566 quis
759 4504 988 4567 propter
1015 4490 1189 4551 Deum
1216 4498 1534 4569 despectior
1555 4504 1641 4552 est
1668 4498 1726 4552 in
1748 4498 1852 4551 hoc
1870 4513 1973 4551 sae-

376 4585 513 4646 culo,
536 4593 698 4640 tanto
730 4587 907 4657 magis
939 4587 1272 4641 exaltabitur
1302 4589 1359 4641 in
1388 4588 1595 4642 futuro.

445 4674 526 4727 l7.
558 4677 667 4743 Qui
693 4679 844 4729 enim
875 4681 937 4730 in
968 4679 1198 4731 Domino
1247 4684 1483 4732 vocatus.
1518 4678 1682 4731 Ratio
1712 4694 1813 4732 cur
1857 4693 1969 4732 non

375 4760 573 4817 debeat
600 4781 722 4818 esse
751 4781 918 4828 curse,
948 4766 994 4819 si
1025 4783 1218 4820 servus
1250 4771 1476 4821 vocatus
1506 4773 1610 4820 est.

443 4848 525 4906 18.
564 4854 810 4906 Libertus
831 4860 902 4907 est
930 4855 1170 4919 Domini,
1197 4855 1249 4908 id
1273 4860 1375 4921 est,
1412 4854 1643 4909 libertus
1661 4854 1882 4909 Domini
1911 4860 1969 4908 et

2062 3883 2332 3946 tanquam
2360 3890 2472 3928 non
2497 3874 2698 3928 ﬂentes
2727 3890 2848 3928 esse
2893 3873 3121 3930 debent.
3179 3876 3272 3934 Sic
3317 3876 3386 3932 de
3431 3876 3662 3948 reliquis

2062 3970 2250 4036 posset
2281 3963 2614 4017 concludere
2647 3981 2658 4015 :
2702 3962 2848 4033 Ergo
2893 3963 3026 4034 quia
3082 3964 3294 4020 habens
3321 3963 3494 4021 debet
3515 3982 3660 4034 esse,

2063 4053 2223 4125 quasi
2238 4069 2353 4107 non
2378 4051 2627 4118 habens;
2663 4051 2757 4122 qui
2794 4068 2906 4106 non
2938 4052 3106 4107 habet
3146 4070 3396 4124 quaerere
3427 4071 3539 4110 non
3570 4055 3662 4110 de-

2064 4143 2172 4198 bet.
2206 4143 2325 4196 Hoc
2355 4145 2441 4196 est
2491 4141 2673 4194 dicere
2719 4140 3179 4211 aequipollenter:
3227 4159 3360 4212 ergo
3391 4143 3514 4221 volo
3563 4159 3658 4198 vos

2061 4249 2182 4286 esse
2197 4231 2318 4286 sine
2343 4246 2547 4296 uxore;
2571 4246 2702 4284 nam
2737 4229 2857 4283 volo
2876 4246 2971 4284 vos
2990 4245 3112 4286 esse
3135 4229 3254 4284 sine
3282 4231 3658 4296 sollicitudine

2052 4323 2261 4380 saeculi.
2295 4319 2455 4384 Quod
2483 4317 2702 4389 probat,
2733 4318 2782 4374 si
2808 4319 2933 4391 quis
2966 4319 3088 4374 sine
3117 4336 3290 4376 uxore
3327 4326 3413 4376 est
3449 4324 3657 4389 (causa)

2053 4414 2176 4469 sine
2207 4407 2584 4464 sollicitudine
2617 4412 2720 4474 est,
2753 4412 2890 4464 tunc
2917 4423 3044 4468 cum
3074 4408 3240 4464 velim
3272 4425 3366 4471 vos
3395 4426 3518 4466 esse
3531 4410 3654 4478 sine

2056 4516 2252 4564 uxore,
2299 4498 2423 4552 volo
2465 4513 2562 4551 vos
2588 4512 2709 4552 esse
2738 4495 2860 4551 sine
2889 4497 3267 4554 sollicitudine
3293 4499 3480 4563 saeculi
3505 4519 3518 4565 ;
3553 4501 3653 4557 sed

2051 4590 2146 4660 qui
2177 4594 2263 4642 est
2295 4587 2416 4641 sine
2447 4601 2638 4648 uxore,
2681 4588 2766 4639 est
2818 4584 2938 4640 sine
2982 4585 3394 4655 sollicitudine;
3428 4593 3651 4656 tantum

2051 4679 2200 4733 enim
2222 4683 2308 4732 est
2337 4674 2607 4730 sollicitus
2637 4690 2760 4744 qua:
2780 4673 3009 4729 Domini
3037 4681 3202 4743 sunt;
3226 4692 3359 4731 nam
3388 4683 3476 4740 est
3501 4679 3652 4745 solli-

2052 4769 2195 4823 citus
2229 4764 2508 4837 quomodo
2538 4764 2759 4835 placeat
2781 4764 2914 4819 Deo.

2119 4855 2207 4910 Q5.
2241 4857 2484 4908 AMBBOS.
2514 4853 2953 4908 Tribulationem
2993 4856 3201 4916 carnis.
3233 4853 3647 4924 Tribulationes

370 4953 558 4993 servus
579 4941 786 4995 Christi
811 4961 824 5008 ;
852 4943 948 4996 sed
989 4944 1280 4997 honestius
1309 4945 1635 4998 vocabulum
1670 4960 1827 4998 servo
1870 4944 1968 4997 tri-
2047 4948 2184 4999 sunt
2209 4941 2456 5014 gemitus
2486 4940 2716 5007 ventris,
2751 4941 3102 4997 nutrimenta
3131 4942 3376 5005 ﬁliorum
3407 4951 3463 5010 et
3491 4947 3648 5004 simi-

367 5022 508 5089 buit,
532 5028 666 5097 quia
683 5029 828 5082 servi
851 5029 1179 5083 vocabulum
1211 5037 1296 5086 est
1326 5031 1695 5086 inhonestius.
2047 5034 2141 5088 lia.

443 5114 526 5168 19.
561 5117 810 5170 ΑΜΒΒΟΘ.
857 5121 1034 5171 Pretio
1083 5123 1255 5187 empti
1300 5124 1443 5173 estis.
1481 5121 1632 5175 Servi
1679 5111 2026 5188 hominumC
2121 5121 2209 5178 ‘26.
2245 5124 2351 5190 Ego
2405 5125 2593 5175 autem
2639 5121 2785 5174 vobis
2823 5136 3013 5190 parco.
3047 5121 3254 5188 Parcit,
3282 5125 3547 5195 quoniam
3577 5127 3650 5186 ad

369 5210 517 5267 sunt,
548 5205 643 5274 qui
689 5206 950 5259 humanis
999 5223 1058 5260 se
1096 5207 1401 5277 subjiciunt
1452 5209 1962 5279 superstitionibus.
2050 5212 2169 5265 haec
2199 5215 2461 5282 provocat
2489 5227 2613 5281 quae
2642 5209 3036 5264 tribulationos
3081 5213 3266 5266 carnis
3295 5219 3352 5267 et
3378 5214 3649 5270 sollicitu-

370 5289 646 5357 Hocdicit,
669 5294 798 5363 quia
822 5294 877 5347 in
899 5295 1080 5365 capite
1102 5296 1360 5366 Epistolae
1380 5298 1776 5368 reprzehendit,
1819 5299 1963 5368 quod
2049 5301 2209 5354 dines
2240 5306 2578 5354 memoratas
2599 5299 2916 5353 excludunt.
2942 5300 3136 5354 Potest
3159 5307 3215 5355 et
3235 5301 3315 5355 sic
3334 5302 3508 5362 videri
3525 5321 3652 5375 par-

367 5379 620 5434 dicerent
651 5400 662 5434 :
697 5384 805 5450 Ego
830 5400 952 5437 sum
983 5387 1168 5451 Pauli,
1203 5392 1308 5439 etc.
2049 5407 2192 5455 cere,
2229 5405 2356 5444 cum
2388 5387 2682 5460 permittit,
2724 5393 2780 5441 et
2834 5404 2946 5443 non
2977 5389 3310 5448 contradicit
3336 5392 3648 5454 volentibus

431 5466 520 5523 20.
556 5468 710 5526 Servi
736 5474 1048 5528 hominum.
1099 5475 1186 5530 Ita
1231 5476 1445 5534 scilicet
1499 5482 1561 5532 ut
1606 5485 1953 5550 postponens
2053 5481 2199 5554 quod
2232 5497 2530 5536 onerosum
2563 5477 2824 5536 ostendit.

372 5559 659 5616 servitium
689 5562 809 5617 Dei.
2120 5567 2213 5628 27.
2253 5573 2477 5642 Tempus
2509 5572 2659 5625 breve
2685 5571 2783 5623 est.
2808 5566 2952 5632 Quia
2975 5567 3106 5633 ﬁnis
3150 5569 3207 5626 in
3255 5572 3508 5645 proximo
3536 5580 3642 5644 est,
