4008 6186
370 304 482 372 ’179
1126 304 1129 305 ⁷
1354 313 1417 370 Β.
1460 308 1876 372 LANFRANCI
1914 313 1981 370 Cl

2081 314 2276 372 ['UAR.
2321 314 2660 373 ARGHIEP.
3541 320 3641 380 180

374 442 527 496 enim
546 426 714 494 breve
733 428 850 506 est;
879 437 970 496 28.
996 438 1279 510 reliquum
1300 444 1407 508 est,
1428 444 1802 509 consequitur,
1824 443 1890 494 ut
1908 442 1966 492 et
1992 438 2088 509 qui
2111 438 2322 494 habent
2340 456 2564 506 uxores,
2589 446 2859 512 tanquam
2890 459 3003 498 non
3022 443 3293 500 habentes
3315 445 3456 514 sint;
3480 443 3569 503 29.
3585 449 3643 501 et

336 564 341 569 -
377 529 475 603 qui
503 529 658 583 flent.
678 533 951 609 tanquam
976 543 1089 581 non
1109 528 1308 582 flentes
1332 546 1345 596 ;
1369 533 1426 582 et
1456 529 1551 600 qui
1580 529 1851 600 gaudent,
1872 533 2142 599 tanquam
2164 545 2276 584 non
2295 530 2607 600 gaudentes
2630 548 2643 597 ;
2668 535 2726 584 et
2745 531 2840 601 qui
2868 540 3363 606 emunt,tanquam
3385 552 3497 590 non
3515 552 3642 606 pos-

373 619 662 687 sidentes;
694 621 755 671 et
777 617 873 688 qui
903 621 1143 671 utuntur
1161 617 1267 672 hoc
1291 619 1522 682 mundo,
1551 624 1823 690 tanquam
1855 633 1965 672 non
2000 623 2237 673 utantur
2266 637 2277 673 :
2314 616 2404 684 30,
2437 616 2525 675 3i.
2567 619 2820 690 praeterit
2846 622 2993 675 enim
3014 626 3183 691 (ratio
3204 640 3306 678 cur
3328 641 3390 679 ea
3416 641 3535 693 qua:
3557 641 3646 678 su-

371 712 569 780 perius
597 709 746 760 dicta
764 710 916 771 sunt,
945 710 1106 775 quasi
1130 722 1246 761 non
1272 710 1407 773 sint,
1440 709 1767 762 aestimanda
1790 712 1943 772 sunt)
1969 708 2153 778 ﬁgura
2176 707 2347 778 hujus
2367 708 2580 763 mundi.
2604 709 2744 763 Volo
2773 715 2960 765 autem
2991 729 3088 767 vos
3125 714 3247 768 sine
3275 713 3648 768 sollicitudine

377 799 568 863 saeculi
586 810 726 850 esse.
760 794 867 858 Qui
896 794 1019 849 sine
1037 810 1210 850 uxore
1241 799 1345 861 est,
1359 795 1631 850 sollicitus
1659 800 1746 849 est
1775 812 1897 866 qum
1922 795 2147 851 Domini
2177 801 2328 863 sunt,
2361 796 2640 867 quomodo
2680 798 2898 868 placeat
2930 800 3062 854 Deo.
3096 801 3203 865 Qui
3232 807 3437 865 autem,
3473 804 3643 866 enim,

379 900 507 940 cum
536 899 708 939 uxore
728 889 833 948 est,
863 883 1133 938 sollicitus
1159 888 1246 938 est
1273 900 1396 955 quae
1416 890 1548 939 sunt
1575 884 1791 951 mundi,
1834 884 2113 956 quomodo
2152 884 2372 954 placeat
2398 884 2576 949 uxori,
2610 891 2668 939 et
2696 886 2907 942 divisus
2937 893 3040 942 est.
3076 890 3234 944 Ratio
3251 906 3355 943 cur
3384 894 3643 944 mulieres

377 977 500 1030 sine
528 976 650 1027 viro
668 989 774 1027 esse
796 975 1042 1027 debeant.
1077 972 1146 1027 Et
1173 973 1378 1027 mulier
1404 973 1663 1045 innupta.
1698 980 1756 1028 et
1784 973 1961 1043 virgo,
1993 973 2207 1043 cogitat
2225 989 2351 1044 quae
2379 974 2601 1028 Domini
2627 981 2777 1040 sunt,
2790 981 2855 1030 ut
2883 976 2957 1030 sit
2982 982 3178 1031 sancta
3196 994 3427 1049 corpore
3455 984 3511 1032 et
3528 982 3645 1049 spi-

378 1063 512 1118 ritu.
542 1063 678 1127 Quae
701 1066 891 1116 autem
919 1067 1098 1133 nupta
1116 1066 1219 1128 est,
1254 1063 1464 1133 cogitat
1492 1079 1614 1134 quae
1641 1067 1772 1118 sunt
1802 1060 2018 1127 mundi,
2053 1062 2333 1132 quomodo
2362 1063 2581 1133 placeat
2606 1064 2742 1118 viro.
2774 1064 2948 1118 Porro
2978 1066 3083 1120 hoc
3107 1067 3178 1120 ad
3202 1066 3498 1121 utilitatem
3521 1083 3646 1120 ves-

377 1156 526 1207 tram
556 1151 700 1217 dico,
733 1149 821 1206 3‘2.
852 1167 966 1204 non
993 1156 1059 1204 ut
1088 1152 1354 1222 laqueum
1383 1151 1538 1207 vobis
1566 1151 1837 1222 injiciam,
1872 1166 1985 1204 non
2014 1154 2073 1203 ut
2099 1153 2163 1204 in
2177 1153 2370 1219 pejora
2399 1167 2488 1206 vos
2510 1154 2623 1206 labi
2648 1154 2878 1220 faciam,
2900 1155 3035 1207 dum
3073 1158 3503 1209 matrimonium
3532 1157 3648 1209 dis-

375 1241 602 1306 suadeo,
628 1238 715 1297 33.
738 1239 837 1294 sed
866 1238 938 1293 ad
957 1239 1035 1304 id,
1059 1238 1208 1310 quod
1236 1240 1536 1295 honestum
1570 1246 1676 1304 est,
1698 1256 1888 1293 moneo
1917 1255 2025 1304 vos,
2068 1242 2122 1293 et
2153 1238 2304 1309 quod
2332 1239 2656 1294 facultatem
2686 1239 2934 1311 praebeat
2962 1241 3082 1297 sine
3110 1242 3515 1314 impedimento
3536 1243 3645 1297 Do~

378 1329 598 1384 minum
636 1327 982 1395 obsecrandi,
1008 1330 1069 1383 id
1090 1334 1185 1395 est,
1214 1331 1507 1384 serviendi.
1543 1328 1630 1386 34.
1670 1330 1730 1384 Si
1762 1328 1885 1399 quis
1927 1326 2013 1384 35.
2046 1331 2236 1382 autem
2271 1331 2517 1399 turpem,
2550 1332 2919 1396 in/amem,se
2953 1331 3133 1385 videri
3163 1331 3455 1386 existimat
3481 1347 3650 1402 super

376 1418 613 1489 virgine,
631 1419 771 1485 ﬁlia,
795 1433 917 1483 sua,
949 1416 1098 1488 quod
1129 1417 1204 1472 sit
1230 1418 1614 1489 superadulta,
1648 1422 1706 1472 et
1734 1418 1815 1471 ita
1843 1421 2065 1489 oportet
2088 1416 2235 1478 fieri,
2265 1419 2400 1485 quia
2430 1420 2585 1485 virgo
2600 1420 2907 1472 castitatem
2926 1435 3147 1474 servare
3168 1437 3281 1474 non
3307 1424 3455 1486 vult;
3491 1419 3637 1490 quod

376 1506 496 1561 vult
525 1504 711 1569 faciat,
743 1501 830 1560 36.
863 1521 987 1573 ergo
1011 1509 1092 1560 vel
1118 1511 1297 1575 pater,
1330 1510 1413 1560 vel
1442 1509 1561 1576 ipsa
1583 1509 1703 1574 ﬁlia
1736 1522 1848 1561 non
1881 1509 2091 1576 peccat,
2123 1505 2172 1558 si
2196 1503 2390 1559 nubat.
2417 1504 2509 1559 Sic
2535 1507 2599 1559 de
2620 1510 2740 1570 ista,
2775 1522 2909 1561 nam
2938 1509 3003 1561 de
3026 1511 3139 1562 alio
3173 1511 3360 1563 aliter.
3386 1509 3529 1563 Nam
3552 1509 3647 1578 qui

372 1595 574 1650 statuit
598 1594 657 1649 in
677 1594 843 1649 corde
872 1609 974 1648 suo
1002 1595 1216 1660 ﬁrmus,
1241 1611 1353 1650 non
1371 1595 1583 1650 habens
1601 1595 1994 1650 necessitatem
2013 1594 2159 1647 hanc
2170 1598 2231 1646 ut
2251 1595 2371 1660 ﬁlia
2388 1595 2578 1658 nubat,
2599 1597 2698 1662 qui
2719 1598 2998 1649 continere
3011 1599 3284 1663 noluerit;
3309 1580 3646 1667 potestatem

377 1689 566 1740 autem
595 1683 808 1738 habens
833 1699 948 1738 suae
965 1683 1289 1751 voluntatis,
1316 1690 1379 1739 ut
1408 1687 1564 1753 virgo
1592 1686 1783 1750 nubat,
1816 1687 1897 1738 vel
1928 1699 2058 1744 non,
2093 1686 2149 1735 et
2181 1682 2284 1735 hoc
2303 1681 2578 1751 judicavit
2604 1682 2663 1736 in
2690 1683 2859 1738 corde
2879 1700 3002 1749 suo,
3032 1686 3237 1739 scilicet
3280 1700 3506 1740 servare
3538 1684 3646 1738 vir-

373 1772 565 1845 ginem
593 1788 776 1838 suam,
805 1770 947 1826 bene
976 1772 1125 1826 facit.
1159 1773 1341 1844 Igitur
1368 1778 1425 1828 et
1445 1772 1542 1844 qui
1569 1772 1931 1828 matrimonio
1953 1769 2145 1841 jungit
2170 1769 2442 1840 virginem
2473 1788 2654 1837 suam,
2710 1772 2854 1827 bene
2891 1774 3043 1840 facit,
3081 1779 3140 1828 et
3167 1774 3264 1846 qui
3292 1791 3405 1830 non
3429 1774 3639 1845 jungit,

381 1861 540 1928 bene;
572 1876 707 1915 nam
734 1861 935 1915 melius
961 1861 1113 1915 facit.
1142 1863 1420 1917 Dissuasio
1447 1879 1482 1917 a
1505 1864 1889 1917 matrimonio.
1922 1859 2125 1914 Mulier
2165 1859 2394 1930 alligata
2448 1866 2533 1913 est
2560 1860 2692 1930 legi,
2723 1864 2929 1916 scilicet
2953 1867 3229 1927 maritali,
3259 1871 3469 1934 quanto
3501 1871 3648 1919 tem-

378 1964 517 2021 pore
538 1948 623 2002 vir
636 1950 757 2020 ejus
776 1949 942 2017 vivit;
973 1950 1121 2021 quod
1141 1950 1188 2005 si
1201 1951 1495 2005 dormierit
1513 1955 1686 2005 morte
1704 1948 1789 2003 vir
1808 1949 1856 2019 ej
1865 1965 1949 2009 us,
1974 1948 2209 2001 liberata
2233 1952 2353 2015 est;
2386 1948 2474 2003 cui
2504 1948 2622 2003 vult
2650 1948 2844 2015 nubat,
2867 1955 3090 2006 tantum
3110 1951 3168 2006 in
3187 1952 3443 2019 Domino,
3464 1955 3651 2022 legali-

383 2042 486 2094 ter.
516 2037 745 2091 Bcatior
770 2042 961 2092 autem
987 2037 1096 2092 erit
1119 2038 1168 2092 si
1197 2038 1296 2104 sic,
1327 2041 1447 2093 sine
1474 2041 1615 2102 viro,
1648 2034 2023 2110 permanserit
2042 2036 2351 2091 secundum
2376 2053 2568 2092 meum
2596 2038 2892 2094 consilium
2922 2058 2934 2093 :
2968 2039 3057 2097 37.
3089 2045 3226 2111 puto
3251 2046 3439 2096 autem
3472 2043 3553 2112 (ut
3565 2057 3651 2097 ao-

383 2128 699 2197 quiescatur
716 2127 944 2181 consilio
964 2127 1143 2198 illius)
1180 2127 1331 2201 quod
1359 2132 1416 2183 et
1444 2143 1548 2198 ego
1573 2126 1847 2202 Spiritum
1872 2122 1977 2180 Dei
2000 2122 2240 2179 habeam
2255 2168 2268 2182 .

1726 2300 2314 2360 COMMENTARIUS.

385 2485 521 2542 dicit
552 2500 666 2542 non
694 2485 897 2542 debere
925 2487 994 2542 ad
1012 2488 1399 2559 generandum
1427 2486 1692 2543 sollicitos
1717 2500 1840 2541 esse
1864 2503 1876 2533 :
1918 2483 2046 2547 οιΑ
2073 2486 2146 2539 ad
2168 2485 2226 2539 id
2244 2486 2387 2555 quod
2409 2485 2698 2541 honestum
2731 2491 2824 2540 est.
2864 2485 3003 2541 Cum
3034 2485 3116 2539 ait
3146 2503 3159 2538 :
3185 2485 3289 2541 Sed
3309 2487 3383 2541 ad
3425 2488 3486 2541 id
3510 2490 3655 2557 quod

387 2577 485 2650 qui
509 2578 666 2643 ﬂent,
694 2583 966 2651 tanquam
1007 2594 1121 2634 non
1170 2581 1369 2634 flentes
1417 2578 1549 2646 sint,
1581 2578 1821 2634 scientes
1851 2591 1980 2630 mox
2072 2577 2358 2630 honestum
2372 2581 2466 2631 est.
2485 2575 2609 2630 Non
2631 2575 3053 2629 matrimonium
3065 2580 3231 2647 turpe
3246 2592 3366 2630 esse
3386 2575 3649 2643 ostendit;

386 2667 827 2724 consolationem
847 2684 1042 2723 eorum
1093 2669 1383 2736 futuram;
1431 2672 1489 2722 et
1511 2667 1608 2739 qui
1630 2668 1691 2722 in
1718 2663 1981 2739 praesenti
2063 2656 2161 2719 s'ed
2190 2664 2338 2734 quod
2367 2670 2490 2718 erat
2538 2665 2773 2720 honesto
2824 2665 2945 2735 [al.,
2978 2664 3300 2736 honestum]
3342 2665 3651 2732 honestius,

385 2756 656 2828 gaudent,
673 2757 853 2813 sciant
879 2774 1005 2813 mox
1033 2758 1247 2813 luctum
1271 2758 1547 2813 futurum.
2061 2742 2342 2825 generalis
2366 2753 2586 2808 honesti
2617 2754 2843 2810 nomine
2869 2754 3297 2808 commendavit.

457 2843 547 2902 28.
583 2846 794 2903 Lmen.
826 2848 1118 2917 Reliquum
1164 2853 1259 2902 est.
1312 2846 1476 2913 Quia,
1506 2846 1711 2918 inquit,
1757 2852 1981 2920 tempus

386 2933 553 2990 breve
577 2940 679 3002 est,
730 2936 1093 3008 consequitur
1116 2940 1182 2991 ut
1210 2934 1481 3007 quidquid
1536 2935 1595 2990 in
1631 2936 1737 2991 hoc
1781 2939 1983 2993 saeculo

389 3024 505 3079 sive
539 3041 891 3097 prosperum,
920 3026 1035 3080 sive
1086 3026 1382 3080 adversum
1430 3020 1671 3080 videtur
1701 3042 1839 3091 esse,
1883 3044 1984 3099 pro

389 3103 667 3186 parvitate
693 3116 966 3187 temporis
990 3115 1177 3187 potius
1205 3114 1460 3169 videatur
1486 3131 1600 3169 non
1621 3131 1763 3171 esse.

463 3200 554 3258 99.
581 3203 828 3259 Ληουεῖ.
853 3207 938 3269 (in
952 3220 1128 3272 cmpos.
1146 3207 1519 3267 Psal.cxr.vn,
1545 3208 1680 3258 tom.
1712 3204 1886 3265 VIII).
1918 3205 1983 3257 Et

389 3293 491 3360 qui
517 3294 669 3361 ﬂent.
691 3292 956 3363 Quisquis
976 3297 1163 3347 autem
1185 3291 1300 3347 sive
1325 3292 1652 3359 manducat,
1674 3291 1789 3346 sive
1819 3290 1980 3359 bibit,

391 3379 509 3434 sive
529 3379 683 3434 aliud
712 3380 920 3450 aliquid
966 3380 1103 3450 agit,
1134 3381 1326 3434 omnia
1351 3379 1409 3434 in
1435 3380 1674 3450 gloriam
1701 3379 1802 3434 Dei
1828 3380 1977 3434 facit.

391 3471 522 3534 59
548 3467 619 3522 Et
640 3467 688 3522 si
715 3467 903 3539 aliqua
930 3468 1162 3523 tristitia
1194 3473 1280 3523 est
1303 3468 1374 3523 de
1401 3468 1571 3523 rebus
1603 3467 1981 3535 saecularibus,

394 3555 475 3611 sic
496 3556 631 3611 fleat
656 3560 722 3611 ut
740 3556 894 3612 intus
922 3573 1020 3629 spe
1046 3557 1309 3627 gaudeat.
1345 3557 1413 3611 Et
1459 3556 1507 3612 si
1561 3556 1750 3628 aliqua
1792 3556 1989 3611 laetitia

396 3649 484 3700 est
510 3645 567 3700 in
597 3645 765 3701 rebus
784 3644 1162 3710 saecularibus,
1190 3646 1271 3700 sic
1297 3646 1544 3717 gaudeat
1568 3651 1634 3700 ut
1688 3646 1839 3700 intus
1866 3645 1981 3717 spi-

2135 2841 2224 2896 34.
2257 2844 2461 2897 Lmen.
2497 2843 2562 2900 Si
2584 2846 2708 2912 quis
2746 2850 2953 2909 autem,
2986 2848 3092 2899 etc.
3136 2843 3281 2908 Quia
3307 2841 3657 2914 superiusad

2065 2931 2445 3002 virginitatem
2494 2936 2768 2995 suaserat,
2800 2949 2872 2986 ne
2926 2932 3052 3003 quis
3091 2937 3316 3003 putaret
3368 2937 3657 3003 peccatum

2066 3020 2210 3074 forte
2244 3018 2338 3093 [f.,
2372 3021 2534 3092 fore],
2566 3022 2614 3075 si
2669 3020 2844 3074 ﬁliam
2901 3021 3189 3075 continere
3226 3021 3509 3075 nolentem
3539 3021 3656 3075 viro

2065 3109 2337 3176 traderet,
2370 3110 2506 3164 dicit
2531 3110 2580 3164 si
2610 3110 2733 3181 ipsa
2755 3109 3043 3164 continere
3100 3110 3259 3175 nolit,
3302 3126 3411 3165 non
3442 3115 3654 3181 peccat,

2065 3198 2112 3251 si
2135 3197 2323 3252 nubat.
2345 3197 2569 3252 Habens
2588 3203 2778 3252 autem
2796 3197 2967 3252 filiam
2997 3214 3167 3269 quam
3200 3198 3485 3252 continere
3504 3196 3654 3261 velit,

2067 3302 2192 3341 cum
2214 3287 2332 3357 ipse
2345 3286 2551 3341 habeat
2567 3291 2901 3358 potestatem
2926 3287 3073 3358 quod
3104 3303 3170 3341 ea
3200 3284 3394 3349 nubat,
3416 3286 3501 3339 vel
3521 3301 3654 3352 non,

2067 3375 2116 3428 si
2136 3380 2298 3445 pater
2321 3376 2577 3443 voluerit,
2636 3376 2684 3430 si
2738 3375 2915 3430 ﬁliam
2972 3375 3243 3445 virginem
3272 3380 3475 3440 servet,
3492 3374 3659 3429 bene-

2064 3462 2213 3518 facit.

2140 3550 2227 3608 35.
2250 3553 2460 3607 Lmen.
2490 3554 2725 3621 Turpem
2758 3570 2811 3606 se
2843 3555 3022 3607 videri
3045 3556 3343 3617 existimat,
3376 3552 3434 3606 id
3476 3558 3580 3614 est,
3611 3553 3659 3606 si

2065 3639 2190 3711 quis
2210 3640 2483 3712 virginem
2502 3640 2672 3696 habet
2690 3641 3091 3712 adultam,quaa
3102 3640 3419 3695 castitatem
3438 3656 3660 3695 servare

391 3734 676 3789 ritualiter
702 3734 933 3802 timeat;
964 3750 1068 3790 nec
1090 3735 1263 3790 donet
1290 3751 1351 3789 se
1398 3735 1868 3807 corrumpendum
1900 3734 1983 3788 fe-
2066 3729 2226 3795 nolit,
2265 3735 2322 3784 et
2348 3735 2576 3785 curator
2604 3731 2726 3801 ejus
2756 3735 2921 3801 putat
2946 3729 3094 3801 quod
3143 3729 3432 3783 infamiam
3487 3729 3662 3800 turpi-

393 3822 614 3890 licitati,
637 3840 741 3878 nec
752 3824 942 3878 tradat
952 3823 1274 3878 adversitati
1294 3823 1685 3894 frangendum,
1702 3824 1808 3878 hoc
1835 3822 1981 3878 enim
2002 3828 2052 3891 Β
2069 3818 2283 3873 tudinis
2312 3818 2642 3874 incursurus
2675 3818 2751 3873 sit
2772 3819 2819 3873 si
2871 3818 3186 3872 castitatem
3219 3834 3441 3872 servare
3467 3834 3662 3888 coege-

397 3917 485 3967 est
508 3912 643 3967 ﬂere
657 3918 927 3984 tanquam
943 3928 1053 3967 non
1066 3912 1231 3980 flere;
1256 3918 1312 3966 et
1328 3912 1577 3983 gaudere
1594 3916 1864 3984 tanquam
1875 3928 1988 3967 non
2069 3907 2169 3975 rit;
2203 3924 2315 3962 non
2339 3912 2531 3979 peccat
2550 3907 2635 3961 vel
2664 3907 2801 3979 ipse,
2830 3908 2915 3962 vel
2944 3907 3118 3978 virgo,
3135 3907 3183 3960 si
3213 3905 3389 3961 nubat
3411 3907 3584 3977 virgo.

388 4001 653 4073 gaudere.
2096 4072 2097 4075 η
2141 3993 2228 4053 36.
2251 3998 2497 4052 AUGUST.
2533 3998 2759 4064 (Lib.1)e
2780 3997 2914 4050 bona
2936 3998 3160 4060 viduit.,
3200 4013 3249 4052 c.
3283 3994 3337 4052 9.
3367 4001 3504 4050 tom.
3538 3994 3662 4065 1V.)

467 4087 555 4149 30.
577 4092 824 4147 Auavs'r.
868 4089 981 4157 (lib.
1013 4104 1084 4145 xx
1110 4091 1183 4145 De
1210 4092 1312 4144 civ.
1364 4092 1483 4159 Dei,
1513 4106 1563 4144 c.
1601 4087 1707 4153 14).
1736 4092 1985 4144 Prwterit
2071 4086 2195 4141 Non
2211 4090 2390 4154 peccat
2418 4088 2470 4139 si
2500 4087 2693 4139 nubat.
2724 4085 2860 4149 Qum
2887 4101 2946 4138 se
2993 4101 3106 4139 non
3135 4083 3405 4153 continet,
3443 4083 3655 4151 nubat;

394 4184 546 4237 enim
570 4183 774 4250 ﬁgura.
797 4180 1007 4251 Figura
1019 4179 1284 4252 praeterit,
1306 4195 1418 4234 non
1441 4183 1646 4234 natura
1662 4180 1840 4243 libid.,
1859 4195 1981 4249 cap.
2067 4189 2191 4244 quae
2218 4190 2331 4229 non
2350 4174 2536 4246 coepit,
2561 4172 2866 4240 deliberet;
2901 4173 3049 4244 quod
3065 4189 3330 4244 aggressa
3344 4179 3446 4235 est,
3468 4188 3659 4243 perse-

391 4270 507 4338 16).
532 4269 806 4325 Judicatis
835 4270 1041 4341 quippe
1070 4268 1156 4323 his
1181 4268 1277 4340 qui
1306 4268 1497 4340 scripti
1517 4284 1630 4323 non
1667 4274 1798 4323 sunt
1826 4267 1883 4322 in
1914 4268 1984 4321 li-
2066 4268 2237 4316 veret.
2265 4263 2433 4318 Nulla
2459 4262 2779 4317 adversario
2796 4263 2962 4317 detur
2989 4263 3202 4317 occasio
3227 4281 3240 4329 ;
3273 4262 3425 4317 nulla
3438 4261 3660 4317 Christo

394 4359 498 4415 bro
526 4359 672 4425 vitae,
697 4364 754 4415 et
773 4358 832 4414 in
860 4364 1134 4414 aeternum
1163 4358 1351 4429 ignem
1382 4358 1588 4423 missis,
1634 4361 1769 4413 tunc
1808 4358 1990 4426 ﬁgura
2070 4351 2435 4407 subtrahatur
2448 4351 2669 4406 oblivio.

393 4448 561 4517 hujus
590 4447 805 4511 mundi,
846 4446 1259 4502 mundanorum
1284 4446 1499 4517 ignium
1553 4444 1990 4516 conﬂagratione
2143 4441 2231 4499 37.
2254 4442 2499 4497 Avousr.
2531 4443 2740 4511 (Expos.
2774 4438 2862 4496 37.
2887 4443 2947 4495 in
2968 4441 3182 4507 Evang.
3215 4440 3399 4507 Joan.)
3424 4441 3663 4493 Puloau-

395 4534 722 4608 praeteribit.
754 4535 844 4590 Sic
872 4535 1079 4589 factum
1112 4541 1199 4589 est
1243 4535 1656 4590 mundanarum
1710 4550 1988 4605 aquarum
2072 4536 2175 4585 tem
2209 4534 2352 4601 quod
2371 4548 2482 4600 ego.
2516 4531 2784 4586 Homines
2836 4530 2906 4585 de
2957 4529 3045 4583 his
3092 4528 3278 4591 rebus,
3312 4545 3453 4599 quas
3481 4533 3662 4583 certas

390 4624 761 4680 inundatione
787 4623 1073 4678 diluvium.
1108 4623 1230 4679 llla.
1261 4628 1326 4677 ut
1367 4623 1502 4688 dixi,
1526 4623 1984 4693 conﬂagratione,
2070 4620 2281 4676 habent
2310 4621 2612 4693 aliquando
2645 4619 2988 4691 increpative
3009 4617 3288 4678 dubitant,
3320 4617 3376 4671 id
3407 4624 3510 4683 est,
3543 4634 3662 4672 ver-

394 4713 693 4768 mundanm
726 4712 848 4784 [al.,
879 4711 1188 4784 mundana]
1220 4713 1625 4766 elementorum
1657 4711 1988 4782 corruptibi-
2068 4708 2200 4764 bum
2230 4708 2596 4764 dubitationis
2625 4708 2781 4779 ponit
2828 4708 2949 4778 [al.,
2996 4705 3260 4778 ponunt],
3312 4723 3438 4761 cum
3478 4706 3654 4776 (adde,

393 4802 533 4858 lium
566 4800 884 4872 qualitates,
908 4817 1031 4872 quae
1045 4799 1370 4871 corporibus
1388 4800 1595 4855 nostris
1614 4799 1987 4871 corruptibili-
2068 4797 2149 4868 in]
2180 4799 2346 4853 corde
2389 4816 2500 4853 non
2553 4796 2826 4851 dubitent.
2860 4796 3029 4851 Velut
3079 4797 3127 4851 si
3158 4795 3465 4866 indigneris
3502 4811 3659 4849 servo

390 4889 496 4945 bus
519 4889 920 4960 congruebant,
942 4889 1190 4944 ardendo
1213 4888 1438 4960 penitus
1465 4887 1794 4942 interibunt.
2067 4892 2167 4941 tuo
2196 4892 2252 4942 et
2291 4887 2479 4942 dicas:
2537 4886 2862 4941 Contemnis
2909 4886 3037 4940 me?
3093 4885 3398 4939 Considera
3424 4885 3658 4939 forsitan

463 4978 551 5034 31.
584 4979 788 5034 Laure.
811 4982 1057 5033 Praeterit
1077 4980 1229 5032 enim
1249 4981 1451 5046 ﬁgura.
1473 4977 1637 5032 Ratio
1655 4994 1755 5031 cur
1776 4994 1843 5032 ea
1862 4993 1986 5049 quae
2068 4976 2340 5031 Dominus
2391 4982 2520 5031 tuus
2546 4993 2690 5031 sum.
2714 4976 2857 5029 Hinc
2881 4980 2939 5028 et
2963 4975 3262 5046 Apostolus
3287 4974 3356 5027 ad
3387 4973 3656 5044 quosdam

393 5069 652 5142 superius
695 5068 843 5123 dicta
889 5078 1040 5134 sunt,
1076 5067 1235 5139 quasi
1287 5083 1395 5121 non
1448 5067 1581 5133 sint,
1615 5067 2041 5165 existimandac
2067 5072 2488 5121 contemnentes
2512 5083 2643 5120 suos
2671 5065 2923 5134 loquens,
2956 5064 3038 5118 ait
3068 5081 3079 5116 :
3118 5065 3256 5117 Puto
3289 5067 3475 5116 autem
3513 5062 3656 5129 quod

392 5165 544 5217 sunt.
577 5159 759 5215 Omne
778 5158 927 5213 enim
959 5157 1104 5230 quod
1125 5157 1393 5229 praeterit,
1418 5158 1798 5227 cujuscunque
1817 5149 2041 5228 proli-v
2067 5161 2117 5209 et
2139 5173 2231 5223 ego
2259 5156 2540 5224 Spiritum
2566 5156 2664 5209 Dei
2687 5155 2850 5208 habeo
2897 5152 3003 5217 Qui
3030 5152 3166 5207 dicit
3206 5157 3358 5222 puto,
3397 5149 3654 5204 dubitare

389 5248 580 5305 xitatis
607 5249 699 5309 sit.
731 5246 1033 5303 aeternitati
1058 5260 1463 5318 comparatum,
1499 5245 1638 5300 nihil
1665 5252 1768 5300 est.
2067 5244 2303 5299 videtur.
2331 5243 2441 5298 Sed
2471 5244 2562 5298 ille
2584 5242 2928 5314 increpabat,
2962 5258 3074 5295 non
3101 5239 3412 5295 dubitabat.
3439 5240 3508 5294 Et
3534 5239 3652 5310 ipse

463 5338 551 5395 3‘2.
574 5338 699 5394 Non
727 5343 789 5392 ut
811 5341 1090 5407 laqueum,
1146 5336 1198 5390 id
1240 5341 1344 5397 est,
1376 5351 1488 5390 non
1518 5335 1587 5390 ad
1633 5335 1737 5389 hoc
1782 5352 1982 5390 moneo
2067 5332 2338 5388 Dominus
2366 5338 2557 5387 noster
2600 5333 2710 5386 alio
2765 5333 2883 5386 loco
2928 5330 3225 5401 increpans
3262 5328 3653 5383 inﬁdelitatem

384 5428 700 5483 castitatem
731 5427 984 5499 diligere,
1017 5430 1083 5481 ut
1138 5427 1244 5481 hac
1302 5425 1592 5480 occasione
1656 5425 1819 5479 velim
1861 5442 2010 5502 vos._
2061 5424 2306 5478 futuram
2322 5421 2545 5493 generis
2564 5420 2833 5476 humani:
2869 5420 3006 5474 Cum
3032 5421 3258 5484 venerit,
3280 5418 3483 5489 inquit,
3505 5421 3653 5478 ﬁlius

381 5514 1402 5589 propterincontinentiaminluxurie
1422 5514 1689 5586 laqueum
1707 5512 1973 5568 incidere.
2060 5513 2323 5579 hominis,
2354 5516 2518 5581 putas
2539 5514 2779 5571 inveniet
2807 5510 2967 5578 ﬁdem
2994 5511 3058 5564 in
3083 5513 3235 5563 terra
3258 5514 3281 5561 Ρ

382 5628 411 5676 ς,
458 5601 547 5662 33.
580 5604 827 5663 Αυῦυβτ.
859 5602 981 5675 (lib.
1007 5605 1082 5660 De
1135 5605 1272 5660 bono
1315 5605 1545 5670 viduit.,
1579 5618 1702 5674 cap.
1747 5602 1819 5672 5.)
1850 5603 1978 5673 [Sed
