4040 6186
1062 236 1140 292 IN
1178 235 1245 290 D.
1288 233 1502 289 PAULI
1542 233 1764 290 EPIST.
1807 233 2178 290 COMMENT.
2221 263 2289 276 —
2329 233 2550 290 EPIST.
2592 233 2618 290 Ι
2653 233 2752 292 AD
2790 230 2954 289 00B.
3544 230 3644 290 182

1801 358 2033 415 CAPUT
2071 358 2226 414 VIII.

445 479 709 544 301.2.
737 482 816 536 De
835 481 905 537 iis
927 488 1113 538 autem
1143 501 1267 555 quae
1286 483 1450 538 idolis
1475 483 1879 547 sacriﬁcantur,
1909 483 2114 536 scimus
2139 484 2282 552 quod
2294 485 2418 549 ﬁeri
2435 484 2638 548 debeat,
2661 482 2794 554 quia
2806 497 3001 538 omnes
3019 482 3312 538 scientiam
3340 482 3633 539 habemus.

376 565 429 624 3.
459 567 702 622 Scientia
727 573 845 623 sine
873 572 1138 625 charitate
1164 572 1340 635 inﬂat,
1366 571 1610 625 charitas
1637 588 1785 635 vero,
1821 589 1954 626 nam
1974 589 2099 624 cum
2124 573 2391 624 charitate
2422 571 2679 624 aediﬁcat.
2702 569 2761 629 4.
2804 571 2863 626 Si
2893 572 3018 642 quis
3047 577 3238 626 autem
3257 589 3318 627 se
3347 573 3633 629 existimat

383 229 477 284 181

372 658 514 712 scire
541 675 576 710 a
605 675 658 711 se
686 659 920 729 aliquid,
954 663 1014 714 id
1049 667 1123 714 est
1151 667 1326 716 sciens
1353 666 1471 716 sine
1515 664 1801 727 charitate,
1840 662 2089 716 nondum
2118 660 2377 729 cognovit
2413 659 2466 715 5.
2515 660 2992 730 quemadmodum
3021 666 3280 732 oporteat
3310 678 3441 716 eum
3470 663 3637 718 scire.
3727 706 3733 710 .

374 746 430 800 Si
454 747 579 816 quis
607 753 798 800 autem
830 748 1013 818 diligit
1037 749 1239 816 Deum,
1271 751 1360 804 hic
1390 751 1647 821 cognitus
1674 755 1761 804 est
1788 749 1858 803 ab
1887 766 1971 815 eo,
2019 751 2176 803 habet
2212 752 2501 803 scientiam
2531 765 2658 802 cum
2687 751 2976 812 charitate,
3006 752 3324 818 aediﬁcando
3352 754 3512 806 alios.
3553 754 3636 808 De

373 835 510 890 escis
541 841 732 889 autem
761 839 924 904 (quod
946 840 1234 892 dimiserat
1256 843 1466 908 repetit)
1489 855 1614 910 quae
1643 837 1806 892 idolis
1830 837 2212 902 immolantur,
2235 840 2313 890 sic
2343 839 2647 906 respondeo,
2670 837 2877 892 scimus
2910 838 3040 908 quia
3065 839 3203 892 nihil
3226 844 3313 892 est
3342 838 3556 894 idolum
3575 841 3636 895 in

369 923 598 988 mundo,
634 927 695 978 in
734 927 941 979 mundi
983 931 1275 992 creatione,
1305 934 1363 982 et
1405 929 1553 998 quod
1601 927 1788 981 nullus
1831 934 1913 981 est
1960 927 2109 981 Deus
2147 927 2256 980 nisi
2303 942 2448 980 unus
2477 928 2616 994 (non
2663 932 2737 980 est
2778 928 2936 993 Deus,
2967 930 3101 995 quia
3131 933 3353 983 tantum
3384 935 3458 983 est
3487 947 3636 985 unus

369 1011 546 1078 Deus.)
576 1009 630 1067 6.
662 1013 807 1066 Nam
837 1014 942 1068 etsi
987 1021 1136 1080 sunt,
1186 1016 1283 1087 qui
1320 1017 1582 1072 dicantur
1618 1016 1716 1079 dii,
1757 1015 1872 1069 sive
1914 1015 1972 1068 in
2019 1015 2175 1079 caelo,
2219 1014 2332 1068 sive
2366 1015 2424 1068 in
2451 1019 2606 1068 terra
2655 1016 2790 1080 (sola
2826 1016 3246 1084 anthypophora
3295 1019 3633 1087 inﬁdelibus)

369 1099 591 1169 quidem
635 1107 769 1155 sunt
807 1103 884 1156 dii
933 1105 1112 1166 multi,
1145 1111 1206 1158 ut
1250 1111 1307 1158 et
1337 1106 1549 1160 domini
1595 1105 1776 1167 multi,
1811 1102 1970 1158 nobis
2007 1109 2199 1156 tamen
2227 1118 2373 1156 unus
2405 1103 2551 1156 Deus
2578 1103 2764 1169 Pater,
2799 1103 2851 1157 7.
2883 1119 2949 1155 ex
2979 1119 3090 1173 quo
3118 1105 3325 1170 omnia,
3358 1111 3416 1160 et
3444 1123 3546 1161 nos
3571 1107 3633 1162 in

366 1186 546 1254 illum,
579 1194 637 1242 et
664 1206 811 1245 unus
839 1192 1110 1247 Dominus
1138 1195 1300 1248 Jesus
1338 1195 1613 1259 Christus,
1655 1193 1708 1249 8.
1741 1209 1842 1263 per
1868 1208 2036 1262 quem
2066 1191 2271 1254 omnia,
2306 1196 2364 1246 et
2391 1207 2491 1244 nos
2521 1207 2621 1262 per
2650 1191 2854 1262 ipsum.
2884 1191 2938 1246 9.
2979 1192 3088 1246 Sed
3117 1209 3232 1248 non
3273 1193 3331 1248 in
3376 1195 3637 1251 omnibus

366 1282 450 1330 est
484 1279 742 1345 scientia,
775 1283 1042 1346 ﬁdelibus.
1091 1281 1171 1347 10,
1203 1282 1291 1338 11.
1341 1283 1579 1347 Quidam
1628 1286 1820 1335 autem
1858 1296 1986 1334 cum
2031 1280 2370 1334 conscientia
2412 1296 2589 1350 usque
2628 1295 2776 1334 nunc
2816 1279 2971 1345 idoli,
2997 1286 3256 1348 putantes
3287 1283 3500 1337 idolum
3530 1297 3637 1337 esse

362 1368 599 1434 aliquid,
635 1368 794 1438 quasi
826 1369 1202 1440 idolothytum
1231 1373 1592 1437 manducant,
1622 1375 1678 1424 et
1704 1369 2044 1424 conscientia
2068 1369 2337 1439 ipsorum,
2369 1385 2496 1422 cum
2518 1368 2594 1422 sit
2618 1368 2863 1433 inﬁrma,
2888 1371 3023 1436 quia
3053 1373 3500 1438 concupiscentia
3528 1373 3638 1425 cibi

367 1469 476 1507 non
503 1462 676 1523 potest
706 1461 971 1521 resistere,
1005 1461 1292 1529 polluitur.
1329 1461 1450 1514 Non
1479 1462 1726 1514 debemus
1755 1463 1872 1524 0|
1911 1460 2062 1512 edere
2089 1461 2411 1525 idolothyta.
2447 1459 2586 1512 Esca
2612 1463 2801 1512 autem
2833 1474 2936 1512 nos
2964 1474 3077 1512 non
3106 1459 3466 1514 commendat
3493 1461 3628 1524 Deo,

367 1545 476 1595 imo
514 1544 914 1600 abominabiles
946 1549 1099 1614 facit.
1130 1549 1224 1615 1?,
1277 1548 1354 1605 13.
1388 1551 1582 1619 Neque
1624 1548 1774 1602 enim
1813 1549 2031 1616 (probat
2077 1549 2218 1616 quod
2247 1549 2640 1614 oﬂ‘endiculum
2672 1549 2857 1615 faciet)
2889 1547 2937 1600 si
2972 1547 3514 1613 manducaverimus,
3540 1546 3632 1603 14.

308 1617 317 1626 ”
364 1630 796 1698 abundabimus,
839 1639 1152 1704 proﬁcuum
1207 1617 1548 1702 habebimus,
1590 1653 1790 1707 neque,
1826 1635 1871 1689 si
1917 1651 2029 1688 non
2075 1635 2614 1696 manducaverimus,
2665 1634 3006 1688 deﬁciamus.
3041 1635 3132 1687 15.
3188 1635 3386 1690 Videte
3418 1641 3629 1699 autem,

365 1723 505 1785 licet,
537 1724 743 1790 inquit,
775 1727 1064 1785 comedere,
1090 1727 1183 1778 sed
1213 1728 1402 1789 videte,
1433 1742 1502 1779 ne
1527 1726 1672 1780 forte
1703 1725 1818 1779 haec
1842 1723 2067 1778 licentia
2091 1722 2370 1778 vestralB.
2405 1722 2802 1776 oﬁendiculum
2837 1723 2938 1776 ﬁat
2966 1721 3225 1775 inﬁrmis.
3252 1722 3311 1776 Si
3332 1722 3484 1776 enim
3512 1722 3638 1793 quis

364 1810 564 1864 viderit
597 1828 727 1865 eum
776 1814 870 1884 qui
919 1813 1087 1868 habet
1135 1815 1445 1881 scientiam,
1479 1816 1534 1869 in
1573 1815 1743 1869 idolio
1785 1813 2222 1877 recumbentem,
2262 1829 2446 1866 nonne
2497 1811 2836 1866 conscientia
2877 1812 3020 1880 ejus,
3073 1827 3202 1865 cum
3257 1810 3331 1865 sit
3385 1810 3632 1877 inﬁrma,

364 1899 733 1955 aedificabitur
759 1902 831 1955 ad
857 1898 1306 1958 manducandum
1337 1903 1686 1974 idolothyta?
1713 1902 1788 1956 Et
1813 1902 2014 1973 peribit
2041 1902 2298 1956 inﬁrmus
2318 1901 2376 1955 in
2397 1906 2497 1954 tua
2523 1900 2776 1965 scientia,
2801 1899 2993 1963 frater,
3015 1902 3150 1968 quia
3175 1901 3347 1967 te,qui
3368 1902 3542 1953 sciens
3561 1917 3635 1965 es,

360 1987 501 2040 ridet
542 1990 640 2042 hoc
666 1992 864 2056 facere,
893 1995 983 2045 sed
1014 2007 1123 2045 non
1144 1994 1288 2046 debet
1316 1997 1496 2061 perire
1533 2008 1632 2062 per
1651 1997 1716 2057 te,
1748 1997 1978 2062 propter
1997 2007 2163 2061 quem
2194 1990 2450 2044 Christus
2477 1994 2735 2044 mortuus
2755 1989 2884 2043 est?
2917 1989 3008 2043 Sic
3034 1992 3225 2042 autem
3252 1994 3546 2059 peccantes
3575 1988 3632 2044 in

361 2078 583 2145 fratres,
616 2083 938 2135 comedenda
959 2083 1343 2150 idolothytum,
1368 2088 1425 2137 et
1453 2083 1829 2154 percutientes
1857 2079 2256 2134 conscientiam
2285 2095 2480 2134 eorum
2510 2079 2813 2144 infirmam,
2842 2078 2903 2132 in
2935 2077 3222 2132 Christum
3251 2077 3514 2149 peccatis.
3546 2075 3631 2134 l7.

1693 2205 2284 2261 COMMENTARIUS.

430 2292 590 2350 CAP.
617 2292 773 2348 VIII.
822 2328 850 2337 ο
890 2293 1187 2352 LAuanos
1216 2299 1288 2351 De
1300 2298 1385 2351 his
1405 2302 1589 2351 autem
1611 2297 1774 2352 Nunc
1791 2296 1965 2350 scien-
1982 2302 2027 2355 A
2046 2308 2174 2349 cum
2197 2293 2554 2349 veneratione
2581 2293 2764 2348 adhuc
2791 2291 3096 2357 simulacri,
3130 2289 3546 2346 manducabant
3572 2291 3643 2348 de

359 2381 496 2436 tiam
527 2383 842 2452 locuturus,
875 2403 1000 2458 quae
1028 2387 1101 2440 sit
1128 2387 1362 2442 scientia
1408 2405 1520 2443 non
1547 2387 1738 2442 statim
1781 2387 1918 2442 dicit
1949 2407 1961 2455 ;

357 2471 450 2524 sed
493 2473 556 2526 in
586 2473 855 2544 subjectis
911 2477 1156 2531 ostendit
1197 2477 1388 2531 dicens
1436 2490 1447 2524 :
1499 2479 1640 2544 Quia
1691 2478 1836 2531 nihil
1889 2483 1962 2531 est

356 2560 592 2626 idolum,

423 2647 478 2704 ἲ.
515 2651 721 2704 ΒΑΜ-ιι.
763 2654 836 2706 De
894 2655 978 2707 his
1021 2660 1226 2718 autem,
1262 2656 1318 2710 id
1375 2660 1478 2721 est,
1511 2673 1706 2712 omnes
1746 2657 1953 2712 scimus

355 2739 488 2809 quid
505 2739 712 2794 debeat
738 2741 858 2796 ﬁeri
875 2743 945 2797 de
975 2743 1347 2799 immolatitiis
1377 2745 1673 2813 idolorum;
1707 2746 1804 2801 sed
1833 2747 1950 2802 sola

352 2827 590 2882 scientia
623 2846 736 2884 non
766 2831 971 2885 sufﬁcit
1014 2833 1085 2886 ad
1114 2833 1521 2889 observandum
1558 2835 1706 2907 quod
1734 2842 1948 2890 rectum

353 2923 473 2982 est;
540 2918 640 2972 sed
707 2919 891 2990 potius
946 2920 1124 2988 inﬂat,
1181 2922 1228 2976 si
1295 2923 1441 2978 desit
1507 2924 1770 2991 Charitas,
1835 2943 1958 2997 quae
2009 2974 2014 2980 .

351 3005 609 3060 ediﬁcat.

421 3094 474 3149 3.
505 3097 758 3151 AUGUST.
794 3099 1051 3167 (Exposit.
1089 3104 1148 3154 in
1189 3102 1397 3170 Evang.
1427 3104 1613 3166 Joan.,
1647 3105 1810 3157 tract.
1843 3101 1953 3170 27.)

353 3184 600 3238 Scientia
617 3188 799 3254 inﬂat.
833 3186 907 3240 Et
935 3188 1159 3258 quidem
1182 3189 1342 3244 inflat
1361 3191 1480 3243 sola
1501 3190 1620 3244 sine
1653 3190 1948 3253 charitate,

352 3271 475 3326 ideo
499 3273 592 3342 adj
603 3274 762 3328 unxit
785 3293 796 3326 :
827 3276 1081 3330 Charitas
1099 3279 1347 3350 adi/icui.
1375 3279 1530 3333 Adde
1553 3296 1685 3350 ergo
1705 3280 1951 3334 scientia;

351 3360 710 3426 charitatem,
744 3371 799 3416 et
851 3363 1002 3418 utilis
1032 3365 1140 3419 erit
1174 3366 1424 3433 scientia,
1456 3384 1564 3421 non
1619 3384 1719 3438 per
1746 3385 1825 3434 se,
1854 3369 1951 3422 sed

349 3466 450 3519 per
479 3451 835 3506 charitatem.

2048 2382 2353 2448 sacriﬁciis,
2387 2382 2546 2454 quasi
2575 2382 2766 2454 aliqua
2790 2381 2904 2436 illic
2932 2387 3080 2436 esset
3106 2381 3388 2435 divinitas.

2130 2471 2216 2528 l2.
2267 2474 2509 2527 Aunus'r.
2563 2473 2718 2541 (libr.
2770 2485 2805 2524 x
2848 2470 3028 2538 Con/2,
3095 2486 3217 2542 cap.
3270 2469 3358 2534 31,
3402 2475 3539 2524 tom.
3587 2469 3634 2540 Ι)

2042 2563 2224 2630 Neque
2242 2565 2393 2616 enim
2414 2563 2465 2616 si
2491 2577 2604 2615 non
2617 2561 3141 2614 manducaverimus
3155 2603 3167 2617 .
3189 2560 3306 2613 Hoc
3326 2566 3410 2612 est
3431 2558 3637 2623 dicere,

2034 2666 2138 2705 nec
2179 2651 2275 2706 illa
2326 2667 2416 2706 res
2461 2667 2553 2704 me
2605 2649 2892 2720 copiosum
2923 2647 3112 2715 faciet,
3146 2665 3248 2703 nec
3295 2648 3392 2703 illa
3441 2663 3640 2704 mrum-

2034 2754 2232 2792 nosum
2243 2778 2253 2790 .

2119 2825 2198 2884 13.
2229 2828 2437 2882 Lmen.
2468 2827 2577 2880 Nec
2603 2828 2774 2892 enim,
2807 2829 2912 2880 etc.
2947 2824 3119 2890 Quasi
3147 2825 3360 2880 diceret
3380 2825 3584 2897 aliquis
3620 2842 3634 2876 :

2040 2916 2216 2970 fames
2247 2932 2338 2970 me
2359 2915 2532 2969 talem
2560 2913 2748 2968 cibum
2777 2913 3070 2967 comedere
3094 2912 3397 2985 compellit.
3430 2912 3593 2968 Absit
3619 2913 3632 2965 ε

2040 3010 2155 3059 tam
2184 3020 2355 3076 parva
2397 3003 2546 3057 enim
2577 3001 2854 3074 particula
2900 3001 3137 3071 singulis
3164 3000 3542 3068 distribuitur,
3573 3008 3638 3057 ut

2040 3109 2142 3147 nec
2162 3093 2320 3146 illata
2346 3092 2531 3158 satiet,
2577 3108 2680 3146 nec
2706 3091 2896 3146 ablata
2921 3091 3138 3147 esurire
3182 3090 3481 3162 compellat
3525 3091 3636 3146 Po-

2034 3187 2147 3237 test
2193 3181 2530 3249 subaudire;
2584 3180 2908 3236 deﬁciemus
2943 3197 2978 3235 a
3021 3179 3182 3235 bonis
3235 3178 3518 3251 operibus,
3549 3179 3636 3233 vel

2036 3271 2447 3326 abundabimus
2474 3270 2533 3324 in
2569 3269 2730 3324 bonis
2757 3269 3038 3340 operibus.

2105 3359 2192 3415 14.
2249 3360 2689 3424 Abundabimus,
2742 3364 2848 3413 etc.
2908 3359 3035 3413 Non
3081 3356 3298 3412 debetis
3340 3357 3636 3413 comedere

2035 3449 2350 3518 idolothyta
2375 3466 2387 3514 ;
2422 3463 2552 3502 nam
2585 3463 2767 3518 neque
2795 3463 2894 3519 per
2921 3447 3026 3502 hoc
3052 3446 3356 3519 acquiretis
3384 3463 3636 3501 commo-

417 3539 471 3592 4.
508 3540 712 3600 Lusii.
749 3541 949 3610 Siquis
979 3549 1183 3596 autem.
1215 3544 1474 3599 Ostendit
1504 3545 1636 3616 quid
1669 3544 1744 3599 sit
1777 3545 1978 3616 scienoi
2034 3537 2187 3602 dum,
2221 3537 2369 3607 quod
2399 3541 2486 3590 est
2517 3552 2701 3606 neque
2725 3536 2773 3590 si
2807 3535 3353 3598 manducaverimus.
3385 3534 3634 3590 abunda-

349 3627 429 3682 tia
466 3629 594 3682 sine
633 3630 924 3698 charitate,
977 3631 1230 3686 videlicet
1259 3650 1426 3704 quam
1482 3615 1646 3687 homo
1687 3640 1849 3705 putat
1891 3651 1950 3688 se
1969 3615 2013 3674 Β
2032 3625 2234 3691 bimus.
2260 3641 2440 3695 neque
2461 3626 2643 3695 majus
2659 3625 2904 3680 evadeﬁs
2927 3625 3216 3679 damnum-
3244 3624 3403 3688 QUOd
3429 3623 3631 3696 PPObat

349 3715 560 3769 habere
583 3733 617 3769 a
645 3733 725 3770 se.

417 3801 470 3864 5,
513 3803 984 3870 Quemadmodum
1017 3812 1278 3875 oporteat.
1319 3809 1554 3879 Oportet
1594 3809 1736 3864 scire
1765 3810 1947 3864 homi-

350 3907 474 3944 nem
500 3892 774 3963 quidquid
793 3893 998 3948 bonum
1041 3895 1207 3950 habet
1234 3914 1269 3950 a
1305 3898 1419 3952 Deo
1457 3914 1517 3951 se
1546 3898 1773 3952 habere.

418 3979 472 4034 6.
506 3985 751 4039 Anausr.
774 3987 860 4046 (in
897 3987 1040 4038 Psal.
1072 4000 1218 4048 XCIV,
1252 3991 1385 4040 tom.
1440 3985 1619 4059 VIII.)
1642 3988 1784 4041 Nam
1827 3993 1873 4041 ct
1902 3991 1950 4041 si

349 4075 478 4122 sunt
506 4073 886 4138 quidicantur
933 4073 988 4126 Si
1011 4090 1144 4144 ergo
1173 4091 1284 4128 non
1319 4075 1493 4141 nobis;
1528 4076 1774 4147 quibus?
1806 4077 1947 4130 Audi

350 4173 412 4210 ex
442 4157 556 4210 alio
585 4160 800 4230 psalmo
832 4185 843 4217 :
898 4161 1172 4224 Quoniam
1205 4180 1402 4218 omnes
1445 4165 1518 4218 dii
1559 4166 1813 4236 gentium
1844 4165 1949 4220 dae—

349 4262 558 4301 monia.

419 4336 470 4387 7.
503 4338 734 4393 Auaaos
773 4339 856 4393 Ea:
879 4356 982 4407 quo
1012 4344 1218 4394 omnia.
1245 4341 1517 4396 Discrevit
1538 4359 1636 4396 nos
1660 4360 1695 4396 a
1713 4343 1944 4408 caeteris,

348 4425 440 4493 qui
472 4442 538 4478 ex
567 4425 665 4480 illo
686 4435 817 4482 sunt
841 4451 852 4493 ;
887 4445 996 4482 non
1019 4430 1279 4484 tamenin
1303 4431 1398 4484 illo
1427 4436 1578 4498 sunt,
1602 4431 1734 4485 dum
1765 4432 1947 4487 adhuc

348 4528 457 4566 non
476 4515 735 4570 credunt.

414 4603 466 4656 8.
502 4608 605 4659 Per
636 4623 795 4674 quem
819 4611 1025 4662 omnia.
1061 4609 1263 4664 Omnia
1284 4626 1349 4663 ex
1375 4610 1540 4663 Patre
1571 4610 1815 4681 quidem,
1848 4611 1945 4666 sed

345 4710 446 4764 per
458 4695 666 4749 Filium
683 4701 871 4750 creata
882 4703 1014 4751 sunt
1029 4717 1041 4763 ;
1062 4699 1159 4752 sed
1177 4715 1302 4752 cum
1317 4699 1468 4766 dicit,
1485 4705 1531 4752 et
1546 4716 1639 4752 nos
1654 4716 1751 4768 per
1763 4703 1945 4769 ipsum

343 4786 682 4840 reformatos
697 4803 798 4840 nos
822 4803 920 4856 per
935 4787 1114 4857 ipsum
1125 4828 1138 4851 ,
1159 4804 1434 4858 perquem
1449 4788 1622 4842 creati
1637 4789 1942 4856 fueramus,

344 4877 629 4948 signiﬁcat
665 4875 724 4928 in
754 4875 855 4929 Dei
888 4876 1220 4946 cognitione.

406 4963 461 5021 9.
489 4967 694 5019 Lassa.
722 4963 826 5018 Sed
842 4981 949 5018 non
975 4968 1037 5018 in
1053 4969 1323 5020 omnibus.
1349 4968 1474 5020 Non
1502 4983 1713 5030 omnes,
1738 4969 1938 5040 inquit,

341 5053 556 5108 habent
583 5053 875 5109 scientiam
912 5054 1078 5124 hujus
1110 5055 1208 5108 Dei
1234 5074 1245 5122 ;
1277 5055 1403 5108 ideo
1433 5061 1635 5126 putant
1660 5057 1821 5112 idolis
1846 5075 1946 5129 gu-

339 5140 589 5198 bernari.

418 5232 503 5290 10.
548 5234 787 5300 Quidam
835 5236 1046 5288 autem.
1091 5233 1349 5297 Quidam,
1408 5234 1611 5304 inquit,
1660 5239 1717 5289 et
1761 5235 1944 5289 sciunt

345 5322 495 5392 quod
513 5322 725 5375 idolum
754 5320 895 5374 nihil
917 5327 1020 5385 est,
1045 5327 1101 5375 et
1122 5323 1583 5386 tamenvscienter
1604 5325 1944 5380 manducant

344 5411 496 5466 idolo
525 5410 900 5465 immolatum.

427 5497 517 5556 1-1.
551 5501 798 5555 Annos.
834 5500 1070 5569 Quidam
1091 5505 1296 5554 autem.
1317 5500 1397 5554 De
1425 5500 1586 5573 plebe
1607 5501 1754 5556 enim
1776 5502 1947 5574 aliqui

2031 3715 2088 3768 in
2112 3714 2254 3767 libro
2276 3731 2309 3767 a
2336 3713 2635 3780 contrario,
2667 3714 2775 3768 ita:
2809 3715 2954 3768 Nam
2984 3713 3032 3767 si
3063 3729 3176 3769 non
3208 3712 3630 3768 manducaveri-

2030 3819 2174 3867 mus,
2200 3802 2511 3872 periculum
2531 3817 2643 3856 non
2663 3801 3019 3871 habebimus;
3039 3802 3187 3874 quod
3209 3801 3634 3874 aequipollenter

2031 3890 2183 3954 dicit,
2217 3890 2560 3944 deﬁciemus.

2101 3977 2190 4034 15.
2241 3980 2496 4036 AMBROS.
2547 3979 2720 4034 Videte
2766 3985 2973 4045 autem,
3029 3980 3134 4034 hoc
3172 3984 3301 4034 est:
3353 3980 3456 4045 Ne,
3499 3979 3633 4052 quia

2032 4067 2200 4121 licere
2232 4067 2386 4122 vobis
2415 4068 2579 4122 edere
2609 4083 2834 4122 carnem
2879 4069 2948 4123 de
2977 4068 3250 4123 sacriﬁcio
3294 4067 3498 4134 dicitis,
3530 4084 3632 4141 per

2033 4156 2089 4209 id
2109 4157 2256 4227 quod
2287 4157 2428 4211 nihil
2465 4156 2676 4211 idolum
2705 4173 2827 4211 esse
2868 4157 3038 4223 scitis,
3072 4156 3434 4211 offensionem
3463 4173 3631 4228 gene-

2031 4245 2168 4299 retis
2198 4245 2462 4299 fratribus
2491 4245 2588 4315 qui
2639 4245 2897 4300 nesciunt
2942 4245 3130 4300 adhuc
3174 4244 3307 4316 quia
3355 4244 3495 4299 nihil
3544 4251 3631 4301 est

2029 4335 2261 4388 idolum.

2116 4421 2198 4477 16.
2224 4423 2625 4490 O/fendicutum
2643 4425 2741 4490 ﬁat
2763 4426 3029 4491 inﬁrmis.
3062 4422 3272 4478 Probat
3291 4423 3442 4494 quod
3460 4423 3629 4479 offen-

2027 4513 2272 4567 diculum
2303 4513 2486 4578 faciet,
2527 4513 2662 4583 quia
2701 4513 2993 4568 aediﬁcavit
3023 4513 3093 4568 ad
3125 4513 3577 4568 manducandum
3611 4531 3625 4580 ;

2029 4602 2232 4674 peribit
2260 4609 2451 4656 autem
2473 4603 2663 4668 frater,
2688 4603 2838 4674 quod
2867 4620 2978 4657 non
3003 4603 3220 4658 debetis
3248 4603 3448 4668 facere,
3474 4602 3626 4658 scili-

2028 4697 2116 4745 cet
2145 4709 2273 4746 eum
2296 4692 2513 4763 perire;
2545 4707 2678 4751 nam
2707 4691 2755 4747 si
2783 4692 3020 4758 facietis,
3044 4693 3102 4747 in
3131 4693 3332 4747 fratres
3361 4692 3623 4764 peccatis.

2029 4780 2173 4835 Item
2212 4786 2268 4834 et
2295 4782 2668 4852 percutientes
2697 4782 2832 4837 estis
2876 4783 3297 4848 conscientiam,
3332 4782 3478 4853 quod
3515 4798 3627 4837 non

1966 4887 2008 4946 ρ
2031 4869 2281 4936 debetis;
2315 4887 2446 4924 nam
2495 4871 2577 4925 ita
2603 4871 2662 4924 in
2707 4872 2993 4926 Christum
3019 4871 3280 4943 peccatis.
3337 4869 3486 4942 Ergo
3514 4887 3628 4926 non

2025 4965 2240 5020 debetis
2269 4966 2580 5021 comedere.
2614 4966 2774 5031 Quod
2795 4972 3239 5038 est,quapropter
3259 4970 3309 5022 si
3337 4984 3455 5022 esca
3473 4984 3628 5023 scan-

2024 5056 2254 5123 dalizat,
2287 5061 2392 5113 etc.
2425 5056 2588 5111 Ponit
2618 5071 2678 5110 se
2703 5072 2803 5127 pro
2832 5056 3159 5124 illis,dicens
3184 5075 3196 5112 :
3231 5058 3356 5112 Non
3385 5058 3624 5112 mandu-

2024 5144 2180 5212 rabo,
2220 5146 2352 5217 quia
2381 5161 2532 5212 eum,
2569 5149 2636 5200 ut
2660 5146 2992 5216 Apostolum
3022 5163 3208 5212 suum,
3236 5145 3478 5201 debeant
3505 5145 3630 5200 imi-

2023 5235 2131 5290 tari
2142 5275 2154 5288 .

2109 5323 2194 5378 17.
2230 5327 2567 5394 Quapropter
2596 5327 2646 5378 si
2677 5340 2796 5378 esca
2821 5325 3188 5378 scandalizat.
3222 5322 3395 5389 Licet,
3422 5322 3625 5397 inquit,

2023 5413 2313 5468 comedere
2331 5413 2740 5486 idolothytum;
2771 5430 2883 5468 non
2912 5418 3104 5468 tamen
3131 5410 3365 5470 debetis.
3390 5412 3522 5484 quia
3551 5413 3629 5467 of-

2030 5501 2369 5557 fendiculum
2418 5501 2658 5558 inﬁrmis
2712 5499 2980 5560 fratribus
3025 5499 3320 5572 pararetis,
3371 5501 3442 5556 ad
3477 5500 3626 5556 illud
