3936 6178
374 200 477 260 188

372 341 726 413 Quapropter
750 339 798 394 si
835 354 962 394 esca
983 336 1324 394 scandalizat
1352 335 1438 394 ‘17.
1469 336 1703 391 fratrem
1728 348 1938 402 meum,
1976 342 2090 390 non
2130 334 2485 391 manducabo
2520 334 2603 392 18.
2638 349 2864 388 carnem
2894 332 2950 387 in
2981 336 3273 397 aeternum,
3307 344 3379 384 ne
3405 328 3634 384 fratrem

375 443 569 489 meum
600 428 989 486 scandalizem.

1351 196 1417 252 Β.
1457 194 1874 252 L’ANFRANCI
1911 193 2273 251 CANTUAR.
2313 192 2652 249 AERGHIEP.
3532 186 3630 244 ιει

1827 592 2070 650 CAPUT
2107 590 2206 648 IX.

456 792 502 857 ι.
532 793 663 848 Non
679 807 803 847 sum
828 790 1010 848 liber?
1046 788 1101 849 2.
1131 790 1260 847 Non
1286 806 1412 847 sum
1440 791 1774 862 Apostolus?
1800 792 2001 847 Nonne
2036 791 2324 847 Christum
2352 791 2545 846 Iesum
2573 790 2875 845 Dominum
2900 792 3157 843 nostrum
3186 785 3331 840 vidi?
3357 786 3558 842 Nonne
3580 783 3638 843 3.

379 898 517 954 opus
541 897 731 936 meum
753 897 850 936 vos
869 880 1006 935 estis
1021 879 1080 934 in
1100 879 1338 935 Domino
1352 879 1377 933 ?
1392 880 1462 937 Et
1474 880 1521 934 si
1537 880 1664 935 aliis
1684 897 1797 937 non
1821 898 1946 937 sum
1975 881 2293 952 Apostolus.
2310 880 2407 934 sed
2429 885 2619 935 tamen
2640 878 2792 934 vobis
2802 894 2957 945 sum;
2984 893 3117 932 nam
3144 876 3494 947 signaculum
3508 881 3642 942 σω

371 972 673 1041 judicium,
691 970 1039 1043 apostolatus
1051 969 1162 1026 mei
1177 985 1272 1024 vos
1282 968 1419 1024 estis
1434 969 1492 1025 in
1508 969 1759 1025 Domino.
1773 972 1800 1022 ll
1813 972 1957 1027 .Mea
1966 971 2217 1025 defensio
2231 970 2381 1041 apud
2396 986 2491 1024 eos
2510 969 2607 1040 qui
2634 986 2722 1024 me
2746 969 3115 1039 interrogant,
3128 983 3202 1021 an
3216 966 3498 1035 Apostolus
3507 968 3639 1030 sim,

373 1075 464 1115 vos
486 1061 710 1126 scilicet,
726 1062 925 1129 quibus
943 1061 1239 1128 pradicant
1252 1059 1369 1114 haec
1384 1071 1487 1117 est.
1511 1060 1905 1131 5.Nunquid(a
1918 1062 2117 1130 simili)
2130 1076 2241 1114 non
2258 1059 2535 1114 habemus
2554 1063 2889 1130 potestatem
2913 1055 3286 1111 manducandi
3307 1059 3365 1110 et
3385 1053 3645 1108 bibendi?

372 1147 646 1220 Nunquid
672 1146 734 1206 6.
771 1164 885 1203 non
925 1146 1198 1202 habemus
1226 1152 1564 1218 potestatem
1595 1149 1912 1213 mulierem,
1946 1165 2197 1204 sororem
2229 1149 2630 1213 Christianam,
2671 1145 3142 1208 circumducendi,
3176 1144 3320 1199 sicut
3361 1148 3420 1198 et
3456 1141 3646 1198 caeteri

374 1236 634 1309 apostoli,
668 1238 729 1291 id
756 1242 831 1291 est
856 1238 1030 1291 Judas
1057 1241 1107 1291 et
1129 1237 1359 1291 Jacobus
1396 1239 1661 1302 Priscum,
1695 1243 1754 1292 et
1775 1238 1978 1293 fratres
2007 1237 2253 1304 Domini,
2288 1242 2346 1291 et
2372 1236 2638 1308 Cephas?
2667 1237 2782 1290 Aut
2804 1252 2908 1306 ego
2935 1234 3087 1289 solus
3112 1239 3169 1288 et
3204 1231 3490 1287 Barnabas
3532 1247 3648 1286 non

372 1324 645 1381 habemus
673 1328 1007 1396 potestatem
1035 1321 1089 1379 7.
1127 1323 1233 1378 hoc
1260 1324 1649 1395 operandi?(a
1676 1328 1957 1381 similibus
1989 1328 2241 1390 ostendit,
2276 1329 2410 1395 quia
2438 1327 2715 1394 stipendia
2744 1325 3035 1391 sumpsisse
3077 1324 3185 1376 sibi
3215 1324 3478 1389 licuerit).
3505 1320 3649 1385 Quis

377 1413 587 1468 militat
605 1412 722 1469 suis
741 1412 1036 1485 stipendiis
1055 1413 1338 1482 unquam?
1358 1416 1552 1468 nullus
1575 1416 1785 1484 utique.
1803 1414 1939 1479 Quis
1962 1415 2181 1487 plantat
2203 1415 2443 1481 vineam,
2464 1420 2522 1469 et
2535 1415 2605 1468 de
2624 1414 2809 1468 fructu
2835 1413 2957 1482 ejus
2975 1427 3085 1466 non
3109 1411 3259 1465 edit?
3280 1413 3474 1464 nullus
3506 1408 3649 1472 Quis

371 1502 554 1574 pascit
565 1518 818 1573 gregem,
840 1508 899 1557 et
916 1500 986 1556 de
1007 1502 1150 1556 lacte
1171 1501 1360 1572 gregis
1374 1517 1488 1557 non
1506 1502 1811 1558 manducet
1825 1509 1848 1556 ?
1868 1504 2057 1574 Nemo,
2076 1504 2366 1576 Nunquid,
2384 1503 2692 1558 secundum
2711 1501 3019 1563 hominem,
3036 1502 3344 1554 humanam
3358 1503 3649 1553 consuetu-

376 1592 593 1655 dinem;
625 1594 707 1646 uel
735 1606 820 1645 me
844 1590 1010 1646 dico?
1029 1591 1119 1645 An
1138 1595 1196 1645 et
1219 1590 1308 1645 lex
1328 1590 1445 1646 haec
1465 1606 1579 1646 non
1592 1591 1729 1646 dicit
1746 1592 2066 1663 ?Scriptum
2083 1598 2171 1646 est
2192 1592 2343 1647 enim
2374 1593 2431 1646 in
2462 1592 2585 1663 lege
2610 1591 2788 1662 Moysi
2813 1608 2826 1644 :
2851 1591 2975 1644 Non
2998 1587 3259 1660 alligabis
3287 1604 3348 1642 os
3374 1586 3515 1649 bovi,
3546 1589 3651 1656 qui

377 1681 619 1734 comedat
647 1679 712 1733 de
745 1681 1109 1734 trituraturis
1137 1681 1274 1745 suis,
1300 1678 1612 1745 trituranti,
1630 1683 2002 1749 przdiratori.
2039 1680 2306 1752 Nunquid
2335 1681 2405 1736 de
2431 1680 2628 1745 bobus,
2663 1683 2727 1734 in
2756 1681 2853 1733 hoc
2884 1684 3165 1748 praecepto,
3206 1692 3344 1731 cura
3371 1680 3456 1730 est
3483 1676 3603 1730 Deo
3625 1674 3652 1729 ?

375 1763 428 1824 8.
460 1768 548 1821 An
566 1772 797 1839 propter
821 1783 924 1822 nos
952 1767 1150 1837 utique
1168 1767 1274 1823 hoc
1300 1767 1471 1823 dicit?
1488 1769 1636 1823 Nam
1661 1775 1891 1840 prOpter
1909 1787 2012 1825 nos
2041 1771 2247 1842 scripta
2274 1776 2426 1826 sunt.
2455 1770 2734 1835 Quoniam
2763 1768 2930 1823 debet
2949 1769 3009 1822 in
3034 1784 3151 1838 spe,
3182 1783 3309 1822 cum
3326 1782 3414 1835 spe
3436 1768 3652 1820 terreni

376 1858 658 1925 stipendii,
690 1856 784 1927 qui
805 1861 949 1923 arat,
970 1872 1167 1923 arare;
1198 1862 1256 1911 et
1283 1857 1378 1928 qui
1401 1857 1650 1921 triturat,
1681 1858 1740 1912 in
1760 1876 1858 1929 spe
1884 1860 2102 1914 fructus
2128 1858 2490 1930 percipiendi.
2525 1858 2582 1913 Si
2608 1874 2730 1920 nos,
2763 1860 2821 1912 id
2847 1862 2942 1923 est,
2971 1873 3006 1911 a
3036 1859 3268 1919 minori,
3302 1853 3455 1909 vobis
3484 1852 3653 1924 spiri-

376 1945 557 2000 tualia
579 1946 931 2013 pmdicando
954 1945 1374 2011 seminavimus,
1407 1962 1674 2017 magnum
1705 1952 1790 2002 est
1819 1949 2049 2015 (ironia)
2080 1948 2129 2001 si
2166 1964 2269 2002 nos
2316 1947 2565 2002 carnalia
2601 1953 2805 2009 vestra,
2837 1947 3129 2015 stipendia,
3164 1943 3483 1999 metamus?
3520 1944 3653 1997 Non

376 2036 586 2103 utique.
607 2034 659 2099 (α
685 2036 882 2102 simili)
901 2034 961 2090 Si
975 2034 1071 2089 alii
1087 2035 1378 2105 potestatis
1397 2041 1612 2098 vestrae,
1623 2039 2073 2105 pseudoaposloti,
2098 2036 2396 2108 participes
2414 2041 2567 2100 sunt,
2590 2039 2639 2089 si
2656 2038 2765 2089 alii
2787 2040 3109 2104 acceperunt
3126 2051 3161 2088 a
3174 2036 3320 2088 vobis
3340 2033 3652 2087 secundum

379 2124 522 2193 quod
543 2124 800 2191 potuistis
828 2124 980 2190 dare,
1002 2139 1175 2195 quare
1195 2139 1320 2192 ergo
1344 2140 1455 2178 non
1481 2124 1665 2196 potius
1686 2125 1888 2181 nos?9.
1913 2124 2022 2180 Sed
2048 2142 2162 2180 non
2186 2126 2274 2180 usi
2295 2142 2491 2181 sumus
2518 2125 2621 2178 hac
2640 2130 2935 2196 potestate,
2952 2124 3049 2177 sed
3073 2122 3263 2177 omnia
3281 2121 3653 2184 sustinemus,

383 2208 467 2268 10.
499 2227 570 2265 ne
593 2211 741 2283 quod
767 2211 1161 2267 oll'endiculum
1184 2213 1386 2268 demus
1410 2213 1706 2285 Evangelio
1736 2214 1964 2269 Christi.
1997 2215 2259 2269 Fortassis
2289 2217 2441 2269 enim
2463 2214 2826 2281 Evangelium
2853 2213 3062 2267 Christi
3080 2215 3271 2266 minus
3299 2213 3533 2266 libenter
3553 2227 3660 2264 au-

378 2301 583 2365 dirent,
618 2301 670 2353 si
697 2302 765 2354 ab
785 2303 859 2355 eis
888 2303 1107 2370 aliquid
1123 2304 1406 2370 acciperet.
1434 2301 1674 2357 Nescitis
1697 2304 1861 2371 (idem
1885 2320 1920 2357 a
1947 2306 2147 2373 simili)
2179 2303 2444 2375 quoniam
2470 2303 2563 2375 qui
2593 2303 2649 2357 in
2680 2301 2925 2357 sacrario
2958 2304 3147 2371 templi
3171 2301 3493 2356 Judzorum
3522 2315 3659 2370 ope-

380 2394 599 2454 rantur,
636 2406 760 2460 quee
812 2389 882 2444 de
924 2390 1166 2445 sacrario
1214 2395 1366 2458 sunt,
1406 2390 1471 2444 de
1515 2394 1785 2459 sacriﬁcio
1836 2395 2060 2459 scilicet,
2106 2393 2300 2458 edunt,
2345 2397 2400 2447 et
2450 2392 2545 2464 qui
2593 2390 2757 2446 altari
2806 2390 3130 2445 deserviunt
3182 2388 3271 2447 ‘ll.
3316 2405 3442 2444 cum
3482 2387 3659 2442 altari

380 2477 758 2557 participant?
782 2479 888 2547 Ita,
920 2495 1045 2550 ergo
1070 2480 1354 2542 similiter,
1377 2483 1435 2534 et
1456 2478 1729 2534 Dominus
1756 2479 2036 2536 ordinavit
2058 2481 2127 2535 iis
2156 2482 2252 2553 qui
2276 2480 2636 2553 Evangelium
2662 2479 3005 2534 annuntiant
3030 2480 3101 2533 de
3124 2478 3421 2550 Evangelio
3441 2477 3658 2531 vivere.

379 2566 498 2640 Ego
526 2571 717 2623 autem
745 2568 900 2623 nullo
927 2567 1131 2624 horum
1160 2584 1296 2625 usus
1324 2584 1468 2626 sum.
1491 2567 1619 2623 Non
1647 2574 1837 2624 autem
1864 2569 2062 2642 scripsi
2092 2571 2210 2625 haec
2237 2575 2319 2639 ut,
2347 2576 2411 2625 ut
2439 2571 2576 2641 quid
2601 2585 2637 2624 a
2660 2570 2807 2624 vobis
2833 2572 3074 2638 accipere
3101 2571 3286 2636 velim,
3317 2567 3399 2622 ita
3427 2566 3571 2622 ﬁant
3600 2565 3662 2621 in

1718 2791 2311 2864 COMMENTARIUS,

384 2991 537 3048 enim
573 2986 982 3047 comedendum
1013 3006 1108 3046 eos
1126 2989 1498 3060 mdiﬁmretis,
1531 2997 1589 3048 et
1605 2992 1680 3049 ita
1705 2994 1972 3067 perirent,
1993 2999 2040 3058 Α
2063 2997 2199 3052 bant
2224 2996 2305 3051 eis
2333 2997 2403 3051 de
2431 3000 2658 3051 terrena
2684 2994 2999 3051 substantia
3024 3010 3146 3057 sua,
3174 2998 3239 3048 ut
3264 2992 3473 3047 nullius
3510 2989 3663 3046 indi-

383 3092 512 3138 cum
528 3078 742 3136 idolum
771 3078 985 3153 aliquid
1010 3095 1133 3135 esse
1160 3085 1446 3152 putarent.

453 3167 543 3226 18.
565 3169 774 3226 Lana.
800 3170 1036 3224 Carnem
1062 3172 1128 3224 in
1147 3175 1434 3224 aeternum.
1458 3170 1522 3226 Id
1545 3175 1647 3238 est,
1663 3188 1773 3227 non
1795 3173 1978 3227 solum

385 3259 456 3314 ab
484 3258 610 3314 aliis
637 3258 792 3323 cibis,
845 3261 1076 3330 propter
1102 3256 1390 3313 vitandum
1430 3258 1620 3314 fratris
1651 3262 1978 3315 scandalum

384 3345 747 3412 abstinerem,
789 3346 887 3401 sed
926 3351 983 3400 et
1009 3362 1256 3412 carnem,
1280 3363 1403 3418 quae
1430 3347 1793 3404 suavissimus
1830 3350 1980 3404 inter

388 3438 582 3490 omnes
618 3435 777 3490 cibus
801 3440 905 3501 est,
929 3434 987 3489 in
1016 3440 1288 3489 aeternum
1316 3435 1677 3491 dimitterem.

464 3523 630 3580 CAP.
655 3525 815 3579 IX.—
832 3523 1097 3582 LLam.
1116 3525 1242 3579 Non
1266 3541 1391 3579 sum
1421 3527 1586 3580 liber?
1608 3528 1759 3591 Etsi,
1779 3527 1980 3598 inquit,

389 3614 559 3670 liceat
583 3612 738 3668 vobis
773 3612 1086 3686 idolothyta
1132 3612 1317 3679 edere,
1349 3629 1463 3667 non
1504 3619 1698 3669 tamen
1746 3615 1981 3684 debetis,

390 3699 536 3760 sicut
576 3719 699 3775 ego,
731 3702 836 3757 etsi
885 3701 1115 3769 liceret;
1159 3717 1273 3756 non
1318 3706 1508 3757 tamen
1559 3720 1593 3758 a
1641 3702 1817 3770 vobis,
1859 3721 1987 3759 cum

390 3792 777 3866 praedicarem,
808 3789 1087 3863 stipendia
1109 3790 1315 3862 accepi.
1340 3790 1459 3847 Hoc
1494 3792 1823 3864 Apostolum
1849 3794 1990 3848 velle

395 3881 692 3955 sequentia
718 3881 1032 3937 declarant.

452 3968 508 4029 2.
539 3971 662 4027 Νοη
687 3986 813 4026 sum
843 3972 1126 4040 Apostolus
1145 3974 1169 4023 ?
1195 3969 1566 4025 Commendat
1593 3971 1987 4026 auctoritatem

391 4075 573 4129 suam,
615 4059 746 4133 quia
774 4075 808 4114 a
838 4075 898 4115 se
938 4057 1200 4130 superius
1229 4063 1627 4130 argumentum
1655 4059 1913 4130 sumpsit.

466 4146 520 4207 3.
561 4151 704 4220 Opus
749 4164 960 4204 meum.
1008 4147 1118 4202 Per
1142 4147 1266 4212 hoc,
1300 4148 1503 4219 inquit,
1538 4147 1813 4219 probatur
1858 4148 1991 4220 quia

394 4240 705 4313 Apostolus
753 4243 811 4294 et
846 4236 1116 4309 magister
1142 4242 1326 4292 vester
1353 4253 1497 4303 sum,
1529 4236 1660 4308 quia
1687 4254 1784 4293 vos
1821 4237 1989 4292 disci-

392 4330 512 4403 puli
537 4330 648 4384 mei
677 4329 812 4384 estis
841 4327 898 4382 in
927 4328 1038 4382 ﬁde
1066 4326 1294 4382 Christi.

467 4420 519 4475 4.
550 4419 669 4472 Mea
706 4419 964 4485 defensio.
998 4416 1237 4481 Quidam
1276 4415 1537 4471 dicebant
1564 4432 1691 4471 eum
1724 4433 1839 4472 non
1868 4433 1989 4471 esse

397 4506 752 4579 Apostolum,
781 4521 846 4559 eo
875 4506 1023 4576 quod
1045 4505 1344 4560 Dominum
1373 4522 1487 4560 non
1515 4506 1760 4565 vidisset.
1785 4512 1842 4561 et
1868 4506 1991 4560 nul-

393 4595 509 4650 lam
547 4599 773 4666 gentem
819 4593 889 4648 ad
934 4592 1237 4648 Dominum
1283 4593 1662 4649 convertisset.
1703 4594 1992 4649 Adversus

398 4683 741 4739 calumniam
762 4698 956 4737 eorum
981 4683 1126 4736 hanc
1146 4682 1528 4736 defensionem
1549 4683 1883 4754 opponebat,
1903 4682 1991 4736 di--

398 4788 529 4828 cens
561 4788 622 4827 se
658 4778 716 4827 et
742 4770 1047 4826 Dominum
1075 4770 1280 4826 vidisse
1319 4776 1377 4826 et
1405 4770 1723 4826 Corinthios
1760 4787 1991 4826 conver-

397 4861 554 4917 tisse.

461 4952 511 5007 5.
543 4952 784 5008 Aususr.
818 4951 936 5019 (lib.
981 4951 1055 5005 De
1109 4965 1267 5019 opere
1297 4965 1471 5016 mon.,
1504 4965 1552 5003 c.
1599 4948 1652 5013 4,
1691 4954 1828 5003 tom.
1866 4946 1988 5021 III).

398 5042 674 5111 Nunquid
723 5056 836 5095 non
884 5040 1162 5093 habemus.
1196 5038 1457 5093 Ostendit
1491 5037 1596 5092 sibi
1643 5038 1811 5093 licere
1846 5038 1995 5110 quod

400 5131 616 5187 caeteris
644 5129 933 5202 apostolis,
972 5128 1030 5183 id
1058 5133 1165 5191 est,
1195 5133 1261 5183 ut
1297 5144 1409 5182 non
1439 5133 1704 5199 operetur
1732 5128 1994 5183 manibus

399 5222 553 5289 suis;
614 5220 711 5276 sed
755 5236 820 5274 ex
856 5218 1163 5289 Evangelio
1202 5217 1368 5279 vivat,
1420 5217 1565 5273 sicut
1600 5218 1875 5272 Dominus
1913 5218 1994 5272 eis

397 5310 709 5366 constituit.
740 5308 901 5374 Quod
930 5308 989 5363 in
1019 5306 1492 5379 consequentibus
1522 5306 1872 5376 apertissime
1902 5307 1996 5361 de-

402 5398 753 5454 monstravit.
779 5396 871 5453 Ad
900 5398 1005 5452 hoc
1026 5396 1175 5452 enim
1206 5397 1397 5452 fideles
1417 5391 1702 5459 mulieres,
1722 5397 1993 5452 habentes

398 5492 685 5544 terrenam
727 5487 1125 5556 substantiam,
1148 5486 1308 5543 ibant
1343 5503 1472 5543 cum
1507 5487 1589 5543 eis
1623 5492 1680 5543 et
1710 5487 1991 5543 ministra-

2056 3090 2258 3156 gerent
2281 3085 2482 3139 horum
2512 3100 2634 3155 quae
2663 3083 2735 3137 ad
2761 3081 3139 3138 necessarium
3169 3082 3340 3153 hujus
3369 3081 3492 3136 vitae
3529 3094 3661 3153 per-

2059 3175 2261 3230 tinent.

2132 3261 2185 3319 6.
2219 3264 2402 3332 (ibid.,
2434 3279 2481 3317 c.
2508 3263 2578 3332 εἰ).
2602 3263 2723 3317 Νοη
2743 3262 3003 3321 habemus
3022 3266 3361 3330 potestatem.
3391 3259 3459 3314 In
3480 3259 3662 3314 Evan-

2059 3351 2204 3422 gelio
2231 3352 2379 3406 enim
2410 3351 2680 3423 scriptum
2710 3356 2796 3405 est
2831 3368 2843 3403 :
2883 3351 2950 3405 Et
2973 3352 3186 3418 factum
3211 3354 3285 3403 est
3313 3351 3581 3417 deinceps,
3610 3354 3665 3402 et

2065 3442 2175 3508 ipse
2187 3442 2293 3493 iter
2308 3441 2539 3507 faciebat
2555 3455 2653 3508 per
2671 3441 2945 3492 civitatem
2959 3442 3006 3491 et
3026 3440 3264 3503 castella,
3287 3437 3595 3506 praedicans
3611 3440 3667 3490 et

2066 3530 2454 3596 erange/izans
2488 3543 2723 3596 regnum
2766 3528 2882 3590 Dei,
2916 3532 2964 3580 et
2993 3528 3275 3580 duodecim
3303 3542 3429 3580 cum
3464 3527 3584 3591 illo,
3611 3531 3667 3579 et

2068 3620 2327 3672 mulieres
2349 3633 2466 3686 quae
2481 3622 2641 3671 erant
2658 3617 3209 3684 curalzaspiritibus
3230 3617 3495 3683 malignis
3514 3620 3563 3668 et
3576 3617 3670 3668 in-

2070 3708 2454 3776 ﬁrmitatibus,
2474 3707 2678 3770 Maria,
2700 3722 2818 3774 quae
2845 3710 3074 3762 vocatur
3095 3705 3433 3772 Magdalene,
3463 3705 3526 3757 de
3551 3719 3669 3773 qua

2070 3797 2343 3850 daemonia
2386 3800 2583 3864 septem
2613 3797 2838 3864 ejecerat
2876 3796 3146 3849 bominus
3193 3796 3346 3847 Jesus
3386 3793 3663 3859 Christus,

2070 3887 2292 3939 Joanna
2318 3900 2463 3939 umor
2486 3885 2673 3940 Ghusw
2687 3886 3067 3952 procuratoris
3094 3884 3343 3950 Herodis,
3364 3887 3417 3936 et
3447 3880 3668 3937 Susan-

2073 3989 2168 4041 na,
2201 3979 2249 4027 et
2263 3976 2390 4028 alia:
2410 3976 2597 4028 multa
2619 3989 2737 4042 quae
2756 3974 3157 4027 ministrabant
3183 3975 3236 4026 ei
3269 3973 3336 4026 dc
3372 3973 3668 4039 facultati-

2073 4064 2170 4116 bus
2189 4066 2325 4117 suis.

2142 4152 2191 4207 7-
2247 4153 2471 4207 uanos
2520 4152 2628 4206 Hoc
2674 4152 2957 4219 operandi.
3009 4150 3118 4204 Pro
3166 4148 3495 4221 accipiendi,
3534 4165 3668 4222 Ope-

2072 4241 2253 4305 randi,
2285 4240 2384 4303 ait,
2408 4246 2473 4295 ut
2499 4240 2789 4295 honestius
2817 4240 3161 4311 loqueretur.

2006 4318 2053 4378 B
2141 4327 2194 4385 8.
2228 4328 2436 4384 LANFR.
2470 4332 2557 4384 An
2605 4334 2826 4399 propter
2858 4345 2972 4396 nos,
3015 4334 3120 4383 etc.
3155 4327 3417 4384 Ostendit
3445 4327 3550 4383 hoc
3587 4328 3670 4383 di-

2070 4425 2220 4475 ctum
2252 4437 2372 4475 esse
2413 4420 2482 4474 de
2512 4419 2987 4491 praedicatoribus,
3020 4423 3119 4473 aut
3146 4419 3294 4472 enim
3325 4418 3393 4472 de
3424 4418 3534 4471 illis
3564 4424 3668 4473 aut

2071 4509 2140 4564 de
2171 4509 2362 4573 bobus,
2383 4509 2480 4564 sed
2511 4509 2580 4563 de
2600 4509 2777 4563 bobus
2797 4525 2909 4563 non
2934 4526 2946 4575 ;
2981 4524 3093 4562 non
3114 4507 3263 4562 enim
3287 4512 3371 4561 est
3396 4522 3533 4561 cura
3549 4506 3668 4562 Deo

2073 4598 2142 4653 de
2172 4599 2288 4665 his;
2317 4615 2451 4669 ergo
2479 4598 2691 4652 dictum
2720 4602 2805 4651 est
2829 4597 2898 4651 de
2928 4594 3405 4669 praedicatoribus.

2151 4683 2205 4739 9.
2240 4691 2475 4739 Ausus'r.
2511 4684 2614 4738 Sed
2644 4699 2755 4737 non
2777 4685 2869 4736 usi
2898 4698 3108 4745 sumus.
3143 4681 3265 4746 Qua
3285 4684 3561 4752 potestate
3589 4679 3672 4735 di-

2072 4772 2149 4827 cit
2169 4788 2230 4826 se
2260 4788 2371 4826 non
2392 4788 2576 4837 nsum,
2590 4771 2699 4827 nisi
2717 4788 2884 4843 quam
2912 4771 3155 4826 habebat
3174 4769 3231 4824 in
3253 4786 3349 4824 eos
3377 4786 3412 4823 a
3432 4769 3672 4825 Domino

2074 4871 2380 4932 acceptam,
2418 4868 2483 4916 ut
2534 4878 2725 4916 eorum
2764 4862 3013 4916 carnalia
3065 4866 3319 4927 meteret,
3351 4860 3424 4914 ad
3459 4859 3671 4914 victum

2074 4950 2241 5020 hujus
2278 4949 2423 5015 vitae,
2453 4967 2575 5020 quae
2598 4951 2655 5005 in
2683 4966 2851 5005 carne
2879 4950 3085 5019 agitur.

2161 5036 2247 5095 10.
2283 5039 2486 5093 Lmen.
2541 5042 2620 5094 Ne
2649 5041 2792 5110 quod
2820 5042 3233 5108 o/I‘endiculum,
3268 5039 3323 5093 id
3364 5042 3467 5105 est,
3498 5038 3675 5110 impe-

2076 5129 2412 5184 dimentum.
2447 5129 2707 5184 Fortasse
2735 5130 2885 5184 enim
2917 5129 3279 5198 Evangelium
3326 5127 3539 5183 Christi
3571 5127 3676 5182 mi-

2076 5235 2183 5273 nus
2204 5217 2445 5273 libenter
2463 5218 2743 5278 audirent.
2768 5219 2815 5273 si
2846 5217 2917 5273 ab
2948 5218 3030 5272 eis
3058 5217 3267 5289 aliquid
3300 5217 3599 5288 acciperet.

2148 5307 2232 5364 il.
2269 5307 2405 5362 Cum
2449 5311 2625 5362 altari
2652 5310 3089 5377 participantur.
3137 5307 3271 5360 Pars
3311 5306 3459 5360 enim
3506 5322 3678 5377 super

2074 5397 2253 5451 altare
2281 5413 2402 5452 com
2412 5395 2736 5463 burebatur,
2756 5400 2813 5450 et
2834 5412 2965 5469 pars
2997 5395 3275 5450 ministris
3296 5394 3490 5449 altaris
3520 5394 3581 5449 in
3605 5394 3679 5449 ci-

2074 5484 2174 5542 bos
2203 5485 2549 5542 servabatur.
