4040 6186
292 275 394 332 185
960 275 1037 329 ΙΝ
1074 275 1141 329 D.
1183 274 1399 330 PAULI
1441 273 1670 330 EPIST.
1704 272 2085 329 MNT.
2130 282 2203 313 —'
2232 271 2459 328 EPIBT.
2500 272 2661 329 I_AD
2699 274 2864 332 COR.
3440 270 3552 333 *1”

291 415 405 464 me;
423 403 554 464 σε
578 396 659 464 12,
689 397 775 464 13,
813 397 1019 453 bonum
1038 402 1126 452 est
1146 398 1298 452 enim
1322 399 1462 454 mihi
1496 399 1677 470 magis
1690 399 1832 453 mori
1862 397 1946 452 14.
1967 411 2138 468 quam
2152 401 2217 451 ut
2232 396 2471 467 gloriam
2494 414 2676 453 meam
2692 399 2824 471 quis
2835 399 3550 470 evacuatNam'si'emnge-

291 489 542 552 lizavero,
570 494 795 556 propter
821 492 1124 554 sumptum,
1164 485 1244 542 15.
1276 504 1389 541 non
1405 492 1493 542 est
1520 488 1657 541 mihi
1688 486 1905 557 gloria;
1936 486 2401 540 necessitasenim
2418 488 2738 555 famismihi
2759 488 3063 544 incumbit:
3088 486 3170 554 16,
3198 488 3279 545 l7.
3303 489 3547 543 vaenim

288 577 423 631 mihi
452 582 540 631 est
565 577 615 631 si
644 593 757 631 non
788 576 1235 647 evangelizavero
1258 578 1269 630 !
1304 576 1363 631 Si
1383 577 1535 631 enim
1553 577 1744 631 volens
1771 580 1891 631 sine
1915 579 2160 644 sumpta,
2180 578 2242 630 id
2260 579 2552 643 esl,g-ratis
2572 577 2676 631 hoc
2703 593 2828 647 ago,
2854 578 3169 632 mercedem
3194 577 3401 631 habeo:
3421 580 3547 645 glo-

284 668 374 719 ria
400 671 477 720 est
507 668 671 720 mihi.
703 666 762 720 Si
794 671 984 719 autem
1008 665 1233 721 invitus.
1266 667 1327 719 id
1344 672 1439 731 est,
1466 682 1571 735 pro
1598 668 1888 735 stipendio,
1917 665 2260 736 dispensatio
2288 664 2427 719 mihi
2455 665 2668 719 credita
2696 671 2803 722 est.
2830 668 3004 734 Quam
3028 670 3080 720 si
3106 669 3319 721 invitus
3341 666 3544 732 facere,

285 756 484 808 uiderit
520 757 632 823 ipse
658 757 798 824 quid
826 757 891 809 de
911 771 997 808 me
1018 761 1172 821 agat.
1205 755 1340 818 Quae
1364 760 1452 809 est
1478 772 1611 826 ergo
1632 772 1844 810 merces
1875 754 2035 809 mea?
2063 757 2131 809 In
2153 772 2258 824 quo
2286 770 2411 822 ergo
2440 771 2641 808 merces
2660 758 2958 810 constituta
2985 761 3081 810 est.
3107 757 3173 810 In
3196 756 3295 810 hoc
3320 756 3543 820 scilicet,

283 848 346 897 ut
367 844 731 914 Evangelium
759 844 1084 915 praedicans,
1118 843 1239 898 sine
1266 851 1517 916 sumptu,
1551 846 1622 898 ab
1646 846 1996 899 auditoribus
2023 850 2469 914 accepto,ponam
2497 843 2883 912 Evangelium,
2917 849 2982 899 ut
3000 860 3113 899 non
3142 843 3344 898 abutar
3362 847 3547 913 potes—

284 936 395 985 tate
416 949 543 986 mea
571 932 631 986 in
661 932 977 1002 Evangelio.
1007 933 1148 986 Nam
1191 934 1268 985 l8.
1301 950 1431 987 cum
1451 934 1598 987 liber
1615 951 1793 988 essem
1818 950 1889 988 ex
1923 932 2201 994 omnibus,
2232 931 2481 986 omnium
2511 948 2602 985 me
2617 948 2838 986 servum
2864 932 2987 997 feci,
3020 916 3267 1001 moribus
3288 932 3548 985 omnium

283 1023 635 1085 concordem,
669 1027 731 1074 ut
750 1021 939 1091 plures
969 1020 1371 1074 lucrifacerem.
1412 1019 1492 1077 19.
1526 1020 1615 1077 20.
1650 1022 1718 1076 Et
1746 1022 1925 1076 factus
1953 1038 2078 1076 sum
2108 1020 2315 1075 Judaais
2336 1026 2622 1091 tamquam
2662 1020 2906 1082 Iudaeus,
2939 1026 3005 1075 ut
3025 1020 3246 1075 Judaaos
3272 1020 3543 1085 lucrarer,

281 1107 367 1174 21,
400 1108 491 1164 2‘2.
523 1110 595 1163 iis
617 1109 714 1180 qui
736 1110 842 1163 sub
865 1111 985 1179 lege
1020 1115 1171 1168 sunt.
1200 1109 1588 1164 Samaritanos
1617 1113 1772 1175 dicit,
1801 1114 1901 1179 qui
1930 1116 2039 1178 legi
2066 1112 2259 1176 Moysi,
2294 1124 2407 1162 mm
2428 1109 2706 1176 prophetis
2739 1109 3066 1172 obaudiunt,
3099 1107 3256 1178 quasi
3295 1105 3397 1160 sub
3426 1107 3550 1177 lege

284 1213 463 1252 essem
491 1202 504 1241 ί
512 1215 641 1252 cum
662 1200 781 1270 ipse
795 1215 907 1252 non
923 1215 1102 1252 essem
1116 1198 1220 1251 sub
1239 1199 1364 1267 lege
1391 1201 1644 1267 Judaica)
1677 1204 1743 1253 ut
1760 1216 1856 1253 eos
1886 1200 1983 1270 qui
2013 1199 2116 1253 sub
2143 1198 2267 1267 lege
2288 1197 2849 1252 erantlucrifacerem
2876 1215 2889 1249 :
2921 1196 2990 1250 iis
3019 1197 3115 1266 qui
3141 1196 3265 1250 sine
3284 1184 3548 1265 lege“

281 1292 456 1351 erant,
490 1290 762 1354 gentibus,
805 1293 1073 1358 tanquam
1117 1288 1237 1341 sine
1282 1288 1405 1358 lege
1445 1304 1625 1342 essem
1658 1294 1800 1350 (cum
1835 1289 1956 1343 sine
1988 1289 2110 1358 lege
2141 1287 2239 1341 Dei
2270 1303 2382 1340 non
2417 1302 2619 1347 essem,
2651 1286 2749 1340 sed
2777 1285 2836 1339 in
2866 1286 2991 1355 lege
3019 1302 3195 1339 essm
3227 1284 3455 1343 Christi)
3480 1289 3545 1338 ut

282 1373 663 1429 lucrifacerem
692 1392 789 1430 eos
818 1376 914 1446 qui
939 1376 1060 1430 sine
1082 1377 1204 1447 lege
1232 1382 1396 1431 erant
1447 1375 1656 1442 23,24.
1683 1378 1887 1431 Factus
1915 1394 2039 1432 sum
2066 1376 2306 1431 inﬁrmis
2325 1377 2607 1441 infirmus,
2643 1378 3109 1431 condescendendo
3138 1377 3279 1440 illis,
3298 1380 3364 1429 ut
3387 1373 3546 1428 inﬁr-

280 1477 397 1516 mos
425 1464 834 1522 lucrifacerem.
867 1464 1141 1519 Omnibus
1169 1465 1359 1520 omnia
1371 1464 1550 1521 factus
1576 1483 1721 1533 sum,
1746 1472 1810 1520 ut
1834 1483 2030 1521 omnes
2045 1466 2284 1522 facerem
2313 1466 2515 1521 salvos.
2549 1465 2755 1521 Omnia
2773 1470 2985 1531 autem,
3002 1481 3147 1532 ergo,
3161 1463 3303 1518 facio
3319 1468 3547 1535 propter

1613 1722 2204 1780 COMMENTARIUS.

356 1942 434 2000 12.
469 1946 718 1999 AUGUS'r.
754 1946 869 2013 (lib.
908 1960 948 2000 ιι
998 1950 1070 2002 De
1098 1965 1259 2002 serm.
1295 1950 1542 2015 Domini,
1574 1951 1637 2002 in
1669 1947 2012 2008 monte.Aid
2034 1952 2136 2013 est,
2170 1947 2333 2002 famis
2385 1947 2693 2019 periculum
2729 1948 3038 2002 vitandum.
3090 1945 3298 2001 Probat
3324 1963 3452 2001 vero
3490 1946 3549 2001 in

283 2047 397 2102 cap.
440 2031 520 2096 16)
560 2038 778 2087 Bonum
801 2040 877 2087 est
906 2039 1053 2089 enim
1082 2038 1239 2090 mihi.
1276 2038 1392 2090 Hoc
1413 2037 1568 2101 dixit,
1601 2036 1735 2107 quia
1756 2038 1874 2107 jam
1958 2036 2099 2090 libro
2122 2038 2276 2108 quia,
2297 2037 2344 2090 si
2366 2035 2647 2108 praedicet,
2678 2036 2846 2091 famis
2871 2036 3180 2108 periculum
3204 2035 3399 2088 vitabit
3425 2054 3438 2101 ;
3470 2052 3548 2089 vae
3624 2076 3635 2087 .

280 2127 571 2185 statuerat,
606 2126 839 2193 propter
870 2124 1140 2194 quosdam
1164 2125 1507 2180 occasionem
1539 2132 1871 2197 quaerentes,
1958 2126 2126 2189 enim,
2153 2126 2207 2180 id
2239 2131 2343 2188 est.
2368 2126 2530 2180 famis
2551 2125 2859 2197 periculum
2887 2126 3153 2191 incurret,
3176 2124 3223 2179 si
3255 2141 3365 2179 non
3389 2140 3551 2179 evan-

273 2209 534 2263 manibus
554 2210 671 2264 suis
693 2211 898 2265 victum
918 2213 1249 2284 transigere.
1273 2211 1336 2268 Si
1359 2218 1508 2268 enim
1539 2218 1876 2283 euangeliza-

275 2314 418 2360 rero,
444 2298 652 2369 inquit,
686 2316 800 2353 non
838 2307 913 2354 est
942 2301 1085 2354 mihi
1111 2305 1311 2369 gloria,
1346 2302 1401 2356 id
1434 2307 1538 2369 est,
1570 2303 1618 2357 si
1643 2319 1877 2373 evange-

271 2385 514 2441 lizavero
557 2387 639 2442 ita
670 2393 738 2442 ut
776 2386 905 2460 [al.,
934 2394 999 2443 ut
1027 2390 1156 2460 ista]
1193 2392 1333 2445 ﬁant
1361 2392 1419 2445 in
1455 2408 1563 2457 me,
1596 2391 1652 2444 id
1684 2398 1785 2454 est,
1828 2392 1873 2445 si

272 2482 577 2548 propterea
605 2477 1079 2546 evangelizavero.
1097 2485 1162 2534 ut
1184 2480 1253 2533 ad
1274 2480 1430 2534 illam
1451 2480 1573 2551 [al.,
1596 2481 1715 2551 illa]
1745 2497 1872 2551 per-

270 2564 518 2629 veniam,
544 2570 603 2619 et
633 2566 802 2619 finem
832 2565 1122 2639 Evangelii
1152 2568 1207 2622 in
1239 2567 1381 2633 cibo,
1415 2573 1472 2623 et
1501 2575 1637 2640 potu
1667 2574 1724 2623 et
1752 2586 1872 2623 ves-

270 2653 380 2708 titu
401 2654 769 2709 collocavero.
803 2655 911 2710 Sed
943 2674 1117 2727 quare
1144 2673 1255 2711 non
1293 2662 1379 2712 est
1421 2659 1472 2712 ei
1499 2657 1722 2727 gloria?
1761 2659 1873 2712 Ne-

270 2742 508 2796 cessitas
536 2742 688 2796 enim
714 2743 1008 2811 incumbit,
1019 2745 1077 2798 id
1106 2751 1211 2811 est,
1235 2751 1299 2800 ut
1326 2746 1452 2800 ideo
1476 2746 1872 2816 evangelizem,

272 2831 406 2903 quia
431 2831 591 2886 unde
604 2832 785 2885 vivam
804 2849 919 2887 non
946 2832 1156 2901 habeo;
1189 2832 1290 2889 aut
1326 2840 1393 2890 ut
1417 2834 1705 2907 acquiram
1729 2842 1876 2889 tem-

268 2921 534 2991 poralem
566 2921 832 2985 fructum,
863 2921 933 2975 de
970 2923 1363 2994 praedicatione
1415 2931 1776 2979 :eternorum.
1818 2924 1877 2979 Si

275 3010 429 3064 enim
444 3011 571 3079 jam
591 3010 901 3063 necessitas
917 3011 1024 3065 erit
1048 3012 1107 3066 in
1128 3012 1444 3082 Evangelia,
1466 3030 1580 3068 non
1596 3014 1873 3068 voluntas.

272 3099 353 3151 Va:
382 3102 564 3158 enim,
593 3097 799 3168 inquit,
834 3101 994 3166 mihi,
1027 3104 1078 3153 si
1130 3117 1241 3155 non
1271 3106 1737 3169 euangelizavero.
1767 3103 1876 3159 Sed

262 3185 555 3257 quomodo
614 3188 996 3256 evangelizare
1044 3188 1251 3243 debet?
1296 3190 1518 3245 Scilicet
1557 3197 1621 3245 ut
1667 3191 1725 3245 in
1757 3191 1877 3262 ipso

1954 2215 2294 2286 gelizaverit.

2030 2301 2109 2358 18.
2147 2305 2283 2358 Cum
2314 2304 2454 2359 liber
2478 2320 2661 2358 essem.
2700 2302 2870 2368 Quasi
2934 2301 3146 2356 diceret
3175 2320 3188 2358 :
3221 2301 3329 2367 Qui
3367 2301 3551 2372 majus

1958 2391 2078 2459 feci,
2101 2392 2156 2447 id
2175 2392 2322 2464 quod
2346 2392 2650 2459 minusest,
2695 2393 2981 2464 negligere
3000 2409 3112 2447 non
3141 2391 3335 2446 debeo.
3367 2391 3552 2463 Majus

1958 2481 2105 2535 enim
2138 2498 2359 2536 servum
2392 2498 2452 2535 se
2481 2480 2740 2537 omnibus
2769 2482 2950 2536 facere
2979 2498 3146 2552 quam
3172 2486 3457 2552 sumptum
3481 2478 3550 2534 ab

1956 2569 2307 2624 auditoribus
2337 2586 2449 2624 non
2478 2571 2748 2641 accipere.
2780 2570 3041 2625 Liberum
3073 2575 3260 2624 autem
3293 2585 3353 2623 se
3378 2568 3551 2624 fuisse

1955 2659 2090 2713 dicit
2117 2675 2182 2712 ex
2208 2658 2651 2731 omnibus,quia,
2675 2658 2778 2714 sub
2798 2659 3007 2714 nullius
3021 2660 3180 2730 jugo,
3221 2658 3362 2714 nulli
3386 2657 3551 2729 quid-

1954 2763 2124 2818 quam
2154 2747 2412 2803 debebat.

2026 2836 2116 2892 19.
2144 2839 2389 2892 Auaosr.
2409 2839 2527 2901 (lib.
2549 2839 2621 2891 De
2641 2853 2797 2906 opere
2814 2853 3128 2911 mon.,cap.
3158 2835 3261 2904 ll).
3279 2837 3343 2891 Et
3370 2837 3551 2905 factus

1956 2942 2079 2979 sum
2100 2927 2342 2991 Juda'us,
2373 2925 2429 2979 id
2453 2931 2555 2990 est,
2578 2930 2644 2980 ut
2668 2942 2734 2980 eo
2772 2927 2938 2981 modo
2979 2926 3317 2987 subveniret,
3350 2928 3408 2979 et
3426 2939 3552 2978 car-

1959 3013 2074 3068 nali
2103 3014 2312 3079 Judaeo,
2364 3014 2450 3068 vel
2491 3031 2729 3085 pagano,
2761 3015 3038 3086 quomodo
3066 3014 3169 3068 sibi
3197 3013 3324 3085 ipsi,
3365 3013 3412 3068 si
3448 3013 3556 3068 hoc

1960 3108 2126 3169 esset,
2159 3103 2442 3158 subveniri
2500 3104 2783 3158 voluisset.
2838 3105 3077 3158 Portans
3127 3103 3325 3173 utique
3354 3118 3551 3158 eorum

1959 3193 2345 3247 inﬁrmitatem
2378 3193 2437 3247 in
2466 3193 2871 3264 compassionis
2901 3184 3288 3259 similitudine,
3319 3208 3432 3247 non
3456 3192 3555 3246 fal-

261 3273 596 3345 Evangelio,
627 3274 685 3328 in
705 3292 880 3345 regno
915 3277 1012 3331 Dei
1034 3284 1209 3347 ponat
1240 3281 1555 3333 mercedem
1604 3281 1691 3335 Ita
1723 3281 1873 3334 enim
1892 3263 1938 3321 B
1957 3282 2078 3336 lens
2106 3282 2166 3336 in
2188 3282 2462 3336 mendacii
2489 3263 2733 3337 ﬁctione.

261 3368 469 3433 potest.
498 3378 615 3417 non
643 3370 865 3418 coactus
886 3367 1400 3436 evangelizare,sed
1432 3368 1718 3424 volens.Si
1727 3372 1877 3423 enim

262 3456 475 3515 uolens,
504 3451 713 3523 inquit,
738 3454 834 3507 hoc
861 3454 1024 3521 facio,
1056 3459 1351 3510 mercedem
1377 3458 1560 3511 habeo.
1600 3458 1665 3513 Si
1692 3462 1878 3511 autem

262 3542 502 3599 invitus.
516 3541 850 3609 dispensatio
870 3544 1015 3596 mihi
1037 3546 1247 3598 credita
1269 3551 1363 3599 est.
1378 3545 1433 3599 id
1456 3552 1561 3611 est,
1585 3545 1631 3601 si
1652 3551 1878 3600 coactus

261 3627 461 3699 inopia
482 3645 681 3682 earum
704 3646 890 3684 rerum
925 3649 1047 3703 quae
1066 3634 1363 3704 temporali
1390 3635 1514 3689 vitae
1535 3640 1668 3689 sunt
1687 3651 1877 3689 neces-

264 3716 432 3770 saria:
461 3717 711 3788 praedico
756 3719 1137 3791 Evangelium,
1175 3722 1273 3776 alii
1327 3740 1429 3795 per
1461 3740 1551 3777 me
1590 3723 1878 3777 habebunt

262 3806 590 3860 mercedem
624 3807 927 3879 Evangelii.
963 3811 1059 3882 qui
1088 3812 1476 3883 Evangelium,
1536 3829 1625 3867 me
1674 3811 1876 3884 praedi-

261 3901 449 3954 cante.
486 3895 747 3966 diligent.

342 3981 431 4039 13.
465 3983 681 4037 Lassa.
725 3986 935 4040 Bonum
959 3992 1032 4040 est
1062 3991 1213 4042 enim
1246 3989 1586 4044 mihi.Ratio
1615 4006 1718 4044 cur
1738 3990 1880 4045 nolit

261 4069 559 4142 stipendia
585 4071 709 4125 dari
738 4072 870 4132 sibi.
892 4074 1111 4130 Periret
1136 4078 1282 4130 enim
1301 4079 1485 4148 gratia
1514 4096 1636 4144 sua,
1662 4096 1785 4150 quae
1815 4097 1878 4134 ex

261 4160 520 4229 gratuita
534 4161 928 4231 praedicatione
940 4166 1192 4235 procedit
1207 4185 1219 4231 ;
1239 4183 1361 4237 quae
1381 4184 1506 4222 cum
1521 4173 1883 4224 remunerate

264 4249 573 4304 convenire
594 4266 707 4305 non
743 4257 945 4322 posset.

339 4337 435 4390 14.
460 4339 643 4405 Quam
660 4346 722 4393 ut
750 4345 991 4407 gloriam
1018 4359 1215 4409 meam,
1236 4343 1484 4399 etc.Non
1504 4345 1650 4411 ideo,
1671 4346 1873 4418 inquit,

265 4426 653 4495 evangelizavi
682 4432 748 4481 ut
777 4430 910 4499 quid
949 4447 983 4484 a
1042 4431 1195 4486 vobis
1225 4433 1477 4505 accipere
1503 4435 1690 4488 velim.
1730 4437 1874 4489 Nam

260 4513 310 4567 si
338 4521 581 4584 propter
608 4516 713 4569 hoc
737 4520 1203 4589 evangelizavero,
1236 4538 1347 4576 non
1401 4523 1541 4576 mihi
1578 4524 1778 4593 gloria,
1818 4523 1876 4577 id

2031 3370 2118 3426 20.
2139 3375 2385 3426 AMBROS.
2419 3373 2486 3426 Et
2506 3375 2689 3439 factus
2718 3388 2843 3426 sum
2880 3373 3121 3425 Judzus.
3154 3370 3299 3436 Quia
3326 3376 3554 3443 propter

1961 3459 2286 3514 scandalum
2311 3460 2537 3514 illorum
2558 3459 3297 3525 circumciditTimotheum,
3320 3465 3377 3513 et
3399 3460 3554 3531 puri-

1961 3550 2159 3603 ﬁcatus
2178 3549 2733 3620 ascendittemplum,
2753 3554 2811 3603 et
2840 3548 3120 3603 consentit
3138 3549 3320 3619 legem
3342 3552 3400 3603 et
3422 3565 3554 3621 pro-

1958 3638 2158 3708 phetas
2174 3655 2294 3693 esse
2309 3656 2339 3692 a
2364 3638 2497 3703 Deo,
2521 3643 2579 3692 et
2597 3638 2665 3691 de
2680 3637 2789 3691 illis
2827 3637 3074 3691 ostendit
3099 3636 3384 3692 Christum
3408 3637 3557 3692 hunc

1960 3745 2079 3781 esse
2111 3728 2205 3799 qui
2234 3728 2546 3799 promissus
2572 3733 2675 3794 est,
2707 3733 2769 3781 ut
2796 3742 3058 3781 assensus
3083 3727 3207 3797 ejus
3226 3725 3459 3781 haberet
3480 3725 3554 3780 ef-

1958 3817 2186 3871 fectum.

2025 3905 2113 3960 21.
2153 3908 2225 3960 Iis
2254 3909 2353 3975 qui
2374 3907 2474 3960 sub
2528 3906 2651 3973 lege.
2714 3906 2786 3959 Hi
2839 3903 3181 3961 Samaritani
3222 3909 3551 3960 noscuntur.

1960 3996 2167 4067 Legem
2189 3996 2335 4049 enlm
2355 3995 2534 4049 solam
2576 3993 2877 4065 accipiunt,
2908 3995 2965 4049 id
3009 4000 3114 4057 est,
3146 3992 3320 4049 libros
3350 3994 3550 4067 Moysi,

1962 4090 2020 4140 et
2048 4089 2180 4139 sunt
2204 4101 2267 4138 ex
2299 4085 2572 4154 sanguine
2620 4085 2942 4149 Persarum,
2994 4099 3135 4154 quos
3178 4100 3274 4137 rex
3302 4083 3556 4155 Assyrio-

1962 4190 2109 4239 rum,
2144 4172 2377 4228 sublatis
2404 4174 2534 4228 filiis
2551 4173 2745 4238 Israel,
2768 4173 2829 4226 in
2846 4172 3227 4243 captivitatem
3257 4171 3461 4243 posuit,
3482 4172 3554 4226 ad

1961 4263 2253 4318 incolenda
2276 4264 2395 4316 loca
2411 4262 2699 4317 Samaria.

2030 4351 2118 4408 2‘2.
2146 4353 2329 4419 Iisqui
2356 4354 2475 4405 sine
2502 4355 2610 4418 lege
2646 4349 2866 4405 Asserit
2884 4348 3033 4403 enim
3059 4348 3190 4411 illis,
3220 4348 3277 4403 id
3295 4353 3401 4407 est.
3421 4365 3556 4422 gen-

1959 4440 2128 4506 tibus,
2156 4441 2317 4510 juxta
2337 4439 2625 4511 physicam
2646 4439 2945 4503 rationem,
2986 4438 3258 4494 mundum
3288 4438 3498 4494 factum
3521 4456 3557 4494 a

1959 4530 2111 4595 Deo;
2145 4536 2201 4584 et
2221 4530 2289 4583 ab
2321 4529 2440 4600 ipso
2470 4547 2572 4584 nos
2616 4530 2889 4601 originem
2918 4529 3141 4587 habere.
3177 4531 3266 4585 Ita
3295 4530 3445 4586 enim
3474 4516 3557 4587 ait

260 4606 371 4665 est.
390 4603 612 4655 moriar
631 4605 990 4661 atemaliter.
1016 4609 1161 4663 Nam
1192 4610 1401 4664 malum
1433 4617 1518 4665 est
1566 4612 1708 4666 mori
1735 4611 1933 4675 ωηο-α
1958 4619 2015 4673 in
2044 4618 2275 4673 Actibus
2305 4619 2721 4689 apostolorum:
2771 4617 2863 4675 Sic
2887 4622 3109 4690 quidem
3138 4637 3202 4675 ea:
3221 4623 3369 4675 vobis
3409 4622 3556 4676 dixe-

255 4690 565 4761 poralitcr,
591 4693 689 4747 sed
714 4694 901 4749 minus
915 4697 1125 4751 malum
1147 4714 1316 4768 quam
1335 4701 1675 4755 seternaliter
1704 4703 1872 4770 mori;

258 4787 319 4834 et
353 4780 466 4834 hoc
485 4787 577 4835 est
591 4783 740 4853 quod
756 4784 893 4838 dicit
906 4786 1355 4858 aequipollenter:
1380 4790 1597 4844 Bonum
1617 4796 1704 4845 est
1723 4791 1875 4844 enim

258 4869 411 4923 mihi
438 4872 625 4941 magis
648 4873 807 4927 mori.

338 4958 431 5015 15.
465 4960 595 5014 Non
625 4967 700 5015 est
722 4964 865 5018 mihi
893 4968 1099 5032 gloria.
1130 4965 1324 5020 Gloria
1352 4966 1468 5022 haec
1504 4984 1538 5022 a
1593 4969 1880 5025 voluntate

256 5048 552 5119 procedit,
586 5049 753 5121 longe
778 5051 956 5123 igitur
976 5070 1010 5108 a
1038 5056 1394 5111 necessitate.

329 5133 431 5194 16.
462 5140 543 5193 Va:
569 5144 721 5195 enim
742 5146 888 5197 mihi
906 5150 1016 5199 est!
1046 5147 1285 5218 Exponit
1306 5147 1377 5201 de
1415 5163 1526 5219 qua
1542 5150 1874 5205 necessitate

257 5225 439 5282 dicat.
455 5228 560 5282 Est
579 5230 726 5284 enim
749 5232 861 5285 alia
874 5236 1195 5301 necessitas,
1220 5253 1342 5307 quae
1362 5237 1420 5292 in
1457 5254 1647 5297 rerum
1667 5238 1874 5295 immu-

255 5315 555 5372 tabilitate
584 5320 859 5376 consistit.
1051 5354 1073 5384 τ

340 5403 434 5461 17.
466 5408 544 5461 Va
564 5412 715 5463 enim
733 5411 877 5465 mihi
896 5418 989 5478 est,
1010 5415 1092 5465 si!
1113 5417 1217 5478 etc_.
1242 5411 1366 5470 Non
1383 5420 1487 5476 est.
1504 5416 1706 5489 inquit,
1736 5419 1873 5473 mihi

256 5495 475 5563 gloria.
497 5497 547 5551 si
578 5504 805 5571 propter
825 5507 1112 5572 sumptum
1136 5503 1453 5573 praedicem,
1487 5505 1620 5577 quia
1648 5514 1876 5580 propter

259 5583 670 5641 necessitatem
700 5588 985 5644 vitandam
1005 5590 1110 5645 hoc
1142 5591 1307 5661 facio,
1337 5609 1469 5649 nam
1498 5601 1729 5669 propter
1768 5615 1869 5667 ve,

1958 4712 2095 4761 runt
2123 4725 2139 4761 :
2174 4710 2351 4777 Ipsius
2379 4714 2426 4761 el
2446 4725 2619 4775 genus
2639 4725 2850 4763 sumus.

2026 4794 2115 4851 23.
2141 4798 2332 4851 Factus
2350 4814 2475 4851 sum
2500 4799 2781 4865 inﬁrmus,
2818 4797 2873 4852 id
2903 4802 3007 4862 est,
3041 4797 3222 4853 factus
3249 4814 3373 4853 sum
3397 4797 3557 4855 inﬁr-

1965 4902 2090 4939 mus
2110 4892 2337 4957 propter
2366 4886 2638 4950 inﬁrmos,
2659 4886 2791 4940 dum
2824 4892 3055 4959 propter
3075 4887 3277 4943 fratres
3308 4904 3343 4942 a
3386 4887 3556 4945 licitis

1963 4974 2228 5039 abstinet,
2264 4990 2333 5027 ne
2363 4973 2473 5028 illis
2500 4975 2823 5031 scandalum
2847 4982 3098 5047 generet.

2033 5064 2122 5119 ‘24.
2146 5065 2397 5119 Araus'r.
2422 5064 2615 5118 Factus
2651 5082 2773 5119 sum
2807 5068 3095 5134 inﬁrmus.
3132 5067 3203 5122 Et
3233 5068 3356 5140 ipso
3377 5067 3556 5123 factus

1962 5153 2221 5225 inﬁrmus
2251 5169 2360 5223 quo
2399 5158 2676 5224 potestate
2704 5170 2808 5208 sua
2832 5154 2915 5208 uti
2957 5155 3153 5216 voluit.
3183 5163 3302 5211 tam
3332 5157 3555 5211 miseri-

1958 5242 2111 5296 cordi
2140 5242 2353 5295 scilicet
2381 5242 2585 5296 affectu
2609 5241 2871 5298 inductus
2898 5248 2965 5297 ut
2989 5244 3263 5315 cogitaret
3291 5242 3557 5315 quemad-

1958 5331 2188 5386 modum
2220 5348 2407 5386 secum
2432 5331 2523 5402 agi
2546 5331 2730 5395 vellet,
2764 5332 2811 5387 si
2837 5338 2895 5387 et
2917 5333 3038 5403 ipse
3063 5333 3141 5387 ita
3173 5333 3558 5390 inﬁrmaretur

1957 5426 2021 5475 ut
2050 5426 2240 5493 posset
2258 5421 2326 5475 de
2348 5420 2458 5475 illis
2480 5438 2581 5493 per
2601 5437 2740 5494 quos
2768 5420 2871 5477 sibi
2902 5412 3261 5493 Evangelium
3291 5421 3558 5493 praedica-

1957 5517 2132 5577 retur,
2158 5511 2206 5565 si
2221 5527 2316 5566 eos
2332 5510 2564 5576 videret,
2587 5516 2846 5584 sumptus
2876 5511 3145 5587 accipere,
3173 5512 3336 5585 quasi
3356 5511 3555 5585 merci-

1955 5600 2275 5657 moniorum
2309 5601 2592 5658 nundinas
2614 5599 2909 5675 suspiCari.
