3936 6178
439 279 540 340 187
1405 285 1470 339 Β.
1511 285 1929 343 LANFRANCI
1958 282 2324 346 CANTUAR.
2363 289 2700 346 ARCHIEP.
3591 290 3694 349 188

432 407 816 484 Evangelium,
845 421 910 471 ut
933 413 1211 486 particeps
1239 411 1379 480 ejus,
1402 409 1462 461 id
1489 414 1582 474 est,
1602 413 1921 478 evangelica:
1938 417 2474 482 recompensatisszis,
2516 413 2745 468 elﬁciar.
2777 411 2867 470 25.
2902 411 3141 468 Nescitis
3169 412 3316 484 quod
3346 411 3386 467 ii
3413 410 3504 470 ‘26.
3524 413 3621 484 qui
3639 415 3695 470 in

433 500 619 555 stadio
643 510 892 568 currunt,
911 519 1104 558 omnes
1128 499 1352 572 quidem
1375 501 1629 560 currunt,
1642 499 1739 552 sed
1766 516 1911 554 unus
1925 501 2128 573 accipit
2147 501 2402 556 bravium
2425 503 2436 556 !
2477 502 2569 557 Sic
2595 501 2804 556 currite
2822 507 2888 555 ut
2905 501 3392 572 comprehendatis
3417 501 3695 568 (bravium

431 591 898 661 praedicationis).
921 590 1114 648 Omnis
1127 594 1317 644 autem
1334 587 1393 658 (α
1422 587 1618 652 simili)
1641 587 1736 656 qui
1750 588 1807 642 in
1825 605 2005 659 agone
2017 590 2304 645 contendit
2320 593 2464 660 quod
2496 597 2558 645 ut
2585 591 3074 658 comprehendatis,
3104 592 3304 644 debetis
3331 591 3607 644 abstinere
3626 590 3695 645 ab

437 676 957 735 omnibusanocivis
982 697 1042 735 se
1063 679 1311 734 abstinet
1325 691 1376 731 4a
1404 678 1616 728 minori
1621 691 1632 739 )
1653 681 1710 729 et
1729 676 1807 730 illi
1823 678 2048 748 quidem
2059 682 2336 734 abstinent
2349 685 2412 734 ut
2429 679 2851 750 corruptibilem
2871 695 3135 733 coronam
3155 677 3431 748 accipiant
3454 695 3467 741 ;
3491 694 3592 732 nos
3602 695 3702 732 au-

435 765 549 817 tem
579 765 981 840 incorruptam.
1008 771 1120 840 Ego
1141 767 1313 838 igitur
1331 763 1411 818 sic
1429 780 1614 830 curro,
1643 771 1699 818 ut
1729 768 2118 836 incorruptam
2139 785 2394 823 coronam
2417 771 2710 838 accipiam,
2734 785 2846 822 non
2867 769 3029 840 quasi
3061 768 3118 822 in
3155 768 3457 827 incertum;
3484 767 3564 820 sic
3594 784 3698 837 pu-

433 867 566 922 gno,
591 870 701 910 non
721 858 880 927 quasi
895 874 1082 912 aerem
1099 856 1417 918 verberans,
1433 855 1492 907 id
1528 859 1600 908 est
1635 857 1695 908 in
1721 871 1980 921 vacuum,
1999 855 2091 912 27.
2105 858 2204 912 sed
2218 857 2430 928 castigo
2448 873 2650 928 corpus
2663 873 2850 910 meum
2865 863 2922 910 et
2936 857 2993 910 in
3025 855 3355 910 servitutem
3376 853 3591 924 redigo,
3622 870 3692 908 ne

435 938 596 1008 forte,
626 961 753 999 cum
781 947 907 1000 aliis
928 944 1362 1018 praedicaverim,
1390 943 1508 1014 ipse
1539 943 1811 1014 reprobus
1830 943 2067 1003 efﬁciat.

1866 1034 2107 1090 CAPUT
2136 1035 2202 1088 X.

511 1119 556 1176 1.
593 1122 733 1177 ΝοΙο
761 1126 912 1180 enim
953 1141 1048 1179 vos
1087 1125 1346 1195 ignorare
1375 1122 1596 1188 fratres,
1633 1122 1684 1176 2.
1721 1123 1985 1194 quoniam
2025 1128 2214 1194 patres
2247 1124 2424 1179 nostri
2474 1123 2524 1180 3.
2557 1141 2752 1180 omnes
2797 1124 2901 1178 sub
2942 1122 3089 1176 nube
3120 1123 3366 1183 fuerunt,
3399 1129 3457 1174 et
3500 1135 3703 1174 omnes

437 1224 594 1263 mare
612 1213 977 1278 transierunt,
991 1218 1048 1267 et
1071 1229 1266 1268 omnes
1297 1212 1356 1266 in
1381 1214 1728 1282 Moyse,05
1747 1215 1810 1265 in
1839 1215 2045 1266 ducatu
2073 1214 2246 1282 Moysi
2273 1213 2536 1284 baptizati
2558 1219 2691 1267 sunt
2710 1213 2766 1266 in
2787 1212 2933 1266 nube
2972 1218 3027 1265 et
3057 1212 3115 1264 in
3133 1209 3295 1273 mari,
3324 1207 3377 1264 4.
3411 1213 3465 1262 et
3496 1224 3692 1262 omnes

436 1299 710 1354 eamdem.
743 1303 794 1355 5.
826 1319 1029 1366 escam,
1062 1305 1206 1356 idem
1222 1306 1452 1356 illorum
1481 1303 1650 1365 cibus,
1677 1305 1776 1370 qui
1799 1307 1995 1366 noster,
2014 1319 2126 1356 non
2145 1305 2330 1370 specie,
2345 1304 2435 1356 sed
2449 1305 2852 1369 signiﬁcatione
2877 1317 3106 1365 manna,
3123 1298 3693 1369 spiritalem,aliquid

439 1387 866 1454 signiﬁcantem,
894 1392 1388 1456 manducaverunt,
1407 1396 1466 1444 et
1483 1407 1678 1444 omnes
1697 1391 1956 1445 eumdem
1986 1396 2180 1461 potum
2207 1391 2516 1461 spiritalem
2539 1389 2829 1456 biberunt;
2853 1386 2906 1444 6.
2930 1387 3219 1455 (bibebant
3233 1391 3443 1447 autem,
3468 1387 3531 1439 de
3550 1401 3699 1454 aqua

438 1489 557 1541 qua:
579 1481 1106 1548 pro/luensdepelra
1135 1476 1560 1548 consequebatur
1585 1496 1668 1532 eos
1719 1479 1787 1532 de
1823 1479 2086 1549 spiritali,
2123 1477 2176 1534 7.
2207 1485 2602 1550 consequente,
2627 1481 2942 1540 comitante,
2975 1493 3072 1530 eos
3092 1482 3285 1547 petra;
3325 1480 3484 1546 petra
3505 1480 3698 1528 autem

439 1567 562 1616 erat
595 1563 867 1629 Christus,
898 1569 1221 1634 signiﬁcans
1245 1567 1554 1633 Christum)
1582 1566 1635 1620 8.
1669 1566 1776 1620 Sed
1807 1583 1918 1621 non
1940 1568 1998 1622 in
2019 1567 2272 1638 pluribus
2297 1585 2490 1623 eorum
2515 1566 2931 1638 beneplacitum
2971 1572 3058 1620 est
3085 1566 3231 1632 Deo;
3267 1581 3398 1618 nam
3431 1561 3700 1633 prostrati

439 1655 572 1702 sunt
617 1651 675 1705 in
714 1653 934 1708 deserto
983 1655 1112 1709 Hec
1159 1660 1347 1708 autem
1375 1655 1435 1708 in
1463 1655 1643 1724 ﬁgura
1677 1655 1821 1710 facta
1874 1661 2008 1710 sunt
2056 1656 2254 1720 nostri,
2287 1663 2352 1710 ut
2381 1673 2492 1711 non
2521 1657 2698 1712 simus
2727 1655 3180 1728 concupiscentes
3215 1655 3511 1714 malorum,
3553 1651 3704 1704 sicut

439 1740 496 1789 et
523 1736 605 1792 illi
626 1742 1043 1812 concupierunt.
1077 1743 1233 1799 Sicut
1271 1747 1421 1797 enim
1465 1746 1558 1797 illi
1593 1747 1920 1812 periremus.
1983 1744 2179 1815 Neque
2233 1742 2542 1798 idololatrae
2594 1741 2932 1806 eiliciamini,
2973 1742 3119 1796 sicut
3156 1741 3388 1813 quidam
3432 1757 3496 1794 ex
3535 1737 3694 1810 ipsis,

439 1828 912 1895 quemadmodum
937 1833 1206 1902 scriptum
1237 1837 1325 1885 est
1351 1834 1415 1884 in
1431 1832 1634 1892 Exodo,
1667 1846 1816 1886 χχχιι
1850 1846 1862 1881 :
1897 1832 2056 1886 Sedit
2079 1835 2317 1904 populus
2337 1832 2673 1886 manducare
2705 1837 2761 1884 et
2789 1830 3060 1896 bibere,et
3085 1835 3450 1885 surrexerunt
3479 1827 3696 1893 ludere,

439 1929 625 1968 coram
651 1919 794 1972 idolo
824 1922 1045 1973 scilicet.
1081 1921 1275 1990 Neque
1293 1919 1654 1985 fornicemur,
1688 1921 2005 1974 discedendo
2034 1937 2070 1974 ιι
2097 1926 2251 1974 cultu
2281 1923 2491 1985 divino,
2520 1920 2665 1975 sicut
2693 1920 2920 1990 quidam
2961 1936 3025 1974 ex
3071 1919 3206 1991 ipsis
3235 1916 3494 1973 fornicati
3533 1922 3688 1981 sunt,

440 2015 565 2053 cum
597 2006 818 2068 ﬁliabus
839 2009 1233 2070 Moabitarum,
1259 2013 1315 2062 et
1341 2007 1664 2062 ceciderunt
1707 2024 1818 2061 una
1868 2009 1958 2062 die
2005 2009 2199 2079 viginti
2250 2009 2358 2063 tria
2400 2008 2593 2073 millia,
2628 2013 2677 2062 et
2725 2025 2820 2062 nos
2872 2011 3154 2062 similiter.
3191 2009 3384 2078 Neque
3414 2010 3702 2060 tentemus

441 2087 727 2144 Christum
762 2111 775 2158 ;
811 2098 1032 2158 (etenim
1057 2099 1367 2164 periremus
1405 2101 1466 2148 ut
1497 2099 1605 2165 illi)
1659 2097 1803 2151 sicut
1842 2097 2072 2167 quidam
2118 2115 2313 2153 eorum
2367 2104 2743 2159 tentaverunt,
2791 2100 3024 2152 dicentes
3058 2117 3073 2151 :
3105 2097 3381 2164 Nunquid
3417 2100 3465 2148 et
3498 2110 3703 2163 panem
3785 2156 3788 2157 ν

433 2181 635 2243 poterit
661 2180 795 2234 dare
823 2188 922 2235 aut
947 2200 1153 2251 parare
1183 2200 1431 2239 mensam
1478 2189 1676 2254 populo
1701 2202 1800 2240 suo
1821 2191 1844 2238 ?
1881 2192 1938 2240 et
1982 2203 2017 2240 a
2045 2185 2399 2257 serpentibus
2444 2186 2750 2257 perierunt.
2785 2187 2979 2256 Neque
3011 2182 3513 2247 murmuraveritis,
3549 2182 3708 2237 sicut

443 2265 672 2335 quidam
700 2285 915 2337 eorum,
946 2279 1168 2341 propter
1188 2290 1415 2342 aquam,
1441 2281 1957 2332 murmuraverunt.
1981 2282 2039 2330 et
2055 2276 2342 2347 perierunt
2359 2274 2428 2329 ab
2447 2277 2642 2342 angelo
2657 2274 3109 2328 exterminatore.
3138 2274 3267 2328 Haec
3289 2276 3480 2326 autem
3511 2271 3710 2325 omnia

442 2355 559 2408 ideo
584 2357 711 2411 dixi
727 2363 860 2426 quia
890 2361 948 2415 in
977 2361 1157 2432 ﬁgura
1179 2362 1583 2432 contingebant
1609 2364 1751 2431 illis;
1786 2365 1995 2436 scripta
2024 2370 2156 2420 sunt
2192 2370 2402 2430 autem,
2449 2381 2594 2433 ergo,
2619 2365 2690 2418 ad
2729 2365 3137 2436 correptionem
3170 2367 3442 2425 nostram,
3466 2360 3524 2414 in
3562 2377 3708 2432 quos

439 2442 582 2498 ﬁnes
609 2448 938 2503 saeculorum
965 2453 1186 2518 (ultima
1215 2457 1362 2516 aetas,
1398 2457 1479 2506 vel
1510 2453 1780 2521 Christus)
1809 2454 2171 2507 devenerunt.
2203 2453 2399 2523 Itaque
2425 2452 2520 2523 qui
2551 2468 2610 2506 se
2642 2451 2927 2506 existimat
2944 2456 3111 2518 stare,
3149 2453 3300 2520 (quia
3320 2452 3413 2504 illi
3425 2453 3707 2517 peccantes

441 2534 771 2598 ceciderunt,
791 2542 839 2589 et
871 2555 967 2592 nos
989 2541 1111 2593 licet
1137 2541 1428 2609 baptizati)
1450 2540 1634 2595 videat
1662 2558 1732 2596 ne
1755 2542 1935 2596 cadat.
1959 2542 2011 2606 9,
2041 2539 2122 2596 10.
2146 2541 2406 2596 Tentatio
2426 2557 2519 2594 vos
2540 2557 2652 2595 non
2674 2541 3080 2613 apprehendat,
3107 2555 3191 2605 ne,
3208 2543 3270 2592 ut
3297 2539 3407 2603 illi,
3430 2539 3703 2608 parcatis,

444 2619 554 2674 nisi
573 2621 842 2691 humana,
868 2627 931 2679 de
960 2629 1094 2693 cibo,
1111 2634 1262 2696 potu,
1293 2632 1600 2698 ceterisque
1631 2632 1856 2685 talibus.
1888 2629 1978 2685 ll.
2010 2629 2216 2683 Fidelis
2248 2635 2439 2684 autem
2468 2630 2619 2684 Deus
2671 2636 2775 2698 est,
2799 2629 2896 2702 qui
2941 2646 3053 2685 non
3095 2627 3341 2700 patietur
3369 2642 3463 2682 vos
3490 2623 3709 2680 tentari

1790 2734 2378 2791 COMMENTARIUS.

510 2815 599 2872 95.
625 2820 836 2875 LANFR.
880 2824 1111 2877 Nescitis
1139 2826 1285 2892 quod
1313 2827 1391 2879 hi.
1438 2827 1628 2881 Monet
1669 2841 1764 2880 eos
1802 2842 1914 2880 non
1951 2825 2096 2883 itaA
2182 2822 2213 2879 4
2253 2825 2462 2880 ΙλΑΝιτιι.
2511 2825 2706 2880 Omnes
2733 2827 2978 2880 eamdem
3009 2841 3204 2890 escam,
3239 2822 3297 2877 id
3345 2827 3449 2888 est,
3479 2820 3708 2892 qualem

441 2921 672 2962 currere
687 2909 910 2975 debere,
937 2911 1083 2966 sicut
1111 2914 1206 2982 qui
1237 2914 1295 2968 in
1335 2914 1516 2969 stadio
1536 2921 1789 2970 currunt.
1822 2914 2030 2968 Omnes
2111 2917 2374 2978 rectores,
2412 2913 2583 2967 talem
2610 2919 2666 2968 et
2694 2913 2789 2984 qui
2816 2911 3175 2983 regebantur,
3205 2909 3461 2965 videlicet
3474 2923 3702 2963 manna.

435 2995 587 3051 enim
607 3003 858 3062 currunt,
882 2999 980 3054 sed
1014 3017 1155 3055 unus
1183 3001 1385 3074 accipit
1413 3001 1908 3058 bravium.Fideles
1927 3017 2028 3055 au-
2185 3001 2235 3054 5.
2265 3003 2458 3056 Escam
2481 3005 2812 3070 spiritalem,
2846 3002 2901 3055 id
2946 3007 3050 3062 est,
3086 2999 3438 3072 spiritualem
3491 2996 3705 3051 intelli-

439 3089 574 3151 tem,
618 3087 666 3141 si
704 3087 845 3142 bene
863 3090 1230 3156 cucurrerint,
1265 3108 1459 3146 omnes
1484 3091 1920 3146 coronabuntur.
2111 3089 2360 3160 gentiam
2387 3091 2705 3156 habentem,
2738 3091 2950 3146 scilicet
2979 3088 3231 3160 corporis
3255 3086 3485 3142 Christi.

511 3174 599 3230 26.
635 3177 741 3243 Qui
770 3181 832 3230 in
883 3180 1060 3232 stadio
1107 3186 1370 3234 currunt.
1404 3180 1573 3250 Ergo,
1606 3180 1810 3251 inquit,
1851 3179 2031 3233 factus
2184 3179 2235 3232 6.
2262 3180 2514 3232 AUGUST.
2540 3180 2734 3245 Quzst.
2759 3195 2923 3247 super
2957 3180 3103 3232 Vetus
3128 3179 3283 3242 Test.,
3312 3191 3476 3244 super
3504 3175 3703 3240 Num.,

440 3263 630 3317 omnia
645 3265 1019 3330 omnibus,sic
1032 3283 1196 3321 curro
1212 3268 1658 3338 praedicandomt
1672 3268 2032 3338 comprehen-
2114 3265 2210 3321 lib.
2234 3280 2309 3331 IV,
2335 3272 2530 3337 quaest.
2553 3265 2638 3330 35,
2664 3274 2799 3320 tom.
2842 3266 2936 3321 IV.
2960 3268 3213 3320 Bibebant
3242 3269 3449 3318 autem.
3484 3262 3707 3332 Signiﬁ-

440 3351 572 3405 dam
601 3351 853 3408 bravium
879 3355 1187 3424 Evangelii,
1221 3361 1279 3409 et
1319 3372 1413 3410 vos
1441 3357 1520 3410 sic
1547 3356 1755 3410 currite
1791 3361 1852 3409 ut
1879 3371 2028 3408 com-
2113 3360 2236 3408 cata
2257 3359 2345 3408 est
2363 3371 2496 3425 ergo
2509 3355 2578 3408 de
2611 3355 2834 3409 Christo
2854 3356 3138 3426 proﬂuens
3163 3353 3350 3424 gratia
3370 3350 3699 3423 spiritualis,

439 3440 818 3509 prehendatis,
849 3442 1002 3496 scitis
1031 3442 1179 3497 enim
1203 3443 1336 3514 quia
1361 3461 1554 3498 omnes
1571 3445 1668 3515 qui
1696 3443 1778 3497 ita
1797 3449 2034 3498 currunt
2115 3442 2248 3513 quia
2263 3443 2498 3497 interior
2514 3443 2636 3497 sitis
2658 3444 3009 3513 irrigaretur.
3035 3441 3143 3497 Sed
3171 3441 3320 3512 quod
3344 3440 3499 3510 virga

440 3527 772 3598 κοφίνων
2113 3532 2293 3602 petra]
2313 3533 2642 3603 percutitur,
2666 3549 2799 3587 crux
2818 3531 3024 3586 Christi
3040 3533 3334 3600 ﬁguratur.
3353 3529 3529 3599 Ligno
3551 3527 3706 3582 enim

508 3614 597 3670 2’7.
631 3615 734 3671 Sed
773 3622 973 3686 castigo
1002 3636 1194 3689 corpus
1243 3637 1444 3674 meum.
1479 3620 1806 3692 Exemplum
1850 3620 2027 3690 ponit,
2112 3621 2410 3674 accedente
2439 3621 2508 3674 ad
2540 3627 2777 3692 petram,
2808 3621 2993 3691 gratia
3020 3620 3128 3673 ista
3156 3617 3422 3672 manavit.
3459 3618 3528 3671 Et
3554 3616 3706 3688 quod

439 3721 510 3758 ne
532 3705 854 3771 Christiani,
883 3713 1112 3778 propter
1139 3709 1316 3762 solam
1361 3710 1550 3774 ﬁdem,
1588 3709 1694 3764 nisi
1725 3709 1866 3763 bene
1895 3725 2030 3779 ope-
2112 3707 2197 3762 bis
2244 3709 2576 3780 percutitur,
2627 3709 2937 3764 evidentius
2981 3708 3265 3779 signiﬁcat
3300 3721 3541 3760 crucem.
3581 3705 3707 3759 Duo

437 3799 634 3848 rentur
661 3800 720 3848 et
749 3813 784 3849 a
807 3797 1048 3867 peccatis
1077 3797 1414 3866 abstineant,
1447 3799 1626 3853 salvos
1659 3813 1720 3852 se
1749 3799 1867 3852 fore
1895 3814 2029 3851 con-
2113 3798 2317 3868 quippe
2347 3797 2498 3868 ligna
2525 3803 2656 3853 sunt
2675 3815 2829 3853 crux.

436 3881 633 3939 ﬁdant.
2176 3887 2226 3940 7.
2258 3887 2466 3940 LANFR.
2513 3887 2873 3956 Consequente
2901 3902 3002 3940 eos.
3035 3885 3160 3939 Non
3190 3899 3383 3939 revera
3421 3888 3580 3954 petra
3623 3896 3708 3935 se-

509 3971 676 4025 CAP.
694 3973 763 4028 Χ.
785 4001 846 4014 -—
875 3973 919 4030 l.
934 3975 1140 4029 Laurn.
1163 3977 1299 4030 Νοιο
1314 3979 1465 4030 enim
1484 3993 1592 4042 vos,
1608 3981 1715 4033 etc.
1737 3974 1990 4045 Objectio
2013 3993 2024 4027 :
2113 3973 2389 4044 quebatur
2413 3975 2743 4043 exercitum;
2767 3976 2863 4030 sed
2893 3991 3042 4046 aqua
3063 3975 3243 4028 fluens
3267 3973 3336 4027 de
3371 3978 3550 4043 petra.
3585 3968 3708 4040 Spi-

438 4059 639 4114 Nullus
680 4060 990 4133 baptizatus
1034 4063 1459 4135 reprobabitur;
1514 4065 1660 4134 quod
1699 4063 1896 4135 probat
1933 4079 2088 4135 per_
2113 4062 2378 4116 ritualem
2407 4068 2594 4117 autem
2620 4080 2744 4117 eam
2764 4070 2923 4118 vocat
2965 4063 3099 4134 quia
3125 4061 3475 4134 spiritualem
3503 4058 3707 4114 intelli-

434 4156 622 4220 patres
652 4151 711 4205 in
741 4127 883 4206 mari
909 4127 1115 4207 Rubro-
1127 4152 1434 4224 baptizatos
1450 4127 2026 4222 conﬁrmatione,qui,
2047 4127 2094 4186 B
2112 4151 2362 4221 gentiam
2393 4151 2449 4204 in
2479 4168 2538 4205 se
2575 4151 2898 4206 continebat
2926 4127 3231 4208 Christum.

437 4239 570 4309 quia
599 4239 738 4294 bene
761 4257 872 4296 non
894 4242 1109 4314 operati
1139 4248 1291 4308 sunt,
1317 4242 1373 4296 in
1396 4242 1618 4297 deserto
1651 4242 1954 4312 perierunt.
2187 4239 2238 4294 8.
2253 4241 2360 4294 Sed
2371 4257 2483 4294 non
2506 4244 2566 4294 in
2586 4244 2864 4309 pluribus.
2889 4241 3060 4305 Quasi
3081 4240 3295 4294 diceret
3317 4256 3328 4290 :
3352 4241 3708 4292 sacramenta

504 4329 558 4384 2.
579 4332 853 4396 Quoniam
882 4337 1084 4399 patres,
1117 4337 1222 4385 etc.
1265 4331 1592 4402 Exemplum
1622 4331 1724 4385 hoc
1751 4331 1924 4402 ponit,
1962 4346 2031 4384 ne
2114 4334 2277 4382 erant
2305 4328 2520 4393 eadem,
2544 4329 2642 4383 sed
2674 4329 2786 4383 vita
2834 4329 3078 4398 diversa;
3124 4333 3294 4399 atque
3321 4327 3448 4381 ideo
3474 4324 3570 4378 alii
3591 4325 3707 4396 pla-

437 4417 1168 4490 Christianiproptersolam
1186 4420 1817 4491 ﬁdem,baptismum,et
1831 4423 2033 4474 caetera
2113 4433 2297 4482 cuere,
2331 4421 2388 4472 et
2414 4417 2509 4470 alii
2537 4433 2669 4471 non.

436 4517 806 4572 sacramenta,
839 4507 946 4560 nisi
1001 4507 1141 4562 bene
1199 4517 1522 4578 operentur,
1557 4509 1661 4563 etsi
1708 4524 1741 4562 a
1792 4507 2031 4578 peccatis
2184 4504 2234 4560 9.
2267 4507 2508 4561 Aususr.
2564 4505 2676 4565 llib.
2730 4520 2793 4560 ιι.
2827 4507 2897 4560 De
2943 4507 3210 4574 baptismo
3237 4506 3460 4573 parvul.
3506 4507 3708 4556 contra

437 4590 771 4656 abstineant,
806 4595 986 4648 salvos
1015 4611 1074 4648 se
1101 4611 1224 4649 esse
1256 4596 1560 4649 conﬁdant.
2113 4595 2335 4660 Donat,
2387 4611 2508 4666 cap.
2552 4593 2604 4660 5,
2639 4601 2778 4649 tom.
2832 4595 2976 4662 VII).
3015 4595 3260 4648 Tentatio
3286 4608 3392 4645 vos.
3435 4590 3708 4644 Homines

510 4679 560 4734 3.
594 4683 841 4736 Ausus'r.
902 4685 1024 4748 (tib.
1059 4697 1134 4737 xu
1184 4690 1376 4737 contra
1434 4687 1718 4748 Faustum,
1761 4700 1884 4753 cap.
1914 4681 2026 4750 29).
2113 4682 2262 4736 enim
2295 4699 2508 4738 sumus.
2534 4683 2692 4739 Unde
2713 4683 2863 4738 aliud
2886 4698 3082 4754 sapere
3109 4697 3277 4752 quam
3316 4696 3375 4734 se
3404 4695 3492 4733 res
3513 4677 3702 4742 habet,

443 4769 636 4823 Omnes
656 4772 755 4822 sub
786 4772 944 4826 nube.
980 4771 1271 4837 Columna,
1295 4771 1427 4841 quia
1447 4776 1632 4825 rectus
1661 4777 1719 4825 et
1738 4772 1955 4833 ﬁrmus,
1977 4777 2033 4825 et
2114 4771 2359 4826 humana
2387 4774 2620 4827 tentatio
2643 4779 2746 4828 est.
2774 4772 2953 4826 Nimis
2973 4777 3161 4825 autem
3204 4768 3446 4822 amando
3485 4772 3709 4821 senten-

441 4856 675 4911 fulciens
704 4857 1091 4913 inﬁrmitatem
1119 4867 1388 4925 nostram,
1414 4877 1514 4930 per
1553 4865 1771 4914 noctem
1801 4860 2026 4926 lucens;
2113 4861 2250 4914 tiam
2279 4862 2563 4926 suam,vel
2583 4861 2882 4915 invidendo
2906 4859 3254 4924 melioribus,
3284 4874 3460 4928 usque
3480 4855 3552 4910 ad
3569 4872 3708 4927 prae-

438 4933 699 5016 perdiem
717 4963 828 5001 non
867 4948 1074 5012 lucens.
1106 4956 1170 5006 ut
1189 4948 1286 5018 qui
1322 4965 1434 5002 non
1461 4948 1664 5011 vident,
1699 4948 1940 5014 videant,
1975 4953 2033 5002 et
2113 4948 2382 5019 cipiendee
2407 4949 2528 5018 [al.,
2562 4947 2946 5020 praecidendas]
2976 4944 3404 5008 communionis,
3449 4944 3535 4997 vel
3572 4959 3707 4998 con-

439 5033 535 5105 qui
564 5035 772 5096 vident.
804 5037 933 5090 caeci
964 5036 1319 5091 ﬁant.Rubet
1350 5044 1406 5092 et
1429 5051 1583 5092 mare
1613 5037 1899 5104 Rubrum;
1931 5037 2029 5091 ba-
2112 5037 2282 5092 dendi
2307 5037 2625 5091 schismatis
2656 5038 2738 5091 vel
2763 5036 2990 5092 haeresis
3009 5033 3361 5104 sacrilegium
3391 5031 3702 5104 pervenire,

437 5123 678 5194 ptismus
699 5125 895 5196 utique
912 5127 1185 5196 sanguine
1215 5126 1422 5181 Christi
1450 5133 1826 5189 consecratus,
1842 5127 2030 5182 hostes
2111 5125 2388 5180 diabolica
2415 5127 2775 5198 praesumptio
2803 5132 2907 5180 est.

435 5229 471 5268 a
497 5219 658 5284 tergo
696 5220 1012 5285 sequentes,
1073 5215 1394 5270 moriuntur
1435 5223 1661 5288 peccata
1705 5216 2024 5287 praeterita;
2189 5213 2269 5271 10.
2293 5216 2499 5270 Lara.
2531 5217 2776 5269 Tentatio
2809 5231 2917 5268 vos.
2951 5214 3214 5268 Humana
3240 5211 3478 5266 tentatio
3507 5216 3596 5266 est
3632 5209 3703 5264 de

435 5303 663 5358 ducitur
690 5304 929 5375 populus
961 5321 1060 5374 per
1116 5305 1420 5359 desertum.
1464 5306 1738 5377 Baptizati
1778 5307 2027 5360 nondum
2109 5303 2249 5369 cibo,
2273 5303 2343 5358 de
2372 5310 2526 5376 potu,
2559 5304 2628 5358 de
2658 5320 2855 5358 somno
2882 5308 2938 5390 et.
2966 5301 3184 5358 caeteris
3211 5300 3412 5372 quibus
3453 5300 3703 5354 humana

405 5395 408 5398 ’
435 5409 631 5449 omnes
655 5392 1009 5464 perfruentes
1042 5393 1225 5464 patria
1264 5394 1558 5465 promissa,
1591 5395 1686 5449 sed
1728 5395 1875 5466 quod
1915 5412 2025 5451 non
2109 5393 2405 5449 inﬁrmitas
2434 5409 2626 5448 carere
2646 5409 2758 5447 non
2788 5397 2975 5463 potest

435 5479 626 5538 vident
648 5483 1136 5555 sperando.etper
1155 5482 1870 5555 patientiamexspectando
1900 5486 2089 5547 tan-C
2182 5481 2263 5540 ll.
2289 5484 2492 5538 Fidelis
2530 5488 2738 5546 autem,
2790 5481 2846 5536 id
2883 5486 2986 5546 est,
3032 5476 3198 5535 faciet
3241 5479 3389 5558 quod
3418 5476 3696 5551 promisit.

434 5583 603 5640 quam
631 5569 688 5624 in
719 5569 942 5626 deserto
966 5569 1097 5626 sint.
