4040 6186
269 310 364 371 189
904 314 981 370 IN
1018 314 1084 368 D.
1130 314 1345 371 PAULI
1386 313 1608 370 EPIST.
1650 312 2021 369 COMMENT.
2064 345 2129 356 —
2174 315 2404 370 EPIST.
2447 316 2471 369 l
2508 314 2605 369 AD
2645 315 2806 371 COR.
3420 322 3527 379 190

259 454 427 510 supra
449 438 507 491 id
530 437 680 508 quod
702 437 934 508 potestis
962 442 1232 494 sustinere
1260 460 1274 503 ;
1316 427 1613 496 sed'faciet
1640 442 1809 496 etiam
1839 447 1963 496 cum
1995 443 2305 498 tentatione
2336 443 2414 499 I2.
2448 450 2799 515 proventum,
2831 445 3160 513 subsidium,
3194 452 3260 503 ut
3296 448 3526 518 possitis

255 527 549 580 sustinere.
582 524 665 580 13.
700 527 940 597 Propter
967 528 1135 597 quod.
1169 532 1269 595 qui
1295 532 1611 584 ceciderunt
1639 547 1703 583 ea:
1732 533 1863 599 ipsis
1887 528 1981 583 '23.
2003 533 2209 597 millia,
2247 532 2560 587 charissimi
2592 533 2747 597 mihi,
2792 534 2968 603 fugite
2998 533 3068 588 ab
3095 535 3370 591 idolorum
3401 538 3523 592 cul-

255 622 400 679 tura,
435 619 505 667 ut
532 615 905 685 prudentibus
933 616 1131 685 loquor
1158 620 1459 686 sequentia,
1483 634 1579 672 vos
1598 618 1704 688 ipsi
1731 619 1978 688 judicate
2001 619 2146 689 quod
2178 620 2320 673 dico.
2353 620 2441 675 11.
2468 621 2619 673 Calix
2648 620 3072 687 benedictionis,
3104 623 3196 677 cui
3228 640 3323 678 nos
3349 642 3525 680 sacer-

255 706 393 757 dotes
453 702 856 765 benedicimus,
894 721 1076 758 nonne
1105 706 1538 760 communicatio
1568 707 1873 776 Sanguinis
1902 708 2111 762 Christi
2141 712 2244 774 est,
2277 711 2412 777 facit
2444 725 2539 761 nos
2569 713 3035 764 communicantes
3059 715 3331 779 sanguini
3359 714 3522 768 Chri-

253 795 359 846 sti?
386 789 462 844 Et
502 791 683 861 panis,
721 808 887 861 quem
915 792 1245 862 frangimus,
1280 811 1467 848 nonne
1483 794 1852 878 .participatio
1881 797 2129 867 corporis
2156 802 2286 860 (ιθ
2315 797 2539 850 Domini
2566 797 2689 851 est?
2726 797 2810 853 15.
2843 798 3117 861 Quoniam
3154 806 3213 853 ut
3242 818 3389 855 unus
3418 819 3524 873 pa-

253 878 355 945 nis,
384 885 461 933 est
488 896 554 932 ex
582 883 797 941 multis,
830 897 1003 934 unum
1026 898 1227 953 corpus
1257 883 1418 936 multi
1450 899 1664 948 sumus,
1696 898 1890 936 omnes
1921 884 2016 953 qui
2042 884 2111 937 de
2158 901 2270 937 uno
2320 901 2463 955 pane
2494 885 2916 957 participamus.
2983 885 3061 942 l6.
3119 888 3316 942 Videte
3348 890 3521 946 Israel

252 967 562 1021 secundum
591 983 839 1031 carnem,
874 970 1016 1037 (alia
1044 972 1422 1023 similitudine
1448 973 1641 1039 probat
1662 973 1993 1025 comedenles
2012 974 2378 1040 idolotliytum
2409 977 2532 1040 ﬁeri
2559 978 2851 1043 participes
2863 976 3301 1031 damonioruml.
3321 978 3521 1034 Nonne

253 1055 343 1125 qui
370 1055 553 1109 edunt
581 1056 815 1119 hostias,
838 1056 852 1109 ‘l
866 1055 917 1109 7.
935 1057 1235 1127 participes
1250 1056 1626 1112 suntaltaris?
1643 1058 1789 1122 Quid
1806 1059 1974 1129 ergo?
1990 1076 2087 1127 per
2098 1061 2195 1113 hoc
2207 1062 2351 1128 quod
2368 1062 2486 1114 dico
2500 1065 2632 1115 tales
2651 1065 2776 1129 ﬁeri
2789 1067 3080 1132 participes
3097 1065 3517 1121 damoniorum.

253 1143 381 1198 Dico
412 1145 567 1214 quod
594 1145 761 1198 idolis
799 1145 1149 1199 immolatum
1173 1146 1248 1199 sit
1271 1146 1522 1216 aliquid?
1545 1151 1642 1200 aut
1667 1146 1815 1217 quod
1836 1147 2047 1200 idolum
2076 1148 2151 1202 sit
2170 1149 2418 1219 aliquid?
2449 1166 2559 1203 non
2603 1151 2710 1205 Sed
2728 1152 2846 1204 dico
2863 1141 3288 1221 quaaimmolant
3302 1161 3520 1224 gentes,

252 1232 545 1286 demoniis
573 1234 894 1298 immolant,
929 1241 986 1288 et
1015 1251 1128 1287 non
1150 1236 1283 1288 Deo.
1309 1236 1451 1289 Nolo
1480 1240 1671 1289 autem
1691 1252 1786 1289 vos
1800 1235 1997 1300 socios,
2033 1239 2352 1291 comedenda
2376 1239 2697 1305 idolothyta,
2734 1239 2855 1293 fieri
2877 1240 3299 1295 daemoniorum.
3317 1244 3521 1297 (Causa

249 1337 346 1375 cur
380 1324 687 1388 idololhyta
718 1325 989 1379 comedere
1011 1340 1122 1377 non
1150 1323 1416 1391 debeant).
1447 1324 1573 1377 Non
1604 1324 1838 1393 potestis
1867 1324 2099 1378 calicem
2122 1326 2345 1379 Domini
2368 1324 2582 1391 bibere,
2614 1331 2671 1381 et
2698 1327 2922 1381 calicem
2944 1330 3370 1398 paemoniorum.
3397 1331 3523 1385 Non

248 1410 484 1480 potestis
515 1426 723 1465 mense
754 1412 975 1465 Domini
1004 1412 1303 1483 participes
1323 1429 1462 1477 esse,
1503 1418 1561 1466 et
1590 1428 1796 1466 mensae
1816 1412 2241 1467 daemoniorum.
2276 1410 2363 1469 18.
2396 1416 2481 1467 An
2510 1415 2841 1469 aamulamur
2870 1416 3213 1470 Dominum?
3254 1418 3520 1487 Nunquid

247 1499 511 1552 fortiores
540 1499 637 1552 illo
666 1502 906 1553 sumus?
946 1501 1148 1555 Omnia
1177 1501 1316 1554 mihi
1338 1501 1525 1566 licent,
1548 1506 1803 1569 potestate
1834 1503 1998 1555 liberi
2024 1503 2273 1565 arbitrii,
2303 1502 2400 1555 sed
2426 1519 2537 1556 non
2558 1504 2748 1557 omnia
2767 1505 3086 1575 expediunt,
3101 1513 3356 1574 prosunt.
3385 1506 3523 1561 Om-

247 1587 340 1641 nia
368 1587 514 1640 mihi
546 1587 736 1651 licent,
758 1588 854 1642 sed
881 1605 992 1643 non
1023 1588 1214 1643 omnia
1242 1590 1540 1654 aediﬁcant,
1562 1594 1797 1658 prosunt
1820 1592 1971 1643 aliis.
2014 1590 2192 1642 Nemo
2223 1589 2370 1659 quod
2400 1606 2564 1644 suum
2595 1596 2681 1644 est
2700 1597 2916 1661 quaerat
2957 1594 3051 1647 sed
3088 1593 3236 1664 quod
3263 1594 3519 1649 alterius.

246 1677 512 1729 Debemus
540 1681 730 1728 autem
755 1692 995 1744 querere
1026 1693 1137 1730 non
1166 1681 1345 1731 solum
1372 1684 1581 1743 nostra,
1631 1680 1721 1731 sed
1769 1680 1936 1731 etiam
1967 1680 2219 1744 fratrum
2271 1680 2569 1733 commoda.
2604 1679 2805 1745 Omne,
2834 1679 2993 1749 (quia
3022 1684 3279 1749 superius
3306 1684 3522 1735 dixerat

250 1767 413 1817 licere
444 1764 815 1831 idolothytum
854 1766 1160 1829 comedere;
1187 1782 1339 1820 nunc
1356 1783 1481 1820 vero
1507 1767 1758 1834 probavit
1792 1782 1902 1819 non
1931 1767 2136 1821 debere.
2183 1768 2525 1821 Determinat
2553 1769 2690 1837 quid
2729 1771 2935 1822 comedi
2974 1771 3178 1835 debeat,
3220 1772 3356 1838 quid
3386 1772 3517 1837 non)

251 1851 397 1921 quod
425 1851 485 1904 in
520 1852 755 1906 macello
786 1853 973 1915 vaenit,
1006 1854 1360 1919 manducate,
1389 1855 1479 1908 1H.
1512 1854 1652 1907 nihil
1681 1854 2092 1924 interrogantes
2119 1860 2349 1926 propter
2375 1855 2794 1920 conscientiam,
2826 1862 2925 1924 (an
2953 1859 3025 1910 sit
3054 1858 3421 1924 idololhytum
3445 1872 3523 1910 an

252 1956 387 1995 non;
420 1946 485 1993 ut
510 1944 610 2008 qui
634 1946 817 2009 postea
848 1943 1091 1997 viderint
1124 1960 1212 1997 vos
1241 1945 1586 2014 comedentes,
1621 1944 1770 1997 illud
1796 1959 1884 1997 vos
1906 1959 2010 2011 pro
2025 1948 2211 1996 sancto
2236 1943 2429 1997 habere
2451 1960 2560 1997 non
2576 1947 2858 2013 aestiment)
2878 1946 3123 2008 Domini,
3139 1948 3344 2013 inquit,
3365 1960 3524 1998 omne

250 2030 391 2097 quod
420 2031 485 2081 in
516 2031 745 2083 macello
775 2034 957 2097 venit,
991 2036 1141 2085 terra
1160 2035 1310 2085 enim
1340 2037 1388 2085 et
1418 2036 1596 2085 omnis
1621 2032 1908 2100 plenitudo
1938 2034 2073 2099 ejus,
2101 2047 2201 2083 sua
2224 2036 2316 2096 est,
2342 2038 2404 2085 ut
2423 2035 2505 2084 ait
2530 2034 2826 2085 Psalmista
2852 2031 2974 2086 :20.
2999 2032 3223 2085 Domini
3238 2037 3326 2086 est
3346 2037 3520 2097 terra,

248 2122 305 2170 et
320 2116 616 2187 plenitudo
637 2119 776 2186 ejus.
800 2118 859 2172 Si
879 2120 1003 2190 quis
1021 2122 1094 2173 ad
1110 2137 1317 2175 cwnam
1346 2126 1508 2174 vocat
1526 2137 1621 2173 vos
1654 2119 1988 2183 infidelium,
2022 2133 2133 2172 non
2154 2120 2515 2185 credentium,
2546 2126 2603 2173 et
2629 2120 2795 2174 vultis
2813 2119 2897 2174 ire
2914 2138 2938 2186 ;'
2972 2136 3139 2174 omne
3171 2120 3321 2191 quod
3361 2119 3517 2177 vobis

246 2206 552 2276 apponitur
578 2206 937 2269 manducata,
967 2207 1107 2260 nihil
1137 2207 1553 2276 interrogantes
1579 2209 1646 2263 (si
1665 2209 1815 2260 enim
1838 2209 2229 2274 interrogares,
2262 2211 2311 2261 et
2327 2214 2508 2275 postea
2551 2210 2725 2263 sciens
2755 2210 3071 2273 comederes,
3124 2210 3523 2278 blasphemiam

247 2296 643 2363 aspicientium
665 2299 1000 2362 incurreres)
1032 2301 1263 2365 propter
1286 2294 1705 2361 conscientiam,
1733 2296 2021 2364 praebentis
2037 2308 2266 2348 caenam.
2300 2294 2355 2348 Si
2389 2293 2512 2365 quis
2542 2300 2733 2349 autem
2765 2295 2970 2350 dixerit
2998 2314 3009 2348 :
3037 2297 3155 2350 Hoc
3171 2296 3527 2351 immolatum

250 2388 335 2435 est
365 2382 569 2450 idolis;
592 2384 767 2437 nolite
804 2383 1164 2450 manducare,
1193 2389 1422 2455 propter
1446 2383 1605 2437 illum
1638 2382 1733 2453 qui
1761 2380 2045 2447 indicavit,
2094 2390 2151 2435 et
2179 2386 2408 2452 propter
2443 2382 2876 2450 conscientiam;
2910 2383 3310 2438 conscientiam
3336 2390 3522 2438 autem

248 2472 391 2538 dico,
425 2490 544 2527 non
580 2479 759 2539 tuam,
789 2475 887 2529 sed
915 2474 1166 2541 alterius,
1193 2477 1302 2530 hac
1318 2478 1660 2544 aspicientis.
1683 2471 1772 2535 2|,
1806 2468 1897 2526 22.
1915 2470 1991 2524 Ut
2018 2470 2151 2541 quid
2181 2470 2329 2524 enim
2352 2475 2516 2537 (licet,
2533 2476 2738 2541 inquit,
2768 2475 3134 2527 tuaelibertati
3158 2475 3525 2543 idolothytum

249 2560 520 2612 comedere
536 2577 551 2621 ;
576 2575 690 2613 non
711 2564 894 2615 tamen
922 2565 1046 2630 pati
1070 2565 1210 2616 alios
1233 2568 1279 2616 te
1293 2569 1518 2632 propter
1538 2564 1635 2616 hoc
1661 2566 1914 2629 arguere)
1934 2565 2057 2626 θ,
2092 2559 2322 2614 libertas
2363 2577 2487 2615 mea
2504 2561 2794 2630 judicatur
2822 2561 2892 2615 ab
2924 2561 3109 2616 aliena
3133 2562 3474 2616 conscientia
3501 2561 3526 2615 ’ἲ

251 2643 306 2699 Si
343 2662 448 2715 ego
475 2645 571 2716 23,
594 2646 686 2714 24,
714 2664 841 2703 cum
862 2651 1046 2720 gratia
1075 2651 1369 2724 participo,
1404 2651 1538 2722 quid
1562 2650 1922 2720 blasphemor
1937 2664 2038 2718 pro
2050 2664 2115 2701 eo
2131 2649 2279 2718 quod
2294 2649 2507 2719 gratias
2527 2650 2675 2719 ago?
2701 2650 2824 2704 Sive
2844 2666 2978 2721 ergo
3000 2650 3350 2705 manducatis
3360 2652 3527 2721 (quia

1615 2737 2206 2795 COMMENTARIUS.

248 2825 552 2880 Promissit
566 2828 719 2882 enim
736 2828 795 2883 in
815 2830 1006 2884 multis
1026 2831 1440 2902 Scripturarum
1461 2845 1692 2883 suarum
1710 2826 1909 2885 locisA
1929 2826 2061 2896 quia
2090 2826 2208 2896 ipse
2237 2842 2338 2880 nos
2366 2826 2610 2897 puniret.
2661 2826 2759 2880 Est
2788 2827 2936 2881 enim
2975 2826 3136 2880 nobis
3180 2826 3413 2893 fortior;
3470 2832 3529 2880 et

248 2931 306 2967 se
324 2915 520 2969 ﬁdeles
552 2933 685 2971 suos
716 2935 827 2972 non
856 2919 1232 2973 deserturum.
1931 2931 2032 2968 nos
2051 2931 2162 2968 non
2193 2931 2390 2968 sumus
2411 2915 2688 2979 fortiores,
2723 2931 2824 2969 nec
2852 2916 3110 2985 aequales.

319 3002 406 3056 12.
441 3006 804 3069 Proventum,
836 3008 891 3061 id
925 3013 1029 3074 est,
1058 3024 1184 3062 cum
1210 3005 1447 3060 tentatio
1497 3005 1730 3071 venerit,
1761 3005 1847 3058 fa-
2005 3001 2069 3058 19
2121 3003 2277 3056 Nihil
2303 3007 2723 3071 interrogantes.
2753 3001 2923 3066 Quasi
2951 3002 3156 3072 aliquis
3197 3001 3409 3055 diceret
3441 3019 3452 3053 :
3479 3001 3529 3055 si

251 3088 355 3143 ciet
374 3091 550 3144 etiam
582 3094 897 3162 provenire.
1930 3090 2426 3160 interrogaveritis,
2480 3096 2538 3144 et
2563 3089 2717 3144 vobis
2759 3106 3089 3160 responsum
3147 3089 3334 3155 fuerit,
3379 3089 3528 3160 quod

322 3176 403 3234 13.
446 3182 678 3249 Propter
694 3184 841 3250 quod
869 3184 1204 3250 charissimi,
1234 3182 1289 3237 id
1313 3188 1415 3247 est,
1444 3181 1578 3252 quia
1605 3181 1725 3235 sola
1751 3196 1851 3234 sa-

250 3273 536 3322 cramenta
565 3269 690 3324 illos
715 3271 932 3326 salvare
952 3288 1062 3326 non
1084 3277 1362 3343 poterant.
1393 3271 1461 3323 Et
1488 3270 1584 3341 qui
1611 3274 1745 3338 stat,
1767 3269 1849 3322 vi-

252 3354 377 3410 dere
407 3355 580 3411 debet
597 3375 669 3412 ne
696 3361 878 3415 cadat.

313 3444 404 3499 14.
439 3447 608 3500 Catia;
638 3449 1044 3504 benedictionis.
1083 3450 1317 3504 Summa
1346 3449 1522 3504 totius
1559 3447 1851 3503 sententiae

251 3532 361 3587 hac
391 3539 517 3588 est:
554 3536 689 3606 quia
706 3553 909 3608 corpus
938 3538 1158 3593 Domini
1189 3538 1506 3603 comedens,
1538 3543 1595 3592 et
1621 3537 1851 3607 sangui-

254 3636 372 3676 nem
402 3624 529 3693 ejus
559 3623 775 3689 bibens,
805 3627 966 3680 idolis
998 3628 1290 3681 immolata
1316 3628 1641 3697 contingere
1672 3632 1729 3680 et
1757 3642 1851 3681 co-

257 3712 475 3765 medere
497 3729 615 3767 non
636 3713 833 3778 debet;
864 3732 996 3769 nam
1026 3716 1303 3770 idolorum
1334 3715 1611 3786 particeps
1634 3716 1794 3768 fieret
1834 3732 1846 3778 ;

256 3800 397 3869 quod
428 3801 632 3871 probat
666 3821 677 3855 :
716 3803 823 3867 Qui
849 3804 999 3858 enim
1022 3804 1163 3859 bibit
1175 3804 1402 3859 calicem
1421 3804 1663 3869 Domini,
1689 3809 1745 3856 et
1758 3820 1852 3857 co-

252 3889 422 3942 medit
468 3907 675 3962 panem
697 3931 710 3957 ,
763 3892 820 3945 id
873 3897 960 3947 est
1008 3909 1211 3965 corpus
1249 3894 1391 3963 ejus,
1441 3892 1721 3964 particeps
1769 3897 1853 3946 est

249 3975 445 4048 ipsius.

326 4068 404 4123 15.
442 4068 715 4134 Quoniam
739 4085 886 4123 unus
906 4073 1090 4139 panis.
1129 4070 1368 4143 Exponit
1393 4069 1623 4125 modum
1642 4075 1700 4124 et
1726 4086 1853 4125 cau-

1931 3178 2095 3232 idolis
2119 3179 2192 3232 sit
2210 3179 2583 3242 immolatum,
2610 3178 2949 3233 conscientia
2979 3178 3254 3233 auditoris
3296 3177 3529 3231 robora-

1932 3265 2086 3320 bitur
2112 3267 2184 3320 ad
2206 3267 2544 3321 credendum
2570 3267 2718 3337 quod
2749 3267 2956 3337 aliquid
2984 3267 3059 3321 sit
3088 3267 3321 3321 idolum.
3504 3324 3508 3336 η

2002 3353 2092 3412 20.
2130 3358 2353 3409 Domini
2390 3361 2463 3410 est
2518 3361 2687 3410 terra.
2721 3356 2962 3411 Causam
2993 3356 3175 3410 reddit
3206 3371 3307 3410 cur
3331 3354 3535 3409 dixerit

1933 3444 2375 3515 superius,omne
2389 3446 2531 3512 quod
2544 3447 2608 3499 in
2620 3448 2917 3498 macellum
2930 3448 3091 3500 venit
3106 3446 3403 3499 manduca.

2002 3531 2092 3589 21.
2127 3534 2372 3586 Aunnos.
2416 3534 2478 3586 (lt
2527 3535 2663 3601 quid
2711 3535 2861 3588 enim
2890 3535 3116 3587 libertas
3142 3538 3166 3585 Ρ
3204 3532 3323 3585 Hoc
3374 3530 3532 3594 dicit.

1934 3621 2066 3692 quia
2094 3637 2221 3675 cum
2254 3620 2323 3674 ab
2374 3621 2509 3674 idoli
2533 3621 2828 3675 devotione
2861 3620 3201 3675 conscientia
3230 3618 3304 3673 sit
3334 3618 3529 3685 libera,

1933 3709 2065 3780 quid
2098 3726 2239 3780 opus
2272 3715 2358 3764 est
2387 3715 2712 3780 utputetur
2771 3710 2904 3781 quia
2955 3708 3329 3764 venerationis
3366 3723 3536 3764 causa

1935 3796 2066 3850 edat
2093 3798 2258 3853 idolis
2289 3798 2596 3855 immolata.

2004 3885 2093 3942 22.
2130 3888 2518 3942 Laurnascus.
2560 3888 2619 3942 Ut
2651 3889 2789 3956 quid
2808 3891 2959 3942 enim
3004 3889 3247 3944 libertas.
3281 3886 3536 3941 Libertas

1936 3975 2384 4030 Christianorum
2447 3980 2535 4030 est
2584 3975 2846 4031 omnibus
2902 3975 3038 4030 cibis
3069 3993 3195 4030 cum
3219 3975 3533 4047 gratiarum

1934 4065 2151 4119 actione
2182 4081 2345 4135 posse
2377 4065 2481 4119 uti.
2520 4064 2627 4118 Sed
2659 4064 2778 4119 haec
2808 4063 3038 4118 libertas
3069 4063 3139 4117 ab
3181 4064 3367 4118 aliena
3399 4080 3534 4119 con-

252 4171 386 4219 sam,
412 4173 527 4226 quo
555 4163 613 4212 et
638 4174 749 4228 qua
786 4158 926 4223 calix
983 4158 1384 4214 benedictionis
1439 4165 1496 4213 et
1544 4159 1705 4230 panis
1750 4153 2168 4238 quiBscientia
2211 4154 2550 4223 judicatura,
2618 4151 3072 4224 reprehensibilis
3104 4156 3161 4205 et
3211 4152 3534 4205 damnanda

252 4244 529 4314 frangitur
573 4246 711 4301 ﬁant
766 4247 1056 4318 accipienti
1087 4265 1217 4303 caro
1249 4255 1306 4303 et
1334 4248 1567 4318 sanguis
1616 4248 1842 4303 Christi.

253 4331 355 4385 Per
383 4333 661 4387 unitatem
686 4334 838 4388 enim
868 4336 1025 4406 panis
1056 4342 1115 4391 et
1140 4337 1415 4391 unitatem
1432 4336 1700 4407 corporis,
1716 4337 1849 4390 cha-

252 4418 475 4474 ritatem
504 4427 728 4493 oportet
748 4422 984 4494 intelligi
1003 4465 1017 4491 ,
1051 4442 1173 4496 qua:
1193 4425 1240 4478 si
1260 4424 1423 4489 desit,
1443 4424 1720 4494 judicium
1742 4422 1849 4477 sibi

252 4516 484 4565 sumunt
510 4511 607 4581 qui
625 4518 877 4567 sumunt.
907 4514 1131 4585 Typico,
1175 4514 1307 4569 dum
1361 4530 1508 4568 unus
1563 4514 1740 4584 panis,
1792 4522 1850 4571 et

250 4610 421 4649 unum
446 4614 670 4668 corpus.
705 4599 949 4653 Ecclesia
973 4600 1180 4654 dicitur
1208 4599 1436 4655 Christi.
1470 4616 1571 4671 pro
1604 4606 1661 4653 te
1700 4599 1848 4654 vide-

253 4683 393 4750 licet,
430 4687 566 4757 quia
593 4688 738 4742 sicut
766 4705 912 4743 unus
956 4689 1115 4761 panis
1172 4704 1236 4743 ex
1287 4688 1478 4744 multis
1531 4687 1742 4759 granis,
1794 4694 1850 4743 et

253 4789 423 4829 unum
476 4793 678 4847 corpus
731 4778 998 4832 membris
1035 4778 1421 4849 componitur;
1475 4778 1555 4831 sic
1609 4778 1855 4832 Ecclesia

255 4863 457 4917 Christi
500 4882 566 4919 ex
603 4866 792 4919 multis
823 4866 1098 4933 fidelibus,
1130 4866 1403 4920 charitate
1469 4870 1851 4919 connectente.

321 4952 404 5010 16.
450 4956 624 5009 Videte
661 4956 832 5010 Israel
880 4958 1181 5011 secundum
1229 4973 1473 5010 carnem.
1533 4954 1852 5011 Similitudo

255 5045 350 5104 est,
373 5042 445 5095 ad
475 5043 905 5114 intelligendum
936 5045 1083 5115 quod
1104 5045 1361 5115 superius
1384 5045 1594 5099 dictum
1613 5049 1717 5104 est.
1734 5061 1853 5100 car-

257 5145 391 5193 nem,
422 5131 482 5185 id
507 5139 614 5196 est;
647 5133 890 5187 carnalis
915 5133 1057 5205 legis
1076 5140 1350 5205 praecepta
1369 5139 1704 5189 servantem.

321 5218 401 5274 17.
429 5223 730 5290 Participes
750 5226 1120 5277 suntaltaris.
1172 5223 1262 5278 Sic
1281 5223 1377 5295 qui
1409 5224 1583 5278 edunt
1623 5240 1850 5279 carnem

257 5308 476 5376 Christi,
507 5315 567 5363 et
603 5311 937 5381 sanguinem
970 5312 1093 5381 ejus
1120 5311 1335 5377 bibunt,
1380 5312 1679 5384 participes
1731 5314 1850 5383 ejus

258 5402 396 5452 sunt.

319 5486 402 5540 18.
435 5488 525 5543 An
544 5489 881 5543 amulamur
895 5491 1196 5544 Dominum
1216 5496 1239 5543 ?
1251 5491 1336 5546 Ad
1356 5491 1703 5548 iracundiam
1720 5509 1847 5565 pro-

1932 4241 2264 4304 ostenditur,
2325 4242 2548 4312 quando
2580 4241 2869 4296 occasione
2898 4240 3075 4311 ipsius
3105 4239 3403 4301 libertatis,
3437 4238 3537 4293 ali-

1932 4329 2067 4400 quid
2097 4330 2350 4390 iacimus,
2391 4331 2558 4395 unde,
2595 4330 2844 4384 videntes
2872 4346 2994 4393 nos,
3028 4328 3241 4400 aliquid
3295 4327 3532 4400 impium

1932 4423 1989 4471 et
2018 4418 2348 4489 sacrilegum
2383 4420 2451 4473 de
2483 4418 2644 4472 nobis
2674 4417 2948 4489 suspicari
2979 4422 3276 4487 coguntur.

2000 4506 2090 4562 23.
2119 4508 2182 4562 Si
2212 4524 2302 4575 ego
2331 4524 2455 4561 cum
2483 4510 2693 4574 gratia.
2726 4507 2896 4570 Quasi
2928 4507 3141 4561 diceret
3172 4525 3184 4560 :
3211 4507 3279 4562 Et
3304 4506 3351 4561 si
3370 4506 3537 4561 liber-

1932 4599 2047 4649 tate
2079 4596 2410 4650 Christiana:
2439 4596 2748 4666 religionis,
2782 4612 2908 4650 cum
2956 4595 3273 4665 gratiarum
3318 4597 3538 4652 actione

1930 4685 2268 4756 participare
2301 4702 2527 4756 possum
2570 4685 2741 4739 etiam
2800 4684 2964 4738 idolis
3007 4684 3319 4749 immolata,
3354 4685 3537 4741 sciens

1936 4773 2148 4828 idolum
2181 4774 2320 4828 nihil
2350 4790 2471 4828 esse
2501 4779 2558 4827 et
2590 4773 2751 4827 bonis
2791 4774 3065 4828 creaturis
3096 4773 3198 4827 Dei
3229 4774 3367 4828 nihil
3398 4775 3534 4829 mali

1937 4878 2003 4916 ex
2051 4863 2148 4916 illa
2175 4863 2559 4917 immolatione
2590 4863 2870 4927 accedere,
2917 4868 2976 4916 et
3013 4862 3125 4916 illis
3156 4868 3378 4918 tantum
3411 4880 3532 4919 esse

1936 4958 2244 5025 peccatum,
2272 4953 2366 5023 qui
2386 4968 2487 5024 pro
2518 4951 2829 5007 reverentia
2859 4951 3035 5022 ipsius
3064 4951 3197 5006 idoli
3237 4953 3537 5009 comedunt

1933 5043 2084 5098 idolo
2107 5043 2481 5096 immolatum.
2506 5042 2753 5096 Stultum
2770 5040 2923 5096 enim
2954 5046 3039 5097 est
3052 5058 3154 5113 pro
3178 5042 3303 5113 ipsa
3326 5041 3538 5112 gratia-

1933 5149 2059 5189 rum
2092 5132 2309 5187 actione
2341 5131 2540 5186 cadere
2571 5132 2629 5185 in
2664 5130 3160 5204 blasphemiam,et
3180 5130 3536 5202 vituperatio-

1932 5240 2060 5278 nem
2095 5221 2485 5294 imperitorum
2522 5221 2813 5276 hominum
2841 5221 3160 5293 putantium
3191 5237 3281 5274 me
3320 5220 3533 5274 idolum

1904 5306 1909 5311 ’
1933 5312 2147 5384 aliquid
2175 5328 2443 5382 magnum
2484 5312 2823 5377 existimare,
2840 5311 3106 5383 quoniam
3124 5326 3214 5364 me
3231 5308 3538 5363 videntim-

1931 5402 2227 5458 molatium
2252 5418 2380 5455 cum
2409 5401 2724 5472 gratiarum
2756 5400 2974 5455 actione
3002 5397 3315 5452 comedere.

2001 5491 2091 5547 24.
2125 5492 2369 5545 Αδωικοδ.
2402 5488 2464 5544 Si
2491 5506 2583 5558 ego
2612 5505 2739 5545 cum
2764 5489 2976 5556 gratia.
3007 5486 3066 5541 Si
3088 5502 3191 5556 ego
3213 5485 3413 5556 gratim
3433 5485 3535 5542 Dei

256 5589 523 5643 vocamus,
572 5576 883 5650 idolothyta
911 5579 1302 5648 comedentes;
1336 5581 1483 5651 quod
1519 5597 1633 5637 non
1662 5582 1840 5650 decet,
1926 5580 2301 5647 communico,
2334 5578 2467 5651 quia
2512 5578 2571 5633 in
2602 5577 2778 5657 ipsius
2802 5574 3027 5630 nomine
3054 5574 3183 5645 edo,
3216 5574 3353 5647 quid
3395 5592 3534 5648 opus
