4040 6186
535 287 640 356 191
1511 296 1588 358 ,B.
1628 293 2043 356 LANFRANCI
2077 293 2438 354 CANTUAR.
2478 297 2810 365 ARCHIEP.
3698 298 3795 360 192

540 432 666 479 cum
691 419 1022 490 blasphemia
1051 424 1324 478 comedere
1352 438 1464 477 non
1489 423 1727 484 debetis),
1758 420 1874 476 sive
1903 419 2107 487 bibitis,
2140 420 2254 478 sive
2283 422 2435 480 aliud
2458 423 2594 494 quid
2621 423 2822 491 facitis,
2855 422 2944 482 25.
2978 425 3169 480 omnia
3198 425 3256 480 in
3279 425 3537 495 gloriam,
3571 425 3645 478 ad
3673 427 3795 480 lau-

541 506 663 566 dem
683 507 784 568 Dei
805 509 990 573 facite,
1019 511 1198 578 facere
1228 513 1444 577 debetis,
1476 510 1566 568 26.
1599 511 1722 566 sine
1749 510 2072 576 offensione,
2100 512 2161 564 id
2190 517 2264 566 est
2286 515 2578 581 placentes,
2608 519 2786 568 estote
2818 516 3014 569 debetis
3041 531 3149 570 esse
3163 515 3386 580 Judaeis,
3419 512 3508 569 ‘27.
3531 518 3590 570 et
3613 512 3796 584 genti-

541 593 646 649 bus
682 594 770 651 28.
807 604 864 653 et
889 599 1146 656 Eeclesiis
1183 601 1306 666 Dei,
1337 601 1482 655 sicut
1507 606 1564 656 et
1591 618 1694 672 ego
1737 617 1837 672 per
1862 601 2052 655 omnia
2077 599 2339 657 omnibus
2377 602 2588 672 placeo,
2621 618 2734 657 non
2775 619 3030 674 quaerens
3059 603 3210 674 quod
3243 603 3379 657 mihi
3410 606 3631 657 tantum
3663 601 3797 658 utile

544 688 648 749 est,
689 685 788 739 sed
819 687 967 757 quod
991 695 1065 742 est
1095 692 1233 743 utile
1257 689 1468 755 multis,
1495 695 1561 743 ut
1587 689 1724 742 salvi
1755 689 1911 744 fiant.

1989 812 2223 869 CAPUT
2258 814 2357 869 XI.

613 955 758 1020 Ergo
787 959 920 1024 quia
949 959 1095 1025 quod
1111 959 1256 1011 vobis
1275 963 1323 1012 et
1345 958 1539 1012 multis
1568 960 1705 1013 utile
1733 963 1806 1012 est
1834 973 2035 1026 quero,
2053 957 2366 1013 imitatores
2380 957 2492 1013 mei
2512 960 2861 1024 estote,sicut
2881 965 2939 1015 et
2957 977 3059 1030 ego
3076 959 3304 1016 Christi.
3334 959 3377 1015 ι.
3397 957 3586 1014 Laudo
3608 961 3794 1017 autem

542 1059 654 1106 vos,
677 1043 880 1099 fratres
899 1046 1108 1111 (ironia
1130 1049 1364 1101 vetserio
1381 1050 1658 1114 exparte).
1685 1047 1833 1118 quod
1863 1063 1962 1118 per
1979 1048 2170 1102 omnia
2197 1047 2307 1102 mei
2337 1065 2615 1104 memores
2635 1051 2785 1113 estis,
2822 1056 2880 1104 et
2905 1050 3050 1104 sicut
3078 1050 3282 1104 tradidi
3313 1048 3488 1112 vobis,
3523 1051 3797 1118 praecepta

540 1147 666 1186 mea
684 1133 908 1188 tenetis.
938 1134 1077 1188 Volo
1103 1140 1290 1188 autem
1309 1151 1406 1188 vos
1419 1135 1561 1190 scire
1575 1136 1726 1206 quod
1738 1135 1922 1189 omnis
1946 1135 2048 1190 viri
2067 1135 2120 1192 2.
2149 1143 2320 1209 caput
2343 1137 2600 1194 Christus
2616 1145 2728 1204 est;
2760 1146 2932 1210 caput
2950 1145 3139 1194 autem
3153 1138 3422 1203 mulieris,
3457 1137 3542 1192 vir
3577 1155 3590 1203 ;
3631 1139 3796 1205 caput

538 1236 668 1274 vero
699 1222 925 1288 Christi,
957 1224 1106 1278 Deus
1123 1224 1176 1287 3,
1207 1222 1260 1280 4.
1288 1225 1484 1286 Omnis
1512 1225 1595 1280 vir
1624 1243 1790 1280 orans
1820 1231 1919 1280 aut
1945 1228 2149 1293 futura
2180 1227 2520 1298 prophetans
2553 1229 2733 1282 velato
2765 1230 2965 1299 capite,
2998 1231 3057 1287 5.
3097 1230 3360 1300 deturpat
3406 1231 3576 1297 caput
3610 1241 3772 1279 suum

539 1314 735 1376 Omnis
764 1318 954 1369 autem
985 1313 1188 1368 mulier
1213 1329 1382 1368 orans
1411 1320 1511 1370 aut
1537 1315 1878 1386 prophetans
1906 1331 2018 1369 non
2039 1315 2219 1370 velato
2255 1316 2456 1387 capite,
2487 1316 2751 1388 deturpat
2793 1316 3008 1390 [caput]
3063 1334 3262 1383 suum;
3303 1332 3480 1370 unum
3510 1314 3659 1369 enim
3693 1318 3797 1377 est,

534 1409 664 1472 ω,
685 1420 845 1459 orare
870 1419 982 1458 non
1009 1406 1181 1457 velato
1197 1406 1390 1471 capite,
1421 1420 1486 1458 ac
1515 1403 1561 1457 si
1577 1404 1896 1458 decalvetur
1918 1405 2002 1471 (ab
2021 1407 2298 1459 anteriori
2313 1411 2470 1473 parte
2492 1409 2718 1474 capillos
2743 1409 2812 1461 ab
2835 1410 3071 1462 invicem
3092 1411 3330 1474 separat,
3357 1421 3483 1459 cum.
3504 1409 3667 1472 caput
3690 1417 3798 1456 non

537 1497 779 1548 velatum
810 1493 1005 1560 habet).
1034 1492 1178 1546 Nam
1207 1491 1256 1546 si
1277 1507 1390 1546 non
1420 1493 1636 1547 velatur
1655 1492 1873 1556 mulier,
1894 1491 2215 1556 tondeatur,
2231 1498 2348 1557 aut,
2371 1496 2578 1564 inquit,
2599 1495 2778 1548 velari
2795 1497 2942 1549 debet
2967 1500 3066 1549 aut
3087 1496 3338 1557 tonderi;
3358 1509 3467 1548 non
3487 1498 3671 1546 autem
3683 1492 3796 1548 hoc!

539 1583 688 1636 illud
715 1583 912 1648 igitur.
946 1579 1005 1634 Si
1035 1595 1162 1633 vero
1196 1585 1359 1651 turpe
1373 1587 1460 1635 est
1483 1581 1702 1636 mulieri
1718 1581 1937 1638 tonderi
1955 1586 2056 1635 aut
2079 1581 2374 1648 decalvari,
2393 1581 2542 1637 velet
2553 1588 2738 1654 caput.
2761 1583 2862 1637 Vir
2876 1583 3101 1655 quidem
3122 1599 3233 1638 non
3251 1581 3418 1636 debet
3433 1581 3616 1635 velare
3631 1583 3800 1651 caput

536 1685 723 1734 suum,
752 1668 1016 1738 quoniam
1035 1668 1086 1732 6,
1107 1668 1156 1722 7.
1189 1668 1377 1739 imago
1409 1675 1467 1724 et
1493 1670 1673 1739 gloria
1695 1670 1795 1724 Dei
1827 1671 2142 1732 est,mulier
2169 1677 2360 1727 autem
2386 1672 2567 1742 gloria
2587 1672 2690 1727 viri
2718 1678 2823 1728 est.
2856 1675 3116 1728 Rcmovet.
3155 1674 3280 1727 Non
3307 1671 3456 1726 enim
3494 1670 3599 1734 vir,
3638 1671 3698 1722 id
3727 1673 3799 1723 est

535 1759 734 1823 Adam,
767 1774 834 1812 ex
866 1757 1120 1823 muliere,
1156 1760 1216 1812 id
1237 1764 1330 1822 est,
1364 1760 1476 1813 Eva
1505 1765 1606 1823 est,
1643 1760 1742 1814 sed
1770 1760 1973 1815 mulier
2000 1777 2066 1814 ex
2090 1760 2206 1814 viro
2242 1763 2296 1830 (a
2326 1765 2470 1826 toto),
2507 1763 2626 1815 alia
2639 1765 2783 1815 ratio
2813 1765 3077 1832 quomodo
3109 1765 3317 1816 mulier
3337 1763 3520 1828 gloria
3559 1764 3634 1813 est
3663 1761 3795 1812 viri.

538 1845 758 1900 Etenim
792 1862 902 1901 non
931 1853 1018 1901 est
1045 1852 1266 1902 creatus
1291 1847 1375 1900 vir
1404 1854 1633 1918 propter
1663 1848 1955 1904 mulierem
1990 1851 2281 1917 (removet),
2309 1849 2407 1903 sed
2425 1849 2478 1903 8.
2510 1850 2712 1905 mulier
2724 1859 2953 1922 propter
2969 1853 3170 1905 virum.
3188 1851 3320 1905 Ideo
3335 1848 3502 1904 debet
3515 1845 3568 1905 9.
3595 1846 3798 1902 mulier

536 1942 872 2008 potestatem
906 1936 1112 1990 habere
1142 1953 1314 2008 supra
1339 1942 1509 2008 caput
1536 1954 1721 1990 suum.
1753 1936 1843 1993 10.
1868 1939 2106 2009 Propter
2130 1939 2380 2008 angelos,
2407 1941 2806 2007 praedicatores,
2839 1943 2919 1994 vel
2943 1941 3272 2007 angelorum
3298 1942 3670 2008 praesentiam.
3713 1934 3794 1991 ll.

535 2025 937 2080 Verumtamen
965 2041 1147 2096 neque
1171 2025 1254 2078 vir
1282 2024 1402 2079 sine
1431 2025 1685 2092 muliere,
1726 2042 1906 2097 neque
1946 2027 2150 2080 mulier
2179 2027 2300 2082 sine
2329 2027 2468 2090 viro,
2500 2027 2559 2081 in
2596 2027 2853 2093 Domino,
2887 2029 2945 2081 id
2977 2033 3074 2091 est,
3111 2031 3171 2081 in
3201 2029 3428 2081 Domini
3468 2027 3795 2094 operatione.

532 2113 679 2168 Nam
721 2113 867 2174 sicut
891 2113 1093 2167 mulier
1115 2114 1184 2168 de
1216 2114 1353 2178 viro,
1375 2114 1456 2168 ita
1477 2116 1702 2168 ethodie
1715 2115 1906 2186 virper
1919 2115 2247 2183 mulierem;
2284 2115 2366 2172 l2.
2399 2117 2590 2171 omnia
2605 2123 2815 2180 autem,
2831 2123 2880 2170 et
2894 2120 3001 2180 vir,
3020 2122 3066 2170 et
3081 2119 3285 2171 mulier
3304 2132 3372 2169 ex
3401 2113 3534 2169 Deo.
3566 2113 3678 2166 Vos
3694 2111 3799 2182 ipsi

529 2203 779 2274 judicate
807 2221 820 2271 ;
856 2203 1016 2258 decet
1036 2203 1329 2259 mulierem
1350 2220 1463 2258 non
1491 2204 1732 2259 velatam
1757 2208 1933 2274 capite
1966 2221 2129 2259 orare
2155 2204 2382 2259 Deum?
2441 2206 2557 2259 Nec
2586 2205 2710 2276 ipsa
2747 2210 2969 2272 natura,
3001 2207 3286 2260 naturalis
3317 2206 3487 2268 ratio,
3517 2201 3682 2258 docet
3705 2214 3801 2258 vos

1883 2345 2481 2404 COMMENTARIUS.

533 2491 619 2542 est
646 2488 762 2542 haec
788 2486 1052 2542 arbitrari
1077 2486 1324 2558 aliquem
1355 2486 1488 2558 quia
1531 2502 1634 2557 ego
1691 2487 1840 2541 idolo
1895 2487 2384 2555 devotusAgloria
2409 2492 2483 2541 est
2515 2488 2627 2542 Dei.
2662 2487 2841 2542 Credo
2866 2487 3005 2542 illud
3036 2503 3158 2542 esse
3205 2487 3266 2542 in
3309 2491 3515 2541 natura
3541 2485 3800 2541 humane
3865 2551 3872 2554 _

534 2576 661 2642 sim,
695 2577 827 2631 dum
861 2593 975 2630 non
1012 2576 1214 2630 horreo
1240 2593 1365 2647 qua:
1386 2575 1570 2630 oblata
1602 2581 1735 2630 sunt
1763 2574 1950 2629 idolo?

602 2662 692 2720 ‘25.
728 2665 929 2720 Omnia
979 2668 1040 2718 in
1096 2667 1279 2731 gloria
1323 2665 1433 2718 Dei.
1495 2665 1560 2718 In
1586 2663 1768 2733 gloria
1790 2663 1887 2717 Dei
1915 2663 2124 2734 aliquid

534 2753 617 2819 ﬁt,
650 2769 776 2807 cum
810 2753 869 2807 in
897 2751 1112 2807 actibus
1131 2758 1188 2807 et
1213 2753 1630 2807 conversatione
1647 2752 1950 2807 Christiani
1979 2752 2129 2806 Deus

533 2841 817 2897 laudatur.

605 2928 693 2986 26.
726 2931 857 2986 Sine
893 2932 1202 2998 offensione.
1237 2928 1483 2984 Oﬂ‘ensio
1513 2929 1719 2983 Iudaeis
1748 2930 1830 2992 ﬁt,
1858 2945 1986 2983 cum
2006 2929 2130 2983 ido-

533 3018 610 3085 la,
641 3035 765 3090 quae
793 3018 873 3072 illi
894 3018 1307 3083 abominantur,
1331 3018 1700 3084 Christianos,
1730 3018 1825 3089 qui
1854 3018 2033 3089 legem
2074 3024 2131 3072 et

531 3109 838 3179 prophetas
866 3108 1164 3179 accipiunt,
1197 3108 1387 3162 vident
1407 3123 1518 3162 non
1547 3107 1706 3161 horre
1718 3124 1795 3160 re.

603 3194 696 3252 ‘27.
728 3198 795 3250 Et
821 3197 1090 3265 gentibus.
1142 3196 1352 3250 Graecis
1382 3213 1529 3254 vero,
1572 3196 1630 3250 id
1675 3201 1761 3250 est
1800 3194 2124 3266 gentilibus.

534 3285 653 3340 haec
681 3291 768 3339 est
822 3284 1075 3348 offensio,
1119 3284 1166 3337 si
1197 3283 1255 3337 in
1288 3301 1354 3338 eo
1391 3283 1448 3338 in
1477 3301 1586 3356 quo
1619 3291 1770 3349 sunt,
1801 3301 1912 3339 non
1944 3285 2124 3338 solum

531 3389 648 3427 non
676 3378 1006 3443 arguantur,
1037 3373 1134 3426 sed
1175 3378 1232 3426 et
1261 3374 1633 3444 promptiores
1653 3375 1808 3438 fiant,
1853 3373 1987 3426 dum
2014 3389 2125 3426 non

535 3460 714 3514 vitant
743 3467 868 3514 vota
905 3461 1200 3517 idolorum.

605 3546 694 3605 28.
732 3551 980 3604 Ecclesiis
1015 3551 1124 3604 Dei.
1169 3550 1427 3605 Ecclesiae
1457 3548 1560 3604 Dei
1604 3549 1668 3601 ﬁt
1707 3546 2122 3613 otl'endiculum,

535 3638 760 3709 quando
781 3638 1052 3709 quosdam
1077 3656 1142 3693 ex
1169 3655 1404 3693 numero
1432 3655 1534 3692 suo
1573 3637 1722 3690 videt
1751 3637 1839 3689 his
1869 3651 1990 3706 quae
2019 3635 2126 3690 ini-

535 3727 679 3781 mica
699 3733 833 3782 sunt
857 3728 972 3782 Deo
1000 3728 1304 3782 adhaerere.

608 3817 764 3870 CAP.
798 3818 893 3872 XI.
927 3844 985 3857 -
1021 3819 1068 3872 1.
1098 3819 1341 3872 AMBROS.
1379 3817 1560 3870 Laudo
1589 3830 1695 3867 vos.
1737 3813 1862 3867 Non
1883 3813 2130 3868 hoccon-

533 3906 742 3972 ﬁrmat,
775 3907 873 3960 sed
902 3912 1192 3961 succenset
1235 3906 1347 3973 eis;
1394 3904 1527 3976 quia
1555 3920 1682 3958 cum
1714 3914 1861 3963 esset
1898 3907 2129 3974 Aposto-

533 3995 621 4050 lus
643 4011 857 4060 eorum,
888 3995 1246 4050 immemores
1262 4001 1424 4049 erant
1451 3995 1818 4051 traditionum
1846 3998 1984 4067 ejus.

600 4082 655 4137 2.
692 4086 1011 4153 Gaputvero
1049 4085 1275 4139 Christi.
1307 4083 1486 4137 Aliter
1532 4093 1698 4155 caput
1744 4086 1845 4139 viri
1872 4085 2128 4140 Christus

534 4179 651 4241 est;
683 4180 740 4227 et
759 4174 925 4227 aliter
971 4173 1055 4226 vir
1082 4173 1335 4227 mulieris
1367 4191 1380 4239 ;
1423 4180 1480 4227 et
1510 4173 1675 4228 aliter
1715 4175 1862 4228 Deus
1895 4174 2122 4229 Christi.

531 4261 685 4318 Deus
716 4261 943 4328 Christi,
982 4261 1114 4333 quia
1138 4261 1208 4316 ab
1239 4261 1359 4333 ipso
1377 4261 1604 4332 genitus
1616 4269 1719 4317 est.
1745 4263 1992 4318 Mulieris
2021 4263 2123 4329 vir,

534 4351 667 4422 quia
692 4367 756 4404 ex
782 4353 904 4421 ejus
935 4358 1105 4416 costa,
1140 4350 1240 4404 Dei
1285 4349 1487 4404 virtute
1531 4350 1776 4404 formata
1805 4357 1908 4405 est.
1970 4351 2128 4406 Chri-

533 4446 653 4494 stus
688 4439 810 4501 viri,
845 4439 978 4510 quia
1009 4456 1109 4510 per
1147 4439 1332 4510 ipsum
1369 4445 1592 4493 creatus
1623 4445 1724 4493 est.

603 4527 655 4585 3.
687 4529 878 4583 Omnis
903 4531 993 4582 vir
1013 4544 1199 4585 orans.
1231 4529 1408 4582 Orare
1461 4528 1598 4582 dicit
1646 4528 1957 4599 deprecari,
2001 4545 2126 4599 pro-

526 4618 776 4688 phetare,
815 4617 1116 4670 adventum
1149 4616 1370 4671 Domini
1393 4617 1531 4683 fore,
1563 4633 1693 4671 voce
1723 4617 1959 4688 symboli
1999 4623 2126 4688 post

530 4707 841 4761 orationem
872 4705 1048 4759 ell‘ari.

596 4794 648 4851 4.
685 4796 898 4852 Lnsn.
945 4796 1136 4850 Omnis
1171 4797 1262 4848 vir
1291 4810 1478 4857 orans,
1514 4800 1618 4848 etc.
1652 4793 1877 4849 Transit
1922 4793 1993 4847 ad
2021 4794 2125 4848 hoc

2208 2576 2412 2630 mentis
2467 2576 2758 2631 mulierem
2814 2593 2942 2631 cum
2991 2576 3106 2632 viro
3163 2592 3285 2640 suo,
3343 2576 3647 2646 imaginem
3701 2575 3800 2629 Dei

2209 2679 2350 2728 esse,
2375 2663 2519 2737 [ad.,
2539 2669 2602 2719 ut
2621 2663 2762 2737 una]
2775 2664 2960 2736 imago
2979 2665 3052 2720 sit
3066 2669 3187 2720 tota
3199 2665 3296 2719 illa
3310 2663 3643 2720 substantia.
3659 2664 3800 2718 Cum

2210 2761 2398 2808 autem
2413 2754 2483 2808 ad
2495 2754 2836 2824 adjutorium
2851 2754 3377 2824 distribuitur,quod
3394 2754 3464 2808 ad
3476 2770 3600 2808 eam
3623 2753 3800 2806 solam

2211 2843 2432 2908 attinet,
2467 2859 2578 2896 non
2620 2848 2707 2896 est
2737 2843 2922 2913 imago
2953 2843 3072 2898 Dei.
3106 2843 3266 2907 Quod
3297 2848 3483 2897 autem
3516 2843 3587 2896 ad
3620 2842 3800 2896 virum

2211 2932 2391 2985 solum
2427 2931 2646 2995 attinet,
2681 2931 2868 3001 imago
2895 2931 2992 2984 Dei
3027 2936 3129 2993 est,
3153 2937 3268 2985 tam
3285 2932 3448 3002 plena
3467 2936 3635 3002 atque
3664 2930 3804 2984 inte-

2209 3037 2313 3090 gra
2336 3025 2398 3074 ut
2419 3020 2540 3090 [ειη
2573 3020 2761 3090 quam]
2786 3020 2840 3073 in
2873 3036 3047 3074 unum
3075 3021 3371 3090 conjuncta
3398 3019 3657 3074 muliere.

2282 3109 2333 3162 7.
2369 3109 2572 3164 Laeni.
2609 3112 2796 3176 Imago
2828 3111 2940 3173 Dei,
2993 3114 3098 3163 etc:
3148 3109 3244 3162 Vir
3295 3108 3677 3179 principaliter
3728 3107 3799 3161 ad

2210 3197 2513 3268 imaginem
2543 3197 2646 3251 Dei
2677 3202 2900 3251 creatus
2932 3203 3034 3251 est.
3073 3197 3279 3251 Mulier
3310 3215 3341 3251 e
3378 3204 3531 3251 costa
3563 3196 3667 3250 viri
3699 3213 3800 3266 po-

2209 3292 2331 3339 stea
2355 3285 2594 3339 formata
2614 3291 2732 3352 est;
2763 3291 2931 3355 atque
2953 3284 3035 3338 vir
3060 3284 3474 3356 disc00pertum
3502 3290 3672 3356 caput
3701 3283 3800 3337 de-

2209 3373 2302 3428 bet
2334 3373 2558 3428 habere.

2277 3461 2328 3518 8.
2365 3465 2583 3517 Mulier.
2613 3463 2707 3516 Est
2729 3467 2784 3516 et
2813 3461 3016 3515 mulier
3048 3462 3231 3532 gloria
3257 3460 3376 3525 Dei,
3431 3476 3465 3514 a
3513 3476 3622 3531 quo
3649 3466 3704 3514 et
3730 3460 3803 3514 ad

2211 3567 2375 3622 quem
2413 3551 2842 3621 gloriﬁcandum
2872 3557 3061 3604 creata
3091 3556 3196 3616 est,
3229 3551 3326 3606 sed
3355 3555 3412 3603 et
3442 3549 3684 3603 secundo
3715 3549 3803 3602 lo-

2210 3657 2275 3695 co
2300 3659 2312 3706 ;
2349 3640 2732 3711 principaliter
2751 3640 2901 3693 enim
2932 3639 3030 3692 vir.

2148 3731 2191 3790 B
2279 3727 2329 3784 9.
2369 3730 2615 3783 Asianos.
2653 3729 2854 3780 Mulier
2879 3731 3193 3796 potestatem
3223 3726 3432 3780 habere.
3468 3729 3571 3778 etc.
3605 3725 3810 3780 Mulier

2211 3816 2269 3870 in
2302 3817 2553 3882 ecclesia,
2603 3821 2831 3887 propter
2861 3815 3230 3869 reverentiam
3267 3812 3659 3884 episcopalem,
3692 3830 3807 3868 non

2209 3905 2415 3959 habeat
2442 3911 2611 3977 caput
2644 3904 2900 3967 liberum,
2947 3904 3043 3958 sed
3094 3903 3371 3957 velamine
3417 3907 3663 3976 tectum;
3706 3919 3810 3957 nec

2210 3994 2415 4049 habeat
2437 3998 2769 4066 potestatem
2799 3993 3084 4063 loquendi,
3120 3991 3252 4063 quia
3286 3990 3577 4061 episc0pus
3609 4007 3810 4062 perso-

2209 4099 2339 4137 nam
2372 4083 2580 4138 Christi
2619 4081 2806 4136 habet.
2849 4081 3020 4145 Quasi
3071 4097 3204 4150 ergo
3255 4085 3386 4134 ante
3422 4079 3688 4149 judicem,
3725 4079 3808 4133 sic

2210 4188 2343 4242 ergo
2372 4178 2504 4226 ante
2533 4171 2876 4242 episcOpum,
2910 4170 3007 4240 qui
3036 4175 3120 4224 est
3155 4168 3392 4223 vicarius
3422 4169 3546 4236 Dei,
3573 4174 3808 4239 propter

2209 4267 2399 4315 reatus
2431 4261 2705 4331 originem
2737 4259 2985 4330 subjecta
3013 4257 3180 4312 debet
3207 4257 3402 4311 videri.

2287 4349 2367 4406 10.
2402 4351 2614 4405 LANFu.
2642 4351 2870 4416 Propter
2919 4351 3156 4415 angelos.
3208 4347 3449 4417 Angelos
3479 4349 3639 4400 vocat
3666 4361 3806 4417 prte-

2207 4438 2604 4509 dicatores,qui
2629 4438 2686 4492 in
2702 4437 2888 4492 altiori
2906 4438 3024 4491 loco
3039 4435 3440 4500 consistebant,
3461 4451 3588 4489 cum
3609 4434 3809 4506 praedi-

2205 4533 2416 4594 carent,
2463 4533 2691 4599 propter
2744 4527 2846 4580 hos
2894 4525 3030 4579 dicit
3084 4524 3347 4578 mulieres
3399 4525 3584 4578 velare
3636 4527 3809 4594 caput

2205 4634 2370 4672 suum
2397 4637 2408 4684 ;
2445 4617 2576 4688 quia
2605 4613 2814 4686 sparsis
2840 4613 3086 4669 crinibus
3123 4613 3343 4667 facilius
3371 4613 3703 4684 aspicientes
3731 4610 3806 4664 ad

2205 4707 2484 4762 luxuriam
2513 4705 2826 4758 irritarent.

2280 4794 2364 4850 ll.
2409 4796 2810 4848 Verumtamen.
2857 4791 3122 4856 Quamvis
3153 4790 3366 4862 primus
3390 4789 3558 4842 homo
3584 4787 3696 4842 non
3729 4787 3811 4841 sit

527 4885 925 4939 removendum
973 4884 1121 4956 quod
1165 4884 1315 4956 apud
1343 4884 1662 4939 Corinthios
1693 4883 1795 4937 viri
1829 4883 2028 4949 velato,
2064 4888 2120 4937 et
2201 4902 2264 4940 ex
2298 4872 2554 4952 muliere,
2582 4882 2680 4937 sed
2709 4881 2913 4936 mulier
2937 4898 3003 4938 ex
3026 4881 3147 4952 ipso
3182 4894 3192 4926 :
3227 4879 3284 4933 in
3324 4875 3688 4950 subseque’nti
3713 4883 3807 4930 ta-

524 4974 790 5028 mulieres
817 4973 1056 5028 orabant
1082 4973 1139 5028 in
1167 4973 1399 5029 ecclesia
1425 4974 1606 5045 capite
1630 4989 1742 5027 non
1764 4972 1966 5038 velato,
1999 4977 2122 5026 tan-
2202 4990 2331 5028 men
2371 4971 2775 5044 procreatione,
2804 4987 2916 5026 non
2933 4977 3017 5025 est
3055 4970 3177 5023 hoc.
3207 4967 3403 5023 Omnis
3424 4966 3573 5020 enim
3597 4965 3682 5018 vir
3709 4981 3809 5036 po-

525 5081 692 5136 quam
738 5063 1001 5119 mulieres
1033 5063 1165 5118 viris
1214 5079 1327 5118 non
1361 5062 1603 5116 debeant
1626 5061 1808 5116 subdi.
1843 5061 1985 5125 Quia
2013 5061 2120 5114 illae
2203 5069 2325 5117 stea
2352 5067 2677 5133 procreatus
2703 5066 2788 5114 est
2817 5076 2882 5114 ex
2911 5060 3162 5122 muliere,
3198 5063 3256 5112 et
3285 5055 3487 5110 mulier
3541 5071 3608 5109 ex
3661 5053 3801 5107 viro.

521 5154 684 5209 subdi
715 5153 938 5219 debent,
969 5159 1026 5208 et
1050 5153 1152 5206 viri
1177 5169 1290 5207 non
1320 5153 1522 5219 velato,
1545 5158 1601 5206 et
1627 5151 1889 5205 mulieres
1913 5149 2178 5229 debentc
2204 5152 2268 5206 In
2298 5151 2535 5206 Domino
2565 5155 2754 5205 autem
2785 5148 3084 5221 procreati,
3107 5147 3163 5202 id
3192 5151 3274 5201 est
3300 5145 3356 5199 in
3389 5144 3673 5198 creatione
3700 5143 3810 5196 Do-

523 5259 686 5299 orare
715 5245 894 5299 velato
917 5243 1119 5314 capite.
2203 5240 2342 5294 mini
2373 5240 2430 5294 in
2464 5257 2574 5312 qua
2605 5239 2748 5294 alter
2771 5239 2892 5293 sine
2922 5238 3100 5292 altero
3129 5253 3241 5290 non
3273 5240 3517 5289 creatur.

2274 5327 2358 5385 12.
2393 5330 2640 5383 AHBROS.
2687 5329 2887 5383 Omnia
2925 5332 3108 5380 autem
3134 5341 3198 5378 ea:
3223 5326 3345 5378 Deo.
3380 5323 3454 5378 Ut
3477 5337 3658 5393 neque
3686 5337 3811 5375 mu-

2200 5417 2306 5473 lier
2332 5417 2692 5486 subiectionis
2746 5433 2860 5470 suae
2891 5431 3061 5469 causa
3089 5413 3473 5478 contristatur,
3505 5425 3688 5482 neque
3720 5408 3808 5463 vir

2202 5507 2480 5564 exaltatus
2502 5505 2836 5586 superbiret.

593 5332 644 5390 5.
679 5335 943 5404 Deturpat
974 5336 1136 5401 caput
1154 5348 1340 5386 suum.
1363 5329 1780 5400 Mulierinquit,
1809 5328 1976 5382 debet
1994 5344 2116 5383 ora-

519 5442 582 5480 re
609 5425 788 5487 velato
810 5425 1022 5496 capite;
1059 5423 1224 5477 aliter
1244 5422 1392 5476 enim
1411 5421 1674 5492 deturpat
1699 5419 1913 5494 [caput]
1929 5437 2114 5487 suum,

520 5529 624 5585 par
651 5514 800 5578 enim
823 5513 961 5580 facit
989 5529 1055 5568 ac
1093 5513 1142 5576 si
1169 5513 1513 5567 decalvetur.

519 5590 524 5594 ⁷
587 5600 644 5657 6.
675 5601 918 5662 Ausum
947 5603 1074 5676 (tib.
1101 5615 1176 5658 xu
1223 5603 1296 5658 Do
1347 5600 1530 5666 Trin,
1591 5614 1713 5672 cap.
1764 5596 1816 5670 7)
1852 5601 2040 5669 Imago
2069 5605 2116 5655 et
