4040 6186
233 259 323 320 193

925 269 1000 323 1N
1039 269 1106 324 υ.
1147 253 1360 324 PAULI
1400 249 1622 323 Ebrs'r.
1661 250 2035 325 comam.
2077 297 2142 311 -
2185 247 2408 322 arise.
2449 267 2472 328 ι
2512 267 2608 323 AD
2645 267 2810 324 eoa.

3381 267 3484 326 194

230 406 333 444 eam
361 403 524 445 orare
552 405 666 445 non
694 392 1052 462 vetata,quod
1072 392 1158 446 vir
1179 391 1405 464 quidem
1437 390 1483 446 si
1496 399 1712 445 comam
1737 391 1970 455 nutriat,
1988 391 2298 461 ignbminia
2321 396 2406 445 est
2426 389 2506 445 illi
2529 408 2540 453 ;
2578 390 2780 446 mulier
2797 403 2925 444 vero
2953 391 2999 444 si
3032 403 3248 446 comam
3272 392 3489 448 nutriat

227 479 390 549 gloria
419 485 507 534 est
523 479 636 544 illi;
667 485 876 548 (causa)
907 483 1170 552 quoniam
1199 481 1385 552 capilli
1417 497 1518 552 pro
1545 480 1820 535 velamine
1840 480 1890 534 ei
1915 481 2031 535 dati
2054 480 2224 534 sunt?
2246 479 2292 533 si
2315 479 2440 550 quis
2464 484 2652 534 autem
2677 480 3291 536 videturcontentiosus
3311 499 3434 536 esse
3467 503 3478 538 :

233 575 426 637 (contra
450 569 578 633 haec,
598 571 676 622 vel
700 573 822 623 alia
843 587 963 624 mea
980 572 1128 625 dicta
1149 571 1418 635 dicemus,
1445 573 1647 623 scilicet
1661 586 1755 623 nos
1779 571 2166 622 nonhabemus
2185 574 2506 622 consuetum
2537 569 2795 622 mulieres
2825 585 2936 622 non
2955 574 3135 624 velare
3161 570 3348 640 caput)
3379 588 3481 627 nos

230 659 382 710 talem
414 657 883 711 consuetudinem
910 675 1020 712 non
1047 658 1339 722 habemus,
1371 673 1550 728 neque
1577 657 1821 711 Ecclesia
1835 656 1953 711 Dei.
1971 656 2187 713 l3.Hoc
2205 661 2393 710 autem
2419 656 2677 728 praecipio
2700 658 2786 719 (ut
2807 673 2961 710 nemo
2991 660 3061 711 sit
3087 661 3481 726 contentiosus,

230 748 297 797 eet
326 750 383 796 ut
418 748 572 798 nulli
598 749 776 799 velent
804 749 1030 813 capita);
1056 762 1168 800 non
1197 745 1435 799 laudans
1455 744 1604 815 quod
1635 761 1748 798 non
1778 744 1835 798 in
1862 745 2081 805 melius,
2107 747 2167 798 id
2196 751 2289 808 est,
2320 748 2542 809 bonum,
2576 744 2672 798 sed
2705 745 2761 798 in
2784 745 3051 806 deterius,
3074 749 3133 800 id
3153 753 3246 811 est,
3268 750 3483 801 malum

229 833 544 899 convenitis,
563 835 639 888 ad
660 849 1030 888 commemora
1056 838 1237 889 ionem
1259 837 1560 889 Dominicz
1584 850 1758 888 coma.
1780 834 2034 888 Primum
2058 836 2207 888 enim
2229 835 2347 886 dico
2364 836 2497 901 quia
2515 833 2738 902 quidem
2767 833 3221 889 convenientibus
3251 835 3404 890 vobis
3424 835 3484 890 in

232 923 542 988 Ecclesiam,
576 923 744 977 audio
776 923 1048 978 scissuras
1079 923 1226 977 inter
1246 924 1542 988 vos(Pauli
1565 925 1716 976 enim
1738 935 1834 989 per
1861 937 1932 985 se,
1955 923 2100 975 Petri
2112 935 2210 988 per
2229 927 2282 973 se
2309 921 2874 988 disciputicwnabant
2893 923 3249 989 dedignantes
3269 926 3483 978 atteru-

232 1017 387 1079 trum)
408 1027 534 1065 esse
564 1016 624 1065 et
643 1028 710 1065 ex
741 1018 902 1082 parte
929 1012 1097 1065 credo
1127 1028 1236 1064 esse
1265 1014 1554 1064 scis-suras.
1578 1010 1723 1063 Nam
1737 1009 2031 1076 Scriptura
2047 1011 2211 1062 dicit:
2239 1009 2478 1078 Oportet
2501 1014 2557 1062 et
2580 1009 2820 1063 haereses
2831 1026 2971 1073 esse,
2990 1016 3052 1063 ut
3071 1016 3126 1064 et
3147 1011 3242 1081 qui
3264 1011 3484 1082 probati

230 1108 362 1163 sunt,
379 1100 668 1154 manifesti
694 1101 833 1154 ﬁant
856 1101 913 1154 in
932 1099 1102 1154 vobis.
1131 1103 1266 1164 09
1301 1097 1379 1161 14,
1419 1098 1496 1154 15.
1519 1097 1992 1152 Convenientibus
2021 1114 2154 1168 ergo
2179 1097 2331 1151 vobis
2353 1098 2410 1150 in
2435 1114 2630 1164 unum,
2639 1098 2756 1167 jam
2779 1115 2889 1152 non
2919 1106 3004 1152 est
3032 1095 3110 1153 16.
3135 1100 3484 1156 Dominicam

230 1204 428 1242 cenam
463 1188 828 1253 manducare,
845 1205 957 1241 non
987 1193 1062 1242 est
1082 1190 1233 1242 enim
1267 1189 1600 1251 communis,
1616 1190 1678 1238 ut
1707 1187 2000 1240 Dominica
2034 1203 2183 1241 cana
2203 1184 2438 1254 fuit”.
2475 1185 2872 1258 Unusquisque
2902 1185 3054 1240 enim
3075 1203 3234 1242 suam
3261 1203 3483 1244 coenam

232 1278 532 1346 praesumit,
552 1280 846 1345 anticipat,
873 1294 984 1331 non
1001 1284 1312 1345 exspectans
1336 1279 1499 1336 alios,
1527 1274 1598 1328 ad
1627 1274 2104 1328 manducandum.
2139 1274 2206 1328 Et
2229 1275 2376 1328 alius
2396 1274 2622 1345 quidem
2650 1289 2866 1344 pauper
2894 1276 3089 1339 esurit,
3122 1277 3266 1330 alius
3296 1285 3484 1332 autem

229 1369 358 1420 dices
387 1367 583 1420 ebrius
606 1373 709 1420 est.
728 1366 997 1437 Nunquid
1011 1367 1206 1420 domos
1225 1383 1338 1420 non
1361 1363 1578 1419 habetis
1608 1363 1676 1416 ad
1706 1363 2159 1418 manducandum
2181 1370 2240 1418 et
2259 1363 2562 1418 bibendum
2581 1363 2606 1416 ’ἶ
2625 1370 2727 1417 aut
2749 1364 3039 1418 ecclesiam
3064 1365 3164 1418 Dei
3182 1366 3488 1420 contemni-

231 1458 294 1510 tis
315 1457 518 1526 [satius
547 1460 698 1509 enim
731 1463 866 1510 esset
897 1459 1050 1510 domi
1078 1458 1355 1510 comedere
1379 1471 1550 1523 quam
1584 1458 1646 1507 in
1675 1455 1895 1506 ecclesia
1922 1459 2051 1507 ante
2079 1454 2278 1506 horum
2305 1453 2488 1522 οωηκ]
2519 1460 2576 1506 et
2599 1453 2942 1507 confunditis
2963 1470 3078 1520 eos,
3095 1456 3484 1509 verecundiam

227 1547 397 1612 facitis
427 1549 511 1598 eis
539 1545 637 1616 qui
666 1562 780 1599 non
810 1545 1058 1600 habent?
1079 1545 1226 1610 Quid
1248 1545 1431 1598 dicam
1455 1542 1651 1597 vobis?
1678 1539 1758 1597 18.
1783 1540 1974 1595 Laudo
2000 1541 2136 1594 vos?
2158 1542 2220 1595 In
2250 1541 2354 1594 hoc
2373 1558 2483 1595 non
2511 1542 2838 1610 laudo,quia
2858 1559 2970 1596 non
2981 1545 3277 1597 observatis
3288 1559 3352 1597 ea
3368 1560 3486 1612 quae

229 1637 394 1702 accepi
421 1651 459 1688 a
483 1636 721 1688 Domino
742 1637 806 1688 de
835 1637 1307 1690 commendatione
1327 1649 1503 1688 coenas.
1527 1631 1642 1701 Ego
1657 1630 1808 1684 enim
1837 1629 2025 1699 accepi
2042 1646 2076 1682 a
2096 1630 2336 1683 Domino
2362 1630 2510 1700 quod
2530 1637 2587 1684 et
2611 1630 2816 1683 tradidi
2842 1629 3012 1696 vobis,
3032 1634 3235 1685 scilicet
3257 1638 3318 1685 ut
3339 1648 3486 1686 cana

231 1723 508 1791 zqualiter
527 1725 1063 1778 distribueturinter
1084 1721 1469 1794 vos,quoniam
1494 1720 1769 1775 Dominus
1797 1719 1958 1772 Iesus
1980 1718 2037 1770 in
2060 1735 2172 1788 qua
2201 1724 2363 1773 nocte
2398 1718 2744 1782 tradebatur,
2778 1720 2990 1788 accepit
3020 1735 3242 1789 panem,
3270 1727 3326 1774 et
3355 1735 3488 1790 gra-

231 1810 328 1864 tias
353 1827 530 1881 agens
562 1811 749 1881 fregit,
781 1818 838 1866 et
858 1811 998 1866 dixit
1024 1831 1035 1866 :
1071 1812 1319 1882 Accipite
1349 1816 1408 1864 et
1428 1809 1761 1864 manducate
1783 1848 1796 1874 ,
1825 1807 1929 1860 hoc
1959 1813 2047 1860 est
2071 1824 2273 1878 corpus
2295 1808 2654 1878 meum,quod
2681 1823 2780 1878 pro
2801 1807 2952 1861 vobis
2983 1808 3268 1875 tradetur;
3289 1809 3394 1863 hoc
3412 1810 3490 1864 fa~

233 1899 347 1960 cite,
381 1901 440 1952 id
466 1905 560 1960 est,
586 1901 686 1954 hoc
713 1917 909 1968 corpus
937 1903 1340 1954 consecratione
1369 1901 1536 1966 facite
1569 1898 1624 1951 in
1659 1913 1841 1950 meam
1863 1896 2476 1949 commemorationem.
2508 1896 2781 1950 Similiter
2809 1903 2866 1950 et
2893 1897 3145 1962 calicem,
3187 1904 3487 1968 postquam

233 1988 475 2052 coenavit,
502 1988 696 2042 dicens
732 2005 744 2040 :
775 1987 857 2044 19.
888 1988 990 2042 Hic
1012 1989 1154 2042 calix
1187 2005 1391 2043 novum
1422 1992 1825 2042 testamentum
1848 1992 1934 2039 est
1959 1985 2176 2038 in’meo
2192 1984 2466 2054 sanguine
2488 2003 2499 2050 ;
2523 1985 2625 2038 hoc
2653 1984 2841 2048 facite,
2857 1985 3296 2057 quotiescunque
3327 1987 3484 2041 bibe-

235 2077 315 2139 tis,
339 2077 394 2130 in
426 2093 617 2130 meam
643 2078 1257 2132 commemorationem.
1305 2079 1543 2146 Exponit
1573 2079 1636 2129 in
1667 2091 1839 2144 quam
1870 2075 2082 2128 Christi
2103 2076 2699 2127 commemorationem.
2733 2073 2821 2130 20.
2858 2073 3310 2144 Quotiescunque
3339 2075 3490 2130 enim

233 2165 638 2220 manducabitis
663 2183 869 2236 panem
904 2167 1068 2231 hunc,
1094 2173 1152 2220 et
1174 2167 1405 2220 calicem
1435 2164 1634 2218 bibetis
1671 2162 1760 2218 ει.
1793 2169 2034 2216 mortem
2081 2163 2303 2216 Domini
2323 2167 2446 2232 jam
2478 2165 2684 2231 factam
2717 2163 3140 2227 annuntiabitis,
3176 2163 3262 2220 ‘22.
3316 2165 3493 2220 donec

235 2256 404 2309 veniat
427 2257 706 2310 Dominus
735 2259 807 2309 ad
823 2258 1130 2326 judicium.
1165 2255 1253 2312 23.
1279 2257 1476 2326 Itaque
1505 2253 1825 2325 quicunque
1859 2251 2282 2306 manducaverit
2317 2269 2521 2323 panem
2565 2258 2687 2318 αθ
2714 2253 2880 2315 hunc,
2915 2253 2998 2306 vel
3027 2252 3231 2306 biberit
3258 2254 3488 2311 calicem

233 2343 442 2398 Domini
459 2344 719 2415 indigne,
735 2343 825 2399 24.
864 2361 994 2400 reus
1007 2345 1116 2400 erit
1134 2344 1382 2416 corporis
1398 2350 1453 2398 et
1469 2341 1760 2413 sanguinis
1783 2340 2023 2396 Domini.
2041 2339 2246 2394 Probet
2268 2347 2480 2398 autem.
2504 2342 2736 2409 probum
2757 2343 2930 2408 faciat
2953 2342 3200 2412 seipsum
3217 2341 3406 2408 homo,
3429 2349 3488 2398 et

233 2432 302 2486 sic
317 2435 582 2501 probatus
610 2433 682 2487 de
702 2449 848 2505 pane
875 2433 974 2488 illo
1003 2434 1133 2489 edat
1150 2439 1208 2488 et
1233 2433 1303 2488 de
1331 2432 1502 2488 calice
1534 2431 1708 2486 bibat.
1732 2431 1842 2496 Qui
1862 2429 2014 2485 enim
2044 2427 2350 2484 manducet
2367 2435 2428 2484 et
2441 2427 2584 2484 bibit
2611 2429 2858 2500 indigne,
2877 2431 3152 2501 judicium
3178 2431 3496 2486 damnatio-

1571 2677 2156 2736 COMMENTARlUS.

295 2891 378 2952 13.
413 2895 665 2949 AUGUsr.
698 2895 912 2961 (tib.1)e
940 2903 1094 2962 opere
1126 2910 1310 2960 mon.,
1342 2909 1390 2949 c.
1421 2891 1509 2956 31,
1541 2898 1676 2947 tom.
1707 2893 1816 2962 ΙΙΙ)
1834 2891 2020 2956 Anati
2051 2889 2253 2946 fratres
2272 2892 2341 2946 ad
2369 2892 2506 2947 illud
2526 2900 2939 2948 sacramentum
2963 2894 3346 2966 accipiendum
3362 2913 3498 2951 con-

233 2984 334 3037 Hoc
361 2991 552 3037 aulum
584 2986 863 3051 pracipio.
898 2983 1015 3036 Hoc
1051 2988 1240 3036 autem
1272 2982 1549 3053 praecipio,
1585 2987 1649 3036 ut
1676 2981 1823 3036 scili-

227 3078 314 3125 cet
350 3087 467 3125 non
491 3071 822 3124 disserentis
858 3069 1089 3125 solertia
1129 3071 1472 3142 requiratur,
1504 3070 1602 3125 sed
1640 3069 1819 3142 perci-

228 3161 435 3231 pientis
456 3161 764 3214 auctoritas
793 3161 1135 3225 attendatur,

300 3251 384 3304 14.
407 3253 662 3303 Asianos;
697 3251 1152 3304 Conrenientibus
1176 3251 1341 3302 vobis.
1377 3250 1490 3303 Hos
1520 3253 1698 3312 notat,
1727 3247 1823 3318 qui

231 3337 305 3390 sic
325 3338 383 3391 in
419 3337 712 3391 ecclesiam
735 3336 1155 3402 conveniebant,
1179 3343 1260 3399 ut,
1299 3353 1530 3391 munera
1558 3353 1660 3391 sua
1687 3337 1823 3390 olfe-

232 3434 438 3490 rentes,
486 3425 914 3480 advenientibus
956 3425 1314 3497 presbyteris,
1349 3431 1529 3480 totum
1573 3425 1696 3491 sibi,
1728 3423 1823 3496 qui

231 3515 534 3580 obtulerat,
570 3514 892 3568 vindicaret.
948 3515 1331 3569 Dissentiones
1371 3515 1519 3569 enim
1552 3515 1700 3569 inter
1730 3531 1824 3568 eos

229 3604 692 3675 pseudoapostoli
725 3605 1244 3664 seminaverant.ita
1269 3611 1334 3659 ut
1360 3605 1670 3658 oblationes
1695 3619 1826 3658 suas

227 3694 568 3757 zelarentur,
593 3709 719 3746 cum
751 3709 865 3748 una
893 3694 1198 3764 eademque
1218 3710 1379 3764 prece
1403 3694 1655 3747 omnium
1670 3692 1829 3747 obla-

225 3783 408 3836 tiones
440 3781 926 3848 benedicerentur,
960 3789 1025 3837 ut
1049 3782 1162 3854 qui,
1207 3789 1272 3836 ut
1299 3783 1507 3837 assolet
1537 3783 1678 3848 fieri,
1715 3797 1827 3836 non

227 3871 576 3937 obtulerant,
595 3879 694 3926 aut
708 3872 855 3926 unde
877 3872 1141 3926 offerrent
1155 3887 1265 3926 non
1290 3871 1591 3936 habebant,
1615 3869 1828 3942 pudore

231 3962 476 4016 correcti
520 3961 1022 4026 contunderentur,
1054 3977 1162 4015 non
1194 3968 1479 4032 sumentes
1505 3967 1748 4032 partem.

299 4052 384 4105 15.
414 4051 627 4105 Lana.
663 4050 1133 4104 Convenientibus.
1160 4031 1635 4105 Consdetudinem
1661 4055 1830 4104 antea

224 4139 520 4194 habebant
543 4139 710 4192 certis
741 4139 1085 4210 temporibus
1106 4141 1176 4194 ad
1198 4139 1485 4194 ecclesiam
1508 4139 1824 4205 convenire,

1905 2981 2094 3036 venire
2117 2982 2348 3050 debent;
2393 2990 2493 3038 aut
2533 2984 2678 3038 sicut
2726 2983 3004 3038 faciebant
3031 3001 3171 3055 quos
3198 2987 3500 3056 Apostolus

1903 3071 2110 3140 arguit,
2168 3077 2225 3125 et
2266 3073 2624 3126 commendat
2669 3071 2790 3145 |al.,
2823 3071 3114 3146 emendat]
3144 3075 3352 3129 mensis
3381 3077 3499 3131 suis

1901 3159 2012 3214 ista
2037 3161 2288 3215 miscere.

1987 3247 2065 3304 l8.
2099 3249 2302 3304 Laure.
2332 3248 2515 3304 Laudo
2535 3267 2642 3304 vos.
2663 3250 2788 3304 Non
2817 3249 2986 3304 laudo
3017 3267 3114 3305 vos
3144 3252 3203 3306 in
3232 3252 3336 3306 hoc
3351 3254 3499 3324 quod

1905 3354 2019 3391 non
2047 3338 2421 3392 communiter
2441 3338 2682 3392 sumitis.
2708 3339 2852 3393 Nam
2882 3340 2964 3394 rei
2995 3340 3130 3394 estis
3168 3342 3418 3412 corporis
3446 3349 3504 3415 et

1905 3427 2195 3497 sanguinis
2216 3427 2463 3494 Domini;
2497 3443 2562 3480 ea
2591 3428 2739 3481 enim
2768 3428 2996 3498 indigne
3023 3429 3268 3484 sumitis.
3306 3430 3363 3484 Si
3384 3431 3504 3502 ipse

1907 3517 2086 3586 panis.
2111 3522 2167 3570 et
2195 3516 2332 3569 calix
2363 3531 2529 3587 quem
2560 3514 2803 3581 sumitis,
2833 3523 2916 3570 est
2958 3519 3188 3587 sanguis
3219 3524 3278 3573 et
3303 3536 3506 3592 corpus

1910 3603 2140 3670 Christi,
2188 3610 2321 3658 tunc
2348 3605 2576 3675 indigne
2605 3605 2827 3659 sumitis
2856 3622 3056 3677 corpus
3080 3615 3136 3662 et
3165 3609 3503 3679 sanguinem

1911 3693 2148 3758 Christi;
2175 3693 2330 3764 atqui
2358 3694 2495 3748 illud
2516 3700 2619 3748 est.
2649 3694 2794 3748 Nam
2820 3694 3092 3750 Dominus
3122 3696 3262 3751 dixit
3281 3698 3507 3770 quando

1910 3781 2239 3837 tradebatur
2267 3801 2278 3836 :
2313 3783 2427 3852 Ego
2458 3782 2611 3837 enim
2639 3785 2824 3854 accepi
2859 3801 2893 3837 a
2934 3784 3194 3853 Domino,
3245 3791 3302 3840 et
3353 3803 3508 3842 acoe-

1909 3877 2070 3942 ptum
2098 3870 2308 3925 tradidi
2331 3871 2504 3926 vobis.

1979 3959 2071 4014 19.
2122 3959 2220 4013 llic
2251 3963 2397 4014 catis:
2438 3978 2662 4027 novum,
2697 3965 2802 4015 etc.
2853 3960 3022 4017 Ordo.
3060 3962 3160 4016 Hic
3190 3963 3333 4018 calix
3362 3981 3504 4022 novo

1909 4049 2184 4118 sanguine
2227 4056 2313 4104 est
2337 4066 2541 4104 novum
2571 4055 2992 4115 testamentum,
3010 4051 3067 4105 id
3085 4057 3188 4114 est,
3203 4069 3305 4124 per
3317 4071 3508 4110 meum

1911 4138 2247 4209 sanguinem
2285 4140 2654 4193 conﬁrmatur
2684 4155 2888 4192 novum
2919 4145 3340 4206 testamentum,
3380 4143 3514 4214 quia

224 4235 299 4296 et,
336 4235 515 4300 prout
539 4228 986 4298 cuiquefacultas
1016 4234 1156 4294 erat,
1172 4228 1359 4282 cibum
1392 4235 1449 4283 et
1471 4236 1664 4300 potum
1694 4229 1829 4283 illuc
1846 4237 1891 4296 Β
1910 4233 2316 4282 testamentum
2345 4228 2400 4282 in
2433 4227 2668 4282 mortuis
2695 4229 3084 4282 confirmatur.
3109 4230 3209 4284 Vel
3236 4247 3336 4300 per
3358 4231 3507 4287 hunc

223 4317 550 4381 deierre,et
578 4317 742 4372 simul
773 4333 966 4372 omnes
989 4324 1046 4372 et
1075 4335 1348 4389 pauperes
1381 4326 1438 4372 et
1465 4318 1666 4372 divites
1697 4335 1828 4389 par-

220 4406 496 4478 ticipare;
530 4414 589 4460 et
615 4407 720 4460 hoc
748 4406 1020 4461 vocabant
1046 4405 1398 4461 Dominicam
1427 4421 1664 4472 coenam,
1699 4407 1831 4479 quia

222 4495 286 4550 in
317 4495 664 4550 memoriam
695 4496 995 4550 Dominicaa
1040 4512 1228 4562 coenae,
1263 4496 1367 4550 hoc
1397 4495 1583 4554 ﬁebat.
1617 4496 1830 4552 Verum

222 4585 343 4641 hac
375 4585 733 4640 consuetudo
763 4585 1068 4656 depravata
1087 4591 1238 4650 erat;
1273 4585 1474 4640 divites
1523 4586 1672 4640 enim
1701 4602 1835 4641 suas

221 4691 420 4730 canas
477 4673 871 4745 anticipantes,
919 4673 1304 4729 comedebant.
1366 4674 1648 4746 Pauperes
1704 4691 1834 4731 vero

221 4781 437 4834 parum
467 4763 738 4818 habentes
758 4763 813 4817 in
836 4769 1138 4834 conspectu
1167 4780 1362 4819 eorum
1387 4763 1678 4819 comedere
1704 4780 1834 4820 eru-

223 4852 559 4908 bescebant.
598 4852 712 4906 Hoc
737 4851 1029 4923 redarguit
1047 4852 1364 4924 Apostolus,
1395 4859 1452 4908 et
1471 4852 1608 4908 dicit
1633 4851 1836 4908 melius

225 4955 352 4997 esse
376 4943 514 5008 illis,
549 4941 597 4995 si
621 4942 770 5013 apud
797 4935 993 4996 domos
1022 4957 1153 4996 suas
1174 4943 1516 4997 manducent
1539 4948 1594 4997 et
1620 4941 1834 5010 bibant,

226 5048 402 5102 quam
433 5033 494 5086 in
519 5037 906 5103 contemptum
922 5030 1184 5099 ecclesiae,
1209 5038 1267 5087 et
1293 5032 1676 5087 confusionem
1697 5049 1838 5105 pau-

230 5133 434 5191 perum
468 5121 820 5175 cnnveniant.

307 5211 398 5269 i6.
433 5215 690 5266 Auens'r.
723 5212 902 5282 (epist.
947 5210 1045 5268 118
1062 5213 1135 5266 ad
1157 5211 1421 5276 Januar.,
1456 5227 1485 5266 c
1529 5211 1582 5276 5,
1605 5216 1742 5266 tom.
1766 5211 1852 5278 II)’

235 5302 589 5355 Dominicam
620 5317 848 5358 comam.
877 5301 1065 5372 Ipsam
1089 5292 1466 5373 acceptionem
1488 5300 1839 5356 eucharistiae

233 5390 591 5446 Dominicam
622 5405 837 5445 cenam
863 5397 1020 5445 vocat

305 5483 398 5536 Π.
436 5483 620 5548 (τὸτὰ,
652 5498 699 5535 c.
724 5483 806 5550 ti.)
828 5472 1225 5549 Unusquisque.
1262 5479 1457 5551 Neque
1499 5480 1649 5534 enim
1703 5479 1838 5550 quia

1910 4315 2128 4370 habetis
2149 4333 2349 4370 novam
2372 4314 2820 4386 promissionem,
2853 4315 2910 4371 id
2938 4321 3041 4384 est,
3069 4317 3290 4388 plenam
3314 4319 3512 4376 remis-

1911 4405 2127 4460 sionem
2156 4409 2527 4476 peccatorum.

1983 4491 2073 4551 20.
2091 4495 2540 4563 Quotiescunque.
2568 4493 2829 4566 Exponit,
2847 4493 3098 4568 inquam,
3123 4496 3347 4552 Domini
3361 4513 3513 4554 com-

1915 4583 2406 4648 memorationem,
2439 4583 2638 4638 mortis
2665 4582 2942 4639 videlicet.

1985 4669 2072 4728 21.
2110 4673 2336 4727 Mortem
2359 4673 2584 4727 Domini
2599 4674 3035 4730 annuntiabitis.
3054 4671 3118 4729 In
3147 4675 3511 4733 Sacramento

1917 4759 2165 4832 corporis
2177 4760 2408 4824 Christi,
2433 4778 2583 4816 mors
2603 4761 2722 4832 ejus
2746 4763 3137 4827 annuntiatur,
3157 4765 3291 4837 quia
3319 4766 3377 4821 in
3399 4783 3515 4822 mc-

1918 4849 2157 4905 moriam
2188 4850 2385 4905 mortis
2411 4851 2534 4922 ejus
2562 4850 2811 4922 quotidie
2841 4867 2876 4905 a
2896 4851 3154 4908 fidelibus
3174 4854 3508 4912 celebratur.

1989 4938 2077 4999 ‘22.
2099 4941 2277 4997 Donec
2298 4946 2502 4996 veniat.
2529 4943 2614 4996 Ad
2641 4941 2922 5012 judicium
2953 4945 3170 5012 veniat;
3225 4946 3350 5002 ideo
3379 4949 3516 5004 dicit

1921 5031 2054 5102 quia
2080 5030 2415 5086 sacrificium
2447 5031 2550 5086 hoc
2579 5048 2693 5086 non
2720 5032 3033 5088 mutabitur
3053 5051 3230 5106 usque
3256 5035 3315 5090 in
3345 5039 3514 5094 linem

1921 5121 2126 5188 saeculi,
2168 5119 2313 5175 sicut
2331 5131 2680 5176 sacramenta
2707 5121 3030 5177 Judasorum
3052 5130 3271 5179 mutata
3289 5133 3439 5181 sunt.

1992 5210 2081 5267 23.
2112 5211 2302 5278 Itaque
2331 5213 2666 5280 quicunque.
2708 5211 2827 5266 Hoc
2855 5229 2920 5266 ex
2949 5214 3204 5284 superius
3232 5215 3395 5268 dictis
3413 5216 3516 5270 Re-

1921 5299 2230 5372 demptoris
2250 5299 2435 5354 verbis
2459 5299 2746 5371 colligitur
2779 5319 2790 5354 :
2831 5303 2942 5357 Hoc
2971 5309 3045 5357 est
3077 5319 3274 5372 corpus
3306 5320 3510 5363 meum.

1922 5391 1992 5445 Et
2015 5408 2026 5443 :
2075 5389 2138 5445 In
2166 5407 2282 5444 meo
2305 5392 2598 5458 sanguine.

1988 5478 2076 5537 24.
2097 5481 2342 5537 Auaaos.
2361 5481 2494 5535 Reus
2513 5481 2620 5534 erit
2649 5483 2911 5550 corporis.
2943 5479 3090 5545 Quid
3119 5486 3206 5536 est
3228 5497 3511 5553 reosesse,

234 5576 367 5640 post
389 5571 548 5626 cibos
567 5570 845 5626 Dominus
868 5569 1044 5636 dedit,
1072 5574 1376 5642 propterea
1397 5569 1589 5642 pransi
1615 5575 1715 5625 aut
1729 5585 1836 5624 cce-
1854 5561 1898 5624 C
1921 5567 2028 5625 nisi
2055 5585 2249 5641 pinnas
2275 5569 2474 5627 mortis
2495 5568 2632 5624 dare
2661 5567 2932 5626 Domini?
