3936 6178
1448 169 1510 221 Β.
1551 164 1965 225 LANFRANCI
2005 158 2360 217 CANTUAR.
2401 155 2738 212 ARCHIEP.

450 471 638 524 miunt
662 474 1000 524 moriuntur
1026 469 1209 522 multi.
1237 469 1306 524 ‘26
1354 469 1513 532 Quod
1535 469 1582 522 si
1613 468 1986 537 nosmetipsos
2016 465 2468 535 dijudicaremus,
2497 462 2928 526 intellig/aremus
2954 462 3000 510 et
3023 461 3436 526 panitrremus,
3465 473 3578 510 non
3608 455 3719 510 uti—

447 576 557 631 que
577 559 1032 629 dijudicaremur,
1081 559 1507 611 damnaremur.
1543 558 1686 612 Dum
1706 556 2025 628 judicamur
2044 559 2255 616 autem,
2284 568 2317 605 a
2353 550 2580 603 Domino
2608 547 2963 618 corripimur,
2997 548 3277 615 punimur
3296 549 3359 599 in
3378 547 3475 599 hoc
3500 546 3714 610 saeculo,

454 655 521 703 ut
540 664 652 703 non
672 644 808 702 'cum
834 647 940 702 hoc
963 646 1173 700 mundo
1203 645 1555 701 damnemur.
1582 648 1796 716 Itaque,
1834 645 2034 698 fratres
2064 642 2193 705 mei,
2237 641 2502 709 quoniam
2535 640 2749 690 malum
2778 642 2876 703 est,
2909 650 3357 704 unumquemque
3383 650 3718 709 przsuinere

464 752 832 802 canam,cum
861 734 1169 790 convenitis
1189 734 1260 788 ad
1294 735 1766 795 manducandum,
1798 733 2038 787 invicem
2065 734 2401 801 exspectate.
2435 726 2523 782 27.
2554 726 2613 780 Si
2635 725 2761 796 quis
2781 724 2977 791 esurit,
2997 723 3152 779 domi
3172 723 3493 789 manducet,
3517 727 3581 778 ut
3601 738 3719 778 non

454 823 516 878 in
542 823 819 895 judicium
850 822 1209 877 conveniatis.
1246 822 1467 878 Caetera
1495 828 1705 884 autem,
1735 839 1862 877 cum
1885 836 2107 887 venero,
2139 819 2456 889 disponam.

1897 963 2132 1018 CAPUT
2168 963 2290 1016 XII.

526 1107 578 1165 1.
616 1107 695 1163 De
720 1104 1107 1179 spiritualibus
1128 1111 1464 1175 autem,qu.e
1475 1107 1731 1173 superius
1750 1107 1872 1158 diri
1888 1124 1903 1169 ;
1928 1106 2011 1158 vel
2025 1106 2211 1173 potius
2232 1119 2349 1171 quae
2368 1107 2432 1158 in
2454 1104 2699 1176 sequenti
2711 1096 3049 1160 dicam,nolo
3072 1110 3165 1148 vos
3185 1094 3465 1165 ignorare,
3489 1094 3716 1149 fratres.

459 1197 626 1252 Scitis
648 1195 934 1267 quoniam,
959 1211 1087 1248 cum
1115 1200 1314 1265 gentes
1336 1194 1551 1258 essetis,
1568 1195 1853 1261 gentiliter
1868 1195 2108 1247 viventes
2130 1196 2332 1259 essetis,
2352 1194 2423 1248 ad
2441 1193 2746 1249 simulacra
2768 1189 2925 1240 muta
2946 1191 3116 1255 prout
3143 1183 3719 1252 ducebamini,utpta-

453 1290 568 1341 cuit
584 1288 1191 1352 sacerdotibus,euntes,
1219 1288 1409 1351 eratis,
1423 1289 1502 1338 ret
1524 1286 1707 1339 ibatis.
1726 1284 1761 1334 ‘2
1802 1284 1931 1338 Ideo
1946 1287 2077 1352 quia
2103 1285 2408 1350 gentilitati
2426 1284 2695 1345 obedistis,
2717 1286 2914 1331 notum
2932 1274 3085 1329 vobis
3105 1274 3294 1337 facio.(
3300 1277 3462 1343 quasi
3480 1276 3719 1327 diceret:

453 1377 587 1445 quia
607 1378 670 1429 in
687 1376 997 1443 gentilitate
1027 1377 1196 1428 etiam
1226 1375 1301 1427 ad
1328 1377 1544 1427 malum
1574 1375 1871 1427 obedientes
1887 1375 2096 1441 fuistis,
2121 1373 2277 1427 credo
2305 1374 2449 1440 quod
2476 1376 2541 1424 in
2572 1371 2674 1437 ﬁde
2696 1368 2902 1422 Christi
2930 1366 3003 1417 ad
3034 1365 3174 1417 bona
3213 1366 3392 1432 magis
3422 1365 3723 1417 obedientes

465 1464 797 1534 eritis)quod
817 1480 982 1518 nemo
1002 1463 1061 1517 in
1083 1462 1314 1534 Spiritu,
1333 1479 1434 1531 per
1453 1460 1754 1531 Spiritum,
1780 1463 1879 1517 Dei
1909 1463 2166 1533 loquens,
2182 1460 2319 1514 dicit
2343 1461 2645 1515 anathema
2677 1458 2705 1511 J
2711 1472 2833 1521 esu,
2853 1455 3139 1510 Christum
3158 1458 3475 1521 separatum
3490 1455 3718 1515 aPatre,

464 1553 761 1606 anathema
789 1555 917 1606 Jesu
946 1554 1126 1605 dicere
1144 1557 1238 1615 est,
1272 1556 1353 1605 vet
1383 1553 1558 1606 Deum
1589 1568 1701 1605 non
1728 1568 1854 1616 esse,
1875 1553 1959 1605 vel
1979 1568 2043 1605 ea:
2062 1552 2166 1604 Deo
2191 1567 2303 1603 non
2326 1567 2430 1604 esse
2453 1553 2655 1618 ipsum,
2670 1552 2886 1616 putare,
2911 1541 2962 1607 3,
2979 1541 3030 1597 4.
3053 1543 3121 1596 Et
3134 1558 3300 1595 nemo
3316 1546 3500 1612 potest
3513 1541 3721 1606 dicere,

466 1642 533 1705 (et
562 1641 796 1708 credere)
827 1638 1098 1693 Dominus
1124 1641 1617 1703 Jesus,Dominum
1638 1641 1825 1693 Jesum
1839 1639 2080 1705 esse,nisi
2098 1639 2156 1692 in
2186 1638 2398 1709 Spiritu
2418 1643 2632 1700 sancto,
2656 1638 2771 1689 nisi
2781 1649 2878 1702 per
2894 1633 3173 1700 Spiritum
3195 1628 3725 1684 sanctumDivisio-

455 1744 555 1782 nes
587 1744 715 1782 vero
748 1727 1060 1798 gratiarum
1090 1733 1240 1793 sunt,
1257 1727 1402 1781 idem
1435 1732 1623 1781 autem
1658 1727 2142 1797 Spiritus,diversa
2158 1730 2384 1797 quidem
2412 1733 2543 1782 sunt
2560 1727 2807 1795 Spiritus
2827 1720 3285 1778 sanctidona.sed
3303 1722 3535 1789 spiritus
3551 1721 3695 1773 idem

456 1818 738 1870 Monstrat
768 1819 831 1869 in
852 1817 1130 1885 partibus,
1153 1819 1417 1884 quoniam
1443 1817 1659 1869 diversa
1672 1818 1893 1883 quidem
1918 1821 1969 1881 α
1992 1823 2024 1881 Ι
2058 1824 2189 1872 sunt
2211 1818 2567 1883 charismata,
2591 1816 2838 1883 Spiritus
2853 1812 3022 1866 idem.
3048 1811 3116 1865 Et
3133 1809 3485 1863 5divisiones
3498 1808 3722 1862 diversa

458 1920 643 1973 opera,
669 1904 1153 1958 ministrationum
1177 1910 1330 1962 sunt.
1360 1904 1508 1957 idem
1541 1910 1731 1958 autem
1761 1904 2062 1960 Dominus.
2096 1905 2166 1959 Et
2188 1906 2488 1961 divisiones
2520 1902 2909 1975 operationum
2941 1904 3093 1962 sunt,
3114 1897 3262 1951 idem
3286 1912 3416 1950 vero
3438 1897 3604 1961 Deus,
3620 1898 3723 1950 Pa-

462 1998 567 2059 ter,
599 1993 696 2064 qui
722 1998 989 2063 operatur
1016 1993 1208 2047 omnia
1237 1993 1295 2046 in
1325 1992 1606 2047 omnibus.
1642 1993 1952 2064 Unicuique
1981 2000 2171 2049 autem
2219 1994 2409 2061 datur,
2456 2000 2505 2047 et
2537 2000 2721 2047 tamen
2745 1990 3048 2056 unicuique
3076 1988 3266 2052 datur,
3306 1984 3711 2049 manifestatio,

459 2083 757 2149 manifesta
785 2085 974 2148 gratia
1004 2082 1256 2152 spiritus,
1289 2082 1359 2136 ad
1390 2082 1694 2136 utilitatem
1724 2099 1885 2137 suam
1914 2086 1994 2135 vel
2024 2082 2558 2151 proximorum.Alii
2590 2080 2819 2152 quidem
2847 2094 2948 2148 per
2975 2076 3224 2129 eumdem
3259 2074 3533 2145 Spiritum
3556 2073 3728 2127 datur

459 2168 511 2223 6.
542 2185 727 2223 sermo
754 2168 1045 2239 sapientia
1077 2170 1140 2223 de
1167 2172 1411 2234 divinis;
1448 2170 1543 2224 alii
1569 2176 1757 2224 autem
1791 2186 1975 2224 sermo
2004 2170 2267 2236 scientiae,
2301 2174 2363 2225 de
2388 2172 2706 2225 humilitate
2733 2169 2942 2223 Christi
2962 2164 3270 2218 secundum
3299 2162 3558 2216 eumdem
3594 2161 3724 2232 Spi-

457 2259 661 2326 ritum;
687 2258 849 2313 alteri
874 2259 1030 2319 tides,
1060 2263 1121 2312 ut
1146 2261 1266 2313 sine
1294 2261 1632 2314 hasitatione
1656 2263 1893 2328 conﬁdat
1920 2263 2046 2327 ﬁeri
2072 2262 2217 2329 quod
2248 2265 2533 2328 precatur,
2578 2259 2636 2312 in
2666 2257 2862 2312 eodem
2895 2254 3111 2325 Spiritu
3135 2272 3148 2321 ;
3179 2252 3276 2306 alii
3303 2252 3491 2322 gratia
3518 2250 3731 2305 sanita-

457 2352 600 2413 tum,
635 2350 853 2401 curatio
882 2350 1251 2414 inﬁrmorum
1282 2347 1339 2401 in
1364 2364 1476 2402 uno
1498 2348 1742 2419 Spiritu;
1777 2348 1872 2401 alii
1918 2348 2168 2419 operatio
2198 2348 2490 2414 virtutum,
2524 2348 2894 2401 ressuscitatio
2936 2348 3325 2405 mortuorum;
3359 2341 3456 2395 alii
3483 2340 3728 2412 prophe-

473 2436 573 2501 tia,
601 2433 653 2490 7.
681 2434 777 2488 alii
807 2434 1069 2489 discretio
1098 2435 1428 2506 spirituum,
1454 2442 1516 2489 ut
1545 2439 1681 2490 sciat
1713 2438 2020 2490 discernere
2069 2453 2188 2506 qua:
2216 2440 2566 2505 cogitationes
2595 2452 2630 2490 a
2657 2436 2780 2500 Deo,
2807 2450 2925 2503 quae
2955 2435 3254 2486 mittantur
3274 2446 3309 2484 a
3341 2432 3557 2484 diabolo
3581 2449 3597 2492 ;
3630 2428 3728 2482 alii

472 2539 684 2593 genera
710 2524 1053 2594 linguarum,
1085 2523 1139 2579 8.
1171 2525 1265 2578 alii
1310 2525 1699 2596 interpretatio
1745 2540 2089 2579 sermonum.
2127 2523 2178 2579 9.
2229 2524 2358 2579 Haec
2400 2529 2590 2579 autem
2639 2521 2835 2578 omnia
2868 2522 3142 2591 ‘operatur
3184 2535 3328 2573 unus
3366 2523 3534 2588 atque
3577 2517 3730 2572 idem

1801 2666 2396 2722 COMMENTARIUS.

532 2771 622 2829 25.
655 2773 869 2830 ΙλΑΝινιὶ.
898 2775 1017 2829 Νοη
1039 2776 1357 2842 dijudicans
1377 2791 1571 2843 corpus
1590 2775 1836 2841 Domini,
1856 2775 1913 2829 id
1943 2780 2046 2838 est,
2071 2782 2120 2838 Α
2133 2775 2237 2828 hoc
2250 2773 2411 2843 argui
2432 2788 2490 2827 se
2510 2772 2741 2826 minime
2770 2774 3117 2842 paterentur,
3138 2768 3284 2822 sicut
3300 2767 3359 2821 in
3378 2766 3719 2847 simulacris;

466 2873 578 2916 non
610 2860 988 2933 intelligentes
1041 2879 1242 2934 corpus
1273 2862 1496 2918 Domini
1532 2863 1591 2917 in
1636 2864 2055 2918 damnationem

462 2950 608 3005 sumi
632 2949 702 3004 ab
729 2950 994 3021 indignis.

532 3038 626 3093 26.
657 3041 906 3095 ΑΜΒκοε.
942 3042 1094 3107 Quod
1120 3043 1169 3095 si
1198 3044 1561 3110 nosmetipsos.
1598 3042 1714 3095 Hoc
1734 3040 1887 3107 dicit,
1924 3041 2055 3112 quia

462 3126 511 3183 si
548 3130 877 3199 nosmetipsi
908 3146 1127 3183 errores
1156 3136 1377 3184 nostros
1403 3130 1829 3201 corrigeremus,
1874 3147 1984 3184 non
2022 3147 2057 3184 a

462 3217 704 3272 Domino
728 3217 1150 3287 judicaremur;
1200 3222 1272 3281 et,
1310 3218 1462 3289 quia,
1494 3218 1846 3288 corripimur,
1865 3223 2055 3273 tamen

464 3322 565 3375 pro
595 3305 756 3359 nobis
777 3312 879 3371 est,
911 3311 976 3360 ut
1001 3306 1204 3360 timore
1231 3306 1350 3377 ipso
1374 3307 1757 3361 emendemur.

534 3391 623 3449 ‘27.
655 3393 866 3448 LANFR.
899 3393 964 3449 Si
992 3397 1115 3463 quis
1152 3398 1340 3448 esurit.
1373 3395 1431 3450 Si
1460 3395 1604 3466 quis,
1644 3395 1843 3465 inquit,
1878 3401 2057 3450 statu-

475 3485 618 3548 tum,
655 3487 889 3553 cogente
919 3482 1084 3549 fame,
1115 3483 1442 3537 comedendi
1472 3483 1795 3550 terminum,
1826 3501 1939 3538 non
1956 3501 2059 3556 po-

469 3575 582 3625 test
612 3577 931 3643 exspectare
960 3572 1110 3625 domi
1132 3588 1264 3637 suae,
1278 3571 1463 3643 potius
1491 3573 1791 3628 manducet
1813 3591 1943 3645 ;per
1963 3574 2059 3629 ho-

466 3675 586 3714 ram
617 3659 733 3730 (51)
762 3660 1017 3714 cenandi
1046 3660 1332 3731 anticipet.

537 3749 694 3804 CAP.
724 3748 847 3806 XII.
889 3782 945 3793 -
968 3750 1023 3804 ‘l.
1057 3750 1261 3804 Lmen.
1312 3752 1383 3804 De
1412 3752 1805 3818 spiritualibus
1847 3757 2052 3806 autem.

475 3838 757 3905 Carnalia,
811 3839 1013 3910 inquit,
1060 3838 1214 3893 vobis
1242 3839 1483 3905 innotui,
1510 3839 1565 3893 id
1608 3848 1712 3905 est,
1746 3840 2058 3912 idolothyta

466 3943 577 3983 non
590 3927 901 3993 comedere,
927 3926 1193 3982 mulieres
1213 3928 1432 3983 intectis
1452 3928 1727 4000 capitibus
1747 3947 1859 3984 non
1871 3947 2053 3986 orare.

464 4017 795 4088 Spiritualia
820 4033 1042 4088 quoque
1070 4018 1191 4072 volo
1219 4017 1376 4072 vobis
1413 4017 1695 4085 intimare,
1729 4019 1931 4090 quibus
1962 4037 2055 4074 vos

2139 2863 2384 2918 ostendit
2422 2862 2641 2916 nullum
2671 2859 3007 2915 beneficium
3039 2874 3161 2912 esse
3206 2858 3520 2911 humanum
3552 2856 3608 2910 in
3639 2872 3729 2924 eo,

2137 2969 2265 3007 cum
2293 2951 2498 3006 dicitur
2518 2950 2790 3005 Dominus
2827 2950 3009 3014 Jesus,
3042 2947 3139 3001 sed
3166 2946 3344 3017 magis
3366 2945 3576 3000 donum
3605 2944 3730 3013 Dei,

2138 3041 2234 3112 qui
2256 3040 2519 3111 dignatus
2539 3046 2624 3094 est
2652 3039 2983 3110 mysterium
3008 3052 3173 3091 suum
3197 3034 3517 3089 hominibus
3545 3035 3735 3089 decla-

2138 3151 2283 3189 rare.
2778 3122 2785 3127 ’

2212 3223 2571 3276 5.!)ivisiones
2594 3223 3098 3275 ministrationum.
3112 3220 3237 3272 Non
3253 3223 3338 3272 est
3356 3217 3531 3271 divisa
3548 3215 3739 3286 gratia.

2141 3327 2240 3383 per
2268 3326 2534 3381 personas
2563 3310 2766 3376 Patris,
2791 3314 2848 3363 et
2875 3309 3021 3371 Filii,
3055 3314 3112 3363 et
3134 3307 3375 3379 Spiritus
3401 3306 3598 3369 sancti,
3634 3304 3737 3359 sed

2138 3399 2441 3453 indiscreta
2468 3397 2701 3453 unitatis
2725 3403 2947 3464 natura,
2979 3402 3037 3451 et
3064 3396 3239 3450 trium
3269 3411 3444 3449 unum
3474 3409 3613 3465 opus
3653 3393 3739 3447 in-

2140 3488 2432 3558 telligitur.

2210 3563 2260 3632 6.
2296 3579 2539 3634 AUGUST.
2570 3579 2693 3652 (lib.
2736 3592 2815 3632 XII
2843 3579 2906 3632 de
2943 3579 3134 3644 Trin.,
3166 3592 3288 3646 cap.
3321 3573 3408 3628 14.
3433 3561 3574 3627 tom.
3607 3573 3735 3640 III).

2140 3665 2330 3721 Sermo
2358 3670 2664 3736 sapientiae.
2694 3666 2921 3721 Invenio
2942 3665 3212 3737 scriptum
3229 3672 3350 3718 esse
3364 3664 3422 3716 in
3438 3662 3581 3716 libro
3600 3660 3731 3729 Job,

2140 3755 2335 3809 eodem
2378 3762 2571 3810 sancto
2598 3756 2859 3827 loquente
2891 3774 2902 3807 :
2937 3755 3065 3809 Ecce
3097 3757 3271 3823 pietas
3305 3758 3379 3806 est
3418 3754 3735 3821 sapientia;

2138 3847 2412 3899 abstinere
2429 3850 2614 3899 autem
2635 3861 2670 3898 a
2690 3849 2855 3899 matis
2885 3846 3115 3898 scientia
3137 3848 3230 3896 est.
3260 3843 3324 3897 ln
3348 3842 3451 3895 hac
3478 3841 3742 3894 differen-

2138 3934 2220 3987 tia
2250 3934 2676 4004 intelligendum
2727 3940 2813 3988 est
2850 3934 2921 3988 ad
2952 3931 3483 4002 contemplationem
3518 3930 3741 4000 sapien-

2138 4023 2312 4089 tiam;
2347 4023 2417 4077 ad
2444 4024 2723 4077 actionem
2767 4022 3078 4086 scientiam,
3126 4012 3426 4092 pertinere.
3458 4020 3740 4073 Pietatem

464 4107 629 4162 modo
659 4106 962 4162 Christiani
992 4105 1123 4162 facti
1154 4106 1424 4161 obedietis
1448 4126 1459 4175 ;
1495 4108 1590 4179 qui
1620 4125 1747 4162 cum
1774 4109 2062 4179 gentiliter
2081 4103 2128 4162 B
2146 4112 2352 4182 quippe
2373 4112 2477 4165 hoc
2495 4112 2633 4178 loco,
2660 4112 2847 4183 posuit
2865 4111 3079 4166 cultum
3111 4110 3209 4164 Dei
3235 4129 3248 4177 ;
3278 4126 3402 4181 quae
3419 4109 3607 4162 Graece
3628 4106 3741 4160 dici

462 4196 739 4263 viveretis,
765 4197 837 4251 ad
867 4197 1220 4252 sacerdotum
1243 4202 1414 4252 nutus
1449 4197 1764 4253 simulacris
1793 4198 2059 4253 obedien-

465 4292 554 4341 ter
574 4285 905 4341 serviebatis
930 4304 942 4353 ;
975 4286 1124 4358 quod
1153 4286 1327 4341 scitis.

532 4374 586 4428 2.
609 4376 730 4429 Ideo
759 4381 954 4430 notum
991 4378 1157 4430 vobis.
1186 4376 1358 4440 Quasi
1387 4376 1600 4432 diceret
1631 4395 1642 4431 :
1677 4376 1821 4442 Quia
1848 4378 1907 4431 in
1925 4393 2061 4448 gen-

463 4461 669 4518 tilitate
706 4462 877 4518 etiam
922 4463 991 4518 ad
1041 4465 1252 4519 malum
1303 4466 1594 4521 audientes
1641 4466 1845 4533 fuistis,
1897 4465 2062 4521 credo

468 4551 616 4623 quod
638 4552 696 4605 in
723 4551 833 4606 ﬁde
861 4552 1069 4607 Christi
1096 4553 1168 4607 ad
1196 4538 1344 4608 bona
1377 4555 1555 4624 magis
1594 4555 1885 4608 audientes
1918 4555 2057 4609 sitis.

536 4638 589 4697 3.
614 4642 866 4696 AUGUST.
900 4643 1094 4711 (cmpos.
1116 4645 1180 4696 in
1207 4642 1416 4711 Evang.
1441 4644 1601 4698 Joan.
1626 4649 1792 4697 tract.
1824 4642 1896 4697 ’74
1921 4648 2056 4698 tom.

467 4726 561 4797 IX)
599 4725 767 4784 Nemo
798 4734 970 4798 potest
996 4730 1191 4785 dicere.
1232 4729 1554 4802 Apostolica
1590 4748 1692 4786 vox
1732 4735 1837 4786 est.
1869 4733 2056 4799 Nemo,

467 4819 602 4873 dicit
628 4819 897 4872 Dominus
915 4820 1087 4879 Jesus.
1124 4821 1239 4873 nisi
1264 4822 1327 4873 in
1348 4817 1566 4887 Spiritu
1593 4826 1795 4874 sancto.
1835 4820 1906 4874 Et
1934 4819 2059 4891 quis

465 4906 766 4963 Dominum
794 4908 1006 4972 Jesum,
1031 4907 1137 4961 nisi
1155 4907 1250 4978 qui
1271 4907 1455 4978 diligit
1485 4905 1658 4981 Iaddc,
1678 4908 1857 4982 eum],
1885 4909 2061 4964 dicit?

467 4997 515 5053 si
568 5013 633 5051 eo
680 4996 845 5051 modo
894 4996 1194 5067 dicit.quo
1238 4996 1478 5067 intelligi
1522 4999 1822 5069 Apostolus
1863 4998 2053 5053 voluit.

469 5084 623 5140 Multi
652 5085 802 5140 enim
830 5101 963 5140 voce
1005 5085 1215 5153 dicunt,
1251 5087 1415 5141 corde
1444 5093 1633 5142 autem
1672 5095 1729 5144 et
1766 5088 1929 5144 factis
1958 5105 2058 5144 ne-

465 5179 623 5247 gent.

538 5267 590 5321 4.
614 5267 862 5321 AMBaos.
891 5264 1060 5320 Nemo
1079 5270 1252 5334 potest
1270 5267 1465 5322 dicere.
1485 5266 1568 5323 Ne
1590 5268 1884 5323 hominum
1901 5267 2057 5321 favo-

468 5372 590 5412 rem
625 5355 1014 5411 existimarent
1041 5354 1100 5409 in
1131 5355 1329 5427 regula
1356 5356 1694 5427 Christiana,
1746 5364 1803 5413 et
1829 5363 2060 5430 propter

544 5444 652 5522 (5|)
684 5445 888 5502 Deesse
916 5444 1153 5514 videtur,
1189 5452 1413 5516 tempus.

2141 4205 2237 4254 tur
2289 4200 2577 4254 theosebia
2613 4202 2922 4269 (Οεοσέεεια).
2966 4201 3109 4254 Nam
3148 4199 3252 4253 hoc
3293 4197 3522 4252 verbum
3567 4195 3741 4250 habet

2143 4290 2253 4344 ista
2282 4289 2562 4345 sententia
2600 4289 2655 4343 in
2686 4288 2969 4345 codicibus
2992 4288 3218 4343 Graecis.

2214 4381 2266 4432 7.
2300 4380 2548 4434 AUGUST.
2578 4381 2696 4447 (tib.
2731 4393 2808 4433 χιι
2839 4381 2910 4433 De
2948 4379 3230 4434 Genesiad
3258 4378 3432 4441 titer.,
3485 4392 3607 4447 cap.
3641 4373 3737 4442 13,

2142 4472 2280 4522 tom.
2312 4468 2416 4528 III)
2444 4470 2562 4523 Alii
2591 4469 2865 4522 discretio.
2907 4467 3178 4522 Discretio
3219 4481 3353 4520 sane
3384 4463 3737 4531 difﬁcillima,

2145 4573 2274 4611 cum
2305 4555 2585 4627 malignus
2615 4555 2866 4627 spiritus,
2899 4555 3061 4626 quasi
3102 4554 3442 4625 tranquillus
3487 4552 3631 4622 agit;
3674 4567 3745 4606 ac

2144 4644 2264 4700 sine
2293 4646 2583 4701 vexatione
2612 4645 2802 4717 aliqua
2847 4644 3115 4715 corporis,
3161 4647 3449 4713 assumpto
3490 4640 3741 4695 humano

2143 4735 2343 4807 spiritu
2366 4735 2502 4790 dicit
2532 4734 2677 4806 quod
2712 4733 3157 4805 potest.Quando
3179 4732 3350 4786 etiam
3371 4746 3501 4784 vera
3522 4728 3744 4793 dicit,et

2142 4824 2305 4879 utilia
2333 4824 2616 4895 praedicat,
2648 4824 3059 4894 transﬁgurans
3084 4838 3144 4877 se
3174 4821 3233 4875 in
3259 4820 3557 4891 angelum;
3592 4818 3745 4873 sicut

2141 4913 2411 4984 scriptum
2443 4919 2545 4977 est,
2581 4913 2735 4967 velut
2762 4912 3029 4983 angelum
3059 4910 3216 4965 lucis.

2182 5000 2231 5057 8.
2244 5003 2492 5057 LANFR.A
2505 5005 2573 5056 lii
2588 5004 2970 5070 interpretatio
2984 5017 3303 5054 sermonum
3316 5000 3636 5055 .Sermones
3648 5015 3745 5052 vo-

2143 5092 2587 5162 cat,allegoricas
2611 5090 2972 5162 prolationes,
2993 5107 3092 5144 seu
3118 5090 3176 5143 in
3197 5089 3662 5150 dictionibus,seu
3678 5086 3741 5141 in

2144 5180 2508 5246 orationibus,
2533 5198 2655 5252 quae
2684 5180 2742 5234 in
2773 5179 3059 5251 prOphctis
3085 5185 3143 5233 et
3157 5178 3475 5250 Evangeliis
3499 5177 3593 5232 ubi
3621 5177 3743 5232 fere

2140 5269 2663 5341 reperiuntur,un
2674 5270 2768 5339 qui
2786 5267 3148 5339 interpretari
3164 5266 3476 5338 sciuntper
3492 5264 3739 5337 gratiam

2141 5360 2320 5415 sancti
2337 5358 2757 5431 Spiritus,illam
2774 5357 3064 5414 scientiam
3079 5356 3619 5413 habent.Possumus
3636 5371 3744 5428 per
