3936 6178
257 283 328 343 197
870 279 948 335 ΙΝ
982 280 1050 336 D.
1092 278 1306 336 PAULI
1346 276 1572 334 EPIST.
1614 277 1992 341 COMMENT.
2031 311 2100 327 —
2140 283 2363 340 EPIST.
2405 286 2430 340 Ι
2466 286 2563 340 AD
2603 288 2764 346 COR.
3318 296 3419 356 198

251 406 438 480 spiritus,
463 400 695 457 dividens
716 401 954 472 singulis
984 407 1152 474 prout
1192 401 1476 492 vult,_hoc
1508 400 1658 492 huic,
1704 402 1854 456 illud
1886 405 1996 469 illi,
2026 409 2136 460 alii
2174 410 2318 474 plus,
2346 411 2454 461 alii
2484 413 2692 465 minus.
2728 412 2815 471 10.
2848 416 3006 473 Sicut
3033 420 3184 474 enim
3211 435 3415 492 corpus

253 511 380 551 unum
404 497 487 558 est,
511 497 562 546 et
585 490 844 545 membra
864 490 1035 544 habet
1059 490 1270 555 multa;
1307 487 1389 544 11.
1424 487 1615 541 omnia
1643 494 1831 543 autem
1862 492 2116 548 membra
2142 497 2410 566 corporis,
2451 513 2578 552 cum
2625 501 2742 557 sint
2786 506 2984 572 multa,
3016 524 3194 563 unum
3223 487 3416 565 tamen

249 600 398 654 corpus
411 585 539 646 sunt,
564 579 644 633 ita
668 584 726 634 et
751 580 1027 643 Christus,
1061 580 1120 632 id
1147 582 1241 643 est,
1261 580 1444 644 caput,
1478 581 1528 629 et
1552 592 1764 644 corpus,
1789 595 1906 647 qua:
1931 585 2005 634 est
2032 583 2289 637 Ecclesia.
2313 585 2437 648 Nos,
2460 588 2668 656 inquit,
2701 596 2949 649 membra
2967 597 3215 652 Ecclesia
3232 614 3417 654 unum

248 687 408 726 sumus.
440 667 634 723 Etenim
665 668 724 722 in
755 684 869 722 uno
898 666 1112 738 Spiritu
1132 680 1328 719 omnes
1364 679 1466 716 nos
1498 667 1560 715 ut
1607 668 1784 719 simus
1832 667 1893 721 in
1935 685 2110 724 unum
2143 688 2347 745 corpus
2390 673 2654 746 baptizati
2683 696 2896 751 sumus,
2929 683 3043 739 sive
3073 686 3271 753 Judmi,
3301 687 3419 743 sive

245 757 442 830 gentiles,
468 755 569 811 sive
593 756 761 819 servi,
794 755 909 810 sive
939 754 1130 821 liberi;
1164 758 1222 807 et
1259 767 1454 806 omnes
1490 750 1549 804 in
1596 767 1707 806 uno
1747 755 1959 825 Spiritu
1992 760 2172 828 potati
2202 779 2416 817 sumus.
2466 765 2611 819 Nam
2651 773 2709 822 et
2744 750 2946 842 corpus
2974 789 3087 828 non
3119 781 3206 830 est
3232 750 3414 833 unum

247 846 504 909 membrum,
532 844 625 899 sed
659 844 856 899 multa.
884 845 1048 906 Licet,
1075 845 1287 912 inquit,
1318 842 1496 894 simus
1521 857 1702 895 unum
1731 858 1948 912 corpus,
1976 861 2087 900 non
2109 853 2293 906 tamen
2315 866 2499 905 omnes
2518 868 2700 909 unum
2727 861 3072 927 membrum;
3099 866 3245 917 sicut
3272 870 3322 919 el
3342 868 3410 920 in

244 950 421 1004 wrpore.
448 932 526 990 12.
556 933 614 988 Si
642 933 848 987 dixerit
875 948 972 1003 pes
997 950 1011 985 :
1048 935 1171 997 τ’
1203 928 1470 1001 quoniam
1496 944 1611 982 non
1641 945 1768 983 sum
1808 947 2026 1000 manus,
2059 952 2171 990 non
2203 953 2325 992 sum
2356 939 2426 993 de
2456 955 2689 1013 corpore
2720 962 2733 997 :
2769 962 2905 1001 num
2924 948 3050 1004 ideo
3078 967 3191 1006 non
3218 956 3307 1007 est
3341 952 3412 1009 de

245 1023 445 1095 corpore?
468 1023 574 1078 Etsi
596 1024 823 1092 quidam
853 1024 916 1075 in
934 1021 1179 1091 Ecclesia
1202 1035 1315 1073 non
1342 1020 1458 1071 sint
1480 1018 1882 1106 prudieatores,
1908 1036 2018 1075 non
2040 1024 2158 1077 ideo
2189 1041 2299 1079 non
2317 1032 2449 1081 sunt
2474 1029 2539 1082 de
2566 1030 2841 1101 Ecclesia;
2857 1039 3001 1090 sicut
3024 1053 3131 1106 pes,
3154 1042 3278 1093 licet
3300 1056 3416 1096 ηοη

243 1116 294 1166 sit
309 1128 486 1174 manus,
511 1127 619 1165 non
644 1113 762 1165 ideo
793 1126 904 1164 non
928 1112 1083 1163 estde
1110 1112 1359 1176 corpore?
1379 1106 1445 1160 Et
1461 1105 1507 1159 si
1530 1104 1736 1160 dixerit
1763 1108 1945 1162 auris:
1967 1110 2235 1179 quoniam
2256 1128 2368 1167 non
2389 1131 2516 1169 sum
2542 1119 2877 1184 oculus,non
2900 1104 3114 1180 sum'de
3143 1143 3407 1200 corpore:

242 1216 339 1255 num
359 1200 464 1254 ideo
488 1216 593 1254 non
623 1206 711 1254 est
735 1199 805 1253 de
833 1197 1107 1270 corpore?
1140 1196 1198 1252 Si
1222 1196 1313 1265 i3,
1351 1193 1432 1251 14.
1465 1199 1651 1248 totum
1678 1209 1880 1265 corpus
1902 1198 2096 1252 oculus
2127 1218 2140 1265 ;
2171 1200 2266 1255 ubi
2282 1203 2547 1258 auditus?
2576 1206 2635 1261 Si
2654 1212 2836 1263 totum
2866 1213 3125 1279 auditus;
3158 1193 3258 1271 ubi
3285 1218 3415 1272 odo-

242 1287 382 1341 ratus?
403 1304 431 1341 a
448 1289 634 1341 simili.
662 1288 827 1342 Nunc
854 1292 1043 1341 autem
1068 1283 1258 1356 posuit
1273 1283 1422 1337 Deus
1451 1280 1727 1371 membra,
1750 1288 2191 1358 unumquodque
2210 1306 2404 1346 eorum
2422 1292 2482 1347 in
2495 1310 2746 1366 corpore,
2769 1298 2916 1354 sicut
2933 1301 3124 1358 voluit.
3153 1304 3232 1361 15.
3256 1306 3418 1371 Quod

238 1377 271 1430 si
290 1380 438 1430 essent
455 1376 632 1431 omnia
662 1391 836 1430 unum
868 1373 1205 1437 membrum,
1224 1371 1320 1426 ubi
1349 1367 1591 1439 corpus?
1612 1371 1755 1439 Ergo
1785 1389 1897 1427 non
1921 1382 2051 1429 sunt
2074 1382 2268 1433 omnia
2285 1386 2527 1450 corporis
2554 1400 2734 1440 unum
2754 1391 3085 1457 membrum,
3107 1395 3197 1447 sed
3210 1397 3414 1464 multa,

238 1470 281 1516 ut
298 1480 428 1517 suum
440 1467 584 1518 sistat
602 1480 825 1533 corpus;
837 1468 929 1518 sin
945 1467 1118 1516 essent
1138 1464 1329 1515 omnia
1354 1475 1536 1513 unum
1552 1460 1884 1527 membrum,
1912 1478 2023 1517 non
2042 1467 2356 1523 subsisteret
2375 1474 2761 1539 corpus.Nunc
2779 1483 2968 1532 autem
2990 1481 3168 1536 multa
3184 1460 3417 1554 quidem

234 1552 442 1612 membra,
471 1568 641 1607 unum
672 1557 860 1606 autem
883 1567 1105 1622 corpus,
1137 1551 1451 1603 humanum
1476 1562 1673 1614 corpus
1704 1549 2013 1619 dicit,quod
2038 1558 2226 1623 nequit
2241 1574 2366 1620 esse,
2382 1562 2495 1613 nisi
2526 1565 2719 1617 multis
2749 1569 3011 1623 membris
3032 1549 3251 1626 constet.
3284 1573 3413 1631 Non

232 1643 368 1707 potest
390 1645 557 1693 autem
581 1643 704 1708 (per
716 1642 899 1693 simile
924 1640 1159 1710 ostendit
1181 1638 1427 1692 Ecclesiae
1446 1637 1694 1691 membra
1706 1640 1940 1727 invicem
1962 1656 2067 1695 esse
2090 1649 2411 1706 necessaria,
2426 1647 2491 1717 [Γ.
2511 1647 2643 1702 licet
2655 1649 2797 1724 sint]
2811 1660 2872 1707 ut
2898 1671 3009 1710 non
3030 1660 3414 1727 sintdi/feren-

230 1728 380 1797 tia)!6.
395 1728 568 1783 oculus
591 1729 780 1783 dicere
800 1728 991 1783 manui
1009 1747 1022 1781 :
1040 1743 1212 1799 opera
1226 1732 1326 1781 tua
1348 1741 1460 1780 non
1486 1723 2053 1794 indigeo,autiterum
2069 1736 2238 1800 caput
2248 1732 2481 1802 pedibus
2504 1753 2516 1787 :
2542 1751 2655 1789 non
2669 1723 2802 1792 estis
2819 1739 2956 1794 mihi
2975 1723 3415 1800 necessariiSed

229 1817 356 1870 multo
369 1818 525 1888 magis
535 1834 660 1891 quae
673 1818 938 1872 videntur
956 1816 1209 1871 membra
1224 1815 1473 1886 corporis
1497 1813 2043 1876 inﬁrmiora,viliora
2067 1834 2209 1878 esse,
2229 1823 2612 1877 necessariora
2631 1832 2764 1879 sunt
2783 1846 2793 1880 :
2826 1826 2902 1883 l7.
2935 1835 2992 1884 et
3008 1847 3131 1901 qua:
3146 1838 3413 1904 putamus

227 1903 488 1973 ignobiliora
512 1906 767 1961 membra
796 1923 918 1961 esse
947 1906 1215 1979 corporis,
1250 1904 1557 1974 (pudendas
1578 1907 1763 1969 partes
1792 1906 2037 1971 corporis
2066 1907 2226 1974 dicit)
2260 1908 2347 1962 his
2376 1909 2645 1966 honorem
2676 1913 3170 1987 abundantiorem,
3204 1924 3413 1978 honore

224 1992 820 2056 vestium,circumdamus
839 1992 908 2048 18
919 2034 931 2046 .
949 1999 1005 2047 et
1021 2009 1145 2064 quae
1156 1991 1455 2046 inhonesta
1467 1994 1601 2043 sunt
1616 1994 1811 2043 nostra
1827 1989 2297 2050 abundantiorem
2316 1996 2671 2055 honestatem
2696 2007 2832 2057 vesti
2835 2012 3150 2063 mentorum
3178 2008 3412 2066 habent.

223 2074 282 2132 l9.
306 2079 517 2135 Honesta
544 2088 740 2137 autem
771 2087 984 2145 nostra,
1013 2087 1072 2135 ut
1092 2083 1262 2146 oculi,
1281 2095 1464 2142 nares,
1495 2078 2140 2144 aures,nulliushonoris
2165 2088 2618 2144 vestimentorum
2647 2098 2815 2162 egent
2847 2112 2859 2147 :
2892 2096 2989 2150 sed
3020 2091 3168 2152 Deus
3196 2105 3414 2172 tempe-
3500 2155 3505 2159 .

220 2168 322 2221 mit
340 2185 535 2241 corpus,
564 2171 734 2238 ei,cui
751 2171 947 2226 deerat
973 2170 1441 2226 abundantiorem
1468 2167 1770 2223 tribuendo
1798 2173 2249 2229 vestimentorum
2278 2176 2568 2245 honorem,
2596 2186 2660 2234 ut
2687 2198 2799 2237 non
2823 2184 2898 2239 sit
2928 2186 3170 2242 schisma
3200 2190 3260 2244 in
3288 2167 3413 2245 cor-

217 2271 329 2325 pore,
354 2258 436 2312 sed
461 2259 704 2330 idipsum
735 2277 836 2331 pro
873 2260 1109 2315 invicem
1140 2258 1380 2314 sollicita
1405 2258 1522 2313 sint
1550 2255 1823 2311 membra.
1946 2259 1993 2312 si
2021 2261 2151 2332 quid
2186 2264 2400 2333 patitur
2427 2283 2604 2321 unum
2630 2269 2966 2337 membrum,
2996 2276 3414 2347 competiuntur

214 2345 355 2398 omnia
377 2346 645 2402 membra:
666 2348 781 2402 sive
798 2348 1075 2419 gloriatur
1099 2364 1276 2402 unum
1309 2344 1644 2411 membrum,
1672 2346 2029 2415 congaudent
2054 2352 2245 2408 omnia
2274 2354 2548 2412 membra.
2571 2358 2661 2415 ‘20.
2694 2359 2806 2414 Vos
2836 2368 3027 2418 autem
3050 2344 3187 2421 estis
3208 2380 3411 2440 corpus

1459 2450 2050 2512 COMMENTARIUS.

209 2555 451 2609 sermones,
471 2541 737 2613 mysticae
747 2543 917 2598 etiam
936 2542 1174 2598 visiones
1194 2540 1730 2613 intelhgere,quales
1749 2543 1790 2598 A
1808 2558 1923 2598 non
1947 2545 2108 2603 decet
2139 2554 2321 2606 totum
2349 2569 2552 2626 corpus
2580 2572 2704 2612 esse
2741 2559 2972 2627 oculus;
3025 2562 3075 2617 si
3119 2563 3272 2620 enim
3302 2564 3410 2620 hoc

209 2642 457 2698 apparuere
501 2631 784 2686 Pharaoni
822 2638 881 2686 et
927 2631 1461 2687 Nabuchodonosor.
1492 2632 1653 2688 Unde
1683 2640 1741 2690 et
1821 2639 1968 2689 esset
1986 2636 2106 2706 jam
2134 2654 2248 2694 non
2278 2647 2426 2697 esset
2453 2643 2638 2715 ipsum
2670 2662 2892 2718 corpus,
2927 2650 3062 2721 quia
3106 2668 3220 2708 non
3264 2658 3414 2710 esset

205 2716 361 2789 Ioseph
385 2720 512 2775 dicit
541 2739 554 2774 :
583 2722 663 2775 Eo
680 2723 827 2790 quod
842 2724 940 2788 ﬂat
960 2737 1137 2775 sermo
1165 2722 1289 2777 Dei.
1328 2721 1399 2775 Et
1422 2721 1481 2776 in
1506 2722 1739 2779 Daniele
1820 2723 2046 2780 auditus
2065 2731 2123 2781 et
2149 2734 2363 2784 cetera;
2392 2737 2581 2802 partes
2610 2716 2878 2807 corporis.

206 2804 386 2875 legitur:
411 2811 505 2864 Dic
524 2812 886 2876 somnium,et
914 2812 1424 2879 interpretationem
1449 2815 1565 2880 ejus
1593 2814 1740 2867 indi-
1889 2812 1979 2867 15.
2010 2816 2259 2872 Axnaos.
2292 2820 2445 2886 Quod
2464 2824 2516 2874 si
2537 2804 2920 2879 essent—omnia
2939 2842 3143 2882 unum.
3175 2829 3413 2885 Manife-

202 2897 416 2953 cabiezus.
449 2898 515 2952 Et
539 2915 637 2953 rex
660 2898 743 2952 ait
769 2918 781 2951 :
813 2900 1006 2954 Sermo
1029 2900 1244 2953 recessit
1274 2915 1311 2952 a
1334 2915 1438 2953 me.
1473 2900 1625 2964 Quas
1655 2900 1737 2956 in-
1818 2904 1968 2956 stum
1992 2909 2077 2958 est
2107 2906 2256 2975 quia,
2290 2907 2338 2960 si
2371 2924 2565 2963 omnes
2608 2911 2776 2966 unius
2809 2913 3052 2969 fuissent
3094 2915 3408 2987 dignitatis,

202 2986 444 3053 terpretari
471 2987 699 3058 utrique
723 2987 911 3041 divino
940 3004 1176 3041 munere
1218 2987 1482 3042 collatum
1513 2994 1616 3043 est.
1644 2989 1739 3043 Ait
1819 3004 1931 3043 non
1958 2990 2280 3047 dicerentur
2300 2995 2572 3057 membra.
2611 3015 2793 3069 neque
2824 3016 3025 3072 corpus
3059 3020 3070 3055 :
3120 2986 3247 3059 ideo
3279 3005 3414 3077 quia

200 3072 311 3126 enim
333 3074 529 3146 loseph
559 3091 572 3125 :
602 3078 815 3145 Absque
848 3092 931 3130 me
950 3078 1089 3131 Deus
1110 3078 1451 3145 respondebit
1475 3093 1738 3147 prospera
1818 3078 1944 3166 _[al.,
1971 3080 2231 3153 ideoque]
2257 3084 2425 3139 variis
2454 3086 2836 3144 membrorum
2858 3090 3056 3147 ciliciis
3081 3072 3412 3166 corpus—gu-

199 3160 446 3217 Pharaoni.
482 3165 550 3219 Et
592 3165 798 3219 Daniel
836 3184 848 3218 ε
896 3165 1189 3220 Ostendisti
1219 3165 1359 3219 mihi
1387 3170 1741 3235 quzrogaoi-
1817 3164 2112 3225 beruatur.

198 3263 290 3303 mus
307 3256 382 3318 te;
403 3260 533 3322 quia
553 3269 867 3307 sermonem
888 3256 1029 3322 regis
1057 3247 1329 3322 aperuisti
1350 3256 1521 3309 nobis.
1891 3252 1976 3311 16.
2007 3257 2207 3312 Oculus
2235 3260 2412 3315 dicere
2449 3267 2668 3331 manui,
2692 3264 2797 3320 hoc
2825 3275 2929 3330 est,
2962 3284 3077 3324 non
3105 3276 3291 3341 potest
3309 3288 3414 3344 po-

246 3335 287 3392 9.
327 3342 565 3398 uanos.
613 3344 740 3397 Hac
785 3348 970 3396 autem
1013 3348 1223 3396 omnia.
1275 3342 1434 3407 Quod
1477 3344 1737 3415 superius
1818 3344 1932 3399 tior
1957 3345 2141 3400 dicere
2167 3346 2458 3404 inferiori:
2496 3351 2622 3407 Non
2642 3353 2780 3408 mihi
2809 3371 2950 3427 Opus
2977 3373 3054 3412 es.

199 3425 327 3482 trium
357 3446 723 3501 personarum
762 3432 914 3496 dicit,
946 3448 1095 3486 nunc
1134 3449 1233 3504 per
1262 3449 1438 3488 unum
1465 3434 1738 3505 Spiritum
1892 3433 1979 3488 17.
2010 3435 2079 3488 Et
2107 3444 2519 3506 quaepulamus.
2552 3425 2951 3512 Despectisivel
2979 3446 3286 3503 humilibus
3316 3465 3413 3504 ex-

196 3524 399 3572 sanctum
425 3520 589 3591 dirigi
624 3521 750 3591 [al.,
782 3520 897 3591 agi]
927 3522 1241 3592 proﬁtetur.
1278 3522 1368 3586 Ut,
1405 3521 1540 3594 quia
1567 3522 1739 3578 unius
1820 3520 2065 3577 hortatio
2096 3525 2414 3581 necessaria
2440 3533 2545 3595 est,
2584 3546 2686 3600 per
2705 3547 2878 3602 quam
2909 3533 3157 3590 addatur
3181 3536 3293 3590 illis
3316 3536 3416 3594 hoc

197 3612 363 3662 murrae
398 3616 545 3677 sunt,
605 3615 669 3664 et
713 3610 862 3681 quod
904 3627 1051 3665 unus
1099 3615 1384 3682 operatur,
1432 3617 1740 3684 operentur
1822 3626 1944 3676 nor,
1975 3617 2040 3666 ut
2066 3613 2208 3668 ﬁant
2235 3614 2423 3670 utiles.

194 3698 292 3746 tres,
1899 3697 1979 3756 l8.
2011 3701 2080 3755 Et
2100 3718 2219 3771 qua:
2239 3704 2526 3759 inhonesta
2552 3712 2704 3762 sunt.
2756 3710 2902 3764 Nam
2926 3711 3112 3768 solent
3139 3714 3415 3771 succincti

244 3778 312 3838 10.
337 3784 541 3846 Lassa,
581 3789 744 3845 Sicut
772 3792 919 3843 enim
939 3805 1134 3858 corpus
1162 3805 1345 3843 unum
1372 3794 1467 3845 est.
1492 3790 1542 3845 A
1565 3790 1737 3846 simili
1818 3787 2085 3843 vesticula
2102 3790 2319 3857 tetrica,
2349 3793 2489 3864 pede
2518 3794 2669 3849 nudo
2693 3794 2969 3854 incedere.
3001 3800 3144 3856 Cum
3167 3818 3300 3875 ergo
3326 3804 3416 3860 vi-

192 3873 385 3929 ostendit
408 3877 641 3947 quidem
674 3894 851 3933 unum
893 3894 1016 3932 esse
1044 3878 1323 3949 spiritum,
1356 3884 1414 3933 et
1441 3879 1561 3950 ejus
1588 3879 1738 3935 dona
1755 3891 1804 3954 Β
1821 3876 2064 3932 deantur
2091 3880 2558 3951 contemptibiles,
2610 3884 2792 3956 magis
2820 3886 3020 3944 honori
3066 3873 3250 3959 sunt;
3282 3892 3417 3964 quia

193 3974 283 4015 esse
327 3965 674 4037 multiplicia,
705 3967 851 4022 sicut
876 3982 1051 4022 unum
1097 3972 1184 4021 est
1220 3983 1445 4039 corpus,
1490 3968 1742 4024 membra
1824 3966 2006 4022 solent
2028 3967 2198 4022 vitam
2219 3969 2426 4024 habere
2465 3972 2849 4030 mundiorem.

189 4046 355 4106 habens
379 4055 574 4109 multa.
599 4056 772 4110 Ponit
790 4060 979 4110 autem
1006 4054 1312 4123 Christum,
1334 4056 1393 4111 id
1423 4062 1527 4125 est,
1550 4064 1739 4131 caput,
1894 4055 1983 4110 19.
2009 4058 2244 4112 Honesta
2284 4065 2472 4114 autem
2527 4068 2735 4117 nostra.
2776 4064 3085 4134 Fratribus,
3122 4068 3183 4122 in
3213 4068 3417 4139 quibus

191 4140 232 4188 et
251 4154 342 4193 non
358 4158 552 4214 corpus
581 4160 711 4215 quae
740 4149 826 4199 est
858 4144 1120 4212 Ecclesia,
1146 4161 1248 4216 pro
1288 4144 1489 4217 spiritu
1511 4163 1622 4219 quo
1644 4147 1742 4201 illa
1823 4143 2071 4200 studium
2100 4146 2315 4217 peritiae
2343 4153 2401 4202 et
2421 4151 2860 4207 conversationis
2883 4154 3051 4225 viget,
3073 4161 3132 4211 et
3157 4156 3418 4212 honesta-

187 4222 264 4279 sibi
282 4238 399 4285 sunt
425 4232 791 4288 coherentia.
1823 4232 1897 4288 tis
1924 4233 2064 4288 nihil
2092 4240 2179 4289 est
2209 4236 2357 4307 quod
2377 4253 2411 4291 a
2431 4236 2591 4292 nobis
2628 4238 2891 4298 addatur.

240 4315 310 4369 11.
333 4320 577 4376 Δυῦυετ.
616 4322 850 4392 (Enarr.
888 4325 952 4376 in
977 4325 1116 4391 psal.
1140 4324 1266 4391 xxx)
1326 4324 1529 4379 Omnia
1554 4329 1740 4380 autem
1892 4320 1962 4379 20
1982 4323 2186 4377 Lassa.
2222 4325 2311 4378 Vos
2337 4331 2525 4380 autem
2553 4328 2698 4384 estis.
2729 4329 2968 4401 Coaptat
2992 4330 3410 4405 similitudines,

432 4410 703 4483 Loquens
722 4410 792 4466 de
810 4410 1078 4465 membris
1097 4411 1325 4479 Christi,
1349 4412 1455 4467 hoc
1483 4418 1571 4468 est
1600 4413 1739 4469 ﬁde-
1823 4426 1964 4481 quas
1990 4412 2249 4483 superius
2276 4412 2414 4468 dicit
2435 4413 2506 4469 de
2529 4430 2780 4487 corpore,
2824 4418 2897 4473 ad
2926 4419 3033 4474 hoc
3050 4421 3200 4492 quod
3227 4422 3368 4479 dixit
3399 4445 3412 4480 :

188 4489 313 4559 libus,
339 4513 444 4552 non
471 4500 559 4555 ait
589 4516 605 4555 :
636 4499 729 4555 Sic
753 4505 811 4554 et
837 4498 1090 4555 membra
1114 4500 1343 4557 Christi.
1378 4501 1487 4557 Sed
1518 4502 1625 4557 hoc
1651 4508 1739 4557 to-
1826 4499 2032 4569 Corpus
2072 4517 2253 4555 unum
2282 4508 2377 4570 est,
2408 4508 2457 4556 et
2498 4506 2746 4560 membra
2775 4509 2977 4562 multa.
3010 4489 3284 4566 convenit
3308 4512 3416 4568 hoc

186 4586 419 4656 tumquod
436 4588 604 4654 dixit,
620 4588 908 4644 Christum
926 4589 1247 4661 appellavit.
1262 4590 1515 4646 Membra
1536 4593 1737 4662 multa,
1825 4589 1973 4660 quod
2016 4588 2154 4644 dicit
2195 4608 2207 4644 :
2271 4592 2360 4646 Vos
2408 4598 2596 4647 autem
2649 4597 2776 4649 estis
2814 4612 3009 4667 corpus
3074 4600 3300 4669 Christi,
3363 4607 3416 4657 et

185 4684 319 4727 unum
344 4691 544 4748 corpus
574 4678 871 4744 Christus;
903 4695 1036 4750 ergo
1059 4678 1227 4735 simul
1254 4696 1448 4736 omnes
1467 4697 1590 4750 nos,
1609 4698 1739 4738 cum
1821 4679 2069 4734 membra
2087 4681 2150 4733 de
2162 4680 2524 4737 membro.Ad
2551 4682 2658 4738 hoc
2679 4684 2828 4755 quod
2856 4685 3023 4742 dixit:
3048 4689 3211 4744 Nunc
3230 4696 3418 4748 autem

183 4762 324 4833 capite
347 4772 561 4835 nostro,
597 4766 879 4823 Christus.
1812 4770 2003 4838 posuit
2053 4769 2195 4824 Deus
2233 4772 2501 4833 membra.
2533 4776 2981 4845 unumquodque,
3028 4780 3169 4833 sicut
3216 4782 3412 4837 coluit.

238 4850 303 4907 ω.
347 4857 600 4911 uanos.
655 4854 719 4911 Si
766 4858 973 4911 dixerit
1007 4874 1117 4927 pes.
1172 4858 1288 4913 Hoc
1317 4863 1402 4913 est
1430 4874 1543 4914 non
1575 4876 1738 4932 posse
1820 4855 2094 4912 Convenit
2122 4858 2271 4930 quod
2300 4858 2442 4915 dixit
2467 4877 2479 4913 :
2507 4858 2577 4916 Et
2597 4864 2864 4931 quosdam
2893 4867 3116 4935 quidem
3138 4872 3327 4938 posuit
3348 4873 3416 4927 in

183 4952 278 4994 eum
300 4945 387 5014 qui
414 4944 685 5000 inﬁrmus
713 4944 934 5000 videtur
960 4945 1109 5000 inter
1131 4946 1356 5014 fratres,
1371 4963 1582 5018 negare
1608 4945 1732 5022 [al.,
1818 4946 2059 5001 Ecclesia
2088 4962 2108 5001 :
2128 4950 2691 5041 primumgapostolos.
2710 4956 2945 5041 secundo
2958 4957 3416 5026 prophetas,sicut

182 5031 355 5102 mari]
382 5050 509 5088 esse
539 5033 618 5088 de
637 5050 887 5106 corpore,
921 5034 1054 5106 quia
1080 5052 1194 5090 non
1215 5052 1341 5091 sum
1363 5042 1582 5108 potens.
1812 5036 2093 5104 Agabum,
2114 5040 2167 5089 et
2190 5038 2331 5090 duas
2366 5039 2515 5105 ﬁlias
2534 5031 2799 5110 Philippi,
2823 5046 2985 5098 tertio
3025 5047 3283 5113 doctores,
3308 5053 3416 5105 etc.

228 5117 302 5173 13.
321 5121 381 5176 Si
407 5128 591 5177 totum
612 5139 808 5192 corpus
824 5124 1034 5189 oculus,
1055 5123 1112 5178 id
1138 5130 1238 5191 est,
1270 5124 1317 5179 si
1338 5141 1533 5181 omnes
1553 5132 1742 5183 essent
1826 5124 1910 5179 Ad
1957 5124 2063 5180 hoc
2105 5125 2254 5196 quod
2284 5125 2425 5180 dixit
2450 5144 2462 5179 :
2512 5125 2577 5181 Si
2610 5132 2784 5185 totum
2814 5148 3009 5202 corpus
3038 5142 3169 5191 esset
3205 5141 3415 5206 oculus,

180 5204 309 5260 Unius
333 5212 543 5281 aperis,
602 5211 884 5283 quomodo
919 5212 1250 5284 impleretur
1291 5214 1509 5286 reliqua
1540 5215 1807 5314 ncessi-c
1828 5215 1926 5269 ubi
1958 5216 2227 5271 auditus?
2264 5214 2539 5272 Convenit
2577 5218 2683 5273 hoc
2724 5221 2873 5291 quod
2919 5221 3061 5278 dixit
3099 5240 3111 5278 :
3148 5204 3421 5295 Nunquid
3500 5302 3503 5309 ‘

181 5295 241 5381 les
261 5301 523 5369 corporis,
556 5316 692 5355 cum
737 5306 955 5357 constet
1002 5302 1193 5357 multis
1221 5302 1420 5359 ofﬁciis
1448 5321 1589 5377 Opus
1615 5321 1736 5362 esse
1755 5295 2016 5360 "omnes
2052 5308 2326 5374 apostoli?
2370 5308 2647 5379 Nunquid
2688 5325 2873 5364 omnes
2900 5314 3213 5381 propheta?
3254 5314 3418 5379 Quod

174 5378 225 5434 ad
246 5388 632 5454 gubernacula
657 5391 931 5462 corporis,
1825 5394 2028 5449 sectari
2057 5394 2227 5449 debet
2252 5378 2547 5464 charitate,
2591 5396 2676 5452 uti
2703 5397 2764 5452 in
2792 5378 2915 5454 ﬁne
2933 5378 3194 5471 Epistolas
3222 5378 3419 5460 sitin-

227 5473 295 5526 tt.
342 5475 553 5534 an.
589 5479 658 5535 Si
695 5484 867 5535 totum
900 5496 1093 5552 corpus
1127 5487 1337 5540 oculus.
1370 5483 1488 5540 Nec
1513 5485 1740 5554 debent,
1824 5484 2081 5557 guis,etc.
2108 5485 2409 5541 concordet
2429 5485 2530 5553 sic,
2555 5490 2847 5543 sectamini
2867 5487 3042 5560 igitur
3059 5489 3413 5552 charitatem.

175 5556 335 5632 inlinit,
371 5582 581 5625 omnes
635 5567 692 5623 in
723 5569 969 5627 Ecclesia
993 5588 1116 5629 esse
1156 5573 1571 5646 praedicatores,
1606 5574 1742 5646 quia
1825 5574 2007 5631 Omne
2044 5574 2194 5648 quod
2227 5576 2428 5634 melius
2465 5582 2551 5632 est
2591 5581 2648 5631 et
2672 5556 3030 5639 excellentius
3059 5578 3187 5638 aliis
3213 5583 3420 5645 sectari
