4040 6186
450 309 550 368 199
1429 298 1491 353 Β.
1534 293 1948 352 LANFRANC!
1988 293 2040 349 Ο.

2128 291 2349 347 ’ἸἮΑΒο
2388 289 2724 346 ARCHIEP.
3597 281 3704 341 200

442 435 671 500 Christi,
700 439 763 489 et
784 431 873 490 21.
907 427 1157 484 membra
1186 425 1255 479 de
1285 422 1556 477 membro.
1594 421 1664 475 Et
1695 419 1965 490 quosdam
2018 417 2243 487 quidem
2291 417 2479 486 posuit
2510 415 2660 469 Deus
2691 414 2745 468 in
2778 412 3023 469 Ecclesia
3060 430 3072 466 :
3106 410 3350 483 primum
3388 408 3695 491 apostolos1

439 525 537 584 2‘2.
576 497 820 580 secundo
852 517 1171 590 prophetas,
1204 512 1292 567 23.
1329 511 1497 565 tertio
1527 510 1800 565 doctores.
1838 510 2121 575 episcopos,
2153 504 2355 557 deinde
2384 504 2639 568 virtutes,
2666 520 2748 557 eos
2794 506 2892 571 qui
2924 505 3201 555 miracu‘a
3228 501 3467 566 faciunt,
3504 497 3703 553 exinde

439 613 651 685 gratias
678 587 1053 668 curati-onum,
1106 619 1189 655 cos
1217 603 1316 669 qui
1344 602 1596 664 inﬁrmos
1635 600 1857 659 curant,
1898 592 2317 663 opitulationes,
2352 608 2468 660 qua:
2511 595 2571 645 in
2615 593 2845 645 diversis
2873 592 3110 654 artibus,
3147 590 3365 656 ofﬁciis,
3404 587 3704 640 industriis

442 677 884 758 considerantur,
911 689 1003 749 24.
1033 684 1490 758 gubernationes,
1525 684 1811 735 minorum
1849 697 2215 749 personarum
2263 682 2627 748 przlaliones,
2660 695 2872 749 genera
2905 679 3250 747 linguarum,
3277 677 3454 729 variis
3487 678 3700 742 linguis

442 791 734 857 loquentes,
769 777 1265 850 interpretationes
1292 787 1637 828 sermonum.
1660 771 1930 840 Nunquid
1961 786 2156 824 omnes
2186 768 2458 839 apostoli?
2488 770 2772 837 quosdam,
2806 769 3014 836 inquit,
3042 766 3225 833 posuit
3244 766 3529 832 apostolos,
3572 779 3707 817 nam

441 851 567 934 cuin
595 877 830 942 aliquos,
865 884 976 923 non
1006 882 1190 921 omnes
1215 864 1396 933 posuit
1427 862 1709 927 apostolos,
1743 864 1822 913 sic
1847 860 1911 913 de
1936 862 2172 927 reliquis
2225 856 2494 927 Nunquid
2519 873 2715 911 omnes
2735 852 3339 928 prophetae?Nunquid
3360 867 3556 906 omnes
3583 851 3709 907 doc.

438 964 625 1021 tores?
653 938 920 1032 Nunquid
943 972 1139 1011 omnes
1165 952 1404 1007 virtutes
1423 948 1451 1001 ‘?
1482 946 1749 1018 Nunquid
1792 963 1987 1001 omnes
2012 947 2255 1017 gratiam
2286 945 2493 1000 habent
2537 945 2934 1000 curationum?
2970 942 3241 1013 Nunquid
3279 956 3473 997 omnes
3502 938 3709 1009 linguis

437 1056 747 1126 loquuntur
766 1029 1084 1118 ?Nunquid
1110 1058 1305 1097 omnes
1330 1036 1818 1109 interpretantur?
1846 1035 1916 1091 25
1970 1036 2343 1090 λίΕηιιιΙαιηίιιί
2373 1046 2565 1089 autem
2586 1035 2930 1089 charismata
2959 1033 3211 1089 meliora.
3235 1031 3304 1086 Et
3318 1030 3504 1086 adhuc
3532 1029 3707 1085 excel-

438 1123 734 1199 lentiorem
762 1140 899 1211 (quas
924 1137 1180 1204 superius
1208 1133 1468 1198 dixerim)
1502 1127 1649 1181 viam
1679 1128 1752 1180 ad
1783 1127 2181 1180 beatitudinem
2208 1124 2364 1178 vobis
2391 1123 2813 1182 demonstrabo.

1874 1240 2107 1294 CAPUT
2134 1239 2287 1294 XIII.

516 1372 573 1427 Si
599 1370 811 1440 linguis
838 1364 1127 1421 hominum
1159 1363 1441 1432 loquar,et
1459 1362 1623 1413 etiam
1642 1357 1972 1427 angelorum
1994 1353 2748 1424 (eraggeralio.)charitatem
2772 1359 2961 1407 autem
2983 1370 3095 1407 non
3122 1351 3565 1417 habeam,factus
3585 1367 3707 1405 sum

440 1460 593 1516 velut
612 1477 686 1515 aes
705 1473 931 1521 sonans,
951 1470 1063 1507 non
1085 1451 1375 1521 proﬁciens
1402 1448 1668 1514 mihi,aut
1687 1444 2001 1516 cymbalum
2024 1444 2366 1499 tinniens.Et
2385 1442 2432 1497 si
2451 1443 2698 1497 habuero
2720 1443 3092 1514 prephetiam,
3114 1441 3426 1496 etnoverim
3445 1440 3714 1511 mysteria

441 1549 713 1615 omnia,et
725 1561 949 1602 omnem
966 1541 1257 1597 scientiam
1268 1543 1343 1605 ;et
1358 1538 1405 1591 si
1426 1536 1674 1590 habuero
1685 1551 1907 1588 omnem
1926 1534 2092 1587 ﬁdem
2113 1533 2193 1587 ita
2206 1537 2271 1586 ut
2282 1538 2498 1586 montes
2516 1532 2941 1596 transferam,dc
2966 1536 3074 1585 loco
3085 1532 3158 1584 ad
3171 1529 3709 1594 locum,charitatem

442 1640 630 1694 autem
649 1653 760 1691 non
784 1629 1204 1696 habuero,nihil
1224 1628 1446 1682 sum.Et
1464 1626 1509 1679 si
1530 1623 1869 1678 distribuero
1886 1623 1941 1676 in
1957 1622 2107 1676 cibos
2122 1638 2431 1693 pauperum
2446 1637 2638 1674 omnes
2658 1621 2951 1675 facultates
2974 1625 3211 1683 meas,et
3226 1619 3274 1673 si
3292 1618 3580 1673 tradidero
3597 1634 3714 1671 cor-

441 1746 548 1800 pus
570 1742 757 1780 meum
781 1724 863 1777 ita
885 1728 950 1775 ut
978 1720 1226 1782 ardeam,
1250 1716 1584 1771 charitatem
1601 1720 1787 1768 autem
1809 1729 1921 1766 non
1937 1712 2205 1776 habuero,
2230 1712 2371 1766 nihil
2394 1712 2531 1766 mihi
2553 1712 2798 1782 prodest.
2824 1711 3082 1766 Charitas
3099 1709 3318 1780 patiens
3341 1714 3445 1773 est,
3469 1707 3712 1777 benigna

440 1798 527 1871 est
545 1836 557 1884 ;
573 1814 820 1870 charitas
835 1827 946 1865 non
963 1808 1398 1871 aemulaturmon
1412 1821 1530 1858 eam
1543 1804 1981 1870 fclicilasalicna
2004 1804 2319 1866 contristat,
2345 1818 2457 1855 non
2479 1800 2598 1870 agit
2627 1816 2941 1871 perperam,
2976 1799 2993 1854 1
3012 1842 3023 1853 .
3045 1815 3156 1853 non
3179 1798 3431 1864 inﬂatur,
3450 1800 3583 1865 quia
3602 1813 3711 1849 non

441 1898 563 1962 eam
581 1906 793 1959 extollit
813 1919 914 1955 sua
929 1902 1186 1967 felicitas,
1207 1912 1318 1950 non
1339 1900 1422 1948 est
1447 1892 1764 1953 ambitiosa,
1796 1892 2039 1956 honoris,
2071 1896 2152 1944 ret
2184 1894 2519 1955 alienorum,
2558 1906 2667 1942 non
2698 1889 2900 1959 quaerit
2927 1891 3094 1941 ctiam
3130 1904 3253 1957 quae
3282 1902 3382 1939 sua
3408 1893 3560 1952 sunt,
3593 1900 3705 1937 non

442 1997 839 2059 irritatur,non
860 1990 1072 2060 cogitat
1088 1987 1435 2050 malum,non
1453 1982 1663 2053 gaudet
1681 1996 1850 2051 super
1869 1978 2195 2050 iniquitate;
2225 1978 2541 2049 congaudet
2571 1983 2759 2032 autem
2793 1976 3036 2042 veritati,
3064 1979 3314 2045 aequitati
3331 1992 3352 2041 ;
3381 1975 3570 2028 omnia
3589 1973 3706 2027 suf-

441 2077 963 2151 fert,su/]‘ercmla,2.
988 2075 1178 2131 omnia
1196 2078 1468 2139 εει-Μ
1492 2070 1982 2133 credit,credenda,
2007 2066 2038 2123 3
2080 2067 2269 2121 omnia
2282 2066 2996 2138 sperat,spcranda,omnia
3016 2066 3275 2123 sustinet.
3298 2064 3639 2117 sustinenda.
3656 2063 3708 2128 4,

443 2175 495 2232 5.
529 2172 791 2229 Charitas
817 2182 1104 2237 nunquam
1126 2163 1349 2229 excidit,
1383 2163 1441 2215 id
1470 2166 1564 2226 est,
1585 2162 1751 2222 cadit,
1776 2160 1909 2227 quia
1940 2159 2003 2209 in
2030 2156 2127 2209 hoc
2154 2159 2346 2209 szeculo
2372 2160 2464 2219 est,
2482 2160 2532 2209 et
2560 2158 2623 2208 in
2654 2157 2849 2222 futuro
2873 2159 2977 2208 erit
3001 2174 3014 2207 :
3038 2155 3186 2221 ﬁdes,
3218 2169 3351 2220 spes,
3382 2157 3487 2206 etc.
3515 2153 3578 2203 in
3609 2152 3715 2204 hoc

440 2267 632 2320 saeculo
666 2265 906 2324 tantum,
937 2257 1052 2310 sive
1082 2253 1134 2308 6.
1182 2251 1490 2324 prephetiaz
1528 2247 1967 2310 evacuabuntur,
1999 2244 2114 2299 sive
2143 2244 2349 2314 linguae
2386 2243 2707 2305 cessabunt,
2743 2243 2859 2297 sive
2894 2242 3125 2297 scientia
3165 2242 3505 2295 destruetur.
3541 2239 3590 2291 7.
3624 2238 3706 2293 Ex

442 2358 601 2426 parte
627 2351 777 2407 enim
806 2343 1212 2418 cognoscimus,
1235 2347 1293 2396 et
1321 2357 1387 2394 ex
1415 2344 1573 2412 parte
1603 2338 2023 2409 prophetamus.
2057 2330 2111 2390 8.
2144 2335 2285 2389 Cum
2310 2340 2501 2388 autem
2531 2333 2745 2388 venerit
2769 2333 2917 2404 quod
2939 2332 3247 2405 perfectum
3277 2336 3380 2397 est,
3412 2326 3708 2384 evacuabi-

1791 2449 2384 2507 COMMENTARIUS.

441 2586 730 2643 debemus.
783 2580 1043 2637 Charitas
1106 2580 1297 2631 autem
1357 2569 1718 2628 excellentior
1780 2573 1867 2622 est
1912 2566 2316 2629 aliisAcredit,
2349 2565 2447 2620 sed
2478 2565 2612 2632 Deo,
2635 2565 2770 2636 quia
2790 2580 2904 2619 non
2931 2564 3146 2619 dictum
3173 2568 3294 2630 est;
3321 2560 3582 2618 omnibus
3600 2576 3716 2614 cre-

443 2675 607 2733 donis
662 2671 906 2745 Spiritus
964 2666 1161 2723 sancti.
1240 2663 1391 2734 quod
1453 2666 1541 2715 est
1596 2660 2035 2714 ercetlentiorem
2118 2655 2224 2712 dit.

441 2768 615 2829 viam,
649 2739 755 2817 etc.
792 2761 957 2829 Ergo,
1004 2761 1110 2812 etc.
1161 2752 1374 2808 Deinde
1429 2766 1498 2805 ea
1551 2748 1673 2802 sola
1717 2745 1926 2801 sufﬁcit
1965 2744 2037 2799 ad
2189 2744 2243 2799 3.
2278 2745 2482 2799 Omnia
2507 2748 2710 2812 sperat.
2745 2744 2890 2798 Nam
2912 2742 3038 2797 ideo
3058 2742 3263 2796 tolerat
3289 2739 3554 2795 omniain
3578 2755 3716 2810 prae-

442 2851 872 2911 beatitudinem,
903 2847 1015 2901 alia
1047 2859 1162 2899 non
1199 2842 1319 2896 sine
1353 2840 1470 2894 illa.
1503 2837 1645 2903 Quia
1670 2850 1856 2906 neque
1884 2834 2038 2905 loqui
2119 2833 2265 2888 senti
2293 2833 2424 2898 vita,
2460 2833 2594 2903 quia
2619 2832 2797 2886 credit
2824 2831 3017 2885 omnia
3035 2832 3105 2885 de
3124 2831 3315 2885 futura
3341 2830 3471 2883 vita.
3499 2829 3568 2882 Et
3595 2829 3718 2882 suf—

441 2942 672 3014 linguis,
728 2954 911 3009 neque
957 2931 1272 3006 prophetia,
1311 2945 1493 3000 neque
1547 2925 1798 2989 scientia,
1855 2938 2038 2994 neque
2119 2922 2229 2976 fert
2255 2922 2447 2976 omnia
2475 2937 2598 2991 quae
2619 2921 2708 2975 hic
2726 2920 3125 2985 immittuntur,
3150 2921 3285 2990 quia
3311 2924 3502 2990 sperat
3529 2916 3717 2971 omnia

443 3004 604 3095 fidas,
653 3004 836 3100 neque
877 3004 1251 3093 eleemosyna,
1298 3034 1482 3089 neque
1523 3014 1858 3086 martyrium
1889 3012 2042 3067 sufﬁ-
2123 3027 2244 3081 quae
2272 3009 2347 3063 ibi
2370 3015 2778 3080 promittuntur
2826 3010 3025 3064 Merito
3061 3024 3193 3079 ergo
3223 3021 3511 3076 nunquam
3539 3004 3706 3059 cadit.

442 3122 601 3177 ciunt
625 3119 695 3173 ad
714 3114 1139 3177 beatitudinem,
1173 3110 1293 3164 sine
1329 3107 1605 3161 charitate
1629 3123 1642 3171 ;
1673 3102 1918 3158 charitas
1946 3117 2042 3155 au-

448 3218 562 3266 tem
616 3208 738 3263 sola
773 3204 997 3261 suﬂicit.
1030 3206 1087 3254 et
1116 3201 1220 3253 hoc
1259 3203 1345 3252 est
1395 3195 1543 3267 quod
1572 3194 1709 3247 dicit
1739 3204 1751 3238 ε
1787 3194 2043 3248 Charitas

438 3302 659 3372 patiens
688 3300 783 3361 est,
817 3299 922 3348 etc.
941 3306 1120 3361 usque
1146 3288 1237 3352 ad,
1258 3299 1549 3353 nunquam
1579 3283 1796 3335 amid-it.
1824 3281 1967 3334 Nam
1987 3283 2045 3332 et

443 3368 679 3444 scientia
726 3391 783 3438 et
828 3380 1125 3453 prophetia
1166 3374 1588 3431 evacuabuntur
1634 3388 1645 3423 :
1688 3385 1854 3424 omne
1892 3368 2040 3422 enim

445 3474 835 3548 imperfectum
890 3468 1137 3541 perfecto
1193 3461 1638 3536 superveniente,
1682 3464 1982 3512 evacuatur
2019 3475 2032 3509 :

446 3564 604 3637 atqui
628 3559 927 3635 prophetia
973 3564 1033 3611 et
1082 3552 1317 3609 scientia
1343 3555 1475 3605 sunt
1512 3547 1878 3619 imperfecta;
1905 3561 2038 3615 ergo

444 3651 884 3712 evacuabuntur.
918 3645 1079 3711 Quod
1107 3648 1296 3698 autem
1335 3639 1507 3694 dicit:
1546 3653 1674 3691 cum
1711 3652 1874 3690 essem
1898 3650 2040 3703 par-

441 3747 623 3809 vulus,
658 3738 857 3813 probat
889 3751 1054 3791 omne
1082 3730 1472 3804 imperfectum
1502 3725 1744 3797 perfecto
1773 3739 2038 3795 superve-

440 3834 633 3889 niente
660 3824 938 3885 evacuari.

2194 3098 2246 3153 4.
2289 3100 2520 3153 Auensr
2573 3100 2662 3161 (In
2702 3101 2863 3153 Joan.
2898 3111 2974 3162 Iv,
3015 3114 3065 3151 c.
3122 3095 3219 3157 I6;
3253 3111 3438 3164 cmpos.
3468 3098 3531 3148 in
3558 3095 3587 3147 1
3616 3094 3714 3162 Ep.

2122 3191 2283 3242 Joan.
2317 3192 2467 3241 tract
2518 3186 2574 3253 9,
2605 3192 2630 3240 t
2682 3187 2782 3243 IX.
2812 3188 3069 3242 Charitas
3106 3200 3416 3253 nunquam.
3460 3184 3603 3236 Deus
3630 3183 3715 3235 di-

2126 3279 2280 3330 lectio
2304 3282 2378 3330 est
2393 3294 2409 3340 ;
2442 3282 2490 3330 et
2520 3280 2619 3344 qui
2646 3281 2850 3341 manet,
2884 3274 3089 3345 inquit,
3112 3277 3173 3327 in
3198 3274 3505 3335 dilectione,
3529 3274 3591 3324 in
3613 3272 3718 3325 Deo

2124 3348 2328 3429 manci,
2362 3371 2412 3419 et
2452 3367 2589 3419 Deus
2633 3368 2696 3418 in
2738 3366 2839 3418 illo
2869 3370 3079 3417 manet.
3117 3362 3173 3416 Si
3220 3361 3321 3415 tibi
3369 3361 3568 3414 domus
3593 3358 3715 3424 Dei,

2121 3460 2239 3508 esto
2283 3454 2482 3508 domus
2535 3453 2655 3508 Dei.
2692 3454 2854 3508 Mane
2902 3453 2961 3506 in
3012 3453 3145 3516 Deo,
3188 3457 3245 3504 et
3297 3459 3522 3503 maneat
3560 3449 3619 3502 in
3658 3453 3716 3501 te

2120 3543 2289 3597 Deus.
2328 3545 2519 3598 Manet
2544 3543 2602 3596 in
2631 3548 2687 3596 te
2717 3544 2886 3604 Deus,
2914 3548 2977 3595 ut
3005 3547 3062 3595 te
3090 3540 3406 3606 contineat;
3438 3554 3633 3597 manes
3657 3537 3717 3590 in

2120 3633 2255 3695 Deo,
2288 3649 2360 3686 ne
2377 3633 2566 3686 cadas.
2596 3631 2741 3695 Quia
2767 3632 2848 3685 sic
2873 3632 2944 3685 de
2968 3631 3092 3701 ipsa
3119 3630 3393 3684 charitate
3412 3626 3715 3699 Apostolus

2121 3721 2301 3775 dicit:
2356 3722 2608 3776 Charitas
2667 3737 2958 3790 nunquam
3021 3719 3190 3774 cadit.
3232 3716 3522 3781 Quomodo
3568 3714 3723 3769 cadit

2122 3827 2290 3880 quem
2314 3810 2565 3864 continet
2591 3809 2782 3864 Deus?

508 3920 599 3980 ‘Zl.
634 3919 880 3975 Membra
927 3916 992 3969 de
1039 3912 1300 3965 membro.
1350 3908 1423 3962 Se
1472 3909 1636 3959 vocat
1665 3900 1977 3957 membrum
2008 3896 2104 3959 aB
2195 3901 2247 3954 5.
2281 3899 2489 3953 ΒΑΜ-ιι.
2519 3900 2777 3955 Charitas
2820 3913 3115 3966 nunquam
3142 3896 3361 3960 excidit,
3395 3894 3451 3948 id
3483 3898 3585 3956 est,
3620 3908 3715 3946 ca-

440 4029 573 4085 quo,
621 4009 678 4064 id
727 4012 832 4073 est,
886 4021 922 4058 a
966 4005 1128 4074 cujus
1173 3997 1569 4071 pnedicatione
1616 3992 1911 4059 Corinthii,
1945 3991 2041 4062 qui

440 4081 605 4158 extant
627 4095 880 4153 membra
903 4090 1131 4157 Christi,
1172 4089 1588 4161 processerunt,
1620 4082 1706 4137 vel
1736 4081 2042 4148 Christum,

445 4190 542 4264 qui
574 4185 830 4245 Ecclesiae
851 4186 1022 4255 caput
1049 4184 1155 4235 est.

509 4277 600 4337 2'2.
631 4278 876 4330 AMBROS.
900 4270 1144 4327 Secundo
1168 4265 1475 4335 prophetas.
1504 4257 2042 4332 Prophetasintelli-

438 4368 626 4439 gimus
645 4366 838 4420 futura
859 4360 1126 4423 dicentes,
1150 4361 1205 4410 et
1234 4354 1553 4424 Scripturas
1574 4349 1902 4405 revelantes.

510 4455 601 4511 23.
637 4456 814 4509 Tertio
835 4452 1093 4505 doctores.
1135 4446 1404 4500 Doctores
1439 4441 1596 4507 dicit,
1628 4438 1723 4511 qui
1750 4437 1955 4492 litteris
1984 4442 2041 4492 et

439 4542 773 4601 lectionibus
803 4554 1008 4612 pueros
1028 4530 1374 4590 imbuebant.

519 4633 617 4691 24.
683 4628 1142 4687 Gubernationes.
1206 4623 1352 4677 Sunt
1397 4625 1456 4674 et
1488 4617 1914 4690 gubernatores,
1947 4615 2043 4686 qui

446 4716 835 4795 spiritualibus
862 4711 1257 4787 gubernaculis
1285 4710 1620 4765 documento
1648 4709 1800 4760 sunt.
1816 4725 1835 4732 ν

511 4810 603 4869 ἳῦ.
671 4810 883 4865 Laure.
942 4803 1316 4861 ﬁmulamini
1365 4799 1723 4853 charismata.
1767 4791 2043 4848 Corinthii

443 4910 802 4971 summopere
849 4888 1247 4948 desiderabant
1270 4887 1515 4959 gratiam
1546 4883 1899 4953 linguarum;

444 4969 707 5046 hortatur
734 5002 830 5041 eos
866 4979 1167 5054 Apostolus
1196 4983 1263 5031 ut
1288 4975 1526 5030 meliora
1570 4971 1915 5026 charismata
1941 4969 2042 5023 de-

445 5080 713 5144 siderent,
737 5081 793 5130 et
821 5070 1063 5128 maxime
1087 5067 1328 5140 gratiam
1352 5060 1747 5136 prophetandi.

513 5169 678 5225 CAP.
715 5164 944 5220 XlIl.—-
970 5159 1020 5216 l.
1054 5160 1297 5213 Auens'r.
1334 5155 1425 5221 (De
1446 5152 1628 5208 Cenes.
1657 5150 1732 5202 ad
1762 5150 1870 5213 lit.,
1901 5147 1940 5203 1.
1965 5162 2038 5214 χι,

2124 3988 2228 4058 dit,
2242 3988 2375 4059 quia
2397 3994 2456 4042 et
2479 3988 2537 4041 in
2554 3988 2659 4041 hoc
2674 3987 2876 4041 saeculo
2897 3991 3002 4050 est,
3027 3990 3085 4039 et
3108 3986 3166 4039 in
3196 3984 3406 4039 futuro.
3439 3983 3560 4037 Erit
3580 3981 3719 4036 ﬁdes

2126 4083 2184 4133 et
2210 4095 2337 4149 spes
2366 4078 2425 4131 in
2456 4078 2561 4131 hoc
2601 4076 2802 4131 saeculo
2825 4080 3068 4130 tantum.

2196 4168 2254 4223 6.
2286 4167 2582 4237 Prophetias
2609 4166 3043 4220 cvacuabunlur.
3077 4164 3141 4218 In
3171 4162 3263 4216 die
3276 4160 3474 4232 judicii
3502 4166 3560 4215 et
3587 4176 3719 4231 pro.

2121 4254 2315 4326 phetia
2345 4253 2722 4319 evacuabitur,
2756 4260 2813 4308 et
2841 4252 3079 4306 varietas
3107 4250 3428 4320 linguarum
3458 4248 3718 4315 cessabit,

2122 4350 2179 4398 et
2215 4343 2452 4397 scientia
2477 4342 2593 4396 sive
2622 4341 3036 4395 mundanarum
3070 4355 3279 4404 rerum,
3302 4339 3420 4392 sive
3457 4338 3529 4392 ad
3549 4352 3719 4409 quam

2120 4432 2542 4505 dispositionem
2566 4430 2904 4502 pervenitur,
2936 4429 3283 4485 destruetur.

2104 4535 2111 4541 ‘
2195 4520 2249 4577 7.
2282 4523 2364 4577 Ea:
2388 4525 2548 4591 parte
2569 4523 2740 4575 enim.
2785 4519 2955 4584 Quasi
2983 4519 3196 4573 diceret
3223 4536 3234 4571 :
3268 4517 3402 4572 Ideo
3423 4516 3721 4588 prophetia

2125 4610 2486 4668 evacuabitur
2522 4616 2580 4665 et
2621 4609 2857 4664 scientia
2901 4609 3240 4674 destruetur,
3275 4606 3409 4678 quia
3454 4622 3519 4660 ex
3557 4610 3718 4678 parte

2125 4706 2258 4757 sunt
2281 4720 2294 4768 ;
2317 4717 2486 4755 omne
2514 4690 2702 4754 autem
2736 4698 2884 4769 quod
2913 4714 2978 4751 ex
3008 4702 3164 4767 parte
3194 4700 3298 4761 est,
3330 4693 3719 4766 imperfectum

2123 4796 2246 4858 est;
2281 4806 2447 4845 omne
2493 4794 2682 4843 autem
2731 4787 2879 4858 quod
2928 4786 3317 4858 imperfectum
3353 4789 3457 4851 est,
3490 4799 3720 4838 evacua-

2124 4879 2294 4937 bitur.

2194 4963 3165 5036 8.Auausr.(Deper/‘ec.justilia,c.8
3182 4961 3493 5029 t.VII)Cum
3508 4965 3718 5016 venerit

2058 5099 2065 5105 .
2125 5058 2269 5127 quod
2297 5060 2624 5127 perfectum.
2659 5056 2800 5110 Cum
2842 5054 3056 5110 venerit
3083 5053 3229 5125 quod
3261 5051 3567 5123 perfectum
3612 5058 3716 5111 est,

2125 5147 2275 5217 quod
2296 5164 2362 5201 ex
2379 5156 2540 5218 parte
2562 5151 2644 5199 est
2665 5144 3067 5209 destruetur,id
3086 5147 3305 5207 est,non
3313 5142 3431 5211 jam
3449 5157 3514 5194 ex
3533 5145 3714 5210 parte,

440 5274 563 5332 cap.
599 5262 656 5327 5,
686 5256 787 5311 sub
811 5251 975 5311 med.)
1006 5249 1130 5303 Non
1168 5249 1428 5316 inﬂatur,
1459 5240 1516 5294 id
1544 5246 1647 5303 est,
1680 5252 1792 5291 non
1822 5224 2098 5308 privataC
2118 5237 2218 5292 sed
2250 5253 2313 5291 ex
2344 5242 2463 5290 toto
2489 5236 2616 5301 erit,
2647 5235 2778 5306 quia
2794 5234 2924 5288 ﬁdei
2944 5240 3001 5287 et
3020 5232 3159 5302 spei,
3185 5232 3303 5301 jam
3326 5246 3417 5284 res
3435 5230 3576 5301 ipsa,
3606 5245 3718 5284 non

442 5328 770 5406 excellentia
794 5343 1053 5405 laetatur;
1086 5336 1288 5391 merito
1317 5347 1450 5401 ergo
1470 5344 1582 5383 non
1612 5328 1868 5384 inﬂatur.

504 5438 563 5495 ‘Z.
618 5439 866 5491 Auens'r.
911 5431 1001 5498 (De
1044 5429 1228 5495 spirit.
1276 5428 1324 5476 et
1364 5424 1474 5483 tit.,
1516 5434 1635 5489 cap.
1686 5414 1776 5483 3‘2,
1820 5422 1863 5469 t.
1897 5417 2038 5485 III.)

442 5528 645 5586 Omnia
673 5524 864 5580 credit.
897 5520 1029 5591 Ipsa
1046 5513 1314 5578 charitas,
1340 5525 1463 5581 quae
1491 5505 1681 5562 omnia
1707 5505 1903 5573 credit,
1922 5521 2035 5560 non

2121 5344 2243 5400 quae
2259 5327 2524 5382 credatur
2544 5332 2601 5379 et
2623 5323 3000 5396 speretur,sed
3018 5338 3140 5393 quae
3154 5321 3410 5374 videatur
3426 5325 3720 5374 teneatur-

2121 5434 2228 5489 que
2282 5416 2558 5471 succedet.
2600 5414 2859 5469 Charitas
2888 5418 3078 5467 autem
3104 5427 3228 5482 quae
3256 5410 3345 5463 his
3375 5407 3481 5481 [al.
3513 5408 3571 5461 in
3603 5408 3715 5479 his]

2121 5507 2301 5562 tribus
2340 5506 2525 5576 major
2564 5508 2672 5573 est,
2712 5520 2823 5557 non
2852 5503 3160 5566 auferatur,
3195 5499 3293 5553 sed
3324 5502 3621 5568 augeatur,
3657 5505 3718 5553 et

439 5616 595 5674 omni
634 5610 861 5686 spiritui
894 5586 1094 5665 credit.
1136 5605 1216 5659 Ac
1258 5615 1361 5673 per
1387 5599 1515 5666 hoc,
1555 5594 1749 5652 omnia
1802 5595 2033 5666 quidem
2113 5596 2419 5669 impleatur
2456 5594 2580 5666 [al.,
2622 5592 2954 5664 augebitur,
2999 5595 3058 5644 et
3086 5586 3437 5659 implebitur]
3465 5591 3717 5643 contem-
