4040 6186
222 323 321 382 '20!
913 316 994 373 IN
1033 317 1100 371 D.
1144 317 1358 374 PAULI
1391 317 1621 376 EPIST.
1662 317 2034 375 COMMENT.
2069 346 2134 358 —
2161 315 2385 372 EPlST.
2430 316 2456 371 Ι
2492 314 2590 371 AD
2628 315 2793 371 COR.
3384 313 3491 375 202

227 454 322 501 tur
340 445 491 516 quod
520 461 584 499 ex
612 448 775 515 parte
793 448 881 499 est
909 446 1353 513 (Transsumptio
1379 446 1455 499 ad
1483 446 1691 511 minus,
1724 461 1843 513 qua
1866 448 2052 497 tamen
2069 457 2170 510 pro
2181 441 2371 494 simili
2389 442 2601 500 sumit).
2633 440 2775 496 Cum
2795 456 2973 496 essem
2994 440 3283 513 parvulus,
3301 442 3499 515 loque-

230 534 331 588 bar
359 540 426 588 ut
444 533 730 605 parvulus,
762 532 1051 603 sapiebam
1080 537 1146 587 ut
1172 532 1458 604 parvulus,
1492 532 1807 602 cogitabam
1831 536 1894 586 ut
1924 529 2208 602 parvulus.
2240 529 2476 594 Quando
2504 535 2696 585 autem
2722 530 2901 586 factus
2927 547 3054 586 sum
3082 531 3187 600 vir,
3215 531 3495 599 evacuavi,

228 625 405 691 abjeci
430 639 466 676 a
496 639 597 689 me,
650 639 776 693 quae
806 627 969 676 erant
996 621 1235 693 parvuli.
1264 621 1533 677 Videmus
1563 637 1711 676 nunc
1728 622 1824 689 (ad
1842 621 1902 674 id
1928 619 2071 688 quod
2088 619 2253 685 dicit,
2276 618 2353 674 es
2361 623 2523 688 parte
2546 620 2954 689 prophetamus)
2995 636 3097 691 per
3122 621 3417 692 speculum
3441 620 3504 675 in

231 712 533 782 aenigmate
557 730 570 765 :
602 710 655 765 9.
690 715 828 766 tunc
848 717 1038 765 autem
1063 711 1225 776 facie,
1249 726 1460 777 revera,
1492 710 1565 765 ad
1592 710 1810 765 faciem.
1844 708 2006 762 Nunc
2027 708 2124 771 (ad
2148 708 2211 764 id
2235 709 2382 776 quod
2407 710 2572 776 dicit,
2602 724 2671 763 ea:
2689 714 2851 777 parte
2878 710 3277 783 cognoscimus)
3293 726 3502 781 cogno-

232 816 326 855 sco
348 817 417 855 ex
444 804 639 871 parte;
667 804 805 854 tunc
832 806 1022 853 autem
1051 814 1407 870 cognoscam,
1437 798 1583 854 sicut
1611 793 1671 853 et
1690 797 1946 867 cognitus
1973 810 2121 862 sum,
2165 802 2298 852 tunc
2319 799 2550 867 perfecte
2577 812 2893 867 cognoscam
2926 800 3117 865 Deum,
3143 802 3286 855 sicut
3309 802 3503 869 cogni-

236 895 324 943 tus
349 905 478 942 sum
497 905 535 943 a
557 889 678 942 Deo.
710 888 872 942 Nunc
891 892 1103 954 autem,
1136 890 1200 941 in
1220 888 1322 942 hac
1346 890 1461 942 vita
1489 893 1712 944 tantum
1739 893 1970 946 manent
2002 885 2161 956 ﬁdes,
2201 902 2351 959 spes,
2376 887 2640 957 charitas,
2673 887 2785 943 tria
2812 887 2951 944 haec.
2989 885 3073 945 10.
3110 889 3292 961 Major
3310 893 3504 946 autem

234 978 463 1044 borum,
490 978 845 1041 diuturnior,
877 992 1012 1032 nam
1044 982 1096 1031 et
1115 979 1180 1031 in
1202 978 1419 1045 futuro,
1452 981 1540 1032 est
1564 977 1828 1034 charitas.

1650 1140 1885 1197 CAPUT
1920 1138 2070 1197 XIV.

312 1299 461 1377 Ergo
490 1297 807 1364 sectamini,
858 1300 1063 1354 studete
1094 1302 1156 1353 ut
1183 1298 1426 1353 habeatis
1455 1297 1807 1366 charitatem,
1861 1297 2205 1354 aemulamini
2255 1296 2532 1369 spiritalia
2566 1314 2578 1352 :
2607 1296 2906 1353 desiderate
2950 1299 3271 1369 spirituales
3299 1303 3513 1369 gratias

243 1388 494 1457 Spiritus
508 1391 706 1454 sancti,
716 1387 895 1459 magis
907 1392 1357 1457 autem,quamut
1377 1389 1587 1456 linguis
1605 1390 1933 1457 loquamini,
1944 1386 2496 1460 utprOpbetetis.Qui
2507 1386 2657 1442 enim
2666 1386 2917 1459 loquitur
2930 1386 3519 1459 lingua,scilicetaudi-

246 1477 460 1530 toribus
477 1480 902 1545 incognita,non
916 1475 1240 1531 hominibus
1258 1476 1509 1548 loquitur
1522 1478 1771 1545 (simplex
1784 1478 2124 1546 bonum,ipse
2139 1479 2289 1529 enim
2302 1479 2447 1530 solus
2464 1474 2756 1545 intelligit)
2765 1475 2859 1530 sed
2878 1476 3183 1545 Deo;nemo
3194 1477 3346 1533 enim
3361 1477 3522 1534 audit

243 1551 304 1618 id
315 1572 390 1619 est
408 1565 692 1634 intelligit.
706 1564 725 1621 1
740 1607 752 1619 .
761 1566 972 1638 Spiritu
982 1570 1173 1620 autem
1183 1571 1233 1630 τ
1241 1572 1303 1629 5
1316 1565 1626 1637 2.loquitur
1636 1564 1925 1637 mysteria;
1938 1582 2068 1620 nam
2083 1564 2179 1636 qui
2195 1563 2641 1635 prophetat,sibi,
2650 1568 2703 1618 et
2715 1562 3034 1620 hominibus
3046 1565 3297 1638 loquitur
3305 1566 3377 1621 ad
3387 1566 3526 1629 aedi-

243 1653 569 1707 ﬁcationem
582 1657 803 1722 (duplex
818 1656 1043 1719 bonum)
1055 1659 1111 1708 et
1121 1653 1564 1710 exhortationem
1581 1659 1637 1707 et
1646 1651 2219 1716 consolationem.Qui
2237 1649 2488 1722 loquitur
2497 1649 2839 1722 liugua,aliis
2851 1654 3136 1721 incognita
3155 1655 3523 1727 semetipsum

250 1751 517 1808 aediﬁcat:
539 1747 590 1799 si
615 1748 800 1797 tamen
816 1745 1127 1810 intelligat:
1154 1744 1247 1814 qui
1264 1746 1453 1797 autem
1474 1743 1789 1814 prophetat,
1816 1742 2118 1797 Ecclesiam
2140 1742 2242 1795 Dei
2264 1739 2519 1796 aediﬁcat.
2539 1740 2677 1796 Volo
2698 1745 2891 1796 autem
2910 1758 3104 1797 omnes
3123 1760 3217 1798 vos
3237 1743 3392 1815 loqui
3424 1743 3526 1801 lin-

251 1844 521 1916 guis(non
538 1835 1034 1902 dico,inquit,quia
1053 1836 1227 1886 nolim
1246 1838 1307 1886 ut
1322 1835 1533 1902 linguis
1549 1832 1976 1902 loquamini,sed
1987 1834 2122 1899 quia
2138 1834 2284 1885 nullo
2299 1837 2361 1884 ut
2373 1830 2863 1900 prophetetis,quod
2880 1832 3181 1900 dupliciter
3187 1836 3443 1903 prodest);
3467 1832 3521 1890 3.

256 1933 437 2004 magis
449 1934 641 1984 autem
657 1924 1012 1997 prophetare.
1023 1923 1166 1976 Nam
1186 1924 1365 1992 major
1375 1929 1477 1990 est,
1488 1925 1717 1991 majoris
1729 1923 2038 1989 dignitatis,
2047 1919 2142 1991 qui
2154 1918 2471 1991 prophetat,
2480 1934 2647 1989 quam
2661 1918 2757 1990 qui
2770 1919 3021 1991 loquitur
3028 1920 3372 1992 linguis,nisi
3384 1921 3530 1979 forte

260 2022 687 2091 interpretetur,
719 2012 857 2083 quid
874 2012 1081 2066 dixerit
1096 2013 1335 2079 exponit,
1364 2017 1429 2066 ut
1466 2011 1711 2066 Ecclesia
1740 2008 2166 2064 aediﬁcationem
2195 2006 2449 2079 accipiat.
2473 2008 2636 2062 Nunc
2664 2012 2875 2076 autem,
2907 2009 3130 2078 fratres,
3163 2011 3212 2066 si
3236 2028 3436 2068 venero
3457 2013 3531 2068 ad

262 2130 353 2167 vos
372 2106 591 2178 linguis
614 2104 761 2158 vobis
783 2102 1079 2168 incognitis
1109 2100 1365 2171 loquens,
1400 2101 1535 2173 quid
1566 2100 1717 2154 vobis
1749 2098 2007 2170 prodero,
2035 2097 2145 2152 nisi
2173 2097 2328 2151 vobis
2356 2097 2573 2169 loquar,
2605 2101 3018 2167 interpretetur,
3042 2106 3143 2155 aut
3169 2099 3206 2153 4
3246 2101 3305 2156 in
3324 2103 3535 2160 revela-

262 2201 436 2264 tione,
462 2200 564 2251 aut
579 2191 631 2249 5.
659 2191 719 2245 in
749 2187 1002 2254 scientia,
1026 2192 1126 2242 aut
1139 2186 1192 2242 6.
1221 2188 1278 2242 in
1312 2188 1627 2260 prophetia,
1648 2194 1747 2243 aut
1763 2187 1821 2241 in
1841 2186 2135 2242 doctrina?
2162 2191 2355 2241 tamen
2373 2188 2744 2256 (eapletivum,
2776 2188 2860 2242 vel
2886 2190 3535 2263 scilicetsimilitudinem

261 2284 569 2359 pro/eram)
589 2297 713 2352 qua:
731 2278 852 2333 sine
878 2277 1070 2331 anima
1087 2281 1221 2331 sunt
1249 2293 1441 2331 vocem
1467 2293 1666 2332 sonum
1694 2276 1907 2342 dantia,
1922 2274 2037 2330 sive
2056 2275 2194 2330 tibia
2210 2278 2638 2349 (transsumptio
2656 2277 2730 2331 ad
2763 2278 2990 2347 simile),
3016 2278 3132 2333 sive
3160 2280 3400 2339 cithara.
3429 2264 3541 2340 nisi

264 2372 687 2430 distinctionem
716 2367 1004 2423 sonituum
1034 2365 1294 2420 dederint
1314 2365 1449 2435 (non
1466 2372 1742 2435 prosunt),
1776 2366 2055 2438 quomodo
2075 2365 2285 2420 scietur
2306 2363 2365 2419 id
2393 2363 2541 2436 quod
2570 2364 2793 2419 canitur
2820 2371 2921 2420 aut
2943 2367 3092 2439 quod
3110 2368 3491 2439 cytharizatur
3516 2370 3540 2425 ?

268 2467 597 2520 nullatenus
630 2461 681 2529 (a
699 2456 921 2525 simili.)
953 2454 1173 2509 Etenim
1199 2454 1246 2509 si
1274 2455 1552 2510 incertam
1581 2472 1771 2510 vocem
1792 2456 1890 2511 det
1916 2454 2069 2522 tuba,
2106 2455 2233 2526 quis
2257 2452 2481 2527 parabit
2509 2469 2570 2509 se
2591 2454 2663 2509 ad
2688 2453 2940 2510 bellum?
2970 2473 3085 2513 non
3110 2460 3349 2530 prodest,
3382 2476 3541 2516 nemo

270 2556 422 2610 enim
450 2553 529 2606 ad
558 2551 762 2604 bellum
786 2561 888 2616 per
908 2561 1029 2599 eam
1052 2549 1430 2614 przparatur.
1464 2546 1552 2601 Ita
1590 2548 1645 2615 (a
1663 2549 1863 2616 simili)
1881 2551 1938 2601 et
1957 2562 2052 2600 vos
2074 2560 2174 2616 per
2190 2543 2461 2615 linguam,
2476 2542 2584 2597 nisi
2603 2545 3018 2613 interpretando
3039 2545 3403 2604 manifestum
3424 2565 3547 2605 ser-

272 2658 504 2699 monem
541 2637 811 2694 dederitis
838 2654 850 2703 ;
908 2634 1189 2707 quomodo
1216 2634 1426 2690 scietur
1452 2634 1509 2690 id
1540 2636 1689 2707 quod
1717 2635 1964 2691 dicitur?
1992 2634 2161 2690 Eritis
2188 2633 2341 2687 enim
2363 2633 2423 2687 in
2444 2648 2596 2699 aera,
2628 2635 2693 2687 in
2714 2649 2944 2702 vanum,
2975 2635 3288 2707 loquentes.
3322 2635 3374 2693 7.
3407 2639 3549 2695 Tam

277 2734 461 2789 multa
489 2736 555 2785 ut
584 2734 723 2801 puta
749 2741 960 2797 genera
996 2724 1318 2795 linguarum
1345 2731 1479 2779 sunt
1497 2724 1554 2780 in
1584 2725 1689 2781 hoc
1723 2724 1952 2792 mundo,
1985 2729 2044 2778 et
2072 2722 2230 2784 nihil,
2275 2724 2502 2778 nullum
2522 2738 2694 2790 genus
2723 2726 2948 2792 linguas,
2964 2724 3086 2779 sine
3101 2729 3409 2792 voce,vocis
3419 2744 3549 2797 pro-

273 2826 536 2892 prietate,
562 2823 667 2889 est.
710 2815 770 2870 Si
806 2830 938 2885 ergo
969 2818 1021 2880 (a
1048 2814 1250 2874 simili)
1278 2815 1527 2869 nesciero
1553 2814 1836 2882 virtutem,
1869 2815 2302 2881 intelligentiam
2333 2812 2500 2878 vocis,
2534 2828 2629 2866 ero
2652 2813 2723 2879 ei,
2750 2813 2840 2869 cui
2867 2815 3085 2886 loquor,
3119 2814 3413 2883 barbarus,
3438 2832 3553 2873 non

277 2912 520 2982 prodere
548 2912 599 2961 ei
619 2910 712 2961 cui
744 2909 954 2973 loquor,
988 2906 1044 2955 et
1073 2902 1166 2972 qui
1188 2902 1457 2974 loquitur,
1487 2904 1625 2958 mihi
1649 2903 1940 2958 barbarus.
1999 2902 2090 2956 Sic
2132 2906 2190 2955 et
2242 2917 2358 2968 vos,
2391 2900 2677 2972 quoniam,
2702 2904 3165 2973 quandoquidem,
3198 2905 3555 2961 aemulatores

285 3000 423 3055 estis
449 2997 781 3069 spirituum,
804 2994 1194 3062 spiritualium
1213 2994 1507 3060 donorum,
1540 2994 1612 3048 ad
1649 2992 2075 3048 aedificationem
2105 2989 2367 3045 Ecclesiae
2388 2989 2620 3060 quaerite
2648 2995 2713 3045 ut
2738 2992 2897 3046 donis
2928 2995 3320 3061 spiritualibus
3347 2996 3559 3065 adeptis

289 3087 615 3145 abundetis.
648 3085 720 3139 Et
734 3083 882 3147 ideo,
911 3082 1045 3150 quia
1065 3083 1358 3149 querenda
1381 3088 1515 3137 sunt
1540 3085 1685 3139 dona
1708 3100 1826 3152 qua
1850 3085 2105 3152 prosunt,
2129 3079 2226 3151 qui
2257 3079 2505 3151 loquitur
2537 3079 2750 3151 lingua,
2790 3077 2847 3135 8.
2879 3086 3004 3136 oret
3029 3088 3096 3137 ut
3131 3081 3558 3154 interpretetur.

292 3183 443 3237 Nam
460 3179 513 3233 si
533 3194 711 3243 orem,
749 3181 967 3245 loquar,
998 3171 1209 3243 lingua,
1265 3172 1496 3241 spiritus
1543 3188 1723 3239 meus,
1755 3188 1857 3227 vos:
1885 3187 2025 3232 mea,
2054 3174 2198 3235 orat,
2230 3169 2291 3223 id
2312 3174 2408 3236 est,
2442 3184 2535 3237 ego
2564 3171 2716 3223 nulli
2740 3185 2992 3239 prosum,
3022 3187 3182 3227 mens
3209 3177 3401 3229 autem
3435 3190 3563 3230 mea

1628 3320 2215 3383 COMMENTARIUS.

294 3485 450 3557 plata
480 3483 634 3554 quod
660 3481 942 3549 credebat,
974 3486 1032 3535 et
1058 3481 1207 3553 quod
1232 3478 1517 3552 sperabat,
1542 3479 1792 3549 indepta.
1909 3479 1960 3536 A
1983 3485 2172 3531 autem
2193 3474 2400 3546 duplex
2437 3473 2643 3531 bonum
2665 3483 2752 3533 est
2774 3495 2787 3547 ;
2819 3478 2975 3551 loqui
3003 3495 3132 3535 vero
3158 3479 3357 3553 lingua
3383 3487 3574 3557 incog-

364 3574 420 3629 9.
440 3573 658 3628 Lassa.
697 3573 848 3626 Tunc
876 3576 1062 3625 autem
1107 3586 1442 3638 cognoscam.
1482 3569 1640 3623 Tunc
1666 3582 1899 3637 cognos-
1980 3565 2101 3619 uita
2125 3563 2233 3619 sibi
2260 3568 2316 3618 et
2341 3563 2490 3631 aliis,
2541 3566 2803 3637 simplex;
2864 3569 3010 3639 quod
3049 3575 3156 3635 est,
3187 3571 3283 3643 qui
3312 3573 3464 3628 enim
3488 3574 3574 3630 lo-

297 3678 421 3717 eam
450 3661 699 3733 perfecte
718 3661 918 3727 Deum,
944 3659 1090 3715 sicut
1142 3657 1399 3729 cognitus
1443 3673 1570 3713 sum
1608 3673 1644 3711 a
1672 3657 1809 3723 Deo,
1839 3654 1897 3709 id
1979 3654 2173 3725 quitur
2210 3653 2422 3724 lingua,
2467 3654 2701 3726 simplex
2749 3655 2959 3713 bonum
3014 3664 3119 3727 est,
3168 3661 3301 3732 quia
3336 3662 3453 3718 Deo
3498 3664 3579 3719 lo-

299 3758 404 3820 est,
433 3751 700 3822 perfecte.
1984 3743 2194 3815 quitur,
2249 3743 2364 3797 Deo
2401 3747 2646 3811 tantum,
2695 3761 2808 3800 non
2848 3746 2998 3803 enim
3044 3748 3366 3807 hominibus
3401 3770 3414 3819 ;
3461 3767 3577 3808 non

367 3837 463 3897 40.
495 3841 678 3908 Δία]ον
696 3843 885 3894 autem
914 3838 1119 3892 horum
1151 3841 1224 3891 est
1251 3837 1511 3891 charitas.
1548 3836 1691 3890 Item
1720 3836 1904 3889 osten-
1984 3832 2134 3885 enim
2192 3831 2541 3902 intelligitur.
2575 3833 2682 3897 Qui
2710 3849 2845 3891 vero
2874 3837 3191 3909 prophetat,
3244 3840 3449 3912 duplex
3476 3841 3579 3898 bo-

300 3929 386 3984 dit
408 3928 703 3983 meliorem
733 3943 855 3981 esse
878 3926 1211 3981 charitatem
1240 3924 1501 3980 omnibus
1528 3925 1654 3979 aliis
1680 3922 1844 3977 donis
1886 3939 1899 3988 ;
1984 3936 2119 3975 num
2141 3920 2307 3987 facit;
2332 3920 2448 3975 Deo
2479 3921 2630 3976 enim
2662 3924 2912 3995 loquitur
2936 3930 2995 3981 et
3021 3926 3359 3984 hominibus.
3414 3931 3483 3985 Et
3509 3931 3581 3987 de

300 4035 436 4073 nam
465 4017 670 4072 melior
696 4022 785 4071 est
810 4015 940 4079 ﬁde,
977 4031 1077 4086 spe
1107 4021 1166 4069 et
1214 4014 1449 4080 caeteris,
1482 4018 1570 4068 est
1595 4011 1746 4066 enim
1786 4009 1905 4064 diu-
1985 4009 2098 4064 alia
2124 4009 2324 4081 specie,
2368 4027 2492 4081 qum
2520 4016 2625 4078 est,
2677 4012 2772 4083 qui
2816 4014 3067 4086 loquitur
3104 4016 3300 4088 lingua
3327 4018 3432 4073 sibi
3461 4026 3583 4075 tan-

302 4107 560 4173 turnior;
590 4106 740 4160 unde
762 4110 821 4159 et
846 4122 879 4159 a
910 4103 1350 4174 praecedentibus
1372 4101 1733 4174 principalem
1781 4114 1908 4154 con-
1988 4103 2110 4154 tum
2135 4099 2375 4170 cognita,
2403 4100 2598 4154 eadem
2627 4106 2761 4155 sunt
2777 4108 3131 4173 argumenta.

305 4195 486 4250 cludit
542 4195 927 4265 quaestionem,
970 4193 1159 4247 dicens
1187 4212 1198 4245 :
1222 4193 1383 4263 Ergo,
1414 4192 1548 4264 quia
1575 4190 1774 4245 melior
1824 4192 1911 4244 est
2060 4188 2112 4245 4.
2147 4191 2213 4244 In
2250 4193 2597 4245 reuelatione.
2621 4191 2904 4247 Revelatio
2931 4199 3033 4262 est,
3058 4211 3170 4265 qua
3189 4211 3292 4267 per
3309 4196 3584 4266 Spiritum

307 4283 599 4352 omnibus,
618 4285 910 4338 sectamini
936 4284 1282 4337 charitatem.
1991 4284 2267 4345 sanctum,
2295 4278 2355 4333 in
2384 4295 2719 4352 quocunque
2741 4286 3013 4353 tempore,
3044 4283 3258 4355 aliquid
3281 4282 3467 4342 subito
3496 4286 3587 4342 in-

380 4373 545 4428 CAP.
576 4372 722 4427 XIV.
746 4402 812 4413 -—
842 4370 891 4428 l.
916 4369 1162 4441 Spiritus
1192 4375 1377 4424 autem
1404 4370 1670 4438 loquitur,
1716 4367 1775 4422 id
1802 4372 1906 4435 est,
1992 4369 2229 4425 dicatur.

308 4461 601 4532 intelligit,
650 4461 797 4515 sicut
844 4461 904 4515 in
939 4458 1273 4530 Evangelia:
1311 4458 1417 4525 Qui
1445 4459 1600 4512 habet
1628 4474 1793 4512 aures
1813 4474 1913 4511 au-
2067 4458 2117 4514 5.
2147 4460 2213 4513 In
2234 4462 2485 4514 scientia.
2539 4458 2788 4515 Scientia
2814 4465 2900 4515 est
2923 4461 3170 4533 cognitio
3196 4462 3385 4519 studio
3414 4469 3472 4521 et
3509 4466 3594 4522 in-

308 4552 510 4607 diendi
559 4551 774 4617 audiat,
804 4548 862 4604 id
890 4554 993 4616 est,
1025 4548 1321 4619 intelligat.
1352 4547 1422 4602 Et
1444 4546 1502 4601 in
1530 4546 1865 4620 Apocalypsi
1895 4566 1906 4601 :
1997 4548 2214 4604 dustria
2250 4554 2596 4621 comparata.

310 4642 426 4709 Qui
444 4641 604 4694 habet
634 4655 850 4703 aurem,
890 4640 1108 4694 audiat.
2070 4638 2123 4701 6.
2155 4640 2222 4694 In
2246 4640 2560 4709 prophetia.
2582 4639 2885 4711 Prophetia
2904 4641 2973 4697 de
2994 4642 3200 4698 futuris
3219 4649 3463 4715 tantum,
3492 4647 3595 4703 doc

382 4730 441 4786 ‘2.
466 4730 759 4797 Loquitur.
799 4728 865 4783 In
900 4726 1025 4799 ipsa
1067 4725 1348 4797 incognita
1397 4724 1610 4796 lingua,
1672 4724 1915 4797 Spiritus
1998 4728 2180 4782 ctrina
2206 4743 2385 4798 genus
2404 4728 2677 4783 omnium.

310 4823 570 4883 cunctim,
599 4815 937 4887 loquebatur
954 4814 1241 4888 mysteria,
1255 4815 1313 4869 id
1342 4819 1447 4882 est,
1480 4813 1781 4885 allegorica
1798 4830 1923 4869 ver—
1941 4811 1989 4872 B
2075 4817 2126 4870 7.
2171 4819 2302 4872 Tam
2329 4821 2526 4883 multa,
2574 4822 2638 4872 ut
2675 4823 2834 4887 puta.
2883 4818 3056 4883 Quasi
3076 4820 3288 4877 diceret
3318 4846 3330 4881 :
3360 4824 3488 4880 Non
3514 4832 3601 4883 est

308 4908 404 4972 ba,
452 4923 580 4978 qua:
608 4921 776 4961 nemo
816 4904 1184 4976 intelligebat,
1218 4903 1326 4959 nisi
1360 4903 1456 4976 qui
1474 4903 1719 4974 gratiam
1745 4903 1924 4959 inter-
2009 4905 2329 4961 mirandum
2357 4907 2405 4961 si
2429 4922 2530 4977 per
2553 4906 2803 4977 linguam
2824 4906 2993 4962 datur
3020 4925 3205 4965 sermo
3230 4927 3342 4967 non
3373 4914 3604 4970 manife-

310 4994 581 5069 pretandi
619 4993 887 5053 habebat.
2008 5001 2130 5051 stus
2156 5013 2169 5062 ;
2212 4995 2347 5067 quia
2374 4995 2628 5050 videlicet
2655 4995 2835 5050 multa
2860 5002 2994 5051 sunt
3012 5013 3241 5069 genera,
3275 5006 3334 5055 et
3360 5003 3500 5057 nihil
3539 5003 3605 5057 il-

377 5086 433 5140 3.
459 5087 640 5153 Magis
671 5089 857 5138 autem
896 5085 1244 5154 prophetare.
1303 5081 1482 5153 Magis
1509 5081 1725 5137 debetis
1754 5098 1923 5154 appe-
2008 5084 2193 5139 lorum
2224 5091 2310 5139 est
2326 5084 2475 5156 quod
2494 5100 2607 5139 non
2630 5084 2836 5139 habeat
2877 5086 3161 5157 propriam
3198 5094 3257 5143 et
3282 5089 3603 5146 distinctam

308 5181 434 5230 tere
461 5173 830 5247 prophetare,
854 5187 1024 5244 quam
1046 5172 1201 5244 loqui
1214 5172 1420 5243 linguis
1446 5190 1459 5238 ;
1497 5187 1629 5226 nam
1644 5172 1798 5243 loqui
1828 5171 1930 5225 lin-
2016 5190 2050 5227 a
2077 5173 2291 5229 caeteris
2316 5189 2505 5229 vocem
2521 5218 2534 5232 .

311 5279 431 5335 gua
454 5262 748 5332 incognita
775 5260 883 5316 sibi
910 5266 967 5316 et
994 5261 1142 5328 aliis,
1185 5267 1242 5316 et
1273 5261 1427 5333 loqui
1469 5260 1666 5332 lingua
1709 5261 1937 5331 cognita
2087 5260 2142 5318 8.
2174 5264 2298 5318 Oret
2353 5266 2417 5315 ut
2460 5265 2873 5330 interpretetur,
2906 5264 2961 5319 id
2994 5268 3095 5331 est,
3124 5266 3404 5337 intelligat
3427 5268 3608 5339 ipsam

318 5352 428 5406 sibi
454 5356 707 5415 tantum,
731 5350 959 5406 tertiam
991 5351 1258 5422 speciem,
1289 5350 1444 5422 loqui
1473 5350 1683 5421 linguis
1705 5355 1771 5404 ut
1797 5350 1937 5405 alio8
2022 5351 2296 5422 linguam.
2330 5356 2386 5405 et
2412 5352 2492 5406 sic
2522 5360 2783 5424 exponat.
2817 5353 3157 5424 Plerumque
3194 5355 3342 5409 enim
3373 5357 3615 5427 Spiritus

323 5439 618 5501 docerent,
642 5455 757 5493 non
784 5439 1127 5511 appetebant
1152 5439 1258 5511 ipsi
1287 5439 1469 5510 primo
1490 5455 1661 5494 unam
1691 5440 1938 5510 speciem
2020 5440 2355 5512 loquebatur
2381 5457 2480 5511 per
2508 5458 2570 5496 os
2616 5441 2859 5496 hominis
2887 5448 3153 5497 extranea
3189 5443 3400 5514 lingua,
3444 5452 3502 5501 et
3532 5452 3614 5503 ta-

340 5528 501 5601 loqui
528 5529 727 5600 lingua
747 5528 1035 5601 incognita
1060 5528 1164 5584 sibi
1191 5534 1249 5584 et
1274 5528 1419 5584 aliis.
1464 5528 1681 5600 Duplex
1728 5528 1939 5584 bonum
2020 5545 2149 5585 men
2174 5530 2343 5585 homo
2365 5545 2478 5585 non
2523 5528 2873 5601 intelligebat
2899 5530 3079 5601 ipsam
3106 5530 3380 5603 linguam,
3411 5540 3511 5591 aut
3556 5536 3616 5591 in

330 5618 527 5690 magis
550 5622 640 5674 est
655 5617 1039 5690 appetendum
1066 5633 1236 5691 quam
1287 5617 1563 5689 simplex;
1603 5617 1941 5691 prophetare
2019 5618 2143 5692 ipsa
2157 5618 2355 5691 lingua
2379 5619 2649 5692 mysteria
2666 5618 2903 5691 prolata.

571 5720 845 5780 ΡΑτιιοι..
892 5718 987 5779 GL
1002 5763 1016 5776 .

3348 5727 3385 5784 7
