3936 6178
456 352 561 411 203

1444 351 1506 404 B.
1550 350 1961 405 LANFRANC]
2004 349 2362 404 CANTUAR.
2406 350 2739 404 ARCHlEP.

3619 352 3720 409 2M

455 479 578 534 sine
608 479 795 533 fructu
823 481 926 543 est,
947 480 1006 530 id
1032 483 1125 543 est,
1149 480 1268 531 sine
1288 477 1721 543 compunctione,
1744 477 1879 542 quia
1894 489 2004 528 non
2027 476 2277 539 intelligo
2295 489 2413 542 quae
2444 476 2642 540 lingua
2670 478 2882 542 loquor.
2908 476 2961 528 9.
2984 475 3129 538 Quid
3152 491 3285 545 ergo
3313 477 3435 529 est?
3464 478 3721 544 Quando-

454 570 675 638 quidem
704 584 816 622 non
843 582 1071 635 prosum
1105 570 1328 635 loquens
1360 567 1577 631 lingua,
1604 580 1716 617 non
1737 566 2128 631 interpretans,
2159 566 2281 626 αθ
2298 579 2403 615 esse
2421 563 2566 614 debet
2597 565 2739 631 quod
2768 566 3020 631 sequitur
3044 566 3267 630 scilicet,
3301 564 3473 618 orabo
3495 565 3719 636 spiritu,

451 658 625 722 idest,
645 671 782 723 voce,
805 653 978 709 orabo
1000 659 1058 710 et
1084 659 1275 709 mente
1301 671 1315 707 :
1346 658 1410 707 ut
1437 654 1801 721 interpretari
1826 654 2020 717 sciam,
2052 650 2287 721 psallam
2316 650 2535 722 spiritu,
2569 653 2630 705 id
2661 658 2756 717 est,
2788 668 2928 719 voce,
2961 653 3196 723 psallam
3227 658 3286 707 et
3313 661 3521 718 mente,
3552 659 3616 707 ut
3636 658 3723 708 in-

452 749 734 814 terpreter.
768 744 1046 799 Caterum
1073 743 1122 797 si
1147 739 1520 805 benedixeris,
1542 740 1965 794 benedictionem
1984 741 2194 807 feceris,
2216 739 2437 811 spiritu,
2463 742 2525 793 id
2537 746 2632 807 est,
2648 742 2765 794 sola
2784 757 3041 807 uoce,non
3061 744 3339 796 intellectu
3357 744 3475 814 qui,
3498 745 3715 813 quibus,

448 832 677 905 supplet
693 832 876 887 locum
898 831 1086 886 idiota
1113 832 1339 885 dicendo
1361 845 1528 884 amen
1547 830 1611 882 in
1631 830 1739 895 ﬁne
1766 830 2037 881 orationis
2056 832 2081 880 ν
2112 844 2285 882 nemo.
2319 829 2608 893 Quomodo
2633 829 2799 893 dicet,
2823 847 3007 897 amen,
3026 847 3214 901 super,
3236 848 3352 899 per,
3371 837 3529 885 tuam
3552 831 3719 886 bene-

447 920 792 976 dictionem?
814 920 1114 991 Quoniam,
1138 936 1287 987 cum,
1320 918 1453 991 quid
1472 917 1643 985 dicas,
1675 917 1882 984 nescit;
1911 932 2044 971 nam
2075 921 2138 971 tu
2154 918 2379 988 quidem
2405 919 2545 973 bene
2566 921 2764 988 lingua
2782 923 3067 988 incognita
3085 920 3299 991 gratias
3320 922 3463 992 agis,
3483 922 3714 988 agendo,

445 1009 547 1066 sed
576 1011 722 1066 alter
745 1026 859 1066 non
888 1010 1218 1076 adiﬁcatur,
1252 1011 1421 1064 alteri
1466 1024 1578 1063 non
1619 1009 1833 1076 prodes.
1867 1006 2091 1061 Gratias
2119 1023 2225 1077 ago
2254 1008 2369 1061 Deo
2395 1025 2521 1062 meo
2540 1008 2690 1079 quod
2717 1008 2972 1062 omnium
3001 1015 3247 1064 vestrum
3272 1009 3466 1080 lingua
3495 1010 3714 1081 loquor,

444 1118 543 1157 nec
562 1103 701 1168 ideo,
722 1102 931 1172 inquit,
963 1101 1083 1154 dico
1096 1103 1160 1152 ut
1184 1098 1331 1152 vobis
1360 1098 1661 1162 invideam,
1696 1112 1831 1149 nam
1870 1098 1973 1150 Deo
2006 1099 2220 1164 gratias
2240 1098 2495 1150 omnium
2528 1100 2738 1164 linguis
2771 1101 2984 1166 loquor.
3009 1098 3116 1151 Sed
3149 1104 3351 1162 tamen,
3380 1098 3439 1151 in
3470 1097 3718 1151 Ecclesia

440 1190 587 1257 volo,
608 1194 776 1257 malo,
795 1188 1045 1260 quinque
1063 1186 1234 1241 verba
1260 1202 1429 1241 sensu
1460 1201 1585 1239 meo
1615 1184 1789 1256 loqui,
1809 1189 1872 1238 ut
1892 1186 2228 1253 intelligam,
2252 1187 2618 1254 interpretari
2652 1189 2867 1239 valeam
2886 1191 2951 1240 ut
2978 1191 3035 1240 et
3057 1186 3195 1240 alios
3212 1186 3509 1252 instruam,
3542 1202 3716 1257 quam

442 1278 637 1334 decem
662 1276 1125 1332 miliaverborum
1146 1275 1205 1330 in
1223 1274 1415 1346 lingua
1436 1275 1741 1342 incognita.
1773 1272 2015 1340 Fratres,
2044 1272 2123 1330 10.
2162 1273 2356 1338 nolite,
2394 1275 2573 1344 pueri,
2598 1275 2743 1329 efﬁci
2766 1274 3041 1341 sensibus,
3072 1278 3249 1344 magis
3271 1277 3567 1344 appetendo
3598 1279 3715 1330 lin-

440 1370 587 1434 guis,
607 1368 753 1435 quod
772 1380 982 1435 parum
1022 1364 1262 1433 prodest,
1296 1377 1466 1431 quam
1491 1360 1837 1429 prophetare,
1890 1363 2033 1430 quod
2060 1365 2325 1427 multum,
2358 1362 2455 1417 sed
2488 1363 2703 1417 malitia
2734 1363 2948 1434 parvuli
2987 1368 3205 1430 estote;
3235 1363 3491 1417 sensibus
3520 1367 3713 1418 autem

439 1453 673 1525 perfecti
702 1457 900 1521 estote,
925 1468 1038 1507 non
1056 1453 1426 1506 desiderantes
1453 1464 1654 1517 genera
1686 1451 2038 1516 linguarum.
2075 1449 2232 1505 11.In
2255 1451 2401 1521 Lege
2418 1450 2688 1521 scriptum
2709 1457 2829 1505 est:
2857 1450 2941 1507 1‘2.
2964 1451 3241 1515 Quoniam
3260 1451 3319 1506 in
3335 1451 3459 1506 aliis
3479 1451 3711 1522 linguis,

439 1547 499 1598 et
523 1542 689 1598 labiis
710 1542 835 1597 aliis
860 1542 1061 1613 loquar
1088 1539 1295 1610 populo
1318 1537 1467 1604 huic,
1490 1540 1548 1591 et
1568 1551 1672 1590 nec
1691 1534 1770 1590 sic
1789 1537 2089 1592 exaudient
2109 1555 2218 1604 me,
2248 1538 2384 1592 dicit
2401 1538 2693 1593 Dominus.
2726 1538 2808 1597 13.
2827 1541 3024 1611 Itaque
3044 1541 3251 1611 lingua
3263 1541 3320 1595 in
3338 1541 3563 1611 signum
3579 1546 3715 1597 sunt

434 1644 551 1687 non
573 1629 852 1696 ﬁdelibus,
886 1629 984 1683 sed
1025 1626 1365 1694 inﬁdelibus;
1388 1625 1697 1697 prophetia
1738 1629 1929 1680 autem
1948 1642 2062 1681 non
2087 1622 2425 1689 inﬁdelibus,
2458 1628 2556 1681 sed
2588 1628 2865 1695 ﬁdelibus,
2887 1631 3097 1697 confert
3108 1631 3451 1699 prophetare,
3476 1636 3525 1683 et
3555 1633 3712 1698 loqui

437 1723 652 1791 linguis
669 1740 688 1787 ;
729 1725 779 1775 et
796 1736 863 1774 es:
881 1720 1172 1774 collatione
1189 1720 1484 1785 utriusque
1504 1717 1729 1784 prafert
1749 1716 2100 1784 prophetiam
2124 1720 2353 1784 linguis.
2381 1716 2439 1771 Si
2464 1733 2616 1788 ergo,
2648 1722 2852 1781 autem,
2875 1718 3168 1773 conveniat
3182 1718 3443 1773 universa
3463 1718 3711 1773 Ecclesia

433 1810 493 1866 in
520 1825 718 1877 unum,
755 1814 811 1864 et
832 1824 1029 1863 omnes
1058 1806 1270 1877 linguis
1296 1807 1595 1873 incognitis
1623 1803 1946 1874 loquantur,
1996 1804 2210 1859 intrent
2259 1808 2449 1860 autem
2506 1805 2695 1859 idiota
2723 1811 2824 1860 aut
2852 1804 3105 1859 inﬁdeles
3137 1821 3149 1860 :
3188 1804 3274 1861 14.
3304 1822 3491 1860 nonne
3518 1806 3711 1861 dicent

433 1899 584 1973 quod
604 1914 694 1954 vos
741 1901 955 1966 linguis
982 1898 1283 1964 incognitis
1314 1897 1586 1963 loquentes
1613 1891 1917 1946 insanitis?
1955 1893 2024 1947 Et
2047 1895 2229 1947 dicent
2257 1897 2464 1962 utique.
2499 1894 2558 1948 Si
2587 1899 2779 1948 autem
2808 1910 3002 1947 omnes
3024 1894 3381 1965 prophetent,
3411 1894 3587 1948 intret
3610 1912 3709 1951 au-

430 1992 549 2043 tem
576 1987 703 2059 quis
731 1985 974 2041 inﬁdelis
1000 1984 1089 2038 vel
1115 1984 1315 2047 idiota,
1341 1984 1392 2036 si
1421 1996 1626 2049 negare
1654 1984 1775 2035 vult
1803 1983 1947 2049 quod
1965 1983 2176 2035 dicitur
2213 1985 2282 2036 ab
2307 1986 2401 2050 eis,
2430 1983 2777 2038 convincitur
2820 1983 2889 2037 ab
2929 1984 3209 2050 omnibus,
3259 1984 3617 2055 dijudicatur,
3645 1987 3707 2040 id

430 2082 524 2144 est,
556 2078 901 2145 cognoscitur
926 2076 1042 2128 vita
1068 2076 1185 2143 ejus
1208 2088 1309 2141 per
1320 2071 1670 2141 prophetiam
1699 2068 1769 2123 ab
1799 2069 2059 2125 omnibus
2093 2089 2106 2137 ;
2148 2072 2365 2126 occulta
2414 2076 2564 2126 enim
2612 2072 2793 2126 cordis
2833 2073 2954 2142 ejus
2998 2089 3097 2143 per
3138 2075 3487 2142 prophetiam
3516 2074 3700 2128 mani-

427 2165 573 2219 festa
597 2164 761 2230 ﬁunt,
792 2166 851 2217 et
876 2161 958 2216 ita
984 2161 1209 2228 cadens,
1240 2176 1293 2215 se
1320 2160 1651 2224 humilium,
1685 2156 1744 2211 in
1784 2158 1985 2213 faciem
2008 2159 2265 2214 adorabit
2292 2161 2490 2228 Deum,
2517 2161 2889 2233 pronuntians
2920 2162 3070 2232 quod
3104 2178 3231 2216 vere
3277 2162 3425 2216 Deus
3460 2162 3517 2217 in
3547 2163 3702 2218 vobis

425 2254 522 2311 sit.
563 2252 710 2318 Quid
738 2268 871 2323 ergo
902 2255 1006 2317 est,
1031 2249 1234 2305 fratres
1258 2249 1284 2303 'l
1320 2263 1462 2317 ergo,
1498 2248 1722 2315 fratres,
1755 2262 1881 2301 cum
1905 2252 2070 2303 tanta:
2099 2252 2366 2305 utilitatis
2391 2254 2461 2304 sit
2500 2252 2809 2319 prophetia,
2843 2252 3203 2305 desideranda
3242 2256 3337 2305 est.
3392 2253 3571 2306 Monet
3618 2269 3703 2306 eos

424 2345 501 2400 ad
552 2344 871 2412 fraternam
908 2342 1343 2414 aediﬁcationem.
1411 2338 1554 2393 Cum
1610 2339 1676 2390 in
1728 2339 1945 2391 eccleSia
2002 2338 2331 2405 convenitis,
2372 2342 2423 2393 si
2484 2338 2566 2395 15.
2626 2338 3016 2411 unusquisque
3064 2344 3309 2393 vestrum
3358 2342 3527 2403 (alius
3581 2342 3699 2407 hoc,

424 2435 575 2489 alius
602 2433 775 2502 illud)
799 2430 1082 2502 psalmum
1111 2430 1201 2484 hic
1244 2427 1434 2495 habet,
1475 2429 1571 2481 ille
1607 2426 1921 2481 doctrinam
1959 2425 2148 2493 habet,
2186 2432 2302 2496 (per
2348 2431 2593 2497 gratiam
2630 2426 2875 2496 Spiritus
2905 2430 3103 2494 sancti,
3132 2430 3243 2482 hac
3267 2432 3455 2483 omnia
3476 2431 3571 2483 illi
3596 2431 3701 2482 da-

425 2522 675 2591 bantur,)
708 2517 1090 2591 apocalypsin,
1121 2518 1531 2581 reuelationem,
1561 2513 1750 2581 habet,
1783 2515 2035 2585 linguam
2063 2516 2265 2585 habet;
2318 2516 2839 2587 interpretationem
2867 2517 3071 2585 habet;
3121 2517 3309 2572 omnia
3340 2518 3412 2573 ad
3461 2518 3703 2572 adiﬁca-

421 2610 638 2667 tionem
664 2613 781 2675 η
809 2610 1201 2678 proximorum
1228 2604 1388 2660 ﬁant.
1409 2600 1499 2671 16,
1536 2602 1620 2660 17.
1654 2604 1779 2659 Sive
1805 2604 2002 2675 lingua
2025 2608 2310 2675 incognita
2332 2607 2457 2678 quis
2484 2606 2751 2678 loquitur,
2792 2606 3099 2661 secundum
3136 2607 3296 2675 duos,
3331 2613 3431 2661 aut
3457 2612 3523 2661 ut
3549 2608 3700 2662 mul-

419 2702 545 2754 tum
565 2702 703 2765 tres,
735 2711 863 2751 cum
887 2695 1096 2749 duobus
1126 2696 1405 2762 loquatur,
1422 2698 1522 2746 aut
1545 2693 1741 2757 tribus,
1766 2708 1879 2747 non
1894 2696 2170 2761 omnibus,
2204 2700 2261 2749 et
2289 2713 2390 2766 per
2418 2701 2608 2766 partes
2638 2698 2848 2762 semoti,
2877 2699 2935 2749 et
2969 2710 3116 2749 unus
3146 2698 3289 2765 quod
3324 2700 3468 2751 alter
3497 2699 3699 2764 lingua

420 2787 672 2856 loquitur
699 2785 1002 2851 incognita,
1035 2782 1458 2852 interpretetur.
1522 2780 1613 2835 18.
1672 2779 1732 2834 Si
1760 2784 1950 2836 autem
1997 2798 2110 2837 non
2151 2783 2322 2839 fuerit
2366 2785 2664 2855 interpres,
2715 2789 2901 2839 taceat
2929 2784 2987 2838 in
3018 2784 3270 2850 ecclesia,
3302 2801 3489 2839 coram
3536 2788 3694 2841 aliis.

420 2874 507 2933 19.
558 2873 676 2932 Sibi
703 2877 895 2929 autem
913 2872 1200 2945 loquatur,
1258 2875 1318 2926 et
1371 2871 1509 2926 Deo.
1556 2870 1851 2942 Propheta
1906 2874 2099 2926 autem
2149 2873 2260 2928 duo
2316 2878 2416 2927 aut
2454 2878 2571 2927 tres
2617 2873 2809 2927 dicant
2853 2874 3023 2942 (plebs
3073 2875 3441 2940 dividebatur,
3484 2879 3533 2927 et
3588 2877 3702 2928 uni

1760 3113 2352 3172 COMMENTARIUS.

482 3327 538 3388 9.
567 3328 714 3397 Quid
738 3341 884 3396 ergo.
926 3324 1063 3380 Esse
1087 3320 1273 3391 debet,
1300 3320 1349 3377 si
1366 3319 1530 3378 bene.
1554 3318 1613 3376 Si
1640 3336 1744 3376 vox
1773 3320 2010 3393 loquens
2029 3329 2083 3389 Α
2106 3321 2277 3389 Vade,
2312 3328 2359 3377 el
2388 3323 2478 3377 dic
2492 3326 2691 3393 populo
2728 3324 2860 3379 huic
2888 3342 2904 3378 :
2929 3323 3081 3381 Aure
3098 3324 3361 3401 audietis,
3388 3329 3439 3378 et
3461 3340 3574 3379 non
3603 3325 3701 3378 in-

413 3416 703 3487 incognita
723 3415 920 3485 lingua
964 3411 1260 3468 benedicat
1294 3409 1495 3477 Deum,
1540 3408 1628 3464 vel
1681 3409 1889 3477 cibum,
1925 3410 2010 3464 vel

413 3503 630 3576 aliquid
684 3499 1037 3573 hujusmodi;
1067 3498 1294 3554 auditor
1319 3497 1516 3565 idiota,
1548 3496 1608 3551 id
1641 3502 1745 3565 est,
1776 3497 2010 3553 audiens

412 3598 472 3650 et
510 3608 626 3648 non
650 3590 994 3661 intelligens,
1024 3587 1204 3644 nescit
1231 3586 1455 3659 quando
1485 3584 1688 3641 debeat
1714 3586 2012 3658 responde-

408 3697 474 3738 re
500 3697 690 3749 amen;
721 3684 821 3735 aut
871 3680 983 3734 Deo
1026 3679 1269 3748 gratias;
1301 3690 1406 3730 nec
1425 3680 1512 3730 est
1527 3675 1624 3746 qui
1638 3676 1899 3746 suppleat
1924 3675 2012 3729 lo-

410 3787 540 3827 cum
568 3767 949 3842 responsionis
969 3768 1109 3838 ejus,
1133 3764 1191 3820 id
1211 3769 1317 3833 est,
1343 3764 1441 3836 qui
1468 3762 1587 3818 vice
1605 3764 1757 3819 illius
1783 3780 2011 3835 respon-

410 3860 562 3927 deat,
588 3874 719 3914 cum
751 3872 945 3912 omnes
971 3855 1236 3927 ignorent
1256 3852 1426 3908 verba
1457 3852 1756 3923 loquentis.

484 3946 572 4005 10.
602 3948 804 4014 Nolite,
825 3946 1013 4016 pueri,
1040 3943 1099 3998 id
1128 3946 1231 4010 est,
1265 3940 1438 3997 nolite
1468 3940 1709 4011 puerilia
1732 3939 2010 3995 desideria

408 4035 646 4106 habere;
677 4051 792 4090 non
830 4032 1250 4090 considerantes
1288 4030 1424 4103 quid
1477 4030 1738 4085 utilitatis
1766 4029 2013 4084 habeant

409 4143 478 4182 ea
505 4142 629 4200 qua
649 4123 999 4180 desideratis.

2094 3414 2365 3481 telligetis.

2167 3499 2250 3557 14.
2286 3501 2478 3556 Nonne
2505 3503 2687 3557 dicent
2715 3505 2877 3572 quod.
2909 3503 3266 3559 Manifestum
3288 3507 3393 3571 est,
3427 3503 3475 3557 si
3495 3518 3699 3557 omnes

2092 3588 2326 3644 diversis
2368 3590 2578 3660 linguis
2607 3592 2929 3663 loquantur,
2980 3593 3257 3647 tumultus
3286 3594 3351 3646 ﬁt
3378 3592 3608 3663 quidam
3631 3591 3699 3645 in

2092 3682 2239 3732 catu
2267 3676 2392 3750 [al.,
2415 3679 2757 3751 inconditus]
2788 3682 3002 3753 populi,
3035 3681 3197 3752 quasi
3224 3681 3530 3751 phrenesin
3576 3701 3690 3757 pa-

2092 3766 2361 3821 tientibus
2390 3767 2514 3838 [al.,
2541 3768 2849 3839 patientis].

2165 3855 2253 3913 15.
2273 3858 2479 3914 Lmn.
2526 3858 2903 3927 Unusquisque
2936 3863 3199 3913 vestrum.
3237 3859 3327 3913 Sic
3362 3859 3690 3930 legendum,

2091 3948 2149 3997 et
2189 3944 2639 3999 subaudiendum
2672 3951 2776 3999 est.
2808 3945 3205 4017 Unusquisque
3233 3953 3499 4015 vestrum,
3539 3948 3695 4004 alius

2092 4033 2372 4104 psalmum
2400 4033 2587 4100 habet,
2618 4033 2763 4088 alius
2792 4034 3104 4089 doctrinam
3132 4053 3146 4103 ;
3178 4044 3236 4091 et
3258 4037 3337 4091 sic
3356 4042 3555 4091 catera
3582 4037 3694 4091 ha-

2092 4121 2221 4189 bet;
2255 4138 2356 4192 per
2376 4123 2620 4193 gratiam
2639 4123 2818 4178 sancti
2847 4124 3089 4195 Spiritus
3110 4125 3227 4180 hac
3243 4126 3435 4182 omnia
3445 4126 3555 4180 illis
3582 4127 3697 4181 da-

484 4215 570 4273 11.
603 4217 674 4271 In
703 4216 832 4285 Lege
849 4212 1014 4285 Legis
1052 4210 1301 4277 nomine,
1341 4207 1696 4281 prophetiam
1726 4207 2002 4278 designat.
2087 4209 2312 4266 bantur.

408 4305 509 4361 Est
534 4308 727 4361 autem
772 4304 877 4358 hoc
912 4297 1301 4356 testimonium
1339 4296 1400 4351 in
1438 4296 1604 4365 Isaia,
1635 4295 1725 4350 his
1773 4294 1958 4349 verbis
1989 4313 2001 4349 :
2158 4296 2248 4356 46.
2278 4301 2520 4356 Alanos.
2547 4300 2668 4357 Siue
2698 4305 2914 4370 lingua,
2947 4303 3053 4357 hoc
3073 4307 3161 4357 est
3187 4302 3299 4357 duo
3329 4304 3414 4357 vel
3432 4308 3547 4358 tres
3573 4319 3700 4360 non

406 4396 477 4450 In
502 4398 716 4463 loquela
743 4395 895 4447 enim
924 4392 1080 4456 labii,
1138 4394 1186 4443 et
1226 4390 1425 4456 lingua
1453 4389 1631 4441 altera
1660 4387 1909 4455 loquitur
1935 4386 2009 4439 ad
2090 4388 2217 4459 plus
2242 4387 2447 4458 linguis
2465 4388 2891 4459 loquantur,sed
2908 4390 3264 4461 singuli,non
3279 4390 3449 4445 simul
3470 4407 3696 4461 omnes,

401 4485 693 4553 populum.
718 4482 822 4537 Cui
848 4482 991 4535 discit
1015 4479 1113 4533 hoc
1148 4492 1166 4531 :
1197 4478 1539 4546 Requiescere
1583 4476 1750 4544 facile
1802 4476 2010 4528 lassum
2091 4494 2164 4532 ne
2182 4477 2430 4532 insanire
2458 4477 2773 4534 videantur.
2806 4478 2941 4533 Ideo
2967 4486 3156 4534 autem
3185 4484 3250 4534 ut
3277 4479 3517 4535 multum
3546 4486 3698 4548 tres,

409 4570 485 4627 al.
508 4570 614 4625 Cui
638 4571 785 4624 dixit
808 4587 823 4622 :
855 4569 976 4622 Hac
1004 4571 1080 4620 est
1103 4568 1316 4635 requies
1343 4580 1485 4634 mea,
1525 4564 1728 4631 reﬁcite
1760 4566 1969 4618 lassum
1990 4580 2007 4615 :
2090 4584 2163 4622 ne
2189 4573 2529 4638 occuparent
2571 4567 2722 4621 diem
2751 4568 2959 4638 linguis
2998 4568 3290 4640 loquentes
3349 4569 3702 4640 interpretes

409 4666 460 4715 et
487 4660 586 4713 hoc
608 4664 685 4714 est
702 4672 887 4712 meum
906 4657 1271 4723 refrigerium
1312 4672 1328 4708 :
1363 4656 1412 4706 et
1456 4655 1759 4706 ποιαϐνιιηι
1786 4653 2003 4705 audire.
2026 4652 2074 4712 B
2091 4672 2305 4722 eorum,
2346 4672 2461 4710 non
2503 4655 2776 4711 haberent
2796 4657 3080 4729 propheta
3106 4663 3328 4728 tempus
3352 4657 3698 4714 disserendi.

485 4748 575 4806 1‘2.
591 4749 867 4816 Quoniam
887 4745 1116 4799 inaliis.
1139 4741 1285 4796 Item
1304 4739 1506 4813 probat
1524 4739 1879 4811 prophetiam
1895 4756 2010 4794 ma—
2164 4744 2249 4802 17.
2303 4746 2507 4800 Lupa.
2549 4746 2672 4801 Sive
2698 4748 2915 4814 lingua,
2960 4746 3019 4801 Si
3048 4746 3243 4817 lingua
3277 4746 3562 4816 incognita
3588 4745 3707 4801 ali-

405 4837 496 4911 gis
523 4853 646 4893 esse
672 4831 1044 4908 appetendam
1071 4846 1243 4903 quam
1270 4829 1426 4900 loqui
1454 4828 1681 4900 linguis.
1707 4829 2010 4900 Prophetia
2091 4834 2217 4906 quis
2237 4835 2488 4906 loquitur
2509 4839 2779 4901 vestrum,
2812 4851 2926 4889 non
2958 4836 3225 4906 loquatur
3251 4835 3310 4889 in
3339 4835 3703 4891 audientiam

408 4925 562 4982 enim
581 4926 790 4981 bonum
818 4928 906 4978 est
925 4922 1162 4993 duplex;
1195 4919 1350 4991 loqui
1365 4935 1494 4974 vero
1515 4919 1725 4989 lingua,
1751 4919 2004 4991 simplex.
2090 4923 2361 4989 omnium,
2390 4924 2489 4977 sed
2511 4924 2661 4994 apud
2687 4923 2830 4978 duos
2875 4924 2962 4978 vel
2997 4927 3113 4977 tres
3168 4923 3449 4994 loquatur,
3501 4928 3558 4977 et
3586 4939 3708 4994 per

408 5015 569 5073 Istud
590 5028 837 5085 namque
864 5016 1086 5066 tantum
1124 5015 1211 5068 est
1231 5010 1456 5081 signum
1483 5009 1747 5064 credendi
1773 5010 2011 5065 inﬁdeli-
2088 5016 2297 5082 partes,
2329 5011 2387 5066 id
2415 5016 2519 5071 est.
2551 5011 2833 5079 intercise,
2871 5016 2937 5067 ut
2962 5010 3178 5066 facilius
3210 5011 3390 5083 possit
3424 5010 3703 5082 intelligi,

407 5104 534 5175 bus,
560 5104 661 5160 sed
687 5107 745 5158 et
772 5100 1032 5157 ﬁdelibus
1052 5100 1278 5171 signum
1292 5104 1379 5153 est
1398 5103 1465 5153 ut
1488 5097 1629 5154 bene
1658 5104 2002 5171 Ope‘rentur;
2085 5116 2213 5155 cum
2235 5100 2547 5172 exponitur.

408 5184 587 5252 ethoc
609 5190 899 5264 pramissa
916 5188 1058 5260 legis
1086 5186 1422 5243 auctoritate
1449 5188 1762 5243 conﬁrmat.
2159 5188 2244 5246 18.
2289 5191 2353 5246 Si
2406 5195 2594 5245 autem
2624 5206 2738 5245 non
2775 5191 2952 5258 fueris
3001 5192 3294 5259 interpres.
3346 5190 3449 5245 Hic
3490 5194 3706 5261 aperte

480 5282 566 5341 13.
595 5283 840 5338 Annos.
873 5281 1065 5348 Itaque
1085 5280 1309 5347 lingua,
1349 5277 1455 5332 hoc
1494 5281 1599 5341 est,
1632 5277 1692 5331 in
1727 5266 2004 5353 velamine
2085 5279 2331 5334 ostendit
2357 5279 2488 5351 quia
2512 5296 2661 5352 sape
2680 5278 3016 5351 loquebatur
3038 5279 3243 5350 aliquis
3262 5279 3548 5349 incognita
3575 5278 3709 5336 lin-

402 5375 612 5447 lingua
629 5371 945 5443 incognita,
966 5368 1250 5425 obscurati
1286 5372 1420 5423 sunt
1445 5383 1734 5424 sermones
1780 5367 1901 5436 Dei,
1933 5384 2005 5423 ne
2085 5384 2216 5439 gua,
2250 5385 2439 5440 quam,
2471 5369 2558 5424 vel
2584 5369 2645 5424 in
2669 5385 2799 5441 qua,
2849 5368 3073 5440 prolata
3123 5368 3413 5440 mysteria,
3438 5384 3541 5422 nec
3563 5367 3709 5439 ipse

403 5464 701 5520 videantur
736 5478 772 5517 a
797 5460 1048 5534 perﬁdis.
1095 5458 1238 5514 Cum
1276 5463 1468 5512 autem
1518 5456 1823 5511 audiantur
1852 5456 2002 5512 inco-
2080 5457 2447 5529 intelligebat.

400 5553 574 5626 gnita
600 5552 825 5624 lingua,
864 5549 1090 5621 signum
1141 5546 1217 5602 sit
1262 5546 1397 5619 quia
1424 5550 1654 5619 propter
1705 5546 2001 5618 perﬁdiam
2160 5546 2242 5604 19.
2274 5547 2394 5604 Sibi
2418 5554 2604 5605 autem
2633 5550 2915 5617 loquatur,
2946 5546 3004 5602 id
3028 5553 3131 5615 est,
3158 5548 3217 5603 in
3244 5548 3413 5604 corde
3456 5562 3558 5603 suo
3598 5547 3710 5606 lo-

398 5641 613 5703 fsctum
637 5646 726 5707 est
741 5654 815 5699 ne
843 5638 1136 5698 audientes
1159 5635 1504 5709 intelligant.
1539 5635 1701 5694 Unde
1723 5635 1786 5695 in
1811 5636 1961 5695 Isaia
1986 5657 1998 5693 :
2084 5642 2311 5709 quatur,
2334 5639 2516 5696 Deum
2541 5636 2778 5695 laudans
2795 5636 2883 5692 vel
2910 5636 3236 5710 deprecans.
