4040 6186
292 251 392 306 205
1003 251 1078 304 IN
1117 251 1184 304 1).
1224 252 1437 309 PAULI
1476 253 1699 310 EPIST.
1740 254 2112 314 COMMENT.
2154 288 2218 301 -
2260 256 2485 313 EPIST.
2523 257 2549 313 I
2585 257 2682 313 AD
2721 255 2883 313 COR.
3455 251 3560 326 209

292 378 448 445 parti
466 391 617 429 unus
628 376 908 443 propheta,
949 379 1000 428 et
1039 377 1189 429 alius
1216 378 1324 430 alii
1348 376 1716 448 loquebatur),
1741 382 1799 433 et
1825 379 2010 434 caeteri
2038 378 2364 449 dijudicent,
2393 381 2727 435 audiantur.
2757 378 2851 437 20.
2868 379 3030 445 Quod
3059 381 3107 434 si
3119 379 3217 434 alii
3247 379 3559 435 revelatum

296 465 468 523 merit
496 463 733 529 sedenti,
758 464 915 535 prior
940 468 1142 518 taceat.
1167 465 1407 519 Potestis
1430 466 1577 520 enim
1609 468 1705 521 hoc
1725 470 1880 522 modo
1901 485 2095 523 omnes
2130 485 2230 539 per
2251 468 2504 538 singulos
2534 468 2888 539 prophetare,
2921 473 2986 523 ut
3016 485 3208 523 omnes
3231 470 3558 538 prophetare

295 556 536 619 discant,
570 558 627 608 et
663 569 860 607 omnes
897 553 1285 623 exhortentur,
1321 557 1752 621 admoneantur,
1795 561 1853 611 et
1886 555 1975 614 21.
2012 557 2241 628 spiritus
2278 557 2681 628 prophetarum
2719 557 3008 627 prophetis
3045 556 3279 627 subjecti
3316 561 3449 612 sunt
3474 556 3562 611 vel

297 646 570 713 subjectus
598 649 691 696 est.
725 640 969 697 27?..Non
1017 642 1167 696 enim
1200 649 1286 697 est
1322 643 1690 699 dissensionis
1718 646 1887 713 Deus,
1919 646 2017 700 sed
2063 647 2234 717 pacis,
2278 646 2422 700 sicut
2465 650 2523 699 et
2564 645 2625 699 in
2669 644 2927 700 omnibus
2957 645 3201 700 ecclesiis
3238 651 3562 701 sanctorum

298 733 492 786 doceo.
526 732 644 785 Viri
673 732 896 799 quidem
919 731 1258 799 prophetent,
1289 737 1351 785 ut
1378 733 1607 786 dictum.
1633 733 1895 788 Mulieres
1921 740 2107 789 autem
2134 736 2191 789 in
2222 735 2468 790 ecclesiis
2496 739 2751 801 taceant;
2782 750 2895 788 non
2923 735 3073 789 enim
3102 734 3452 806 permittitur
3479 735 3559 789 eis

296 821 474 892 loqui,
498 820 597 873 sed
621 818 874 873 subditas
896 835 1037 885 esse,
1060 822 1218 885 viris,
1243 822 1386 889 quod
1411 836 1526 874 non
1550 826 1697 888 esset,
1720 824 1771 875 si
1788 825 2175 891 praedicarent,
2203 824 2348 879 sicut
2373 829 2430 877 et
2457 822 2546 880 23.
2581 825 2668 879 lex
2692 824 2833 878 dixit
2858 839 2871 874 :
2904 824 2962 878 Si
2994 824 3128 894 quid
3158 829 3345 879 autem
3368 825 3562 878 volunt

294 911 535 975 discere,
557 909 711 963 domi
738 926 851 963 non
882 912 945 962 in
972 911 1192 962 ecclesia
1216 909 1365 963 viros
1408 926 1537 964 suos
1564 910 1934 981 interrogent.
1974 912 2159 983 Turpe
2197 918 2284 968 est
2311 914 2463 967 enim
2489 912 2713 967 mulieri
2742 912 2896 983 loqui
2925 913 2985 966 in
3010 912 3260 967 ecclesia.
3291 911 3382 969 24.
3412 914 3500 966 An
3527 929 3563 967 a

302 1001 455 1055 vobis
486 999 719 1054 verbum
752 999 845 1053 Dei
868 998 1182 1070 processit?
1210 1004 1273 1053 ut
1303 1004 1524 1069 propter
1550 1001 1649 1055 hoc
1677 1016 1816 1055 nova
1844 1004 2082 1055 ineatis?
2110 1003 2223 1056 Aut
2247 1002 2306 1057 in
2336 1019 2431 1057 vos
2461 1003 2607 1057 solos
2636 1001 2928 1073 pervenit?
2959 1000 3019 1055 Si
3048 1000 3173 1071 quis
3199 1000 3420 1055 videtur
3437 1017 3563 1072 pro-

303 1091 478 1162 pheta
519 1106 660 1154 esse,
705 1087 937 1159 25.{aut
964 1088 1291 1159 spiritualis,
1323 1095 1622 1159 cognoscat
1666 1106 1788 1161 quae
1817 1089 1996 1144 scribo
2025 1088 2177 1146 vobis
2213 1092 2320 1162 (hic
2357 1093 2632 1146 evidenter
2669 1090 2921 1155 ostendit,
2955 1090 3215 1156 difﬁcilia
3251 1105 3356 1143 esse
3400 1091 3565 1144 verba

304 1196 544 1234 suarum
570 1179 968 1247 Epistolarum,
991 1180 1065 1232 ad
1083 1194 1220 1246 quas
1239 1180 1587 1246 exponendas
1608 1179 1915 1247 prophetas,
1942 1184 1991 1233 et
2018 1184 2284 1249 sapientes
2316 1178 2563 1249 invitat),
2592 1178 2725 1250 quia
2754 1176 2978 1231 Domini
2998 1176 3439 1231 sunt'mandata.
3470 1175 3560 1233 26.

310 1267 369 1324 Si
389 1268 521 1339 quis
544 1274 730 1322 autem
750 1268 861 1320 haec
887 1271 935 1320 et
963 1269 1082 1320 alia
1102 1268 1203 1321 Dei
1229 1267 1499 1319 mandata
1516 1266 1760 1336 ignorat,
1787 1270 1866 1321 vel
1898 1271 2144 1336 negligit,
2177 1268 2266 1322 9.7.
2297 1268 2667 1339 ignorabitur.
2697 1271 2817 1333 '8
2845 1268 3064 1337 Itaque,
3092 1265 3312 1331 fratres,
3337 1266 3568 1321 aemula-

310 1357 450 1411 mini
480 1356 820 1428 prophetare
853 1373 865 1408 :
897 1358 1031 1424 quia
1059 1357 1263 1424 duplex
1292 1357 1495 1409 bonum
1527 1361 1603 1409 est
1631 1371 1651 1409 :
1677 1361 1736 1410 et
1762 1356 1914 1427 loqui
1950 1357 2157 1428 linguis
2198 1357 2373 1411 nolite
2410 1358 2727 1429 prohibere.
2761 1356 2965 1412 Omnia
2994 1361 3183 1411 autem
3210 1356 3464 1421 honeste,
3505 1360 3570 1409 ut

311 1448 428 1500 viri
460 1446 783 1515 loquantur,
818 1447 1076 1498 mulieres
1107 1449 1340 1509 taceant,
1363 1447 1420 1497 et
1447 1444 1755 1498 secundum
1785 1445 2057 1512 ordinem,
2083 1450 2226 1502 alter
2249 1450 2431 1517 prius,
2462 1451 2606 1502 alter
2627 1449 2919 1517 posterius,
2947 1463 3061 1501 non
3084 1461 3269 1500 omnes
3293 1448 3467 1500 simul
3498 1445 3575 1499 lo-

315 1540 590 1603 quantur,
623 1534 764 1588 ﬁant
786 1536 852 1587 in
881 1532 1051 1598 vobis,
1089 1532 1173 1585 vel
1200 1546 1233 1585 a
1261 1532 1425 1585 vobis.

1761 1641 1996 1698 CAPUT
2030 1642 2148 1698 XV.

398 1787 447 1843 l.
479 1788 690 1842 Notum
717 1790 908 1840 autem
926 1784 1080 1840 vobis
1111 1784 1272 1846 facio,
1303 1783 1526 1841 fratres.
1549 1784 1931 1855 Evangelium,
1956 1784 2105 1855 quod
2129 1785 2421 1856 praedicavi
2439 1784 2611 1851 vobis,
2635 1785 2785 1856 quod
2814 1788 2872 1839 et
2902 1785 3151 1855 (effectus)
3175 1783 3488 1856 accepistis,
3515 1784 3577 1840 in

328 1893 438 1948 quo
469 1881 529 1931 et
551 1876 730 1942 statis,
761 1892 864 1947 per
900 1875 1045 1945 quod
1076 1879 1133 1928 et
1158 1873 1469 1940 salvamini,
1504 1890 1614 1945 qua
1640 1874 1857 1927 ratione
1883 1874 2299 1944 pmdicaverim
2328 1873 2502 1939 vobis,
2532 1874 2579 1928 si
2616 1874 2840 1940 tenetis,
2869 1874 2980 1929 nisi
3010 1874 3217 1929 frustra
3241 1874 3578 1942 credidistis,

308 1969 419 2019 nisi
455 1967 534 2019 ad
565 1970 799 2019 mortem
827 1966 1208 2032 prazdestinati
1235 1967 1378 2017 estis.
1421 1962 1649 2018 Tradidi
1680 1962 1829 2016 enim
1858 1962 2013 2016 vobis
2052 1964 2109 2016 in
2142 1960 2355 2032 primis,
2388 1961 2752 2029 Evangelium
2782 1963 2926 2029 quod
2955 1967 3149 2015 notum
3183 1964 3307 2030 feci,
3337 1962 3486 2032 quod
3523 1965 3582 2016 et

297 2054 515 2126 accepi,
547 2053 816 2124 quoniam
845 2052 1104 2107 Christus
1136 2057 1393 2107 mortuus
1423 2060 1509 2106 est
1537 2068 1639 2123 pro
1668 2051 1913 2122 peccatis
1942 2050 2149 2103 nostris
2174 2065 2286 2103 non
2310 2050 2427 2102 suis
2455 2049 2763 2103 secundum
2788 2048 3126 2120 Scripturas,
3149 2055 3207 2104 et
3234 2049 3367 2120 quia
3395 2050 3583 2121 sepul-

299 2151 388 2200 tus
420 2150 531 2211 est,
566 2149 625 2197 et
652 2143 785 2214 quia
813 2142 1121 2197 resurrexit
1148 2142 1321 2196 tertia
1351 2142 1461 2199 die.
1497 2141 1804 2196 secundum
1838 2140 2178 2211 Scripturas,
2207 2143 2265 2192 et
2293 2137 2425 2209 quia
2454 2138 2603 2192 visus
2647 2141 2751 2191 est
2776 2138 2996 2208 Cephae,
3030 2143 3087 2192 et
3113 2143 3238 2209 post
3266 2138 3373 2193 hoc
3413 2140 3584 2194 disci-

299 2236 477 2302 pulis,
505 2232 767 2286 undecim
792 2251 805 2298 ;
837 2231 1041 2285 deinde
1067 2230 1217 2284 visus
1247 2235 1334 2284 est
1360 2231 1660 2301 plusquam
1696 2229 2018 2300 quingentis
2046 2229 2313 2282 fratribus
2334 2228 2503 2282 simul
2526 2227 2613 2298 (de
2641 2228 2743 2281 hac
2761 2231 3133 2296 apparitione,
3161 2234 3210 2283 et
3237 2230 3588 2299 subsequenti

304 2325 449 2378 nihil
468 2324 541 2377 ab
565 2324 915 2391 evangelistis
935 2323 1185 2389 dicitur),
1214 2338 1281 2375 ex
1305 2320 1510 2392 quibus
1532 2319 1696 2373 multi
1725 2323 1956 2372 manent
1973 2332 2150 2389 usque
2168 2316 2369 2380 adhuc,
2397 2315 2627 2387 quidam
2648 2319 2842 2370 autem
2860 2315 3254 2385 dormierunt;
3284 2318 3342 2372 2.
3380 2317 3588 2373 deinde

304 2414 458 2470 visus
487 2416 577 2466 est
604 2410 833 2476 Jacobo,
865 2409 1066 2464 deinde
1097 2409 1368 2480 apostolis
1398 2406 1678 2473 omnibus,
1712 2406 2014 2460 novissime
2042 2411 2233 2461 autem
2262 2405 2517 2460 omnium
2543 2405 2599 2461 3.
2627 2409 2902 2475 tanquam
2931 2404 3208 2474 abortivo,
3235 2406 3386 2461 visus
3416 2410 3505 2462 est
3533 2409 3593 2461 et

1660 2559 2253 2615 COMMENTARIUS.

386 2714 476 2774 20.
510 2717 663 2785 Quod
697 2719 750 2770 si
796 2717 922 2770 alii.
953 2713 1012 2769 Si
1039 2713 1175 2768 dum
1215 2712 1326 2766 duo
1355 2711 1440 2766 vel
1476 2715 1591 2765 tres
1634 2711 1920 2782 prophetas
1940 2714 1979 2770 Α
2000 2710 2111 2765 ista
2139 2726 2306 2781 paena
2330 2710 2425 2765 ille
2453 2710 2780 2782 plectendus
2810 2713 2902 2782 sit,
2936 2714 3032 2784 qui
3062 2730 3177 2768 non
3213 2715 3361 2771 valet
3387 2716 3598 2772 intelli-

318 2809 653 2879 loquuntur.
684 2804 852 2859 alicui
891 2819 1085 2858 eorum
1112 2802 1208 2873 qui
1235 2801 1448 2865 sedent,
1486 2804 1543 2854 et
1581 2800 1919 2865 auscultant,
2003 2798 2196 2870 gentia
2241 2799 2319 2853 sic
2363 2798 2679 2854 discernere
2720 2801 3059 2868 ineffabilem
3086 2804 3378 2859 Trinitatis
3408 2806 3600 2861 unita-

321 2895 539 2967 aliquid
569 2894 878 2948 revelatum
903 2891 1099 2957 fuerit;
1128 2891 1282 2961 prior
1309 2890 1584 2961 propheta
1613 2889 1708 2960 qui
1735 2890 1925 2959 loque-
2005 2894 2140 2953 tem,
2174 2889 2319 2942 sicut
2363 2889 2702 2944 discernitur
2740 2890 2799 2944 in
2841 2891 3029 2946 animo
3071 2899 3265 2949 nostro
3303 2895 3598 2961 memoria,

326 2987 516 3049 batur,
542 2990 744 3047 taceat,
779 2987 838 3036 et
866 2980 1229 3053 permittatur
1252 2979 1381 3032 huic
1407 2978 1582 3049 loqui.
2008 2976 2346 3041 intellectus,
2374 2977 2651 3032 voluntas.
2687 2978 2926 3033 Aliunde
2970 2980 3191 3036 dicebat
3228 2982 3333 3037 hoc
3361 2985 3603 3055 Aposto-

396 3074 745 3142 21.Spiritus
762 3072 1179 3140 prophetarum.
1199 3068 1497 3122 Pluraliter
1512 3066 1649 3121 dicit
1663 3066 1926 3137 Spiritus,
2011 3067 2098 3120 lus
2128 3084 2141 3118 :
2174 3067 2340 3137 Lege,
2365 3072 2421 3120 et
2450 3067 2659 3122 videbis
2689 3086 2756 3123 ea
2785 3086 2908 3140 quze
2936 3069 3272 3143 loquebatur
3299 3074 3421 3145 [al.,
3455 3074 3605 3146 quod

326 3168 563 3234 pmpter
588 3160 1011 3215 multitudinem
1041 3158 1461 3229 prophetarum,
1503 3171 1630 3209 cum
1673 3155 1748 3208 sit
1784 3170 1930 3207 unus
2013 3171 2077 3208 ea
2098 3154 2478 3227 loquebatur],
2508 3172 2630 3225 quae
2652 3157 2818 3212 ﬁdem
2838 3159 2924 3212 vel
2945 3177 3127 3214 mores
3149 3162 3453 3218 multorum
3478 3163 3608 3218 aedi-

330 3250 582 3322 Spiritus
626 3248 722 3319 qui
769 3247 951 3318 replet
997 3262 1110 3311 eos,
1161 3245 1257 3316 qui
1303 3243 1588 3314 subjectus
1644 3240 1933 3315 prophetis
2014 3244 2265 3311 ﬁcarent,
2298 3261 2411 3298 non
2451 3261 2574 3315 quae
2615 3246 2704 3299 vix
2746 3247 2817 3301 ad
2859 3265 3182 3319 paucorum,
3219 3268 3455 3324 eamque
3486 3253 3605 3308 exi-

331 3340 561 3401 dicitur,
594 3338 731 3409 quia
757 3353 853 3391 eos
892 3341 1049 3390 extra
1086 3335 1431 3389 voluntatem
1468 3348 1683 3398 eorum,
1717 3348 1821 3386 nec
1849 3333 1933 3386 lo-
2017 3350 2208 3403 guam,
2260 3334 2750 3406 quantulacunque
2791 3337 2851 3391 in
2893 3338 2998 3392 hac
3039 3338 3172 3407 vita,
3221 3341 3290 3395 de
3340 3358 3401 3397 re
3447 3347 3611 3398 tanta

333 3430 450 3501 qui,
484 3444 592 3481 nec
621 3432 809 3481 tacere
857 3424 1161 3496 compellit.
1212 3424 1279 3476 Et
1326 3429 1412 3476 est
1455 3420 1743 3493 responsio
1775 3420 1937 3491 quasi
2022 3440 2143 3477 esse
2172 3427 2373 3493 potest,
2419 3422 2846 3495 intelligentiam
2884 3429 3260 3499 pervenirent,
3302 3430 3359 3485 id
3403 3436 3508 3501 est,
3547 3433 3611 3488 ut

337 3521 544 3592 aliquis
572 3520 824 3573 diceret:
873 3519 962 3571 An
1009 3517 1162 3587 prior
1200 3515 1474 3586 propheta
1521 3519 1706 3586 potest
1734 3515 1936 3579 facere,
2024 3512 2230 3582 linguis
2258 3512 2554 3583 prophetia
2580 3522 3005 3586 proponeretur.

337 3627 464 3665 cum
485 3609 628 3673 vult,
652 3607 709 3661 id
734 3612 836 3671 est,
859 3622 933 3659 an
957 3604 1163 3676 singuli
1188 3603 1407 3674 possint
1427 3603 1785 3674 prophetare,
1810 3620 1939 3658 cum
2093 3601 2184 3657 ‘27.
2224 3599 2419 3672 (lbid.)
2459 3603 2837 3671 Ignorabitur.
2884 3607 3047 3661 Multi
3086 3608 3145 3662 in
3190 3608 3400 3664 Christi
3447 3627 3610 3667 cruce

339 3702 423 3755 eis
444 3698 664 3769 aliquid
689 3696 985 3751 reveletur.
2024 3690 2350 3760 gloriantes,
2381 3695 2438 3744 et
2465 3690 2536 3744 ab
2575 3692 2773 3747 eadem
2813 3694 2902 3749 via
2929 3712 3042 3750 non
3070 3698 3412 3767 recedentes,
3444 3701 3618 3755 etiam

412 3788 504 3846 22.
538 3789 661 3842 Non
702 3790 849 3839 enim
889 3786 1262 3838 dissensionis.
1312 3782 1685 3838 Dissensionis
1713 3783 1943 3854 spiritus
2030 3779 2126 3849 qui
2177 3778 2288 3833 ista
2328 3796 2451 3850 quae
2500 3780 2863 3837 subtilissime
2914 3785 3284 3854 disseruntur,
3332 3788 3615 3859 ignorant,

344 3883 556 3943 essent,
606 3877 653 3930 si
684 3891 878 3930 omnes
907 3890 1045 3945 quos
1082 3874 1346 3945 repleret,
1380 3873 1535 3944 loqui
1585 3872 1754 3927 simul
1796 3889 1945 3927 com-
2027 3868 2159 3939 quia
2193 3885 2305 3923 non
2343 3870 2491 3940 perit
2526 3887 2674 3925 unus
2712 3872 2781 3926 de
2819 3873 3035 3943 pusillis
3074 3875 3196 3946 [al.,
3239 3894 3305 3931 ex
3343 3876 3482 3950 illis]
3518 3895 3619 3951 pro

342 3967 601 4039 pelleret.
2027 3956 2230 4027 quibus
2246 3963 2514 4014 mortuus
2537 3964 2640 4027 est,
2664 3961 2733 4014 ad
2761 3962 3012 4017 eamdem
3044 3965 3376 4035 perveniunt
3395 3967 3621 4021 aeterni-

417 4054 508 4111 23.
539 4056 641 4109 Lex
666 4055 818 4107 dicit.
844 4055 907 4107 In
926 4051 1131 4107 Genesi
1160 4050 1298 4105 dicit
1322 4050 1473 4104 Deus
1501 4050 1571 4103 ad
1603 4050 1898 4104 mulierem
1925 4069 1937 4102 :
1962 4051 2221 4128 Btatem,
2257 4047 2567 4114 veritatem,
2601 4049 2954 4117 charitatem,
2988 4052 3045 4106 id
3085 4058 3187 4119 est,
3223 4054 3294 4107 ad
3337 4054 3617 4121 stabilem,

344 4144 462 4200 Sub
484 4147 605 4201 viri
627 4148 885 4212 potestate
910 4145 1038 4207 eris,
1061 4147 1110 4195 et
1141 4143 1251 4208 ipse
1279 4141 1665 4193 dominabitur
1692 4142 1811 4192 tibi.
2027 4140 2258 4201 certam,
2292 4137 2628 4207 plenamque
2651 4137 2993 4193 felicitatem.
3027 4140 3133 4196 Ubi
3161 4141 3518 4197 manentibus
3538 4143 3624 4197 vi-

420 4232 509 4285 24.
534 4235 623 4286 An
643 4247 678 4284 a
692 4233 841 4285 vobis
862 4232 1108 4284 verbum.
1125 4229 1228 4283 Hic
1245 4229 1413 4282 datur
1431 4227 1670 4297 intelligi
1691 4227 1946 4298 quaedam
2030 4223 2309 4283 dentibus,
2343 4224 2681 4292 amantibus,
2707 4232 2840 4280 sunt
2865 4233 3065 4283 cuncta
3094 4234 3384 4300 perpetua.

348 4338 477 4391 qua:
517 4319 779 4391 superius
823 4318 1115 4389 redarguit
1152 4317 1470 4372 Corinthios
1510 4316 1726 4379 fecisse,
1780 4321 1950 4386 atque
2106 4312 2268 4368 CAP.
2306 4313 2421 4369 XV.
2449 4344 2499 4354 -
2532 4312 2585 4365 1.
2608 4314 2823 4372 Limen.
2860 4317 3067 4371 Notum
3092 4324 3278 4373 autem
3303 4321 3493 4387 vobis.,
3517 4324 3623 4376 etc.

346 4409 480 4463 ideo
508 4407 874 4479 reprehendit
903 4424 998 4462 eos
1026 4407 1216 4462 dicens
1240 4423 1352 4461 non
1382 4405 1585 4460 debere
1611 4422 1707 4460 eos
1738 4403 1947 4476 aliquid
2034 4400 2430 4455 Dubitantibus
2469 4402 2774 4458 Corinthiis
2806 4403 2877 4458 de
2915 4406 3327 4462 resurrectione
3374 4412 3630 4464 mortuo-

347 4497 578 4552 noviter
602 4496 769 4563 inire,
791 4494 889 4552 sed
914 4496 1100 4567 potius
1123 4495 1390 4567 exemplis
1412 4494 1650 4549 aliarum
1681 4494 1952 4548 Ecclesia-
2035 4507 2181 4554 rum.
2204 4490 2415 4561 ‘probat
2440 4493 2740 4562 Apostolus
2778 4494 2972 4548 multis
3000 4497 3349 4566 argumentis
3388 4514 3512 4552 eam
3542 4514 3634 4553 re-

349 4604 484 4641 rum
511 4586 717 4651 vivere,
742 4585 877 4655 quia
899 4584 1126 4639 verbum
1152 4585 1253 4639 Dei
1282 4583 1352 4638 ab
1378 4583 1490 4638 illis
1521 4600 1635 4638 non
1663 4582 1952 4654 processit,
2039 4595 2168 4633 vera
2188 4596 2308 4634 esse
2332 4580 2599 4647 futuram,
2628 4582 2878 4637 recolens
2900 4584 3047 4654 quod
3076 4584 3189 4639 illis
3213 4586 3632 4657 praedicaverat,

350 4677 510 4749 quod
551 4677 601 4731 si
630 4674 1013 4747 processisset,
1043 4673 1336 4729 tolerabile
1360 4678 1508 4728 esset
1535 4672 1583 4726 si
1612 4670 1824 4743 aliquid
1853 4688 1956 4726 no-
2040 4667 2242 4739 quibus
2269 4669 2556 4725 evidenter
2580 4677 2811 4742 apparet
2842 4672 2911 4727 de
2930 4674 3339 4730 resurrectione
3368 4674 3635 4731 dubitan-

352 4784 494 4822 vum
516 4765 806 4820 fecissent.
2042 4757 2176 4811 dum
2212 4774 2322 4812 non
2352 4775 2494 4813 esse.

429 4854 523 4911 25.
551 4855 807 4909 AMBROS.
833 4852 1163 4922 Spiritualis
1182 4856 1481 4920 cognoscat.
1502 4849 1606 4906 Hic
1623 4850 1808 4921 tangit
1832 4865 1964 4921 apo-
2113 4845 2165 4903 2.
2199 4849 2449 4903 Ausus'r.
2487 4850 2603 4915 (lib.
2637 4854 2774 4904 cont.
2811 4851 3039 4921 Faust.).
3072 4854 3376 4908 Novissime
3416 4859 3631 4912 autem.

352 4944 540 4999 stolos
587 4943 778 5008 falsos,
822 4941 918 5013 qui
972 4958 1085 4996 non
1131 4940 1336 5006 divina,
1385 4939 1485 4995 sed
1529 4945 1758 4994 terrena
1797 4939 1966 4993 doce-
2046 4937 2155 4992 Sed
2196 4937 2285 4991 hic
2319 4938 2440 5008 jam
2489 4938 2558 4992 de
2604 4939 2762 5006 coelo,
2806 4945 2935 5012 post
2974 4958 3086 4997 non
3130 4960 3365 5015 parvum
3418 4950 3642 5018 tempus

354 5034 522 5087 bant.
2046 5026 2389 5081 ascensionis
2421 5044 2553 5082 suae.

434 5120 528 5178 26.
559 5118 625 5174 Si
654 5121 780 5189 quis
805 5120 1047 5187 ignorat,
1073 5118 1450 5186 ignorabitur.
1477 5117 1668 5184 Recte,
1700 5116 1833 5187 quia
1873 5114 1969 5187 qui
2119 5113 2171 5171 3.
2202 5116 2447 5170 AMBROS.
2490 5118 2775 5187 Tanquam
2813 5121 3077 5175 abortivo.
3110 5123 3389 5193 Apparuit
3412 5123 3493 5177 illi
3521 5124 3640 5195 pri-

354 5211 549 5267 nescit
575 5210 680 5264 Dei
720 5224 843 5263 esse
874 5223 998 5279 quae
1034 5206 1284 5278 loquitur
1312 5207 1634 5277 Apostolus,
1669 5223 1704 5260 a
1732 5206 1969 5260 Domino
2048 5222 2203 5259 mum
2233 5206 2303 5259 de
2345 5205 2501 5273 coelo,
2551 5212 2678 5276 post
2723 5210 2907 5264 oranti
2950 5209 3010 5265 in
3056 5212 3285 5283 templo.
3318 5212 3645 5269 Abortivum

356 5299 743 5372 ignorabitur,
2053 5311 2112 5348 se
2141 5299 2318 5360 vocat,
2352 5294 2484 5366 quia
2512 5300 2666 5350 extra
2695 5302 2918 5370 tempus
2945 5304 3112 5353 natus
3141 5300 3199 5353 in
3229 5301 3474 5367 Christo,
3508 5296 3649 5376 apo-

439 5388 538 5445 “:6.
575 5390 824 5442 AUGUS‘I‘.
858 5384 1044 5456 (epist.
1075 5382 1181 5441 102
1204 5386 1278 5438 ad
1302 5385 1588 5485 Evodz'um,
1613 5388 1758 5483 .tom.
1785 5383 1879 5452 ΙΙ).
1906 5383 1970 5437 Si
1989 5425 2034 5485 Ε
2054 5384 2319 5438 stolatum
2347 5385 2593 5456 accepit;
2639 5386 2698 5441 in
2736 5388 2874 5442 caelo
2914 5387 3156 5449 Domino
3185 5396 3406 5462 recepto
3436 5392 3493 5446 in
3525 5393 3652 5465 [al.,

360 5481 497 5548 quis
511 5483 701 5531 autem
720 5475 1363 5544 ignorat.Nequaquam,
1385 5476 1449 5526 ut
1461 5469 1676 5538 scribis,
1697 5472 1794 5543 qui
1812 5472 1968 5542 igno-
1992 5469 2034 5485 ν
2065 5473 2214 5543 cum]
2238 5489 2426 5529 carne.

361 5572 484 5636 rat,
505 5562 885 5635 ignorabitur.
904 5564 984 5619 De
1004 5562 1110 5617 hac
1129 5579 1191 5618 re
1211 5561 1347 5617 dicit
1364 5561 1683 5633 Apostolus,
1706 5565 1979 5633 tanquam
