4040 6186
426 629 551 720 Dei.
590 655 786 715 Gratia
829 629 1018 706 autem
1047 640 1150 698 Dei
1178 653 1303 693 sum
1349 634 1408 689 id
1451 629 1600 702 quod
1627 644 1652 681 s

425 752 525 808 sed
552 739 930 804 abundantius
964 738 1020 803 (a
1049 749 1108 786 re
1135 724 1356 800 probat)
1385 721 1495 777 illis
1525 714 1783 773 omnibus
1808 705 2056 764 laboravi
2082 723 2094 770 ;
2144 718 2259 757 non
2333 715 2437 770 ego
2477 702 2688 763 autem,

1085 781 1103 786 ν
1135 781 1184 800 τί
1217 781 1226 782 κ
1335 781 1350 794 ι

1076 821 1160 874 ive
1199 814 1301 880 illi,
1342 811 1423 866 sic
1470 801 1906 880 praedicavimus,
1949 796 2231 852 Christum
2271 792 2556 844 mortuum
2595 781 2978 841 resurrexisse,
3011 781 3068 830 et

423 1204 484 1256 et
504 1196 645 1252 ﬁdes
669 1195 874 1246 vestra.
902 1178 1228 1240 Invenimur
1255 1177 1444 1228 autem
1472 1173 1528 1222 et

428 1279 782 1344 suscitaverit
805 1273 1112 1335 Christum,
1137 1279 1305 1337 quem
1332 1274 1446 1314 non
1474 1253 1620 1310 susci

785 1378 970 1435 neque
997 1356 1253 1414 Christus
1279 1342 1604 1404 resurrexit.

427 1466 578 1524 enim
596 1437 742 1518 estis
770 1457 828 1512 in
856 1449 1097 1526 peccatis
1127 1442 1346 1515 vestris.
1371 1437 1520 1507 Ergo

425 1562 551 1612 tum
577 1553 637 1606 in
669 1546 893 1606 Christo
921 1541 1212 1613 sperantes
1235 1544 1450 1592 sumus,

429 1643 687 1714 Christus
710 1629 1020 1692 resurrexit
1047 1643 1082 1681 a
1107 1619 1347 1677 mortuis
1372 1609 1634 1687 primitiae
1663 1601 1918 1660 dormien

1199 1709 1209 1714 -
1606 1695 1661 1714 γι,
1678 1711 1694 1714 Α
1722 1708 1775 1714 μ
1789 1694 1906 1714 ΝΔ..

425 1733 638 1788 minem
667 1740 838 1790 mors,
864 1725 922 1775 et
943 1732 1045 1791 per
1059 1709 1289 1768 homine

422 1821 514 1877 10.
541 1818 601 1872 in
621 1813 846 1871 Christo
867 1820 1061 1863 omnes
1078 1795 1522 1855 viviﬁcabuntur.

421 1912 558 1965 sunt
575 1900 803 1964 Christi,
825 1889 1216 1964 (resurrecturi
1235 1888 1366 1941 sunt
1388 1885 1436 1935 et
1455 1879 1582 1942 alii,

425 1998 514 2057 12.
539 1995 637 2071 qui
655 1992 718 2050 in
735 1989 1002 2050 adventu,
1024 1982 1188 2051 facta,
1207 1977 1289 2032 uel
1307 1967 1583 2042 faciendo,

1402 336 1466 390 B.
1507 323 1918 410 LANFRANCI
1959 313 2316 373 CANTUAR.
2359 305 2693 364 ARCHIEP.

1629 455 1744 503 ctus
1765 450 1838 499 est
1854 444 1927 495 ad
1949 443 2118 494 Deum
2141 436 2384 488 converti
2392 477 2401 486 .
2419 436 2555 503 sicut
2575 429 2854 482 abortivus
2871 425 3087 489 cogitur
3112 422 3282 479 nasci)
3322 418 3372 470 4.
3395 417 3507 486 Ego
3527 415 3675 468 enim

1633 552 1749 592 sum
1779 533 1982 601 dignus
2011 525 2194 580 vocari
2225 522 2529 594 apostolus,
2569 515 2833 588 quoniam
2869 513 3194 582 persecutus
3223 522 3348 560 sum
3376 503 3675 558 Ecclesiam

1656 641 1772 691 um,
1816 625 1872 674 et
1910 616 2094 689 gratia
2123 614 2241 683 ejus
2279 613 2336 664 in
2367 626 2457 662 me
2495 621 2668 660 vacua
2712 619 2824 656 non
2857 601 2981 665 fuit,
3013 604 3071 651 ut
3115 613 3225 649 non
3255 596 3672 662 lructiﬁcarem,

2736 691 2833 746 sed
2879 687 3064 761 gratia
3112 685 3213 740 Dei
3261 699 3518 748 mecum;
3561 680 3674 734 sive

2870 781 2977 828 isse.
3011 781 3068 828 et
3109 773 3187 828 sic
3235 770 3569 826 credidistis.
3612 767 3674 824 Si

2085 1063 2147 1120 it,
2177 1060 2230 1114 5.
2273 1055 2456 1110 inanis
2488 1057 2573 1107 est
2619 1066 2750 1120 ergo
2781 1044 3098 1118 praedicatio
3127 1047 3340 1107 nostra,
3381 1038 3565 1093 inanis
3594 1040 3681 1092 est

1551 1162 1675 1218 falsi
1701 1163 1874 1214 testes
1893 1155 2019 1215 Dei,
2045 1148 2310 1222 quoniam
2331 1141 2717 1200 testimonium
2740 1138 2981 1193 diximus
3008 1134 3275 1188 adversus
3299 1131 3500 1193 Deum,
3531 1126 3681 1200 quod

1622 1249 1782 1313 tavit,
1817 1246 1865 1300 si
1899 1240 2108 1298 mortui
2137 1253 2252 1293 non
2297 1235 2617 1303 resurgunt.
2652 1228 2956 1296 Responsio.
2989 1225 3131 1277 Nam
3161 1220 3216 1275 6.
3249 1219 3297 1273 si
3329 1215 3539 1272 mortui
3568 1231 3682 1269 non

1636 1335 1794 1404 Quod
1837 1334 1884 1387 si
1923 1329 2180 1386 Christus
2219 1341 2331 1379 non
2368 1319 2696 1384 resurrexit,
2725 1317 2778 1370 7.
2811 1330 2955 1368 vana
2991 1317 3078 1366 est
3106 1311 3242 1364 ﬁdes
3266 1313 3470 1371 vestra,
3501 1305 3684 1360 adhuc

1281 1442 1346 1496 is.
1371 1437 1520 1503 Ergo
1547 1433 1602 1503 [a
1628 1425 1830 1494 simili]
1857 1428 1913 1476 et
1933 1418 2029 1491 qui
2055 1415 2410 1471 dormierunt
2435 1411 2493 1464 in
2516 1408 2759 1470 Christo,
2792 1401 3098 1474 perierunt.
3133 1399 3191 1454 Si
3217 1399 3276 1451 in
3297 1398 3403 1450 hac
3422 1396 3536 1450 vita
3560 1399 3683 1448 tan-

2859 1493 2869 1503 ι
3107 1487 3190 1503 .-\
3238 1481 3657 1503 n7,,,____h-__n

1472 1481 1517 1506 >'
1548 1481 1599 1503 1.*-
1632 1481 1668 1484 "
1811 1481 1830 1494 ιι
1948 1481 1969 1491 ι

1472 1521 1527 1580 8.
1552 1513 1988 1574 miserabiliores
2007 1521 2203 1562 sumus
2224 1500 2484 1557 omnibus
2505 1487 3217 1556 hominibus.(assumptio).
3235 1488 3395 1541 Nunc
3416 1489 3605 1538 autem
3625 1481 3678 1536 9.

1922 1597 2084 1661 tium,
2115 1609 2247 1646 nam
2276 1592 2498 1660 primus
2528 1585 2854 1642 resurrexit,
2889 1578 3158 1650 quoniam
3196 1574 3423 1646 quidem
3453 1589 3553 1643 per
3579 1571 3682 1624 ho-

1290 1660 1347 1672 ..-
1374 1660 1628 1687 τμη-----
2075 1660 2078 1661 ν

1290 1723 1347 1760 m
1365 1695 1702 1758 resurrectio
1722 1694 2096 1746 mortuorum.
2117 1682 2187 1736 Et
2206 1681 2351 1734 sicut
2378 1672 2642 1746 (exponit)
2667 1674 2724 1726 in
2745 1671 2920 1724 Adam
2944 1683 3140 1721 omnes
3161 1663 3499 1725 moriuntur,
3528 1660 3609 1713 ita
3627 1663 3686 1712 et

1554 1785 1638 1842 H.
1661 1776 2060 1848 Unusquisque
2081 1774 2270 1824 autem
2292 1768 2352 1822 in
2373 1782 2474 1821 suo
2496 1763 2709 1827 ordine,
2726 1759 2988 1832 primitiae
3010 1755 3284 1819 Christus,
3309 1751 3509 1806 deinde
3528 1749 3569 1803 ii
3589 1746 3684 1819 qui

1601 1873 1692 1928 sed
1712 1841 1912 1924 horum
1935 1841 2157 1915 tantum
2175 1857 2510 1910 mentionem
2533 1853 2670 1920 facit
2691 1852 2916 1918 propter
2937 1846 3317 1901 Christianam
3334 1841 3666 1908 dignitatem

1603 1963 1727 2034 ejus
1745 1952 2023 2013 credidert

2111 1988 2124 2000 .
2148 1950 2275 2011 δε)
2293 1944 2377 2001 13.
2397 1941 2611 1997 Deinde
2630 1939 2757 1994 ﬁnis
2774 1941 2902 2003 erit,
2923 1933 3006 2001 14,
3025 1932 3115 1999 15,
3129 1931 3218 1998 16,
3241 1945 3370 1984 cum
3389 1923 3687 1983 tradiderit

1734 2078 2324 2146 COMMENTARIUS.

494 2269 549 2330 4.
580 2269 691 2337 Ego
719 2263 892 2320 enim.
924 2249 1201 2314 Humiliat
1227 2260 1307 2313 se,
1337 2245 1397 2298 et
1417 2241 1673 2307 tempore
1701 2235 1928 2282 causam
1954 2215 2015 2270 in
2032 2214 2086 2274 Α

421 2379 483 2419 se
509 2354 756 2416 ascribit.

495 2396 778 2507 domin-3
807 2444 882 2495 est
907 2449 1055 2504 ergo.
1080 2427 1167 2485 Ad
1196 2420 1596 2507 detrimentum
1626 2419 1824 2464 eorum
1850 2396 2017 2472 proﬁ-

421 2554 548 2596 cere
576 2531 796 2596 asserit,
830 2526 877 2582 si
917 2514 1255 2579 crediderint
1294 2506 1446 2582 quod
1482 2503 1740 2558 futurum
1766 2505 1881 2548 non
1908 2490 2012 2550 est,

420 2635 478 2685 et
505 2622 736 2700 pudoris
764 2576 848 2672 est
884 2576 964 2668 ut
978 2606 1182 2680 aliquis
1211 2576 1543 2674 proﬁteatur
1578 2589 1687 2643 hoc
1714 2576 2016 2700 credidisse

1312 2687 1348 2700 -ο
1473 2679 1579 2700 ἰιεμ
1602 2671 1801 2700 εφη-αι
1856 2671 1909 2700 οι
1961 2679 2016 2700 ς,-

421 2663 478 2685 Ub
547 2663 736 2682 ιιιινιιυ
765 2663 848 2672 νυν
892 2663 948 2668 -ν
981 2663 1048 2666 μη
1072 2663 1094 2680 ⁸
1212 2663 1232 2674 ⁸

421 2663 572 2791 qugd
601 2712 804 2767 falsum
832 2706 936 2768 est,
970 2705 1027 2754 et
1052 2687 1450 2750 verecundiam
1472 2679 1581 2736 illis
1602 2671 1823 2734 incutit,
1855 2671 1914 2721 et
1937 2663 2018 2717 la-

959 2789 967 2791 ’
1021 2787 1032 2791 ’
1089 2785 1105 2791 ’
1209 2785 1216 2791 ⁵
1465 2767 1600 2791 —----‘
1629 2776 1794 2791 -υιννιη
1823 2755 2016 2791 ntinnp

421 2755 572 2791 Ψιυιι
602 2755 804 2767 ------——
838 2755 936 2768 ν-κ,

420 2806 586 2861 bores
609 2800 836 2856 illorum
861 2789 1001 2847 dicit
1018 2785 1423 2843 infructuosos;
1456 2767 1606 2842 quod
1629 2776 1796 2820 nemo
1823 2755 2017 2825 utique

421 2896 492 2951 de
521 2909 581 2948 se
604 2887 820 2963 patitur
847 2879 1064 2944 audire,
1085 2877 1152 2928 ut
1169 2869 1422 2924 videntes
1447 2861 1556 2916 hoc
1577 2869 1699 2911 esse
1718 2851 1913 2906 contra
1933 2858 2016 2906 se,

419 2957 776 3040 revertantur
803 2971 876 3028 ad
902 2967 1072 3023 ﬁdem
1094 2957 1412 3034 pristinam.

493 3021 1040 3129 IsT‘EEJ;TTZ1{b...
1071 3021 1142 3108 ὁε
1169 3051 1307 3104 doct.
1358 3042 1487 3098 0hr.
1526 3050 1647 3105 cap.
1680 3029 1770 3129 3i,
1815 3031 1865 3124 ιζ
1892 3021 2018 3122 III).

494 3110 548 3128 υ.
569 3110 817 3125 ηυυνυ-.

420 3162 485 3220 Si
513 3158 745 3215 mortui.
773 3152 920 3207 Sunt
961 3158 1107 3199 verae
1147 3130 1522 3194 connexiones
1551 3110 2015 3178 ratiocinationis,

420 3251 591 3308 falsas
616 3243 889 3301 habentes
913 3227 1243 3292 sententias,
1269 3237 1392 3295 quae
1422 3213 1843 3283 consequuntur
1865 3216 2020 3257 erro-

1711 3297 1726 3308 .
1752 3296 1766 3308 .
1950 3288 1993 3308 ,Α

422 3288 591 3308 mm...
618 3288 887 3301 ......-..---
923 3288 964 3290 -,

419 3357 543 3397 rem
565 3336 720 3392 illius
747 3345 876 3385 cum
898 3339 1008 3396 quo
1039 3317 1256 3390 agitur;
1300 3325 1424 3382 quae
1444 3310 1637 3360 tamen
1661 3297 1733 3352 ad
1752 3296 1857 3348 hoc
1885 3288 2022 3345 infe-

420 3433 628 3486 runtur
646 3439 681 3477 a
704 3421 853 3475 bono
874 3419 933 3469 et
954 3413 1118 3466 docto
1139 3400 1386 3467 homine,
1409 3401 1476 3451 ut
1493 3393 1552 3447 in
1575 3390 1666 3445 his
1691 3383 2023 3440 erubescens

422 3467 617 3486 ιωιυυη
646 3467 681 3477 κ
711 3467 847 3475 υ---ν
884 3467 897 3469 -
920 3467 925 3468 ,

422 3519 518 3575 ille
548 3514 709 3586 cujus
738 3517 987 3564 errorem
1011 3490 1374 3565 consequitur
1406 3485 1530 3556 [al.,
1556 3467 2018 3546 consequuntur],

1429 3573 1441 3585 .
1543 3569 1555 3580 .
1682 3563 1866 3586 “Lm
1900 3573 2018 3586 ML

423 3563 518 3575 ““'
551 3563 636 3586 *νιν
651 3563 704 3567 νή
752 3563 755 3564 ν
1198 3563 1217 3565 _

423 3605 687 3664 eumdem
713 3594 1000 3665 relinquat
1025 3597 1276 3641 errorem
1301 3597 1314 3646 ;
1349 3573 1484 3649 quia
1512 3569 1562 3624 si
1588 3567 1649 3621 in
1675 3563 1871 3619 eodem
1900 3573 2021 3611 ma-

422 3712 558 3754 nere
601 3685 859 3752 voluerit,
907 3691 1135 3736 necesse
1185 3669 1359 3726 etiam
1395 3667 1462 3719 ut
1490 3659 1592 3715 illa
1624 3671 1747 3728 quae
1794 3651 2026 3705 damnat

424 3795 619 3845 tenere
647 3778 903 3848 cogatur.

825 3826 980 3917 I’ana
1007 3858 1082 3910 est
1125 3851 1273 3920 ﬁdes.
1303 3842 1500 3901 Fidem
1528 3835 1665 3892 dicit
1691 3847 1804 3904 qua
1829 3826 2023 3884 crede-

428 3965 567 4020 bant
580 3958 809 4032 peccata
826 3947 932 4005 sibi
951 3957 1071 4001 esse
1088 3937 1339 3999 dimissa,
1355 3947 1458 4004 per
1475 3926 1646 3982 ﬁdem
1665 3915 2026 3976 resurrectio-

1251 4025 1262 4032 .
1295 4021 1347 4032 Α..
1406 4019 1416 4030 .
1459 4022 1468 4032 .
1566 4030 1593 4032 η
1614 4028 1671 4032 ω
1698 4003 2002 4032 “mnu”

432 4003 567 4020 μω...
581 4003 805 4032 rw"---
837 4003 846 4005 -

429 4055 518 4111 nis
532 4044 759 4107 Christi.
781 4036 944 4106 Quod
962 4047 1076 4089 non
1099 4032 1204 4094 est,
1219 4025 1269 4080 si
1289 4019 1546 4078 Christus
1565 4028 1680 4069 non
1698 4003 2020 4064 resurrexit.

496 4140 550 4199 8.
580 4140 828 4194 Annos.
860 4119 1285 4182 Miserabitiores
1314 4122 1526 4166 sumus.
1561 4096 1842 4158 Increduli
1876 4093 2025 4149 enim

424 4231 514 4288 vel
537 4229 645 4284 hac
669 4224 784 4279 vita
804 4217 1094 4274 fruuntur.

497 4271 789 4377 iii-ivssi";
806 4271 1072 4363 Christus
1109 4290 1436 4350 resurrexit.
1485 4280 1695 4338 Probat
1721 4271 2020 4347 Apostolus

427 4412 678 4465 mortuos
723 4413 845 4454 esse
886 4389 1321 4448 resurrecturos.
1372 4375 1450 4441 Si,
1506 4368 1710 4442 inquit,
1767 4361 2022 4419 Christus

426 4455 752 4556 resurrexit,
774 4492 832 4540 et
857 4477 1069 4536 mortui
1093 4471 1408 4540 resurgent.
1435 4460 1545 4518 Sed
1566 4455 1821 4514 Christus
1842 4464 2025 4505 resur-

422 4588 587 4653 rexit,
613 4594 747 4637 nam
781 4573 1081 4642 Scriptum
1112 4563 1323 4618 dicunt.
1362 4556 1506 4610 Item
1535 4548 1669 4620 quia
1695 4538 2020 4604 resurrexit,

1462 4640 1496 4653 '-
1549 4639 1588 4653 Α·
1665 4635 1741 4653 ιη-
1771 4635 1842 4653 ιΑι
1877 4627 2000 4653 -1::..

425 4627 587 4653 ........,
615 4627 747 4637 ω.--
903 4627 924 4642 ι

421 4693 555 4737 nam
575 4673 726 4728 visus
749 4669 853 4730 est,
875 4661 1171 4732 postquam
1198 4640 1523 4704 resurrexit,
1547 4635 1749 4708 Cephae
1771 4635 1845 4688 tet
1876 4627 2020 4682 aliis.

423 4718 555 4737 μυ...
587 4718 723 4728 .--η
759 4718 800 4720 η
843 4718 896 4732 ,,
1018 4718 1040 4726 _

423 4770 566 4826 Item
597 4763 825 4821 iterum,
864 4741 1169 4804 resurrexit
1205 4736 1340 4809 quia
1365 4747 1462 4785 vos
1493 4743 1623 4783 eum
1653 4718 2024 4778 resurrexisse

362 4918 365 4920 _
424 4847 758 4914 credidistis.
786 4837 959 4906 Quasi
991 4833 1242 4889 dicerent
1264 4845 1275 4878 :
1301 4818 1672 4880 Credidimus,
1698 4811 1798 4866 sed
1823 4824 1935 4863 non
1967 4811 2024 4860 te

1210 4916 1220 4920 ‘
1348 4913 1379 4920 ’λ
1485 4908 1496 4919 ⁸
1698 4919 1704 4920 κ
1788 4899 1895 4920 -2---
1945 4893 2021 4920 :n:

426 4963 494 5022 ρι’

421 5032 752 5113 praedicasse

422 5167 777 5275 arcemusiet
797 5199 877 5254 sic
899 5185 1236 5249 credidistis.
1263 5180 1408 5235 Item
1439 5177 1626 5248 ipsum
1650 5189 1660 5224 :
1690 5169 1750 5224 Si
1773 5167 2032 5222 Christus

419 5318 617 5364 revera
639 5290 976 5369 praedicatur
1003 5277 1136 5352 quia
1162 5267 1488 5332 resurrexit,
1521 5269 1659 5317 tunc
1680 5273 1808 5312 vere
1845 5269 2030 5310 surre.

414 5399 525 5464 xit;
549 5397 607 5448 et
627 5388 676 5444 si
692 5375 1001 5440 resurrexit
1014 5374 1066 5444 (a
1079 5364 1292 5435 simili),
1308 5353 1644 5416 resurrectio
1660 5353 2015 5405 mortuorum

1146 5458 1162 5464 ’
1304 5453 1350 5464 "
1480 5447 1662 5464 ’κη-ιι
1711 5444 1796 5464 nim
1865 5441 1917 5464 ηι-
1940 5433 2015 5464 ..ζη

414 5436 536 5541 est:
558 5475 708 5552 quod
731 5473 780 5528 si
798 5474 904 5535 est,
927 5433 1193 5534 quomodo
1213 5433 1445 5523 quidam
1467 5447 1687 5511 dicunt,
1709 5444 1838 5504 etc.,
1864 5441 1921 5490 et
1939 5433 2018 5488 sic

404 5655 548 5720 tore.

754 5027 836 5088 nt,
869 5031 964 5071 vos
1003 5002 1322 5067 credidistis
1366 5014 1496 5053 eum
1535 4989 1929 5049 resurrexisse.
1963 4987 2038 5071 Ειι

419 5078 529 5185 hoc
551 5127 640 5178 est
660 5111 810 5188 quod
837 5105 1006 5164 dicit:
1038 5098 1166 5155 Sive
1195 5093 1348 5149 enim
1384 5103 1507 5158 ego,
1535 5084 1650 5138 sive
1675 5079 1756 5135 illi
1784 5078 1864 5132 sic
1897 5093 2034 5148 prae,

1169 5185 1178 5188 _
1263 5180 1303 5188 ,γ
1440 5177 1452 5187 ,
1690 5169 1743 5188 m
1773 5167 2031 5188 min”

2169 2207 2546 2266 Contenderet
2590 2204 2717 2277 quis
2763 2221 2775 2255 :
2828 2201 2955 2257 Non
2983 2203 3096 2265 est,
3119 2194 3321 2267 inquit,
3355 2188 3689 2247 resurrectio

2095 2305 2468 2354 mortuorum.
2497 2295 2567 2350 Et
2599 2291 2899 2365 Apostolus
2940 2308 2953 2343 :
3000 2288 3058 2343 Si
3088 2301 3202 2340 non
3232 2287 3318 2338 est
3355 2277 3690 2336 resurrectio

2097 2394 2471 2452 mortuorum,
2506 2385 2565 2439 id
2602 2387 2707 2447 est,
2740 2380 2789 2434 si
2835 2378 3024 2433 nullus
3061 2379 3414 2429 mortuorum
3457 2372 3512 2436 (a
3555 2367 3688 2434 toto)

2097 2476 2356 2543 surrexit,
2404 2489 2589 2544 neque
2631 2469 2913 2535 Christus,
2967 2480 3135 2537 quem
3164 2459 3473 2517 surrexisse
3509 2455 3690 2512 credi-

2098 2566 2281 2621 distis.
2313 2566 2382 2619 Et
2410 2581 2475 2618 ex
2499 2543 2511 2544 ᾧ
2523 2561 2720 2617 eodem
2767 2555 3022 2628 sequitur
3047 2568 3247 2607 vanam
3290 2565 3411 2604 esse
3440 2543 3691 2618 Apostoli

2099 2653 2570 2727 pmdicationem,
2628 2663 2828 2702 vanam
2881 2659 3003 2698 esse
3050 2656 3246 2695 eorum
3287 2638 3474 2692 ﬁdem.
3518 2635 3587 2687 Et
3625 2631 3690 2692 (si

2100 2744 2357 2799 Christus
2377 2757 2489 2795 non
2509 2737 2817 2793 resurrexit
2835 2733 2962 2788 falsi
2981 2736 3154 2786 testes
3178 2727 3277 2782 Dei
3294 2741 3518 2789 sumus;
3543 2720 3692 2792 quod

2101 2851 2136 2888 a
2179 2834 2469 2904 Scriptura
2512 2829 2589 2882 sic
2621 2825 2864 2898 probat:
2907 2819 3204 2886 Quoniam,
3236 2814 3437 2886 inquit,
3487 2812 3692 2866 falsum

2100 2921 2484 2978 testimonium
2511 2916 2751 2971 diximus
2781 2913 3073 2967 adversum
3116 2908 3328 2972 Deum;
3362 2919 3491 2956 nam
3521 2897 3689 2964 istud,

2103 3013 2250 3084 quod
2276 3005 2626 3065 suscitaverit
2647 3003 2951 3062 Christum,
2985 3012 3149 3069 quem
3183 3010 3294 3048 non
3318 2989 3624 3055 suscitavit,
3648 2987 3694 3042 si

2103 3101 2310 3156 mortui
2339 3115 2451 3152 non
2488 3098 2809 3164 resurgunt.
2854 3090 3039 3153 Quare
3081 3086 3186 3139 hoc
3215 3081 3392 3137 dicis?
3419 3081 3562 3135 Nam
3591 3077 3690 3143 ita,

2102 3190 2305 3261 inquit,
2337 3189 2394 3241 in
2419 3203 2479 3240 re
2505 3189 2608 3249 est,
2635 3180 2784 3252 quod
2810 3179 2858 3232 si
2886 3174 3094 3231 mortui
3118 3188 3231 3227 non
3251 3173 3572 3241 resurgunt,
3602 3182 3697 3220 ne-

2104 3257 2212 3353 que
2244 3278 2500 3334 Christus
2523 3293 2534 3341 ;
2569 3287 2712 3326 vana
2735 3273 2821 3322 est
2840 3266 2978 3320 ﬁdes
2999 3269 3210 3324 nostra,
3233 3260 3288 3313 id
3319 3263 3405 3313 est
3428 3271 3542 3311 non
3566 3257 3699 3309 sunt

2103 3368 2258 3423 vobis
2287 3365 2527 3421 remissa
2547 3363 2805 3433 peccata;
2839 3355 3021 3409 adhuc
3041 3353 3190 3407 enim
3220 3349 3356 3404 estis
3377 3349 3434 3402 in
3455 3344 3698 3418 peccatis

2106 3457 2328 3512 vestris.
2360 3455 2430 3508 Et
2472 3451 2518 3505 si
2555 3467 2652 3503 vos
2691 3446 2823 3501 estis
2850 3443 2909 3498 in
2938 3441 3198 3514 peccatis,
3231 3444 3288 3493 et
3317 3437 3413 3508 qui
3442 3439 3572 3490 ante
3602 3449 3698 3488 vos

2045 3525 2354 3610 Bfuerunt,
2387 3543 2447 3596 in
2477 3537 2718 3611 peccatis
2756 3533 2964 3588 mortui
2998 3536 3167 3597 sunt;
3207 3533 3264 3582 et
3288 3527 3334 3581 si
3363 3527 3421 3580 in
3459 3523 3698 3596 peccatis

2107 3636 2316 3692 mortui
2330 3631 2684 3700 sunt,utique
2703 3617 3350 3698 perierunt.Principalis
3367 3612 3693 3684 assumptio.

2107 3729 2269 3783 Nunc
2294 3729 2484 3779 autem
2509 3719 2766 3775 Christus
2795 3710 3119 3775 resurrexit,
3151 3723 3284 3778 ergo
3305 3720 3417 3760 non
3446 3707 3532 3757 est
3557 3715 3701 3755 vana

2105 3813 2424 3889 praedicatio
2446 3814 2659 3874 nostra,
2687 3821 2790 3860 nec
2817 3803 2956 3858 ﬁdes
2980 3803 3182 3854 vestra.
3216 3796 3289 3851 Et
3315 3794 3396 3848 sic
3421 3793 3490 3847 de
3515 3789 3700 3846 omni-

2106 3907 2209 3961 bus
2237 3898 2702 3959 concludendum.

2176 3994 2264 4050 10.
2297 3993 2546 4048 Anaus'r.
2579 3988 2785 4059 (cmpos.
2819 3986 2883 4035 in
2915 3979 3126 4045 anng.
3158 3977 3320 4031 Joan.
3361 3974 3538 4036 Tract,
3569 3968 3623 4035 3,
3651 3971 3694 4022 t.

2107 4086 2223 4154 IX).
2256 4085 2324 4138 In
2352 4081 2565 4138 Christo
2605 4089 2810 4129 omnes.
2844 4070 3054 4126 Omnes
3093 4065 3190 4137 qui
3219 4062 3404 4119 renati
3441 4066 3575 4115 sunt
3600 4072 3703 4130 per

2109 4172 2419 4230 Christum.

2184 4261 2268 4319 11.
2295 4261 2508 4314 LANFR.
2546 4253 2925 4320 Unusquisque
2947 4251 3012 4301 in
3035 4260 3133 4299 suo
3152 4243 3368 4296 ordine.
3393 4239 3458 4294 In
3484 4253 3585 4292 suo
3611 4252 3704 4291 or-

2105 4352 2234 4407 dine
2279 4347 2433 4412 dicit,
2485 4342 2570 4397 vel
2619 4339 2752 4412 quia
2797 4335 3052 4392 Christus
3101 4331 3317 4404 primus
3360 4325 3700 4392 resurrexit;

2107 4439 2307 4496 deinde
2355 4429 2727 4490 resurrecturi
2755 4431 2890 4482 sunt
2930 4421 3137 4479 cateri.
3169 4420 3271 4474 Vel
3299 4418 3435 4489 quia
3461 4420 3700 4486 martyr,

2105 4535 2170 4586 ut
2182 4531 2414 4599 martyr;
2431 4527 2701 4596 pastores,
2719 4522 2785 4572 ut
2799 4519 3070 4587 pastores,
3090 4516 3146 4565 et
3158 4508 3343 4564 caeteri
3358 4506 3416 4560 in
3427 4506 3576 4560 hunc
3590 4519 3682 4557 mo
3691 4528 3705 4548 ι

2106 4621 2259 4676 dum.
2365 4592 2812 4680 sicintelligitur,
2830 4605 2890 4659 in
2901 4619 3001 4658 suo
3013 4600 3228 4667 ordine,
3249 4603 3305 4652 et
3325 4597 3385 4651 in
3403 4611 3508 4650 sua
3525 4592 3706 4664 digni-

2106 4715 2240 4765 tate.
2264 4704 2477 4762 Deinde
2497 4700 2558 4755 hi
2586 4694 2975 4761 resurrecturi,
3004 4695 3061 4746 et
3091 4689 3207 4756 alii,
3231 4686 3329 4743 sed
3362 4686 3562 4740 horum
3584 4686 3707 4736 tan-

2105 4806 2229 4854 tum
2267 4793 2610 4850 mentionem
2652 4785 2803 4852 facit,
2836 4786 3067 4856 propter
3111 4775 3488 4834 Christianam
3519 4770 3707 4842 digni-

495 4885 758 4911 cuiumuu.
790 4885 959 4906 παπ.-
997 4885 1072 4889 ὴν

495 4941 781 5001 aedicante.
826 4930 962 4995 Quae
1001 4936 1156 4985 cura,
1207 4913 1409 4985 inquit,
1453 4908 1569 4963 sive
1614 4919 1736 4974 ego,
1784 4899 1899 4954 sive
1945 4885 2306 4948 illiGtatem.

1802 4989 1813 4999 '
1963 4987 2005 5001 π
2189 4977 2255 5001 ιο

2187 4977 2275 5034 12.
2311 4977 2418 5044 Qui
2445 4975 2509 5025 in
2537 4970 2795 5023 adventu.
2842 4962 2950 5028 Qui
2979 4958 3216 5016 credunt
3249 4971 3380 5010 eum
3415 4950 3704 5007 advenisse

2119 5071 2347 5142 propter
2373 5057 2727 5117 redimendos
2746 5057 3084 5125 peccatores,
3102 5053 3159 5102 et
3180 5045 3551 5101 adventuram
3579 5056 3706 5112 pro-

2114 5129 2240 5231 pter
2265 5151 2518 5209 inﬁdeles
2542 5143 2875 5219 judicandos
2921 5145 2978 5194 et
3014 5136 3206 5193 ﬁdeles
3239 5129 3701 5188 remunerandos.

2180 5245 2272 5303 13.
2303 5218 2554 5298 Aueus'r.
2580 5237 2704 5309 (tib.
2737 5229 3003 5288 LXXXIII.
3038 5229 3231 5295 Quasi.
3262 5240 3357 5294 qu.
3392 5220 3479 5286 69,
3513 5223 3556 5272 t.
3590 5218 3708 5276 ιν.»

2110 5336 2313 5392 Dei-nde
2352 5333 2500 5400 ﬁnis.
2531 5307 2656 5397 Ipse
2686 5322 2896 5378 scilicet
2924 5317 3053 5372 ﬁnis
3083 5319 3186 5379 est,
3216 5317 3279 5366 ut
3304 5311 3378 5365 sit
3409 5309 3530 5380 ipse
3558 5307 3709 5362 Deus

2102 5424 2290 5482 omnia
2309 5422 2368 5476 in
2389 5411 2861 5473 omnibus.Aliter
2875 5407 3023 5462 enim
3041 5400 3406 5465 diciturﬁnis,
3426 5396 3522 5469 qui
3541 5394 3712 5467 perti-

1604 5485 1687 5511 ...,
1711 5485 1838 5504 --_.,
1869 5485 1919 5490 -_
1940 5485 2011 5488 ηκ-

1603 5536 1861 5586 rtuorum
1894 5539 2008 5580 non
2089 5521 2191 5578 net
2210 5514 2282 5568 ad
2302 5502 2866 5568 consummationem,
2889 5495 3052 5551 aliter
3073 5491 3169 5564 qui
3193 5489 3441 5563 pertinet
3463 5485 3534 5540 ad
3572 5500 3712 5539 con-

2091 5603 2498 5677 sumptionem.
2514 5595 2584 5651 Et
2601 5591 2767 5647 aliter
2781 5586 2933 5644 enim
2952 5583 3146 5639 tunica
3165 5579 3365 5635 ﬁnitur
3375 5572 3636 5641 texendo,
3653 5576 3712 5626 et
