4040 6186
382 309 488 367 209

1059 316 1137 370 IN
1175 316 1241 370 D.
1284 316 1498 372 PAULI
1542 317 1772 376 EPIST.
1814 321 2185 377 COMMENT.
2231 353 2294 363 —
2336 319 2558 376 EPIST.
2599 317 2625 373 Ι
2663 317 2758 371 AD
2798 316 2962 372 COR.

3542 315 3650 376 210

384 450 648 504 regnum,
671 438 730 490 id
757 443 850 502 est,
869 441 931 491 in
954 439 1150 506 quibus
1171 445 1443 508 regnavit,
1471 444 1604 510 Deo,
1638 448 1694 500 et
1718 445 1892 512 Patri,
1916 447 2008 514 17,
2034 445 2115 503 18.
2133 463 2260 500 cum
2277 442 2629 500 evacuaverit
2653 457 2877 496 omnem
2898 439 3281 512 principatum
3303 443 3641 498 daemonum.

385 529 441 578 et
467 529 806 595 potestatem
835 532 893 581 et
916 527 1202 581 virtutem.
1224 528 1462 599 Oportet
1488 537 1677 588 autem
1709 534 1868 590 illum
1896 552 2134 606 regnare
2156 533 2438 593 19.donec
2449 535 2622 604 ponat
2635 547 2830 586 omnes
2849 530 3106 585 inimicos
3125 531 3230 586 sub
3245 532 3482 604 pedibus
3497 533 3638 604 ejus,

380 609 471 667 20.
504 613 826 666 Novissima
863 619 1052 668 autem
1090 615 1321 670 inimica
1366 618 1692 676 destruetur
1723 639 1757 676 a
1799 624 2012 678 Christo
2060 639 2213 678 mors
2259 625 2516 689 (ostendit
2548 622 2831 676 Christum
2877 621 3071 674 habere
3097 625 3404 689 potentiam
3443 623 3639 676 mortis

381 702 934 768 destruendaeﬂicens
945 706 1137 757 omnia
1160 721 1265 758 esse
1284 708 1386 760 sub
1408 712 1526 776 ejus
1543 715 1834 780 potentia);
1865 713 2056 767 omnia
2074 711 2226 767 enim
2252 709 2489 782 subjecit
2513 709 2616 764 sub
2657 707 2890 780 pedibus
2915 709 3054 778 ejus.
3079 709 3222 764 Cum
3243 715 3434 766 autem
3453 710 3638 778 dicat;

371 793 628 857 psalmus
653 797 877 846 octavus
911 811 926 846 :
952 791 1156 847 Omnia
1185 793 1437 864 subjecta
1456 802 1590 853 sunt
1610 799 1682 868 ei,
1713 800 1835 856 sine
1865 801 2056 868 dubio,
2087 806 2296 873 praeter
2320 817 2470 866 eum,
2505 802 2745 866 Patrem,
2773 797 2870 869 qui
2889 797 3130 868 subjecit
3159 799 3210 854 ei
3247 798 3457 854 omnia.
3492 799 3636 853 Cum

374 882 568 932 autem
586 877 843 950 subjecta
869 880 1080 936 fuerint
1098 881 1180 935 illi
1212 885 1420 951 omnia,
1447 885 1679 943 2l.tunc
1706 895 1762 943 et
1789 890 1910 961 ipse
1935 891 2112 946 Filius
2142 891 2427 962 subjectus
2454 888 2562 944 erit
2585 887 2656 955 ei,
2691 889 2852 942 Patri
2872 888 3178 941 secundum
3206 888 3633 953 humanitatem,

375 967 460 1020 vel
487 969 725 1035 Christo,
749 969 845 1039 qui
874 970 1112 1041 subjecit
1131 971 1238 1026 sibi
1259 974 1466 1031 omnia.
1492 975 1580 1033 22.
1603 983 1670 1032 ut
1689 978 1764 1032 sit
1784 980 1932 1035 Deus
1952 980 2212 1036 omniain
2229 977 2510 1042 omnibus,
2531 982 2592 1030 ut
2607 979 2680 1030 sit
2699 977 2839 1030 Deus
2847 977 3138 1044 plenitudo
3150 979 3330 1030 omnis
3349 977 3548 1044 gaudii
3566 978 3632 1030 in

371 1057 637 1123 singulis.
661 1055 731 1113 23
765 1059 1031 1131 Alioquin
1046 1063 1120 1131 (si
1144 1068 1359 1118 mortui
1389 1082 1499 1121 non
1532 1074 1856 1138 resurgunt)
1879 1070 2014 1141 quid
2043 1069 2399 1137 facientquid
2413 1069 2520 1122 erit
2539 1067 2644 1132 his,
2664 1064 2760 1136 qui
2786 1063 3146 1136 baptizantur
3171 1063 3260 1120 24.
3277 1063 3368 1121 25.
3385 1070 3443 1131 8
3459 1071 3498 1130 ι
3525 1081 3630 1136 pro

368 1144 632 1212 mortuis,
663 1147 712 1200 si
736 1148 964 1203 omnino
987 1151 1194 1206 mortui
1213 1169 1327 1207 non
1344 1161 1654 1225 resurgunt
1674 1156 1697 1210 ?
1718 1157 1902 1224 26,27.
1925 1159 2002 1214 Ut
2027 1159 2162 1230 quid
2182 1164 2239 1213 et
2251 1157 2607 1228 baptizantur
2625 1170 2726 1226 pro
2743 1153 2853 1208 illis
2872 1154 2897 1207 ’ἓ
2902 1157 3136 1223 peccatis
3154 1155 3378 1208 scilicet.
3402 1154 3478 1208 Ut
3496 1153 3631 1224 quid

368 1237 424 1288 et
439 1249 546 1288 nos
555 1236 943 1306 periclitamur
961 1239 1114 1295 omni
1133 1241 1311 1296 hora?
1332 1247 1554 1312 exponit
1575 1249 1842 1314 quomodo
1861 1248 2229 1314 periclitetur.
2249 1244 2510 1311 Quotidie
2521 1242 2732 1298 morior
2741 1257 2844 1314 per
2861 1246 3107 1296 vestram
3126 1240 3388 1311 gloriam,
3409 1239 3630 1308 fratres,

1693 1395 2284 1453 COMMENTARIUS.

353 1523 525 1578 aliter
542 1524 699 1581 cibus
718 1529 1087 1591 comedenda.
1128 1533 1277 1588 Deus
1307 1539 1496 1590 autem
1527 1536 1719 1590 omnia
1753 1537 1815 1591 in
1844 1541 2021 1599 om-A
2044 1537 2183 1591 dixit
2214 1554 2226 1588 :
2261 1537 2368 1590 Ero
2406 1535 2641 1590 illorum
2665 1534 2833 1600 Deus;
2867 1540 2919 1588 et
2947 1535 3058 1602 ipsi
3084 1538 3252 1588 erunt
3294 1532 3439 1588 mihi
3466 1533 3632 1600 plebs,

353 1612 522 1666 nibus
544 1614 769 1680 dicitur,
792 1623 857 1673 ut
885 1635 1050 1674 nemo
1071 1637 1265 1677 eorum
1295 1624 1393 1695 qui
1422 1624 1470 1678 ei
1495 1625 1777 1681 cohaerent
1805 1633 1958 1682 amet
2039 1625 2148 1680 nisi
2176 1641 2279 1695 ego
2317 1640 2413 1678 ero
2455 1622 2606 1677 unde
2645 1621 2959 1678 satientur?
3006 1621 3122 1692 Ego
3151 1637 3246 1676 ero
3289 1634 3635 1692 quaecunque

349 1701 622 1757 adversus
649 1720 779 1759 eum
807 1723 968 1762 suam
997 1711 1278 1780 propriam
1312 1713 1675 1780 voluntatem,
1699 1715 1960 1770 manifes-

348 1795 588 1862 tumque
616 1793 691 1847 sit
717 1796 976 1852 omnibus
1006 1800 1154 1869 quod
1173 1800 1324 1855 idem
1351 1803 1652 1873 Apostolus
1680 1805 1789 1859 alio
1837 1805 1955 1860 loco

347 1878 483 1933 dicit
515 1893 527 1927 :
551 1882 697 1948 Quid
718 1889 902 1940 autem
924 1888 1083 1942 habes
1112 1892 1256 1956 quod
1287 1907 1398 1944 non
1428 1896 1722 1960 accepisti?

409 1967 503 2024 14.
527 1969 738 2026 LANFR.
761 1973 884 2042 (lib.
917 1989 936 2028 Ι
959 1978 1032 2030 De
1051 1978 1230 2044 Trin,
1266 1995 1386 2050 cap.
1405 1977 1438 2036 9
1468 1986 1525 2034 et
1550 1978 1622 2037 10
1648 1987 1789 2037 tom.
1821 1983 1946 2051 III).

349 2055 488 2110 Cum
522 2061 839 2114 tradiderit.
873 2063 957 2117 Ita
985 2064 1195 2120 dictum
1215 2074 1316 2134 est,
1351 2085 1479 2123 cum
1509 2070 1807 2126 tradiderit
1829 2089 1952 2142 reg-

344 2160 486 2232 num
515 2146 634 2201 Deo
663 2154 720 2202 et
740 2149 916 2217 Patri,
940 2168 1005 2206 ac
1032 2154 1078 2207 si
1108 2154 1391 2210 diceretur
1423 2175 1434 2210 :
1481 2159 1688 2214 Tradet
1710 2177 1949 2232 regnum

345 2231 543 2298 Patri,
571 2234 844 2291 Dominus
867 2239 1028 2294 Jesus
1080 2242 1358 2311 Christus,
1392 2261 1504 2300 non
1547 2263 1607 2300 se
1626 2247 1756 2302 inde
1784 2266 1949 2320 sepa-

342 2326 489 2386 rato,
514 2337 620 2376 nec
638 2324 823 2393 Patre,
841 2343 942 2381 nec
972 2329 1183 2400 Spiritu
1213 2338 1426 2402 sancto,
1451 2335 1717 2405 quoniam
1747 2339 1949 2408 perdu-

343 2423 470 2499 cere
493 2497 504 2499 _
525 2411 815 2466 credentes
855 2415 924 2468 ad
951 2421 1482 2491 contemplationem
1512 2424 1632 2493 Dei,
1667 2427 1762 2496 qui
1791 2427 1947 2499 digni

342 2496 724 2566 habebuntur,
755 2504 984 2574 perduci
1013 2509 1084 2562 ad
1115 2510 1302 2579 ﬁdem,
1334 2512 1405 2566 ad
1445 2529 1624 2584 spem,
1658 2515 1714 2569 id
1741 2496 1949 2583 est,vad

340 2585 529 2676 ipsam
557 2588 827 2646 visionem
856 2595 985 2666 quia
1009 2599 1321 2668 perducens
1348 2601 1548 2656 ductus
1580 2608 1688 2667 est,
1707 2622 1947 2676 regnum

340 2675 571 2731 tradere
600 2677 717 2733 Deo
747 2685 804 2735 et
820 2682 995 2740 Patri.

418 2763 504 2820 15.
531 2766 787 2824 AMBROS.
821 2771 958 2826 Cum
981 2775 1296 2828 tradiderit.
1329 2773 1512 2829 Nemo
1531 2774 1751 2830 dubitet
1768 2775 1947 2831 ﬁlium

2039 1715 2110 1769 ab
2140 1713 2462 1770 hominibus
2486 1713 2720 1768 honeste
2747 1710 3159 1774 desiderantur,
3192 1714 3248 1764 et
3288 1709 3421 1772 vita,
3453 1712 3512 1762 et
3539 1723 3632 1761 sa-

2036 1804 2142 1871 lus,
2168 1809 2224 1859 et
2252 1803 2450 1870 victus,
2482 1807 2540 1858 et
2565 1801 2745 1874 copia,
2777 1805 2834 1856 et
2859 1799 3059 1872 gloria,
3084 1803 3142 1854 et
3167 1799 3365 1866 honor,
3397 1801 3456 1851 et
3499 1811 3627 1868 pax,

2036 1899 2093 1948 et
2119 1892 2310 1948 omnia
2335 1891 2501 1946 bona.

2103 1980 2193 2038 23.
2219 1983 2466 2036 AMBROS.
2496 1981 2764 2049 Alioquin
2783 1977 2922 2048 quid
2940 1978 3178 2045 faciunt.
3204 1971 3471 2045 Exemplo
3497 1972 3624 2040 hoc,

2031 2087 2144 2124 non
2178 2071 2389 2124 factum
2434 2069 2662 2123 illorum
2688 2065 2906 2140 probat,
2938 2065 3039 2120 sed
3065 2063 3234 2119 ﬁxam
3262 2061 3435 2118 ﬁdem
3455 2061 3517 2118 in
3541 2077 3633 2118 re-

2031 2159 2376 2214 surrectione
2400 2156 2664 2213 ostendit.

2100 2246 2404 2303 24.Lanrn.
2425 2249 2532 2301 Pro
2560 2245 2818 2301 mortuis.
2833 2242 2943 2297 Pro
2964 2240 3202 2297 mortuis
3229 2239 3367 2294 dicit
3383 2239 3626 2311 peccatis

2029 2342 2280 2391 mortuos
2294 2333 2606 2406 agentibus,
2628 2333 2777 2388 sicut
2792 2331 2867 2386 ad
2893 2330 3174 2395 Hebraeos,
3194 2327 3628 2384 fundamentum

2030 2425 2374 2496 poenitentiae
2404 2424 2474 2479 ab
2496 2421 2760 2496 eperibus
2790 2419 3047 2476 mortuis.
3065 2418 3213 2474 Dicit
3238 2433 3372 2488 ergo
3396 2436 3408 2471 :
3435 2416 3495 2472 Si
3514 2433 3630 2472 non

2031 2519 2117 2569 est
2164 2514 2504 2570 resurreCtio
2553 2518 2933 2580 mortuorum,
2975 2508 3110 2581 quid
3157 2506 3367 2562 facient
3399 2506 3496 2578 qui
3527 2522 3630 2580 per

2029 2603 2413 2658 remissionem
2470 2605 2829 2674 peccatorum
2881 2614 3114 2654 suorum
3166 2595 3525 2668 baptizantur
3567 2595 3629 2650 in

2029 2691 2360 2746 memoriam
2377 2691 2574 2746 mortis
2590 2695 2647 2745 et
2671 2686 3099 2744 resurrectionis
3116 2684 3344 2752 Christi,
3363 2688 3629 2757 putantes

2030 2780 2163 2851 quia
2207 2784 2264 2834 et
2316 2779 2426 2851 ipsi
2467 2775 2841 2834 resurrecturi
2874 2775 3040 2830 sint?
3075 2773 3424 2846 Abnegaturi
3475 2771 3627 2827 enim

339 2859 718 2924 regnaturum
748 2875 971 2932 semper
1006 2879 1134 2917 cum
1159 2863 1348 2928 Patre,
1377 2863 1482 2916 hoc
1514 2868 1600 2917 est
1635 2865 1785 2918 enim
1814 2882 1943 2936 reg-
1961 2855 2006 2914 Β
2027 2873 2161 2921 sunt
2187 2866 2550 2939 baptismum,
2585 2869 2643 2919 et
2673 2862 2949 2918 mutaturi
2984 2861 3180 2927 ﬁdem,
3217 2859 3368 2931 quod
3391 2858 3620 2913 sacrile-

338 2957 474 2995 num
507 2945 732 3000 tradere
762 2948 878 3002 Deo
908 2954 964 3003 et
987 2949 1158 3016 Patri,
1191 2951 1486 3005 ostendere
1519 2951 1705 3023 ipsum
1727 2970 1847 3008 esse
1877 2972 1943 3009 ex
2022 2973 2158 3027 gum
2189 2959 2292 3010 est.
2315 2957 2365 3010 Α
2393 2953 2729 3026 quibusdam
2759 2949 2982 3018 dicitur,
3024 2953 3082 3003 et
3115 2948 3386 3019 scriptum
3415 2946 3625 3019 reperi-

338 3047 448 3100 quo
477 3033 662 3088 omnis
687 3038 999 3106 paternitas
1050 3039 1109 3093 in
1158 3040 1297 3093 coelo
1341 3045 1398 3094 et
1428 3040 1487 3094 in
1509 3044 1666 3096 terra
1691 3042 1942 3098 nomina-
2022 3049 2119 3100 tur
2172 3045 2345 3100 fuisse
2402 3042 2675 3114 quosdam
2718 3039 3029 3111 imperitos,
3080 3037 3177 3109 qui
3205 3036 3624 3108 baptizarentur

334 3121 448 3172 tur.
2021 3149 2123 3204 pro
2146 3133 2234 3187 his
2279 3132 2375 3204 qui
2407 3132 2476 3186 de
2503 3131 2609 3185 hac
2651 3128 2769 3183 vita
2806 3127 2928 3182 sine
2977 3124 3253 3196 baptismo
3289 3126 3622 3196 commigra-

413 3206 496 3264 l6.
525 3211 732 3266 Lupa.
778 3215 916 3271 Cum
950 3218 1267 3272 tradiderit.
1311 3218 1520 3274 Tradet
1563 3219 1817 3276 Christus
1846 3237 1937 3276 re-
2019 3221 2158 3276 bant
2189 3239 2199 3274 :
2233 3226 2497 3294 putantes
2529 3219 2662 3291 quia
2703 3216 2834 3272 talis
2873 3230 3071 3270 eorum
3123 3213 3437 3286 baptismus
3489 3230 3618 3286 pro-

330 3313 530 3366 gnum,
556 3299 614 3354 id
636 3307 740 3368 est,
775 3303 833 3356 in
858 3321 998 3375 quos
1027 3305 1144 3376 ipse
1159 3308 1434 3377 regnavit,
1463 3309 1579 3363 Deo
1608 3310 1666 3362 in
1696 3310 1808 3365 ﬁne
1840 3327 1938 3365 sae-
2018 3311 2179 3365 desse
2213 3314 2401 3383 posset
2423 3309 2511 3363 his
2539 3308 2636 3380 qui
2672 3307 2794 3361 sine
2824 3303 3098 3376 baptismo
3123 3302 3528 3370 moriebantur,
3562 3308 3620 3358 et

333 3387 441 3440 culi
482 3405 611 3443 cum
672 3393 983 3447 ostenderit
1025 3395 1349 3464 Ecclesiam,
1398 3414 1503 3451 sua
1545 3403 1603 3451 et
1648 3415 1936 3455 servorum
2018 3399 2089 3454 ob
2131 3399 2235 3454 hoc
2265 3416 2387 3454 esse
2418 3398 2631 3453 dictum
2664 3413 2676 3450 :
2711 3396 2854 3464 Quid
2881 3396 3091 3463 facient
3119 3396 3220 3462 qui
3253 3393 3618 3462 baptizantur

329 3491 565 3531 suorum
598 3480 996 3550 praedicatione
1025 3484 1096 3538 ad
1126 3485 1305 3539 Deum
1338 3502 1682 3541 conversam.

409 3565 492 3622 l7.
523 3570 772 3623 AUGUST.
800 3573 979 3638 (ibid,
1005 3589 1052 3626 c.
1072 3573 1144 3640 8).
1189 3575 1325 3629 Cum
1343 3577 1706 3642 evacuaverit,
1735 3575 1793 3630 id
1822 3583 1930 3645 est,

325 3660 392 3707 ut
423 3653 550 3726 [al.,
581 3658 717 3728 non]
745 3659 821 3714 sit
851 3677 963 3715 non
1003 3663 1320 3716 necessaria
1345 3660 1689 3735 dispensatio
1732 3665 1934 3721 simili-

324 3741 588 3799 tudinum
609 3763 710 3817 per
728 3749 1008 3820 angelicos
1033 3752 1400 3823 principatus.

400 3831 491 3889 18.
523 3835 731 3891 Lassa.
766 3839 904 3892 Cum
934 3847 1296 3895 evacuaverit.
1334 3842 1434 3896 Vel
1459 3841 1750 3896 evacuabit
1772 3842 1929 3898 Chri-

323 3925 442 3976 stus
471 3922 532 3976 in
561 3925 674 3978 ﬁne
716 3927 902 3981 saeculi
929 3945 1150 3983 omnem
1183 3930 1500 3984 daemonum
1546 3931 1922 4003 principatum

323 4015 380 4064 et
404 4017 768 4082 potestatem.
795 4016 928 4087 quia
947 4018 1096 4072 ultra
1128 4035 1236 4072 non
1272 4019 1558 4074 habebunt
1587 4026 1921 4092 potestatem

323 4102 601 4169 tentandi,
637 4109 692 4158 et
717 4105 776 4159 in
805 4107 1173 4161 tentationem
1200 4108 1502 4163 inducendi
1541 4125 1728 4164 servos
1749 4111 1871 4165 Dei.

2013 3507 2118 3560 pro
2145 3493 2418 3545 mortuis?
2449 3488 2559 3544 Sed
2586 3503 2700 3542 non
2727 3490 2814 3540 est
2835 3482 3178 3539 credendum
3197 3480 3616 3537 abauctoritate

2020 3579 2321 3634 stultorum
2344 3577 2585 3633 voluisse
2603 3574 2936 3647 Apostolum
2965 3571 3225 3645 probare,
3247 3571 3395 3644 quod
3423 3573 3614 3625 tanto-

2020 3685 2155 3739 pere
2174 3668 2323 3740 apud
2348 3667 2622 3739 plurimos
2650 3663 2966 3720 habebatur
2985 3661 3286 3716 incertum.

2075 3756 2146 3810 25
2189 3761 2294 3812 Pro
2321 3759 2577 3810 mortuis.
2609 3755 2720 3809 Pro
2744 3751 3002 3820 mortuis,
3037 3750 3095 3805 id
3133 3754 3237 3815 est,
3267 3748 3429 3821 quasi
3455 3763 3609 3802 mor-

2011 3848 2168 3902 tuus.
2207 3843 2526 3916 Baptismus
2554 3842 2704 3897 enim
2723 3842 2907 3912 ﬁgura
2932 3844 3020 3895 est
3047 3838 3263 3893 mortis.
3291 3835 3444 3892 Nihil
3464 3836 3614 3891 valet

2006 3932 2064 3988 in
2105 3934 2385 4006 baptismo
2443 3933 2624 4003 ﬁgura
2664 3930 2862 3985 mortis
2913 3933 2971 3984 et
3007 3926 3450 3994 resurrectionis,
3496 3925 3610 3981 nisi

2006 4023 2198 4078 futura
2252 4027 2398 4077 esset
2451 4025 2578 4092 post
2635 4024 2875 4073 mortem
2914 4035 3046 4072 vera
3083 4031 3380 4088 corporum
3418 4031 3605 4071 resur-

2005 4113 2196 4167 rectio.
2249 4112 2359 4168 Sed
2407 4126 2520 4165 non
2550 4113 2636 4164 est
2676 4107 2864 4162 inanis
2891 4106 2950 4162 in
2994 4105 3242 4160 Ecclesia
3277 4104 3605 4161 constitutio

397 4189 481 4245 19.
524 4193 700 4247 Donec
731 4201 906 4262 ponat
951 4213 1162 4254 omnes.
1217 4198 1396 4252 Ponet
1439 4198 1695 4254 Christus
1726 4177 2153 4256 omnesCtalis.

322 4277 579 4334 inimicos
599 4298 748 4349 suos,
793 4290 925 4338 ante
956 4284 1102 4339 diem
1122 4286 1321 4356 judicii
1370 4287 1473 4342 sub
1510 4288 1747 4359 pedibus
1779 4289 1914 4357 suis,

321 4367 454 4438 quia
483 4369 625 4424 alios
648 4371 719 4424 ad
750 4373 916 4427 ﬁdem
947 4381 1250 4440 convertet,
1270 4377 1409 4430 alios
1427 4376 1632 4431 inferni
1659 4377 1918 4433 claustris

317 4458 528 4527 tradet,
577 4476 692 4514 non
749 4463 900 4517 ultra
939 4463 1064 4529 sibi,
1116 4465 1198 4519 vel
1227 4465 1401 4520 servis
1449 4466 1912 4521 contradicturos.

315 4545 598 4618 Regnabit
625 4554 813 4605 autem
845 4557 904 4606 et
931 4558 1146 4623 postea,
1179 4556 1277 4609 sed
1305 4555 1376 4609 de
1403 4555 1506 4609 hoc
1528 4559 1782 4627 tempore
1802 4573 1917 4610 am-

317 4635 552 4706 biguum
585 4654 706 4693 esse
730 4646 972 4711 poterat.

378 4723 469 4780 20.
489 4727 794 4783 Novissime
817 4735 1022 4784 autem.
1042 4729 1113 4784 In
1139 4731 1439 4786 novissimo
1469 4731 1558 4786 die
1588 4732 1914 4787 destruetur

311 4829 488 4881 mors,
514 4815 648 4885 quia
689 4833 792 4871 nec
832 4817 1086 4873 homines
1119 4820 1268 4874 ultra
1297 4820 1627 4892 peccabunt,
1658 4837 1762 4876 nec
1799 4822 1913 4876 ulla

309 4917 550 4973 corpora
569 4903 722 4958 ultra
741 4905 1070 4960 morientur.

377 4989 467 5046 21.
493 4994 749 5047 Anausr.
774 4993 869 5061 (lib
905 4996 1176 5050 LXXXIII.
1203 4997 1396 5063 Quaest.
1417 5002 1614 5067 quaest.
1638 4995 1912 5067 69).Tunc

305 5085 418 5151 ipse
437 5082 553 5135 Fili
557 5083 796 5136 us.Mani
805 5083 1010 5138 festum
1037 5091 1122 5140 est
1138 5102 1270 5156 ergo
1291 5086 1392 5140 hoc
1409 5086 1717 5140 secundum
1731 5103 1913 5141 susce-

305 5171 559 5241 ptionem
588 5171 834 5227 hominis
860 5173 1072 5228 dictum
1090 5177 1208 5241 (ib.,
1231 5175 1397 5246 paulo
1427 5174 1616 5245 intra).
1641 5176 1783 5230 Cum
1811 5192 1907 5230 au-

2061 4289 2147 4345 26.
2179 4290 2240 4344 Ut
2273 4289 2410 4358 quid
2437 4291 2487 4341 et
2518 4286 2899 4354 baptizantur.
2925 4280 3307 4353 Item,probat
3333 4279 3594 4348 idem.Si,

2000 4379 2200 4450 inquit,
2255 4375 2466 4431 mortui
2511 4390 2625 4428 non
2679 4375 3001 4443 resurgunt,
3057 4370 3191 4442 quid
3238 4369 3447 4424 facient
3499 4369 3597 4441 qui

1999 4467 2354 4540 baptizantur
2379 4481 2482 4538 pro
2512 4461 2789 4518 mortuis?
2812 4461 2871 4516 id
2901 4466 3008 4528 est,
3039 4460 3181 4515 nihil
3209 4459 3440 4532 prodest
3465 4457 3598 4531 bap-

1998 4557 2176 4623 tizari,
2221 4560 2286 4610 ut
2336 4555 2411 4609 sit
2454 4553 2606 4608 idem
2637 4551 2788 4624 quod
2813 4549 3020 4606 dicitur
3044 4554 3258 4622 postea,
3286 4548 3335 4603 si
3364 4549 3594 4604 omnino

1996 4645 2204 4700 mortui
2227 4661 2339 4698 non
2367 4645 2689 4712 resurgunt,
2704 4645 2770 4695 ut
2789 4639 2926 4711 quid
2952 4638 3435 4710 baptizantur,pro
3454 4637 3590 4696 illis.

1995 4734 2078 4788 vel
2107 4734 2186 4788 ita
2226 4752 2237 4787 :
2295 4733 2342 4786 si
2397 4731 2538 4786 nulli
2568 4729 2779 4784 mortui
2822 4731 3144 4800 resurgunt,
3185 4743 3288 4782 nec
3325 4725 3594 4798 baptizati

1993 4822 2229 4889 mortui;
2285 4826 2342 4876 et
2381 4820 2430 4874 si
2473 4817 2742 4892 baptizati
2771 4816 2982 4872 mortui
3011 4832 3124 4871 non
3172 4819 3496 4888 resurgunt,
3526 4820 3593 4871 ut

1993 4909 2126 4982 quid
2156 4909 2540 4981 baptizantur?
2582 4909 2747 4974 Item,
2785 4906 2834 4960 si
2879 4905 3089 4960 mortui
3126 4920 3240 4960 non
3261 4909 3586 4977 resurgunt,

1993 5004 2058 5054 ut
2086 4998 2220 5070 quid
2248 5002 2306 5053 et
2332 5014 2434 5052 nos
2463 4996 2850 5068 periclitamur
2869 4993 3023 5049 omni
3052 4994 3224 5049 hora?
3252 4993 3308 5047 1d
3338 4999 3444 5059 est,
3476 4993 3591 5048 fru-

1993 5091 2112 5141 stra
2131 5085 2378 5158 patimur
2394 5084 2643 5157 quotidie
2660 5083 2908 5155 pericula
2929 5083 2988 5137 in
3009 5099 3107 5156 spe
3135 5081 3584 5137 resurrectionis.

1995 5177 2157 5243 Item,
2191 5175 2239 5230 si
2284 5174 2496 5230 mortui
2543 5189 2656 5228 non
2693 5177 2998 5242 resurgunt
3025 5171 3160 5242 quid
3191 5170 3331 5224 mihi
3358 5167 3589 5241 prodest

302 5265 420 5313 tem
447 5259 500 5314 ei
536 5260 730 5314 omnia
768 5261 1023 5332 subjecta
1059 5263 1286 5330 fuerint,
1328 5268 1461 5318 tunc
1494 5268 1551 5318 et
1579 5263 1697 5336 ipse
1729 5264 1905 5319 Filius
1987 5267 2135 5337 quod
2163 5264 2406 5337 pugnavi
2427 5267 2625 5318 contra
2644 5260 2854 5317 bestias
2876 5260 3081 5332 Ephesi
3110 5263 3384 5331 quantum
3414 5257 3584 5312 homo

304 5348 589 5418 subjectus
614 5349 724 5403 erit
751 5350 822 5416 ei,
855 5351 951 5422 qui
978 5351 1084 5406 sibi
1109 5352 1347 5423 subjecit
1373 5353 1580 5420 omnia,
1605 5370 1717 5408 non
1746 5354 1906 5425 quasi
1987 5355 2206 5427 potest?
2225 5353 2386 5408 nihil.

303 5437 468 5491 modo
496 5455 607 5493 non
628 5439 712 5494 ita
739 5440 831 5507 sit,
855 5440 953 5494 sed
977 5441 1332 5496 manifestum
1362 5442 1488 5496 erit.

372 5523 462 5582 2'2.
504 5529 750 5582 Avousr.
795 5527 908 5594 (lib.
955 5543 1072 5583 χχιι
1101 5531 1172 5583 De
1203 5533 1351 5583 civit.
1383 5531 1498 5596 Dei,
1530 5547 1578 5585 c.
1618 5528 1705 5598 30,
1736 5535 1778 5584 t.
1808 5530 1896 5600 V.)

2055 5442 2143 5498 27.
2174 5444 2426 5497 Ausaos.
2470 5440 2537 5494 Et
2561 5439 2698 5508 quid
2730 5442 2779 5490 et
2806 5452 2923 5491 nos.
2955 5433 3201 5489 Dicendo
3231 5437 3290 5488 et
3316 5449 3440 5502 nos,
3473 5433 3584 5488 dis-

1994 5532 2168 5586 crevit
2191 5546 2476 5602 personas,
2508 5525 2807 5582 ostendens
2841 5540 2954 5579 non
2981 5522 3281 5580 catholicos
3313 5539 3436 5578 esse
3489 5523 3585 5596 qui

303 5619 366 5668 ut
391 5617 464 5671 sit
487 5615 627 5673 Deus
653 5620 868 5674 omnia.
899 5617 1010 5684 Qui
1059 5617 1207 5675 enim
1245 5618 1397 5675 aliud
1425 5635 1527 5692 per
1563 5620 1899 5693 prophetam
1927 5615 2083 5693 “pro
2113 5619 2350 5676 mortuis
2379 5616 2825 5690 baptizabantur.
