4040 6186
419 338 522 398 211

1407 333 1474 390 Β.
1512 333 1927 389 LANFRANCI
1963 329 2323 388 CANTUAR.
2360 328 2694 385 ARCHIEP.

3578 333 3685 393 212

425 481 596 538 quam
629 462 817 518 habeo
839 462 899 517 in
928 460 1153 517 Christo
1182 460 1314 515 Jesu
1337 458 1579 514 Domino
1609 464 1824 514 nostro.
1856 457 1946 526 28,
1968 454 2058 514 29.
2094 456 2153 511 Si
2187 455 2515 525 (secundum
2540 455 2846 523 hominem)
2876 454 2947 509 ad
2976 453 3184 510 bestias
3198 455 3444 528 pugnavi
3457 455 3681 529 Ephesi,

430 554 564 625 quid
580 553 717 609 mihi
739 551 986 624 prodest,
1017 549 1065 604 si
1092 549 1303 604 mortui
1315 565 1426 603 non
1446 553 1752 618 resurgunt
1766 548 1792 601 ’ἰ
1819 547 2050 620 (ironia)
2083 546 2504 611 Manducemus,
2538 549 2595 598 et
2613 543 2870 599 bibamus
2897 545 2964 615 (si
2981 547 3192 598 mortui
3207 560 3317 598 non
3338 546 3677 612 resurgunt),

428 661 553 701 cras
578 642 729 697 enim
762 640 1094 695 moriemur.
1117 636 1203 692 30.
1228 637 1415 693 Nolite
1434 636 2026 707 seduci,corrumpunt
2047 651 2233 689 mores
2258 634 2433 688 bonos
2452 633 2727 704 colloquia
2756 632 2924 686 mala.
2967 630 3243 702 Evigilate
3262 632 3421 702 justi,
3437 638 3495 687 et
3512 633 3683 688 nolite

435 746 696 804 peccare;
712 729 803 783 31.
825 726 1204 798 ignorantiam
1235 726 1386 781 enim
1414 725 1516 782 Dei
1534 725 1763 796 quidam
1778 723 2006 788 habent,
2020 722 2108 780 32.
2125 723 2198 777 ad
2219 723 2612 787 reverentiam,
2635 722 2711 775 ad
2731 722 3140 786 verecundiam,
3156 720 3309 775 vobis
3330 721 3547 793 loquor.
3574 722 3683 776 Sed

427 821 579 876 dicet
605 817 813 889 aliquis
846 836 857 871 :
891 816 1185 881 Quomodo
1213 819 1519 884 resurgunt
1546 813 1795 868 mortui?
1825 812 2055 876 Qualive
2078 829 2309 885 corpore
2325 810 2587 866 venient?
2621 819 2675 878 (a
2688 812 2869 863 simili
2888 811 3123 864 ostendit
3141 826 3371 878 corpora
3389 811 3683 865 hominum

437 911 787 964 immortalia
804 912 1209 971 resurrectura,
1229 910 1278 958 et
1299 904 1778 971 incorruptibilia,
1797 918 1923 955 cum
1939 904 2280 971 sepeliantur
2295 902 2706 969 corruptibilia.
2720 911 2738 967 )
2750 897 3048 969 Incipiens,
3067 904 3131 952 tu
3147 898 3295 969 quod
3312 898 3556 953 seminas
3574 915 3685 954 non

434 997 764 1062 viviﬁcatur,
782 995 893 1050 nisi
921 995 1078 1066 prius
1104 994 1399 1048 moriatur.
1419 993 1488 1047 Et
1519 992 1669 1063 quod
1691 991 1955 1056 seminas,
1980 1007 2090 1045 non
2123 1006 2326 1061 corpus
2357 988 2501 1059 quod
2524 988 2779 1042 futurum
2793 992 2897 1052 est,
2913 987 3176 1053 seminas,
3201 987 3299 1041 sed
3322 987 3535 1042 nudum
3552 1004 3685 1058 gra-

431 1102 592 1154 num,
614 1091 681 1140 ut
707 1089 846 1157 puta
871 1082 1068 1151 tritici,
1085 1088 1185 1138 aut
1206 1082 1446 1154 alicujus
1473 1087 1824 1136 ceterorum.
1850 1081 2000 1135 Deus
2014 1084 2205 1133 autem
2225 1079 2324 1131 dat
2338 1077 2421 1130 illi
2440 1093 2660 1147 corpus,
2686 1076 2830 1129 sicut
2857 1076 2994 1141 vult,
3016 1073 3103 1131 33.
3121 1080 3177 1129 et
3205 1075 3507 1147 unicuique
3523 1078 3688 1132 semi-

430 1191 569 1231 num
584 1174 876 1247 proprium
900 1190 1120 1244 corpus.
1143 1172 1434 1240 (Induclio)
1462 1169 1551 1236 34,
1576 1169 1663 1227 35.
1687 1171 1814 1224 Non
1839 1169 2022 1224 omnis
2042 1184 2169 1222 caro
2189 1167 2442 1233 (ostendit
2458 1168 2754 1233 dignitates
2766 1180 3059 1232 corporum
3076 1168 3489 1233 resurgentium
3510 1168 3687 1219 diver-

431 1282 520 1320 sas
548 1265 685 1333 fore,
715 1279 819 1333 pro
848 1265 1183 1317 meritorum
1210 1263 1414 1316 scilicet
1441 1262 1656 1313 diversa
1686 1260 1981 1329 qualitate)
1993 1257 2188 1311 eadem
2206 1271 2364 1322 caro;
2395 1254 2489 1309 sed
2509 1255 2620 1308 alia
2634 1253 2859 1324 quidem
2881 1253 3171 1307 hominum
3189 1257 3249 1322 (a
3265 1255 3688 1323 reprobat),alia

433 1369 566 1409 vero
598 1368 884 1424 pecorum,
914 1351 1027 1405 alia
1052 1351 1361 1415 volucrum,
1385 1348 1497 1403 alia
1525 1353 1713 1402 autem
1748 1347 2004 1418 piscium.
2037 1345 2113 1400 Et
2140 1358 2376 1413 corpora
2406 1341 2672 1405 coelestia,
2695 1345 2796 1405 sol,
2826 1345 2983 1405 luna,
3022 1347 3079 1395 et
3110 1357 3346 1411 corpora
3373 1342 3684 1410 terrestria,

432 1445 639 1499 scilicet
658 1447 820 1506 sunt;
850 1441 949 1495 sed
977 1440 1089 1494 alia
1111 1439 1335 1511 quidem
1362 1437 1672 1492 caelestium
1700 1436 1900 1507 gloria,
1933 1436 2043 1489 alia
2073 1440 2265 1489 autem
2293 1432 2668 1486 terrestrium.
2706 1431 2838 1485 Alia
2868 1430 3093 1485 claritas
3121 1431 3277 1497 solis,
3323 1431 3436 1485 alia
3464 1431 3689 1486 claritas

432 1533 601 1598 lunae,
623 1535 680 1586 et
694 1531 807 1585 alia
834 1529 1061 1583 claritas
1081 1528 1391 1581 stellarum.
1419 1526 1594 1580 Stella
1609 1525 1759 1579 enim
1782 1542 1813 1578 a
1837 1525 1999 1579 stella
2015 1524 2202 1578 differt
2222 1525 2279 1577 in
2298 1520 2555 1575 claritate
2575 1523 2875 1587 ;di/I‘erens,
2899 1523 3105 1587 inquit,
3128 1523 3356 1573 claritas
3373 1524 3687 1585 stellarum,

435 1623 570 1692 quia
595 1634 695 1688 per
713 1634 834 1673 eam
859 1619 1044 1683 diﬂ‘ert
1073 1617 1279 1669 stellaa
1304 1617 1481 1698 stella.
1510 1618 1633 1679 επ
1653 1615 1732 1667 Ab
1752 1616 1938 1680 e/I‘eclu
1964 1613 2074 1678 ;sic
2088 1619 2144 1666 et
2164 1612 2500 1667 resurrectio
2515 1613 3095 1674 mortuorum,scilicet
3112 1614 3293 1677 cli/fert
3311 1627 3421 1664 non
3438 1613 3617 1664 solum
3630 1614 3693 1665 in

437 1711 693 1763 claritate
730 1708 1081 1769 meritorum,
1115 1704 1204 1756 sed
1239 1705 1407 1755 etiam
1437 1717 1748 1771 corporum.
1780 1701 1868 1756 36.
1901 1702 2222 1757 Seminatur
2240 1701 2298 1755 in
2321 1701 2697 1771 corruptione,
2732 1702 2792 1752 id
2815 1704 2907 1763 est,
2942 1702 3189 1752 moritur
3220 1704 3269 1752 ct
3296 1701 3564 1767 sepelitur
3579 1715 3694 1753 cor-

433 1797 721 1864 ruptibile,
754 1797 949 1864 surget
974 1791 1034 1846 in
1053 1791 1494 1862 incorruptione,
1514 1793 1955 1859 incorruptibile.
1980 1790 2305 1844 Seminatur
2324 1790 2380 1843 in
2397 1789 2766 1860 ignobilitate,
2783 1790 3020 1855 ignobile
3032 1793 3262 1858 ;surget
3279 1787 3334 1841 in
3356 1787 3556 1858 gloria,
3579 1791 3693 1856 glo-

430 1888 667 1938 riosum.
686 1884 1013 1938 Seminatur
1043 1881 1103 1935 in
1131 1880 1483 1945 inﬁrmitate,
1499 1883 1825 1948 inﬁrmum;
1858 1885 2053 1948 surget
2088 1879 2148 1932 in
2175 1880 2402 1943 virtute,
2440 1879 2599 1945 forte,
2629 1876 2718 1941 37,
2746 1875 2831 1933 38.
2855 1876 3180 1931 Seminatur
3200 1892 3402 1947 corpus
3428 1876 3689 1942 animale,

434 1979 630 2044 surget
684 1989 887 2043 corpus
936 1970 1205 2043 spiritale.
1259 1968 1346 2038 39,
1389 1967 1477 2026 40.
1529 1970 1587 2024 Si
1623 1974 1710 2023 est
1747 1986 1949 2040 corpus
1995 1968 2259 2035 animale,
2297 1977 2383 2022 est
2413 1974 2470 2022 et
2505 1967 2779 2038 spiritale,
2816 1965 2906 2022 4i.
2940 1967 3086 2021 sicut
3132 1967 3404 2037 scriptum
3435 1971 3522 2020 est
3555 1984 3566 2018 :
3600 1964 3691 2023 42.

432 2046 637 2119 Factus
666 2068 753 2117 est
780 2062 997 2134 primus
1026 2062 1194 2115 homo
1222 2060 1403 2114 Adam
1431 2060 1488 2114 in
1518 2059 1768 2114 animam
1798 2060 2098 2125 viventem,
2131 2060 2377 2123 vitalem,
2410 2055 2498 2112 44.
2533 2057 2867 2111 novissimus
2908 2057 3089 2111 Adam
3119 2057 3178 2111 in
3216 2057 3480 2128 spiritum
3522 2056 3693 2110 viviﬁ-

433 2156 677 2207 cantem.
694 2149 783 2207 44.
819 2149 929 2205 Sed
954 2165 1068 2203 non
1096 2148 1254 2221 prius
1308 2147 1458 2219 quod
1503 2147 1757 2219 spiritale
1786 2154 1890 2214 est,
1924 2147 2022 2201 sed
2053 2146 2202 2217 quod
2233 2145 2508 2213 animale;
2551 2146 2754 2200 deinde
2785 2145 2931 2216 quod
2958 2145 3231 2216 spiritale.
3266 2144 3491 2200 Primus
3525 2145 3695 2199 homo

1793 2273 2379 2329 COMMENTARIUS.

504 2419 597 2479 28.
618 2422 683 2478 Si
708 2421 1009 2476 secundum
1032 2394 1330 2486 hominem,
1362 2417 1421 2472 id
1449 2422 1552 2481 est,
1586 2417 1892 2473 secundum
1913 2418 2024 2471 hu-
2043 2415 2212 2477 ΑΙ)Θὶ
2280 2414 2679 2486 incorruptela.
2752 2413 2896 2484 Ergo
2970 2414 3065 2469 isti
3147 2430 3261 2469 non
3333 2413 3703 2487 possidebunt

435 2527 667 2566 manum
679 2510 1107 2582 sensum,quiut
1120 2527 1250 2565 caro
1264 2510 1384 2581 jam
1413 2508 1663 2564 resoluta
1691 2508 2029 2562 reformetur

433 2601 506 2656 ad
533 2601 706 2655 vitam
734 2600 968 2654 minime
988 2599 1183 2654 credit.

503 2690 593 2746 29.
632 2691 834 2745 Laure.
863 2692 930 2744 Si
952 2690 1254 2743 secundum
1282 2689 1582 2753 hominem,
1617 2687 1675 2742 id
1695 2692 1801 2755 est,
1825 2702 2025 2741 secun-

2110 2504 2270 2559 illud.

2181 2591 2266 2646 37.
2326 2593 2554 2649 Ausaos
2632 2593 2964 2649 Seminatur
3007 2608 3203 2662 corpus
3258 2592 3528 2646 animale.
3569 2592 3702 2646 Ani-

2109 2681 2256 2735 male
2285 2697 2486 2752 corpus
2520 2687 2623 2748 est,
2657 2682 2794 2736 dum
2827 2681 2963 2736 cibis
3002 2685 3368 2746 sustentatur,
3418 2687 3484 2736 ut
3520 2682 3697 2747 vivat;

434 2781 570 2836 dum
600 2780 748 2851 quod
801 2779 968 2833 homo
1013 2778 1159 2832 ferre
1200 2782 1400 2849 potest.
1456 2777 1543 2833 Ad
1572 2779 1781 2842 bestias,
1823 2776 1879 2829 id
1917 2779 2019 2841 est,
2105 2769 2418 2840 spirituale,
2457 2787 2584 2825 cum
2625 2772 2767 2826 nihil
2803 2772 3006 2826 horum
3043 2771 3259 2842 indiget
3287 2787 3616 2826 conversum
3642 2771 3701 2826 in

434 2874 631 2926 contra
650 2868 911 2923 bestiales
938 2866 1218 2934 homines,
1253 2866 1457 2937 Ephesi

434 2958 881 3032 disputationum
909 2961 967 3011 et
989 2956 1289 3011 verborum
1312 2955 1677 3026 intelligenda
1696 2960 1805 3011 est.

507 3048 595 3106 30.
627 3049 809 3103 Nolite
836 3047 1036 3101 seduci.
1060 3046 1248 3100 Nolite
1286 3045 1639 3115 acquiescere
1664 3043 1830 3098 malis
1859 3043 2027 3097 collo-

436 3137 583 3210 quiis
611 3134 1072 3208 persuadentium
1097 3134 1251 3189 vobis
1279 3133 1744 3189 resurrectionem
1774 3149 1887 3186 non
1909 3147 2030 3187 esse

435 3227 719 3294 futuram;
753 3225 875 3298 ipsa
910 3224 1062 3279 enim
1110 3224 1260 3278 mala
1305 3223 1584 3294 colloquia
1633 3239 1817 3276 mores
1854 3221 2030 3276 bonos

435 3319 816 3386 corrumpant,
842 3314 989 3385 quod
1020 3313 1227 3368 ibidem
1265 3329 1300 3366 a
1314 3328 1521 3382 genere
1543 3311 1834 3383 probatur.

507 3405 598 3459 31.
630 3405 1019 3472 Ignorantiam
1047 3405 1215 3456 enim.
1239 3402 1413 3466 Quasi
1433 3401 1645 3455 diceret
1678 3418 1690 3454 :
1722 3401 2030 3455 Moneovos

436 3492 670 3564 vigilare
689 3496 747 3546 et
774 3507 887 3545 non
914 3506 1162 3563 peccare,
1188 3507 1259 3545 ne
1286 3489 1584 3545 imitemini
1614 3505 1709 3543 eos
1738 3488 1834 3560 qui
1869 3489 2031 3559 igno-

436 3585 567 3636 rant
594 3581 794 3635 Deum.

2108 2860 2301 2914 vitam.

2181 2948 2269 3004 88.
2302 2949 2511 3006 LANFB.
2544 2950 2870 3005 Seminatur
2899 2966 3093 3021 corpus
3130 2954 3397 3005 animale.
3447 2950 3703 3005 Essentia

2111 3041 2209 3094 illa
2249 3057 2362 3111 qua
2403 3041 2715 3095 humanum
2754 3056 2955 3111 corpus
2993 3040 3319 3109 viviﬁcatur,
3352 3058 3419 3096 ex
3458 3057 3571 3113 qua
3614 3041 3704 3096 sui

2111 3135 2270 3200 parte
2297 3129 2538 3185 vivificat
2567 3134 2623 3185 et
2651 3135 2876 3185 terrena
2903 3131 3136 3201 appetit,
3168 3130 3361 3185 anima
3380 3130 3603 3184 dicitur.
3625 3130 3702 3184 Ex

2112 3235 2224 3289 qua
2248 3225 2438 3274 autem
2467 3219 2553 3273 sui
2575 3225 2754 3290 parte,
2776 3219 2995 3273 ratione
3014 3219 3195 3274 utitur
3221 3224 3280 3274 et
3296 3220 3477 3274 Deum
3497 3219 3697 3290 diligit,

2110 3308 2402 3362 rationalis
2441 3309 2775 3380 appellatur.
2821 3309 2964 3363 Hinc
3004 3308 3244 3363 dicitur:
3279 3309 3602 3363 Seminatur
3643 3308 3703 3363 in

2110 3402 2264 3451 terra
2289 3414 2491 3468 corpus
2518 3398 2781 3463 animale,
2817 3397 2869 3451 id
2909 3403 2995 3452 est
3021 3396 3385 3468 corruptibile
3412 3397 3560 3469 quod
3587 3401 3703 3453 ter-

2114 3503 2252 3541 rena
2278 3486 2596 3558 appetebat,
2630 3492 2823 3558 surget
2841 3504 3043 3559 corpus
3075 3487 3387 3559 spirituale,
3406 3487 3463 3541 id
3493 3492 3599 3556 est,
3615 3504 3705 3541 vo-

2114 3575 2389 3629 luntatem
2419 3576 2650 3647 spiritus
2678 3592 2780 3647 per
2797 3576 2985 3630 omnia
3015 3576 3241 3642 faciens,
3276 3591 3458 3647 neque
3482 3574 3707 3646 spiritui

511 3666 600 3726 32.
621 3669 706 3723 Ad
723 3671 1111 3723 reverentiam.
1134 3668 1221 3723 Ad
1252 3669 1374 3734 hoc,
1409 3667 1612 3738 inquit,
1644 3667 1844 3737 loquor
1871 3663 2026 3719 vobis
2108 3663 2396 3742 resistens.

438 3763 505 3812 ut
530 3756 923 3812 verecundiam
965 3756 1323 3825 habeatis,et
1350 3756 1522 3810 vitam
1557 3760 1797 3811 vestram
1830 3755 1888 3809 in
1911 3748 2092 3809 me-B
2186 3750 2274 3807 39.
2306 3755 2549 3807 AUGUST.
2584 3751 2862 3819 (ibid.).Si
2882 3758 2955 3806 est
2976 3750 3548 3823 corpus.Intelligitur
3575 3768 3709 3823 ergo

440 3846 549 3901 lius
577 3846 894 3916 corrigatis.

513 3934 601 3993 33.
631 3936 881 3990 AMBROS.
936 3935 1001 3989 Et
1032 3937 1337 4005 unicuique
1371 3936 1668 3990 seminum.
1700 3933 2034 4005 Exemplum

442 4024 753 4080 melioratae
781 4024 1227 4091 resurrectionis,
1257 4040 1371 4079 non
1398 4024 1620 4078 amissae
1650 4023 1994 4079 substantiae.

511 4113 603 4170 34.
660 4115 783 4171 Νοη
836 4118 1018 4169 omnis
1065 4131 1212 4168 caro.
1266 4113 1752 4178 Quemadmodum
1798 4130 1863 4166 ex
1920 4128 2036 4167 una

442 4203 699 4275 impensa
744 4204 964 4258 diversa
1015 4204 1385 4277 animantium
1436 4218 1567 4257 caro
1605 4208 1708 4266 est,
1752 4202 1833 4256 ita
1868 4202 2036 4257 unius

445 4293 631 4348 carnis
652 4293 909 4348 homines
928 4293 1134 4348 diversi
1155 4299 1324 4348 erunt
1358 4292 1634 4362 dignitate
1661 4292 1721 4346 in
1749 4308 2035 4346 resurrec-

440 4383 614 4437 tione.

516 4470 864 4528 35.AUGUST.
875 4470 1058 4542 (epist.
1073 4468 1170 4527 146
1189 4473 1263 4525 ad
1275 4471 1526 4537 Consen.)
1538 4471 1681 4525 .Non
1693 4472 1871 4524 omnis
1884 4484 2031 4523 caro.

445 4557 514 4613 In
542 4559 630 4612 his
660 4558 919 4613 omnibus
948 4559 1055 4613 iste
1092 4575 1289 4613 sensus
1332 4565 1419 4613 est
1451 4578 1462 4613 :
1501 4559 1560 4614 Si
1587 4576 1797 4629 genera
1826 4559 2030 4624 carnis,

444 4664 571 4703 cum
596 4648 711 4701 sint
728 4652 935 4702 cuncta
962 4649 1242 4713 mortalia,
1274 4647 1542 4703 differunt
1563 4654 1756 4703 tamen
1775 4650 1925 4703 inter
1952 4665 2030 4714 se,

442 4753 545 4808 pro
571 4736 989 4791 diversitatibus
1031 4736 1434 4805 animantium;
1468 4745 1525 4792 et
1570 4739 1617 4793 si
1647 4754 1880 4810 corpora
1908 4754 2035 4792 cum

445 4825 560 4880 sint
583 4831 783 4879 cuncta
804 4826 996 4879 omnia
1016 4825 1274 4893 visibilia,
1307 4828 1575 4882 dill'erunt
1607 4834 1923 4898 tamen,pro
1957 4827 2036 4880 di-

445 4914 805 4969 versitatibus
817 4914 1253 4971 locorum.Unde
1273 4917 1386 4972 alia
1403 4922 1490 4972 est
1504 4917 1814 4972 C(elestium
1833 4900 2035 4986 gloria

442 5002 556 5057 alia
586 5004 970 5073 terrestrium;
994 5010 1052 5058 et
1078 5007 1125 5059 si
1156 5007 1211 5060 in
1237 5006 1373 5061 locis
1399 5006 1753 5070 sublimibus,
1769 5023 1895 5060 cum
1926 5007 2039 5061 sint

2116 3855 2319 3912 corpus
2347 3842 2590 3896 animale
2611 3841 2720 3895 dici
2741 3840 2922 3894 simile
2953 3840 3168 3894 caeteris
3196 3840 3551 3908 animalibus,
3585 3857 3710 3912 pro-

2117 3934 2244 4000 pter
2295 3930 2493 3984 mortis
2548 3918 2973 3984 dissolutionem
3016 3934 3075 3982 et
3118 3930 3553 4001 corruptionem,
3588 3945 3709 4000 qua:

2118 4018 2369 4089 quotidie
2387 4019 2508 4074 cibo
2525 4019 2796 4085 reficitur,
2820 4025 2876 4072 et
2900 4022 3093 4089 postea
3113 4025 3392 4088 separata,
3407 4017 3710 4073 animantis

2115 4122 2385 4180 compago
2424 4110 2545 4179 [al.,
2577 4108 2867 4181 compage]
2896 4107 3238 4162 dissolvitur.

2188 4196 2276 4256 40.
2328 4200 2529 4254 LANFR-
2578 4199 2643 4254 Si
2691 4204 2765 4253 est
2806 4214 2999 4267 corpus
3027 4200 3294 4254 animale.
3334 4198 3476 4253 Cum
3504 4196 3710 4253 dicitur

2117 4304 2338 4359 corpus,
2372 4288 2584 4341 frustra
2621 4286 2921 4341 adderetur
2942 4285 3204 4350 animale,
3240 4284 3350 4339 nisi
3379 4289 3531 4339 esset
3560 4284 3712 4340 aliud

2121 4400 2325 4456 corpus
2365 4385 2640 4457 spiritale,
2672 4384 2743 4438 ad
2772 4385 2931 4455 cujus
2966 4382 3403 4455 discrepantiam
3425 4385 3716 4436 vocaretur

2118 4473 2379 4528 animale.

2191 4561 2275 4620 41.
2310 4563 2465 4618 Sicut
2486 4566 2775 4632 scriptum.
2797 4563 2968 4616 Deest
2988 4559 3317 4631 assumptio,
3334 4558 3383 4613 si
3410 4563 3496 4614 est
3515 4573 3717 4629 corpus

2117 4652 2377 4717 animale,
2412 4657 2469 4705 et
2487 4652 2631 4705 hanc
2660 4649 2879 4722 probat.

2189 4740 2259 4797 42
2326 4743 2520 4795 Factus
2560 4744 2785 4809 primus
2832 4740 3008 4793 homo.
3045 4737 3256 4792 Habuit
3283 4736 3498 4809 primus
3549 4736 3717 4790 homo

2119 4829 2365 4883 animam
2394 4828 2623 4882 vitalem
2655 4834 2713 4883 et
2737 4827 3109 4899 spiritualem,
3142 4826 3198 4881 id
3231 4831 3334 4889 est,
3358 4825 3714 4888 rationalem,

2119 4918 2425 4971 secundum
2445 4933 2615 4989 quam
2633 4916 2811 4970 Adam
2844 4921 2901 4971 et
2925 4915 3020 4988 qui
3046 4932 3109 4970 ex
3139 4932 3205 4970 eo
3225 4914 3334 4969 orti
3361 4918 3495 4968 sunt
3516 4911 3717 4967 victuri

2120 5010 2300 5061 erant.

436 5098 643 5155 contra
668 5093 934 5161 caelestia,
957 5094 1226 5151 dill‘erunt
1253 5096 1424 5150 etiam
1454 5096 1587 5167 ipsa;
1603 5096 1887 5150 claritates
1910 5095 2033 5164 [al.,
2059 5076 2102 5134 CI
2196 5092 2286 5150 43.
2322 5096 2663 5148 Nouissimas
2694 5092 2893 5149 Adam.
2920 5091 3130 5147 Habuit
3151 5089 3485 5146 novissimus
3511 5086 3712 5151 Adam,

442 5182 568 5254 ipsa
619 5182 992 5255 claritatibus]
1039 5185 1355 5253 luminum;
1388 5202 1501 5240 non
1537 5185 1741 5240 mirum
1773 5191 1859 5239 est
1893 5184 2039 5256 quod

443 5271 502 5326 in
540 5272 952 5327 resurrectione
990 5280 1342 5328 mortuorum
1381 5273 1615 5328 distabit
1648 5274 1828 5344 gloria
1864 5273 2036 5327 mori-

441 5364 650 5414 torum.
1206 5378 1212 5383 '

504 5448 603 5505 .36.
631 5449 835 5502 LANFR.
877 5449 1221 5515 Seminatur,
1255 5455 1358 5504 etc.
1408 5449 1638 5502 Nullum
1676 5447 2038 5519 corruptibile

441 5539 878 5610 incorruptelam
924 5539 1256 5610 possidebit;
1304 5538 1401 5592 sed
1440 5555 1568 5593 caro
1609 5543 1666 5591 et
1702 5538 1950 5607 sanguis,
1980 5537 2037 5590 id

441 5632 548 5696 est,
570 5628 871 5684 carnaliter
886 5628 1134 5684 viventes
1151 5633 1284 5683 sunt
1297 5626 1705 5700 corruptibiles,
1729 5632 1786 5681 et
1800 5642 2037 5697 regnum

2122 5183 2179 5237 id
2203 5188 2307 5246 est,
2332 5182 2608 5247 Christus,
2633 5182 2883 5237 animam
2910 5182 3133 5236 vitalem
3151 5186 3207 5235 et
3224 5177 3596 5251 spiritualem,
3618 5173 3716 5229 sed

2118 5272 2270 5326 illius
2315 5275 2534 5325 tantum
2586 5271 2761 5342 partis
2807 5271 3148 5325 mentionem
3201 5269 3351 5335 facit,
3405 5264 3715 5321 secundum

2119 5377 2288 5431 quam
2310 5360 2429 5431 ipse
2456 5360 2711 5427 Qhristus
2731 5367 2786 5414 et
2812 5360 3125 5413 imitatores
3155 5359 3277 5429 ejus
3305 5356 3484 5426 magis
3515 5351 3715 5407 victuri

2120 5454 2303 5503 erant.
2328 5450 2442 5503 Nec
2481 5450 2584 5502 hoc
2611 5448 2669 5502 in
2699 5448 2901 5502 Genesi
2914 5448 3185 5518 scriptum
3209 5445 3507 5516 reperitur,
3526 5440 3622 5495 sed
3640 5438 3712 5493 ab

2119 5539 2387 5610 Apostolo
2413 5538 2689 5608 superiori
2717 5536 3008 5591 sententiae
3031 5536 3279 5591 additur.

2196 5626 2284 5683 44.
2313 5627 2417 5683 Sed
2442 5642 2554 5680 non
2593 5629 2753 5695 prius
2798 5627 2960 5695 quod,
3011 5624 3070 5679 id
3124 5627 3239 5686 est;
3286 5622 3444 5694 prius
3487 5623 3713 5675 terrena
