  <div class='ocr_page' id='page_1' title='image "/cluster/home/n/w/nwhite01/storage/ocr_20150623/150/hvd.32044054760087/112.png"; bbox 0 0 4040 6186; ppageno 0'>
   <div class='ocr_carea' id='block_1_1' title="bbox 340 271 445 331">
    <p class='ocr_par' dir='ltr' id='par_1_1' title="bbox 340 271 445 331">
     <span class='ocr_line' id='line_1_1' title="bbox 340 271 445 331; baseline 0.019 -3"><span class='ocrx_word' id='word_1_1' title='bbox 340 271 445 331; x_wconf 76' lang='grc'><strong>213</strong></span> 
     </span>
    </p>
   </div>
   <div class='ocr_carea' id='block_1_2' title="bbox 1028 275 2907 337">
    <p class='ocr_par' dir='ltr' id='par_1_2' title="bbox 1028 275 2907 337">
     <span class='ocr_line' id='line_1_2' title="bbox 1028 275 2907 337; baseline 0.001 -7"><span class='ocrx_word' id='word_1_2' title='bbox 1028 276 1106 330; x_wconf 90' lang='grc' dir='ltr'><strong>ΙΝ</strong></span> <span class='ocrx_word' id='word_1_3' title='bbox 1142 276 1209 330; x_wconf 85' lang='grc' dir='ltr'>Ι).</span> <span class='ocrx_word' id='word_1_4' title='bbox 1250 276 1465 332; x_wconf 79' lang='lat' dir='ltr'><strong>PAULI</strong></span> <span class='ocrx_word' id='word_1_5' title='bbox 1504 276 1726 333; x_wconf 89' lang='lat' dir='ltr'><strong>EPIST.</strong></span> <span class='ocrx_word' id='word_1_6' title='bbox 1769 278 2137 337; x_wconf 79' lang='lat' dir='ltr'><strong>COMMENT.</strong></span> <span class='ocrx_word' id='word_1_7' title='bbox 2175 310 2247 322; x_wconf 92' lang='lat'><strong>—</strong></span> <span class='ocrx_word' id='word_1_8' title='bbox 2284 278 2505 335; x_wconf 88' lang='lat' dir='ltr'><strong>EPIST.</strong></span> <span class='ocrx_word' id='word_1_9' title='bbox 2546 278 2572 333; x_wconf 93' lang='grc' dir='ltr'><strong>Ι</strong></span> <span class='ocrx_word' id='word_1_10' title='bbox 2608 276 2705 332; x_wconf 86' lang='lat' dir='ltr'><strong>AD</strong></span> <span class='ocrx_word' id='word_1_11' title='bbox 2743 275 2907 332; x_wconf 87' lang='lat' dir='ltr'><strong>COR.</strong></span> 
     </span>
    </p>
   </div>
   <div class='ocr_carea' id='block_1_3' title="bbox 3497 272 3603 333">
    <p class='ocr_par' dir='ltr' id='par_1_3' title="bbox 3497 272 3603 333">
     <span class='ocr_line' id='line_1_3' title="bbox 3497 272 3603 333; baseline 0 0"><span class='ocrx_word' id='word_1_12' title='bbox 3497 272 3603 333; x_wconf 68' lang='lat'><strong>‘214</strong></span> 
     </span>
    </p>
   </div>
   <div class='ocr_carea' id='block_1_4' title="bbox 340 398 3603 469">
    <p class='ocr_par' dir='ltr' id='par_1_4' title="bbox 340 398 3603 469">
     <span class='ocr_line' id='line_1_4' title="bbox 340 398 3603 469; baseline 0.001 -17"><span class='ocrx_word' id='word_1_13' title='bbox 340 398 410 452; x_wconf 90' lang='lat' dir='ltr'><strong>de</strong></span> <span class='ocrx_word' id='word_1_14' title='bbox 436 404 613 466; x_wconf 87' lang='lat' dir='ltr'><strong>terra,</strong></span> <span class='ocrx_word' id='word_1_15' title='bbox 637 404 898 456; x_wconf 88' lang='lat' dir='ltr'><strong>terrenus</strong></span> <span class='ocrx_word' id='word_1_16' title='bbox 917 421 932 468; x_wconf 67' lang='grc' dir='ltr'>ς</span> <span class='ocrx_word' id='word_1_17' title='bbox 950 400 1228 455; x_wconf 89' lang='lat' dir='ltr'><strong>secundus</strong></span> <span class='ocrx_word' id='word_1_18' title='bbox 1256 401 1424 455; x_wconf 84' lang='lat' dir='ltr'><strong>homo</strong></span> <span class='ocrx_word' id='word_1_19' title='bbox 1453 400 1523 455; x_wconf 89' lang='lat' dir='ltr'><strong>de</strong></span> <span class='ocrx_word' id='word_1_20' title='bbox 1552 402 1709 469; x_wconf 70' lang='lat' dir='ltr'><strong>coelo,</strong></span> <span class='ocrx_word' id='word_1_21' title='bbox 1733 403 1992 460; x_wconf 63' lang='lat' dir='ltr'><strong>celestis.</strong></span> <span class='ocrx_word' id='word_1_22' title='bbox 2014 404 2099 460; x_wconf 84' lang='grc'><strong>45.</strong></span> <span class='ocrx_word' id='word_1_23' title='bbox 2116 404 2309 469; x_wconf 85' lang='lat' dir='ltr'><strong>Qualis</strong></span> <span class='ocrx_word' id='word_1_24' title='bbox 2341 408 2619 468; x_wconf 88' lang='lat' dir='ltr'><strong>terrenus,</strong></span> <span class='ocrx_word' id='word_1_25' title='bbox 2645 401 2789 456; x_wconf 80' lang='lat' dir='ltr'><strong>tales</strong></span> <span class='ocrx_word' id='word_1_26' title='bbox 2815 406 2874 456; x_wconf 91' lang='lat' dir='ltr'><strong>et</strong></span> <span class='ocrx_word' id='word_1_27' title='bbox 2892 400 3123 456; x_wconf 87' lang='lat' dir='ltr'><strong>terreni.</strong></span> <span class='ocrx_word' id='word_1_28' title='bbox 3140 402 3270 457; x_wconf 69' lang='lat' dir='ltr'><strong>Atla</strong></span> <span class='ocrx_word' id='word_1_29' title='bbox 3294 403 3603 456; x_wconf 84' lang='lat' dir='ltr'><strong>imitatores</strong></span> 
     </span>
    </p>
   </div>
   <div class='ocr_carea' id='block_1_5' title="bbox 335 487 3605 562">
    <p class='ocr_par' dir='ltr' id='par_1_5' title="bbox 335 487 3605 562">
     <span class='ocr_line' id='line_1_5' title="bbox 335 487 3605 562; baseline 0.001 -20"><span class='ocrx_word' id='word_1_30' title='bbox 335 491 636 557; x_wconf 77' lang='lat' dir='ltr'><strong>peccando;</strong></span> <span class='ocrx_word' id='word_1_31' title='bbox 666 494 725 543; x_wconf 90' lang='lat' dir='ltr'><strong>et</strong></span> <span class='ocrx_word' id='word_1_32' title='bbox 753 489 936 560; x_wconf 82' lang='lat' dir='ltr'><strong>qualis</strong></span> <span class='ocrx_word' id='word_1_33' title='bbox 963 489 1223 556; x_wconf 75' lang='lat' dir='ltr'><strong>caelestis,</strong></span> <span class='ocrx_word' id='word_1_34' title='bbox 1253 491 1397 544; x_wconf 80' lang='lat' dir='ltr'><strong>tales</strong></span> <span class='ocrx_word' id='word_1_35' title='bbox 1422 496 1480 544; x_wconf 91' lang='lat' dir='ltr'><strong>et</strong></span> <span class='ocrx_word' id='word_1_36' title='bbox 1507 492 1781 562; x_wconf 80' lang='lat' dir='ltr'><strong>caelestes,</strong></span> <span class='ocrx_word' id='word_1_37' title='bbox 1803 494 2011 548; x_wconf 79' lang='lat' dir='ltr'><strong>Christi</strong></span> <span class='ocrx_word' id='word_1_38' title='bbox 2042 496 2368 548; x_wconf 74' lang='lat' dir='ltr'><strong>imitatores.</strong></span> <span class='ocrx_word' id='word_1_39' title='bbox 2399 487 2490 547; x_wconf 77' lang='lat'><strong>46.</strong></span> <span class='ocrx_word' id='word_1_40' title='bbox 2522 490 2720 560; x_wconf 80' lang='lat' dir='ltr'><strong>Igitur,</strong></span> <span class='ocrx_word' id='word_1_41' title='bbox 2754 489 2902 545; x_wconf 83' lang='lat' dir='ltr'>sicut</span> <span class='ocrx_word' id='word_1_42' title='bbox 2923 490 3268 562; x_wconf 82' lang='lat' dir='ltr'><strong>portavimus</strong></span> <span class='ocrx_word' id='word_1_43' title='bbox 3295 489 3605 560; x_wconf 84' lang='lat' dir='ltr'><strong>imaginem</strong></span> 
     </span>
    </p>
   </div>
   <div class='ocr_carea' id='block_1_6' title="bbox 339 575 3600 651">
    <p class='ocr_par' dir='ltr' id='par_1_6' title="bbox 339 575 3600 651">
     <span class='ocr_line' id='line_1_6' title="bbox 339 575 3600 651; baseline 0.002 -21"><span class='ocrx_word' id='word_1_44' title='bbox 339 577 573 642; x_wconf 79' lang='lat' dir='ltr'><strong>terreni,</strong></span> <span class='ocrx_word' id='word_1_45' title='bbox 606 582 896 648; x_wconf 81' lang='lat' dir='ltr'><strong>portemus</strong></span> <span class='ocrx_word' id='word_1_46' title='bbox 927 584 982 633; x_wconf 88' lang='lat' dir='ltr'><strong>et</strong></span> <span class='ocrx_word' id='word_1_47' title='bbox 1021 579 1324 649; x_wconf 81' lang='lat' dir='ltr'><strong>imaginem</strong></span> <span class='ocrx_word' id='word_1_48' title='bbox 1350 580 1609 634; x_wconf 75' lang='lat' dir='ltr'><strong>caelestis.</strong></span> <span class='ocrx_word' id='word_1_49' title='bbox 1651 581 1769 635; x_wconf 88' lang='lat' dir='ltr'><strong>Hoc</strong></span> <span class='ocrx_word' id='word_1_50' title='bbox 1796 585 2007 647; x_wconf 88' lang='lat' dir='ltr'><strong>autem,</strong></span> <span class='ocrx_word' id='word_1_51' title='bbox 2040 588 2103 635; x_wconf 90' lang='lat' dir='ltr'><strong>ut</strong></span> <span class='ocrx_word' id='word_1_52' title='bbox 2143 582 2424 636; x_wconf 76' lang='lat' dir='ltr'><strong>Christum</strong></span> <span class='ocrx_word' id='word_1_53' title='bbox 2455 582 2764 645; x_wconf 87' lang='lat' dir='ltr'><strong>imitemur,</strong></span> <span class='ocrx_word' id='word_1_54' title='bbox 2795 579 2937 644; x_wconf 90' lang='lat' dir='ltr'>dico,</span> <span class='ocrx_word' id='word_1_55' title='bbox 2972 580 3193 647; x_wconf 82' lang='lat' dir='ltr'><strong>fratres,</strong></span> <span class='ocrx_word' id='word_1_56' title='bbox 3226 579 3360 651; x_wconf 90' lang='lat' dir='ltr'><strong>quia</strong></span> <span class='ocrx_word' id='word_1_57' title='bbox 3387 575 3474 645; x_wconf 78' lang='grc'><strong>47,</strong></span> <span class='ocrx_word' id='word_1_58' title='bbox 3508 577 3600 637; x_wconf 80' lang='grc'>48.</span> 
     </span>
    </p>
   </div>
   <div class='ocr_carea' id='block_1_7' title="bbox 340 666 3600 741">
    <p class='ocr_par' dir='ltr' id='par_1_7' title="bbox 340 666 3600 741">
     <span class='ocr_line' id='line_1_7' title="bbox 340 666 3600 741; baseline 0.002 -23"><span class='ocrx_word' id='word_1_59' title='bbox 340 680 473 719; x_wconf 89' lang='lat' dir='ltr'><strong>caro</strong></span> <span class='ocrx_word' id='word_1_60' title='bbox 503 671 562 719; x_wconf 89' lang='lat' dir='ltr'><strong>et</strong></span> <span class='ocrx_word' id='word_1_61' title='bbox 590 666 846 736; x_wconf 80' lang='lat' dir='ltr'><strong>sanguis,</strong></span> <span class='ocrx_word' id='word_1_62' title='bbox 885 670 978 721; x_wconf 88' lang='lat' dir='ltr'><strong>sui</strong></span> <span class='ocrx_word' id='word_1_63' title='bbox 1008 671 1249 736; x_wconf 85' lang='lat' dir='ltr'><strong>corporis</strong></span> <span class='ocrx_word' id='word_1_64' title='bbox 1284 672 1557 737; x_wconf 85' lang='lat' dir='ltr'><strong>appetitui</strong></span> <span class='ocrx_word' id='word_1_65' title='bbox 1583 673 1837 735; x_wconf 81' lang='lat' dir='ltr'><strong>viventes,</strong></span> <span class='ocrx_word' id='word_1_66' title='bbox 1870 687 2110 741; x_wconf 84' lang='lat' dir='ltr'><strong>regnum</strong></span> <span class='ocrx_word' id='word_1_67' title='bbox 2145 670 2247 724; x_wconf 88' lang='lat' dir='ltr'><strong>Dei</strong></span> <span class='ocrx_word' id='word_1_68' title='bbox 2298 668 2584 740; x_wconf 90' lang='lat' dir='ltr'><strong>possidere</strong></span> <span class='ocrx_word' id='word_1_69' title='bbox 2612 684 2726 722; x_wconf 92' lang='lat' dir='ltr'><strong>non</strong></span> <span class='ocrx_word' id='word_1_70' title='bbox 2756 672 2992 739; x_wconf 89' lang='lat' dir='ltr'><strong>possunt</strong></span> <span class='ocrx_word' id='word_1_71' title='bbox 3024 689 3036 737; x_wconf 83' lang='lat'><strong>;</strong></span> <span class='ocrx_word' id='word_1_72' title='bbox 3072 684 3255 740; x_wconf 89' lang='lat' dir='ltr'><strong>neque</strong></span> <span class='ocrx_word' id='word_1_73' title='bbox 3294 669 3600 740; x_wconf 83' lang='lat' dir='ltr'><strong>corruptio,</strong></span> 
     </span>
    </p>
   </div>
   <div class='ocr_carea' id='block_1_8' title="bbox 344 754 3605 830">
    <p class='ocr_par' dir='ltr' id='par_1_8' title="bbox 344 754 3605 830">
     <span class='ocr_line' id='line_1_8' title="bbox 344 754 3605 830; baseline 0.001 -21"><span class='ocrx_word' id='word_1_74' title='bbox 344 758 469 819; x_wconf 74' lang='lat'><strong>83</strong></span> <span class='ocrx_word' id='word_1_75' title='bbox 489 754 928 827; x_wconf 87' lang='lat' dir='ltr'><strong>incorruptelam</strong></span> <span class='ocrx_word' id='word_1_76' title='bbox 953 757 1277 828; x_wconf 89' lang='lat' dir='ltr'><strong>possidebit.</strong></span> <span class='ocrx_word' id='word_1_77' title='bbox 1312 759 1449 814; x_wconf 89' lang='lat' dir='ltr'><strong>Ecce</strong></span> <span class='ocrx_word' id='word_1_78' title='bbox 1463 760 1886 830; x_wconf 88' lang='lat' dir='ltr'><strong>mysterium,id</strong></span> <span class='ocrx_word' id='word_1_79' title='bbox 1903 764 1997 825; x_wconf 88' lang='lat' dir='ltr'><strong>est,</strong></span> <span class='ocrx_word' id='word_1_80' title='bbox 2015 763 2301 825; x_wconf 85' lang='lat' dir='ltr'><strong>secretum,</strong></span> <span class='ocrx_word' id='word_1_81' title='bbox 2325 759 2470 827; x_wconf 86' lang='lat' dir='ltr'><strong>quod</strong></span> <span class='ocrx_word' id='word_1_82' title='bbox 2487 762 2615 812; x_wconf 85' lang='lat' dir='ltr'><strong>ante</strong></span> <span class='ocrx_word' id='word_1_83' title='bbox 2643 759 3031 825; x_wconf 73' lang='lat' dir='ltr'><strong>nesciebamus,</strong></span> <span class='ocrx_word' id='word_1_84' title='bbox 3054 756 3210 813; x_wconf 88' lang='lat' dir='ltr'><strong>vobis</strong></span> <span class='ocrx_word' id='word_1_85' title='bbox 3227 757 3372 814; x_wconf 91' lang='lat' dir='ltr'><strong>dico.</strong></span> <span class='ocrx_word' id='word_1_86' title='bbox 3395 756 3605 813; x_wconf 86' lang='lat' dir='ltr'><strong>Omnes</strong></span> 
     </span>
    </p>
   </div>
   <div class='ocr_carea' id='block_1_9' title="bbox 342 842 3599 916">
    <p class='ocr_par' dir='ltr' id='par_1_9' title="bbox 342 842 3599 916">
     <span class='ocr_line' id='line_1_9' title="bbox 342 842 3599 916; baseline 0.002 -20"><span class='ocrx_word' id='word_1_87' title='bbox 342 842 572 913; x_wconf 87' lang='lat' dir='ltr'><strong>quidem</strong></span> <span class='ocrx_word' id='word_1_88' title='bbox 594 860 977 916; x_wconf 85' lang='lat' dir='ltr'><strong>resurgemus,</strong></span> <span class='ocrx_word' id='word_1_89' title='bbox 1003 845 1091 899; x_wconf 70' lang='lat' dir='ltr'><strong>41L</strong></span> <span class='ocrx_word' id='word_1_90' title='bbox 1123 848 1222 901; x_wconf 88' lang='lat' dir='ltr'><strong>sed</strong></span> <span class='ocrx_word' id='word_1_91' title='bbox 1239 863 1353 902; x_wconf 92' lang='lat' dir='ltr'><strong>non</strong></span> <span class='ocrx_word' id='word_1_92' title='bbox 1382 863 1580 902; x_wconf 90' lang='lat' dir='ltr'><strong>omnes</strong></span> <span class='ocrx_word' id='word_1_93' title='bbox 1598 851 1662 902; x_wconf 87' lang='lat' dir='ltr'><strong>in</strong></span> <span class='ocrx_word' id='word_1_94' title='bbox 1682 850 1881 902; x_wconf 88' lang='lat' dir='ltr'><strong>melius</strong></span> <span class='ocrx_word' id='word_1_95' title='bbox 1900 847 2345 902; x_wconf 89' lang='lat' dir='ltr'><strong>immutabimur.</strong></span> <span class='ocrx_word' id='word_1_96' title='bbox 2371 847 2642 915; x_wconf 80' lang='lat' dir='ltr'><strong>Quomodo</strong></span> <span class='ocrx_word' id='word_1_97' title='bbox 2656 851 2678 899; x_wconf 71' lang='grc' dir='ltr'><em>ν</em></span> <span class='ocrx_word' id='word_1_98' title='bbox 2693 847 2759 901; x_wconf 90' lang='lat' dir='ltr'><strong>In</strong></span> <span class='ocrx_word' id='word_1_99' title='bbox 2779 851 3084 914; x_wconf 90' lang='lat' dir='ltr'><strong>momento,</strong></span> <span class='ocrx_word' id='word_1_100' title='bbox 3110 846 3170 902; x_wconf 91' lang='lat' dir='ltr'><strong>in</strong></span> <span class='ocrx_word' id='word_1_101' title='bbox 3187 847 3305 902; x_wconf 89' lang='lat' dir='ltr'><strong>ictu</strong></span> <span class='ocrx_word' id='word_1_102' title='bbox 3319 847 3487 915; x_wconf 89' lang='lat' dir='ltr'><strong>oculi,</strong></span> <span class='ocrx_word' id='word_1_103' title='bbox 3509 845 3599 903; x_wconf 86' lang='lat'><strong>50.</strong></span> 
     </span>
    </p>
   </div>
   <div class='ocr_carea' id='block_1_10' title="bbox 341 932 3604 1008">
    <p class='ocr_par' dir='ltr' id='par_1_10' title="bbox 341 932 3604 1008">
     <span class='ocr_line' id='line_1_10' title="bbox 341 932 3604 1008; baseline 0.001 -22"><span class='ocrx_word' id='word_1_104' title='bbox 341 932 402 986; x_wconf 90' lang='lat' dir='ltr'><strong>in</strong></span> <span class='ocrx_word' id='word_1_105' title='bbox 425 932 735 987; x_wconf 86' lang='lat' dir='ltr'><strong>novissima</strong></span> <span class='ocrx_word' id='word_1_106' title='bbox 754 932 891 988; x_wconf 91' lang='lat' dir='ltr'><strong>tuba</strong></span> <span class='ocrx_word' id='word_1_107' title='bbox 912 951 1261 1005; x_wconf 84' lang='lat' dir='ltr'><strong>resurgemus</strong></span> <span class='ocrx_word' id='word_1_108' title='bbox 1283 956 1297 1003; x_wconf 92' lang='lat'><strong>;</strong></span> <span class='ocrx_word' id='word_1_109' title='bbox 1329 942 1495 992; x_wconf 83' lang='lat' dir='ltr'><strong>canet</strong></span> <span class='ocrx_word' id='word_1_110' title='bbox 1520 937 1672 991; x_wconf 90' lang='lat' dir='ltr'><strong>enim</strong></span> <span class='ocrx_word' id='word_1_111' title='bbox 1702 935 1839 992; x_wconf 89' lang='lat' dir='ltr'><strong>tuba</strong></span> <span class='ocrx_word' id='word_1_112' title='bbox 1865 936 1952 994; x_wconf 84' lang='lat'><strong>51.</strong></span> <span class='ocrx_word' id='word_1_113' title='bbox 1979 942 2038 992; x_wconf 90' lang='lat' dir='ltr'><strong>et</strong></span> <span class='ocrx_word' id='word_1_114' title='bbox 2053 938 2261 992; x_wconf 85' lang='lat' dir='ltr'><strong>mortui</strong></span> <span class='ocrx_word' id='word_1_115' title='bbox 2280 941 2581 1008; x_wconf 85' lang='lat' dir='ltr'><strong>resurgent</strong></span> <span class='ocrx_word' id='word_1_116' title='bbox 2607 934 2936 1006; x_wconf 84' lang='lat' dir='ltr'><strong>incorrupti,</strong></span> <span class='ocrx_word' id='word_1_117' title='bbox 2955 951 3083 989; x_wconf 90' lang='lat' dir='ltr'><strong>cum</strong></span> <span class='ocrx_word' id='word_1_118' title='bbox 3098 938 3416 1003; x_wconf 73' lang='lat' dir='ltr'><strong>integritate</strong></span> <span class='ocrx_word' id='word_1_119' title='bbox 3435 952 3604 990; x_wconf 83' lang='lat' dir='ltr'><strong>mem-</strong></span> 
     </span>
    </p>
   </div>
   <div class='ocr_carea' id='block_1_11' title="bbox 345 1018 3607 1099">
    <p class='ocr_par' dir='ltr' id='par_1_11' title="bbox 345 1018 3607 1099">
     <span class='ocr_line' id='line_1_11' title="bbox 345 1018 3607 1099; baseline 0.002 -26"><span class='ocrx_word' id='word_1_120' title='bbox 345 1022 610 1089; x_wconf 80' lang='lat' dir='ltr'><strong>brorum;</strong></span> <span class='ocrx_word' id='word_1_121' title='bbox 637 1027 695 1076; x_wconf 92' lang='lat' dir='ltr'><strong>et</strong></span> <span class='ocrx_word' id='word_1_122' title='bbox 711 1039 815 1078; x_wconf 88' lang='lat' dir='ltr'><strong>nos</strong></span> <span class='ocrx_word' id='word_1_123' title='bbox 827 1027 972 1092; x_wconf 84' lang='lat' dir='ltr'><strong>justi</strong></span> <span class='ocrx_word' id='word_1_124' title='bbox 993 1028 1057 1079; x_wconf 90' lang='lat' dir='ltr'><strong>in</strong></span> <span class='ocrx_word' id='word_1_125' title='bbox 1074 1027 1270 1079; x_wconf 85' lang='lat' dir='ltr'><strong>melius</strong></span> <span class='ocrx_word' id='word_1_126' title='bbox 1295 1018 1726 1080; x_wconf 86' lang='lat' dir='ltr'><strong>immutabimur</strong></span> <span class='ocrx_word' id='word_1_127' title='bbox 1742 1026 1797 1094; x_wconf 90' lang='lat' dir='ltr'><strong>(a</strong></span> <span class='ocrx_word' id='word_1_128' title='bbox 1810 1030 2012 1096; x_wconf 87' lang='lat' dir='ltr'><strong>parte.)</strong></span> <span class='ocrx_word' id='word_1_129' title='bbox 2030 1028 2267 1099; x_wconf 88' lang='lat' dir='ltr'><strong>Oportet</strong></span> <span class='ocrx_word' id='word_1_130' title='bbox 2281 1026 2432 1081; x_wconf 89' lang='lat' dir='ltr'><strong>enim</strong></span> <span class='ocrx_word' id='word_1_131' title='bbox 2448 1023 2810 1096; x_wconf 89' lang='lat' dir='ltr'><strong>corruptibile</strong></span> <span class='ocrx_word' id='word_1_132' title='bbox 2824 1024 2931 1079; x_wconf 91' lang='lat' dir='ltr'><strong>hoc</strong></span> <span class='ocrx_word' id='word_1_133' title='bbox 2952 1040 3139 1078; x_wconf 90' lang='lat' dir='ltr'><strong>meum</strong></span> <span class='ocrx_word' id='word_1_134' title='bbox 3158 1040 3352 1093; x_wconf 87' lang='lat' dir='ltr'><strong>corpus</strong></span> <span class='ocrx_word' id='word_1_135' title='bbox 3370 1024 3607 1080; x_wconf 87' lang='lat' dir='ltr'><strong>induere</strong></span> 
     </span>
    </p>
   </div>
   <div class='ocr_carea' id='block_1_12' title="bbox 345 1108 3600 1181">
    <p class='ocr_par' dir='ltr' id='par_1_12' title="bbox 345 1108 3600 1181">
     <span class='ocr_line' id='line_1_12' title="bbox 345 1108 3600 1181; baseline 0.002 -19"><span class='ocrx_word' id='word_1_136' title='bbox 345 1108 847 1180; x_wconf 84' lang='lat' dir='ltr'><strong>incorruptionem,</strong></span> <span class='ocrx_word' id='word_1_137' title='bbox 866 1118 924 1165; x_wconf 84' lang='lat' dir='ltr'><strong>et.</strong></span> <span class='ocrx_word' id='word_1_138' title='bbox 936 1113 1172 1167; x_wconf 83' lang='lat' dir='ltr'><strong>mortale</strong></span> <span class='ocrx_word' id='word_1_139' title='bbox 1191 1114 1296 1168; x_wconf 91' lang='lat' dir='ltr'><strong>hoc</strong></span> <span class='ocrx_word' id='word_1_140' title='bbox 1316 1114 1551 1169; x_wconf 89' lang='lat' dir='ltr'><strong>induere</strong></span> <span class='ocrx_word' id='word_1_141' title='bbox 1569 1114 2224 1171; x_wconf 89' lang='lat' dir='ltr'><strong>immortalitatem.Cum</strong></span> <span class='ocrx_word' id='word_1_142' title='bbox 2243 1120 2435 1170; x_wconf 90' lang='lat' dir='ltr'><strong>autem</strong></span> <span class='ocrx_word' id='word_1_143' title='bbox 2454 1114 2693 1169; x_wconf 89' lang='lat' dir='ltr'><strong>mortale</strong></span> <span class='ocrx_word' id='word_1_144' title='bbox 2710 1114 2817 1168; x_wconf 87' lang='lat' dir='ltr'><strong>hoc</strong></span> <span class='ocrx_word' id='word_1_145' title='bbox 2831 1111 3080 1168; x_wconf 79' lang='lat' dir='ltr'><strong>induerit</strong></span> <span class='ocrx_word' id='word_1_146' title='bbox 3096 1112 3600 1181; x_wconf 82' lang='lat' dir='ltr'><strong>immortalitatem,</strong></span> 
     </span>
    </p>
   </div>
   <div class='ocr_carea' id='block_1_13' title="bbox 346 1199 3607 1277">
    <p class='ocr_par' dir='ltr' id='par_1_13' title="bbox 346 1199 3607 1277">
     <span class='ocr_line' id='line_1_13' title="bbox 346 1199 3607 1277; baseline 0.002 -26"><span class='ocrx_word' id='word_1_147' title='bbox 346 1202 483 1252; x_wconf 89' lang='lat' dir='ltr'><strong>tunc</strong></span> <span class='ocrx_word' id='word_1_148' title='bbox 506 1199 624 1266; x_wconf 84' lang='lat' dir='ltr'><strong>ﬁet,</strong></span> <span class='ocrx_word' id='word_1_149' title='bbox 654 1202 1070 1269; x_wconf 84' lang='lat' dir='ltr'><strong>adimplebitur,</strong></span> <span class='ocrx_word' id='word_1_150' title='bbox 1085 1219 1289 1269; x_wconf 87' lang='lat' dir='ltr'><strong>sermo,</strong></span> <span class='ocrx_word' id='word_1_151' title='bbox 1319 1203 1416 1273; x_wconf 89' lang='lat' dir='ltr'><strong>qui</strong></span> <span class='ocrx_word' id='word_1_152' title='bbox 1434 1204 1675 1275; x_wconf 90' lang='lat' dir='ltr'><strong>scriptus</strong></span> <span class='ocrx_word' id='word_1_153' title='bbox 1693 1209 1799 1268; x_wconf 90' lang='lat' dir='ltr'><strong>est,</strong></span> <span class='ocrx_word' id='word_1_154' title='bbox 1820 1208 1885 1259; x_wconf 88' lang='lat' dir='ltr'><strong>in</strong></span> <span class='ocrx_word' id='word_1_155' title='bbox 1907 1206 2028 1260; x_wconf 86' lang='lat' dir='ltr'><strong>Osee</strong></span> <span class='ocrx_word' id='word_1_156' title='bbox 2051 1204 2184 1261; x_wconf 87' lang='lat' dir='ltr'>XIII</span> <span class='ocrx_word' id='word_1_157' title='bbox 2209 1224 2220 1259; x_wconf 92' lang='lat'><strong>:</strong></span> <span class='ocrx_word' id='word_1_158' title='bbox 2247 1205 2335 1263; x_wconf 73' lang='grc'><strong>52.</strong></span> <span class='ocrx_word' id='word_1_159' title='bbox 2355 1205 2637 1277; x_wconf 86' lang='lat' dir='ltr'><strong>Absorpta</strong></span> <span class='ocrx_word' id='word_1_160' title='bbox 2649 1210 2737 1261; x_wconf 90' lang='lat' dir='ltr'><strong>est</strong></span> <span class='ocrx_word' id='word_1_161' title='bbox 2754 1221 2924 1272; x_wconf 89' lang='lat' dir='ltr'><strong>mors,</strong></span> <span class='ocrx_word' id='word_1_162' title='bbox 2943 1207 3382 1275; x_wconf 78' lang='lat' dir='ltr'><strong>concupiscentia</strong></span> <span class='ocrx_word' id='word_1_163' title='bbox 3397 1206 3607 1273; x_wconf 78' lang='lat' dir='ltr'><strong>peccati</strong></span> 
     </span>
    </p>
   </div>
   <div class='ocr_carea' id='block_1_14' title="bbox 346 1287 3606 1362">
    <p class='ocr_par' dir='ltr' id='par_1_14' title="bbox 346 1287 3606 1362">
     <span class='ocr_line' id='line_1_14' title="bbox 346 1287 3606 1362; baseline 0.002 -22"><span class='ocrx_word' id='word_1_164' title='bbox 346 1287 425 1353; x_wconf 90' lang='lat' dir='ltr'><strong>in,</strong></span> <span class='ocrx_word' id='word_1_165' title='bbox 463 1304 614 1355; x_wconf 87' lang='lat' dir='ltr'><strong>cum,</strong></span> <span class='ocrx_word' id='word_1_166' title='bbox 644 1288 896 1342; x_wconf 83' lang='lat' dir='ltr'><strong>victoria.</strong></span> <span class='ocrx_word' id='word_1_167' title='bbox 931 1288 1015 1346; x_wconf 83' lang='lat'><strong>53.</strong></span> <span class='ocrx_word' id='word_1_168' title='bbox 1052 1290 1155 1345; x_wconf 91' lang='lat' dir='ltr'><strong>Ubi</strong></span> <span class='ocrx_word' id='word_1_169' title='bbox 1181 1297 1287 1358; x_wconf 86' lang='lat' dir='ltr'><strong>est,</strong></span> <span class='ocrx_word' id='word_1_170' title='bbox 1312 1308 1483 1355; x_wconf 82' lang='lat' dir='ltr'><strong>mors,</strong></span> <span class='ocrx_word' id='word_1_171' title='bbox 1508 1292 1739 1346; x_wconf 88' lang='lat' dir='ltr'><strong>victoria</strong></span> <span class='ocrx_word' id='word_1_172' title='bbox 1759 1292 1901 1347; x_wconf 78' lang='lat' dir='ltr'><strong>tua?</strong></span> <span class='ocrx_word' id='word_1_173' title='bbox 1921 1309 2090 1362; x_wconf 87' lang='lat' dir='ltr'><strong>quam</strong></span> <span class='ocrx_word' id='word_1_174' title='bbox 2117 1295 2318 1349; x_wconf 87' lang='lat' dir='ltr'><strong>solebas</strong></span> <span class='ocrx_word' id='word_1_175' title='bbox 2346 1295 2539 1347; x_wconf 83' lang='lat' dir='ltr'><strong>habere</strong></span> <span class='ocrx_word' id='word_1_176' title='bbox 2560 1296 2626 1348; x_wconf 90' lang='lat' dir='ltr'><strong>in</strong></span> <span class='ocrx_word' id='word_1_177' title='bbox 2647 1294 2733 1348; x_wconf 89' lang='lat' dir='ltr'><strong>his</strong></span> <span class='ocrx_word' id='word_1_178' title='bbox 2753 1296 2854 1362; x_wconf 86' lang='lat' dir='ltr'><strong>qui</strong></span> <span class='ocrx_word' id='word_1_179' title='bbox 2884 1292 2991 1347; x_wconf 86' lang='lat' dir='ltr'><strong>tibi</strong></span> <span class='ocrx_word' id='word_1_180' title='bbox 3010 1293 3350 1347; x_wconf 84' lang='lat' dir='ltr'><strong>obedierunt.</strong></span> <span class='ocrx_word' id='word_1_181' title='bbox 3372 1290 3479 1347; x_wconf 91' lang='lat' dir='ltr'><strong>Ubi</strong></span> <span class='ocrx_word' id='word_1_182' title='bbox 3499 1294 3606 1356; x_wconf 88' lang='lat' dir='ltr'><strong>est,</strong></span> 
     </span>
    </p>
   </div>
   <div class='ocr_carea' id='block_1_15' title="bbox 347 1377 3609 1455">
    <p class='ocr_par' dir='ltr' id='par_1_15' title="bbox 347 1377 3609 1455">
     <span class='ocr_line' id='line_1_15' title="bbox 347 1377 3609 1455; baseline 0.002 -27"><span class='ocrx_word' id='word_1_183' title='bbox 347 1391 523 1442; x_wconf 89' lang='lat' dir='ltr'><strong>mors,</strong></span> <span class='ocrx_word' id='word_1_184' title='bbox 558 1377 823 1432; x_wconf 89' lang='lat' dir='ltr'><strong>stimulus</strong></span> <span class='ocrx_word' id='word_1_185' title='bbox 851 1379 1024 1432; x_wconf 80' lang='lat' dir='ltr'><strong>tuus?</strong></span> <span class='ocrx_word' id='word_1_186' title='bbox 1043 1380 1384 1434; x_wconf 84' lang='lat' dir='ltr'><strong>destructum</strong></span> <span class='ocrx_word' id='word_1_187' title='bbox 1408 1380 1600 1448; x_wconf 80' lang='lat' dir='ltr'><strong>est.54,</strong></span> <span class='ocrx_word' id='word_1_188' title='bbox 1620 1381 1706 1435; x_wconf 82' lang='grc'><strong>55.</strong></span> <span class='ocrx_word' id='word_1_189' title='bbox 1733 1382 2008 1439; x_wconf 89' lang='lat' dir='ltr'><strong>Stimulus</strong></span> <span class='ocrx_word' id='word_1_190' title='bbox 2036 1389 2226 1439; x_wconf 91' lang='lat' dir='ltr'><strong>autem</strong></span> <span class='ocrx_word' id='word_1_191' title='bbox 2256 1383 2456 1439; x_wconf 88' lang='lat' dir='ltr'><strong>mortis</strong></span> <span class='ocrx_word' id='word_1_192' title='bbox 2475 1388 2768 1455; x_wconf 88' lang='lat' dir='ltr'><strong>peccatum</strong></span> <span class='ocrx_word' id='word_1_193' title='bbox 2786 1389 2902 1452; x_wconf 88' lang='lat' dir='ltr'><strong>est;</strong></span> <span class='ocrx_word' id='word_1_194' title='bbox 2928 1381 3017 1440; x_wconf 88' lang='grc'><strong>56.</strong></span> <span class='ocrx_word' id='word_1_195' title='bbox 3038 1382 3216 1438; x_wconf 86' lang='lat' dir='ltr'><strong>virtus</strong></span> <span class='ocrx_word' id='word_1_196' title='bbox 3244 1398 3376 1437; x_wconf 90' lang='lat' dir='ltr'><strong>vero</strong></span> <span class='ocrx_word' id='word_1_197' title='bbox 3394 1380 3609 1453; x_wconf 86' lang='lat' dir='ltr'><strong>peccati</strong></span> 
     </span>
    </p>
   </div>
   <div class='ocr_carea' id='block_1_16' title="bbox 345 1465 3613 1543">
    <p class='ocr_par' dir='ltr' id='par_1_16' title="bbox 345 1465 3613 1543">
     <span class='ocr_line' id='line_1_16' title="bbox 345 1465 3613 1543; baseline 0.002 -27"><span class='ocrx_word' id='word_1_198' title='bbox 345 1465 730 1533; x_wconf 79' lang='lat' dir='ltr'><strong>(augmentum</strong></span> <span class='ocrx_word' id='word_1_199' title='bbox 756 1470 977 1533; x_wconf 82' lang='lat' dir='ltr'><strong>peccati,</strong></span> <span class='ocrx_word' id='word_1_200' title='bbox 1009 1471 1144 1536; x_wconf 85' lang='lat' dir='ltr'><strong>quia</strong></span> <span class='ocrx_word' id='word_1_201' title='bbox 1160 1475 1401 1536; x_wconf 82' lang='lat' dir='ltr'><strong>augetur</strong></span> <span class='ocrx_word' id='word_1_202' title='bbox 1420 1474 1704 1538; x_wconf 86' lang='lat' dir='ltr'><strong>peccatum</strong></span> <span class='ocrx_word' id='word_1_203' title='bbox 1737 1487 1836 1539; x_wconf 86' lang='lat' dir='ltr'><strong>per</strong></span> <span class='ocrx_word' id='word_1_204' title='bbox 1851 1476 2366 1539; x_wconf 65' lang='lat' dir='ltr'><strong>pravaricationem</strong></span> <span class='ocrx_word' id='word_1_205' title='bbox 2397 1476 2572 1543; x_wconf 89' lang='lat' dir='ltr'><strong>legis),</strong></span> <span class='ocrx_word' id='word_1_206' title='bbox 2602 1473 2711 1528; x_wconf 86' lang='lat' dir='ltr'><strong>lex.</strong></span> <span class='ocrx_word' id='word_1_207' title='bbox 2742 1474 2857 1528; x_wconf 92' lang='lat' dir='ltr'><strong>Deo</strong></span> <span class='ocrx_word' id='word_1_208' title='bbox 2880 1477 3073 1528; x_wconf 88' lang='lat' dir='ltr'><strong>autem</strong></span> <span class='ocrx_word' id='word_1_209' title='bbox 3089 1471 3323 1543; x_wconf 83' lang='lat' dir='ltr'><strong>gratias,</strong></span> <span class='ocrx_word' id='word_1_210' title='bbox 3341 1470 3439 1542; x_wconf 90' lang='lat' dir='ltr'><strong>qui</strong></span> <span class='ocrx_word' id='word_1_211' title='bbox 3453 1468 3613 1525; x_wconf 91' lang='lat' dir='ltr'><strong>dedit</strong></span> 
     </span>
    </p>
   </div>
   <div class='ocr_carea' id='block_1_17' title="bbox 344 1551 3609 1634">
    <p class='ocr_par' dir='ltr' id='par_1_17' title="bbox 344 1551 3609 1634">
     <span class='ocr_line' id='line_1_17' title="bbox 344 1551 3609 1634; baseline 0.002 -29"><span class='ocrx_word' id='word_1_212' title='bbox 344 1551 509 1606; x_wconf 90' lang='lat' dir='ltr'><strong>nobis</strong></span> <span class='ocrx_word' id='word_1_213' title='bbox 551 1553 844 1608; x_wconf 86' lang='lat' dir='ltr'><strong>victoriam</strong></span> <span class='ocrx_word' id='word_1_214' title='bbox 873 1571 974 1625; x_wconf 91' lang='lat' dir='ltr'><strong>per</strong></span> <span class='ocrx_word' id='word_1_215' title='bbox 1003 1556 1306 1611; x_wconf 89' lang='lat' dir='ltr'><strong>Dominum</strong></span> <span class='ocrx_word' id='word_1_216' title='bbox 1335 1563 1593 1613; x_wconf 88' lang='lat' dir='ltr'><strong>nostrum</strong></span> <span class='ocrx_word' id='word_1_217' title='bbox 1621 1560 1813 1614; x_wconf 90' lang='lat' dir='ltr'><strong>Jesum</strong></span> <span class='ocrx_word' id='word_1_218' title='bbox 1845 1561 2151 1616; x_wconf 89' lang='lat' dir='ltr'><strong>Christum.</strong></span> <span class='ocrx_word' id='word_1_219' title='bbox 2172 1561 2390 1634; x_wconf 89' lang='lat' dir='ltr'><strong>Itaque,</strong></span> <span class='ocrx_word' id='word_1_220' title='bbox 2414 1563 2618 1617; x_wconf 86' lang='lat' dir='ltr'><strong>fratres</strong></span> <span class='ocrx_word' id='word_1_221' title='bbox 2638 1562 2750 1618; x_wconf 90' lang='lat' dir='ltr'><strong>mei</strong></span> <span class='ocrx_word' id='word_1_222' title='bbox 2766 1560 2975 1627; x_wconf 88' lang='lat' dir='ltr'><strong>dilecti,</strong></span> <span class='ocrx_word' id='word_1_223' title='bbox 3002 1563 3137 1630; x_wconf 83' lang='lat' dir='ltr'><strong>quia</strong></span> <span class='ocrx_word' id='word_1_224' title='bbox 3160 1560 3609 1628; x_wconf 85' lang='lat' dir='ltr'><strong>incorruptibiles</strong></span> 
     </span>
    </p>
   </div>
   <div class='ocr_carea' id='block_1_18' title="bbox 344 1643 3609 1723">
    <p class='ocr_par' dir='ltr' id='par_1_18' title="bbox 344 1643 3609 1723">
     <span class='ocr_line' id='line_1_18' title="bbox 344 1643 3609 1723; baseline 0.002 -28"><span class='ocrx_word' id='word_1_225' title='bbox 344 1657 718 1710; x_wconf 82' lang='lat' dir='ltr'><strong>resurgemus,</strong></span> <span class='ocrx_word' id='word_1_226' title='bbox 749 1643 977 1698; x_wconf 87' lang='lat' dir='ltr'><strong>stabiles</strong></span> <span class='ocrx_word' id='word_1_227' title='bbox 1007 1647 1071 1699; x_wconf 89' lang='lat' dir='ltr'><strong>in</strong></span> <span class='ocrx_word' id='word_1_228' title='bbox 1098 1648 1202 1713; x_wconf 79' lang='lat' dir='ltr'><strong>ﬁde</strong></span> <span class='ocrx_word' id='word_1_229' title='bbox 1231 1652 1409 1702; x_wconf 88' lang='lat' dir='ltr'><strong>estote</strong></span> <span class='ocrx_word' id='word_1_230' title='bbox 1437 1647 1842 1715; x_wconf 89' lang='lat' dir='ltr'><strong>etimmobiles,</strong></span> <span class='ocrx_word' id='word_1_231' title='bbox 1860 1649 2212 1706; x_wconf 87' lang='lat' dir='ltr'><strong>abundantes</strong></span> <span class='ocrx_word' id='word_1_232' title='bbox 2229 1651 2290 1705; x_wconf 93' lang='lat' dir='ltr'><strong>in</strong></span> <span class='ocrx_word' id='word_1_233' title='bbox 2319 1667 2487 1723; x_wconf 90' lang='lat' dir='ltr'><strong>opere</strong></span> <span class='ocrx_word' id='word_1_234' title='bbox 2511 1650 2737 1707; x_wconf 90' lang='lat' dir='ltr'><strong>Domini</strong></span> <span class='ocrx_word' id='word_1_235' title='bbox 2752 1666 2995 1722; x_wconf 89' lang='lat' dir='ltr'><strong>semper,</strong></span> <span class='ocrx_word' id='word_1_236' title='bbox 3024 1648 3262 1705; x_wconf 83' lang='lat' dir='ltr'><strong>scientes</strong></span> <span class='ocrx_word' id='word_1_237' title='bbox 3278 1647 3427 1720; x_wconf 91' lang='lat' dir='ltr'><strong>quod</strong></span> <span class='ocrx_word' id='word_1_238' title='bbox 3450 1646 3609 1702; x_wconf 82' lang='lat' dir='ltr'><strong>labor</strong></span> 
     </span>
    </p>
   </div>
   <div class='ocr_carea' id='block_1_19' title="bbox 340 1732 2995 1809">
    <p class='ocr_par' dir='ltr' id='par_1_19' title="bbox 340 1732 2995 1809">
     <span class='ocr_line' id='line_1_19' title="bbox 340 1732 2995 1809; baseline 0.004 -24"><span class='ocrx_word' id='word_1_239' title='bbox 340 1736 531 1787; x_wconf 86' lang='lat' dir='ltr'><strong>vester</strong></span> <span class='ocrx_word' id='word_1_240' title='bbox 555 1748 672 1787; x_wconf 92' lang='lat' dir='ltr'><strong>non</strong></span> <span class='ocrx_word' id='word_1_241' title='bbox 700 1736 788 1787; x_wconf 92' lang='lat' dir='ltr'><strong>est</strong></span> <span class='ocrx_word' id='word_1_242' title='bbox 812 1732 999 1789; x_wconf 87' lang='lat' dir='ltr'><strong>inanis</strong></span> <span class='ocrx_word' id='word_1_243' title='bbox 1023 1734 1084 1789; x_wconf 91' lang='lat' dir='ltr'><strong>in</strong></span> <span class='ocrx_word' id='word_1_244' title='bbox 1109 1735 1348 1791; x_wconf 88' lang='lat' dir='ltr'><strong>Domino</strong></span> <span class='ocrx_word' id='word_1_245' title='bbox 1382 1755 1394 1803; x_wconf 91' lang='lat'><strong>;</strong></span> <span class='ocrx_word' id='word_1_246' title='bbox 1428 1739 1492 1792; x_wconf 86' lang='lat' dir='ltr'><strong>in</strong></span> <span class='ocrx_word' id='word_1_247' title='bbox 1511 1739 1615 1805; x_wconf 84' lang='lat' dir='ltr'><strong>ﬁde</strong></span> <span class='ocrx_word' id='word_1_248' title='bbox 1643 1739 1889 1806; x_wconf 88' lang='lat' dir='ltr'><strong>Domini,</strong></span> <span class='ocrx_word' id='word_1_249' title='bbox 1926 1742 2007 1795; x_wconf 79' lang='lat' dir='ltr'><strong>vel</strong></span> <span class='ocrx_word' id='word_1_250' title='bbox 2038 1742 2103 1794; x_wconf 88' lang='lat' dir='ltr'><strong>in</strong></span> <span class='ocrx_word' id='word_1_251' title='bbox 2134 1742 2620 1809; x_wconf 62' lang='lat' dir='ltr'><strong>pradestinatione</strong></span> <span class='ocrx_word' id='word_1_252' title='bbox 2650 1741 2896 1796; x_wconf 86' lang='lat' dir='ltr'><strong>Domini.</strong></span> <span class='ocrx_word' id='word_1_253' title='bbox 2992 1748 2995 1749; x_wconf 68' lang='lat'><strong><em>&#39;</em></strong></span> 
     </span>
    </p>
   </div>
   <div class='ocr_carea' id='block_1_20' title="bbox 1710 1880 2260 1948">
    <p class='ocr_par' dir='ltr' id='par_1_20' title="bbox 1710 1880 2260 1948">
     <span class='ocr_line' id='line_1_20' title="bbox 1710 1880 2260 1948; baseline 0.005 -13"><span class='ocrx_word' id='word_1_254' title='bbox 1710 1886 1834 1948; x_wconf 72' lang='lat'><strong>84</strong></span> <span class='ocrx_word' id='word_1_255' title='bbox 1861 1880 2095 1938; x_wconf 83' lang='lat' dir='ltr'><strong>CAPUT</strong></span> <span class='ocrx_word' id='word_1_256' title='bbox 2112 1882 2260 1938; x_wconf 85' lang='lat' dir='ltr'><strong>XVI.</strong></span> 
     </span>
    </p>
   </div>
   <div class='ocr_carea' id='block_1_21' title="bbox 417 2017 3617 2093">
    <p class='ocr_par' dir='ltr' id='par_1_21' title="bbox 417 2017 3617 2093">
     <span class='ocr_line' id='line_1_21' title="bbox 417 2017 3617 2093; baseline 0.001 -18"><span class='ocrx_word' id='word_1_257' title='bbox 417 2017 445 2075; x_wconf 85' lang='lat' dir='ltr'><strong>l</strong></span> <span class='ocrx_word' id='word_1_258' title='bbox 458 2061 472 2073; x_wconf 95' lang='lat'><strong>.</strong></span> <span class='ocrx_word' id='word_1_259' title='bbox 504 2018 586 2073; x_wconf 89' lang='lat' dir='ltr'><strong>De</strong></span> <span class='ocrx_word' id='word_1_260' title='bbox 613 2018 861 2075; x_wconf 90' lang='lat' dir='ltr'><strong>collectis</strong></span> <span class='ocrx_word' id='word_1_261' title='bbox 888 2023 1078 2075; x_wconf 89' lang='lat' dir='ltr'><strong>autem</strong></span> <span class='ocrx_word' id='word_1_262' title='bbox 1098 2037 1221 2093; x_wconf 82' lang='lat' dir='ltr'><strong>quae</strong></span> <span class='ocrx_word' id='word_1_263' title='bbox 1242 2022 1388 2079; x_wconf 82' lang='lat' dir='ltr'><strong>ﬁunt</strong></span> <span class='ocrx_word' id='word_1_264' title='bbox 1405 2021 1466 2077; x_wconf 91' lang='lat' dir='ltr'><strong>in</strong></span> <span class='ocrx_word' id='word_1_265' title='bbox 1484 2026 1727 2091; x_wconf 88' lang='lat' dir='ltr'><strong>sanctos,</strong></span> <span class='ocrx_word' id='word_1_266' title='bbox 1758 2023 1907 2079; x_wconf 91' lang='lat' dir='ltr'><strong>sicut</strong></span> <span class='ocrx_word' id='word_1_267' title='bbox 1925 2022 2178 2080; x_wconf 86' lang='lat' dir='ltr'><strong>ordinavi</strong></span> <span class='ocrx_word' id='word_1_268' title='bbox 2193 2022 2453 2081; x_wconf 87' lang='lat' dir='ltr'><strong>Ecclesiis</strong></span> <span class='ocrx_word' id='word_1_269' title='bbox 2476 2022 2731 2092; x_wconf 82' lang='lat' dir='ltr'><strong>Galatiae,</strong></span> <span class='ocrx_word' id='word_1_270' title='bbox 2745 2023 2829 2080; x_wconf 91' lang='lat' dir='ltr'><strong>ita</strong></span> <span class='ocrx_word' id='word_1_271' title='bbox 2839 2027 2897 2080; x_wconf 88' lang='lat' dir='ltr'><strong>et</strong></span> <span class='ocrx_word' id='word_1_272' title='bbox 2918 2038 3015 2079; x_wconf 88' lang='lat' dir='ltr'><strong>vos</strong></span> <span class='ocrx_word' id='word_1_273' title='bbox 3034 2021 3218 2091; x_wconf 88' lang='lat' dir='ltr'><strong>facite,</strong></span> <span class='ocrx_word' id='word_1_274' title='bbox 3237 2019 3348 2077; x_wconf 89' lang='lat' dir='ltr'><strong>Per</strong></span> <span class='ocrx_word' id='word_1_275' title='bbox 3365 2034 3540 2078; x_wconf 83' lang='lat' dir='ltr'><strong>unam</strong></span> <span class='ocrx_word' id='word_1_276' title='bbox 3556 2018 3617 2092; x_wconf 80' lang='lat'><strong>2,</strong></span> 
     </span>
    </p>
   </div>
   <div class='ocr_carea' id='block_1_22' title="bbox 1682 2164 2277 2223">
    <p class='ocr_par' dir='ltr' id='par_1_22' title="bbox 1682 2164 2277 2223">
     <span class='ocr_line' id='line_1_22' title="bbox 1682 2164 2277 2223; baseline 0.005 -3"><span class='ocrx_word' id='word_1_277' title='bbox 1682 2164 2277 2223; x_wconf 85' lang='lat' dir='ltr'><strong>COMMENTARIUS.</strong></span> 
     </span>
    </p>
   </div>
   <div class='ocr_carea' id='block_1_23' title="bbox 345 2285 3617 2361">
    <p class='ocr_par' dir='ltr' id='par_1_23' title="bbox 345 2285 3617 2361">
     <span class='ocr_line' id='line_1_23' title="bbox 345 2285 3617 2361; baseline 0.002 -23"><span class='ocrx_word' id='word_1_278' title='bbox 345 2285 959 2358; x_wconf 86' lang='lat' dir='ltr'><strong>appetentium,postea</strong></span> <span class='ocrx_word' id='word_1_279' title='bbox 970 2287 1080 2342; x_wconf 84' lang='lat' dir='ltr'><strong>fuit</strong></span> <span class='ocrx_word' id='word_1_280' title='bbox 1089 2289 1627 2361; x_wconf 88' lang='lat' dir='ltr'><strong>corpusspiritaliter</strong></span> <span class='ocrx_word' id='word_1_281' title='bbox 1641 2289 1944 2345; x_wconf 88' lang='lat' dir='ltr'><strong>viventium</strong></span> <span class='ocrx_word' id='word_1_282' title='bbox 1960 2294 2013 2353; x_wconf 82' lang='lat' dir='ltr'><strong>A</strong></span> <span class='ocrx_word' id='word_1_283' title='bbox 2035 2296 2225 2346; x_wconf 88' lang='lat' dir='ltr'><strong>autem</strong></span> <span class='ocrx_word' id='word_1_284' title='bbox 2244 2290 2348 2344; x_wconf 92' lang='lat' dir='ltr'><strong>hoc</strong></span> <span class='ocrx_word' id='word_1_285' title='bbox 2362 2289 2754 2346; x_wconf 87' lang='lat' dir='ltr'><strong>testimonium</strong></span> <span class='ocrx_word' id='word_1_286' title='bbox 2772 2288 2835 2345; x_wconf 91' lang='lat' dir='ltr'><strong>in</strong></span> <span class='ocrx_word' id='word_1_287' title='bbox 2850 2288 3062 2345; x_wconf 88' lang='lat' dir='ltr'><strong>usitata</strong></span> <span class='ocrx_word' id='word_1_288' title='bbox 3079 2288 3457 2346; x_wconf 85' lang='lat' dir='ltr'><strong>translatione</strong></span> <span class='ocrx_word' id='word_1_289' title='bbox 3473 2289 3617 2347; x_wconf 88' lang='lat' dir='ltr'><strong>Osee</strong></span> 
     </span>
    </p>
   </div>
   <div class='ocr_carea' id='block_1_24' title="bbox 413 2372 1946 2447">
    <p class='ocr_par' dir='ltr' id='par_1_24' title="bbox 413 2372 1946 2447">
     <span class='ocr_line' id='line_1_24' title="bbox 413 2372 1946 2447; baseline 0.003 -18"><span class='ocrx_word' id='word_1_290' title='bbox 413 2372 507 2429; x_wconf 77' lang='grc'><strong>45.</strong></span> <span class='ocrx_word' id='word_1_291' title='bbox 538 2375 787 2431; x_wconf 75' lang='lat' dir='ltr'><strong>Anaus&#39;r.</strong></span> <span class='ocrx_word' id='word_1_292' title='bbox 823 2376 1003 2447; x_wconf 88' lang='lat' dir='ltr'><strong>(epist.</strong></span> <span class='ocrx_word' id='word_1_293' title='bbox 1048 2375 1153 2433; x_wconf 81' lang='grc'><strong>146</strong></span> <span class='ocrx_word' id='word_1_294' title='bbox 1195 2381 1269 2432; x_wconf 85' lang='lat' dir='ltr'><strong>ad</strong></span> <span class='ocrx_word' id='word_1_295' title='bbox 1308 2379 1579 2445; x_wconf 71' lang='lat' dir='ltr'><strong>Censen).</strong></span> <span class='ocrx_word' id='word_1_296' title='bbox 1609 2381 1800 2447; x_wconf 76' lang='lat' dir='ltr'><strong>Qualis</strong></span> <span class='ocrx_word' id='word_1_297' title='bbox 1830 2386 1946 2434; x_wconf 87' lang='lat' dir='ltr'><strong>ter-</strong></span> 
     </span>
    </p>
   </div>
   <div class='ocr_carea' id='block_1_25' title="bbox 343 2463 1946 2536">
    <p class='ocr_par' dir='ltr' id='par_1_25' title="bbox 343 2463 1946 2536">
     <span class='ocr_line' id='line_1_25' title="bbox 343 2463 1946 2536; baseline 0.004 -20"><span class='ocrx_word' id='word_1_298' title='bbox 343 2478 537 2517; x_wconf 82' lang='lat' dir='ltr'><strong>renus.</strong></span> <span class='ocrx_word' id='word_1_299' title='bbox 570 2463 719 2527; x_wconf 89' lang='lat' dir='ltr'><strong>Quid</strong></span> <span class='ocrx_word' id='word_1_300' title='bbox 744 2469 850 2530; x_wconf 87' lang='lat' dir='ltr'><strong>est,</strong></span> <span class='ocrx_word' id='word_1_301' title='bbox 883 2465 1065 2536; x_wconf 91' lang='lat' dir='ltr'><strong>qualis</strong></span> <span class='ocrx_word' id='word_1_302' title='bbox 1091 2471 1369 2533; x_wconf 89' lang='lat' dir='ltr'><strong>terrenus,</strong></span> <span class='ocrx_word' id='word_1_303' title='bbox 1402 2467 1543 2522; x_wconf 85' lang='lat' dir='ltr'><strong>tales</strong></span> <span class='ocrx_word' id='word_1_304' title='bbox 1570 2467 1804 2536; x_wconf 90' lang='lat' dir='ltr'><strong>terreni,</strong></span> <span class='ocrx_word' id='word_1_305' title='bbox 1836 2467 1946 2522; x_wconf 91' lang='lat' dir='ltr'><strong>nisi</strong></span> 
     </span>
    </p>
   </div>
   <div class='ocr_carea' id='block_1_26' title="bbox 342 2552 1941 2627">
    <p class='ocr_par' dir='ltr' id='par_1_26' title="bbox 342 2552 1941 2627">
     <span class='ocr_line' id='line_1_26' title="bbox 342 2552 1941 2627; baseline 0.003 -21"><span class='ocrx_word' id='word_1_306' title='bbox 342 2552 616 2607; x_wconf 89' lang='lat' dir='ltr'><strong>mortales</strong></span> <span class='ocrx_word' id='word_1_307' title='bbox 647 2569 713 2607; x_wconf 88' lang='lat' dir='ltr'><strong>ex</strong></span> <span class='ocrx_word' id='word_1_308' title='bbox 740 2554 1013 2608; x_wconf 84' lang='lat' dir='ltr'><strong>mortali?</strong></span> <span class='ocrx_word' id='word_1_309' title='bbox 1042 2555 1112 2609; x_wconf 89' lang='lat' dir='ltr'><strong>Et</strong></span> <span class='ocrx_word' id='word_1_310' title='bbox 1152 2554 1281 2626; x_wconf 90' lang='lat' dir='ltr'><strong>quid</strong></span> <span class='ocrx_word' id='word_1_311' title='bbox 1328 2560 1412 2611; x_wconf 90' lang='lat' dir='ltr'><strong>est</strong></span> <span class='ocrx_word' id='word_1_312' title='bbox 1455 2556 1635 2627; x_wconf 88' lang='lat' dir='ltr'><strong>qualis</strong></span> <span class='ocrx_word' id='word_1_313' title='bbox 1681 2557 1941 2625; x_wconf 78' lang='lat' dir='ltr'><strong>caelestis,</strong></span> 
     </span>
    </p>
   </div>
   <div class='ocr_carea' id='block_1_27' title="bbox 341 2641 1945 2716">
    <p class='ocr_par' dir='ltr' id='par_1_27' title="bbox 341 2641 1945 2716">
     <span class='ocr_line' id='line_1_27' title="bbox 341 2641 1945 2716; baseline 0.003 -22"><span class='ocrx_word' id='word_1_314' title='bbox 341 2641 486 2694; x_wconf 84' lang='lat' dir='ltr'><strong>tales</strong></span> <span class='ocrx_word' id='word_1_315' title='bbox 505 2641 783 2708; x_wconf 66' lang='lat' dir='ltr'><strong>caelestes,</strong></span> <span class='ocrx_word' id='word_1_316' title='bbox 799 2642 909 2697; x_wconf 88' lang='lat' dir='ltr'><strong>nisi</strong></span> <span class='ocrx_word' id='word_1_317' title='bbox 929 2643 1278 2699; x_wconf 89' lang='lat' dir='ltr'><strong>immortales</strong></span> <span class='ocrx_word' id='word_1_318' title='bbox 1304 2661 1406 2716; x_wconf 91' lang='lat' dir='ltr'><strong>per</strong></span> <span class='ocrx_word' id='word_1_319' title='bbox 1422 2643 1945 2701; x_wconf 83' lang='lat' dir='ltr'><strong>immortalitatem?</strong></span> 
     </span>
    </p>
   </div>
   <div class='ocr_carea' id='block_1_28' title="bbox 346 2726 952 2805">
    <p class='ocr_par' dir='ltr' id='par_1_28' title="bbox 346 2726 952 2805">
     <span class='ocr_line' id='line_1_28' title="bbox 346 2726 952 2805; baseline 0.01 -24"><span class='ocrx_word' id='word_1_320' title='bbox 346 2726 476 2801; x_wconf 90' lang='lat' dir='ltr'><strong>[al.,</strong></span> <span class='ocrx_word' id='word_1_321' title='bbox 508 2730 887 2785; x_wconf 77' lang='lat' dir='ltr'><strong>immortalem</strong></span> <span class='ocrx_word' id='word_1_322' title='bbox 903 2730 952 2805; x_wconf 93' lang='lat'><strong>.]</strong></span> 
     </span>
    </p>
   </div>
   <div class='ocr_carea' id='block_1_29' title="bbox 413 2817 1950 2890">
    <p class='ocr_par' dir='ltr' id='par_1_29' title="bbox 413 2817 1950 2890">
     <span class='ocr_line' id='line_1_29' title="bbox 413 2817 1950 2890; baseline 0.005 -19"><span class='ocrx_word' id='word_1_323' title='bbox 413 2817 507 2873; x_wconf 75' lang='grc'><strong>46.</strong></span> <span class='ocrx_word' id='word_1_324' title='bbox 540 2819 752 2874; x_wconf 63' lang='lat' dir='ltr'><strong>Luna.</strong></span> <span class='ocrx_word' id='word_1_325' title='bbox 787 2823 975 2889; x_wconf 87' lang='lat' dir='ltr'><strong>Igitur</strong></span> <span class='ocrx_word' id='word_1_326' title='bbox 1002 2824 1145 2876; x_wconf 87' lang='lat' dir='ltr'><strong>sicut</strong></span> <span class='ocrx_word' id='word_1_327' title='bbox 1177 2826 1543 2890; x_wconf 82' lang='lat' dir='ltr'><strong>portavimus,</strong></span> <span class='ocrx_word' id='word_1_328' title='bbox 1574 2823 1633 2877; x_wconf 92' lang='lat' dir='ltr'><strong>id</strong></span> <span class='ocrx_word' id='word_1_329' title='bbox 1662 2828 1769 2888; x_wconf 89' lang='lat' dir='ltr'><strong>est,</strong></span> <span class='ocrx_word' id='word_1_330' title='bbox 1803 2822 1950 2878; x_wconf 89' lang='lat' dir='ltr'><strong>sicut</strong></span> 
     </span>
    </p>
   </div>
   <div class='ocr_carea' id='block_1_30' title="bbox 346 2908 1950 2984">
    <p class='ocr_par' dir='ltr' id='par_1_30' title="bbox 346 2908 1950 2984">
     <span class='ocr_line' id='line_1_30' title="bbox 346 2908 1950 2984; baseline 0.002 -23"><span class='ocrx_word' id='word_1_331' title='bbox 346 2908 603 2979; x_wconf 79' lang='lat' dir='ltr'><strong>exemplo</strong></span> <span class='ocrx_word' id='word_1_332' title='bbox 632 2909 786 2976; x_wconf 62' lang='lat' dir='ltr'><strong>Ade,</strong></span> <span class='ocrx_word' id='word_1_333' title='bbox 817 2915 1045 2964; x_wconf 88' lang='lat' dir='ltr'><strong>terrena</strong></span> <span class='ocrx_word' id='word_1_334' title='bbox 1066 2909 1382 2977; x_wconf 81' lang='lat' dir='ltr'><strong>dileximus,</strong></span> <span class='ocrx_word' id='word_1_335' title='bbox 1402 2911 1483 2966; x_wconf 89' lang='lat' dir='ltr'><strong>ita</strong></span> <span class='ocrx_word' id='word_1_336' title='bbox 1512 2913 1762 2984; x_wconf 84' lang='lat' dir='ltr'><strong>exemplo</strong></span> <span class='ocrx_word' id='word_1_337' title='bbox 1793 2912 1950 2967; x_wconf 88' lang='lat' dir='ltr'><strong>Chri-</strong></span> 
     </span>
    </p>
   </div>
   <div class='ocr_carea' id='block_1_31' title="bbox 346 2995 1074 3069">
    <p class='ocr_par' dir='ltr' id='par_1_31' title="bbox 346 2995 1074 3069">
     <span class='ocr_line' id='line_1_31' title="bbox 346 2995 1074 3069; baseline 0.008 -20"><span class='ocrx_word' id='word_1_338' title='bbox 346 2995 439 3062; x_wconf 85' lang='lat' dir='ltr'><strong>sti,</strong></span> <span class='ocrx_word' id='word_1_339' title='bbox 464 2997 717 3051; x_wconf 81' lang='lat' dir='ltr'><strong>ccelestia</strong></span> <span class='ocrx_word' id='word_1_340' title='bbox 752 2997 1074 3069; x_wconf 85' lang='lat' dir='ltr'><strong>diligamus.</strong></span> 
     </span>
    </p>
   </div>
   <div class='ocr_carea' id='block_1_32' title="bbox 416 3085 1951 3162">
    <p class='ocr_par' dir='ltr' id='par_1_32' title="bbox 416 3085 1951 3162">
     <span class='ocr_line' id='line_1_32' title="bbox 416 3085 1951 3162; baseline 0.005 -23"><span class='ocrx_word' id='word_1_341' title='bbox 416 3085 509 3140; x_wconf 80' lang='grc'>47.</span> <span class='ocrx_word' id='word_1_342' title='bbox 539 3086 679 3140; x_wconf 79' lang='lat' dir='ltr'><strong>Caro</strong></span> <span class='ocrx_word' id='word_1_343' title='bbox 699 3093 747 3140; x_wconf 89' lang='lat' dir='ltr'><strong>et</strong></span> <span class='ocrx_word' id='word_1_344' title='bbox 763 3091 1013 3156; x_wconf 86' lang='lat' dir='ltr'><strong>sanguis.</strong></span> <span class='ocrx_word' id='word_1_345' title='bbox 1039 3090 1183 3144; x_wconf 86' lang='lat' dir='ltr'><strong>Caro</strong></span> <span class='ocrx_word' id='word_1_346' title='bbox 1206 3097 1263 3144; x_wconf 87' lang='lat' dir='ltr'><strong>et</strong></span> <span class='ocrx_word' id='word_1_347' title='bbox 1281 3090 1511 3162; x_wconf 85' lang='lat' dir='ltr'><strong>sanguis</strong></span> <span class='ocrx_word' id='word_1_348' title='bbox 1536 3100 1620 3147; x_wconf 85' lang='lat' dir='ltr'><strong>est</strong></span> <span class='ocrx_word' id='word_1_349' title='bbox 1637 3092 1951 3147; x_wconf 89' lang='lat' dir='ltr'><strong>humanum</strong></span> 
     </span>
    </p>
   </div>
   <div class='ocr_carea' id='block_1_33' title="bbox 343 3175 1944 3251">
    <p class='ocr_par' dir='ltr' id='par_1_33' title="bbox 343 3175 1944 3251">
     <span class='ocr_line' id='line_1_33' title="bbox 343 3175 1944 3251; baseline 0.004 -24"><span class='ocrx_word' id='word_1_350' title='bbox 343 3180 402 3228; x_wconf 88' lang='lat' dir='ltr'><strong>et</strong></span> <span class='ocrx_word' id='word_1_351' title='bbox 430 3175 799 3246; x_wconf 89' lang='lat' dir='ltr'><strong>corruptibile</strong></span> <span class='ocrx_word' id='word_1_352' title='bbox 822 3194 1042 3249; x_wconf 87' lang='lat' dir='ltr'><strong>corpus.</strong></span> <span class='ocrx_word' id='word_1_353' title='bbox 1073 3179 1141 3233; x_wconf 90' lang='lat' dir='ltr'><strong>Et</strong></span> <span class='ocrx_word' id='word_1_354' title='bbox 1168 3185 1253 3234; x_wconf 92' lang='lat' dir='ltr'><strong>est</strong></span> <span class='ocrx_word' id='word_1_355' title='bbox 1279 3197 1495 3248; x_wconf 88' lang='lat' dir='ltr'><strong>sensus,</strong></span> <span class='ocrx_word' id='word_1_356' title='bbox 1512 3182 1607 3251; x_wconf 90' lang='lat' dir='ltr'><strong>qui</strong></span> <span class='ocrx_word' id='word_1_357' title='bbox 1636 3181 1944 3236; x_wconf 90' lang='lat' dir='ltr'><strong>secundum</strong></span> 
     </span>
    </p>
   </div>
   <div class='ocr_carea' id='block_1_34' title="bbox 343 3264 1948 3342">
    <p class='ocr_par' dir='ltr' id='par_1_34' title="bbox 343 3264 1948 3342">
     <span class='ocr_line' id='line_1_34' title="bbox 343 3264 1948 3342; baseline 0.005 -25"><span class='ocrx_word' id='word_1_358' title='bbox 343 3264 662 3335; x_wconf 87' lang='lat' dir='ltr'><strong>appetitum</strong></span> <span class='ocrx_word' id='word_1_359' title='bbox 704 3266 792 3319; x_wconf 90' lang='lat' dir='ltr'><strong>sui</strong></span> <span class='ocrx_word' id='word_1_360' title='bbox 829 3268 1077 3339; x_wconf 90' lang='lat' dir='ltr'><strong>corporis</strong></span> <span class='ocrx_word' id='word_1_361' title='bbox 1104 3269 1326 3336; x_wconf 86' lang='lat' dir='ltr'><strong>vixerit,</strong></span> <span class='ocrx_word' id='word_1_362' title='bbox 1368 3285 1604 3340; x_wconf 78' lang='lat' dir='ltr'><strong>regnum</strong></span> <span class='ocrx_word' id='word_1_363' title='bbox 1641 3269 1744 3325; x_wconf 91' lang='lat' dir='ltr'><strong>Dei</strong></span> <span class='ocrx_word' id='word_1_364' title='bbox 1774 3268 1948 3342; x_wconf 89' lang='lat' dir='ltr'><strong>possi-</strong></span> 
     </span>
    </p>
   </div>
   <div class='ocr_carea' id='block_1_35' title="bbox 341 3352 879 3425">
    <p class='ocr_par' dir='ltr' id='par_1_35' title="bbox 341 3352 879 3425">
     <span class='ocr_line' id='line_1_35' title="bbox 341 3352 879 3425; baseline 0.004 -19"><span class='ocrx_word' id='word_1_365' title='bbox 341 3352 479 3407; x_wconf 86' lang='lat' dir='ltr'><strong>dere</strong></span> <span class='ocrx_word' id='word_1_366' title='bbox 508 3369 624 3407; x_wconf 91' lang='lat' dir='ltr'><strong>non</strong></span> <span class='ocrx_word' id='word_1_367' title='bbox 654 3355 879 3425; x_wconf 89' lang='lat' dir='ltr'><strong>poterit.</strong></span> 
     </span>
    </p>
   </div>
   <div class='ocr_carea' id='block_1_36' title="bbox 410 3440 1948 3521">
    <p class='ocr_par' dir='ltr' id='par_1_36' title="bbox 410 3440 1948 3521">
     <span class='ocr_line' id='line_1_36' title="bbox 410 3440 1948 3521; baseline 0.005 -23"><span class='ocrx_word' id='word_1_368' title='bbox 410 3440 505 3498; x_wconf 78' lang='lat'><strong>48.</strong></span> <span class='ocrx_word' id='word_1_369' title='bbox 538 3444 784 3498; x_wconf 77' lang='lat' dir='ltr'><strong>Ausus&#39;r.</strong></span> <span class='ocrx_word' id='word_1_370' title='bbox 810 3446 1019 3513; x_wconf 67' lang='lat' dir='ltr'><strong>(ibiut).</strong></span> <span class='ocrx_word' id='word_1_371' title='bbox 1066 3446 1205 3501; x_wconf 79' lang='lat' dir='ltr'><strong>Caro</strong></span> <span class='ocrx_word' id='word_1_372' title='bbox 1234 3453 1281 3500; x_wconf 81' lang='lat' dir='ltr'><strong>et</strong></span> <span class='ocrx_word' id='word_1_373' title='bbox 1311 3451 1559 3517; x_wconf 86' lang='lat' dir='ltr'><strong>sanguis.</strong></span> <span class='ocrx_word' id='word_1_374' title='bbox 1593 3449 1661 3503; x_wconf 91' lang='lat' dir='ltr'><strong>Et</strong></span> <span class='ocrx_word' id='word_1_375' title='bbox 1689 3465 1760 3504; x_wconf 88' lang='lat' dir='ltr'><strong>ne</strong></span> <span class='ocrx_word' id='word_1_376' title='bbox 1792 3449 1948 3521; x_wconf 91' lang='lat' dir='ltr'><strong>quis-</strong></span> 
     </span>
    </p>
   </div>
   <div class='ocr_carea' id='block_1_37' title="bbox 344 3532 1952 3603">
    <p class='ocr_par' dir='ltr' id='par_1_37' title="bbox 344 3532 1952 3603">
     <span class='ocr_line' id='line_1_37' title="bbox 344 3532 1952 3603; baseline 0.006 -19"><span class='ocrx_word' id='word_1_377' title='bbox 344 3532 499 3603; x_wconf 85' lang='lat' dir='ltr'><strong>piam</strong></span> <span class='ocrx_word' id='word_1_378' title='bbox 549 3538 780 3603; x_wconf 86' lang='lat' dir='ltr'><strong>putaret</strong></span> <span class='ocrx_word' id='word_1_379' title='bbox 834 3535 1140 3589; x_wconf 89' lang='lat' dir='ltr'><strong>secundum</strong></span> <span class='ocrx_word' id='word_1_380' title='bbox 1187 3535 1559 3591; x_wconf 81' lang='lat' dir='ltr'><strong>substantiam</strong></span> <span class='ocrx_word' id='word_1_381' title='bbox 1616 3538 1800 3593; x_wconf 89' lang='lat' dir='ltr'><strong>carnis</strong></span> <span class='ocrx_word' id='word_1_382' title='bbox 1848 3539 1952 3594; x_wconf 91' lang='lat' dir='ltr'><strong>hoc</strong></span> 
     </span>
    </p>
   </div>
   <div class='ocr_carea' id='block_1_38' title="bbox 2028 2378 3625 2451">
    <p class='ocr_par' dir='ltr' id='par_1_38' title="bbox 2028 2378 3625 2451">
     <span class='ocr_line' id='line_1_38' title="bbox 2028 2378 3625 2451; baseline -0.001 -16"><span class='ocrx_word' id='word_1_383' title='bbox 2028 2380 2108 2435; x_wconf 88' lang='lat' dir='ltr'><strong>sic</strong></span> <span class='ocrx_word' id='word_1_384' title='bbox 2135 2379 2408 2451; x_wconf 88' lang='lat' dir='ltr'><strong>scriptum</strong></span> <span class='ocrx_word' id='word_1_385' title='bbox 2437 2396 2449 2432; x_wconf 89' lang='lat'><strong>:</strong></span> <span class='ocrx_word' id='word_1_386' title='bbox 2502 2380 2610 2433; x_wconf 88' lang='lat' dir='ltr'><strong>Ero</strong></span> <span class='ocrx_word' id='word_1_387' title='bbox 2647 2395 2797 2434; x_wconf 89' lang='lat' dir='ltr'><strong>mors</strong></span> <span class='ocrx_word' id='word_1_388' title='bbox 2849 2384 2964 2446; x_wconf 89' lang='lat' dir='ltr'><strong>tua,</strong></span> <span class='ocrx_word' id='word_1_389' title='bbox 2997 2395 3028 2434; x_wconf 90' lang='lat'><strong><em>0</em></strong></span> <span class='ocrx_word' id='word_1_390' title='bbox 3055 2383 3241 2434; x_wconf 86' lang='lat' dir='ltr'><strong>mors!</strong></span> <span class='ocrx_word' id='word_1_391' title='bbox 3287 2378 3436 2451; x_wconf 91' lang='lat' dir='ltr'><strong>quod</strong></span> <span class='ocrx_word' id='word_1_392' title='bbox 3472 2378 3625 2434; x_wconf 89' lang='lat' dir='ltr'><strong>idem</strong></span> 
     </span>
    </p>
   </div>
   <div class='ocr_carea' id='block_1_39' title="bbox 2026 2466 3624 2540">
    <p class='ocr_par' dir='ltr' id='par_1_39' title="bbox 2026 2466 3624 2540">
     <span class='ocr_line' id='line_1_39' title="bbox 2026 2466 3624 2540; baseline 0.001 -17"><span class='ocrx_word' id='word_1_393' title='bbox 2026 2468 2341 2540; x_wconf 86' lang='lat' dir='ltr'><strong>signiﬁcat;</strong></span> <span class='ocrx_word' id='word_1_394' title='bbox 2386 2468 2507 2539; x_wconf 89' lang='lat' dir='ltr'><strong>ipse</strong></span> <span class='ocrx_word' id='word_1_395' title='bbox 2536 2467 2688 2522; x_wconf 90' lang='lat' dir='ltr'><strong>enim</strong></span> <span class='ocrx_word' id='word_1_396' title='bbox 2714 2467 2902 2535; x_wconf 90' lang='lat' dir='ltr'><strong>vincit,</strong></span> <span class='ocrx_word' id='word_1_397' title='bbox 2938 2467 3036 2540; x_wconf 89' lang='lat' dir='ltr'><strong>qui</strong></span> <span class='ocrx_word' id='word_1_398' title='bbox 3066 2466 3325 2524; x_wconf 82' lang='lat' dir='ltr'><strong>ﬁdelibus</strong></span> <span class='ocrx_word' id='word_1_399' title='bbox 3354 2466 3473 2523; x_wconf 90' lang='lat' dir='ltr'><strong>suis</strong></span> <span class='ocrx_word' id='word_1_400' title='bbox 3499 2467 3624 2524; x_wconf 89' lang='lat' dir='ltr'><strong>vin-</strong></span> 
     </span>
    </p>
   </div>
   <div class='ocr_carea' id='block_1_40' title="bbox 2028 2556 2786 2613">
    <p class='ocr_par' dir='ltr' id='par_1_40' title="bbox 2028 2556 2786 2613">
     <span class='ocr_line' id='line_1_40' title="bbox 2028 2556 2786 2613; baseline -0.003 0"><span class='ocrx_word' id='word_1_401' title='bbox 2028 2558 2189 2613; x_wconf 89' lang='lat' dir='ltr'><strong>cendi</strong></span> <span class='ocrx_word' id='word_1_402' title='bbox 2215 2556 2416 2612; x_wconf 90' lang='lat' dir='ltr'><strong>tribuit</strong></span> <span class='ocrx_word' id='word_1_403' title='bbox 2441 2556 2786 2612; x_wconf 87' lang='lat' dir='ltr'><strong>facultatem.</strong></span> 
     </span>
    </p>
   </div>
   <div class='ocr_carea' id='block_1_41' title="bbox 2098 2644 3628 2714">
    <p class='ocr_par' dir='ltr' id='par_1_41' title="bbox 2098 2644 3628 2714">
     <span class='ocr_line' id='line_1_41' title="bbox 2098 2644 3628 2714; baseline -0.001 -11"><span class='ocrx_word' id='word_1_404' title='bbox 2098 2645 2186 2703; x_wconf 88' lang='lat'><strong>53.</strong></span> <span class='ocrx_word' id='word_1_405' title='bbox 2216 2647 2464 2702; x_wconf 77' lang='lat' dir='ltr'><strong>AMBROS.</strong></span> <span class='ocrx_word' id='word_1_406' title='bbox 2504 2646 2602 2701; x_wconf 86' lang='lat' dir='ltr'><strong>Ubi</strong></span> <span class='ocrx_word' id='word_1_407' title='bbox 2619 2650 2714 2714; x_wconf 86' lang='lat' dir='ltr'><strong>est,</strong></span> <span class='ocrx_word' id='word_1_408' title='bbox 2738 2660 2907 2713; x_wconf 89' lang='lat' dir='ltr'><strong>mors,</strong></span> <span class='ocrx_word' id='word_1_409' title='bbox 2933 2646 3169 2700; x_wconf 76' lang='lat' dir='ltr'><strong>victoria</strong></span> <span class='ocrx_word' id='word_1_410' title='bbox 3188 2650 3286 2701; x_wconf 88' lang='lat' dir='ltr'><strong>tua</strong></span> <span class='ocrx_word' id='word_1_411' title='bbox 3305 2649 3330 2700; x_wconf 72' lang='lat' dir='ltr'><strong>t</strong></span> <span class='ocrx_word' id='word_1_412' title='bbox 3345 2644 3628 2702; x_wconf 86' lang='lat' dir='ltr'><strong>Insultan-</strong></span> 
     </span>
    </p>
   </div>
   <div class='ocr_carea' id='block_1_42' title="bbox 2026 2726 2779 2790">
    <p class='ocr_par' dir='ltr' id='par_1_42' title="bbox 2026 2726 2779 2790">
     <span class='ocr_line' id='line_1_42' title="bbox 2026 2726 2779 2790; baseline -0.001 -1"><span class='ocrx_word' id='word_1_413' title='bbox 2026 2734 2100 2790; x_wconf 90' lang='lat' dir='ltr'><strong>tis</strong></span> <span class='ocrx_word' id='word_1_414' title='bbox 2119 2734 2330 2789; x_wconf 89' lang='lat' dir='ltr'><strong>etenim</strong></span> <span class='ocrx_word' id='word_1_415' title='bbox 2357 2734 2529 2788; x_wconf 89' lang='lat' dir='ltr'><strong>verba</strong></span> <span class='ocrx_word' id='word_1_416' title='bbox 2554 2739 2707 2790; x_wconf 89' lang='lat' dir='ltr'><strong>sunt.</strong></span> <span class='ocrx_word' id='word_1_417' title='bbox 2776 2726 2779 2731; x_wconf 67' lang='grc'><em>’</em></span> 
     </span>
    </p>
   </div>
   <div class='ocr_carea' id='block_1_43' title="bbox 2099 2820 3622 2890">
    <p class='ocr_par' dir='ltr' id='par_1_43' title="bbox 2099 2820 3622 2890">
     <span class='ocr_line' id='line_1_43' title="bbox 2099 2820 3622 2890; baseline 0.001 -15"><span class='ocrx_word' id='word_1_418' title='bbox 2099 2820 2186 2878; x_wconf 77' lang='grc'><strong>54.</strong></span> <span class='ocrx_word' id='word_1_419' title='bbox 2214 2822 2460 2877; x_wconf 75' lang='lat' dir='ltr'><strong>Ancusr.</strong></span> <span class='ocrx_word' id='word_1_420' title='bbox 2491 2820 2614 2888; x_wconf 89' lang='lat' dir='ltr'><strong>(lib.</strong></span> <span class='ocrx_word' id='word_1_421' title='bbox 2664 2835 2727 2878; x_wconf 87' lang='lat' dir='ltr'><strong>m</strong></span> <span class='ocrx_word' id='word_1_422' title='bbox 2770 2822 2845 2876; x_wconf 83' lang='lat' dir='ltr'><strong>De</strong></span> <span class='ocrx_word' id='word_1_423' title='bbox 2880 2836 2997 2890; x_wconf 88' lang='lat' dir='ltr'><strong>pec.</strong></span> <span class='ocrx_word' id='word_1_424' title='bbox 3056 2822 3243 2875; x_wconf 87' lang='lat' dir='ltr'><strong>merit.</strong></span> <span class='ocrx_word' id='word_1_425' title='bbox 3293 2825 3343 2875; x_wconf 89' lang='lat' dir='ltr'><strong>et</strong></span> <span class='ocrx_word' id='word_1_426' title='bbox 3383 2824 3622 2888; x_wconf 88' lang='lat' dir='ltr'><strong>remiss.,</strong></span> 
     </span>
    </p>
   </div>
   <div class='ocr_carea' id='block_1_44' title="bbox 2030 2909 3630 2982">
    <p class='ocr_par' dir='ltr' id='par_1_44' title="bbox 2030 2909 3630 2982">
     <span class='ocr_line' id='line_1_44' title="bbox 2030 2909 3630 2982; baseline -0.001 -17"><span class='ocrx_word' id='word_1_427' title='bbox 2030 2927 2152 2982; x_wconf 88' lang='lat' dir='ltr'><strong>cap.</strong></span> <span class='ocrx_word' id='word_1_428' title='bbox 2172 2909 2262 2975; x_wconf 83' lang='grc'><strong>11,</strong></span> <span class='ocrx_word' id='word_1_429' title='bbox 2290 2915 2428 2964; x_wconf 90' lang='lat' dir='ltr'><strong>tom.</strong></span> <span class='ocrx_word' id='word_1_430' title='bbox 2452 2909 2594 2981; x_wconf 87' lang='lat' dir='ltr'><strong>VII.)</strong></span> <span class='ocrx_word' id='word_1_431' title='bbox 2619 2909 2897 2966; x_wconf 87' lang='lat' dir='ltr'><strong>Stimulus</strong></span> <span class='ocrx_word' id='word_1_432' title='bbox 2924 2912 3142 2964; x_wconf 86' lang='lat' dir='ltr'><strong>mortis.</strong></span> <span class='ocrx_word' id='word_1_433' title='bbox 3158 2909 3280 2975; x_wconf 90' lang='lat' dir='ltr'><strong>Quo</strong></span> <span class='ocrx_word' id='word_1_434' title='bbox 3298 2925 3453 2964; x_wconf 85' lang='lat' dir='ltr'><strong>mors</strong></span> <span class='ocrx_word' id='word_1_435' title='bbox 3479 2909 3630 2965; x_wconf 86' lang='lat' dir='ltr'><strong>facta</strong></span> 
     </span>
    </p>
   </div>
   <div class='ocr_carea' id='block_1_45' title="bbox 2032 2997 3623 3069">
    <p class='ocr_par' dir='ltr' id='par_1_45' title="bbox 2032 2997 3623 3069">
     <span class='ocr_line' id='line_1_45' title="bbox 2032 2997 3623 3069; baseline 0 -16"><span class='ocrx_word' id='word_1_436' title='bbox 2032 3004 2135 3065; x_wconf 90' lang='lat' dir='ltr'><strong>est,</strong></span> <span class='ocrx_word' id='word_1_437' title='bbox 2167 3014 2281 3053; x_wconf 90' lang='lat' dir='ltr'><strong>non</strong></span> <span class='ocrx_word' id='word_1_438' title='bbox 2323 3014 2492 3069; x_wconf 88' lang='lat' dir='ltr'><strong>quem</strong></span> <span class='ocrx_word' id='word_1_439' title='bbox 2521 3013 2674 3053; x_wconf 91' lang='lat' dir='ltr'><strong>mors</strong></span> <span class='ocrx_word' id='word_1_440' title='bbox 2701 2997 2853 3052; x_wconf 89' lang='lat' dir='ltr'><strong>fecit.</strong></span> <span class='ocrx_word' id='word_1_441' title='bbox 2883 2998 3118 3052; x_wconf 88' lang='lat' dir='ltr'><strong>Peccato</strong></span> <span class='ocrx_word' id='word_1_442' title='bbox 3145 2998 3297 3052; x_wconf 89' lang='lat' dir='ltr'><strong>enim</strong></span> <span class='ocrx_word' id='word_1_443' title='bbox 3326 2998 3623 3062; x_wconf 89' lang='lat' dir='ltr'><strong>morimur,</strong></span> 
     </span>
    </p>
   </div>
   <div class='ocr_carea' id='block_1_46' title="bbox 2031 3074 3665 3159">
    <p class='ocr_par' dir='ltr' id='par_1_46' title="bbox 2031 3074 3665 3159">
     <span class='ocr_line' id='line_1_46' title="bbox 2031 3074 3665 3159; baseline 0.001 -17"><span class='ocrx_word' id='word_1_444' title='bbox 2031 3104 2145 3142; x_wconf 92' lang='lat' dir='ltr'><strong>non</strong></span> <span class='ocrx_word' id='word_1_445' title='bbox 2173 3092 2355 3142; x_wconf 88' lang='lat' dir='ltr'><strong>morte</strong></span> <span class='ocrx_word' id='word_1_446' title='bbox 2383 3103 2697 3159; x_wconf 88' lang='lat' dir='ltr'><strong>peccamus.</strong></span> <span class='ocrx_word' id='word_1_447' title='bbox 2731 3085 2822 3142; x_wconf 90' lang='lat' dir='ltr'><strong>Sic</strong></span> <span class='ocrx_word' id='word_1_448' title='bbox 2850 3085 3043 3158; x_wconf 90' lang='lat' dir='ltr'><strong>itaque</strong></span> <span class='ocrx_word' id='word_1_449' title='bbox 3072 3086 3285 3142; x_wconf 90' lang='lat' dir='ltr'><strong>dictum</strong></span> <span class='ocrx_word' id='word_1_450' title='bbox 3310 3092 3397 3142; x_wconf 89' lang='lat' dir='ltr'><strong>est</strong></span> <span class='ocrx_word' id='word_1_451' title='bbox 3432 3104 3444 3140; x_wconf 91' lang='lat'><strong>:</strong></span> <span class='ocrx_word' id='word_1_452' title='bbox 3477 3087 3627 3144; x_wconf 84' lang='lat' dir='ltr'><strong>Acu-</strong></span> <span class='ocrx_word' id='word_1_453' title='bbox 3657 3074 3665 3081; x_wconf 55' lang='grc'><strong>’</strong></span> 
     </span>
    </p>
   </div>
   <div class='ocr_carea' id='block_1_47' title="bbox 2025 3174 3628 3248">
    <p class='ocr_par' dir='ltr' id='par_1_47' title="bbox 2025 3174 3628 3248">
     <span class='ocr_line' id='line_1_47' title="bbox 2025 3174 3628 3248; baseline 0.001 -17"><span class='ocrx_word' id='word_1_454' title='bbox 2025 3177 2149 3232; x_wconf 91' lang='lat' dir='ltr'><strong>leus</strong></span> <span class='ocrx_word' id='word_1_455' title='bbox 2171 3177 2370 3231; x_wconf 91' lang='lat' dir='ltr'><strong>mortis</strong></span> <span class='ocrx_word' id='word_1_456' title='bbox 2399 3176 2677 3248; x_wconf 92' lang='lat' dir='ltr'><strong>quomodo</strong></span> <span class='ocrx_word' id='word_1_457' title='bbox 2696 3174 2916 3246; x_wconf 85' lang='lat' dir='ltr'><strong>lignum</strong></span> <span class='ocrx_word' id='word_1_458' title='bbox 2933 3175 3061 3231; x_wconf 65' lang='lat' dir='ltr'><strong>vitae</strong></span> <span class='ocrx_word' id='word_1_459' title='bbox 3078 3175 3104 3229; x_wconf 86' lang='lat'><strong>?</strong></span> <span class='ocrx_word' id='word_1_460' title='bbox 3121 3176 3246 3232; x_wconf 90' lang='lat' dir='ltr'><strong>Non</strong></span> <span class='ocrx_word' id='word_1_461' title='bbox 3268 3175 3418 3248; x_wconf 92' lang='lat' dir='ltr'><strong>quod</strong></span> <span class='ocrx_word' id='word_1_462' title='bbox 3443 3175 3628 3232; x_wconf 88' lang='lat' dir='ltr'><strong>homi-</strong></span> 
     </span>
    </p>
   </div>
   <div class='ocr_carea' id='block_1_48' title="bbox 2028 3264 3629 3339">
    <p class='ocr_par' dir='ltr' id='par_1_48' title="bbox 2028 3264 3629 3339">
     <span class='ocr_line' id='line_1_48' title="bbox 2028 3264 3629 3339; baseline 0.001 -19"><span class='ocrx_word' id='word_1_463' title='bbox 2028 3266 2118 3321; x_wconf 88' lang='lat' dir='ltr'><strong>nis</strong></span> <span class='ocrx_word' id='word_1_464' title='bbox 2143 3265 2313 3320; x_wconf 88' lang='lat' dir='ltr'><strong>vitam</strong></span> <span class='ocrx_word' id='word_1_465' title='bbox 2347 3264 2468 3339; x_wconf 89' lang='lat' dir='ltr'><strong>[al.,</strong></span> <span class='ocrx_word' id='word_1_466' title='bbox 2520 3265 2656 3337; x_wconf 87' lang='lat' dir='ltr'><strong>vita]</strong></span> <span class='ocrx_word' id='word_1_467' title='bbox 2697 3265 2923 3333; x_wconf 85' lang='lat' dir='ltr'><strong>faceret,</strong></span> <span class='ocrx_word' id='word_1_468' title='bbox 2956 3265 3055 3320; x_wconf 91' lang='lat' dir='ltr'><strong>sed</strong></span> <span class='ocrx_word' id='word_1_469' title='bbox 3084 3281 3194 3338; x_wconf 91' lang='lat' dir='ltr'><strong>quo</strong></span> <span class='ocrx_word' id='word_1_470' title='bbox 3228 3264 3346 3321; x_wconf 89' lang='lat' dir='ltr'><strong>vita</strong></span> <span class='ocrx_word' id='word_1_471' title='bbox 3379 3265 3629 3322; x_wconf 86' lang='lat' dir='ltr'><strong>hominis</strong></span> 
     </span>
    </p>
   </div>
   <div class='ocr_carea' id='block_1_49' title="bbox 2030 3354 3632 3428">
    <p class='ocr_par' dir='ltr' id='par_1_49' title="bbox 2030 3354 3632 3428">
     <span class='ocr_line' id='line_1_49' title="bbox 2030 3354 3632 3428; baseline -0.001 -18"><span class='ocrx_word' id='word_1_472' title='bbox 2030 3355 2210 3410; x_wconf 86' lang='lat' dir='ltr'><strong>fieret.</strong></span> <span class='ocrx_word' id='word_1_473' title='bbox 2244 3356 2314 3410; x_wconf 92' lang='lat' dir='ltr'><strong>Et</strong></span> <span class='ocrx_word' id='word_1_474' title='bbox 2338 3354 2618 3426; x_wconf 89' lang='lat' dir='ltr'><strong>quomodo</strong></span> <span class='ocrx_word' id='word_1_475' title='bbox 2644 3354 2862 3425; x_wconf 90' lang='lat' dir='ltr'><strong>lignum</strong></span> <span class='ocrx_word' id='word_1_476' title='bbox 2882 3354 3149 3423; x_wconf 71' lang='lat' dir='ltr'><strong>scientiae,</strong></span> <span class='ocrx_word' id='word_1_477' title='bbox 3163 3371 3266 3427; x_wconf 90' lang='lat' dir='ltr'><strong>per</strong></span> <span class='ocrx_word' id='word_1_478' title='bbox 3280 3354 3431 3428; x_wconf 90' lang='lat' dir='ltr'><strong>quod</strong></span> <span class='ocrx_word' id='word_1_479' title='bbox 3454 3354 3632 3410; x_wconf 89' lang='lat' dir='ltr'><strong>scien-</strong></span> 
     </span>
    </p>
   </div>
   <div class='ocr_carea' id='block_1_50' title="bbox 2028 3442 3629 3515">
    <p class='ocr_par' dir='ltr' id='par_1_50' title="bbox 2028 3442 3629 3515">
     <span class='ocr_line' id='line_1_50' title="bbox 2028 3442 3629 3515; baseline 0.001 -18"><span class='ocrx_word' id='word_1_480' title='bbox 2028 3443 2111 3498; x_wconf 92' lang='lat' dir='ltr'><strong>tia</strong></span> <span class='ocrx_word' id='word_1_481' title='bbox 2153 3444 2315 3499; x_wconf 87' lang='lat' dir='ltr'><strong>ﬁeret</strong></span> <span class='ocrx_word' id='word_1_482' title='bbox 2342 3442 2606 3510; x_wconf 88' lang='lat' dir='ltr'><strong>hominis,</strong></span> <span class='ocrx_word' id='word_1_483' title='bbox 2639 3459 2754 3499; x_wconf 93' lang='lat' dir='ltr'><strong>non</strong></span> <span class='ocrx_word' id='word_1_484' title='bbox 2801 3443 2950 3515; x_wconf 91' lang='lat' dir='ltr'><strong>quod</strong></span> <span class='ocrx_word' id='word_1_485' title='bbox 3000 3459 3103 3515; x_wconf 92' lang='lat' dir='ltr'><strong>per</strong></span> <span class='ocrx_word' id='word_1_486' title='bbox 3142 3460 3306 3499; x_wconf 91' lang='lat' dir='ltr'><strong>suam</strong></span> <span class='ocrx_word' id='word_1_487' title='bbox 3333 3442 3629 3500; x_wconf 87' lang='lat' dir='ltr'><strong>scientiam</strong></span> 
     </span>
    </p>
   </div>
   <div class='ocr_carea' id='block_1_51' title="bbox 2032 3533 2455 3588">
    <p class='ocr_par' dir='ltr' id='par_1_51' title="bbox 2032 3533 2455 3588">
     <span class='ocr_line' id='line_1_51' title="bbox 2032 3533 2455 3588; baseline -0.005 0"><span class='ocrx_word' id='word_1_488' title='bbox 2032 3533 2229 3588; x_wconf 84' lang='lat' dir='ltr'><strong>fecerit</strong></span> <span class='ocrx_word' id='word_1_489' title='bbox 2266 3533 2455 3587; x_wconf 90' lang='lat' dir='ltr'><strong>homo.</strong></span> 
     </span>
    </p>
   </div>
   <div class='ocr_carea' id='block_1_52' title="bbox 343 3619 3631 3715">
    <p class='ocr_par' dir='ltr' id='par_1_52' title="bbox 343 3619 3631 3715">
     <span class='ocr_line' id='line_1_52' title="bbox 343 3619 3631 3715; baseline 0.002 -41"><span class='ocrx_word' id='word_1_490' title='bbox 343 3622 679 3692; x_wconf 83' lang='lat' dir='ltr'><strong>Apostolum</strong></span> <span class='ocrx_word' id='word_1_491' title='bbox 710 3622 999 3689; x_wconf 83' lang='lat' dir='ltr'><strong>difﬁnisse,</strong></span> <span class='ocrx_word' id='word_1_492' title='bbox 1040 3626 1263 3696; x_wconf 86' lang='lat' dir='ltr'><strong>aperuit</strong></span> <span class='ocrx_word' id='word_1_493' title='bbox 1304 3626 1437 3695; x_wconf 92' lang='lat' dir='ltr'><strong>quid</strong></span> <span class='ocrx_word' id='word_1_494' title='bbox 1466 3627 1677 3681; x_wconf 86' lang='lat' dir='ltr'><strong>diceret</strong></span> <span class='ocrx_word' id='word_1_495' title='bbox 1717 3627 2013 3715; x_wconf 83' lang='lat' dir='ltr'><strong>subjun-B</strong></span> <span class='ocrx_word' id='word_1_496' title='bbox 2106 3622 2193 3678; x_wconf 85' lang='lat'><strong>55.</strong></span> <span class='ocrx_word' id='word_1_497' title='bbox 2214 3623 2425 3677; x_wconf 58' lang='lat' dir='ltr'><strong>Lara.</strong></span> <span class='ocrx_word' id='word_1_498' title='bbox 2448 3621 2726 3677; x_wconf 84' lang='lat' dir='ltr'><strong>Stimulus</strong></span> <span class='ocrx_word' id='word_1_499' title='bbox 2746 3622 2962 3715; x_wconf 81' lang='lat' dir='ltr'><strong>mortis.</strong></span> <span class='ocrx_word' id='word_1_500' title='bbox 2986 3619 3195 3676; x_wconf 86' lang='lat' dir='ltr'><strong>Probat</strong></span> <span class='ocrx_word' id='word_1_501' title='bbox 3213 3619 3412 3676; x_wconf 90' lang='lat' dir='ltr'><strong>mortis</strong></span> <span class='ocrx_word' id='word_1_502' title='bbox 3432 3620 3631 3679; x_wconf 88' lang='lat' dir='ltr'><strong>stimu-</strong></span> 
     </span>
    </p>
   </div>
   <div class='ocr_carea' id='block_1_53' title="bbox 344 3708 3637 3786">
    <p class='ocr_par' dir='ltr' id='par_1_53' title="bbox 344 3708 3637 3786">
     <span class='ocr_line' id='line_1_53' title="bbox 344 3708 3637 3786; baseline 0.002 -23"><span class='ocrx_word' id='word_1_503' title='bbox 344 3710 552 3779; x_wconf 87' lang='lat' dir='ltr'><strong>gendo,</strong></span> <span class='ocrx_word' id='word_1_504' title='bbox 587 3727 771 3782; x_wconf 88' lang='lat' dir='ltr'><strong>neque</strong></span> <span class='ocrx_word' id='word_1_505' title='bbox 791 3713 1074 3783; x_wconf 88' lang='lat' dir='ltr'><strong>corruptio</strong></span> <span class='ocrx_word' id='word_1_506' title='bbox 1098 3714 1533 3785; x_wconf 86' lang='lat' dir='ltr'><strong>incorruptelam</strong></span> <span class='ocrx_word' id='word_1_507' title='bbox 1557 3717 1679 3786; x_wconf 88' lang='lat' dir='ltr'><strong>[al.,</strong></span> <span class='ocrx_word' id='word_1_508' title='bbox 1704 3708 2010 3771; x_wconf 62' lang='lat' dir='ltr'><strong>incorru--</strong></span> <span class='ocrx_word' id='word_1_509' title='bbox 2032 3710 2150 3765; x_wconf 86' lang='lat' dir='ltr'><strong>lum</strong></span> <span class='ocrx_word' id='word_1_510' title='bbox 2179 3727 2300 3765; x_wconf 83' lang='lat' dir='ltr'><strong>esse</strong></span> <span class='ocrx_word' id='word_1_511' title='bbox 2320 3711 2689 3765; x_wconf 70' lang='lat' dir='ltr'><strong>destructum.</strong></span> <span class='ocrx_word' id='word_1_512' title='bbox 2717 3708 3009 3777; x_wconf 76' lang='lat' dir='ltr'><strong>StimuluS,</strong></span> <span class='ocrx_word' id='word_1_513' title='bbox 3045 3710 3249 3781; x_wconf 81' lang='lat' dir='ltr'><strong>inquit,</strong></span> <span class='ocrx_word' id='word_1_514' title='bbox 3280 3710 3480 3765; x_wconf 69' lang='lat' dir='ltr'><strong>mortis</strong></span> <span class='ocrx_word' id='word_1_515' title='bbox 3509 3726 3637 3782; x_wconf 83' lang='lat' dir='ltr'><strong>pec-</strong></span> 
     </span>
    </p>
   </div>
   <div class='ocr_carea' id='block_1_54' title="bbox 345 3798 1007 3872">
    <p class='ocr_par' dir='ltr' id='par_1_54' title="bbox 345 3798 1007 3872">
     <span class='ocr_line' id='line_1_54' title="bbox 345 3798 1007 3872; baseline 0.003 -19"><span class='ocrx_word' id='word_1_516' title='bbox 345 3798 651 3872; x_wconf 87' lang='lat' dir='ltr'><strong>ptionem.]</strong></span> <span class='ocrx_word' id='word_1_517' title='bbox 678 3800 1007 3871; x_wconf 89' lang='lat' dir='ltr'><strong>possidebit.</strong></span> 
     </span>
    </p>
   </div>
   <div class='ocr_carea' id='block_1_55' title="bbox 420 3888 1955 3958">
    <p class='ocr_par' dir='ltr' id='par_1_55' title="bbox 420 3888 1955 3958">
     <span class='ocr_line' id='line_1_55' title="bbox 420 3888 1955 3958; baseline 0.001 -14"><span class='ocrx_word' id='word_1_518' title='bbox 420 3888 514 3944; x_wconf 62' lang='lat'><strong>49.</strong></span> <span class='ocrx_word' id='word_1_519' title='bbox 551 3888 710 3958; x_wconf 84' lang='lat' dir='ltr'><strong>(ibid)</strong></span> <span class='ocrx_word' id='word_1_520' title='bbox 754 3889 860 3945; x_wconf 84' lang='lat' dir='ltr'><strong>Sed</strong></span> <span class='ocrx_word' id='word_1_521' title='bbox 902 3908 1014 3945; x_wconf 87' lang='lat' dir='ltr'><strong>non</strong></span> <span class='ocrx_word' id='word_1_522' title='bbox 1055 3907 1240 3945; x_wconf 84' lang='lat' dir='ltr'><strong>omnes</strong></span> <span class='ocrx_word' id='word_1_523' title='bbox 1284 3894 1735 3947; x_wconf 87' lang='lat' dir='ltr'><strong>immutabimur.</strong></span> <span class='ocrx_word' id='word_1_524' title='bbox 1797 3891 1955 3946; x_wconf 89' lang='lat' dir='ltr'><strong>Hanc</strong></span> 
     </span>
    </p>
   </div>
   <div class='ocr_carea' id='block_1_56' title="bbox 347 3978 1954 4037">
    <p class='ocr_par' dir='ltr' id='par_1_56' title="bbox 347 3978 1954 4037">
     <span class='ocr_line' id='line_1_56' title="bbox 347 3978 1954 4037; baseline 0.004 -7"><span class='ocrx_word' id='word_1_525' title='bbox 347 3978 807 4032; x_wconf 84' lang='lat' dir='ltr'><strong>immutationem</strong></span> <span class='ocrx_word' id='word_1_526' title='bbox 864 3984 1055 4033; x_wconf 91' lang='lat' dir='ltr'><strong>utrum</strong></span> <span class='ocrx_word' id='word_1_527' title='bbox 1110 3979 1169 4033; x_wconf 92' lang='lat' dir='ltr'><strong>in</strong></span> <span class='ocrx_word' id='word_1_528' title='bbox 1230 3980 1431 4035; x_wconf 90' lang='lat' dir='ltr'><strong>melius</strong></span> <span class='ocrx_word' id='word_1_529' title='bbox 1487 3999 1560 4036; x_wconf 91' lang='lat' dir='ltr'><strong>an</strong></span> <span class='ocrx_word' id='word_1_530' title='bbox 1596 3982 1656 4036; x_wconf 88' lang='lat' dir='ltr'><strong>in</strong></span> <span class='ocrx_word' id='word_1_531' title='bbox 1706 3981 1954 4037; x_wconf 87' lang='lat' dir='ltr'><strong>deterius</strong></span> 
     </span>
    </p>
   </div>
   <div class='ocr_carea' id='block_1_57' title="bbox 354 4067 1604 4138">
    <p class='ocr_par' dir='ltr' id='par_1_57' title="bbox 354 4067 1604 4138">
     <span class='ocr_line' id='line_1_57' title="bbox 354 4067 1604 4138; baseline 0.003 -19"><span class='ocrx_word' id='word_1_532' title='bbox 354 4067 594 4138; x_wconf 85' lang='lat' dir='ltr'><strong>intelligi</strong></span> <span class='ocrx_word' id='word_1_533' title='bbox 626 4067 882 4133; x_wconf 87' lang='lat' dir='ltr'><strong>voluerit,</strong></span> <span class='ocrx_word' id='word_1_534' title='bbox 910 4067 1177 4124; x_wconf 84' lang='lat' dir='ltr'><strong>inferiora</strong></span> <span class='ocrx_word' id='word_1_535' title='bbox 1194 4069 1604 4124; x_wconf 85' lang='lat' dir='ltr'><strong>demonstrant.</strong></span> 
     </span>
    </p>
   </div>
   <div class='ocr_carea' id='block_1_58' title="bbox 424 4156 1953 4223">
    <p class='ocr_par' dir='ltr' id='par_1_58' title="bbox 424 4156 1953 4223">
     <span class='ocr_line' id='line_1_58' title="bbox 424 4156 1953 4223; baseline 0.003 -13"><span class='ocrx_word' id='word_1_536' title='bbox 424 4156 514 4211; x_wconf 87' lang='grc'>50.</span> <span class='ocrx_word' id='word_1_537' title='bbox 543 4158 790 4210; x_wconf 69' lang='grc' dir='ltr'><strong>ΑΜΒιιοε.</strong></span> <span class='ocrx_word' id='word_1_538' title='bbox 830 4158 894 4211; x_wconf 91' lang='lat' dir='ltr'><strong>In</strong></span> <span class='ocrx_word' id='word_1_539' title='bbox 942 4160 1243 4212; x_wconf 82' lang='lat' dir='ltr'><strong>novissima</strong></span> <span class='ocrx_word' id='word_1_540' title='bbox 1282 4160 1430 4213; x_wconf 87' lang='lat' dir='ltr'><strong>tuba.</strong></span> <span class='ocrx_word' id='word_1_541' title='bbox 1464 4159 1607 4223; x_wconf 87' lang='lat' dir='ltr'><strong>Quia</strong></span> <span class='ocrx_word' id='word_1_542' title='bbox 1634 4175 1750 4213; x_wconf 87' lang='lat' dir='ltr'><strong>non</strong></span> <span class='ocrx_word' id='word_1_543' title='bbox 1779 4160 1953 4215; x_wconf 89' lang='lat' dir='ltr'><strong>semel</strong></span> 
     </span>
    </p>
   </div>
   <div class='ocr_carea' id='block_1_59' title="bbox 353 4245 1955 4318">
    <p class='ocr_par' dir='ltr' id='par_1_59' title="bbox 353 4245 1955 4318">
     <span class='ocr_line' id='line_1_59' title="bbox 353 4245 1955 4318; baseline 0.003 -21"><span class='ocrx_word' id='word_1_544' title='bbox 353 4260 481 4298; x_wconf 90' lang='lat' dir='ltr'><strong>cum</strong></span> <span class='ocrx_word' id='word_1_545' title='bbox 509 4245 607 4298; x_wconf 92' lang='lat' dir='ltr'><strong>illo</strong></span> <span class='ocrx_word' id='word_1_546' title='bbox 637 4250 951 4316; x_wconf 89' lang='lat' dir='ltr'><strong>pugnatum</strong></span> <span class='ocrx_word' id='word_1_547' title='bbox 980 4252 1083 4314; x_wconf 89' lang='lat' dir='ltr'><strong>est,</strong></span> <span class='ocrx_word' id='word_1_548' title='bbox 1122 4248 1256 4318; x_wconf 83' lang='lat' dir='ltr'><strong>quia</strong></span> <span class='ocrx_word' id='word_1_549' title='bbox 1294 4248 1352 4301; x_wconf 90' lang='lat' dir='ltr'><strong>in</strong></span> <span class='ocrx_word' id='word_1_550' title='bbox 1389 4247 1736 4302; x_wconf 85' lang='lat' dir='ltr'><strong>Antichristo</strong></span> <span class='ocrx_word' id='word_1_551' title='bbox 1775 4248 1955 4303; x_wconf 87' lang='lat' dir='ltr'><strong>victus</strong></span> 
     </span>
    </p>
   </div>
   <div class='ocr_carea' id='block_1_60' title="bbox 352 4334 1955 4409">
    <p class='ocr_par' dir='ltr' id='par_1_60' title="bbox 352 4334 1955 4409">
     <span class='ocr_line' id='line_1_60' title="bbox 352 4334 1955 4409; baseline 0.002 -22"><span class='ocrx_word' id='word_1_552' title='bbox 352 4340 471 4400; x_wconf 88' lang='lat' dir='ltr'><strong>est;</strong></span> <span class='ocrx_word' id='word_1_553' title='bbox 500 4338 558 4387; x_wconf 90' lang='lat' dir='ltr'><strong>et</strong></span> <span class='ocrx_word' id='word_1_554' title='bbox 584 4334 689 4388; x_wconf 89' lang='lat' dir='ltr'><strong>hoc</strong></span> <span class='ocrx_word' id='word_1_555' title='bbox 716 4335 838 4389; x_wconf 90' lang='lat' dir='ltr'><strong>loco</strong></span> <span class='ocrx_word' id='word_1_556' title='bbox 866 4336 1167 4391; x_wconf 88' lang='lat' dir='ltr'><strong>novissime</strong></span> <span class='ocrx_word' id='word_1_557' title='bbox 1196 4337 1462 4391; x_wconf 85' lang='lat' dir='ltr'><strong>adversus</strong></span> <span class='ocrx_word' id='word_1_558' title='bbox 1487 4337 1649 4391; x_wconf 90' lang='lat' dir='ltr'><strong>illum</strong></span> <span class='ocrx_word' id='word_1_559' title='bbox 1677 4337 1955 4409; x_wconf 88' lang='lat' dir='ltr'><strong>pugnabi-</strong></span> 
     </span>
    </p>
   </div>
   <div class='ocr_carea' id='block_1_61' title="bbox 354 4424 1429 4496">
    <p class='ocr_par' dir='ltr' id='par_1_61' title="bbox 354 4424 1429 4496">
     <span class='ocr_line' id='line_1_61' title="bbox 354 4424 1429 4496; baseline 0.004 -20"><span class='ocrx_word' id='word_1_560' title='bbox 354 4430 470 4488; x_wconf 87' lang='lat' dir='ltr'><strong>tur,</strong></span> <span class='ocrx_word' id='word_1_561' title='bbox 491 4430 556 4477; x_wconf 87' lang='lat' dir='ltr'><strong>ut</strong></span> <span class='ocrx_word' id='word_1_562' title='bbox 568 4425 690 4494; x_wconf 87' lang='lat' dir='ltr'><strong>jam</strong></span> <span class='ocrx_word' id='word_1_563' title='bbox 717 4424 977 4479; x_wconf 88' lang='lat' dir='ltr'><strong>mittatur</strong></span> <span class='ocrx_word' id='word_1_564' title='bbox 1006 4425 1064 4479; x_wconf 91' lang='lat' dir='ltr'><strong>in</strong></span> <span class='ocrx_word' id='word_1_565' title='bbox 1090 4426 1429 4496; x_wconf 86' lang='lat' dir='ltr'><strong>gehennam.</strong></span> 
     </span>
    </p>
   </div>
   <div class='ocr_carea' id='block_1_62' title="bbox 429 4511 1957 4583">
    <p class='ocr_par' dir='ltr' id='par_1_62' title="bbox 429 4511 1957 4583">
     <span class='ocr_line' id='line_1_62' title="bbox 429 4511 1957 4583; baseline 0.001 -17"><span class='ocrx_word' id='word_1_566' title='bbox 429 4511 517 4568; x_wconf 83' lang='grc'><strong>51.</strong></span> <span class='ocrx_word' id='word_1_567' title='bbox 533 4514 782 4567; x_wconf 74' lang='grc' dir='ltr'><strong>Αυϐυετ.</strong></span> <span class='ocrx_word' id='word_1_568' title='bbox 811 4514 1015 4581; x_wconf 81' lang='lat' dir='ltr'><strong>(ibid.).</strong></span> <span class='ocrx_word' id='word_1_569' title='bbox 1040 4515 1105 4568; x_wconf 85' lang='lat' dir='ltr'><strong>Et</strong></span> <span class='ocrx_word' id='word_1_570' title='bbox 1129 4518 1339 4568; x_wconf 85' lang='lat' dir='ltr'><strong>mortui</strong></span> <span class='ocrx_word' id='word_1_571' title='bbox 1355 4520 1668 4583; x_wconf 82' lang='lat' dir='ltr'><strong>resurgent.</strong></span> <span class='ocrx_word' id='word_1_572' title='bbox 1691 4515 1835 4579; x_wconf 90' lang='lat' dir='ltr'><strong>Quid</strong></span> <span class='ocrx_word' id='word_1_573' title='bbox 1851 4513 1957 4569; x_wconf 90' lang='lat' dir='ltr'><strong>sibi</strong></span> 
     </span>
    </p>
   </div>
   <div class='ocr_carea' id='block_1_63' title="bbox 350 4600 1954 4674">
    <p class='ocr_par' dir='ltr' id='par_1_63' title="bbox 350 4600 1954 4674">
     <span class='ocr_line' id='line_1_63' title="bbox 350 4600 1954 4674; baseline 0.003 -21"><span class='ocrx_word' id='word_1_574' title='bbox 350 4600 474 4655; x_wconf 83' lang='lat' dir='ltr'><strong>vult</strong></span> <span class='ocrx_word' id='word_1_575' title='bbox 490 4617 625 4672; x_wconf 88' lang='lat' dir='ltr'><strong>ergo</strong></span> <span class='ocrx_word' id='word_1_576' title='bbox 644 4601 930 4657; x_wconf 85' lang='lat' dir='ltr'><strong>distinctio</strong></span> <span class='ocrx_word' id='word_1_577' title='bbox 949 4622 961 4656; x_wconf 90' lang='lat'><strong>:</strong></span> <span class='ocrx_word' id='word_1_578' title='bbox 983 4604 1051 4657; x_wconf 84' lang='lat' dir='ltr'><strong>Et</strong></span> <span class='ocrx_word' id='word_1_579' title='bbox 1078 4607 1291 4658; x_wconf 84' lang='lat' dir='ltr'><strong>mortui</strong></span> <span class='ocrx_word' id='word_1_580' title='bbox 1309 4609 1597 4672; x_wconf 88' lang='lat' dir='ltr'><strong>resurgent</strong></span> <span class='ocrx_word' id='word_1_581' title='bbox 1621 4607 1954 4674; x_wconf 86' lang='lat' dir='ltr'><strong>incorrupti,</strong></span> 
     </span>
    </p>
   </div>
   <div class='ocr_carea' id='block_1_64' title="bbox 354 4692 1959 4765">
    <p class='ocr_par' dir='ltr' id='par_1_64' title="bbox 354 4692 1959 4765">
     <span class='ocr_line' id='line_1_64' title="bbox 354 4692 1959 4765; baseline 0.003 -22"><span class='ocrx_word' id='word_1_582' title='bbox 354 4695 405 4743; x_wconf 86' lang='lat' dir='ltr'><strong>et</strong></span> <span class='ocrx_word' id='word_1_583' title='bbox 449 4707 549 4744; x_wconf 89' lang='lat' dir='ltr'><strong>nos</strong></span> <span class='ocrx_word' id='word_1_584' title='bbox 580 4693 1033 4757; x_wconf 85' lang='lat' dir='ltr'><strong>immulabimur,</strong></span> <span class='ocrx_word' id='word_1_585' title='bbox 1067 4692 1176 4746; x_wconf 91' lang='lat' dir='ltr'><strong>nisi</strong></span> <span class='ocrx_word' id='word_1_586' title='bbox 1222 4692 1356 4764; x_wconf 89' lang='lat' dir='ltr'><strong>quia</strong></span> <span class='ocrx_word' id='word_1_587' title='bbox 1401 4709 1597 4747; x_wconf 90' lang='lat' dir='ltr'><strong>omnes</strong></span> <span class='ocrx_word' id='word_1_588' title='bbox 1649 4693 1959 4765; x_wconf 88' lang='lat' dir='ltr'><strong>incorrupti</strong></span> 
     </span>
    </p>
   </div>
   <div class='ocr_carea' id='block_1_65' title="bbox 356 4779 1958 4851">
    <p class='ocr_par' dir='ltr' id='par_1_65' title="bbox 356 4779 1958 4851">
     <span class='ocr_line' id='line_1_65' title="bbox 356 4779 1958 4851; baseline 0.001 -18"><span class='ocrx_word' id='word_1_589' title='bbox 356 4779 700 4849; x_wconf 77' lang='lat' dir='ltr'><strong>resurgant?</strong></span> <span class='ocrx_word' id='word_1_590' title='bbox 730 4779 841 4834; x_wconf 89' lang='lat' dir='ltr'><strong>Sed</strong></span> <span class='ocrx_word' id='word_1_591' title='bbox 860 4796 926 4833; x_wconf 87' lang='lat' dir='ltr'><strong>ex</strong></span> <span class='ocrx_word' id='word_1_592' title='bbox 954 4779 1042 4834; x_wconf 89' lang='lat' dir='ltr'><strong>his</strong></span> <span class='ocrx_word' id='word_1_593' title='bbox 1069 4780 1239 4835; x_wconf 88' lang='lat' dir='ltr'><strong>etiam</strong></span> <span class='ocrx_word' id='word_1_594' title='bbox 1259 4780 1399 4851; x_wconf 89' lang='lat' dir='ltr'><strong>justi</strong></span> <span class='ocrx_word' id='word_1_595' title='bbox 1420 4782 1873 4837; x_wconf 83' lang='lat' dir='ltr'><strong>immutabuntur</strong></span> <span class='ocrx_word' id='word_1_596' title='bbox 1900 4780 1958 4835; x_wconf 89' lang='lat' dir='ltr'><strong>in</strong></span> 
     </span>
    </p>
   </div>
   <div class='ocr_carea' id='block_1_66' title="bbox 2034 3798 3632 3867">
    <p class='ocr_par' dir='ltr' id='par_1_66' title="bbox 2034 3798 3632 3867">
     <span class='ocr_line' id='line_1_66' title="bbox 2034 3798 3632 3867; baseline 0 -14"><span class='ocrx_word' id='word_1_597' title='bbox 2034 3806 2220 3853; x_wconf 89' lang='lat' dir='ltr'><strong>catum</strong></span> <span class='ocrx_word' id='word_1_598' title='bbox 2250 3805 2354 3867; x_wconf 89' lang='lat' dir='ltr'><strong>est,</strong></span> <span class='ocrx_word' id='word_1_599' title='bbox 2386 3800 2492 3853; x_wconf 92' lang='lat' dir='ltr'><strong>hoc</strong></span> <span class='ocrx_word' id='word_1_600' title='bbox 2520 3802 2710 3853; x_wconf 89' lang='lat' dir='ltr'><strong>autem</strong></span> <span class='ocrx_word' id='word_1_601' title='bbox 2734 3798 3081 3854; x_wconf 89' lang='lat' dir='ltr'><strong>destructum</strong></span> <span class='ocrx_word' id='word_1_602' title='bbox 3105 3804 3209 3853; x_wconf 89' lang='lat' dir='ltr'><strong>est.</strong></span> <span class='ocrx_word' id='word_1_603' title='bbox 3236 3798 3463 3866; x_wconf 88' lang='lat' dir='ltr'><strong>Probat,</strong></span> <span class='ocrx_word' id='word_1_604' title='bbox 3494 3815 3632 3855; x_wconf 86' lang='lat' dir='ltr'><strong>nam</strong></span> 
     </span>
    </p>
   </div>
   <div class='ocr_carea' id='block_1_67' title="bbox 2035 3887 3633 3960">
    <p class='ocr_par' dir='ltr' id='par_1_67' title="bbox 2035 3887 3633 3960">
     <span class='ocr_line' id='line_1_67' title="bbox 2035 3887 3633 3960; baseline 0 -18"><span class='ocrx_word' id='word_1_605' title='bbox 2035 3904 2136 3959; x_wconf 90' lang='lat' dir='ltr'><strong>per</strong></span> <span class='ocrx_word' id='word_1_606' title='bbox 2148 3887 2439 3943; x_wconf 85' lang='lat' dir='ltr'><strong>victoriam</strong></span> <span class='ocrx_word' id='word_1_607' title='bbox 2454 3892 2540 3943; x_wconf 91' lang='lat' dir='ltr'><strong>est</strong></span> <span class='ocrx_word' id='word_1_608' title='bbox 2559 3887 2925 3955; x_wconf 89' lang='lat' dir='ltr'><strong>destructum,</strong></span> <span class='ocrx_word' id='word_1_609' title='bbox 2947 3903 3117 3960; x_wconf 89' lang='lat' dir='ltr'><strong>quam</strong></span> <span class='ocrx_word' id='word_1_610' title='bbox 3137 3887 3293 3942; x_wconf 89' lang='lat' dir='ltr'><strong>dedit</strong></span> <span class='ocrx_word' id='word_1_611' title='bbox 3301 3887 3463 3943; x_wconf 87' lang='lat' dir='ltr'><strong>nobis</strong></span> <span class='ocrx_word' id='word_1_612' title='bbox 3481 3887 3633 3943; x_wconf 87' lang='lat' dir='ltr'><strong>Deus</strong></span> 
     </span>
    </p>
   </div>
   <div class='ocr_carea' id='block_1_68' title="bbox 2035 3976 3632 4048">
    <p class='ocr_par' dir='ltr' id='par_1_68' title="bbox 2035 3976 3632 4048">
     <span class='ocr_line' id='line_1_68' title="bbox 2035 3976 3632 4048; baseline 0.001 -17"><span class='ocrx_word' id='word_1_613' title='bbox 2035 3993 2136 4048; x_wconf 89' lang='lat' dir='ltr'><strong>per</strong></span> <span class='ocrx_word' id='word_1_614' title='bbox 2144 3977 2443 4033; x_wconf 91' lang='lat' dir='ltr'><strong>Dominum</strong></span> <span class='ocrx_word' id='word_1_615' title='bbox 2458 3981 2715 4032; x_wconf 88' lang='lat' dir='ltr'><strong>nostrum</strong></span> <span class='ocrx_word' id='word_1_616' title='bbox 2729 3978 2922 4032; x_wconf 87' lang='lat' dir='ltr'><strong>Jesum</strong></span> <span class='ocrx_word' id='word_1_617' title='bbox 2941 3977 3228 4032; x_wconf 88' lang='lat' dir='ltr'><strong>Christum</strong></span> <span class='ocrx_word' id='word_1_618' title='bbox 3243 3976 3423 4048; x_wconf 89' lang='lat' dir='ltr'><strong>(prius</strong></span> <span class='ocrx_word' id='word_1_619' title='bbox 3433 3993 3468 4030; x_wconf 90' lang='lat' dir='ltr'><strong>a</strong></span> <span class='ocrx_word' id='word_1_620' title='bbox 3487 3976 3632 4048; x_wconf 89' lang='lat' dir='ltr'><strong>pari,</strong></span> 
     </span>
    </p>
   </div>
   <div class='ocr_carea' id='block_1_69' title="bbox 2035 4065 3636 4138">
    <p class='ocr_par' dir='ltr' id='par_1_69' title="bbox 2035 4065 3636 4138">
     <span class='ocr_line' id='line_1_69' title="bbox 2035 4065 3636 4138; baseline 0.001 -18"><span class='ocrx_word' id='word_1_621' title='bbox 2035 4066 2312 4136; x_wconf 89' lang='lat' dir='ltr'><strong>posterius</strong></span> <span class='ocrx_word' id='word_1_622' title='bbox 2332 4082 2366 4120; x_wconf 89' lang='lat' dir='ltr'><strong>a</strong></span> <span class='ocrx_word' id='word_1_623' title='bbox 2390 4071 2589 4137; x_wconf 88' lang='lat' dir='ltr'><strong>parte),</strong></span> <span class='ocrx_word' id='word_1_624' title='bbox 2623 4084 2810 4122; x_wconf 89' lang='lat' dir='ltr'><strong>nonne</strong></span> <span class='ocrx_word' id='word_1_625' title='bbox 2839 4083 2940 4138; x_wconf 92' lang='lat' dir='ltr'><strong>per</strong></span> <span class='ocrx_word' id='word_1_626' title='bbox 2962 4066 3144 4137; x_wconf 88' lang='lat' dir='ltr'><strong>legem</strong></span> <span class='ocrx_word' id='word_1_627' title='bbox 3166 4065 3517 4120; x_wconf 85' lang='lat' dir='ltr'><strong>destructum</strong></span> <span class='ocrx_word' id='word_1_628' title='bbox 3546 4070 3636 4121; x_wconf 88' lang='lat' dir='ltr'><strong>est</strong></span> 
     </span>
    </p>
   </div>
   <div class='ocr_carea' id='block_1_70' title="bbox 2034 4154 3635 4229">
    <p class='ocr_par' dir='ltr' id='par_1_70' title="bbox 2034 4154 3635 4229">
     <span class='ocr_line' id='line_1_70' title="bbox 2034 4154 3635 4229; baseline 0.001 -20"><span class='ocrx_word' id='word_1_629' title='bbox 2034 4156 2361 4227; x_wconf 84' lang='lat' dir='ltr'><strong>peccatum?</strong></span> <span class='ocrx_word' id='word_1_630' title='bbox 2389 4172 2503 4210; x_wconf 92' lang='lat' dir='ltr'><strong>non</strong></span> <span class='ocrx_word' id='word_1_631' title='bbox 2534 4154 2628 4229; x_wconf 81' lang='lat' dir='ltr'><strong>[f.;</strong></span> <span class='ocrx_word' id='word_1_632' title='bbox 2659 4156 2816 4227; x_wconf 89' lang='lat' dir='ltr'><strong>nam]</strong></span> <span class='ocrx_word' id='word_1_633' title='bbox 2855 4156 2945 4211; x_wconf 84' lang='lat' dir='ltr'><strong>lex</strong></span> <span class='ocrx_word' id='word_1_634' title='bbox 2971 4154 3078 4210; x_wconf 85' lang='lat' dir='ltr'><strong>fuit</strong></span> <span class='ocrx_word' id='word_1_635' title='bbox 3105 4159 3474 4226; x_wconf 89' lang='lat' dir='ltr'><strong>augmentum</strong></span> <span class='ocrx_word' id='word_1_636' title='bbox 3502 4170 3635 4227; x_wconf 85' lang='lat' dir='ltr'><strong>pec-</strong></span> 
     </span>
    </p>
   </div>
   <div class='ocr_carea' id='block_1_71' title="bbox 2035 4244 2661 4310">
    <p class='ocr_par' dir='ltr' id='par_1_71' title="bbox 2035 4244 2661 4310">
     <span class='ocr_line' id='line_1_71' title="bbox 2035 4244 2661 4310; baseline -0.002 -10"><span class='ocrx_word' id='word_1_637' title='bbox 2035 4245 2166 4310; x_wconf 90' lang='lat' dir='ltr'><strong>cati,</strong></span> <span class='ocrx_word' id='word_1_638' title='bbox 2199 4261 2311 4299; x_wconf 90' lang='lat' dir='ltr'><strong>non</strong></span> <span class='ocrx_word' id='word_1_639' title='bbox 2335 4244 2661 4300; x_wconf 89' lang='lat' dir='ltr'><strong>destructio.</strong></span> 
     </span>
    </p>
   </div>
   <div class='ocr_carea' id='block_1_72' title="bbox 2107 4330 3629 4405">
    <p class='ocr_par' dir='ltr' id='par_1_72' title="bbox 2107 4330 3629 4405">
     <span class='ocr_line' id='line_1_72' title="bbox 2107 4330 3629 4405; baseline 0 -17"><span class='ocrx_word' id='word_1_640' title='bbox 2107 4333 2194 4388; x_wconf 82' lang='lat'><strong>56.</strong></span> <span class='ocrx_word' id='word_1_641' title='bbox 2224 4334 2469 4388; x_wconf 80' lang='lat' dir='ltr'><strong>AUGUST.</strong></span> <span class='ocrx_word' id='word_1_642' title='bbox 2497 4334 2612 4405; x_wconf 88' lang='lat' dir='ltr'><strong>(lib.</strong></span> <span class='ocrx_word' id='word_1_643' title='bbox 2636 4335 2711 4388; x_wconf 87' lang='lat' dir='ltr'><strong>De</strong></span> <span class='ocrx_word' id='word_1_644' title='bbox 2731 4334 2956 4403; x_wconf 81' lang='lat' dir='ltr'><strong>perfect.</strong></span> <span class='ocrx_word' id='word_1_645' title='bbox 2988 4335 3137 4402; x_wconf 84' lang='lat' dir='ltr'><strong>justi</strong></span> <span class='ocrx_word' id='word_1_646' title='bbox 3177 4332 3443 4399; x_wconf 88' lang='lat' dir='ltr'><strong>hominis,</strong></span> <span class='ocrx_word' id='word_1_647' title='bbox 3482 4348 3540 4391; x_wconf 90' lang='lat' dir='ltr'><strong>c.</strong></span> <span class='ocrx_word' id='word_1_648' title='bbox 3571 4330 3629 4399; x_wconf 86' lang='lat'><strong>6,</strong></span> 
     </span>
    </p>
   </div>
   <div class='ocr_carea' id='block_1_73' title="bbox 2035 4420 3638 4494">
    <p class='ocr_par' dir='ltr' id='par_1_73' title="bbox 2035 4420 3638 4494">
     <span class='ocr_line' id='line_1_73' title="bbox 2035 4420 3638 4494; baseline 0.001 -18"><span class='ocrx_word' id='word_1_649' title='bbox 2035 4428 2079 4476; x_wconf 89' lang='lat' dir='ltr'><strong>t.</strong></span> <span class='ocrx_word' id='word_1_650' title='bbox 2111 4421 2281 4492; x_wconf 86' lang='lat' dir='ltr'><strong>VII.).</strong></span> <span class='ocrx_word' id='word_1_651' title='bbox 2316 4424 2497 4476; x_wconf 87' lang='lat' dir='ltr'><strong>Virtus</strong></span> <span class='ocrx_word' id='word_1_652' title='bbox 2524 4438 2651 4476; x_wconf 78' lang='lat' dir='ltr'><strong>vero</strong></span> <span class='ocrx_word' id='word_1_653' title='bbox 2668 4426 2881 4492; x_wconf 86' lang='lat' dir='ltr'><strong>peccati</strong></span> <span class='ocrx_word' id='word_1_654' title='bbox 2907 4426 3010 4479; x_wconf 65' lang='lat' dir='ltr'><strong>leas.</strong></span> <span class='ocrx_word' id='word_1_655' title='bbox 3042 4420 3322 4487; x_wconf 88' lang='lat' dir='ltr'><strong>Quoniam</strong></span> <span class='ocrx_word' id='word_1_656' title='bbox 3340 4421 3431 4477; x_wconf 87' lang='lat' dir='ltr'><strong>lex</strong></span> <span class='ocrx_word' id='word_1_657' title='bbox 3448 4420 3638 4494; x_wconf 89' lang='lat' dir='ltr'><strong>prohi-</strong></span> 
     </span>
    </p>
   </div>
   <div class='ocr_carea' id='block_1_74' title="bbox 2039 4509 3638 4584">
    <p class='ocr_par' dir='ltr' id='par_1_74' title="bbox 2039 4509 3638 4584">
     <span class='ocr_line' id='line_1_74' title="bbox 2039 4509 3638 4584; baseline 0 -19"><span class='ocrx_word' id='word_1_658' title='bbox 2039 4511 2220 4566; x_wconf 88' lang='lat' dir='ltr'><strong>bendo</strong></span> <span class='ocrx_word' id='word_1_659' title='bbox 2251 4515 2421 4582; x_wconf 88' lang='lat' dir='ltr'><strong>auget</strong></span> <span class='ocrx_word' id='word_1_660' title='bbox 2446 4510 2663 4582; x_wconf 91' lang='lat' dir='ltr'><strong>peccati</strong></span> <span class='ocrx_word' id='word_1_661' title='bbox 2677 4511 3063 4584; x_wconf 89' lang='lat' dir='ltr'><strong>cupiditatem,</strong></span> <span class='ocrx_word' id='word_1_662' title='bbox 3090 4510 3200 4567; x_wconf 88' lang='lat' dir='ltr'><strong>nisi</strong></span> <span class='ocrx_word' id='word_1_663' title='bbox 3213 4510 3492 4567; x_wconf 78' lang='lat' dir='ltr'><strong>diﬁundat</strong></span> <span class='ocrx_word' id='word_1_664' title='bbox 3515 4509 3638 4584; x_wconf 87' lang='lat' dir='ltr'><strong>Spi-</strong></span> 
     </span>
    </p>
   </div>
   <div class='ocr_carea' id='block_1_75' title="bbox 2039 4594 3107 4655">
    <p class='ocr_par' dir='ltr' id='par_1_75' title="bbox 2039 4594 3107 4655">
     <span class='ocr_line' id='line_1_75' title="bbox 2039 4594 3107 4655; baseline -0.002 0"><span class='ocrx_word' id='word_1_665' title='bbox 2039 4601 2182 4655; x_wconf 88' lang='lat' dir='ltr'><strong>ritus</strong></span> <span class='ocrx_word' id='word_1_666' title='bbox 2204 4600 2560 4655; x_wconf 89' lang='lat' dir='ltr'><strong>charitatem.</strong></span> <span class='ocrx_word' id='word_1_667' title='bbox 2612 4641 2624 4652; x_wconf 89' lang='lat'><strong>.</strong></span> <span class='ocrx_word' id='word_1_668' title='bbox 3102 4594 3107 4603; x_wconf 78' lang='grc'>’</span> 
     </span>
    </p>
   </div>
   <div class='ocr_carea' id='block_1_76' title="bbox 2116 4687 3641 4756">
    <p class='ocr_par' dir='ltr' id='par_1_76' title="bbox 2116 4687 3641 4756">
     <span class='ocr_line' id='line_1_76' title="bbox 2116 4687 3641 4756; baseline -0.002 -10"><span class='ocrx_word' id='word_1_669' title='bbox 2116 4690 2272 4746; x_wconf 86' lang='lat' dir='ltr'><strong>CAP.</strong></span> <span class='ocrx_word' id='word_1_670' title='bbox 2303 4690 2450 4745; x_wconf 87' lang='lat' dir='ltr'><strong>XVI.</strong></span> <span class='ocrx_word' id='word_1_671' title='bbox 2491 4720 2558 4730; x_wconf 94' lang='lat'><strong>—</strong></span> <span class='ocrx_word' id='word_1_672' title='bbox 2583 4688 2639 4744; x_wconf 84' lang='grc'>1.</span> <span class='ocrx_word' id='word_1_673' title='bbox 2665 4689 2917 4744; x_wconf 80' lang='lat' dir='ltr'><strong>AUGUST.</strong></span> <span class='ocrx_word' id='word_1_674' title='bbox 2948 4687 3070 4756; x_wconf 88' lang='lat' dir='ltr'><strong>(lib.</strong></span> <span class='ocrx_word' id='word_1_675' title='bbox 3107 4702 3146 4743; x_wconf 81' lang='grc' dir='ltr'><strong>ιι</strong></span> <span class='ocrx_word' id='word_1_676' title='bbox 3170 4690 3244 4743; x_wconf 89' lang='lat' dir='ltr'><strong>De</strong></span> <span class='ocrx_word' id='word_1_677' title='bbox 3271 4703 3519 4743; x_wconf 85' lang='lat' dir='ltr'><strong>sermone</strong></span> <span class='ocrx_word' id='word_1_678' title='bbox 3537 4689 3641 4744; x_wconf 85' lang='lat' dir='ltr'><strong>Do-</strong></span> 
     </span>
    </p>
   </div>
   <div class='ocr_carea' id='block_1_77' title="bbox 2041 4775 3637 4849">
    <p class='ocr_par' dir='ltr' id='par_1_77' title="bbox 2041 4775 3637 4849">
     <span class='ocr_line' id='line_1_77' title="bbox 2041 4775 3637 4849; baseline -0.001 -16"><span class='ocrx_word' id='word_1_679' title='bbox 2041 4784 2188 4835; x_wconf 86' lang='lat' dir='ltr'><strong>mini</strong></span> <span class='ocrx_word' id='word_1_680' title='bbox 2203 4783 2268 4834; x_wconf 88' lang='lat' dir='ltr'><strong>in</strong></span> <span class='ocrx_word' id='word_1_681' title='bbox 2292 4784 2492 4847; x_wconf 89' lang='lat' dir='ltr'><strong>monte,</strong></span> <span class='ocrx_word' id='word_1_682' title='bbox 2520 4794 2643 4849; x_wconf 90' lang='lat' dir='ltr'><strong>cap.</strong></span> <span class='ocrx_word' id='word_1_683' title='bbox 2670 4775 2755 4845; x_wconf 87' lang='grc'><strong>17,</strong></span> <span class='ocrx_word' id='word_1_684' title='bbox 2770 4782 2908 4832; x_wconf 85' lang='lat' dir='ltr'><strong>tom.</strong></span> <span class='ocrx_word' id='word_1_685' title='bbox 2932 4777 3049 4846; x_wconf 86' lang='lat' dir='ltr'><strong>IV.)</strong></span> <span class='ocrx_word' id='word_1_686' title='bbox 3061 4818 3073 4831; x_wconf 95' lang='lat'><strong>.</strong></span> <span class='ocrx_word' id='word_1_687' title='bbox 3085 4778 3159 4832; x_wconf 88' lang='lat' dir='ltr'><strong>De</strong></span> <span class='ocrx_word' id='word_1_688' title='bbox 3174 4779 3407 4833; x_wconf 82' lang='lat' dir='ltr'><strong>collectis</strong></span> <span class='ocrx_word' id='word_1_689' title='bbox 3425 4782 3637 4832; x_wconf 88' lang='lat' dir='ltr'><strong>autem.</strong></span> 
     </span>
    </p>
   </div>
   <div class='ocr_carea' id='block_1_78' title="bbox 358 4865 3638 4942">
    <p class='ocr_par' dir='ltr' id='par_1_78' title="bbox 358 4865 3638 4942">
     <span class='ocr_line' id='line_1_78' title="bbox 358 4865 3638 4942; baseline 0 -21"><span class='ocrx_word' id='word_1_690' title='bbox 358 4868 518 4923; x_wconf 78' lang='lat' dir='ltr'><strong>illam</strong></span> <span class='ocrx_word' id='word_1_691' title='bbox 548 4869 987 4939; x_wconf 84' lang='lat' dir='ltr'><strong>incorruptelam</strong></span> <span class='ocrx_word' id='word_1_692' title='bbox 1013 4887 1025 4935; x_wconf 90' lang='lat'><strong>;</strong></span> <span class='ocrx_word' id='word_1_693' title='bbox 1058 4869 1147 4923; x_wconf 91' lang='lat' dir='ltr'><strong>cui</strong></span> <span class='ocrx_word' id='word_1_694' title='bbox 1166 4869 1395 4924; x_wconf 88' lang='lat' dir='ltr'><strong>omnino</strong></span> <span class='ocrx_word' id='word_1_695' title='bbox 1424 4870 1581 4924; x_wconf 91' lang='lat' dir='ltr'><strong>nulla</strong></span> <span class='ocrx_word' id='word_1_696' title='bbox 1610 4886 1809 4924; x_wconf 90' lang='lat' dir='ltr'><strong>nocere</strong></span> <span class='ocrx_word' id='word_1_697' title='bbox 1839 4885 1961 4939; x_wconf 89' lang='lat' dir='ltr'><strong>pos-</strong></span> <span class='ocrx_word' id='word_1_698' title='bbox 1985 4932 2019 4942; x_wconf 40' lang='grc' dir='ltr'><strong>Α</strong></span> <span class='ocrx_word' id='word_1_699' title='bbox 2042 4869 2343 4942; x_wconf 87' lang='lat' dir='ltr'><strong>Apostolus</strong></span> <span class='ocrx_word' id='word_1_700' title='bbox 2370 4868 2579 4923; x_wconf 89' lang='lat' dir='ltr'><strong>Paulus</strong></span> <span class='ocrx_word' id='word_1_701' title='bbox 2602 4872 2791 4939; x_wconf 89' lang='lat' dir='ltr'><strong>potest</strong></span> <span class='ocrx_word' id='word_1_702' title='bbox 2810 4865 2981 4921; x_wconf 87' lang='lat' dir='ltr'><strong>videri</strong></span> <span class='ocrx_word' id='word_1_703' title='bbox 3000 4866 3071 4921; x_wconf 87' lang='lat' dir='ltr'><strong>de</strong></span> <span class='ocrx_word' id='word_1_704' title='bbox 3099 4865 3341 4922; x_wconf 87' lang='lat' dir='ltr'><strong>crastino</strong></span> <span class='ocrx_word' id='word_1_705' title='bbox 3368 4866 3638 4937; x_wconf 82' lang='lat' dir='ltr'><strong>cogitare,</strong></span> 
     </span>
    </p>
   </div>
   <div class='ocr_carea' id='block_1_79' title="bbox 362 4932 3644 5029">
    <p class='ocr_par' dir='ltr' id='par_1_79' title="bbox 362 4932 3644 5029">
     <span class='ocr_line' id='line_1_79' title="bbox 362 4932 3644 5029; baseline 0 -18"><span class='ocrx_word' id='word_1_706' title='bbox 362 4957 438 5011; x_wconf 85' lang='lat' dir='ltr'><strong>sit</strong></span> <span class='ocrx_word' id='word_1_707' title='bbox 465 4932 798 5029; x_wconf 89' lang='lat' dir='ltr'><strong>corruptio</strong></span> <span class='ocrx_word' id='word_1_708' title='bbox 824 4973 889 5011; x_wconf 88' lang='lat' dir='ltr'><strong>ac</strong></span> <span class='ocrx_word' id='word_1_709' title='bbox 916 4932 1021 5028; x_wconf 80' lang='lat' dir='ltr'><strong>per</strong></span> <span class='ocrx_word' id='word_1_710' title='bbox 1049 4958 1171 5024; x_wconf 89' lang='lat' dir='ltr'><strong>hoc,</strong></span> <span class='ocrx_word' id='word_1_711' title='bbox 1206 4957 1301 5029; x_wconf 91' lang='lat' dir='ltr'><strong>qui</strong></span> <span class='ocrx_word' id='word_1_712' title='bbox 1331 4958 1385 5012; x_wconf 89' lang='lat' dir='ltr'><strong>in</strong></span> <span class='ocrx_word' id='word_1_713' title='bbox 1418 4975 1543 5012; x_wconf 88' lang='lat' dir='ltr'><strong>eam</strong></span> <span class='ocrx_word' id='word_1_714' title='bbox 1575 4960 1698 5028; x_wconf 83' lang='lat' dir='ltr'><strong>[at.,</strong></span> <span class='ocrx_word' id='word_1_715' title='bbox 1732 4958 1820 5027; x_wconf 89' lang='lat' dir='ltr'><strong>ea]</strong></span> <span class='ocrx_word' id='word_1_716' title='bbox 1839 4932 2022 5011; x_wconf 65' lang='lat' dir='ltr'><strong>nona</strong></span> <span class='ocrx_word' id='word_1_717' title='bbox 2046 4932 2173 5015; x_wconf 77' lang='lat' dir='ltr'><strong>cum</strong></span> <span class='ocrx_word' id='word_1_718' title='bbox 2202 4958 2335 5012; x_wconf 89' lang='lat' dir='ltr'><strong>dicit</strong></span> <span class='ocrx_word' id='word_1_719' title='bbox 2368 4977 2380 5011; x_wconf 90' lang='lat'><strong>:</strong></span> <span class='ocrx_word' id='word_1_720' title='bbox 2410 4960 2483 5012; x_wconf 87' lang='lat' dir='ltr'><strong>De</strong></span> <span class='ocrx_word' id='word_1_721' title='bbox 2509 4932 2741 5013; x_wconf 71' lang='lat' dir='ltr'><strong>collectis</strong></span> <span class='ocrx_word' id='word_1_722' title='bbox 2767 4960 2952 5010; x_wconf 86' lang='lat' dir='ltr'><strong>autem</strong></span> <span class='ocrx_word' id='word_1_723' title='bbox 2979 4958 3043 5010; x_wconf 89' lang='lat' dir='ltr'><strong>in</strong></span> <span class='ocrx_word' id='word_1_724' title='bbox 3067 4960 3303 5023; x_wconf 83' lang='lat' dir='ltr'><strong>sanctos,</strong></span> <span class='ocrx_word' id='word_1_725' title='bbox 3331 4932 3473 5010; x_wconf 50' lang='lat' dir='ltr'><strong>sicu—t</strong></span> <span class='ocrx_word' id='word_1_726' title='bbox 3492 4932 3644 5011; x_wconf 48' lang='lat' dir='ltr'><strong>ordi;</strong></span> 
     </span>
    </p>
   </div>
   <div class='ocr_carea' id='block_1_80' title="bbox 360 5046 1967 5118">
    <p class='ocr_par' dir='ltr' id='par_1_80' title="bbox 360 5046 1967 5118">
     <span class='ocr_line' id='line_1_80' title="bbox 360 5046 1967 5118; baseline -0.001 -17"><span class='ocrx_word' id='word_1_727' title='bbox 360 5048 864 5101; x_wconf 84' lang='lat' dir='ltr'><strong>commutabuntur</strong></span> <span class='ocrx_word' id='word_1_728' title='bbox 887 5066 900 5113; x_wconf 87' lang='lat'><strong>;</strong></span> <span class='ocrx_word' id='word_1_729' title='bbox 923 5046 1234 5118; x_wconf 89' lang='lat' dir='ltr'><strong>incorrupti</strong></span> <span class='ocrx_word' id='word_1_730' title='bbox 1262 5046 1488 5117; x_wconf 90' lang='lat' dir='ltr'><strong>quidem</strong></span> <span class='ocrx_word' id='word_1_731' title='bbox 1513 5052 1811 5118; x_wconf 90' lang='lat' dir='ltr'><strong>resurgent</strong></span> <span class='ocrx_word' id='word_1_732' title='bbox 1828 5046 1967 5100; x_wconf 87' lang='lat' dir='ltr'><strong>inte-</strong></span> 
     </span>
    </p>
   </div>
   <div class='ocr_carea' id='block_1_81' title="bbox 363 5134 1964 5206">
    <p class='ocr_par' dir='ltr' id='par_1_81' title="bbox 363 5134 1964 5206">
     <span class='ocr_line' id='line_1_81' title="bbox 363 5134 1964 5206; baseline -0.001 -16"><span class='ocrx_word' id='word_1_733' title='bbox 363 5136 574 5206; x_wconf 86' lang='lat' dir='ltr'><strong>gritate</strong></span> <span class='ocrx_word' id='word_1_734' title='bbox 621 5134 1027 5202; x_wconf 89' lang='lat' dir='ltr'><strong>membrorum,</strong></span> <span class='ocrx_word' id='word_1_735' title='bbox 1075 5134 1171 5189; x_wconf 90' lang='lat' dir='ltr'><strong>sed</strong></span> <span class='ocrx_word' id='word_1_736' title='bbox 1208 5139 1399 5189; x_wconf 88' lang='lat' dir='ltr'><strong>tamen</strong></span> <span class='ocrx_word' id='word_1_737' title='bbox 1436 5135 1833 5206; x_wconf 87' lang='lat' dir='ltr'><strong>corrumpendi</strong></span> <span class='ocrx_word' id='word_1_738' title='bbox 1864 5134 1964 5189; x_wconf 91' lang='lat' dir='ltr'><strong>do-</strong></span> 
     </span>
    </p>
   </div>
   <div class='ocr_carea' id='block_1_82' title="bbox 360 5226 831 5295">
    <p class='ocr_par' dir='ltr' id='par_1_82' title="bbox 360 5226 831 5295">
     <span class='ocr_line' id='line_1_82' title="bbox 360 5226 831 5295; baseline 0 -18"><span class='ocrx_word' id='word_1_739' title='bbox 360 5226 482 5279; x_wconf 89' lang='lat' dir='ltr'><strong>lore</strong></span> <span class='ocrx_word' id='word_1_740' title='bbox 513 5240 831 5295; x_wconf 83' lang='lat' dir='ltr'><strong>pcenarum.</strong></span> 
     </span>
    </p>
   </div>
   <div class='ocr_carea' id='block_1_83' title="bbox 433 5312 1968 5382">
    <p class='ocr_par' dir='ltr' id='par_1_83' title="bbox 433 5312 1968 5382">
     <span class='ocr_line' id='line_1_83' title="bbox 433 5312 1968 5382; baseline -0.001 -14"><span class='ocrx_word' id='word_1_741' title='bbox 433 5312 524 5370; x_wconf 82' lang='grc'><strong>52.</strong></span> <span class='ocrx_word' id='word_1_742' title='bbox 568 5313 787 5368; x_wconf 64' lang='grc' dir='ltr'><strong>ΒΑΜ-ι.</strong></span> <span class='ocrx_word' id='word_1_743' title='bbox 843 5312 1107 5382; x_wconf 84' lang='lat' dir='ltr'><strong>Absorpta</strong></span> <span class='ocrx_word' id='word_1_744' title='bbox 1158 5318 1232 5366; x_wconf 81' lang='lat' dir='ltr'><strong>est</strong></span> <span class='ocrx_word' id='word_1_745' title='bbox 1284 5328 1451 5367; x_wconf 88' lang='lat' dir='ltr'><strong>mors.</strong></span> <span class='ocrx_word' id='word_1_746' title='bbox 1510 5313 1575 5368; x_wconf 90' lang='lat' dir='ltr'><strong>In</strong></span> <span class='ocrx_word' id='word_1_747' title='bbox 1625 5313 1738 5369; x_wconf 87' lang='lat' dir='ltr'><strong>fine</strong></span> <span class='ocrx_word' id='word_1_748' title='bbox 1782 5313 1968 5368; x_wconf 81' lang='lat' dir='ltr'><strong>saeculi</strong></span> 
     </span>
    </p>
   </div>
   <div class='ocr_carea' id='block_1_84' title="bbox 364 5401 1964 5473">
    <p class='ocr_par' dir='ltr' id='par_1_84' title="bbox 364 5401 1964 5473">
     <span class='ocr_line' id='line_1_84' title="bbox 364 5401 1964 5473; baseline 0 -18"><span class='ocrx_word' id='word_1_749' title='bbox 364 5402 630 5472; x_wconf 85' lang='lat' dir='ltr'><strong>absorpta</strong></span> <span class='ocrx_word' id='word_1_750' title='bbox 648 5401 758 5454; x_wconf 88' lang='lat' dir='ltr'><strong>erit</strong></span> <span class='ocrx_word' id='word_1_751' title='bbox 775 5416 924 5454; x_wconf 89' lang='lat' dir='ltr'><strong>mors</strong></span> <span class='ocrx_word' id='word_1_752' title='bbox 951 5406 1008 5454; x_wconf 84' lang='lat' dir='ltr'><strong>et</strong></span> <span class='ocrx_word' id='word_1_753' title='bbox 1033 5401 1236 5456; x_wconf 68' lang='lat' dir='ltr'><strong>animae</strong></span> <span class='ocrx_word' id='word_1_754' title='bbox 1265 5406 1323 5455; x_wconf 89' lang='lat' dir='ltr'><strong>et</strong></span> <span class='ocrx_word' id='word_1_755' title='bbox 1352 5402 1600 5473; x_wconf 89' lang='lat' dir='ltr'><strong>corporis</strong></span> <span class='ocrx_word' id='word_1_756' title='bbox 1628 5403 1688 5456; x_wconf 90' lang='lat' dir='ltr'><strong>in</strong></span> <span class='ocrx_word' id='word_1_757' title='bbox 1714 5402 1964 5469; x_wconf 90' lang='lat' dir='ltr'><strong>victoria,</strong></span> 
     </span>
    </p>
   </div>
   <div class='ocr_carea' id='block_1_85' title="bbox 365 5489 1969 5562">
    <p class='ocr_par' dir='ltr' id='par_1_85' title="bbox 365 5489 1969 5562">
     <span class='ocr_line' id='line_1_85' title="bbox 365 5489 1969 5562; baseline -0.001 -17"><span class='ocrx_word' id='word_1_758' title='bbox 365 5490 501 5562; x_wconf 87' lang='lat' dir='ltr'><strong>quia</strong></span> <span class='ocrx_word' id='word_1_759' title='bbox 528 5489 690 5544; x_wconf 85' lang='lat' dir='ltr'><strong>victis</strong></span> <span class='ocrx_word' id='word_1_760' title='bbox 736 5490 795 5544; x_wconf 92' lang='lat' dir='ltr'><strong>in</strong></span> <span class='ocrx_word' id='word_1_761' title='bbox 825 5506 993 5544; x_wconf 88' lang='lat' dir='ltr'><strong>carne</strong></span> <span class='ocrx_word' id='word_1_762' title='bbox 1022 5506 1311 5544; x_wconf 84' lang='lat' dir='ltr'><strong>servorum</strong></span> <span class='ocrx_word' id='word_1_763' title='bbox 1357 5490 1459 5545; x_wconf 90' lang='lat' dir='ltr'><strong>Dei</strong></span> <span class='ocrx_word' id='word_1_764' title='bbox 1508 5491 1969 5562; x_wconf 85' lang='lat' dir='ltr'><strong>concupiscentiis</strong></span> 
     </span>
    </p>
   </div>
   <div class='ocr_carea' id='block_1_86' title="bbox 370 5578 1973 5650">
    <p class='ocr_par' dir='ltr' id='par_1_86' title="bbox 370 5578 1973 5650">
     <span class='ocr_line' id='line_1_86' title="bbox 370 5578 1973 5650; baseline -0.001 -16"><span class='ocrx_word' id='word_1_765' title='bbox 370 5579 656 5647; x_wconf 88' lang='lat' dir='ltr'><strong>omnibus,</strong></span> <span class='ocrx_word' id='word_1_766' title='bbox 704 5596 806 5634; x_wconf 84' lang='lat' dir='ltr'><strong>nec</strong></span> <span class='ocrx_word' id='word_1_767' title='bbox 829 5578 956 5649; x_wconf 87' lang='lat' dir='ltr'><strong>ipsi,</strong></span> <span class='ocrx_word' id='word_1_768' title='bbox 986 5595 1089 5633; x_wconf 89' lang='lat' dir='ltr'><strong>nec</strong></span> <span class='ocrx_word' id='word_1_769' title='bbox 1127 5578 1340 5650; x_wconf 85' lang='lat' dir='ltr'><strong>aliquid</strong></span> <span class='ocrx_word' id='word_1_770' title='bbox 1373 5580 1522 5634; x_wconf 91' lang='lat' dir='ltr'><strong>ultra</strong></span> <span class='ocrx_word' id='word_1_771' title='bbox 1551 5579 1841 5635; x_wconf 89' lang='lat' dir='ltr'><strong>morietur.</strong></span> <span class='ocrx_word' id='word_1_772' title='bbox 1876 5580 1973 5634; x_wconf 90' lang='lat' dir='ltr'><strong>Est</strong></span> 
     </span>
    </p>
   </div>
   <div class='ocr_carea' id='block_1_87' title="bbox 2048 5045 3644 5113">
    <p class='ocr_par' dir='ltr' id='par_1_87' title="bbox 2048 5045 3644 5113">
     <span class='ocr_line' id='line_1_87' title="bbox 2048 5045 3644 5113; baseline -0.003 -11"><span class='ocrx_word' id='word_1_773' title='bbox 2048 5050 2181 5103; x_wconf 84' lang='lat' dir='ltr'><strong>navi</strong></span> <span class='ocrx_word' id='word_1_774' title='bbox 2226 5048 2479 5101; x_wconf 85' lang='lat' dir='ltr'><strong>Ecclesiis</strong></span> <span class='ocrx_word' id='word_1_775' title='bbox 2524 5046 2772 5110; x_wconf 66' lang='lat' dir='ltr'><strong>Galatiae,</strong></span> <span class='ocrx_word' id='word_1_776' title='bbox 2804 5048 2885 5099; x_wconf 87' lang='lat' dir='ltr'><strong>ita</strong></span> <span class='ocrx_word' id='word_1_777' title='bbox 2914 5050 2961 5098; x_wconf 89' lang='lat' dir='ltr'><strong>et</strong></span> <span class='ocrx_word' id='word_1_778' title='bbox 3004 5060 3092 5098; x_wconf 83' lang='lat' dir='ltr'><strong>vos</strong></span> <span class='ocrx_word' id='word_1_779' title='bbox 3123 5045 3311 5113; x_wconf 83' lang='lat' dir='ltr'><strong>facile,</strong></span> <span class='ocrx_word' id='word_1_780' title='bbox 3341 5045 3644 5099; x_wconf 85' lang='lat' dir='ltr'><strong>secundum</strong></span> 
     </span>
    </p>
   </div>
   <div class='ocr_carea' id='block_1_88' title="bbox 2047 5134 3642 5203">
    <p class='ocr_par' dir='ltr' id='par_1_88' title="bbox 2047 5134 3642 5203">
     <span class='ocr_line' id='line_1_88' title="bbox 2047 5134 3642 5203; baseline -0.001 -15"><span class='ocrx_word' id='word_1_781' title='bbox 2047 5150 2223 5188; x_wconf 89' lang='lat' dir='ltr'><strong>unam</strong></span> <span class='ocrx_word' id='word_1_782' title='bbox 2246 5135 2491 5190; x_wconf 87' lang='lat' dir='ltr'><strong>Sabbati.</strong></span> <span class='ocrx_word' id='word_1_783' title='bbox 2522 5135 2907 5203; x_wconf 85' lang='lat' dir='ltr'><strong>Unusquisque</strong></span> <span class='ocrx_word' id='word_1_784' title='bbox 2935 5138 3180 5187; x_wconf 75' lang='lat' dir='ltr'><strong>vestrum</strong></span> <span class='ocrx_word' id='word_1_785' title='bbox 3202 5134 3352 5203; x_wconf 86' lang='lat' dir='ltr'><strong>apud</strong></span> <span class='ocrx_word' id='word_1_786' title='bbox 3376 5148 3430 5187; x_wconf 87' lang='lat' dir='ltr'><strong>se</strong></span> <span class='ocrx_word' id='word_1_787' title='bbox 3452 5137 3642 5200; x_wconf 85' lang='lat' dir='ltr'><strong>ponat,</strong></span> 
     </span>
    </p>
   </div>
   <div class='ocr_carea' id='block_1_89' title="bbox 2053 5224 3646 5292">
    <p class='ocr_par' dir='ltr' id='par_1_89' title="bbox 2053 5224 3646 5292">
     <span class='ocr_line' id='line_1_89' title="bbox 2053 5224 3646 5292; baseline -0.003 -16"><span class='ocrx_word' id='word_1_788' title='bbox 2053 5224 2436 5279; x_wconf 78' lang='lat' dir='ltr'><strong>thesaurizans</strong></span> <span class='ocrx_word' id='word_1_789' title='bbox 2464 5224 2607 5292; x_wconf 90' lang='lat' dir='ltr'><strong>quod</strong></span> <span class='ocrx_word' id='word_1_790' title='bbox 2633 5226 2684 5277; x_wconf 87' lang='lat' dir='ltr'><strong>ei</strong></span> <span class='ocrx_word' id='word_1_791' title='bbox 2705 5224 3004 5291; x_wconf 86' lang='lat' dir='ltr'><strong>placuerit,</strong></span> <span class='ocrx_word' id='word_1_792' title='bbox 3029 5226 3245 5287; x_wconf 89' lang='lat' dir='ltr'><strong>utnon,</strong></span> <span class='ocrx_word' id='word_1_793' title='bbox 3272 5236 3398 5275; x_wconf 91' lang='lat' dir='ltr'><strong>cum</strong></span> <span class='ocrx_word' id='word_1_794' title='bbox 3427 5233 3646 5288; x_wconf 80' lang='lat' dir='ltr'><strong>venero,</strong></span> 
     </span>
    </p>
   </div>
   <div class='ocr_carea' id='block_1_90' title="bbox 2054 5307 3650 5380">
    <p class='ocr_par' dir='ltr' id='par_1_90' title="bbox 2054 5307 3650 5380">
     <span class='ocr_line' id='line_1_90' title="bbox 2054 5307 3650 5380; baseline -0.002 -16"><span class='ocrx_word' id='word_1_795' title='bbox 2054 5315 2187 5365; x_wconf 89' lang='lat' dir='ltr'><strong>tunc</strong></span> <span class='ocrx_word' id='word_1_796' title='bbox 2216 5315 2442 5367; x_wconf 61' lang='lat' dir='ltr'><strong>collecta</strong></span> <span class='ocrx_word' id='word_1_797' title='bbox 2463 5314 2623 5380; x_wconf 77' lang='lat' dir='ltr'><strong>ﬁant.</strong></span> <span class='ocrx_word' id='word_1_798' title='bbox 2657 5311 2758 5366; x_wconf 87' lang='lat' dir='ltr'><strong>His</strong></span> <span class='ocrx_word' id='word_1_799' title='bbox 2788 5316 2847 5365; x_wconf 91' lang='lat' dir='ltr'><strong>et</strong></span> <span class='ocrx_word' id='word_1_800' title='bbox 2872 5308 3200 5380; x_wconf 89' lang='lat' dir='ltr'><strong>hujusmodi</strong></span> <span class='ocrx_word' id='word_1_801' title='bbox 3230 5307 3650 5379; x_wconf 89' lang='lat' dir='ltr'><strong>Scripturarum</strong></span> 
     </span>
    </p>
   </div>
   <div class='ocr_carea' id='block_1_91' title="bbox 2052 5395 3647 5471">
    <p class='ocr_par' dir='ltr' id='par_1_91' title="bbox 2052 5395 3647 5471">
     <span class='ocr_line' id='line_1_91' title="bbox 2052 5395 3647 5471; baseline -0.003 -18"><span class='ocrx_word' id='word_1_802' title='bbox 2052 5399 2188 5454; x_wconf 92' lang='lat' dir='ltr'><strong>locis</strong></span> <span class='ocrx_word' id='word_1_803' title='bbox 2217 5400 2353 5455; x_wconf 86' lang='lat' dir='ltr'><strong>satis</strong></span> <span class='ocrx_word' id='word_1_804' title='bbox 2381 5405 2615 5471; x_wconf 87' lang='lat' dir='ltr'><strong>apparet</strong></span> <span class='ocrx_word' id='word_1_805' title='bbox 2645 5400 2947 5455; x_wconf 89' lang='lat' dir='ltr'><strong>Dominum</strong></span> <span class='ocrx_word' id='word_1_806' title='bbox 2979 5402 3236 5452; x_wconf 90' lang='lat' dir='ltr'><strong>nostrum</strong></span> <span class='ocrx_word' id='word_1_807' title='bbox 3264 5411 3377 5450; x_wconf 92' lang='lat' dir='ltr'><strong>non</strong></span> <span class='ocrx_word' id='word_1_808' title='bbox 3406 5396 3513 5450; x_wconf 90' lang='lat' dir='ltr'><strong>hoc</strong></span> <span class='ocrx_word' id='word_1_809' title='bbox 3535 5395 3647 5450; x_wconf 91' lang='lat' dir='ltr'><strong>im-</strong></span> 
     </span>
    </p>
   </div>
   <div class='ocr_carea' id='block_1_92' title="bbox 2052 5484 3650 5559">
    <p class='ocr_par' dir='ltr' id='par_1_92' title="bbox 2052 5484 3650 5559">
     <span class='ocr_line' id='line_1_92' title="bbox 2052 5484 3650 5559; baseline -0.001 -17"><span class='ocrx_word' id='word_1_810' title='bbox 2052 5489 2310 5558; x_wconf 80' lang='lat' dir='ltr'><strong>probare,</strong></span> <span class='ocrx_word' id='word_1_811' title='bbox 2343 5489 2390 5542; x_wconf 89' lang='lat' dir='ltr'><strong>si</strong></span> <span class='ocrx_word' id='word_1_812' title='bbox 2422 5489 2546 5559; x_wconf 89' lang='lat' dir='ltr'><strong>quis</strong></span> <span class='ocrx_word' id='word_1_813' title='bbox 2576 5490 2822 5543; x_wconf 89' lang='lat' dir='ltr'><strong>humano</strong></span> <span class='ocrx_word' id='word_1_814' title='bbox 2845 5503 3001 5541; x_wconf 90' lang='lat' dir='ltr'><strong>more</strong></span> <span class='ocrx_word' id='word_1_815' title='bbox 3033 5486 3141 5540; x_wconf 89' lang='lat' dir='ltr'><strong>ista</strong></span> <span class='ocrx_word' id='word_1_816' title='bbox 3171 5489 3451 5557; x_wconf 86' lang='lat' dir='ltr'><strong>procuret,</strong></span> <span class='ocrx_word' id='word_1_817' title='bbox 3478 5484 3577 5541; x_wconf 89' lang='lat' dir='ltr'><strong>sed</strong></span> <span class='ocrx_word' id='word_1_818' title='bbox 3600 5485 3650 5541; x_wconf 87' lang='lat' dir='ltr'><strong>si</strong></span> 
     </span>
    </p>
   </div>
   <div class='ocr_carea' id='block_1_93' title="bbox 2054 5576 2966 5649">
    <p class='ocr_par' dir='ltr' id='par_1_93' title="bbox 2054 5576 2966 5649">
     <span class='ocr_line' id='line_1_93' title="bbox 2054 5576 2966 5649; baseline -0.002 -18"><span class='ocrx_word' id='word_1_819' title='bbox 2054 5576 2179 5648; x_wconf 88' lang='lat' dir='ltr'><strong>quis</strong></span> <span class='ocrx_word' id='word_1_820' title='bbox 2207 5582 2434 5649; x_wconf 86' lang='lat' dir='ltr'><strong>propter</strong></span> <span class='ocrx_word' id='word_1_821' title='bbox 2463 5578 2573 5632; x_wconf 74' lang='lat' dir='ltr'><strong>ista</strong></span> <span class='ocrx_word' id='word_1_822' title='bbox 2602 5579 2717 5633; x_wconf 88' lang='lat' dir='ltr'><strong>Deo</strong></span> <span class='ocrx_word' id='word_1_823' title='bbox 2747 5576 2966 5631; x_wconf 84' lang='lat' dir='ltr'><strong>militet.</strong></span> 
     </span>
    </p>
   </div>
  </div>
