4040 6186
423 268 531 331 215
1408 276 1474 332 Β.
1513 277 1931 338 LANFRANCI
1967 279 2023 338 α

2112 279 2330 338 TUAR.
2370 276 2709 335 ARCHIEP.
3581 276 3688 336 216

427 394 659 453 Sabbati
686 397 770 453 ita
796 399 1000 454 scilicet
1023 399 1411 474 unusquisque
1441 406 1691 458 vestrum
1720 404 1870 476 apud
1896 421 1957 460 se
1991 408 2246 476 reponat,
2287 402 2600 459 recondens
2628 399 2777 473 quod
2806 400 2862 455 ei
2891 399 3050 467 bene,
3083 405 3362 471 quantum
3389 404 3518 468 sibi,
3562 402 3686 473 pla-

429 485 629 553 cuerit,
657 491 723 542 ut
749 502 881 553 non,
914 503 1043 543 cum
1063 503 1290 557 venero,
1310 493 1446 545 tunc
1475 491 1718 547 collectae
1736 493 1895 561 ﬁant,
1925 496 2128 548 scilicet
2146 495 2304 562 facta:
2332 495 2467 547 sint.
2503 492 2646 546 Cum
2685 494 2877 544 autem
2898 506 3142 561 praesens
3171 490 3351 556 fuero,
3387 505 3528 561 quos
3546 506 3685 561 pro-

427 573 693 633 baveritis
721 591 822 648 per
849 575 1132 647 epistolas,
1152 593 1279 632 cum
1298 581 1554 648 epistolis,
1573 580 1676 635 hos
1696 581 1920 637 mittam
1939 582 2190 653 perferre
2215 581 2462 653 gratiam
2483 584 2747 646 vestram,
2770 582 2952 648 gratis
2971 581 3102 633 data
3121 595 3157 634 a
3175 581 3341 640 vobis,
3365 582 3573 633 sanctis
3589 582 3688 648 qui

428 669 560 721 sunt
587 662 648 719 in
672 663 1044 719 Hierusalem.
1076 665 1236 731 Quod
1256 667 1304 722 si
1330 666 1566 739 dignum
1586 669 1773 737 fuerit,
1782 675 1939 726 tanta
1953 674 2027 724 sit
2044 674 2305 737 collectio,
2322 676 2389 725 ut
2417 674 2476 724 et
2495 684 2602 738 ego
2624 683 2769 733 eam,
2790 683 3013 722 mecum
3032 667 3214 722 ibunt.
3239 666 3483 722 Veniant
3498 672 3689 722 autem

428 751 500 807 ad
519 767 632 816 vos,
653 768 780 807 cum
801 753 1185 809 Macedoniam
1205 756 1614 827 pertransiero;
1648 774 1779 812 nam
1802 758 2188 814 Macedoniam
2218 757 2588 831 pertransibo.
2614 756 2779 828 Apud
2819 774 2916 811 vos
2947 761 3137 811 autem
3163 755 3397 811 forsitan
3428 755 3685 821 manebo,

432 840 515 895 vel
544 840 714 895 etiam
745 841 1024 910 hiemabo,
1058 848 1125 898 ut
1155 860 1252 899 vos
1278 859 1373 898 me
1424 843 1716 900 deducatis
1746 862 2080 919 quocunque
2106 847 2242 902 iero.
2282 846 2425 902 Nolo
2449 845 2603 901 enim
2630 862 2727 900 vos
2755 845 2921 900 modo
2945 846 3004 900 in
3034 846 3295 912 transitu,
3327 848 3688 915 transeundo,

434 929 654 998 videre;
685 947 849 1002 spero
880 931 1030 987 enim
1067 948 1160 988 me
1189 933 1603 1005 aliquantulum
1639 936 1910 1007 temporis
1941 953 2169 992 manere
2197 936 2348 1008 apud
2390 952 2506 1002 vos,
2539 936 2586 990 si
2627 935 2898 990 Dominus
2940 934 3281 1006 permiserit.
3330 933 3679 999 Permanebo

427 1023 619 1075 autem
641 1019 847 1092 Ephesi
875 1037 1056 1093 usque
1075 1022 1148 1077 ad
1177 1023 1566 1080 Pentecosten.
1581 1022 1634 1081 3.
1654 1024 1875 1081 Ostium
1892 1025 2042 1081 enim
2063 1026 2203 1081 mihi
2226 1026 2402 1093 (Ratio
2421 1040 2593 1094 quare
2606 1025 2803 1092 Ephesi
2828 1029 3104 1092 tantopere
3126 1021 3191 1095 [f.
3204 1065 3217 1077 .
3237 1028 3391 1077 tanto
3420 1021 3682 1096 tempore]

420 1122 832 1176 permansurus
860 1112 955 1179 sit)
995 1114 1255 1181 apertum
1307 1114 1398 1165 est
1423 1126 1694 1180 maguum
1741 1116 1799 1167 et
1828 1115 2086 1183 evidens;
2120 1118 2180 1170 et
2224 1112 2533 1169 adversarii
2570 1111 2733 1167 multi
2762 1115 2862 1182 qui
2891 1115 3131 1166 nolentes
3160 1112 3378 1167 credere
3407 1116 3688 1165 conantur

429 1197 716 1266 impedire.
754 1197 814 1252 Si
841 1202 1030 1253 autem
1060 1198 1277 1254 venerit
1302 1198 1648 1260 Timotheus.
1680 1201 1863 1257 videte
1890 1208 1955 1258 ut
1991 1204 2113 1258 sine
2132 1203 2335 1258 timore
2361 1217 2396 1254 a
2424 1202 2585 1270 falsis
2609 1202 2883 1269 fratribus
2912 1199 2988 1255 sit
3019 1200 3166 1273 apud
3195 1216 3292 1255 vos
3320 1219 3334 1268 ;
3368 1216 3509 1272 epus
3537 1199 3688 1254 enim

425 1284 658 1343 Domini
679 1291 963 1357 operatur,
991 1288 1320 1356 praedicator
1346 1292 1441 1353 est,
1466 1288 1610 1343 sicut
1640 1293 1698 1343 et
1719 1305 1843 1361 ego.
1874 1291 1958 1345 Ne
1979 1292 2106 1361 quis
2133 1307 2266 1362 ergo
2286 1289 2447 1345 illum
2478 1293 2727 1360 spernat,
2759 1291 2895 1357 quia
2919 1290 3248 1356 praedicator
3286 1294 3380 1342 est.
3414 1288 3685 1343 Deducite

428 1378 626 1431 autem
658 1374 819 1430 illum
847 1375 907 1430 in
935 1391 1093 1447 pace,
1123 1381 1188 1431 ut
1210 1376 1403 1432 veniat
1424 1376 1495 1431 ad
1527 1393 1656 1445 me;
1686 1384 1914 1450 expecto
1945 1379 2098 1434 enim
2121 1379 2281 1434 illum
2306 1394 2436 1434 cum
2461 1377 2755 1434 fratribus.
2786 1378 2866 1432 De
2887 1379 3084 1449 Apollo
3114 1384 3302 1433 autem
3330 1379 3509 1433 fratre
3535 1378 3689 1434 vobis

430 1468 630 1521 notum
655 1463 803 1519 facio
830 1463 1096 1535 quoniam
1124 1464 1367 1521 multum
1396 1464 1588 1535 rogavi
1617 1481 1747 1520 eum
1772 1472 1836 1520 ut
1864 1466 2081 1522 veniret
2106 1466 2177 1520 ad
2197 1482 2294 1520 vos
2316 1481 2444 1520 cum
2470 1464 2764 1529 fratribus,
2793 1469 2850 1519 et
2875 1464 3070 1535 utique
3084 1481 3197 1519 non
3221 1465 3329 1520 fuit
3349 1466 3605 1520 voluntas
3626 1471 3690 1521 ut

431 1567 583 1608 nunc
603 1552 848 1619 veniret;
873 1551 1058 1607 veniet
1075 1558 1286 1618 autem,
1309 1568 1438 1607 cum
1459 1552 1511 1607 ei
1542 1568 1778 1608 vacuum
1803 1554 1994 1609 fuerit.
2021 1555 2283 1625 Vigilate,
2306 1559 2452 1608 state
2480 1552 2538 1607 in
2566 1553 2695 1619 ﬁde,
2715 1553 2952 1616 viriliter
2968 1554 3141 1624 agite,
3171 1560 3230 1607 et
3257 1552 3682 1617 confortamini;

433 1641 626 1696 omnia
652 1645 843 1696 vestra
867 1640 928 1695 in
955 1641 1231 1696 charitate
1267 1641 1426 1699 ﬁant.
1464 1640 1519 1699 4.
1544 1641 1786 1699 Obsecro
1819 1648 2010 1699 autem
2038 1660 2154 1710 vos,
2172 1644 2396 1705 fratres,
2412 1642 2466 1697 5.
2499 1641 2677 1696 nostis
2705 1641 2934 1696 domum
2964 1643 3281 1713 Stephants,
3307 1648 3365 1697 et
3391 1640 3687 1699 Fortunati

431 1734 489 1783 et
523 1728 769 1796 Achaici,
797 1729 1063 1801 quoniam
1085 1735 1220 1787 sunt
1243 1730 1506 1802 primitias
1525 1730 1768 1799 Achaiae,
1794 1735 1958 1800 prius
1985 1733 2359 1798 crediderunt,
2378 1735 2438 1784 et
2460 1730 2519 1784 in
2539 1729 2916 1785 ministerium
2936 1736 3260 1785 sanctorum
3287 1730 3686 1785 ordinaverunt

430 1816 665 1889 seipsos,
696 1822 762 1872 ut
788 1822 848 1872 et
881 1835 978 1872 vos
1006 1817 1216 1873 subditi
1252 1819 1374 1875 sitis
1402 1819 1696 1889 ejusmodi,
1731 1824 1789 1875 et
1808 1820 1960 1874 omni
1993 1819 2314 1899 cooperanti
2348 1823 2407 1873 et
2433 1818 2730 1873 laboranti.
2766 1818 2996 1873 Gaudeo
3039 1824 3228 1874 autem
3276 1819 3336 1873 in
3367 1819 3681 1889 praesentia,

431 1905 493 1959 id
521 1911 614 1971 est,
641 1908 775 1975 quia
804 1908 1081 1961 vobiscum
1113 1912 1266 1977 sunt,
1307 1908 1623 1979 Stephanus,
1658 1914 1716 1963 et
1742 1908 2036 1963 Fortunati
2067 1912 2124 1962 et
2151 1907 2398 1974 Achaici,
2440 1906 2707 1978 quoniam
2735 1906 2793 1960 id
2825 1908 2974 1977 quod
3004 1906 3156 1961 vobis
3187 1908 3400 1974 deerat,
3423 1907 3531 1978 ipsi
3561 1923 3689 1978 sup-

431 1994 755 2071 pleverunt;
779 1991 1094 2071 refecerunt
1117 1995 1266 2051 enim
1289 2000 1348 2051 et
1365 2013 1554 2053 meum
1575 1997 1834 2069 spiritum
1861 2000 1919 2052 et
1936 2001 2202 2061 vestrum,
2221 1999 2365 2051 mihi
2383 1998 2760 2052 ministrando
2780 2001 2962 2065 prius,
2977 2002 3026 2051 et
3048 2014 3199 2052 nunc
3218 2013 3305 2052 vos
3327 1999 3684 2052 exhortando.

433 2082 781 2154 Cognoscite,
817 2083 1151 2147 imitamini,
1181 2100 1315 2155 ergo
1357 2085 1454 2155 qui
1495 2085 1773 2156 ejusmodi
1817 2091 1968 2140 sunt.
2000 2086 2262 2140 Salutant
2295 2102 2392 2139 vos
2436 2085 2693 2140 Ecclesiae
2720 2086 2883 2140 Asiae.
2922 2085 3186 2140 Salutant
3222 2101 3320 2139 vos
3366 2085 3425 2140 in
3451 2085 3689 2140 Domino

432 2171 696 2238 multum,
727 2172 949 2244 Aquila,
994 2176 1102 2240 vir,
1133 2177 1191 2227 et
1219 2172 1489 2239 Priscilla,
1534 2190 1695 2241 uxor,
1744 2190 1874 2229 cum
1924 2174 2229 2229 domestica
2262 2176 2370 2228 sua
2397 2175 2660 2241 Ecclesia,
2709 2176 2771 2228 id
2801 2180 2894 2239 est,
2926 2177 3154 2243 familia
3184 2194 3200 2229 :
3250 2175 3396 2247 apud
3447 2191 3589 2247 quos
3634 2180 3691 2231 et

430 2258 703 2339 hospitor.
746 2261 1007 2317 Salutant
1041 2277 1154 2333 .vos
1194 2277 1391 2317 omnes
1431 2261 1656 2339 fratres.
1682 2262 1936 2339 Salutate
1985 2263 2224 2319 invicem
2259 2264 2320 2318 in
2354 2270 2479 2330 35
2515 2264 2703 2319 osculo
2743 2269 2957 2319 sancto.
2999 2263 3299 2330 Salutatio,
3344 2280 3473 2319 mea
3509 2281 3683 2323 manu

430 2338 611 2421 Pauli.
653 2349 713 2406 Si
741 2350 866 2421 quis
894 2366 1007 2405 non
1032 2355 1188 2406 amat
1218 2350 1520 2405 Dominum
1544 2338 1803 2407 nostrum
1831 2352 2023 2406 Jesum
2054 2351 2359 2419 Christum,
2395 2351 2446 2418 6,
2497 2351 2550 2406 7.
2582 2352 2657 2406 sit
2685 2352 3013 2419 anathema,
3044 2354 3327 2407 alienetur
3347 2355 3423 2407 ab
3448 2354 3688 2409 Ecclesia

428 2441 495 2495 in
525 2440 761 2495 adventu
780 2426 1034 2519 Domini.
1067 2436 1121 2498 8.
1151 2440 1504 2509 Maranatha.
1529 2428 1727 2517 Gratia
1759 2440 1985 2496 Domini
2010 2440 2189 2495 nostri
2211 2440 2343 2496 Jesu
2372 2440 2580 2496 Christi
2610 2441 2917 2498 vobiscum.
2953 2441 3213 2498 Charitas
3241 2457 3387 2509 mea,
3422 2444 3484 2496 id
3509 2448 3688 2511 est,ut

427 2543 524 2599 ego
540 2545 649 2597 vos,
671 2531 753 2583 ita
780 2531 1129 2585 vos'invicem
1154 2530 1425 2600 diligatis,
1449 2545 1579 2585 cum
1609 2528 1869 2586 omnibus
1897 2528 2052 2585 vobis
2080 2528 2138 2583 in
2169 2528 2394 2585 Christo
2422 2530 2575 2597 Jesu,
2600 2547 2714 2587 non
2743 2534 2931 2588 seculi
2954 2532 3244 2591 charitate.
3269 2531 3470 2588 Amen.

1754 2669 2328 2740 COMMENTARIUS
2341 2715 2355 2730 .

500 2793 555 2851 2.
585 2795 801 2856 Lamia.
832 2798 936 2851 Per
965 2810 1142 2851 unam
1180 2795 1424 2863 Sabbati,
1472 2794 1531 2850 id
1559 2800 1663 2859 est.
1694 2811 1797 2868 per
1843 2795 2284 2857 unamAdatur.

428 2883 580 2959 diem
603 2884 929 2959 septimanae
950 2883 1114 2957 jubet
1148 2884 1336 2957 colligi
1362 2900 1429 2942 ea
1457 2900 1582 2958 qua:
1610 2884 2018 2956 Jerosolymam

429 2975 640 3032 sanctis
675 2973 1063 3032 mittebantur.

498 3064 555 3122 3.
589 3066 800 3121 Ostium
829 3066 979 3120 enim
999 3065 1160 3120 mihi.
1192 3062 1358 3120 Ratio
1376 3079 1477 3119 cur
1498 3067 1792 3136 tantOpere
1819 3061 2021 3135 Ephesi

426 3154 503 3211 sit
529 3171 949 3227 permansurus.
985 3155 1135 3211 Dicit
1169 3155 1320 3223 enim
1366 3154 1574 3211 ostium
1603 3170 1868 3225 magnum
1901 3169 2021 3208 esse

424 3249 697 3317 apertum
713 3244 1124 3316 praedicationis
1150 3261 1286 3314 suae,
1319 3260 1421 3316 per
1440 3243 1588 3317 quod
1619 3243 1797 3315 possit
1824 3242 2021 3314 praedi-

425 3333 603 3389 cando
649 3333 721 3388 ad
747 3334 916 3390 corda
943 3333 1293 3403 audientium
1330 3333 1547 3391 intrare
1574 3336 1632 3388 et
1657 3332 1827 3388 ﬁdem
1856 3331 2018 3387 Chri-

423 3421 667 3476 stianam
686 3423 1066 3494 persuadere;

496 3507 552 3565 4.
587 3509 808 3566 Obsecro
852 3516 1058 3565 autem.
1106 3510 1348 3567 Obsecro
1378 3516 1568 3566 autem
1598 3515 1664 3565 ut
1690 3514 1749 3565 et
1775 3527 1873 3566 vos
1902 3510 2018 3565 frao

422 3602 541 3659 tres
570 3597 780 3654 subditi
805 3598 948 3655 sitis.

497 3685 550 3744 5.
597 3688 780 3743 Nostis
824 3687 1111 3758 Stephana
1155 3690 1403 3747 domum.
1452 3687 1527 3742 Hi
1569 3703 1698 3742 cum
1752 3687 2019 3758 Apostolo

427 3778 669 3846 fuerant,
693 3781 750 3832 et
778 3776 1116 3849 quibusdam
1132 3775 1440 3832 Corinthiis
1468 3776 1565 3849 qui
1596 3792 1724 3831 cum
1753 3777 2018 3847 Apostolo

423 3872 606 3935 erant,
638 3872 696 3923 et
722 3866 831 3940 ipsi
852 3867 1120 3939 Apostolo
1145 3866 1459 3922 necessaria
1487 3882 1634 3938 saepe
1661 3865 2017 3921 ministrave-

422 3960 577 4013 runt.

496 4045 549 4100 6.
580 4046 826 4103 AMBROS.
855 4044 941 4101 Sit
967 4047 1287 4101 anathema.
1320 4044 1480 4115 Quod
1506 4044 1932 4116 interpretatur.
1957 4043 2016 4099 Si

426 4134 554 4208 quis
594 4134 895 4193 Dominum
937 4136 1130 4192 Jesum
1162 4132 1450 4189 Christum
1482 4150 1595 4189 non
1620 4138 1794 4203 amat,
1841 4132 2009 4188 absci-
2028 4128 2076 4188 B

2171 2884 2224 2941 7.
2255 2886 2507 2959 AUGUs'r.
2542 2886 2734 2959 (Epist.
2769 2885 2870 2944 178
2922 2888 2997 2941 ad
3024 2888 3174 2943 Pasc.
3206 2891 3251 2942 t.
3298 2887 3394 2959 ΙΙ).
3426 2886 3513 2942 Sit
3554 2902 3692 2941 ana-

2104 2976 2302 3042 thema,
2342 2976 2700 3031 maranalha.
2743 2975 2923 3030 Simul
2975 2976 3166 3032 Graeco
3213 2981 3272 3031 et
3317 2976 3458 3048 Syro
3512 2975 3694 3031 utitur

2102 3063 2289 3119 verbo.
2319 3062 2383 3118 Si
2408 3068 2552 3134 quis,
2577 3064 2779 3137 inquit,
2800 3081 2912 3119 non
2933 3070 3090 3119 amat
3113 3067 3437 3134 Dominum,
3460 3067 3531 3118 sit
3554 3080 3693 3119 ana-

2104 3155 2303 3221 thema,
2332 3155 2692 3208 maranatha.
2712 3153 3031 3209 Anathema
3048 3153 3240 3209 Graeco
3256 3170 3513 3209 sermone
3531 3152 3689 3219 dixit,

2101 3245 2509 3298 condemnatus.
2543 3242 2877 3298 Maranatha
2904 3242 3176 3309 deﬁnivit,
3199 3245 3366 3297 donec
3391 3245 3575 3301 veniat
3593 3244 3695 3298 Do-

2101 3333 2311 3396 minus,
2343 3331 2428 3385 vel
2466 3333 2667 3385 redeat.

2172 3423 2223 3476 8.
2260 3421 2507 3474 Hisaou.
2552 3421 2915 3475 Maranatha.
2949 3420 3129 3493 Magis
3157 3420 3362 3492 Syrum
3379 3424 3483 3488 est,
3518 3436 3687 3492 quam

2100 3507 2419 3576 Hebraeum,
2449 3514 2563 3563 tam
2595 3508 2702 3563 etsi
2730 3525 2795 3563 ex
2814 3510 3054 3565 conﬁnio
3084 3515 3455 3581 utrarumque
3475 3509 3692 3579 lingua-

2100 3614 2227 3653 rum
2263 3597 2450 3669 aliquo
2491 3602 2546 3651 et
2593 3596 2890 3652 Hebraeum
2941 3602 3123 3662 sonet,
3163 3603 3222 3653 et
3264 3599 3687 3670 interpretatur,

2100 3688 2368 3743 Dominus
2416 3691 2595 3741 noster
2634 3689 2801 3741 venit.
2832 3687 2907 3742 Ut
2947 3687 3024 3742 sit
3050 3704 3248 3742 sensus
3282 3705 3293 3739 :
3327 3688 3386 3743 Si
3414 3687 3540 3759 quis
3576 3702 3691 3741 non

2101 3780 2254 3830 amat
2280 3775 2581 3829 Dominum
2609 3775 2819 3839 Jesum,
2842 3776 3161 3843 anathema,
3187 3780 3245 3830 et
3262 3776 3359 3829 illo
3387 3775 3683 3846 completo,

2098 3865 2361 3936 deinceps
2388 3864 2695 3919 inferatur:
2728 3866 2997 3919 Dominus
3021 3871 3204 3919 noster
3219 3869 3380 3919 venit.
3418 3864 3578 3930 Quod
3592 3880 3690 3919 su-

2098 3955 2312 4026 perﬂue
2357 3954 2433 4008 sit
2460 3953 2756 4008 adversum
2785 3970 2912 4008 eum
2966 3953 3110 4009 odiis
3136 3953 3518 4026 pertinacibus
3558 3969 3689 4008 con-

2099 4043 2330 4099 tendere
2361 4042 2501 4098 velle
2529 4059 2694 4114 quem
2718 4043 2838 4113 jam
2864 4042 3082 4099 venisse
3112 4048 3350 4099 constat.

413 4279 3669 4314 ww
825 4298 1170 4304 —————

616 4398 1068 4498 EPISTOLA
1136 4425 1220 4497 B.
1304 4424 1593 4497 PAULI
1670 4422 2129 4497 APOSTOLI
2192 4423 2324 4496 AD
2384 4420 2958 4496 CORINTHIOS
3020 4420 3319 4495 SECUN
3326 4420 3480 4492 DA.

1066 4626 1247 4690 CUM
1276 4624 1859 4690 INTERJECTIS
1897 4624 1975 4688 Β.
2010 4622 2503 4686 LANFRANCI
2533 4619 3027 4685 GLOSSULIS.

494 4783 910 4841 Aaeumruu.
941 4814 1013 4828 —
1040 4788 1164 4842 Post
1208 4792 1393 4841 actam
1422 4802 1459 4841 a
1487 4786 1791 4842 Corinthiis
1816 4787 2218 4859 pamitentiam,
2265 4785 2690 4838 consolatoriam
2715 4783 2908 4836 scribit
2951 4783 3027 4835 eis
3054 4781 3358 4850 Epistolam
3399 4779 3687 4850 Apostolus

423 4888 460 4927 a
488 4868 713 4941 Troade,
738 4890 839 4944 per
869 4875 1075 4931 Titum.
1116 4875 1184 4930 Et
1225 4877 1554 4933 collaudans
1604 4892 1708 4944 eos,
1756 4876 2016 4930 hortatur
2065 4875 2140 4928 ad
2165 4875 2417 4939 meliora,
2451 4873 2801 4926 contristatos
2834 4871 3058 4940 quidem
3093 4886 3197 4932 eos.
3239 4872 3331 4924 sed
3374 4869 3687 4924 emendatos

424 4963 730 5017 ostendens.

1769 5051 2003 5106 CAPUT
2032 5048 2337 5104 PRIMUM.

495 5138 705 5195 Paulus
731 5140 1033 5211 Apostolus
1063 5140 1197 5196 Jesu
1226 5140 1437 5195 Christi
1464 5155 1567 5211 per
1588 5139 1931 5194 voluntatem
1963 5137 2085 5203 Dei,
2117 5151 2230 5190 non
2249 5138 2510 5202 hominis,
2542 5138 2625 5190 vel
2652 5151 2765 5190 non
2794 5138 3029 5202 meritis,
3057 5139 3116 5189 et
3134 5133 3463 5189 Timotheus
3483 5136 3681 5204 frater,

422 5228 680 5285 Ecclesiae
709 5228 829 5292 Dei.
862 5245 984 5301 quae
1012 5235 1102 5285 est
1130 5229 1405 5296 Corinthi,
1425 5245 1552 5284 cum
1585 5228 1846 5283 omnibus
1877 5225 2085 5281 sanctis
2113 5224 2208 5296 qui
2239 5228 2373 5278 sunt
2391 5224 2450 5278 in
2472 5224 2731 5278 universa
2758 5223 2989 5287 Achaia,
3024 5222 3221 5277 Gratia
3249 5222 3406 5277 vobis
3430 5228 3489 5277 et
3515 5238 3623 5294 pax
3651 5239 3688 5279 a

421 5316 538 5373 Deo
567 5318 735 5374 Patre
757 5321 969 5382 nostro,
1002 5320 1060 5371 et
1090 5315 1327 5370 Domino
1353 5316 1487 5370 Jesu
1526 5314 1767 5370 Christo.
1799 5315 2131 5369 Benedictus
2170 5314 2319 5368 Deus
2348 5317 2407 5367 et
2434 5313 2601 5368 Pater
2630 5311 2854 5366 Domini
2885 5311 3063 5366 nostri
3096 5313 3230 5365 Jesu
3261 5311 3492 5377 Christi,
3525 5316 3687 5383 pater

420 5404 956 5473 misericordiarum,
989 5422 1103 5461 non
1123 5408 1296 5460 unius
1317 5409 1557 5469 tantum,
1584 5406 1675 5457 sed
1690 5407 1948 5472 plurium
1975 5405 2276 5456 secundum
2300 5404 2720 5471 participantcs,
2748 5405 2806 5455 et
2829 5401 2877 5454 1.
2896 5401 3044 5455 Deus
3064 5400 3243 5456 totius
3263 5400 3680 5465 consolationis,

1751 5492 2341 5548 COMMENTARIUS.

494 5582 655 5639 CAP.
683 5585 729 5641 Ι.
772 5616 838 5630 --
861 5584 916 5640 1.
952 5584 1204 5641 Alanos.
1231 5585 1370 5639 Deus
1396 5583 1561 5637 totius
1585 5583 1993 5638 consolationis.

2105 5579 2483 5637 consolatione
2511 5578 2760 5652 incoepit,
2788 5578 2939 5637 unde
2968 5577 3325 5650 refrigerium
3353 5575 3453 5633 dat
3481 5575 3582 5643 eis,
