3936 6178
231 316 333 374 217
357 347 365 351 --
897 319 976 374 ΙΝ
1012 320 1080 374 D.
1120 320 1338 376 PAULI
1376 318 1603 376 EPIST.
1647 314 2021 374 COMMENT.
2065 343 2129 354 —
2171 311 2398 370 EPIST.
2438 311 2492 368 Il
2527 308 2625 363 AD
2664 307 2827 364 00R.
3385 301 3492 364 218

227 437 277 495 2.
310 440 411 511 qui
443 441 767 496 consolatur
793 457 898 496 nos
926 441 984 496 in
1009 441 1161 496 omni
1182 441 1544 497 tribulatione
1571 444 1787 506 nostra,
1811 441 1876 494 ut
1904 435 2185 509 possimus
2207 439 2265 490 et
2291 433 2399 505 ipsi
2428 432 2706 488 consolari
2732 432 2909 488 verbis
2925 433 3006 485 vel
3021 426 3490 499 eaemploeosqui

179 531 182 534 ’
225 528 277 582 in
309 530 466 583 omni
496 547 763 600 pressura
791 537 943 594 sunt,
969 547 1071 602 per
1090 531 1537 585 exhortationem
1559 533 1697 601 (ipse
1725 529 2051 582 exhortatur
2080 541 2174 578 nos
2207 529 2352 589 86,
2385 529 2432 576 et
2458 539 2556 591 per
2589 539 2685 577 nos
2724 522 2882 590 alios)
2906 536 3018 590 qua
3041 519 3406 573 exhortamur
3431 521 3491 570 et

225 616 326 689 ipsi
348 635 386 671 a
412 619 550 683 Deo,
567 622 722 673 intus
738 636 836 688 per
851 623 1136 688 spiritum.
1155 622 1462 689 Responsio.
1479 617 1758 684 Quoniam
1775 616 1922 671 sicut
1933 613 2224 668 abundant
2247 613 2583 683 (consolatur
2606 616 2737 664 tunc
2750 626 2837 664 vos
2851 612 2913 663 in
2927 611 3084 663 omni
3103 609 3489 676 tribulatione)

223 708 515 778 passiones
529 708 742 763 Christi
770 709 828 762 in
849 707 1028 775 nobis,
1049 725 1185 776 quas
1208 725 1308 777 pro
1336 707 1552 762 Christo
1571 700 1847 775 patimur,
1868 703 1950 758 ita
1973 708 2030 758 et
2044 718 2144 773 per
2158 701 2443 756 Christum
2463 699 2713 754 abundat
2725 697 3030 753 consolatio
3052 700 3245 751 nostra
3267 696 3488 755 (exhor-

227 800 403 864 tatio).
435 797 564 850 Sive
602 803 792 852 autem
836 797 1177 851 tribulamur
1205 813 1306 867 pro
1334 800 1521 850 vestra
1549 793 1954 858 exhortatione,
1986 791 2227 859 exempto
2259 791 2456 854 nostri,
2493 792 2575 842 vel
2600 790 2758 841 verbo
2784 789 2952 854 facta,
2981 789 3038 840 et
3066 785 3249 840 salute
3281 790 3491 839 ωεστ-ηρ.

225 887 581 938 tribulamur
614 906 630 939 :
657 886 772 940 sive
796 887 1153 941 consolamur
1181 903 1282 958 pro
1305 891 1490 940 vestra
1519 884 1920 947 consolatione,
1949 881 2063 935 sive
2092 879 2455 934 exhortamur
2484 894 2580 931 nos
2610 879 2762 932 intus
2780 893 2815 930 a
2838 876 3060 944 Spiritu
3088 880 3294 940 sancto,
3315 873 3487 944 3.pro

223 979 410 1026 vestra
434 975 846 1042 exhortatione,
879 981 941 1029 ut
963 993 1052 1030 vos
1075 976 1444 1042 exhortemur,
1473 979 1532 1028 et
1561 974 1761 1037 salute,
1787 976 1984 1035 vestra,
2016 967 2068 1024 4.
2101 985 2243 1039 quae,
2259 970 2465 1022 scilicet
2488 970 2660 1032 salus,
2691 969 2770 1020 vel
2800 967 3114 1031 consolatio,
3138 967 3219 1019 vel
3237 965 3488 1018 exhorta-

223 1065 312 1125 tio,
336 1067 618 1132 operatur
631 1064 986 1118 tolerantiam
1015 1067 1080 1117 in
1107 1066 1254 1133 vobis
1273 1063 1601 1119 earumdem
1629 1061 1954 1134 passionum
1985 1074 2125 1130 quas
2155 1062 2211 1112 et
2239 1073 2342 1112 nos
2369 1055 2787 1128 patimur,5.ut
2803 1057 2902 1120 ita,
2919 1057 2999 1108 vel
3016 1055 3183 1120 unde,
3205 1054 3373 1107 velad
3391 1053 3488 1114 hoc

223 1167 346 1221 spes
375 1156 599 1217 nostra,
616 1154 758 1220 quod
776 1169 1062 1220 speramus
1094 1169 1183 1207 vos
1207 1154 1518 1218 salvandos,
1538 1152 1702 1206 ﬁrma
1719 1150 1794 1205 sit
1807 1165 1908 1221 pro
1923 1148 2097 1214 vobis,
2127 1147 2368 1202 scientes
2392 1145 2541 1217 quod
2562 1144 2710 1202 sicut
2727 1143 2863 1200 socii
2891 1142 3214 1214 passionum
3235 1141 3388 1208 estis,
3406 1140 3488 1195 sic

224 1238 380 1292 eritis
410 1244 471 1293 et
496 1241 898 1295 consolationis
915 1247 1144 1307 aeternae,
1177 1245 1258 1296 vel
1283 1244 1506 1311 pramii
1526 1243 1739 1296 sterni.
1768 1238 1822 1306 6,
1857 1240 1907 1293 7.
1940 1239 2067 1294 Non
2097 1238 2249 1292 enim
2276 1237 2534 1291 volumus
2564 1235 2828 1306 ignorare
2844 1250 2957 1298 vos,
2979 1234 3201 1297 fratres,
3221 1233 3292 1286 de
3304 1229 3487 1284 tribu-

225 1327 435 1381 latione
461 1333 664 1382 nostra
685 1329 1188 1398 (Responsio.Passi
1206 1332 1356 1384 enim
1386 1346 1581 1384 sumus
1610 1331 1971 1384 vehementem
1997 1329 2342 1395 passionem:
2366 1331 2415 1380 et
2435 1327 2532 1380 hoc
2552 1328 2813 1378 nolumus
2841 1339 2930 1378 vos
2951 1325 3256 1391 ignorare),
3289 1319 3342 1374 8.
3365 1334 3488 1390 qua;

225 1416 372 1471 facta
396 1420 486 1471 est
507 1416 567 1470 in
584 1417 737 1482 Asia,
753 1417 1018 1488 quoniam
1038 1435 1208 1490 supra
1229 1418 1456 1473 modum
1481 1418 1699 1490 gravati
1718 1433 1915 1472 sumus
1933 1432 2105 1488 supra
2123 1416 2409 1478 virtutem,
2424 1413 2843 1478 humanam,ita
2860 1416 2926 1468 ut
2950 1408 3492 1480 (eaprimit)tmderet

222 1523 321 1560 nos
349 1507 529 1560 etiam
559 1506 762 1572 vivere,
796 1524 911 1562 non
939 1524 1285 1576 speraremus
1304 1510 1502 1574 vivere,
1526 1509 1616 1562 sed
1635 1510 1799 1562 mori.
1815 1506 1924 1561 Sed
1943 1505 2051 1577 ipsi
2067 1505 2126 1558 in
2142 1501 2560 1574 nobismetipsis
2589 1517 2892 1573 reponsum
2916 1500 3112 1554 mortis
3141 1499 3492 1566 (conscientia

225 1602 412 1648 nostra
438 1596 598 1648 nobis
629 1599 847 1648 tantum
881 1602 1113 1650 mortem
1141 1598 1540 1665 respondebat),
1572 1593 1890 1661 habuimus,
1909 1598 2103 1663 plagas
2134 1596 2326 1647 mortis
2355 1593 2641 1660 sperabam
2681 1607 2793 1645 non
2821 1591 3062 1657 evadere,
3086 1593 3151 1644 ut
3170 1604 3284 1642 non
3312 1587 3490 1642 simus

225 1683 463 1737 ﬁdentes
493 1683 554 1736 in
583 1682 765 1747 nobis,
798 1684 898 1738 sed
918 1683 978 1737 in
1003 1684 1117 1738 Deo
1149 1687 1248 1750 (ita
1275 1685 1418 1752 ﬁdus
1457 1700 1612 1738 eram
1653 1685 1716 1739 de
1748 1689 1922 1739 morte
1961 1690 2022 1738 ut
2054 1686 2189 1752 quia
2220 1699 2331 1736 non
2368 1686 2624 1736 mortuus
2663 1696 2810 1745 sum,
2844 1695 2956 1734 non
2985 1680 3206 1732 debeam
3243 1679 3490 1745 amplius

227 1775 393 1840 ﬁdere
415 1775 482 1825 in
505 1788 610 1835 me,
635 1774 726 1825 sed
759 1775 825 1826 in
851 1774 972 1838 Deo,
1004 1775 1105 1840 qui
1125 1790 1210 1826 me
1230 1777 1354 1841 jam
1383 1779 1672 1827 mortuum
1688 1777 1915 1842 eripuit,
1946 1773 2090 1842 quod
2110 1773 2228 1825 ideo
2245 1773 2497 1840 permisit
2530 1770 2665 1824 Deus
2693 1784 2867 1837 supra
2896 1770 3158 1823 virtutem
3195 1766 3483 1828 tribulari,

229 1868 275 1914 et
304 1878 404 1914 suo
433 1864 659 1915 auxilio
686 1863 864 1915 voluit
889 1860 1107 1928 juvari,
1141 1867 1203 1914 ut
1247 1877 1360 1917 non
1399 1864 1576 1916 simus
1617 1863 1940 1930 conﬁdentes
1969 1864 2034 1916 in
2063 1859 2256 1929 nobis),
2288 1858 2385 1929 qui
2415 1858 2651 1913 suscitat
2683 1862 2935 1911 mortuos
2961 1855 3277 1927 (emphasis,
3309 1855 3371 1907 id
3412 1859 3490 1907 est

226 1951 623 2019 exaggeratio),
648 1948 744 2019 qui
777 1949 846 2003 de
874 1949 1049 2002 tantis
1081 1949 1343 2020 periculis
1371 1965 1474 2004 nos
1505 1949 1713 2021 eripuit
1740 1956 1798 2004 et
1825 1949 2005 2015 eruit;
2036 1949 2095 2002 in
2125 1965 2292 2019 quem
2336 1963 2647 2018 speramus,
2681 1946 2946 2017 quoniam
2972 1950 3030 2000 et
3055 1942 3486 2025 adhucweripiet,

228 2037 622 2108 adjuvantibus
643 2043 702 2093 et
719 2036 875 2092 vobis
901 2039 1101 2107 (captio
1125 2040 1514 2104 benevolentia,
1549 2044 1599 2093 et
1634 2042 1727 2093 sui
1754 2039 2097 2106 humiliatio)
2126 2038 2185 2092 in
2214 2037 2467 2092 oratione
2495 2039 2645 2104 facta
2676 2052 2777 2106 pro
2799 2033 2980 2098 nobis,
3012 2038 3077 2088 ut
3110 2035 3314 2087 scilicet
3339 2048 3406 2086 ex
3434 2031 3487 2087 9.

226 2127 534 2181 multorum
564 2127 734 2193 (idem
757 2128 902 2195 quod
921 2143 1020 2194 per
1050 2128 1271 2195 multos)
1303 2127 1558 2198 personis
1586 2129 1889 2183 masculini
1907 2143 2083 2190 sexus,
2116 2133 2164 2182 et
2191 2129 2414 2195 femini,
2449 2128 2592 2196 ejus,
2622 2141 2744 2195 quae
2771 2123 2831 2177 in
2855 2121 3015 2178 nobis
3053 2126 3157 2186 est,
3192 2122 3492 2190 professio-

225 2219 309 2269 nis
326 2219 410 2270 vel
445 2217 800 2270 tiberationis
830 2231 976 2281 mea,
1004 2215 1344 2279 donationis,
1379 2217 1440 2268 id
1463 2220 1557 2279 est,
1583 2217 2044 2280 Christianitatis,
2078 2232 2180 2287 per
2207 2215 2414 2277 multos
2438 2214 2635 2285 gratiae
2662 2217 2904 2284 agantur
2923 2227 3024 2282 pro
3048 2209 3210 2264 nobis
3243 2211 3363 2264 Deo.
3403 2209 3488 2275 10,

230 2304 306 2360 11.
351 2306 444 2358 Vos
465 2320 575 2374 pro
605 2306 760 2358 nobis
791 2298 952 2358 orare
979 2306 1175 2358 debetis
1197 2324 1214 2371 ;
1248 2321 1380 2358 nam
1414 2304 1595 2375 gloria
1630 2308 1825 2358 nostra
1842 2305 1960 2358 haec
1988 2309 2090 2370 est,
2135 2310 2254 2369 8⁸1
2271 2303 2656 2359 testimonium
2676 2300 3028 2357 conscientiae
3055 2305 3280 2364 nostrai,
3336 2297 3490 2367 quod

226 2394 357 2463 (ideo
375 2395 616 2460 dignum
639 2397 714 2445 est
735 2408 842 2461 pro
869 2409 957 2446 me
984 2396 1197 2461 gratias
1225 2396 1321 2461 agi
1330 2436 1339 2454 ,
1369 2409 1500 2446 nam
1531 2396 1595 2447 in
1618 2395 1969 2462 simplicitate
1996 2399 2046 2447 et
2072 2395 2388 2448 sinceritate
2416 2397 2764 2446 conservatus
2795 2407 2920 2444 sum
2949 2391 3098 2458 apud
3126 2393 3239 2455 vos)
3263 2387 3323 2442 in
3352 2387 3490 2443 sim-

224 2481 479 2553 plicitate
511 2496 628 2534 non
655 2482 894 2549 duplicis
915 2481 1116 2547 cordis,
1149 2486 1203 2536 et
1223 2481 1687 2546 sinceritateDei,
1709 2498 1755 2538 α.
1777 2487 1876 2542 Dea
1897 2483 2108 2546 habita,
2140 2487 2197 2538 et
2224 2498 2338 2536 non
2372 2481 2455 2537 1'2.
2489 2480 2544 2534 in
2578 2480 2858 2552 sapientia
2883 2477 3118 2542 carnali,
3176 2482 3237 2532 ut
3288 2479 3490 2546 pseudo

225 2568 314 2627 i3.
351 2569 466 2626 Sed
493 2569 557 2624 in
583 2569 773 2640 gratia
795 2570 918 2636 Dei,
952 2570 1262 2625 conversati
1286 2587 1483 2625 sumus
1510 2571 1569 2626 in
1598 2571 1704 2626 hoc
1725 2570 1956 2636 mundo,
1990 2569 2074 2627 14.
2109 2570 2487 2626 abundantius
2518 2575 2707 2628 autem
2759 2570 2851 2636 ad,
2877 2571 3044 2639 apud,
3075 2584 3188 2624 vos.
3216 2565 3306 2624 15.
3367 2568 3496 2632 Non

221 2661 374 2716 enim
394 2659 518 2716 alia
543 2658 844 2716 scribimus
873 2657 1044 2728 vobis,
1077 2676 1248 2733 quam
1277 2676 1400 2733 quae
1421 2659 1653 2732 legistis,
1687 2664 1744 2715 et
1771 2660 2126 2732 cognovistis,
2159 2665 2223 2716 in
2246 2676 2331 2716 me
2358 2662 2548 2730 fuisse.

1582 2856 2171 2916 COMMENTARIUS.

222 3038 316 3108 qui
345 3038 727 3108 correptionis
745 3054 916 3094 causa
934 3039 1158 3094 fuerant
1171 3038 1506 3104 contristati,
1521 3043 1582 3094 et
1597 3038 1822 3095 Patrem
1836 3040 1888 3100 A
1906 3037 2015 3102 hic,
2049 3055 2184 3109 quae.
2200 3043 2288 3092 est
2313 3036 2498 3094 totius.
2513 3033 2712 3090 mundi
2738 3033 2907 3090 tertia
2933 3048 3064 3105 pars
3087 3050 3102 3097 ;
3129 3031 3232 3087 sed
3256 3030 3326 3086 de
3354 3045 3497 3102 qua-

223 3126 742 3182 misericordiarum
770 3127 868 3194 ait,
903 3133 1132 3199 propter
1159 3129 1380 3184 diversa
1406 3133 1652 3200 peccata,
1686 3133 1744 3185 et
1762 3131 1827 3181 ut
1906 3128 2035 3182 dam
2069 3126 2371 3198 provincia,
2406 3140 2529 3196 quas
2565 3124 2741 3196 ipsius
2772 3122 3008 3194 majoris
3032 3121 3179 3180 Asiae
3207 3137 3338 3193 pars
3361 3126 3460 3177 est
3477 3139 3495 3194 ;

221 3222 658 3286 cognosceretur
685 3234 787 3288 per
825 3217 1266 3273 misericordiam
1307 3217 1615 3272 reformare
1651 3216 1827 3289 poeni-
1907 3219 2031 3288 ejus
2057 3221 2248 3270 tamen
2277 3214 2505 3270 nomine
2533 3217 2908 3284 nuncupatur.

222 3310 424 3359 tentes.
1975 3306 2030 3361 9.
2061 3307 2373 3360 Multarum
2402 3305 2666 3372 personis.
2708 3302 2892 3357 Causa
2928 3316 3031 3356 cur
3059 3300 3244 3355 adhuc
3269 3299 3490 3371 eripiet,

291 3393 346 3450 2.
373 3395 590 3450 Mssa.
625 3397 732 3463 Qui
760 3398 1076 3450 consolatur
1100 3411 1216 3450 nos.
1249 3396 1358 3450 Per
1375 3395 1614 3466 hocjam
1637 3400 1828 3451 osten-

221 3482 300 3537 dit
315 3483 762 3538 consolatoriam
779 3500 902 3539 esse
916 3484 1244 3554 Epistolam;
1266 3485 1384 3539 vult
1401 3483 1553 3540 enim
1567 3484 1827 3540 omnibus

221 3573 523 3634 consolari.
572 3581 637 3628 et
679 3574 789 3628 illis
825 3574 1186 3636 contristatis,
1228 3581 1284 3629 et
1330 3576 1414 3630 illi
1467 3575 1683 3646 abjecto
1731 3576 1828 3646 qui

224 3678 454 3718 uxorem
475 3663 627 3732 patri
648 3662 989 3729 abstulerat;
1015 3669 1074 3717 et
1103 3669 1333 3734 propter
1350 3664 1455 3718 hoc
1475 3663 1642 3719 dixit:
1667 3667 1829 3720 Pater

225 3753 744 3806 misericordian
774 3756 822 3804 et
848 3753 990 3805 Deus
1021 3754 1204 3816 totius,
1233 3757 1336 3805 etc.

289 3839 340 3892 3.
374 3842 486 3893 Pro
515 3845 695 3894 vestra
719 3841 1110 3894 exhortatione.
1132 3840 1448 3904 Quamdam
1475 3857 1702 3896 causam
1725 3842 1824 3896 tri-

222 3928 529 3983 bulationis
593 3945 708 3984 suae
761 3929 1050 4000 supponit,
1111 3934 1176 3984 ut
1241 3929 1496 3985 videlicet
1546 3931 1823 3986 Corinthii

221 4018 482 4088 exemplo
521 4017 644 4088 ejus
676 4017 958 4088 provocati
1005 4017 1373 4071 exhortentur
1411 4017 1483 4072 ad
1529 4017 1823 4073 ferendum

231 4106 652 4174 tribulationes,
696 4112 753 4161 et
798 4105 878 4160 sic
918 4106 1162 4160 salutem
1186 4105 1592 4178 sempiternam
1639 4124 1834 4164 conse-

234 4203 500 4266 quantur.

307 4284 357 4339 4.
387 4287 518 4353 Quae
546 4291 854 4354 operantur
884 4287 1260 4342 tolerantiam.
1282 4285 1422 4356 Spes
1449 4286 1650 4341 salutis
1677 4291 1837 4343 aeter-

1903 3399 1970 3450 ut
2012 3393 2289 3460 videlicet,
2323 3409 2390 3447 ex
2435 3391 2742 3446 multarum
2788 3390 3056 3446 facierum
3097 3389 3372 3462 personis,
3422 3388 3495 3444 ad

1903 3484 2082 3538 Deum
2113 3487 2342 3554 prOpter
2359 3497 2556 3537 eorum
2566 3480 3020 3552 medicationem
3037 3480 3342 3547 conversis,
3362 3496 3497 3552 gra-

1903 3573 1995 3628 tiae
2016 3578 2257 3643 agantur
2281 3573 2397 3627 Deo
2412 3587 2512 3642 per
2531 3587 2725 3633 eorum
2748 3569 3219 3640 medicationem,
3240 3585 3343 3642 per
3359 3569 3504 3624 mul-

1911 3668 2001 3717 tos
2020 3661 2292 3716 habentes
2317 3677 2441 3715 eam
2457 3660 2820 3715 donationem
2847 3659 2979 3713 ﬁdei
2999 3676 3122 3731 qua;
3141 3660 3200 3713 in
3227 3659 3365 3730 ipsis
3395 3664 3500 3718 est.

1913 3753 2188 3806 Personas
2217 3756 2408 3806 autem
2428 3751 2734 3805 multarum
2751 3749 3022 3804 facierum
3041 3754 3219 3814 vocat,
3232 3749 3503 3818 infantes,

1905 3855 2129 3910 pueros,
2154 3845 2212 3895 et
2229 3846 2459 3896 caeteras
2477 3844 2670 3896 aetates
2687 3837 3295 3909 hominum-utriusque
3315 3853 3499 3893 sexus.

1977 3927 2064 3986 10.
2095 3931 2241 3984 Nam
2269 3932 2452 3997 gloria
2476 3934 2687 3984 nostra.
2715 3928 2880 3988 Ratio
2894 3944 2994 3982 cur
3007 3943 3103 3982 eos
3123 3931 3244 3994 si!
3267 3927 3502 3999 adjuva-

1914 4035 1976 4074 re
2001 4017 2258 4077 debeant.
2284 4018 2342 4073 in
2362 4017 2710 4073 orationibus
2739 4015 3016 4086 videlicet,
3049 4016 3183 4087 quia
3212 4016 3502 4071 conscien-

1915 4108 1998 4162 tia
2007 4123 2202 4164 eorum
2221 4107 2384 4162 tostis
2403 4107 2478 4163 sit
2488 4107 2638 4178 quod
2657 4106 2876 4162 sincere
2891 4105 3205 4160 conversati
3222 4105 3341 4160 sint
3349 4105 3507 4164 inter

1921 4213 2079 4344 θοῖί.
2114 4287 2358 4341 Aunaos.
2394 4285 2540 4339 Nam
2581 4287 2782 4353 gloria.
2833 4283 2997 4338 Ratio
3039 4281 3406 4355 quamobrem
3435 4281 3507 4340 de

233 4390 321 4428 na:
342 4338 1007 4446 ogganniam,
1025 4338 1090 4428 ie
1107 4338 1210 4437 es,
1226 4338 1645 4446 insessi;
1663 4338 1836 4432 ssi.
1854 4338 1902 4400 Β
1923 4338 2050 4431 1)εέ
2066 4338 2516 4438 ὲιὸῖάίὲιίάεδει,
2549 4338 2683 4444 qs.
2717 4371 2780 4427 in
2807 4338 3167 4444 simplicitate
3209 4338 3508 4429 conversa;

228 4461 352 4527 Dei,
385 4463 524 4535 quia
553 4467 783 4534 propter
805 4463 986 4535 ipsam
1008 4463 1241 4521 adversa
1268 4463 1603 4520 tolerantur.

1917 4467 2101 4523 batur.
2135 4467 2206 4521 Et
2222 4465 2341 4519 haec
2358 4462 2650 4533 estgloria
2675 4461 3051 4531 conscientiae,
3087 4462 3418 4536 simplicitas
3448 4468 3508 4519 et

301 4550 352 4607 5.
388 4554 455 4608 Ut
474 4567 589 4621 spes
609 4558 820 4607 nostra.
842 4552 984 4607 Cum
1003 4551 1328 4624 principalis
1340 4569 1510 4608 causa
1521 4553 1834 4611 tolerantiae
1913 4556 2226 4612 sinceritas.

222 4640 460 4696 illorum
489 4641 641 4696 dicta
667 4641 744 4696 sit
770 4641 924 4696 salus
957 4647 1188 4708 aeterna,
1235 4641 1406 4698 aliam
1442 4658 1669 4699 causam
1697 4643 1832 4716 sup-

219 4732 408 4801 ponit,
440 4736 508 4784 ut
533 4729 789 4786 videlicet
815 4747 943 4802 spes
968 4747 1090 4797 sua,
1124 4747 1294 4803 quam
1320 4747 1422 4804 pro
1449 4732 1540 4788 his
1566 4732 1828 4802 habebat,

219 4821 392 4874 ﬁrma
415 4826 713 4890 appareat.

283 4909 346 4964 6.
395 4911 646 4964 nanos.
684 4911 809 4964 Non
855 4911 1009 4964 enim
1055 4911 1331 4966 volumus.
1372 4911 1505 4966 Ideo
1541 4911 1829 4982 passiones

214 5013 624 5069 pressurarum
647 4997 877 5066 indicat,
908 5003 975 5053 ut
996 4999 1258 5054 ostendat
1285 5016 1408 5071 quae
1437 5001 1623 5068 mala;
1659 5017 1828 5056 causa

211 5088 424 5144 salutis
457 5104 650 5142 eorum
676 5087 1052 5159 partiebatur;
1076 5095 1141 5143 ut
1163 5105 1276 5143 non
1289 5089 1517 5160 gravius
1533 5091 1761 5154 ferrent,
1777 5091 1824 5146 si

212 5177 287 5232 ab
318 5179 424 5233 illo
455 5178 888 5250 corriperentur,
927 5178 1022 5249 qui
1047 5183 1164 5233 tam
1188 5195 1387 5250 aspera
1407 5196 1509 5251 pro
1543 5179 1656 5235 illis
1681 5180 1825 5235 tole-

215 5268 406 5322 nbat.

286 5356 344 5412 7.
382 5358 596 5411 Lam-ra.
629 5358 754 5412 Non
785 5359 938 5411 enim
977 5361 1248 5412 volumus.
1288 5357 1526 5428 Exponit
1552 5359 1702 5430 quod
1729 5375 1825 5413 su-

212 5447 420 5518 perius
441 5445 607 5500 dixit:
630 5438 756 5501 Sive
783 5449 970 5500 autem
990 5448 1353 5502 tribulamur.
1383 5447 1452 5501 Et
1472 5447 1621 5518 quod
1646 5452 1828 5518 poste-

209 5538 336 5592 rins
377 5555 389 5588 :
420 5535 577 5591 Sicut
604 5537 743 5589 socii
766 5538 1108 5603 passionum,
1137 5541 1244 5592 etc.

277 5624 346 5684 8.
381 5626 508 5693 Qua
533 5627 686 5695 facta
707 5631 786 5681 est
817 5627 881 5680 in
905 5626 1056 5682 Asia.
1087 5626 1216 5685 Non
1231 5626 1303 5682 de
1328 5641 1398 5683 ea
1417 5626 1554 5684 Asia
1579 5625 1831 5701 loquitur

1984 4645 2073 4700 1‘2.
2097 4647 2298 4701 Lassa.
2329 4646 2398 4699 In
2419 4645 2712 4714 sapientia.
2738 4641 3029 4714 Sapientia
3042 4644 3283 4701 carnalis
3302 4651 3391 4703 est
3415 4662 3508 4703 vo-

1911 4735 2158 4808 luptates
2185 4734 2437 4805 diligere,
2471 4731 2691 4788 labores
2720 4732 2918 4787 vitare.

1986 4823 2069 4880 l3.
2103 4824 2207 4881 Sed
2236 4826 2300 4877 in
2327 4825 2535 4891 gratia,
2581 4821 2640 4876 id
2683 4827 2787 4886 est,
2828 4820 3182 4880 observantia
3227 4823 3506 4885 bonorum

1909 4927 2167 4984 operum,
2198 4928 2324 4983 quae
2353 4926 2455 4982 per
2480 4909 2726 4982 gratiam
2754 4911 2857 4966 Dei
2885 4911 3074 4966 datur.

1984 5000 2067 5058 14.
2090 5002 2336 5057 Annos.
2351 5001 2745 5058 Abundantius
2759 5007 2968 5057 autem.
2981 5002 3128 5066 Quia
3143 5017 3275 5058 cum
3289 5002 3364 5058 ab
3381 5003 3507 5059 aliis

1908 5091 2203 5163 acceperit,
2235 5091 2306 5144 ab
2335 5091 2422 5146 his
2451 5090 2748 5157 noluit,»ne
2775 5091 3051 5162 arguendi
3082 5107 3178 5146 eos
3206 5091 3506 5147 auctorita-

1906 5185 2023 5236 tem
2050 5181 2354 5236 amitteret.

1978 5270 2074 5327 15.
2111 5271 2321 5325 Lassa.
2339 5271 2463 5325 Non
2483 5273 2634 5325 enim
2661 5273 2806 5325 alias
2821 5269 3498 5327 scﬁbimusNel-dicitur-z

1909 5361 1972 5415 In
2003 5359 2360 5430 simplicitate
2395 5358 2569 5414 dicis:
2595 5360 2678 5415 Tu
2699 5359 2758 5414 in
2778 5359 2892 5414 alia
2921 5359 3173 5430 Epistola
3196 5359 3507 5431 promisisti

1896 5453 1964 5503 .‘te
1995 5454 2293 5503 venturum
2334 5449 2406 5503 ad
2433 5465 2558 5516 nos,
2599 5457 2658 5503 et
2683 5465 2796 5504 non
2825 5448 3046 5504 venisti.
3077 5450 3205 5504 Non
3241 5465 3388 5518 sum,
3419 5449 3503 5506 in-

1912 5538 2054 5610 quit,
2078 5538 2234 5606 levis,
2263 5538 2398 5610 quia
2424 5553 2547 5608 quae
2569 5537 2786 5610 scripsi,
2812 5542 2872 5593 et
2889 5537 3114 5610 legistis
3141 5537 3202 5594 in
3238 5539 3506 5616 Epistolis

1910 5627 2072 5698 meis,
2101 5643 2199 5690 vos
2225 5627 2317 5686 ita
2344 5625 2847 5701 esssioogupscitis.
