3936 6178
404 299 512 360 219
1404 309 1468 363 Β.
1509 308 1923 368 LANFRANCI
1965 311 2320 369 CANTUAR.
2362 309 2698 366 ARCHIEP.
3106 362 3115 369 ,
3567 300 3672 360 220

410 421 498 483 16.
521 424 698 498 Spero
717 431 905 482 autem
936 427 1085 499 quod
1111 444 1290 501 usque
1315 431 1374 485 in
1396 432 1567 488 ﬁnem
1590 437 1716 489 vita
1735 452 1865 491 meas
1882 437 2247 508 cognoscetis,
2279 436 2424 492 sicut
2439 440 2497 490 et
2515 434 2853 505 cognovistis
2879 449 2982 488 nos
3010 448 3123 487 non
3134 434 3295 501 plene
3318 432 3498 498 (homo
3522 433 3671 485 enim

407 516 552 569 videt
577 518 642 570 in
659 517 828 583 facie;
862 518 1003 571 Deus
1025 523 1213 573 autem
1236 523 1301 574 in
1322 522 1523 591 corde),
1547 526 1639 577 sed
1663 541 1730 579 ex
1760 531 1939 596 parte,
1969 531 2051 581 vel
2075 530 2200 581 vita
2226 542 2375 590 meae,
2405 526 2488 579 vel
2523 540 2635 578 non
2667 524 3010 577 omnes.1deo
3030 522 3377 588 cognoscetis.
3405 520 3495 574 17.
3533 519 3676 583 Quia

404 602 588 673 gloria
615 610 800 660 vestra
828 623 1043 675 sumus,
1072 608 1219 664 sicut
1245 613 1303 664 et
1331 628 1425 666 vos
1454 619 1666 679 nostra,
1699 613 1787 670 18.
1818 615 1877 669 in
1906 616 1997 671 die
2036 616 2262 671 Domini
2291 613 2469 668 nostri
2500 614 2633 668 Jesu
2662 611 2897 669 Christi.
2948 609 3035 667 19.
3070 611 3141 663 Et
3166 610 3273 663 hac
3316 608 3671 675 conﬁdentia,

406 694 542 760 quia
566 708 654 746 vos
676 697 860 761 gloria
881 702 1090 763 nostra,
1123 714 1220 752 nos
1247 706 1442 767 vestra,
1455 702 1602 756 volui
1615 703 1786 774 prius,
1806 721 2000 775 nuper,
2019 706 2209 761 venire
2231 705 2303 759 ad
2331 721 2447 769 vos,
2470 708 2536 757 ut
2552 702 2859 757 secundum
2875 699 3119 770 gratiam
3152 697 3465 752 haberetis:
3491 703 3550 752 et
3569 714 3673 768 per

399 794 497 834 vos
526 782 766 837 transire
794 783 854 838 in
880 782 1284 854 Macedoniam,
1301 793 1359 843 et
1371 790 1578 845 iterum
1606 809 1640 846 a
1668 794 1993 850 Macedonia
2014 795 2206 849 venire
2224 793 2297 847 ad
2316 808 2433 857 vos,
2469 796 2529 845 et
2546 808 2581 845 a
2607 790 2762 844 vobis
2781 788 2981 843 deduci
3010 788 3070 841 in
3096 787 3373 842 Iudaeam.
3409 786 3661 854 Objectio,

407 871 545 936 quia
563 874 806 937 voluisti,
842 889 938 928 nec
963 878 1183 942 venisti,
1217 893 1342 945 ergo
1372 882 1587 934 levitate
1613 898 1745 936 usus
1773 899 1861 938 es:
1882 886 2090 953 etquod
2117 899 2230 937 non
2256 883 2480 948 venisti,
2498 880 2800 934 secundum
2823 893 3070 940 carnem,
3086 878 3146 929 id
3167 881 3260 939 est,
3273 891 3377 943 pro
3397 876 3553 928 lucro
3571 877 3678 928 ali-

404 971 512 1025 quo
539 959 742 1024 fecisti.
766 961 878 1015 Hoc
896 969 1149 1018 removet.
1166 966 1472 1035 Responsio.
1506 969 1646 1023 Cum
1670 987 1804 1042 ergo
1828 972 1933 1027 hoc
1947 971 2271 1036 voluissem,
2292 977 2341 1025 et
2363 986 2476 1024 non
2509 971 2795 1034 venissem,
2820 965 3076 1036 nunquid
3106 963 3333 1018 levitate
3352 978 3488 1017 usus
3513 962 3679 1016 sum?

407 1042 501 1104 20.
529 1046 645 1102 Aut
663 1064 786 1118 quae
805 1051 1008 1121 cogito,
1025 1051 1113 1108 21.
1129 1054 1439 1110 secundum
1452 1072 1680 1113 carnem
1700 1061 1905 1131 cogito,
1927 1079 2076 1117 more
2098 1063 2405 1117 carnaliter
2424 1061 2754 1121 viventium,
2773 1059 2871 1125 qui
2888 1071 2991 1124 pro
3008 1060 3224 1151 terreno
3250 1053 3527 1151 commodo
3551 1065 3678 1151 pro:

412 1136 668 1202 mittunt,
693 1141 774 1192 vel
803 1145 1026 1207 negant,
1049 1146 1112 1195 ut
1140 1142 1216 1197 sit
1243 1144 1391 1215 apud
1418 1161 1510 1201 me
1538 1152 1643 1213 est,
1676 1154 1734 1203 et
1758 1150 1912 1204 non?
1939 1150 2145 1206 Fidelis
2170 1155 2359 1204 autem
2382 1149 2551 1213 Deus,
2584 1148 2787 1200 scilicet
2820 1147 2940 1239 scit,
2966 1142 3100 1239 quia
3125 1157 3311 1239 sermo
3338 1139 3681 1239 nostefjuqui

408 1221 519 1277 fuit
544 1225 695 1295 apud
720 1242 836 1294 vos,
868 1244 981 1283 non
1011 1236 1099 1285 est
1116 1229 1212 1290 2‘2.
1243 1232 1302 1287 in
1328 1233 1424 1288 illo
1453 1240 1558 1302 est,
1592 1242 1649 1291 et
1668 1253 1779 1292 non
1813 1256 1824 1293 :
1860 1242 2227 1307 mutabilitas,
2264 1239 2639 1300 mendacium,
2671 1236 2761 1289 sed
2779 1239 2855 1287 est
2879 1235 3181 1327 in-illoqest.
3209 1229 3478 1327 Dei‘epim
3502 1227 3679 1327 Filius

412 1310 443 1365 J
448 1327 577 1365 esus
601 1313 894 1371 Christus:
932 1319 1028 1389 qui
1050 1319 1110 1374 in
1137 1320 1294 1376 vobis
1317 1340 1419 1394 per
1444 1340 1545 1378 nos
1576 1326 1910 1396 praedicatus
1939 1334 2042 1395 est,
2077 1344 2178 1400 per
2219 1343 2331 1392 me,
2365 1331 2423 1380 et
2462 1325 2788 1397 Sylvanum,
2821 1327 2876 1418 et
2901 1321 3281 1418 Timotheum,
3432 1333 3546 1418 np‘n
3574 1316 3683 1418 fuit

413 1403 519 1465 est,
544 1405 602 1455 et
630 1417 762 1468 non,
781 1405 881 1458 sed
901 1411 988 1460 est
1005 1407 1065 1461 in
1093 1408 1210 1476 illo,
1228 1412 1289 1464 id
1303 1418 1399 1477 est,
1423 1416 1647 1479 veritas,
1680 1414 1787 1469 fuit
1831 1421 1953 1482 88
1974 1415 2064 1483 24,
2081 1415 2171 1473 25.
2191 1417 2480 1486 Quotquot
2497 1413 2647 1468 enim
2670 1410 3066 1506 promissiones
3082 1408 3184 1463 Dei
3205 1413 3356 1506 sunt,
3368 1406 3439 1506 in
3454 1406 3554 1506 illo
3570 1410 3683 1506 98b

409 1502 532 1541 vere
569 1494 1019 1558 completzsunt;
1050 1494 1138 1550 26.
1159 1497 1287 1552 ideo
1302 1503 1360 1553 et
1374 1498 1462 1557 27.
1482 1518 1584 1572 per
1606 1502 1810 1574 ipsum,
1837 1507 2095 1560 dicimus.
2111 1506 2293 1559 Amen
2317 1505 2455 1571 Deo,
2472 1500 2564 1560 ‘28.
2585 1502 2655 1556 ad
2676 1501 2915 1572 gloriam
2935 1503 3211 1554 nostram.
3233 1495 3325 1552 29.
3361 1495 3471 1560 Qui
3489 1500 3682 1549 autem

412 1577 711 1633 conﬁrmat
729 1595 831 1635 nos
856 1582 1208 1652 (quodsermo
1228 1594 1411 1642 noster
1428 1605 1542 1645 non
1559 1596 1656 1657 est,
1674 1598 1768 1658 est,
1807 1599 1857 1647 et
1891 1610 2004 1649 non
2016 1614 2034 1660 ;
2066 1610 2179 1649 non
2210 1610 2275 1648 ea:
2308 1595 2461 1647 nobis
2484 1592 2598 1659 hoc,
2631 1592 2721 1646 sed
2750 1606 2817 1644 ea:
2844 1590 2965 1653 Deo,
2997 1590 3097 1657 qui
3132 1588 3429 1653 conﬁrmat
3456 1600 3554 1638 nos
3580 1598 3680 1637 vo-

416 1663 629 1721 biscum
657 1667 717 1722 in
746 1669 987 1740 Christo,
1019 1672 1107 1729 30.
1138 1680 1197 1730 et
1224 1678 1321 1747 qui
1350 1679 1511 1733 unxit
1538 1696 1662 1747 nos,
1694 1684 1944 1751 spiritali
1972 1685 2248 1747 unctione,
2274 1687 2348 1735 est
2380 1682 2550 1747 Deus,
2584 1679 2680 1750 qui
2704 1683 2762 1733 et
2788 1676 3032 1748 signavit
3060 1692 3182 1742 nos,
3215 1690 3283 1728 ne
3314 1675 3585 1727 violemur
3612 1673 3683 1726 ab

413 1754 576 1820 hoste,
594 1760 651 1809 et
669 1754 726 1814 3t
743 1797 755 1811 .
780 1758 935 1814 dedit
951 1763 1155 1833 pignus
1173 1766 1404 1837 spiritus
1424 1768 1483 1822 in
1511 1769 1771 1825 cordibus
1791 1772 1998 1825 nostris
2021 1773 2098 1839 (id
2117 1776 2214 1839 est,
2244 1771 2485 1825 arrham
2500 1772 2609 1833 sui,
2624 1769 2708 1845 vel
2739 1772 2952 1862 aeterna:
2966 1762 3343 1831 hwreditatis);
3366 1776 3470 1862 9-80
3490 1763 3683 1862 autem

411 1842 511 1913 (ad
531 1844 629 1899 hoc
641 1849 787 1915 quod
802 1854 1058 1918 superius
1074 1855 1219 1908 dixit
1234 1860 1387 1910 votui
1404 1861 1591 1913 venire
1611 1861 1686 1913 ad
1705 1863 1812 1929 vos)
1830 1864 2036 1913 testem
2058 1858 2239 1912 Deum
2270 1858 2466 1912 invoco
2497 1857 2577 1923 in,
2598 1860 2813 1920 contra,
2835 1853 3081 1909 animam
3113 1866 3318 1915 meam,
3341 1852 3392 1903 si
3418 1851 3680 1914 mentior,

416 1932 566 2002 quod
589 1935 899 2003 (conﬁrmat
917 1954 1030 1996 non
1040 1958 1148 2011 pro
1168 1947 1404 2013 levitate,
1419 1951 1501 2002 vel
1515 1951 1815 2016 cupiditate
1834 1965 1946 2003 non
1960 1951 2183 2005 venisse.
2201 1949 2292 2002 sed
2314 1949 2447 2016 quia
2463 1947 2726 2016 quosdam
2740 1960 2931 1998 eorum
2952 1944 3196 1997 noluerit
3206 1936 3437 2009 punire)
3449 1952 3685 2008 parcens

414 2019 591 2087 vobis,
625 2038 692 2076 ne
715 2040 803 2079 vos
826 2043 1018 2097 aspere
1054 2036 1408 2103 corrigerem,
1425 2040 1474 2089 et
1494 2041 1902 2104 contristarem,
1925 2053 2038 2091 non
2061 2036 2183 2090 veni
2206 2036 2376 2101 ultra,
2396 2033 3004 2101 iterum,00rinthum:
3035 2028 3123 2087 32°
3151 2045 3268 2084 non
3296 2027 3430 2128 (Pii?
3581 2024 3687 2079 do-

419 2107 707 2166 minamur
743 2114 871 2169 ﬁdei
904 2123 1121 2185 vostrae,
1154 2137 1266 2176 non
1295 2126 1414 2178 ideo
1434 2126 1554 2180 dico
1575 2143 1829 2196 parcens,
1862 2133 1926 2181 ut
1954 2129 2117 2195 quasi
2142 2128 2372 2180 Domini
2393 2140 2649 2193 cogamus
2665 2124 2838 2177 vosad
2859 2123 3040 2189 ﬁdem,
3060 2136 3178 2188 quae
3202 2134 3308 2190 per
3335 2117 3686 2171 dilectionem

420 2204 685 2267 operatur
712 2204 775 2256 in
798 2206 973 2273 nobis,
1007 2208 1104 2263 sed
1137 2208 1208 2269 34
1234 2211 1522 2283 adjutores
1550 2204 1746 2271 sumus
1785 2215 1978 2288 gaudii
2005 2215 2199 2284 vestri,
2232 2216 2292 2269 id
2331 2219 2427 2282 est,
2458 2213 2821 2282 correptionis
2858 2214 3060 2275 vestrae,
3095 2224 3208 2278 qua
3247 2207 3534 2276 gaudeatis
3562 2204 3687 2257 ιίιε

417 2291 669 2345 aeternas:
700 2306 832 2347 nam
858 2294 969 2350 ﬁde
995 2298 1178 2354 statis.

1751 2375 2345 2431 COMMENTARIUS.

493 2479 578 2574 16.
604 2483 770 2555 Spero
808 2496 1012 2549 autem.
1048 2494 1219 2559 Quasi
1246 2498 1456 2555 diceret
1490 2518 1501 2555 :
1532 2502 1596 2557 In
1620 2502 1766 2557 bono
1797 2503 2269 2574 cogno-Asalute
2297 2505 2493 2556 nostra
2518 2500 2916 2573 prophetatum
2946 2502 3048 2553 est.

412 2569 573 2627 vistis
598 2591 719 2644 nos,
736 2576 792 2632 in
818 2580 1111 2654 principio;
1134 2593 1192 2640 et
1214 2586 1273 2642 in
1296 2587 1443 2644 bono
1473 2569 2009 2663 cognoscetisusque
2160 2590 2249 2648 ‘26.
2284 2569 2538 2647 AMBR05:
2574 2569 2699 2646 Ideo
2729 2596 2776 2644 et
2803 2606 2905 2659 per
2936 2591 3139 2658 ipsum.
3171 2584 3530 2642 Manifestum
3554 2582 3689 2654 quia

413 2658 475 2715 in
495 2662 693 2723 ﬁnem.

493 2749 578 2841 ll.
607 2754 850 2811 Auanos.
886 2759 1027 2825 Quia
1044 2763 1228 2830 gloria
1248 2771 1445 2822 vestra.
1461 2769 1739 2824 Proﬁcere
1752 2770 1861 2824 illis
1882 2770 1960 2841 [al
1969 2811 2004 2836 .,

416 2837 568 2930 illos]
601 2851 810 2913 sperat,
844 2849 978 2918 quia
1001 2851 1392 2922 gloriabantur
1414 2856 1473 2910 in
1498 2874 1583 2924 eo,
1607 2859 1759 2912 velut
1773 2859 1832 2913 in
1851 2837 2010 2930 patre

416 2928 765 3001 charissimo;
785 2936 933 2991 unde
950 2942 1007 2992 et
1021 2939 1261 3010 gloriam
1291 2960 1451 2998 suam
1480 2946 1655 3000 videri
1684 2952 1927 3002 testatur
1951 2949 2008 3002 in

417 3016 564 3107 ﬁlios
590 3019 988 3095 obaudientes;
1021 3034 1080 3083 et
1120 3035 1257 3086 tunc
1284 3032 1478 3102 videri,
1512 3035 1737 3106 quando
1757 3037 2003 3107 prodest,

414 3104 474 3161 id
501 3112 605 3176 est,
637 3109 697 3165 in
721 3112 813 3168 die
830 3115 1049 3185 judicii.

486 3195 582 3255 18.
620 3198 829 3256 Lassa.
871 3207 941 3259 In
988 3208 1076 3261 die
1110 3209 1356 3278 Domini,
1390 3216 1496 3266 etc.
1528 3212 1719 3268 Sancti
1754 3214 1904 3268 enim
1953 3215 2012 3269 in

418 3288 683 3355 praesenti
711 3290 781 3345 de
809 3308 913 3346 sua
940 3292 1091 3350 bona
1123 3299 1464 3354 conscientia
1496 3301 1830 3371 gloriantur,
1864 3307 1928 3357 ut
1952 3303 2010 3357 in

416 3374 636 3443 psalmo
668 3394 680 3429 :
717 3379 910 3434 Omnis
935 3383 1119 3450 gloria
1139 3389 1256 3455 ejus
1286 3390 1415 3451 ﬁliae
1436 3392 1580 3457 regis
1598 3392 1668 3444 ab
1688 3392 1861 3445 intus.

495 3460 581 3518 19.
611 3465 681 3518 Et
708 3467 810 3521 hac
837 3473 1185 3541 conﬁdentia,
1220 3474 1278 3529 id
1311 3482 1416 3538 est,
1445 3483 1676 3548 propter
1704 3479 1849 3533 hanc
1876 3496 2009 3534 con-

417 3548 729 3637 ﬁdentiam,
747 3572 859 3626 qua
885 3575 1179 3629 speramus
1207 3580 1308 3634 per
1324 3565 1659 3620 alterutrum
1682 3568 2007 3637 gloriﬁcari.

490 3636 580 3695 20.
610 3643 857 3701 Aunnos.
888 3649 1002 3703 Aut
1038 3667 1155 3718 quas
1189 3655 1382 3720 cogito.
1414 3653 1523 3718 Qui
1553 3636 1857 3711 secundum
1886 3675 2011 3712 car-

416 3743 549 3784 nem
577 3733 804 3802 cogitat,
840 3740 973 3791 tunc
1000 3738 1200 3810 implet
1227 3741 1477 3810 [al.,non
1494 3743 1712 3815 implet]
1734 3748 1881 3815 quod
1902 3748 2012 3803 dis-

416 3819 600 3890 ponit,
630 3824 853 3891 quando
883 3831 982 3880 aut
1007 3829 1261 3898 personis
1290 3832 1655 3903 amplioribus
1678 3835 1876 3902 defert,
1911 3842 2010 3892 aut
2032 3817 2079 3877 Β

418 3913 572 3964 certe
607 3910 811 3966 litteris
840 3914 919 3985 [at
948 3955 962 3981 ,
992 3915 1172 3988 lucis],
1206 3924 1306 3974 aut
1345 3922 1707 3992 apparatibus
1750 3923 2010 3982 vincitur.

417 3997 737 4069 Spiritualis
751 4006 941 4058 autem
952 4009 1088 4060 tunc
1096 4006 1430 4079 dispositum
1443 4026 1556 4065 non
1569 4011 1645 4065 im
1652 4013 2014 4083 plet,quando

416 4086 633 4158 aliquid
679 4091 1062 4160 providentius
1090 4111 1192 4165 pro
1220 4097 1402 4152 salute
1448 4099 1648 4154 animae
1686 4101 2010 4160 meditatur.

489 4175 578 4233 21.
597 4179 803 4235 LANFR.
832 4180 1148 4239 Secundum
1175 4202 1421 4251 carnem,
1445 4188 1501 4242 id
1521 4193 1626 4256 est,
1638 4194 1803 4244 ‘more
1822 4207 2015 4246 carna-

416 4264 549 4322 liter
569 4267 908 4339 viventium;
950 4272 1047 4344 qui
1083 4290 1184 4345 pro
1227 4280 1452 4331 terreno
1489 4278 1802 4346 commodo,
1854 4279 2015 4335 facile

421 4355 765 4412 voluntatem
794 4376 957 4415 suam
986 4368 1227 4418 mutant.

488 4445 579 4503 2‘2.
616 4449 686 4503 In
721 4452 821 4504 illo
849 4456 948 4520 est,
967 4456 1018 4505 et
1050 4468 1182 4517 non,
1224 4453 1282 4508 id
1311 4459 1418 4520 est,
1447 4454 1768 4526 praedicatio
1796 4463 2008 4525 nostra,

419 4550 535 4590 non
549 4536 740 4592 docuit
754 4555 850 4593 vos
869 4541 1184 4607 mentiri,et
1201 4535 1397 4597 leviter
1416 4550 1638 4601 mutare
1648 4548 2008 4602 sententiam.

489 4623 582 4681 23.
610 4625 734 4681 Non
758 4629 895 4696 fuit,
917 4634 1014 4694 est,
1051 4634 1099 4682 et
1144 4646 1277 4685 non.
1310 4632 1483 4695 Quasi
1512 4634 1725 4690 diceret
1755 4655 1766 4689 :
1803 4637 2013 4692 Praedi-

2089 2679 2150 2735 in
2194 2681 2311 2735 Deo
2357 2679 2563 2735 veritas
2593 2684 2697 2747 est,
2729 2679 2834 2733 hoc
2855 2682 2941 2733 est
2956 2680 3155 2743 Amen,
3199 2673 3558 2730 manifestata
3588 2687 3691 2743 per

2092 2769 2399 2824 Christum.

2160 2857 2250 2915 27.
2280 2859 2492 2915 Lmen.
2527 2860 2629 2912 Per
2671 2860 2853 2927 ipsum
2882 2872 3047 2912 amen
3073 2858 3197 2911 Deo.
3245 2855 3354 2908 Per
3399 2849 3690 2906 Christum

2091 2964 2257 3001 amen
2285 2946 2508 3014 dicitur,
2532 2949 2667 3017 quia
2681 2947 2831 3002 Deus
2846 2947 3035 3012 Pater,
3059 2943 3331 3017 quidquid
3359 2942 3429 2996 de
3460 2956 3527 2993 eo
3555 2953 3688 3010 pro-

2094 3036 2269 3103 misit,
2300 3036 2358 3090 in
2387 3052 2453 3090 eo
2481 3036 2797 3107 complevit.

2165 3125 2255 3180 28.
2281 3127 2367 3179 Ad
2391 3127 2634 3194 gloriam
2662 3131 2929 3179 nostram.
2957 3122 3148 3178 Gloria
3173 3119 3554 3192 apostolorum
3580 3115 3693 3171 fuit

2093 3229 2347 3269 veracem
2385 3214 2690 3285 praedicare
2738 3213 3083 3283 Magistrum,
3112 3216 3170 3267 et
3196 3210 3255 3265 in
3287 3224 3398 3281 quo
3441 3205 3692 3278 promis—

2094 3302 2280 3358 siones
2312 3302 2414 3357 Dei
2441 3303 2732 3374 completas
2751 3307 2903 3357 sunt.

2159 3388 2250 3447 29.
2285 3392 2392 3458 Qui
2418 3397 2605 3445 autem
2636 3395 2947 3459 conﬁrmat.
2977 3387 3147 3454 Quasi
3169 3386 3414 3442 diceret:
3450 3382 3611 3449 Quod
3630 3382 3692 3437 in

2092 3479 2378 3533 Christum
2409 3480 2656 3546 creditis,
2707 3496 2821 3534 non
2859 3483 3065 3533 nostra:
3102 3473 3486 3550 praedicationi
3513 3472 3695 3542 impu-

2091 3572 2213 3622 tare
2260 3568 2494 3636 debetis,
2555 3568 2688 3639 quia
2736 3569 2886 3623 Deus
2929 3574 3031 3634 est,
3065 3567 3226 3638 cujus
3262 3564 3449 3636 gratia
3484 3562 3544 3616 in
3582 3560 3697 3615 ﬁde

2093 3659 2512 3724 conﬁrmamur,
2545 3664 2602 3713 et
2630 3659 2702 3712 ad
2724 3658 3083 3712 serviendum
3111 3655 3218 3710 sibi
3239 3659 3426 3708 mente
3447 3652 3695 3706 delecta-

2092 3762 2239 3813 mur,
2274 3747 2407 3818 quia
2449 3748 2618 3802 etiam
2647 3764 2749 3802 nos
2780 3747 2939 3818 signo
2982 3743 3335 3817 baptismatis
3359 3742 3428 3796 ab
3448 3738 3696 3796 inﬁdeli-

2102 3832 2204 3889 bus
2234 3837 2542 3906 separavit;
2575 3841 2632 3890 et
2670 3836 2944 3907 Spiritum
2974 3838 3252 3902 sanctum,
3274 3838 3495 3887 aeternae
3520 3830 3697 3883 haere-

2098 3924 2291 3979 ditatis
2319 3925 2541 3997 pignus,
2574 3926 2633 3980 in
2663 3924 2924 3980 cordibus
2951 3924 3158 3979 nostris
3186 3922 3366 3981 dedit.

2163 4012 2252 4070 30.
2285 4016 2528 4069 AMBROS.
2583 4018 2690 4082 Qui
2718 4019 2883 4069 unrit
2913 4031 3028 4079 nos,
3054 4013 3112 4067 id
3157 4016 3261 4077 est,
3294 4010 3391 4082 qui
3419 4007 3575 4063 dedit
3600 4022 3696 4060 re-

2094 4100 2247 4171 giam
2274 4102 2783 4170 honoriﬁcentiam,
2811 4108 2877 4157 ut
2905 4102 3043 4157 dicit
3069 4102 3288 4164 Petrus,
3320 4098 3454 4170 quia
3472 4112 3690 4161 sumus,

2096 4190 2301 4262 inquit,
2333 4208 2511 4262 genus
2537 4193 2726 4263 regale
2754 4209 2856 4264 per
2883 4191 3207 4247 unctionem
3234 4188 3565 4261 spiritalem.

2171 4279 2257 4336 3t.
2283 4282 2444 4335 Dedit
2476 4284 2706 4350 pignus.
2741 4280 2801 4336 Si
2824 4280 2976 4335 enim
3005 4280 3188 4335 adhuc
3212 4276 3545 4333 mortalibus
3574 4272 3698 4345 Spi-

2096 4367 2271 4422 ritum
2301 4385 2467 4423 suum
2498 4368 2672 4434 dedit,
2721 4368 2955 4424 dubium
2996 4385 3109 4424 non
3156 4373 3245 4423 est
3284 4366 3422 4438 quin
3445 4366 3565 4436 jam
3593 4364 3703 4416 im-

2096 4456 2430 4514 mortalibus
2455 4459 2695 4528 gloriam
2725 4458 2915 4516 addat.

2164 4545 2256 4603 3'2.
2288 4549 2413 4602 Non
2440 4551 2575 4617 quia
2600 4550 2965 4602 dominamur
2993 4548 3121 4615 ﬁdei
3145 4552 3352 4601 vestrae.
3386 4544 3551 4599 Fides
3581 4557 3702 4596 non

2096 4636 2466 4703 necessitatis,
2503 4636 2599 4691 sed
2634 4636 2937 4692 voluntatis
2967 4653 3057 4691 res
3087 4640 3189 4690 est.
3234 4634 3364 4689 Ideo
3397 4632 3550 4700 dicit,
3582 4647 3703 4685 non

421 4713 566 4768 catio
595 4719 792 4768 nostra
817 4731 931 4770 non
969 4716 1158 4772 docuit
1185 4719 1441 4775 homines
1470 4723 1717 4787 mentiri,
1746 4725 1877 4795 quia
1906 4727 2019 4780 Ma-
2101 4725 2233 4795 quia
2270 4724 2629 4780 dominemur
2651 4726 2783 4781 ﬁdei
2809 4730 3026 4781 vestrae.
3054 4724 3387 4780 Dominatus
3418 4722 3569 4778 enim
3594 4736 3704 4775 ne-

419 4802 599 4874 gister
624 4809 837 4870 noster,
871 4821 1036 4876 quem
1082 4807 1450 4878 praedicamus
1479 4810 1650 4875 vobis,
1686 4829 1799 4867 non
1829 4815 2021 4869 docuit
2100 4812 2420 4867 cessitatem
2444 4813 2631 4868 habet.

427 4907 528 4946 nos
553 4892 623 4946 de
651 4892 848 4947 eadem
891 4910 953 4949 re
980 4895 1185 4962 dicere,
1220 4901 1325 4962 est,
1357 4904 1412 4953 et
1444 4915 1590 4967 non;
1636 4901 1694 4955 id
1745 4908 1847 4969 est,
1894 4920 2020 4975 pro-
2171 4901 2261 4956 33.
2294 4903 2499 4957 Lupa.
2530 4904 3065 4996 Dominamur,_etc_.
3098 4899 3322 4996 Diceret
3366 4898 3539 4996 quis:
3566 4898 3706 4996 Par-

423 4980 573 5037 ferre
597 4982 974 5040 mendacium.
1006 4985 1116 5040 Sed
1144 4991 1238 5053 est,
1258 4990 1480 5042 tantum
1490 4984 1568 5044 ‘de
1589 5006 1650 5044 re
1672 5007 1796 5063 quae
1814 4997 1901 5047 est
1927 5011 1940 5060 ;
1965 4999 2023 5048 et
2102 5006 2233 5045 cens
2259 4996 2396 5046 tunc
2424 4991 2505 5045 vis
2533 5006 2635 5044 nos
2661 5006 2860 5086 cogere
2878 4989 2951 5086 ad
2978 4989 3148 5086 ﬁdem
3200 4987 3326 5041 Non
3355 4992 3459 5086 est,
3492 4984 3709 5056 inquit,

428 5086 543 5126 non
571 5076 666 5138 est,
691 5071 953 5129 similiter
978 5074 1050 5130 de
1076 5092 1139 5132 re
1163 5093 1287 5148 quae
1315 5093 1427 5132 non
1459 5083 1569 5136 est.
2039 5091 2083 5151 ο
2108 5080 2208 5147 ita,
2243 5096 2356 5135 non
2383 5082 2747 5134 dominamur
2781 5080 2909 5148 ﬁdei
2944 5083 3149 5142 vestra,
3176 5092 3291 5131 non
3314 5075 3569 5146 cogimus
3606 5090 3717 5129 vos

496 5160 585 5218 24.
617 5162 884 5232 Quotquot
909 5168 1080 5235 enim,
1133 5165 1190 5219 id
1228 5171 1332 5233 est,
1361 5167 1565 5222 merito
1595 5167 1854 5223 Christus
1883 5170 2027 5225 veri-
2107 5170 2177 5223 ad
2207 5169 2394 5225 ﬁdem.
2426 5168 2529 5222 Vel
2559 5184 2793 5239 parcens
2811 5167 2951 5221 dixit
2975 5167 3044 5221 de
3076 5165 3432 5237 quibusdam,
3467 5163 3564 5235 qui
3592 5162 3717 5217 ﬁde

429 5255 607 5309 tatem
638 5250 847 5320 docuit,
882 5254 1016 5325 quia
1061 5254 1211 5309 Deus
1253 5254 1424 5309 Pater
1460 5256 1863 5327 promissiones
1892 5273 2025 5311 suas
2106 5274 2219 5312 non
2241 5256 2493 5326 stabant;
2518 5261 2577 5312 et
2598 5274 2668 5312 ne
2688 5261 2903 5311 stantes
2930 5256 3040 5310 ﬁde
3061 5260 3328 5326 putarent
3354 5254 3461 5307 hoc
3488 5252 3717 5306 dictum

427 5340 488 5396 in
514 5340 613 5396 illo
638 5342 832 5408 etiam,
854 5342 913 5397 id
941 5349 1045 5409 est,
1077 5359 1225 5410 vere,
1253 5344 1567 5414 complevit.
2106 5345 2177 5399 de
2206 5361 2283 5410 se,
2309 5344 2460 5412 dicit,
2493 5362 2604 5400 non
2629 5345 3137 5433 dominamur
3155 5348 3362 5433 vestra,
3384 5341 3440 5395 id
3470 5346 3718 5433 estpac-

499 5430 591 5487 25.
609 5432 837 5488 Auens?
877 5432 1081 5504 (expos.
1098 5434 1242 5501 psal.
1262 5446 1408 5500 LXXI,
1430 5433 1724 5490 tomVlII.
1733 5438 1747 5499 )
1757 5435 2027 5502 Quotquot
2109 5434 2295 5488 lumus
2321 5450 2577 5489 exercere
2602 5432 2914 5489 dominium
2945 5432 3002 5486 in
3032 5432 3159 5487 illos
3182 5429 3277 5503 qui
3299 5436 3454 5486 stant
3481 5430 3539 5484 in
3567 5429 3709 5497 ﬁde,

432 5522 603 5574 enim.
629 5521 839 5576 Omnes
855 5521 1256 5592 promissiones
1287 5522 1390 5576 Dei
1408 5521 1504 5575 illo
1538 5521 1708 5576 etiam
1751 5522 1807 5575 id
1829 5530 1934 5590 est,
1964 5523 2025 5579 in
2109 5523 2203 5577 sed
2235 5523 2502 5594 adjuvare
2540 5541 2637 5577 vos
2672 5523 2729 5577 in
2772 5521 3166 5576 emendatione
3206 5519 3706 5620 corrigendorum.

434 5607 775 5665 illoﬁrmatae
801 5610 954 5681 ,quia
977 5610 1036 5666 in
1065 5611 1163 5667 illo
1186 5600 1482 5683 impletum
1494 5615 1577 5667 est
1601 5611 1871 5684 quidquid
1923 5629 2025 5686 pro
2176 5612 2271 5670 34.
2311 5614 2558 5668 AMBROS.
2592 5614 2880 5681 Adjutores
2900 5612 3101 5678 gaudii
3129 5613 3313 5664 vestri.
3347 5609 3438 5664 Sic
3464 5609 3525 5664 in
3554 5605 3715 5664 malo
