4040 6186
309 332 408 390 221
964 337 1044 393 IN
1081 338 1148 393 D.
1190 338 1406 397 PAULI
1444 340 1670 399 EPIST.
1709 341 2083 401 COMMENT.
2128 370 2194 384 —
2235 340 2458 399 EPIST.
2501 340 2574 396 ΙΙ.
2614 340 2712 397 AD
2751 340 2913 398 00R.

3455 335 3566 398 222

1759 519 2003 576 CAPUT
2039 520 2112 575 Π.

371 673 563 728 Statui
600 677 791 728 autem
832 674 938 729 hoc
967 675 1151 746 ipsum
1183 677 1333 748 apud
1362 694 1454 732 me
1481 694 1594 734 non
1621 682 1827 745 venire,
1865 696 1938 734 ne
1978 679 2186 735 iterum
2224 679 2285 734 in
2308 678 2541 734 tristitia
2569 678 2817 733 venirem
2858 677 2929 732 ad
2961 692 3079 741 vos,
3120 674 3164 732 ι.
3198 675 3257 730 Si
3281 675 3433 730 enim
3462 690 3566 746 ego

299 762 573 816 contristo
594 780 708 829 vos,
734 769 793 817 et
813 764 937 834 quis
960 772 1045 818 est
1065 765 1161 836 qui
1189 783 1279 820 me
1299 766 1579 822 laetiﬂcet?
1603 773 1730 833 89
1746 768 1858 823 nisi
1883 768 1979 840 qui
2007 769 2372 823 contristatur
2392 783 2458 822 ex
2477 784 2567 821 me
2588 784 2749 822 suam
2769 782 2870 836 per
2888 768 3282 835 correptionem
3305 765 3533 831 laetiﬁcat
3547 768 3571 816 Ρ

296 848 351 911 2.
384 849 437 903 3.
465 851 537 904 Et
566 851 673 905 hoc
694 851 902 923 ipsum,
935 855 1078 923 quod
1098 870 1166 908 ne
1196 871 1286 908 vos
1315 859 1701 911 contristarem
1741 873 1851 912 non
1881 861 2024 925 veni,
2057 858 2255 929 scripsi
2281 856 2453 924 vobis,
2486 859 2604 911 ideo
2632 861 2697 911 ut
2726 872 2839 910 non
2865 871 2993 909 cum
3024 870 3247 921 venero,
3279 852 3569 907 tristitiam

298 940 753 1007 impaenitudinis
773 946 958 1011 qestra:
984 958 1155 1012 super
1176 943 1467 999 tristitiam
1499 949 1702 1013 peccati
1727 946 1985 1013 habeam,
2017 947 2086 1000 de
2113 945 2335 1016 quibus,
2359 948 2418 1000 id
2446 951 2538 1012 est,
2561 946 2625 999 de
2644 946 2811 1008 vobis,
2835 948 3159 1015 Oportuerat
3181 959 3272 996 me
3290 941 3566 1013 gaudere;

301 1032 488 1081 tamen
506 1028 797 1082 conﬁdens
816 1028 875 1082 in
896 1030 1155 1084 omnibus
1180 1031 1354 1099 vobis,
1378 1032 1510 1103 quia
1527 1050 1716 1089 meum
1739 1035 2033 1106 gaudium,
2060 1035 2311 1089 omnium
2332 1040 2580 1089 vestrum
2611 1038 2715 1100 est,
2740 1036 2874 1102 quia
2905 1034 2967 1087 de
2996 1038 3174 1086 vestra
3193 1033 3571 1086 emendatione

302 1117 566 1184 gaudebo.
601 1117 747 1171 Nam
779 1135 846 1172 ex
874 1119 1051 1173 multa
1078 1120 1462 1189 tribulatione,
1495 1126 1751 1191 tristitia,
1787 1128 1845 1179 et
1872 1125 2135 1195 angustia
2162 1122 2345 1179 cordis
2366 1122 2566 1194 scripsi
2593 1121 2747 1177 vobis
2777 1138 2876 1193 per
2905 1121 3111 1175 multas
3129 1120 3424 1191 lacrymas,
3457 1134 3571 1174 non

302 1206 416 1258 ideo
436 1206 561 1259 dico
573 1222 679 1274 per
696 1210 902 1259 multas
933 1212 997 1261 ut
1023 1209 1452 1277 contristemini,
1488 1211 1586 1265 sed
1608 1216 1673 1266 ut
1694 1212 1882 1268 sciatis
1909 1229 2079 1283 quam
2102 1212 2439 1267 charitatem
2459 1212 2697 1267 habeam
2728 1209 3107 1266 abundantius
3136 1208 3196 1263 in
3223 1208 3398 1263 vobis.
3424 1209 3476 1262 4.
3511 1208 3572 1264 Si

300 1292 423 1363 quis
435 1298 632 1347 autem
662 1295 958 1348 utadulter
969 1296 1339 1364 contristavit,
1360 1314 1474 1352 non
1489 1315 1579 1352 me
1594 1316 1847 1368 prorsus,
1868 1305 1950 1358 vel
1970 1306 2189 1356 tantum
2203 1302 2470 1357 contrista
2479 1301 2573 1365 vit,
2593 1301 2691 1355 sed
2711 1316 2782 1354 ex
2806 1305 2985 1371 parte,
3002 1301 3063 1353 id
3077 1290 3171 1368 est,
3189 1300 3568 1366 aliquantum,

298 1384 378 1435 vel
407 1398 518 1449 vos,
545 1388 614 1436 ut
636 1383 772 1451 (ideo
793 1384 939 1451 dico,
972 1387 1023 1437 si
1054 1388 1179 1454 quis
1207 1389 1288 1440 vel
1313 1393 1577 1456 exparte,
1600 1389 1720 1442 dico
1749 1405 1833 1443 me
1860 1393 2272 1456 contristatum,
2306 1407 2376 1444 ne
2395 1406 2482 1444 vos
2513 1391 2937 1457 contristemini)
2969 1404 3084 1443 non
3108 1390 3322 1456 peccato
3345 1400 3573 1439 onerem

298 1486 498 1525 omnes
518 1488 637 1537 vos,
667 1476 748 1525 vel
774 1476 874 1539 ita,
909 1490 1021 1528 non
1042 1491 1106 1528 ea:
1129 1478 1235 1529 toto
1264 1492 1351 1530 me
1377 1479 1743 1545 contristavit,
1763 1480 1855 1533 sed
1883 1495 1947 1532 ea:
1961 1485 2140 1548 parte,
2164 1484 2227 1532 ut
2257 1494 2371 1533 non
2397 1494 2636 1544 onerem,
2658 1478 2718 1531 id
2736 1482 2829 1541 est,
2864 1493 2930 1531 ne
2948 1493 3038 1531 vos
3052 1490 3346 1545 gravarem
3365 1476 3577 1528 contri-

298 1563 536 1614 statione
560 1565 743 1615 tanta.
778 1562 996 1616 Sufﬁcit
1016 1562 1099 1616 illi
1121 1564 1335 1635 (tamen
1345 1569 1470 1635 jam
1494 1582 1620 1620 eum
1650 1569 1846 1622 debetis
1865 1572 2125 1637 recipere,
2152 1570 2251 1636 qui
2269 1583 2500 1621 uxorem
2516 1568 2700 1635 patris
2719 1566 2905 1633 duxit)
2930 1565 3027 1635 qui
3051 1562 3323 1634 ejusmodi
3349 1566 3454 1631 est,
3475 1565 3577 1631 qui

301 1664 404 1713 me,
438 1654 488 1702 et
517 1665 610 1703 vos
629 1653 1000 1717 contristavit,
1034 1650 1350 1723 objurgatio
1382 1654 1516 1720 haec,
1544 1671 1666 1726 quae
1694 1656 1759 1710 fit
1781 1672 1817 1711 a
1843 1658 2119 1728 pluribus,
2152 1673 2188 1710 a
2217 1673 2321 1722 me,
2352 1661 2399 1710 et
2427 1672 2464 1710 a
2488 1656 2655 1721 vobis,
2686 1656 2911 1722 sufﬁcit.
2949 1654 3036 1707 Ita
3063 1658 3125 1706 ut
3147 1669 3178 1705 e
3208 1651 3489 1705 contrario
3516 1651 3568 1706 5.

302 1737 484 1807 magis
511 1737 756 1805 donetis,
781 1744 1067 1808 peccatum
1094 1742 1303 1795 donare
1337 1743 1591 1809 debeatis,
1620 1750 1678 1798 et
1703 1745 2085 1813 consolemini,
2118 1748 2396 1801 consolari
2420 1747 2599 1813 magis
2634 1759 2805 1812 quam
2840 1745 3184 1797 contristari.
3218 1740 3270 1795 6.
3309 1741 3395 1794 Ne
3429 1740 3575 1794 forte

303 1824 707 1880 abundantiori
740 1827 972 1882 tristitia
1011 1828 1401 1896 absorbeatur,
1433 1834 1638 1886 scilicet
1669 1836 1720 1887 si
1759 1836 2085 1904 abjeceritis,
2130 1851 2196 1889 ne
2225 1835 2385 1888 cadat
2430 1836 2493 1888 in
2521 1834 2970 1902 desperationem,
3017 1829 3113 1900 qui
3156 1827 3435 1900 ejusmodi
3466 1831 3571 1883 est.

302 1915 543 1986 Propter
572 1915 744 1985 quod,
776 1933 842 1970 ne
862 1918 1237 1986 absorbeatur,
1260 1918 1488 1975 obsecro
1507 1937 1604 1976 vos
1628 1926 1693 1975 ut
1720 1925 2028 1991 recipiendo
2047 1939 2173 1977 eum
2192 1921 2536 1977 conﬁrmetis
2555 1920 2614 1975 in
2634 1920 2795 1975 illum
2810 1919 3164 1974 charitatem.
3214 1918 3578 1986 Suscipientes

304 2007 629 2073 conﬁrmate
657 2005 986 2059 charitatem
1015 2012 1270 2061 vestram.
1309 2007 1444 2063 Ideo
1477 2009 1629 2064 enim
1669 2016 1727 2065 et
1757 2011 1974 2082 scripsi,
2005 2018 2072 2067 ut
2105 2028 2434 2083 cognoscam
2469 2010 2912 2082 experimentum
2946 2012 3194 2063 vestrum
3222 2008 3366 2076 quod
3393 2011 3487 2072 est,
3514 2010 3580 2060 ut

304 2096 569 2163 experiar
593 2097 798 2160 vos,vel
828 2096 1081 2149 studium
1113 2101 1376 2165 vestrum,
1404 2098 1454 2152 7.
1478 2114 1552 2153 an
1580 2099 1638 2152 in
1668 2098 1929 2154 omnibus
1956 2106 2017 2154 ut
2040 2103 2103 2155 in
2123 2102 2429 2169 expellendo
2447 2102 2628 2170 prius,
2654 2102 2735 2153 ita
2755 2102 2820 2153 in
2838 2114 2929 2152 reo
2950 2098 3259 2166 recipiendo
3281 2111 3436 2150 nunc
3454 2093 3582 2149 obe-

302 2183 529 2237 dientes
555 2184 703 2236 mihi
719 2181 865 2237 sitis.
890 2184 1011 2238 Ideo
1042 2186 1255 2239 obedire
1283 2187 1499 2240 debetis.
1533 2186 1637 2241 Cui
1667 2193 1878 2255 autem,
1910 2192 2079 2255 enim,
2106 2189 2317 2261 aliquid
2349 2188 2617 2254 donastis,
2653 2190 3000 2242 condonastis
3031 2191 3088 2241 et
3109 2202 3212 2256 ego
3242 2186 3578 2239 condonavi:

303 2276 383 2327 sic
404 2277 458 2325 et
470 2286 562 2325 vos
580 2271 725 2325 mihi
743 2274 1002 2340 faciatis;
1032 2288 1163 2327 nam
1186 2278 1241 2328 et
1262 2290 1366 2344 ego
1391 2274 1676 2347 (repetitio)
1698 2277 1846 2347 quod
1874 2276 2095 2344 donavi,
2122 2277 2170 2332 si
2199 2276 2334 2348 quid
2364 2276 2584 2343 donavi,
2617 2280 2849 2347 propter
2874 2291 2990 2342 vos,
3022 2276 3218 2329 debetis
3240 2274 3337 2327 hoc
3355 2278 3583 2342 propter

304 2379 410 2429 me,
440 2365 582 2430 quia
611 2377 703 2429 ego
718 2367 944 2431 propter
972 2378 1060 2416 vos
1079 2364 1186 2430 feci
1210 2366 1494 2431 similiter,
1523 2381 1689 2433 agens
1709 2367 1807 2420 hoc
1825 2383 1938 2421 non
1961 2383 2066 2436 pro
2094 2383 2197 2433 me,
2222 2367 2313 2421 sed
2341 2366 2401 2419 in
2426 2380 2664 2437 persona
2695 2364 2921 2427 Christi,
2954 2364 3006 2431 8,
3038 2360 3090 2419 9.
3118 2368 3183 2417 ut
3212 2378 3326 2417 non
3345 2361 3582 2416 circum-

303 2451 607 2505 veniamur
637 2467 673 2504 a
698 2451 927 2519 Satana,
958 2455 1094 2520 quia
1121 2455 1173 2505 si
1194 2454 1432 2520 donatis,
1463 2459 1511 2508 et
1539 2471 1650 2523 ego,
1679 2470 1795 2509 non
1816 2458 1923 2510 erit
1940 2456 2217 2509 discordia
2238 2458 2388 2509 inter
2409 2471 2527 2512 vos:
2562 2469 2677 2508 non
2696 2453 2847 2507 enim
2867 2453 3194 2524 ignoramus
3215 2450 3583 2522 cogitationes

304 2541 453 2611 ejus.
494 2539 737 2595 Satanae.
768 2538 853 2596 10.
887 2541 1029 2595 Cum
1057 2541 1333 2596 venissem
1371 2547 1562 2598 autem
1592 2543 1867 2599 Troadem
1904 2548 2135 2615 prapter
2158 2543 2523 2614 Evangelium
2561 2541 2789 2607 Christi,
2837 2545 2894 2595 et
2921 2541 3128 2595 ostium
3158 2539 3295 2593 mihi
3323 2543 3583 2611 apertum

304 2630 539 2685 essetin
570 2629 832 2697 Domino,
858 2633 1125 2684 introitus
1145 2632 1290 2698 ﬁdei,
1321 2636 1384 2685 ut
1409 2646 1495 2687 me
1514 2635 1577 2687 in
1598 2636 1741 2701 illos,
1774 2635 1834 2687 id
1861 2638 1957 2700 est,
1988 2635 2052 2687 in
2072 2648 2263 2686 eorum
2289 2634 2472 2698 corda,
2495 2635 2576 2686 vel
2598 2634 2722 2685 illos
2742 2633 2807 2685 in
2826 2646 2910 2683 me
2926 2631 3278 2699 pradicando
3300 2630 3585 2682 intromit-

309 2726 506 2781 terem,
530 2736 647 2773 non
671 2718 844 2773 habui
868 2718 1122 2789 requiem
1143 2719 1365 2791 spiritui
1387 2737 1533 2788 meo,
1560 2722 1709 2792 quod
1734 2738 1846 2777 non
1866 2722 2172 2777 invenerim
2198 2720 2219 2778 1
2241 2722 2284 2778 l.
2306 2721 2496 2776 Titum
2515 2725 2646 2787 90
2664 2720 2895 2775 fratrem
2916 2735 3127 2781 meum.
3147 2720 3247 2787 qui
3264 2735 3348 2773 me
3355 2721 3582 2787 juvaret

307 2810 737 2878 interpretando
764 2810 909 2877 quod
932 2810 1318 2877 pradicarem,
1353 2810 1452 2865 sed
1488 2809 1569 2867 1‘2.
1594 2811 1924 2866 valefaciens
1942 2813 2041 2878 eis,
2067 2811 2345 2884 profectus
2368 2827 2495 2866 sum
2515 2811 2574 2864 in
2596 2809 2999 2865 Macedoniam.
3028 2809 3143 2863 Deo
3162 2812 3352 2862 autem
3369 2806 3582 2878 gratias

305 2900 544 2969 (iterum
562 2899 910 2952 commendat
926 2914 979 2952 se
993 2902 1056 2951 ut
1075 2900 1301 2952 verbum
1322 2916 1489 2954 suum
1509 2903 1841 2972 recipiatur)
1855 2901 1951 2972 qui
1972 2917 2194 2972 semper
2211 2900 2527 2971 triumphat
2543 2915 2645 2953 nos
2664 2899 2723 2953 in
2739 2898 2963 2953 Christo
2981 2898 3009 2951 J
3015 2913 3133 2963 esu,
3149 2901 3207 2951 et
3226 2894 3309 2953 13.
3331 2896 3580 2962 odorem,

298 2990 787 3057 praedicationem,
820 2986 1033 3042 notitiae
1061 3003 1176 3042 suae
1203 2988 1524 3044 manifestat
1549 3006 1652 3062 per
1676 3007 1780 3045 nos
1804 2990 1864 3045 in
1894 2991 2047 3046 omni
2074 2991 2216 3056 loco,
2249 3006 2361 3044 non
2381 2992 2561 3043 solum
2592 2989 2828 3054 Troades,
2860 2988 2954 3041 sed
2979 2990 3043 3040 in
3071 2988 3226 3040 omni
3254 2988 3384 3051 loco,
3406 2985 3585 3039 Mace-

1655 3181 2250 3243 COMMENTARIUS.

307 3403 482 3460 opere
506 3385 742 3441 tristitia
760 3390 866 3451 est,
892 3387 975 3441 ita
992 3386 1052 3441 in
1072 3386 1464 3443 emendatione
1481 3388 1780 3459 gaudium;
1810 3389 1975 3449 hu-A
1994 3389 2149 3455 dum,
2185 3387 2345 3459 quasi
2373 3387 2558 3441 locum
2586 3386 2735 3457 apud
2760 3386 2939 3440 Deum
2959 3387 3079 3457 jam
3103 3402 3217 3441 non
3246 3384 3498 3441 haberet.

302 3478 397 3547 jus
448 3481 647 3530 autem
694 3475 885 3546 gaudii
941 3475 1168 3546 adjutor
1213 3481 1352 3543 erat,
1408 3477 1543 3531 dum
1600 3476 1913 3533 volentibus
2068 3478 2119 3531 7.
2150 3478 2241 3532 An
2268 3479 2333 3530 in
2360 3478 2637 3530 omnibus.
2665 3476 2950 3540 Quantum
2980 3476 3148 3530 datur
3171 3474 3431 3547 intelligi,
3461 3473 3590 3530 obe-

310 3564 621 3619 emendare
650 3564 1064 3619 admonitiones
1094 3564 1381 3619 offerebat.

380 3652 556 3707 CAP.
596 3651 672 3706 II.
710 3683 764 3692 -—
806 3651 852 3708 i.
884 3653 1095 3709 Lean.
1127 3653 1193 3708 Si
1227 3656 1378 3707 enim
1413 3670 1505 3721 ego
1536 3656 1818 3711 contristo.
1853 3652 1914 3709 Si

310 3744 512 3796 doctor
558 3740 912 3811 corripiendo
968 3741 1264 3796 contristat
1316 3742 1673 3813 discipulum,
1721 3741 1917 3797 laetitia

310 3830 465 3886 illius
484 3835 592 3895 est,
619 3829 666 3883 si
687 3829 995 3900 discipulus
1016 3830 1087 3883 ad
1113 3830 1499 3901 paenitentiam
1528 3830 1915 3889 contristatur.

383 3919 439 3975 ‘2.
473 3920 542 3973 Et
573 3920 672 3973 hoc
707 3922 910 3987 ipsum.
955 3919 1116 3997 Quod
1163 3924 1248 3973 est
1291 3919 1630 3974 contristans
1658 3936 1771 3985 vos,
1804 3936 1919 3975 non

313 4009 584 4075 lmtiﬁcet,
626 4007 735 4062 nisi
774 4023 873 4062 vos
917 4007 1023 4082 ipsi
1072 4007 1144 4061 ad
1184 4008 1572 4079 paenitentiam
1619 4008 1917 4063 contriste-

314 4098 480 4151 mini.

388 4185 443 4240 3.
501 4186 748 4240 “suos.
794 4185 862 4239 Et
904 4185 1000 4244 hoc
1037 4186 1241 4254 ipsum.
1286 4183 1499 4240 Idcirco
1537 4202 1598 4240 se
1625 4186 1761 4241 dicit
1786 4187 1919 4243 scri-

315 4275 519 4345 psisse,
550 4277 837 4345 ut‘postea
862 4273 1092 4328 veniens
1117 4289 1231 4329 non
1261 4279 1426 4341 esset,
1454 4274 1604 4330 unde
1628 4276 1921 4332 contrista-

314 4370 497 4430 retur,
529 4362 767 4417 sublatis
793 4362 963 4417 vitiis.

384 4452 440 4505 4.
462 4453 678 4508 Lara.
700 4452 768 4508 Si
784 4454 910 4521 quis
923 4457 1129 4506 autem.
1150 4452 1209 4508 Si
1227 4452 1371 4523 quis,
1389 4452 1593 4524 inquit,
1611 4454 1921 4525 praedicans

310 4542 674 4596 contristavit
700 4558 810 4607 me,
842 4557 954 4595 non
995 4558 1085 4595 me
1113 4542 1506 4596 tantummodo
1545 4543 1917 4610 contristavit,

1993 3566 2213 3620 dientes
2242 3566 2344 3619 hos
2371 3566 2546 3619 tactos
2572 3565 2631 3620 in
2659 3564 2875 3620 caeteris
2903 3564 3122 3636 probat.

2064 3651 2118 3710 8.
2165 3655 2226 3708 Ut
2254 3670 2368 3707 non
2396 3656 2924 3708 circumveniamur.
2949 3653 3100 3708 Dicit
3124 3653 3260 3725 quia
3284 3652 3592 3709 consolatio

1997 3742 2164 3797 debet
2180 3741 2467 3813 subsequi,
2497 3759 2568 3797 ue
2587 3742 2845 3797 diabolus
2868 3747 3137 3813 suggerat
3162 3742 3234 3809 ei,
3257 3748 3321 3798 ut
3340 3743 3427 3797 vel
3447 3758 3591 3814 prm-

2000 3830 2252 3886 sentibus
2277 3830 2516 3898 fruatur,
2549 3831 2647 3903 qui
2674 3830 2744 3887 de
2772 3847 2870 3904 spe
2898 3830 3075 3887 futuri
3101 3831 3319 3902 pmmﬁ
3342 3830 3594 3903 dejectus

1999 3926 2103 3975 est.
2910 3926 2915 3933 ’

2071 4009 2122 4065 9.
2155 4008 2363 4064 LANF'n.
2401 4009 2463 4064 Ut
2492 4024 2606 4064 non
2632 4012 3161 4077 circumveniamur,
3186 4009 3247 4064 id
3271 4012 3374 4077 est,
3395 4013 3461 4065 ut
3480 4024 3595 4064 non

2001 4099 2077 4153 sit
2094 4099 2244 4153 inter
2265 4115 2362 4153 vos
2390 4097 2683 4152 discordia.

2073 4185 2158 4244 10.
2193 4188 2331 4242 Cum
2357 4189 2624 4242 venissem
2651 4190 2859 4251 autem,
2900 4191 3007 4241 etc.
3050 4186 3328 4241 Excusato
3357 4201 3419 4241 se
3443 4186 3594 4257 quod

2000 4294 2115 4332 non
2150 4276 2385 4343 venerit,
2423 4281 2621 4331 narrat
2655 4275 2805 4347 quod
2842 4274 2991 4340 fecit,
3023 4275 3423 4330 commendans
3450 4291 3511 4329 se
3535 4274 3595 4330 in

2003 4366 2200 4422 eodem
2238 4381 2425 4437 opere,
2457 4381 2529 4421 ne
2557 4381 2654 4419 vos
2689 4364 3084 4420 contristarem
3119 4379 3235 4419 non
3269 4362 3416 4431 veni,
3454 4364 3595 4421 Cum

2001 4461 2187 4510 autem
2215 4458 2479 4509 venissem
2516 4455 2796 4520 Troadem,
2830 4458 2935 4508 etc.
3274 4501 3279 4509 .

2072 4543 2161 4601 11.
2208 4546 2393 4598 Titum
2419 4545 2678 4611 fratrem.
2720 4543 2879 4598 Titus
2903 4542 3011 4598 iste
3037 4542 3317 4615 interpres
3342 4544 3598 4616 Apostoli

310 4631 414 4685 sed
446 4647 546 4685 vos
572 4647 641 4684 ex
667 4635 848 4701 parte,
883 4629 940 4684 id
962 4634 1063 4695 est,
1100 4631 1370 4700 quosdam
1401 4647 1469 4685 ex
1494 4630 1670 4697 vobis,
1714 4638 1780 4687 ut
1808 4649 1921 4687 non
1937 4682 1983 4706 η
2004 4638 2145 4701 erat,
2176 4637 2234 4688 et
2263 4634 2465 4687 horum
2492 4632 2687 4703 lingua
2722 4632 3037 4704 expressius
3064 4632 3401 4704 loquebatur
3426 4649 3599 4706 quam

312 4735 554 4774 onerem
579 4736 676 4774 vos
702 4735 916 4786 omnes,
950 4724 1007 4773 et
1036 4719 1163 4774 ideo
1190 4719 1313 4774 dico
1335 4737 1431 4775 vos
1453 4736 1520 4775 ex
1539 4725 1699 4792 parte
1719 4721 1921 4776 contri-

310 4813 520 4873 statos,
571 4813 641 4863 ut
682 4825 825 4862 onus
863 4808 1111 4863 tristitiae
1152 4824 1266 4863 non
1310 4809 1597 4881 imponam
1637 4809 1916 4875 omnibus,

313 4914 433 4952 non
459 4897 616 4952 enim
644 4913 858 4966 omnes,
883 4897 1166 4969 justitiam
1195 4896 1409 4953 sincere
1435 4898 1685 4969 diligitis.
1732 4900 1925 4954 Potest

314 4992 374 5041 et
398 4987 483 5041 ita
516 4986 778 5057 intelligi,
808 5002 925 5042 non
951 5003 1046 5043 me
1073 4988 1425 5042 contristavit
1458 5004 1523 5043 ex
1551 4992 1691 5056 toto,
1722 4988 1820 5043 sed
1850 5006 1922 5043 ex

389 5165 449 5221 5.
478 5166 660 5233 Magis
690 5166 925 5227 donetis,
957 5169 1063 5220 etc.
1099 5165 1246 5221 Satis
1274 5165 1669 5237 comprobatur
1695 5170 1922 5237 aposto-

312 5253 440 5308 lum
496 5269 612 5308 non
662 5254 986 5308 contristari
1049 5271 1149 5325 pro
1198 5254 1553 5321 fornicatore,
1597 5254 1693 5325 qui
1746 5253 1924 5326 patris

312 5359 558 5397 uxorem
595 5343 853 5410 duxerat,
896 5360 962 5398 ex
991 5343 1095 5398 hoc
1124 5343 1273 5414 quod
1309 5343 1475 5398 modo
1515 5341 1825 5414 subjungit,
1860 5348 1925 5398 ut

314 5432 632 5503 recipiatur
660 5436 719 5486 et
742 5432 1079 5487 consoletur.

389 5521 448 5576 6.
490 5522 737 5577 “suos.
795 5522 873 5576 Ne
922 5524 1062 5589 forte
1113 5523 1541 5589 abundantiare,
1594 5521 1653 5575 id
1699 5526 1803 5589 est,
1853 5537 1923 5575 ne

312 5610 632 5682 desperans
658 5610 732 5666 de
758 5627 838 5679 se,
869 5611 1033 5667 daret
1059 5610 1312 5667 animum
1337 5610 1406 5665 ad
1435 5611 1711 5668 mundum
1738 5611 1924 5667 fruen-

1937 4682 1985 4742 B

2002 4722 2321 4794 Apostolus.

2080 4811 2164 4868 12.
2209 4812 2328 4866 Vale
2357 4812 2563 4879 faciem
2595 4812 2689 4877 eis,
2721 4815 2829 4870 etc.
2865 4810 2952 4866 Ad
2990 4811 3096 4866 hoc
3120 4812 3272 4883 quod
3299 4812 3440 4867 dixit
3466 4829 3599 4885 par-

2004 4914 2136 4953 cens
2162 4897 2318 4953 vobis
2344 4914 2458 4953 non
2489 4897 2615 4952 veni
2646 4899 2997 4962 Corinthum,
3023 4900 3121 4956 sed
3149 4900 3274 4955 veni
3297 4901 3594 4968 Troadem,

2005 4986 2102 5041 ubi
2149 5004 2241 5042 me
2286 4987 2527 5042 libenter
2562 4987 2887 5055 audiebant,
2932 4989 3038 5045 hoc
3076 4994 3164 5045 est
3208 4990 3419 5046 ostium
3458 4989 3601 5046 mihi

2005 5080 2264 5148 apertum
2289 5081 2410 5148 est;
2442 5080 2499 5130 et
2516 5076 2595 5131 sic
2621 5077 2883 5133 hortatur
2908 5082 2974 5133 ut
2998 5084 3055 5134 et
3081 5079 3177 5134 isti
3197 5079 3439 5134 libenter
3460 5079 3602 5135 acci-

2006 5165 2182 5237 piant,
2210 5170 2506 5237 postquam
2534 5165 2639 5219 hoc
2665 5167 2736 5221 de
2762 5167 2875 5221 illis
2901 5167 3223 5223 audierunt.

2081 5254 2164 5311 l3.
2230 5255 2477 5309 Asianos.
2549 5255 2778 5309 Odorem
2844 5258 3070 5311 notitiai.
3138 5254 3601 5312 Praedicationem

2007 5342 2234 5407 Christi,
2267 5342 2393 5397 ideo
2422 5342 2559 5397 dicit
2587 5343 2834 5408 odorem,
2867 5343 3002 5414 quia
3033 5344 3181 5398 sicut
3206 5360 3298 5397 res
3319 5344 3599 5415 quadam,

2005 5448 2134 5487 cum
2164 5447 2277 5486 non
2314 5431 2628 5499 videantur,
2665 5449 2768 5503 per
2794 5432 3023 5487 odorem
3057 5437 3490 5502 cognoscuntur,
3519 5433 3604 5490 ita

2004 5520 2298 5575 invisibilis
2326 5521 2477 5575 Deus
2503 5538 2605 5592 per
2624 5519 3078 5592 praedicationem
3106 5520 3317 5578 Christi
3345 5539 3406 5578 se
3427 5524 3605 5581 voluit

2004 5608 2261 5681 intelligi.
