3936 6178
435 319 546 378 223
1414 329 1479 383 B;
1519 329 1935 387 LANFRANCI
1975 329 2336 387 CANTHAR'
2379 329 2717 386 ARCHIEP.
3591 325 3697 385 224

440 449 647 504 ἀοηίέεε
685 451 1003 521 (Responsio)
1041 450 1170 523 quia
1201 451 1410 508 Christi
1437 453 1526 520 14,
1564 454 1644 523 15,
1678 454 1768 513 ‘16.
1800 456 2002 522 bonus,
2031 459 2240 524 suavis,
2273 455 2413 510 odor
2437 473 2633 511 sumus
2673 457 2810 524 Deo,
2840 461 2904 512 in
2938 459 3092 512 nobis
3118 459 3194 510 est
3222 455 3353 508 odor
3382 452 3606 516 Christi,
3642 453 3701 504 id

439 543 534 605 est,
556 540 880 620 przdz'eatio
912 539 972 593 in
995 539 1066 594 iis
1097 540 1192 612 qui
1221 542 1358 596 salvi
1388 544 1552 610 ﬁunt,
1579 549 1635 598 et
1665 545 1725 599 in
1750 545 1820 599 iis
1850 545 1946 616 qui
1975 548 2243 616 pereunt:
2277 544 2364 599 '17.
2401 545 2525 598 aliis
2553 545 2778 615 quidem
2810 545 2952 599 odor
2978 543 3175 598 mortis
3204 543 3264 598 in
3295 545 3554 605 mortem,
3590 555 3702 593 non

438 628 504 676 ut
522 627 671 693 odor,
697 628 759 680 id
777 633 871 694 est,
888 630 1210 697 praedicatio
1235 633 1309 684 sit
1327 647 1396 686 ea:
1415 638 1608 698 morte,
1630 635 1720 687 sed
1749 637 1873 688 illos
1895 637 1994 703 qui
2018 649 2133 688 non
2157 635 2387 688 credunt
2411 637 2581 688 morti
2599 635 2860 688 deliberat
2881 634 2964 703 [f.,
2990 631 3328 701 adiudicat];
3358 629 3482 684 aliis
3509 633 3701 682 autem

439 712 578 768 odor
594 714 738 781 vitae,
759 719 1013 785 justitia,
1039 717 1098 772 in
1118 718 1290 774 vitam
1311 726 1593 775 aeternam.
1619 722 1687 776 Et
1715 723 1786 777 ad
1812 723 1930 777 haec
1951 723 2312 792 praedicanda
2338 721 2463 793 quis
2491 727 2610 776 tam
2639 722 2893 789 idoneus,
2922 725 3063 776 sicut
3086 737 3181 775 nos
3200 719 3463 789 apostoli?
3485 717 3699 771 nullus.

435 801 562 856 Non
582 803 732 858 enim
765 821 980 874 sumus,
1013 806 1158 862 sicut
1184 807 1432 880 plurimi,
1458 811 1683 878 pseudo,
1712 808 1802 878 18,
1835 810 1930 866 19.
1957 810 2344 866 adulterantes
2372 810 2606 866 verbum
2633 811 2754 876 Dei,
2779 814 3092 880 legitimum
3120 824 3342 864 sensum
3372 809 3701 875 auferentes,

434 894 484 944 et
510 893 902 949 adulterinum
921 901 1194 964 ponentes,
1221 900 1301 952 vel
1325 913 1430 966 pro
1456 901 1609 952 lucro
1642 904 1859 954 terreno
1875 902 2264 969 pradicantes.
2289 900 2398 954 Sed
2419 916 2486 954 ex
2505 899 2848 966 sinceritate,
2871 901 2969 954 sed
2989 900 3151 965 sicut,
3174 900 3376 952 scilicet
3400 897 3704 965 accepimus

434 977 524 1036 20.
552 997 617 1036 ex
645 981 760 1037 Deo
789 981 881 1040 21.
912 1000 1103 1040 coram
1130 984 1247 1040 Deo
1274 985 1335 1042 in
1363 986 1586 1043 Christo
1617 990 1761 1058 quod
1781 992 1961 1060 placet
1992 990 2093 1044 Deo
2120 992 2201 1044 vel
2227 995 2639 1045 sacramentum
2668 994 2763 1057 est,
2794 989 3096 1062 loquimur.

1883 1096 2116 1152 CAPUT
2152 1096 2253 1151 III.

508 1195 564 1250 1.
604 1195 914 1268 Incipimus
948 1197 1156 1254 iterum
1195 1201 1571 1274 nosmetipsos
1609 1201 2039 1257 commendare?
2065 1203 2180 1257 Aut
2205 1201 2459 1274 nunquid
2496 1219 2725 1274 egemus
2757 1203 2923 1270 (sicut
2954 1202 3202 1273 quidam)
3233 1195 3707 1255 commendatitiis

435 1283 704 1383 Epistolis
722 1289 908 1383 missis
1023 1291 1153 1342 aliis
1173 1289 1245 1342 ad
1273 1306 1389 1357 vos,
1418 1295 1535 1357 9|
1566 1295 1667 1347 aut
1687 1307 1753 1346 ex
1777 1291 1933 1346 vobis
1961 1293 2035 1345 ad
2060 1295 2200 1346 alios
2220 1294 2441 1346 missis?
2461 1290 2515 1346 2.
2543 1291 2792 1363 Epistola
2811 1297 3002 1346 nostra
3027 1308 3142 1357 vos,
3171 1292 3298 1359 ﬁdes
3324 1293 3520 1353 vestra,
3549 1285 3705 1350 estis,

439 1367 492 1427 3.
525 1371 734 1444 scripta
750 1374 810 1429 in
831 1375 1090 1432 cordibus
1110 1379 1335 1443 nostris,
1363 1383 1695 1435 memoriam
1717 1383 1886 1436 vestri
1905 1381 2126 1447 habens,
2159 1396 2281 1452 quae
2309 1380 2485 1434 scitur
2503 1385 2561 1434 et
2586 1379 2797 1451 legitur
2816 1379 2885 1434 ab
2910 1379 3170 1434 omnibus
3193 1375 3545 1433 hominibus:
3584 1374 3708 1444 [Re-

436 1461 675 1532 sponsio]
701 1464 1042 1520 manifestati
1071 1483 1160 1520 vos
1181 1469 1328 1538 quod
1353 1469 1588 1540 epistola
1616 1471 1752 1524 estis
1773 1469 1998 1528 Christi.
2034 1472 2094 1524 id
2125 1474 2200 1524 est
2229 1485 2467 1539 quorum
2496 1471 2598 1537 ﬁde
2629 1474 2678 1523 et
2708 1473 2824 1524 vita
2851 1473 3204 1537 gloriﬁcatur
3234 1468 3502 1530 Christus,
3536 1462 3706 1517 mini-

435 1553 619 1605 strata
637 1567 670 1605 a
687 1551 864 1619 nobis,
886 1556 1030 1608 sicut
1052 1561 1261 1623 nostra,
1285 1563 1342 1611 et
1360 1559 1568 1630 scripta
1587 1575 1702 1614 non
1722 1563 2057 1626 atramento,
2077 1558 2170 1613 sed
2195 1558 2408 1629 Spiritu
2425 1558 2524 1613 Dei
2540 1558 2666 1624 vivi,
2691 1561 2926 1625 illinita,
2947 1560 3008 1612 id
3026 1564 3121 1623 est,
3145 1559 3496 1625 conﬁrmata,
3513 1567 3626 1606 non
3646 1551 3706 1605 in

435 1636 644 1693 tabulis
655 1639 910 1711 lapideis,
924 1641 974 1696 4.
991 1644 1089 1698 sed
1101 1644 1161 1698 in
1176 1645 1382 1701 tabulis
1395 1648 1480 1717 [in
1492 1647 1795 1720 mentibus]
1807 1648 1990 1702 cordis
2001 1646 2336 1713 carnalibus,
2350 1647 2604 1701 sensibili
2607 1649 2721 1714 bus,
2736 1648 3038 1715 intelligibi
3040 1649 3086 1701 li
3088 1649 3203 1701 bus.
3217 1643 3505 1701 Fiduciam
3515 1646 3707 1696 autem

436 1725 608 1781 talem
635 1727 909 1786 habemus
921 1748 1024 1802 per
1039 1734 1324 1790 Christum
1348 1737 1420 1791 ad
1451 1738 1629 1792 Deum
1651 1740 1796 1807 quod
1822 1740 2214 1790 ministramus
2237 1739 2317 1790 vel
2344 1737 2490 1804 quod
2513 1752 2601 1790 vos
2621 1740 2746 1791 estis
2767 1738 2992 1806 epistola
3017 1741 3227 1801 nostra,
3254 1739 3304 1788 et
3327 1733 3556 1789 Christi.
3579 1730 3706 1784 Non

435 1815 595 1915 quod.
617 1817 958 1915 sufﬁcientes
983 1825 1164 1878 simus
1192 1825 1437 1895 cogitare
1465 1826 1696 1897 aliquid,
1735 1829 1868 1892 (non
1888 1832 1951 1879 ut
1965 1840 2068 1894 per
2091 1841 2187 1879 nos
2212 1825 2377 1892 ﬁdem
2395 1827 2570 1880 verbis
2590 1829 2867 1880 instruere
2885 1827 3170 1894 possimus)
3201 1841 3236 1878 a
3261 1822 3442 1888 nobis,
3468 1837 3566 1891 per
3586 1835 3704 1884 nos,

435 1908 598 2003 (Ιιξδξί
615 1909 1023 2003 ¹ρνίνξίίίριξξιιεν
1052 1927 1117 1964 ex
1142 1911 1322 2003 nobis,
1354 1913 1451 1967 sed
1481 1915 1818 1969 sufﬁcientia
1845 1920 2058 1980 nostra,
2093 1917 2236 1983 quod
2259 1930 2570 1982 possumus,
2602 1931 2667 1969 ex
2694 1915 2811 1969 Deo
2840 1919 2945 1981 est,
2978 1915 3074 1985 qui
3102 1919 3160 1968 et
3189 1913 3420 1968 idoneos
3449 1926 3551 1965 nos
3579 1908 3710 1964 fecit

434 1995 724 2090 ministros
903 1998 1248 2090 Testamenti
1273 2017 1388 2055 non
1408 2002 1616 2070 littera,
1645 2004 1744 2058 sed
1778 2003 1997 2074 spiritu,
2026 2018 2141 2056 non
2167 2006 2473 2057 carnaliter
2501 2005 2783 2069 intellecti,
2809 2005 2899 2057 sed
2918 2005 3311 2072 spirituatiter.
3343 2001 3397 2068 5,
3417 1999 3472 2053 6.
3495 1998 3710 2054 Littera

436 2081 591 2134 enim
609 2081 829 2149 occidit,
855 2084 907 2139 7.
933 2085 1176 2156 Spiritus
1195 2094 1387 2144 autem
1408 2090 1668 2160 viviﬁcat,
1690 2093 1983 2161 glori/teat.
2009 2090 2061 2146 8.
2083 2090 2244 2154 Quod
2265 2090 2312 2145 si
2333 2091 2672 2147 ministratio
2692 2092 2912 2158 mortis,
2947 2093 3097 2146 Vetus
3125 2092 3526 2145 Testamentum
3555 2102 3704 2140 mor-

1777 2216 2360 2272 COMMENTARIUS.

515 2308 598 2367 14.
638 2314 821 2369 Bonus
862 2318 1014 2371 odor.
1060 2319 1126 2374 In
1153 2319 1296 2392 lege,
1349 2323 1445 2394 qui
1486 2324 1699 2379 hostias
1727 2325 1874 2380 bono
1903 2329 2029 2379 voto
2046 2323 2260 2384 ANam
2287 2341 2390 2380 nec
2408 2341 2511 2399 per
2529 2324 2822 2397 epistolam
2855 2324 2926 2379 ad
2953 2340 3051 2378 vos
3077 2322 3149 2377 ab
3169 2321 3294 2376 aliis
3321 2319 3574 2375 missam.
3599 2318 3710 2372 Per

437 2397 724 2472 offerebat,
756 2404 936 2462 bonus
965 2409 1104 2464 odor
1125 2411 1240 2466 Deo
1261 2417 1385 2466 erat
1403 2419 1462 2468 et
1479 2415 1854 2486 acceptabilis,
1876 2417 1959 2470 ita
1977 2421 2035 2470 et

435 2490 848 2561 pradicationis
876 2497 982 2568 piae
1010 2498 1095 2552 vir
1117 2499 1238 2570 [al.,
1260 2501 1488 2574 virtus],
1513 2503 1780 2560 doctrinae
1802 2505 2032 2560 odorem

435 2586 668 2650 praestat
693 2581 1038 2654 fragrantem
1059 2588 1194 2643 Deo.

509 2667 602 2725 '15.
647 2676 888 2728 Ληουεῖ.
938 2676 1062 2745 (lib.
1097 2683 1235 2733 sent.
1275 2681 1487 2750 Prosp.,
1519 2699 1568 2736 c.
1607 2680 1694 2750 35,
1735 2687 1875 2737 tom.
1907 2683 2032 2753 III).

441 2755 652 2854 Christi
666 2759 848 2854 bonus
870 2766 1020 2818 odor.
1047 2764 1237 2823 Bonus
1259 2769 1467 2825 Christi
1487 2770 1626 2826 odor
1648 2775 1752 2839 est,
1775 2772 2038 2843 pradica-

439 2846 518 2898 tio
539 2846 822 2917 veritatis;
848 2867 1014 2923 quem
1043 2855 1272 2912 odorem
1300 2857 1360 2912 in
1379 2859 1551 2914 vitam
1570 2860 1720 2932 capit
1745 2861 1841 2932 qui
1860 2860 2036 2915 Evan-

436 2932 585 3004 gelio
614 2933 774 2992 bonis
808 2940 1060 2997 moribus
1088 2945 1259 3000 servit
1293 2950 1349 3000 et
1374 2948 1654 3019 congruit.
1684 2949 1924 3004 Mortem
1953 2949 2036 3004 in-

437 3022 633 3122 currit,
668 3027 827 3096 cujus
857 3028 1044 3122 abhis
1069 3049 1191 3104 quae
1219 3035 1361 3091 bene
1382 3036 1650 3108 loquitur,
1683 3038 1796 3092 vita
1825 3038 2036 3093 dissen-

438 3114 528 3178 tit,
573 3129 697 3185 quaa
745 3119 991 3174 conditio
1033 3123 1205 3178 etiam
1246 3126 1532 3181 auditores
1569 3127 1870 3199 obstringit
1906 3145 2035 3184 cum

441 3205 594 3255 recta
628 3205 950 3274 praedicatio
980 3210 1050 3264 ab
1086 3212 1212 3266 aliis
1253 3229 1352 3284 per
1392 3215 1844 3270 incredulitatem
1874 3216 2034 3270 audi-

439 3291 534 3431 ἒιέιι*
565 3290 681 3434 ἔξω
685 3300 944 3363 mortem,
993 3297 1064 3351 ab
1106 3300 1234 3355 aliis
1275 3318 1377 3372 per
1417 3303 1586 3358 ﬁdem
1635 3304 1937 3375 suscipitur
1977 3305 2036 3359 in

529 3393 564 3432 u
690 3418 704 3433 .

529 3393 704 3433 utam.

518 3462 601 3520 16.
633 3466 840 3524 Lassa.
874 3473 1053 3527 Bonus
1081 3476 1234 3529 odor.
1277 3477 1605 3533 Prwdicatio
1635 3479 1858 3550 quidem
1889 3479 2036 3535 bona

2114 2413 2408 2484 epistolam
2465 2415 2728 2469 nolumus
2784 2411 3186 2478 commendari,
3245 2409 3379 2482 quia
3424 2425 3521 2462 vos
3575 2405 3710 2462 estis

2115 2501 2353 2571 epistola
2393 2507 2608 2568 nostra,
2654 2519 2778 2574 quae
2807 2518 2910 2557 nos
2941 2499 3314 2567 commendat,
3346 2497 3405 2552 id
3433 2501 3536 2564 est,
3569 2495 3710 2551 ﬁdes

2116 2594 2318 2644 vestra.

2186 2677 2240 2734 2.
2289 2680 2532 2749 Epistola
2565 2685 2774 2735 nostra.
2824 2679 3100 2752 Epistola,
3149 2676 3354 2749 inquit,
3391 2678 3587 2730 nostra
3611 2687 3710 2727 vos
3765 2716 3777 2721 -

2117 2767 2272 2833 estis,
2297 2769 2357 2823 id
2380 2774 2486 2836 est,
2517 2769 2654 2824 ﬁdes
2676 2773 2872 2824 nostra
2891 2785 2991 2840 per
3011 2783 3137 2822 eam
3164 2766 3445 2831 laudatur,
3474 2779 3540 2817 eo
3560 2759 3711 2834 quod

2117 2857 2514 2930 praedicatione
2545 2863 2738 2912 nostra
2763 2874 2858 2912 vos
2881 2858 2953 2911 ad
2984 2856 3150 2910 ﬁdem
3170 2853 3564 2910 convertimus.

2188 2950 2239 3002 3.
2274 2949 2343 3001 In
2363 2949 2617 3002 cordibus
2643 2949 2864 3001 nostris.
2892 2947 3004 3000 Vos
3031 2949 3086 2998 et
3113 2943 3282 2998 ﬁdem
3309 2946 3552 2997 vestram
3577 2937 3714 2994 obli-

2116 3033 2265 3088 vioni
2288 3050 2401 3088 non
2421 3035 2773 3101 tradidimus,
2797 3034 2895 3088 sed
2915 3034 2975 3088 in
2994 3031 3265 3087 memoria
3283 3035 3476 3085 nostra
3489 3043 3716 3098 semper

2115 3124 2272 3180 estis.

2187 3213 2240 3267 4.
2272 3215 2516 3268 AUGUST.
2551 3214 2669 3280 (lib.
2700 3214 2772 3266 De
2789 3214 2996 3281 spiritu
3022 3215 3069 3264 et
3099 3211 3208 3274 lit.,
3231 3224 3278 3262 c.
3308 3205 3394 3264 17.
3415 3212 3554 3261 tom.
3579 3204 3708 3274 III).

2119 3304 2186 3356 In
2235 3304 2439 3356 tabulis
2478 3303 2676 3356 cordis.
2729 3300 2996 3355 Carnales
3035 3303 3226 3352 autem
3266 3294 3488 3351 tabulas
3527 3295 3714 3350 cordis

2118 3391 2276 3458 dixit,
2307 3406 2420 3445 non
2449 3391 2689 3445 carnalis
2722 3388 3061 3463 prudentiae;
3093 3386 3192 3440 sed
3220 3391 3493 3463 tanquam
3520 3384 3713 3438 viven-

2115 3479 2206 3546 tis,
2241 3497 2580 3551 sensumque
2615 3460 2894 3544 habentis,
2938 3477 2998 3531 in
3033 3460 3453 3546 comparatione
3478 3473 3706 3544 lapidis,

442 3552 613 3656 estin
639 3556 912 3656 utrisque,
943 3561 1042 3615 sed
1071 3562 1166 3656 qui
1195 3563 1580 3656 inobedientes
1623 3573 1773 3630 sunt,
1812 3568 1924 3622 illis
1960 3569 2036 3623 sit
2055 3596 2100 3656 Β
2118 3569 2210 3641 qui
2244 3569 2365 3624 sine
2395 3585 2564 3624 sensu
2595 3575 2697 3624 est.

440 3641 763 3712 pmdicatio
793 3647 933 3703 odor
963 3652 1181 3720 mortis,
1210 3653 1268 3708 id
1302 3659 1405 3722 est,
1440 3656 1668 3727 peccati,
1704 3656 1764 3711 in
1792 3662 2033 3713 mortem

433 3734 730 3788 aeternam.

517 3820 544 3874 ‘1
557 3821 606 3875 7.
631 3823 879 3882 Asianos.
899 3829 1046 3884 Aliis
1067 3832 1200 3884 odor
1215 3835 1434 3887 mortis.
1450 3834 1760 3890 lncredulis
1777 3836 2037 3907 praedica-

441 3908 520 3964 tio
539 3910 758 3967 Christi
780 3915 919 3970 odor
943 3917 1140 3973 mortis
1167 3925 1271 3978 est.
1299 3922 1607 3978 Audientes
1627 3925 1777 3978 enim
1797 3925 2032 3980 verbum

439 3999 564 4067 Dei,
604 4001 692 4057 sic
743 4004 1026 4077 accipiunt
1074 4010 1234 4079 quasi
1282 4016 1515 4082 pestem,
1575 4029 1640 4067 ex
1686 3989 1807 4085 .qua
1855 4015 2036 4069 oritur

440 4105 614 4148 mors.

517 4177 602 4238 18.
631 4181 1043 4252 Adulterantes,
1077 4187 1134 4242 id
1162 4193 1267 4256 est,
1299 4191 1797 4263 pseudoapostolos
1826 4193 2030 4264 tangit,

2190 3659 2240 3715 5.
2275 3659 2458 3728 (ibid.,
2475 3674 2596 3728 cap.
2626 3657 2723 3728 14).
2750 3658 2955 3711 Littera
2975 3657 3126 3708 enim
3146 3654 3360 3708 occidit.
3393 3650 3637 3706 Attende
3653 3656 3714 3705 et

2116 3747 2240 3801 vide
2261 3751 2323 3801 ut
2341 3762 2468 3801 cum
2497 3745 2803 3818 quidquam
2833 3749 3062 3815 propter
3089 3739 3592 3806 circumcisionem,
3624 3739 3710 3792 vel

2119 3835 2445 3902 Sabbatum,
2471 3836 2556 3890 vel
2577 3835 2709 3906 quid
2739 3833 2890 3888 aliud
2916 3830 3232 3886 umbratilis
3261 3827 3620 3892 sacramenti,
3645 3843 3713 3881 ac

2115 3942 2230 3980 non
2266 3929 2447 3980 totum
2479 3929 2707 3996 propter
2734 3923 2838 3977 hoc
2863 3921 3048 3988 dicat;
3093 3919 3243 3991 quod
3287 3919 3476 3972 littera
3516 3916 3714 3988 prohi-

2115 4015 2271 4080 bens,
2288 4019 2577 4086 peccatum
2593 4029 2706 4067 non
2721 4011 2959 4065 viviﬁcat
2971 4008 3069 4083 lat.
3084 4007 3388 4080 .justiﬁcat]
3401 4006 3709 4071 hominem,

2116 4104 2212 4158 sed
2236 4103 2423 4174 potius
2444 4101 2662 4166 occidit,
2686 4100 2942 4171 augendo
2967 4097 3495 4169 concupiscentiam,
3525 4101 3582 4149 et
3600 4094 3714 4148 ini-

2116 4193 2390 4265 quitatem
2441 4190 2897 4264 prznvaricatione
2946 4187 3308 4252 cumulando,
3357 4184 3466 4239 nisi
3510 4183 3716 4237 liberet

441 4269 538 4342 qui
573 4271 744 4327 verba
772 4274 874 4330 Dei
898 4292 1000 4348 per
1026 4278 1233 4333 malam
1260 4280 1782 4353 interpretationem
1819 4283 2032 4338 adulte-
2111 4281 2295 4354 gratia
2323 4297 2424 4352 per
2452 4281 2633 4351 legem
2663 4279 2813 4348 ﬁdei,
2843 4294 2965 4350 qua
2992 4282 3078 4332 est
3106 4276 3164 4330 in
3195 4265 3417 4331 Christo
3447 4275 3600 4329 Jesu.

429 4358 664 4502 Imbuat.
694 4363 840 4504 fam
876 4365 1138 4422 tollentes
1166 4368 1414 4424 divinum
1451 4387 1698 4439 sensum,
1727 4371 2036 4428 humanum

440 4462 585 4504 none
624 4465 696 4504 an
729 4489 743 4504 .

440 4462 743 4518 ponebant.

2189 4374 2240 4424 6.
2274 4371 2478 4425 LANFR.
2522 4371 2730 4424 Littera
2775 4369 2989 4422 occidit.
3035 4365 3343 4437 Dupliciter
3383 4367 3568 4434 potest
3607 4361 3718 4416 hoc

2115 4459 2376 4531 intelligi,
2403 4459 2490 4514 vel
2519 4458 2653 4530 quia
2676 4457 2798 4511 sine
2824 4454 3208 4510 misericordia
3228 4457 3519 4524 peccantes
3538 4450 3718 4505 occidi

511 4535 603 4592 19.
625 4538 832 4594 LANFI.
863 4542 1271 4600 Adulterantes.
1295 4548 1534 4604 Adulter
1551 4565 1664 4604 non
1688 4551 1890 4621 qumrit
1912 4567 2036 4622 pro-
2112 4548 2291 4620 jubet,
2338 4547 2562 4605 dicens:
2609 4547 2669 4602 Si
2711 4545 2834 4617 quis
2866 4544 2971 4599 hoc
2996 4543 3083 4598 vel
3111 4542 3250 4597 illud
3278 4540 3489 4606 fecerit,
3531 4545 3720 4594 morte

427 4623 575 4724 lem,
605 4627 718 4724 sed
741 4628 1088 4686 voluntatem
1125 4636 1373 4706 corporis
1412 4638 1654 4708 explere.
1701 4638 1864 4693 Tales
1904 4645 2040 4694 sunt

444 4721 542 4784 qui
571 4731 674 4786 pro
702 4721 927 4773 terreno
955 4722 1248 4776 commodo
1289 4722 1522 4779 verbum
1559 4725 1661 4779 Dei
1711 4725 2035 4796 pmdicant,

441 4817 557 4857 non
583 4811 897 4876 querentes
917 4808 1063 4863 ﬁlios
1091 4809 1411 4882 spirituales
1433 4829 1724 4884 generare.

2120 4638 2415 4692 moriatur.
2450 4637 2555 4691 Vel
2583 4634 2884 4690 carnaliter
2909 4633 3220 4699 observata,
3252 4629 3500 4685 animam
3527 4628 3720 4682 obser-

2119 4727 2301 4781 vantis
2327 4725 2607 4780 occidunt.

2192 4817 2244 4870 7.
2291 4815 2538 4884 Spiritus
2579 4819 2766 4867 autem
2807 4813 3066 4880 vivi/teat,
3111 4809 3168 4864 id
3202 4813 3307 4874 est,
3339 4804 3713 4880 spiritualiter

513 4891 605 4949 20.
653 4894 742 4949 Ea:
779 4897 903 4951 Deo.
950 4899 1029 4952 Ex
1067 4899 1202 4964 Deo,
1233 4898 1435 4972 inquit,
1474 4902 1776 4974 loquimur,
1808 4903 1940 4976 quia
1969 4920 2033 4959 ex
2052 4909 2094 4968 Ο
2119 4903 2403 4959 intellecta
2425 4902 2771 4958 observantis
2799 4901 3046 4956 animam
3075 4897 3333 4952 viviﬁcat.

441 4981 558 5038 Deo
589 4984 913 5055 accipimus,
946 4987 1094 5060 quod
1121 4989 1508 5060 praedicamus.

510 5073 757 5157 Amisos.
796 5074 884 5129 Ea:
900 5077 1024 5143 Deo,
1056 5077 1114 5132 id
1142 5082 1247 5142 est,
1279 5081 1558 5149 quomodo
1590 5081 1740 5136 Deus
1768 5081 1941 5136 dedit.

438 5251 494 5310 do
514 5162 604 5221 21.
635 5162 840 5218 Lmn.
875 5165 1076 5221 Coram
1101 5169 1226 5222 Deo.
1271 5169 1413 5234 Quia
1439 5169 1521 5225 illi
1548 5171 1772 5244 placere
1800 5176 2034 5226 conten-

478 5269 646 5309 tum.

424 5289 428 5296 ι
438 5269 646 5309 omnis.

511 5343 674 5398 CAP.
708 5341 814 5398 III.
863 5375 926 5386 —
983 5343 1027 5401 1.
1060 5345 1267 5401 LANrB.
1313 5349 1618 5416 Incipimus
1661 5351 1887 5416 iterum,
1921 5355 2025 5404 etc.

439 5429 568 5488 Non
587 5447 717 5499 nos,
745 5432 951 5505 inquit,
994 5435 1470 5501 commendamus,
1515 5436 1672 5490 nulla
1700 5438 1850 5492 enim
1879 5455 2035 5492 com-

440 5520 801 5576 mendatione
826 5521 1163 5594 indigemus,
1196 5523 1328 5596 quia
1355 5540 1459 5578 nec
1486 5524 1584 5579 illa
1612 5541 1734 5597 quae
1761 5527 1828 5580 ﬁt
1853 5526 2033 5595 vobis,

442 5623 548 5667 nec
589 5625 714 5686 quae
760 5611 828 5668 ﬁt
868 5610 1092 5682 litteris,
1142 5613 1278 5688 quia
1318 5629 1420 5689 per
1447 5612 1742 5690 epistolam
1782 5617 1839 5687 (α
1864 5616 2029 5692 pari).

2185 4991 2240 5048 8.
2272 4993 2425 5060 Quod
2439 4995 2488 5045 si
2502 4993 2865 5045 ministratio.
2893 4985 3318 5044 Commendatio
3338 4989 3396 5039 et
3415 4984 3538 5038 laus
3561 4982 3712 5037 Novi

2115 5079 2493 5147 Testamenti;
2535 5079 2798 5150 dicitque,
2843 5078 2890 5132 si
2932 5075 3274 5131 ministratio
3316 5072 3519 5128 veteris
3569 5071 3714 5142 legis

2116 5169 2360 5224 formata
2402 5168 2624 5232 litteris,
2665 5167 2725 5222 in
2768 5165 2974 5221 tabulis
3015 5164 3272 5236 lapideis,
3301 5162 3408 5217 fuit
3435 5160 3613 5232 Moysi
3647 5161 3712 5215 in

2116 5264 2336 5315 tantam
2356 5257 2595 5330 gloriam
2619 5262 2684 5312 ut
2703 5255 2806 5310 ﬁlii
2826 5254 3002 5310 Israel
3025 5253 3222 5308 faciem
3245 5253 3368 5322 ejus
3389 5249 3576 5303 videre
3594 5265 3713 5304 non

2117 5353 2362 5421 possent,
2395 5352 2624 5418 propter
2649 5345 2962 5400 claritatem
2985 5344 3172 5398 vultus
3201 5342 3344 5412 ejus,
3369 5355 3492 5410 quae
3516 5343 3714 5393 tamen

2115 5436 2442 5492 transitoria
2486 5436 2626 5503 fuit;
2673 5434 2950 5506 quomodo
2988 5449 3101 5486 non
3144 5429 3325 5500 magis
3368 5427 3712 5482 ministratio

2117 5541 2271 5581 novae
2301 5525 2442 5596 legis
2470 5525 2581 5579 erit
2615 5523 2880 5595 apostolis
2917 5522 2975 5576 in
3003 5521 3240 5592 gloriam
3282 5516 3706 5590 sempiternam.

2118 5613 2300 5674 Vetus
2345 5617 2535 5670 autem
2578 5612 2668 5668 lex
2702 5609 3042 5668 ministratio
3081 5607 3281 5666 mortis
3326 5605 3570 5674 dicitur;
3620 5605 3710 5660 vel
