3936 6178
195 242 293 298 22.5
872 241 947 294 IN
989 239 1052 294 D.
1097 239 1307 296 PAULI
1349 240 1570 298 EPIST.
1613 241 1982 300 COMMENT.
2025 271 2093 283 —
2133 241 2354 298 EPIST.
2396 242 2446 297 II
2485 242 2582 296 AD
2621 242 2783 298 COR.
3353 246 3460 306 226

195 369 435 433 liﬁcans,
470 366 673 422 litteris
703 366 1036 432 deformata,
1077 369 1300 435 scripta,
1326 365 1386 421 in
1411 366 1708 438 lapidibus,
1735 367 1956 431 tabulis,
1989 365 2098 421 fuit
2137 365 2194 421 in
2221 366 2420 436 gloria,
2453 369 2644 435 Moysi,
2669 367 2723 421 9.
2752 368 2833 422 ita
2861 375 2925 422 ut
2948 372 3185 439 (exponit
3227 374 3456 429 modum

190 459 382 523 gloria:
415 459 632 526 .lloysi),
665 473 776 510 non
810 462 1042 526 possent
1061 455 1352 509 intendere
1371 456 1472 509 filii
1495 457 1667 510 Israel
1689 456 1745 510 in
1775 455 1970 510 faciem
2005 454 2232 525 Moysis,
2266 459 2496 526 propter
2520 455 2780 524 gloriam,
2825 473 2937 524 prae
2969 461 3154 513 nimia
3177 464 3454 530 claritate,

193 545 378 599 vultus
408 548 552 615 ejus,
571 562 694 616 quae
718 547 902 613 gloria
925 551 1248 608 evacuatur,
1275 548 1500 611 transit,
1520 545 1798 615 quomodo
1820 561 1930 598 non
1959 543 2141 613 magis
2170 543 2508 597 ministratio
2522 544 2772 614 spiritus,
2796 549 3111 613 spiritualis
3126 554 3456 618 testamenti,

190 633 296 688 erit
327 635 390 688 in
415 634 637 704 gloria?
667 635 821 688 nobis
850 637 1127 702 apostolis.
1162 635 1491 702 (Responsio,
1519 637 1599 687 vel
1619 635 1810 700 probat
1836 649 1870 686 a
1899 635 2067 701 pari.)
2099 632 2244 686 Nam
2276 632 2324 685 si
2353 631 2692 687 ministratio
2707 635 3102 702 damnationis,
3136 639 3460 694 damnantis

193 727 322 792 legis
340 728 406 778 in
421 724 608 794 gloria
629 729 713 778 est
731 725 925 791 Moysi,
940 723 1117 777 multo
1131 722 1311 792 magis
1324 721 1575 776 abundat
1591 721 1964 776 ministerium
1977 719 2213 792 justitiae
2229 719 2290 774 in
2304 720 2486 791 gloria
2499 725 2773 790 apostolis.
2801 720 2881 780 10.
2906 724 3050 778 Nam
3063 741 3165 780 nec
3183 726 3458 796 gloriﬁca-

191 816 308 866 tum
333 817 426 866 est
446 812 598 883 quod
615 817 741 877 θη
759 811 963 865 claruit
979 810 1038 864 in
1059 810 1162 864 hac
1172 815 1352 881 parte,
1365 803 1434 863 id
1453 815 1546 874 est,
1574 813 1636 864 in
1656 811 1834 878 Moyse
1864 813 2081 864 nullius
2107 812 2300 879 gloriae
2317 816 2412 870 est.
2436 817 2712 880 quantum
2739 814 2814 866 ad
2834 818 3176 870 excellentem
3189 818 3454 884 gloriam,

190 919 304 972 quae
326 907 408 955 est
437 905 506 955 in
535 902 909 970 apostolorum
925 901 1338 970 pradicatione,
1365 904 1596 970 propter
1624 898 1985 954 excellentem
2005 899 2246 970 gloriam
2262 903 2655 968 apostolorum.
2675 900 2734 954 Si
2763 899 2914 955 enim
2937 903 3204 972 (repetitio
3221 909 3301 960 vel
3323 922 3460 976 pro-

197 992 340 1045 batio
373 1007 410 1044 a
436 993 595 1060 pari)
615 989 669 1046 11
688 991 854 1062 .quod
877 990 1283 1057 evacuatur(ad
1302 989 1434 1053 hoc;
1468 1005 1580 1042 non
1609 991 1659 1041 si
1691 989 2038 1041 ministratio
2053 987 2958 1060 damnationis,etc.)pergloriam
2975 993 3262 1056 est,multo
3278 994 3461 1066 magis

193 1081 338 1152 quod
367 1086 588 1147 manet,
603 1081 661 1134 in
680 1081 863 1151 gloria
883 1086 986 1145 est,
1013 1096 1136 1147 ergo
1156 1080 1472 1132 habebimus
1491 1079 1732 1145 gloriam
1759 1080 1812 1141 (a
1843 1081 2075 1146 minori)
2098 1083 2146 1132 et
2175 1095 2303 1132 cum
2331 1079 2627 1133 habeamus
2672 1096 2817 1148 spem
2848 1084 3060 1148 gloria,
3092 1099 3220 1138 cum
3255 1087 3462 1151 ﬁducia

191 1171 583 1238 praedicamus,
607 1177 658 1223 et
687 1171 783 1224 hoc
807 1174 901 1223 est.
936 1168 1216 1223 Habentes
1240 1167 1416 1238 igitur
1443 1167 1612 1220 talem
1629 1182 1784 1237 spem
1809 1169 2004 1234 gloria
2033 1184 2097 1220 ea:
2112 1167 2409 1235 Evangelia
2441 1169 2716 1235 habendae,
2738 1169 2919 1223 multa
2935 1169 3138 1224 ﬁducia
3157 1172 3463 1240 utimur,in

192 1259 492 1325 Evangelia
514 1275 537 1324 ;
567 1263 625 1311 et
653 1274 766 1312 non
791 1258 935 1312 sicut
967 1259 1179 1328 Moyses
1206 1255 1448 1328 ponebat
1477 1255 1728 1308 velamen
1758 1271 1926 1326 super
1953 1254 2153 1309 faciem
2175 1271 2355 1322 suam,
2384 1272 2497 1310 non
2520 1260 2783 1325 ponimus
2811 1262 3060 1312 velamen
3080 1276 3244 1328 super
3263 1264 3462 1328 faciem

199 1351 472 1409 nostram,
498 1348 562 1400 id
577 1351 672 1411 est,
690 1363 801 1400 non
817 1347 1074 1399 habemus
1095 1348 1270 1398 velata
1294 1345 1477 1408 verba,
1508 1346 1650 1396 sicut
1683 1344 1884 1410 Moyses
1914 1362 1928 1407 ;
1966 1346 2109 1412 quod
2131 1346 2558 1412 signiﬁcabatur
2579 1348 2642 1398 in
2672 1347 2962 1411 velamine,
2987 1351 3052 1400 ut
3075 1362 3186 1401 non
3206 1347 3465 1404 intende.

191 1439 315 1487 rent
328 1432 436 1486 ﬁlii
455 1432 1201 1498 Israelintaciem,velamen
1231 1431 1352 1500 ejus
1374 1430 1520 1501 quod
1551 1435 1871 1497 evacuatur,
1903 1433 2165 1498 aufertur
2197 1435 2260 1486 in
2292 1433 2651 1488 Christianis.
2691 1433 2800 1488 Sed
2851 1439 3036 1488 tamen
3073 1435 3254 1490 adhuc
3279 1436 3466 1493 obtusi

188 1527 319 1575 sunt
343 1537 553 1576 sensus
567 1538 785 1586 eorum,
803 1524 862 1575 id
877 1528 968 1586 est,
995 1522 1336 1584 Judzorum,
1361 1523 1460 1588 qui
1477 1521 1656 1573 adhuc
1693 1535 1809 1574 non
1832 1526 2062 1589 possunt
2093 1523 2416 1589 intelligere.
2447 1521 2634 1591 Usque
2658 1520 2722 1591 in
2756 1521 3092 1576 hodiernum
3120 1523 3270 1578 enim
3291 1525 3464 1594 diem,

189 1609 441 1681 idipsum
454 1611 713 1666 velamen
733 1611 792 1665 in
810 1610 1046 1666 lectione
1067 1609 1282 1663 Veteris
1293 1607 1638 1663 Testamenti
1651 1614 1844 1663 manet
1863 1611 2012 1679 apud
2029 1613 2240 1665 Judaos
2256 1627 2370 1664 non
2382 1611 2694 1664 revelatum
2717 1613 3043 1678 incredulis,
3067 1614 3203 1679 quia
3225 1616 3466 1669 credulis

191 1705 414 1752 tantum
447 1704 732 1754 revelatur
763 1700 1046 1772 (quoniam
1078 1699 1135 1753 in
1157 1697 1399 1762 Christo,
1423 1697 1628 1751 Christi
1655 1699 1757 1764 ﬁde
1786 1699 2148 1765 credentibus,
2183 1702 2528 1769 evacuatur),
2551 1698 2650 1752 sed
2669 1714 2849 1769 usque
2867 1697 2926 1752 in
2945 1699 3277 1754 hodiernum
3289 1702 3464 1770 diem,

189 1805 312 1843 cum
330 1788 556 1860 legitur
573 1789 815 1860 Moyses,
837 1789 1092 1842 velamen
1122 1787 1368 1858 positum
1397 1791 1483 1840 est
1506 1801 1676 1856 super
1695 1801 1792 1839 cor
1813 1801 2027 1852 eorum,
2073 1790 2411 1842 Juda’orum.
2450 1787 2591 1841 Cum
2635 1792 2826 1840 autem
2874 1803 3173 1842 conversus
3202 1789 3372 1844 fuerit
3393 1791 3468 1846 ad

189 1878 522 1942 Dominum,
539 1879 603 1930 de
632 1878 888 1931 cordibus
913 1892 1102 1930 eorum
1117 1874 1405 1929 auferetur
1420 1875 1803 1943 intelligentiae
1819 1875 2092 1930 velamen.
2109 1874 2472 1932 l2.Dominus
2491 1880 2681 1930 autem
2703 1875 2942 1946 Spiritus
2963 1881 3069 1942 est,
3084 1875 3265 1933 13.ubi
3275 1884 3467 1935 autem

193 1967 440 2037 Spiritus
463 1964 713 2030 Domini,
736 1963 820 2022 14.
842 1964 920 2018 ibi
939 1964 1187 2028 libertas,
1212 1965 1271 2017 id
1291 1969 1385 2029 est,
1407 1963 1583 2015 libera
1606 1963 2105 2030 intelligentia.‘15,
2138 1964 2220 2020 16.
2237 1965 2352 2019 Nos
2369 1981 2496 2018 vero
2520 1980 2732 2028 omnes,
2765 1966 2985 2032 (Moyses
3011 1969 3219 2020 velatus
3250 1983 3362 2022 non
3374 1984 3470 2037 po-

195 2061 333 2109 terat
365 2056 621 2123 intelligi
637 2071 658 2122 ;
684 2055 776 2109 sed
794 2071 890 2108 nos
923 2073 939 2108 :
968 2054 1337 2125 (commendat
1365 2055 1438 2117 se)
1463 2051 1711 2106 revelata
1741 2050 1904 2118 facie,
1933 2057 2124 2122 planis
2139 2055 2336 2120 verbis,
2359 2055 2649 2108 interioris
2665 2053 2911 2107 hominis
2925 2057 3101 2124 oculo,
3127 2052 3470 2126 17.gloriam

189 2142 438 2210 Domini,
453 2148 723 2198 ater-nam
746 2143 1140 2197 beatitudinem
1160 2145 1224 2197 in
1244 2142 1389 2197 Novo
1418 2142 1751 2196 Testamento
1767 2144 2122 2210 promissam,
2139 2144 2510 2215 speculantes,
2529 2158 2642 2198 non
2656 2144 2985 2212 temporalia
3015 2143 3469 2216 inlpseudojuda,

1545 2284 2128 2341 COMMENTARIUS.

193 2427 327 2498 quia
355 2426 484 2482 sine
506 2427 894 2484 misericordia
921 2412 1241 2499 peccatores
1265 2425 1649 2497 puniebat,vel
1663 2426 1798 2498 quia
1811 2426 1957 2492 Aibi
1988 2427 2112 2492 erit,
2144 2427 2241 2500 qui
2269 2443 2394 2482 eam
2412 2426 2596 2496 dabit;
2629 2431 2686 2483 et
2717 2429 2824 2483 hoc
2851 2429 3087 2500 probat:
3117 2431 3363 2504 Spiritus
3383 2439 3474 2491 est

191 2521 320 2586 post
332 2517 647 2571 adventum
670 2516 899 2584 Christi,
915 2517 1252 2570 adlitteram
1269 2515 1580 2581 observata,
1595 2515 1799 2570 animae

191 2611 441 2660 mortem
470 2607 784 2664 ministrat.
821 2607 1040 2662 Novum
1066 2621 1195 2660 vero
1235 2605 1660 2659 Testamentum
1691 2604 1799 2658 mi-

188 2692 461 2748 nistratio
493 2695 726 2766 spiritus
755 2695 979 2761 dicitur,
996 2695 1081 2748 vel
1094 2693 1226 2765 quia
1247 2709 1345 2764 per
1359 2693 1543 2764 ipsum
1559 2693 1801 2764 Spiritus

189 2788 426 2837 sanctus
449 2783 978 2854 observanti’datur,
1005 2783 1091 2837 vel
1139 2782 1270 2853 quia
1314 2782 1374 2836 in
1419 2799 1486 2837 eo
1516 2787 1674 2837 vetus
1715 2783 1802 2836 lex

191 2872 578 2942 spiritualiter
609 2873 949 2944 intelligitur
976 2876 1034 2926 et
1061 2877 1334 2926 servatur.

260 2956 317 3014 9.
354 2961 643 3029 Ausus“
674 2961 769 3014 lib.
808 2966 1052 3015 "contra
1072 2962 1283 3014 advers.
1304 2962 1434 3028 legis
1449 2965 1496 3013 et
1521 2960 1794 3028 prophel.,

190 3064 239 3101 ς.
271 3049 335 3117 7,
369 3056 514 3102 tum.
543 3049 654 3117 VI).
689 3051 770 3104 Ita
810 3056 870 3103 ut
896 3065 1006 3103 non
1032 3054 1246 3118 possent
1276 3051 1388 3116 ﬁlii
1416 3049 1609 3103 Israel.
1643 3047 1802 3112 Quod

191 3153 306 3190 non
346 3144 619 3208 poterant
646 3138 745 3193 ﬁlii
768 3139 944 3194 Israel
971 3138 1264 3192 intendere
1322 3136 1379 3191 in
1431 3136 1631 3190 faciem
1663 3137 1802 3207 ejus,

193 3231 442 3297 propter
470 3226 710 3297 gloriam
740 3227 927 3281 vultus
983 3227 1126 3296 ejus,
1181 3225 1405 3295 signum
1435 3229 1558 3279 erat
1581 3225 1711 3296 quia
1748 3225 1806 3278 in

195 3313 326 3383 lege
360 3314 655 3369 Christum
684 3314 1023 3370 intellecturi
1044 3330 1156 3368 non
1186 3319 1382 3380 erant;
1426 3319 1484 3368 et
1511 3313 1636 3368 ideo
1655 3313 1808 3368 vela-

197 3419 334 3456 men
368 3402 527 3456 inter
563 3402 763 3456 faciem
801 3403 1012 3474 Moysis
1042 3408 1100 3458 et
1130 3402 1254 3456 illos
1283 3401 1529 3474 positum
1563 3406 1703 3469 erat,
1745 3405 1812 3456 ut

199 3507 319 3545 non
391 3491 770 3556 intenderent,
804 3491 948 3546 sicut
989 3489 1257 3563 scriptum
1313 3497 1401 3545 est
1431 3509 1443 3545 :
1477 3489 1602 3545 Filii
1632 3489 1810 3546 Israel

199 3595 389 3652 usque
417 3579 478 3633 in
509 3581 698 3647 finem,
726 3586 834 3637 etc.

281 3669 382 3726 10.
410 3669 789 3724 LuraJVam
812 3686 910 3724 nec
920 3671 1296 3738 gloriﬁcatum
1325 3673 1418 3722 est.
1438 3668 1587 3723 Ordo
1611 3686 1623 3721 :
1659 3669 1809 3740 quod

1880 2515 2188 2582 Dominus;
2222 2517 2321 2571 sed
2339 2516 2658 2588 ubicunque
2670 2523 2755 2572 est
2787 2518 3080 2588 Dominus,
3100 2519 3178 2575 ibi
3205 2521 3469 2593 libertas;

1882 2621 2014 2675 ergo
2046 2603 2366 2677 ubicunque
2394 2611 2478 2660 est
2509 2606 2774 2678 Spiritus,
2800 2606 2878 2661 ibi
2910 2607 3140 2664 libertas
3155 2610 3217 2681 (a
3241 2628 3470 2683 genere,

1883 2694 2196 2765 assumptio
2212 2700 2268 2748 et
2278 2694 2576 2762 conclusio)
2600 2714 2612 2761 ;
2631 2695 2730 2749 sed
2750 2695 2810 2749 in
2828 2696 3312 2756 Israeleoonverso
3342 2702 3472 2771 erit,

1882 2799 2016 2853 ergo
2044 2782 2102 2836 in
2129 2800 2196 2838 eo
2215 2783 2324 2837 erit
2337 2782 2584 2838 libertas.

1957 2872 2041 2926 15.
2076 2873 2180 2926 Nos
2208 2888 2334 2926 vero
2360 2888 2545 2926 omnes
2563 2876 2825 2929 revelata.
2857 2874 2994 2943 Nos,
3045 2875 3248 2947 inquit,
3279 2894 3476 2935 omnes

1884 2959 2121 3031 apostoli
2149 2960 2399 3014 revelata
2424 2958 2563 3014 facie
2592 2976 2706 3015 non
2733 2967 3016 3032 coaperta,
3047 2963 3195 3018 sicut
3232 2965 3474 3037 Moyses,

1885 3049 2172 3103 cmlestem
2192 3048 2432 3118 gloriam
2462 3048 2828 3119 speculantes-
2845 3049 2920 3104 ad
2951 3051 3133 3122 ipsam
3191 3053 3343 3108 enim
3390 3060 3480 3112 est

1887 3137 2126 3192 intentio
2147 3142 2341 3192 nostra
2368 3136 2502 3208 quia
2529 3152 2680 3192 nunc
2707 3153 2810 3208 per
2827 3139 3118 3209 speculum
3151 3146 3209 3195 et
3235 3142 3481 3215 enigma

1887 3227 2140 3280 videmus
2160 3226 2218 3280 in
2234 3225 2490 3280 eamdem
2509 3225 2769 3296 gloriam,
2797 3242 2920 3298 quae
2937 3227 3141 3298 adhuc,
3165 3247 3277 3284 non
3297 3233 3482 3303 qualis

1891 3320 1996 3382 est,
2017 3319 2272 3386 apparet;
2288 3314 2388 3368 sed
2419 3313 2578 3385 quasi
2603 3313 2859 3384 quaedam
2889 3315 3077 3388 imago
3100 3317 3324 3374 videtur
3348 3322 3478 3391 ﬁde,

1891 3407 1948 3457 et
1965 3402 2126 3457 bonis
2153 3401 2416 3474 operibus
2443 3401 2929 3458 transformamur.
2953 3405 3017 3459 In
3056 3405 3161 3460 hoc
3180 3407 3328 3462 enim
3357 3425 3488 3465 con-

1889 3491 2176 3546 tendimus
2190 3496 2255 3546 ut
2271 3490 2582 3548 conformes
2597 3491 2720 3561 ejus
2735 3491 2859 3546 ﬁeri
2873 3492 3153 3563 possimus
3179 3511 3214 3550 a
3228 3497 3490 3556 claritate

1891 3580 2022 3635 ﬁdei
2048 3585 2389 3652 perventura
2415 3579 2474 3634 in
2499 3579 2814 3634 claritatem
2833 3581 2973 3652 spei.

1971 3665 2051 3725 16.
2075 3670 2320 3724 AMBROS.
2354 3670 2461 3723 Nos
2489 3685 2615 3724 vero
2653 3684 2838 3723 omnes
2875 3673 3133 3726 revelata.
3163 3671 3273 3728 Per
3290 3673 3481 3745 ﬁdem,

202 3759 437 3826 claruit,
468 3776 572 3814 nec
599 3760 977 3830 gloriﬁcatum
1002 3764 1088 3814 est
1119 3758 1178 3813 in
1229 3759 1334 3812 hac
1361 3764 1538 3830 parte,
1583 3763 1874 3830 propterB
1893 3758 2268 3828 speculantes,
2325 3757 2397 3811 ad
2434 3757 2692 3812 eamdem
2745 3757 3052 3829 imaginem
3096 3761 3490 3822 transformari

200 3849 576 3904 excellean
598 3849 857 3920 gloriam.
881 3847 1119 3921 Exponit
1135 3848 1372 3920 gloriam
1385 3847 1814 3919 prasdicatorum

201 3939 350 3994 Novi
366 3939 740 3993 Testamenti.
761 3938 909 3993 Dicit
922 3938 1073 3993 enim
1087 3937 1235 4010 quod
1253 3937 1420 3991 facies
1438 3936 1664 4008 Moysis,
1690 3954 1813 4009 quae

202 4029 263 4083 in
292 4028 444 4098 legis
475 4027 679 4082 veteris
701 4027 912 4082 latione
943 4026 1164 4092 claruit,
1195 4043 1307 4081 non
1324 4031 1511 4097 potest
1529 4026 1816 4097 diciglori-

203 4119 404 4183 ﬁcata,
427 4117 489 4171 in
518 4116 968 4171 consideratione
998 4115 1160 4170 istius
1195 4115 1393 4187 partis,
1427 4114 1486 4169 id
1517 4120 1620 4181 est,
1652 4115 1702 4170 si
1739 4115 1812 4170 ad

204 4206 599 4278 apostolorum
629 4207 868 4277 gloriam
895 4206 1192 4272 referatur,
1210 4211 1441 4278 propter
1453 4205 1814 4260 excellentem

205 4296 452 4366 gloriam
487 4311 660 4366 quam
685 4294 895 4350 habent
913 4299 970 4350 et
996 4293 1246 4349 habituri
1278 4299 1430 4348 sunt.

214 4400 235 4410 ο
282 4387 312 4439 1
330 4385 380 4441 1.
401 4386 556 4451 Quod
585 4389 908 4440 evacuatur.
943 4383 1216 4438 Velamen
1234 4383 1438 4438 veteris
1468 4383 1609 4454 legis
1627 4383 1817 4438 aufer-

1895 3862 2206 3918 speramus,
2226 3846 2283 3901 id
2331 3851 2436 3916 est,
2458 3851 2523 3901 ut
2549 3846 2761 3901 similes
2799 3846 3172 3917 inveniamur,
3203 3856 3492 3912 transacta

1894 3935 2002 3990 hac
2037 3935 2171 3995 vita.
2198 3935 2463 4006 imaginis
2481 3935 2676 4006 gloria
2721 3935 2954 3991 Christi.
2987 3937 3148 3994 Unde
3185 3940 3431 3999 Joannes
3465 3962 3485 4002 :

1893 4023 2131 4091 Scimus,
2180 4024 2382 4096 inquit,
2415 4028 2571 4095 quia,
2604 4041 2735 4079 cum
2775 4029 3124 4095 apparuerit,
3179 4032 3393 4087 similes
3439 4037 3493 4088 ei

1894 4116 2124 4168 erimus.

1971 4201 2056 4259 17.
2087 4204 2337 4258 Aususr.
2367 4201 2486 4268 (lib.
2531 4215 2604 4257 xv
2636 4203 2707 4256 De
2729 4202 2912 4269 Trin.,
2942 4217 3064 4274 cap.
3095 4202 3148 4270 8,
3178 4208 3319 4260 tom.
3348 4205 3487 4281 IIl.)

1897 4290 2146 4348 Gloriam
2163 4292 2390 4346 Domini
2413 4293 2768 4360 speculantes.
2803 4291 2922 4345 Hoc
2950 4292 3243 4363 speculum
3275 4295 3324 4350 si
3342 4311 3492 4368 quae-

1900 4395 2111 4445 ramus,
2136 4378 2382 4451 profecto
2397 4377 2540 4432 illud
2556 4377 2818 4444 occurrit,
2860 4379 3010 4449 quod
3037 4381 3098 4435 in
3127 4383 3353 4453 speculo
3381 4385 3494 4442 nisi

204 4479 308 4528 tur
334 4489 510 4540 nunc,
542 4473 678 4545 quia
691 4475 857 4528 modo
885 4474 1183 4546 exponitur
1212 4471 1483 4545 quidquid
1497 4472 1706 4544 legales
1728 4472 1822 4528 ob-

205 4564 572 4618 servationes
601 4563 1076 4634 signiﬁcaverunt.
1655 4569 1659 4571 ’

1901 4468 2087 4540 imago
2109 4468 2247 4539 [ad.,
2263 4467 2399 4538 non]
2419 4471 2548 4534 98
2574 4465 2843 4521 cernitur.
2886 4467 3005 4523 Hoc
3023 4485 3158 4541 ergo
3185 4471 3369 4529 facere
3397 4491 3494 4532 co-

1900 4558 2018 4612 nati
2046 4573 2262 4628 sumus,
2283 4561 2346 4610 ut
2368 4572 2468 4628 per
2487 4556 2633 4611 hanc
2651 4555 2978 4628 imaginem,
2996 4559 3146 4630 quod
3165 4575 3268 4616 nos
3297 4577 3495 4622 sumus

1899 4647 2216 4702 videremus
2241 4650 2548 4717 utcunque,
2581 4659 2618 4699 a
2643 4661 2753 4717 quo
2810 4645 2945 4701 facti
2973 4662 3188 4716 sumus,
3221 4654 3495 4725 tanquam

1901 4753 2005 4809 per
2032 4735 2343 4808 speculum.
2361 4735 2725 4808 Speculantes
2749 4751 2882 4806 ergo
2911 4735 3052 4792 dixit
3079 4755 3182 4810 per
3202 4743 3497 4812 speculum

289 4653 381 4709 12.
419 4654 694 4707 Dominus
725 4658 912 4706 autem
939 4654 1176 4722 spiritus
1209 4657 1304 4709 est.
1337 4649 1488 4706 Ordo
1518 4669 1530 4704 :
1578 4649 1820 4722 Spiritus

202 4747 452 4795 sanctus
485 4746 574 4794 est
601 4740 894 4804 Dominus,
929 4745 988 4794 et
1016 4745 1202 4812 potest
1238 4739 1459 4811 operari
1484 4739 1633 4811 quod
1663 4739 1818 4812 vult;

209 4845 279 4883 ac
311 4845 423 4901 per
445 4829 555 4883 hoc
584 4829 732 4900 quod
761 4845 902 4900 quos
949 4829 1071 4884 vult
1098 4827 1398 4896 illuminat,
1431 4845 1571 4900 quos
1607 4828 1726 4883 vult
1759 4827 1822 4884 in
1902 4826 2171 4893 videntes,
2187 4841 2300 4880 non
2315 4825 2385 4880 de
2403 4825 2630 4897 speculo
2647 4825 3023 4896 [al.,specula]
3069 4829 3493 4900 prospicientes.

203 4916 472 4972 tenebris
501 4925 560 4972 et
585 4918 916 4988 ignorantia:
937 4919 1162 4974 deserit.
1903 4915 2064 4980 Quod
2083 4931 2212 4969 vero
2231 4915 2312 4968 ait
2331 4914 2389 4968 in
2410 4913 2665 4968 eamdem
2683 4913 2989 4984 imaginem
2999 4917 3494 4991 transformamur,

287 5005 383 5064 l3.
415 5008 521 5061 Ubi
549 5013 736 5061 autem
763 5007 1010 5077 Spiritus
1038 5009 1289 5062 Domini.
1318 5005 1558 5078 Exponit
1593 5023 1821 5063 causam
1903 5004 2099 5075 utique
2128 5003 2430 5075 imaginem
2461 5002 2562 5057 Dei
2593 5003 2711 5057 vult
2733 5001 2993 5073 intelligi,
3021 5005 3278 5062 eamdem
3306 5009 3498 5067 dicens

204 5113 316 5151 cur
349 5095 537 5151 Judaei
569 5095 744 5150 libere
768 5113 882 5150 non
913 5101 1148 5168 possunt
1173 5095 1487 5166 intelligere
1502 5096 1676 5150 Vetus
1690 5087 1878 5152 Tes-C
1902 5093 2069 5148 istam
2085 5093 2268 5164 ipsam
2285 5092 2514 5159 scilicet,
2535 5092 2591 5145 id
2623 5096 2728 5158 est,
2759 5107 2928 5163 quam
2963 5095 3337 5164 speculamur,
3362 5099 3497 5170 quia

204 5191 566 5251 tamentam,
603 5190 660 5238 et
712 5202 812 5240 cur
861 5185 1254 5256 praedicatores
1298 5184 1440 5239 Novi
1476 5185 1824 5241 Testamenti
1905 5183 2102 5237 eadem
2120 5181 2307 5253 imago
2332 5181 2435 5237 Dei
2451 5185 2631 5246 est,et
2643 5180 2827 5251 gloria
2842 5180 2965 5246 Dei,
2985 5181 3151 5238 sicuti
3170 5184 3302 5240 alibi
3320 5185 3485 5242 dicit:

205 5275 406 5345 ipsum
442 5273 1264 5345 libereintelligant:videlicet
1301 5273 1528 5344 quiailli
1549 5274 1824 5346 Spiritum
1916 5272 2010 5327 Vir
2038 5272 2260 5341 quidem
2286 5286 2398 5325 non
2443 5271 2589 5324 debet
2627 5273 2806 5324 velare
2849 5275 3012 5339 caput
3049 5287 3235 5335 suum,
3269 5290 3396 5329 cum
3421 5278 3496 5331 sit

206 5363 314 5418 Dei
349 5381 470 5418 non
507 5361 734 5429 habent,
761 5363 820 5417 hi
846 5369 1036 5418 autem
1066 5361 1295 5420 habent.
1906 5363 2089 5430 imago
2116 5365 2168 5414 et
2191 5361 2374 5428 gloria
2405 5363 2517 5414 Dei.
2547 5357 3040 5413 Transformamur
3071 5375 3204 5430 ergo
3232 5361 3393 5433 dixit,
3423 5364 3495 5421 de

275 5453 386 5510 14.
429 5455 520 5508 lbi
545 5454 770 5508 libertas
792 5459 816 5507 ?
840 5452 926 5508 Ab
963 5453 1170 5508 Israele
1223 5468 1488 5508 converso
1538 5451 1825 5508 auferetur
1902 5451 2087 5507 forma
2109 5449 2170 5505 in
2186 5448 2427 5505 formam
2446 5451 2736 5505 mutamur
2765 5451 2934 5518 atque
2951 5447 3279 5506 transimus.

207 5546 486 5601 velamen
508 5561 522 5612 ;
555 5541 789 5598 libertas
815 5542 967 5599 enim
983 5542 1088 5599 Dei
1116 5542 1225 5599 erit
1241 5542 1302 5599 in
1325 5558 1412 5612 eo,
1433 5543 1568 5615 quia
1583 5541 1826 5617 Spiritus
