4040 6186
423 288 527 348 297
1389 282 1451 336 B.
1493 279 1903 336 LANFRANCI
1943 278 2302 334 CANTUAR.
2344 279 2676 336 ARCHIEP.
3569 280 3671 338 228

424 416 490 469 in
516 413 772 469 eamdem
798 414 989 478 gloria
1006 412 1166 464 illius
1196 407 1324 480 (qua
1335 406 1482 475 justi
1508 406 1719 473 sumus)
1751 402 2215 473 imaginem,quae
2242 406 2348 457 erit
2378 406 2473 465 ibi,
2499 405 2989 471 transformamur,
3020 421 3132 459 non
3160 406 3366 473 fuscati
3388 409 3560 471 intus,
3584 402 3665 461 18.

426 521 462 559 a
481 504 737 559 claritate
766 501 911 569 ﬁdei,
938 501 1020 552 vel
1048 498 1363 559 creationis,
1396 494 1455 548 in
1485 492 1817 558 claritatem,
1852 496 1931 545 vel
1964 494 2026 545 dc
2050 494 2254 545 virtute
2279 495 2341 546 in
2370 496 2650 559 virtutem,
2692 491 2774 549 19.
2807 500 3080 565 tanquam
3110 511 3143 548 a
3171 494 3397 550 Domini
3435 493 3667 566 Spiritu,

427 609 548 649 vere
565 593 728 657 docti,
750 593 831 643 vel
864 588 1259 653 transformati
1276 600 1377 652 per
1406 583 1685 651 Spiritum
1714 585 1993 643 sanctum.

1863 720 2099 778 CAPUT
2127 721 2222 777 IV.

460 898 467 905 ν
502 875 634 931 Ideo
665 875 819 943 (quia
832 887 935 941 per
961 886 1109 939 spem
1137 870 1640 936 transformamur,
1674 868 1755 919 vel
1784 866 1919 933 quia
1949 868 2191 919 revelata
2218 865 2359 931 facie
2385 867 2735 934 speculamur
2757 870 3000 936 gloriam
3018 871 3171 923 nobis
3185 872 3559 939 promissam),
3585 870 3683 925 ha-

431 965 628 1020 bentes
652 963 799 1016 hanc
836 958 1381 1015 administrationem
1405 956 1838 1025 praedicationis,
1865 953 2028 1022 juxta
2053 953 2201 1023 quod
2230 953 2670 1008 misericordiam
2693 957 2976 1011 consecuti
3001 973 3216 1024 sumus,
3232 974 3341 1012 non
3362 975 3463 1027 per
3482 964 3684 1014 merita

434 1060 645 1119 nostra,
674 1051 1047 1121 praedicando,
1080 1064 1193 1102 non
1210 1047 1519 1109 deﬁcimus,
1535 1044 1633 1098 sed
1664 1042 1989 1096 abdicamus
2017 1042 2233 1095 occulta
2251 1042 2556 1109 dedecoris,
2582 1048 3021 1115 oceultapcccata
3048 1063 3166 1116 qua
3197 1048 3541 1115 dedecorant,
3572 1064 3688 1103 non

434 1143 789 1199 ambulantes
814 1146 877 1193 ut
901 1140 1122 1209 pseudo,
1159 1137 1215 1190 in
1244 1135 1473 1202 astutia,
1508 1149 1689 1204 neque
1717 1132 2102 1186 adulterantes
2131 1129 2357 1184 verbum
2384 1130 2504 1197 Dei,
2532 1133 2827 1200 legitimun
2864 1151 3084 1188 sensum
3124 1138 3443 1201 adimentes,
3476 1140 3558 1192 vel
3585 1153 3689 1206 pro

437 1240 654 1288 terreno
679 1234 836 1284 lucro
851 1230 1239 1296 pt'zdicantes;
1272 1224 1371 1279 sed
1398 1224 1456 1278 in
1495 1221 1946 1276 manifestatione
1993 1218 2244 1273 veritatis
2283 1219 2739 1275 commendantes
2787 1222 3165 1293 nosmetipsos
3193 1224 3265 1278 ad
3294 1241 3518 1279 omnem
3556 1241 3691 1280 con-

436 1320 731 1376 scientiam
760 1316 1074 1381 hominum,
1104 1318 1224 1383 ipsa
1250 1314 1628 1380 manifestatio
1658 1312 1907 1364 veritatis
1938 1310 2285 1363 commendat
2316 1324 2411 1362 nos
2437 1313 2570 1378 ipsis
2599 1310 2933 1378 hominibus,
2973 1329 3159 1367 coram
3206 1314 3341 1380 Deo,
3374 1330 3486 1369 non
3510 1320 3691 1371 solum

438 1409 773 1470 hominibus,
804 1406 896 1459 sed
925 1407 1093 1458 etiam
1123 1404 1246 1456 Deo.
1282 1403 1568 1470 Responsio
1597 1400 1787 1453 adhoc
1806 1400 1949 1466 quod
1982 1400 2126 1451 dixit
2158 1417 2173 1450 :
2208 1401 2446 1451 revelata
2490 1399 2650 1465 facie.
2683 1400 2843 1463 Quod
2882 1401 2929 1455 si
2957 1401 3129 1456 etiam
3160 1409 3418 1474 opertum
3455 1410 3543 1459 est
3577 1422 3693 1461 non

439 1502 618 1552 solum
637 1501 785 1549 vetus
808 1497 910 1558 lea,
942 1492 1034 1546 sed
1055 1493 1223 1545 etiam
1248 1488 1606 1559 Evangelium
1637 1492 1916 1553 nostrum,
1949 1486 2007 1540 in
2041 1486 2110 1541 iis
2139 1485 2235 1557 qui
2264 1492 2522 1557 pereunt,
2544 1494 2629 1542 est
2666 1495 2925 1560 opertum
2950 1509 2963 1557 ;
2994 1490 3041 1548 1.
3080 1493 3138 1546 in
3182 1493 3384 1564 quibus
3420 1494 3569 1550 Deus
3583 1496 3692 1551 hu-

434 1589 528 1659 jus
552 1585 759 1651 saeculi,
792 1589 983 1638 auctor
1012 1584 1285 1645 omnium,
1314 1583 1394 1634 vel
1423 1580 1672 1632 diabolus
1696 1579 1953 1645 princeps
1980 1577 2147 1645 hujus
2169 1578 2373 1641 saculi,
2407 1577 2701 1632 excecavit
2726 1585 2945 1635 mentes
2972 1580 3307 1649 inﬁdelium,
3340 1588 3404 1639 ut
3446 1601 3559 1640 non
3586 1584 3693 1640 ful-

438 1679 573 1746 geat
597 1674 709 1728 illis
736 1670 1071 1727 illuminatio
1103 1667 1391 1737 Evangelii
1417 1665 1610 1737 gloriae
1630 1664 1858 1731 Christi,
1880 1680 1983 1734 per
1996 1665 2141 1733 quod
2174 1664 2527 1732 gloriﬁcatur
2557 1666 2824 1735 Christus,
2858 1668 2956 1740 qui
3000 1675 3089 1725 est
3123 1672 3311 1743 imago
3355 1672 3476 1739 Dei,
3508 1678 3690 1729 consi-

439 1765 595 1819 milis
621 1765 800 1818 Patri.
833 1761 1137 1829 Responsio.
1170 1756 1225 1814 2.
1250 1758 1375 1812 Non
1400 1754 1550 1810 enim
1583 1754 1957 1825 nosmetipsos
1984 1752 2372 1824 praedicamus,
2406 1754 2504 1809 sed
2532 1754 2725 1810 Iesum
2767 1756 3052 1814 Christum
3079 1760 3383 1816 Dominum
3412 1768 3690 1829 nostrum,

440 1854 645 1906 scilicet
672 1867 797 1916 esse,
828 1865 932 1903 nos
948 1853 1159 1913 autem,
1190 1861 1303 1900 non
1327 1847 1507 1899 solum
1534 1842 1671 1911 ejus,
1700 1844 1792 1896 sed
1816 1844 1985 1896 etiam
2014 1858 2201 1896 servos
2232 1847 2443 1897 vestros
2472 1860 2575 1914 per
2609 1845 2820 1912 Jesum,
2860 1848 3127 1919 quoniam
3157 1850 3305 1905 Deus
3332 1849 3384 1907 3.
3414 1851 3511 1922 qui
3553 1851 3695 1906 dixit

442 1940 513 1995 de
539 1938 786 1995 tenebris
816 1938 1018 2001 lucem,
1043 1937 1310 2005 quoniam
1339 1935 1487 1987 dixit
1520 1950 1536 1986 :
1564 1933 1685 1985 Fiat
1709 1932 1836 1996 lux;
1866 1932 1949 1985 vel
1977 1932 2077 1999 qui
2096 1931 2160 1984 de
2189 1932 2314 1985 calo
2342 1931 2481 1997 facit
2512 1931 2707 1986 catum
2740 1935 3164 2005 splendescere;
3198 1939 3251 1993 4.
3284 1939 3403 2011 ipse
3434 1939 3487 1995 5.
3510 1938 3696 1994 illuxit

442 2030 501 2083 in
532 2033 658 2094 94
683 2025 942 2082 cordibus
973 2023 1183 2078 nostris
1209 2038 1329 2091 qua?
1349 2023 1577 2075 obscura
1611 2025 1790 2086 erant,
1823 2021 1884 2073 id
1911 2025 2005 2085 est,
2039 2022 2138 2089 qui
2185 2020 2337 2073 nobis
2380 2023 2626 2075 innotuit
2659 2025 2734 2077 ad
2777 2024 2875 2079 hoc
2894 2032 2956 2080 ut
2995 2030 3382 2083 illuminatam
3407 2033 3694 2084 scientiam

444 2119 725 2173 claritatis
751 2118 848 2171 Dei
876 2118 957 2183 (ut
981 2115 1189 2167 Christi
1219 2113 1481 2166 notitiam
1502 2111 1750 2164 homines
1778 2110 2065 2179 haberent)
2086 2110 2442 2178 praedicando
2469 2111 2749 2179 daremus,
2785 2111 2837 2168 6.
2866 2115 2959 2180 ad,
2987 2118 3189 2183 dando,
3225 2117 3698 2174 illuminationem

444 2206 691 2261 scientiae
714 2202 986 2258 claritatis
1006 2201 1108 2256 Dei
1143 2202 1222 2268 (ut
1251 2202 1464 2253 sciatur
1486 2204 1697 2268 quanta
1728 2201 1799 2251 sit
1825 2200 2055 2252 claritas
2077 2198 2262 2250 Patris
2280 2213 2382 2265 per
2399 2202 2765 2267 cognitionem
2787 2205 2941 2270 Filii,
2963 2221 3125 2273 quem
3150 2209 3541 2275 praedicamus,
3565 2211 3700 2278 quia

445 2298 648 2350 notitia
662 2296 848 2349 Patris
874 2296 932 2360 ﬁt
956 2293 1264 2360 cognitione
1293 2289 1449 2357 Filii)
1473 2288 1531 2341 in
1557 2287 1720 2354 facie,
1753 2290 1815 2341 in
1846 2290 2175 2355 cognitione,
2208 2286 2420 2341 Christi
2452 2289 2603 2344 Jesu.
2638 2292 2900 2358 Quamvis
2942 2295 3298 2349 tribulemur.
3330 2294 3383 2351 7.
3416 2296 3702 2352 Habemus

445 2388 635 2439 autem
662 2383 991 2438 thesaurum
1009 2380 1202 2444 istum,
1236 2378 1295 2431 id
1320 2382 1414 2442 est,
1437 2377 1582 2430 hanc
1607 2377 1942 2442 claritatem,
1971 2374 2031 2428 in
2080 2374 2226 2429 vasis
2263 2375 2548 2444 ﬁctilibus,
2585 2383 2648 2432 ut
2670 2379 2986 2435 sublimitas
3014 2382 3089 2436 sit
3134 2382 3360 2439 virtutis
3384 2384 3485 2439 Dei
3507 2387 3583 2456 (si
3608 2387 3706 2440 da-

445 2479 606 2527 retur
634 2474 724 2527 hic
753 2472 1045 2525 thesaurus
1078 2470 1309 2535 angelis,
1350 2466 1685 2534 dignitatem
1722 2480 1911 2517 eorum
1952 2466 2267 2533 suppetiisse
2312 2465 2620 2531 diceretur;
2662 2484 2815 2524 nunc
2852 2487 2977 2525 vero
3009 2472 3328 2527 sublimitas
3351 2474 3451 2528 Dei
3482 2480 3703 2529 tantum

447 2560 874 2630 consideratur),
906 2562 958 2613 si
981 2558 1119 2628 quid
1138 2558 1267 2611 boni
1285 2556 1546 2623 facimus,
1570 2556 1674 2609 Deo
1700 2556 2037 2618 ascribatur,
2061 2556 2119 2605 et
2146 2567 2260 2605 non
2290 2556 2601 2621 gloriemur
2621 2572 2688 2610 ex
2718 2556 2895 2613 nobis.
2931 2564 2984 2616 8.
3019 2560 3087 2615 In
3116 2561 3374 2617 omnibus
3403 2565 3582 2632 igitur
3606 2562 3705 2618 tri-

384 2681 387 2685 -
438 2650 794 2706 'bulationem
814 2647 1081 2720 patimur,
1112 2645 1212 2701 sed
1240 2658 1353 2700 non
1377 2647 1572 2697 animo
1600 2642 2026 2713 angustiamur;
2061 2639 2406 2712 aporiamur,
2441 2645 2691 2714 inopiam
2720 2650 2997 2716 patimur,
3021 2653 3103 2705 vel
3126 2654 3504 2720 opprimimur
3525 2652 3703 2722 (poros

449 2738 641 2804 Graec,
666 2737 819 2791 dives
852 2737 1083 2802 Latine;
1105 2749 1318 2803 aporos,
1345 2734 1517 2797 idest,
1546 2747 1798 2802 pauper;
1858 2730 1989 2784 inde
2020 2730 2399 2801 aporiamur);
2437 2732 2535 2787 sed
2562 2750 2597 2787 a
2634 2740 2911 2805 proposito
2958 2754 3072 2793 non
3119 2739 3512 2809 destituimur;
3555 2741 3703 2797 fame

450 2826 895 2897 persecutionem
918 2823 1185 2894 patimur,
1213 2821 1311 2875 sed
1338 2836 1451 2874 non
1472 2836 1507 2873 α
1537 2820 1642 2873 Deo
1661 2818 2137 2889 derelinquimur;
2167 2819 2465 2889 dejicimur
2492 2839 2730 2892 corpore,
2758 2826 2855 2880 sed
2884 2843 2997 2882 non
3027 2830 3278 2900 perimus
3305 2834 3495 2885 animo
3511 2849 3534 2899 ;
3561 2847 3705 2886 sem-

446 2930 551 2986 per
576 2912 1068 2968 mortiﬁcationem
1084 2925 1190 2980 pro
1217 2910 1351 2963 Jesu
1372 2909 1430 2962 in
1458 2924 1690 2979 corpore
1719 2913 1912 2962 nostro
1945 2907 2419 2973 circumferentes,
2446 2915 2503 2965 et
2546 2912 2605 2966 in
2644 2913 2760 2968 vita
2792 2920 2997 2970 eterna
3041 2918 3068 2971 J
3076 2934 3174 2972 esu
3218 2918 3616 2975 manifestetur
3643 2920 3705 2975 in

447 3001 775 3073 corporibus
790 3000 1096 3067 nostris,in
1120 2998 1316 3067 futuro
1338 3000 1403 3051 in
1419 3013 1586 3051 carne
1605 3002 1795 3051 nostra
1826 2999 2059 3050 mortali
2087 3000 2237 3065 facta
2274 3001 2606 3055 immortali.
2642 3002 2876 3075 Semper
2897 3005 3049 3061 enim
3077 3023 3199 3075 nos,
3224 3008 3321 3079 qui
3344 3007 3599 3074 vivimus,
3640 3010 3699 3064 in

448 3095 691 3145 mortem
707 3089 989 3145 tradimur
1004 3091 1235 3159 propter
1249 3086 1278 3141 J
1283 3101 1463 3153 esum,
1484 3090 1550 3139 ut
1558 3090 1617 3140 et
1632 3086 1748 3140 vita
1765 3087 1794 3140 J
1799 3101 1898 3141 esu
1911 3086 2304 3142 manifestetur
2321 3088 2380 3142 in
2410 3105 2578 3144 carne
2598 3097 2792 3147 nostra
2814 3095 3057 3162 mortali,
3082 3098 3329 3166 undique
3342 3100 3703 3153 tribulatione

448 3183 759 3251 compressi,
786 3182 981 3249 parati
1000 3180 1076 3233 ad
1096 3181 1330 3232 mortem
1347 3192 1541 3231 sumus
1566 3191 1670 3245 pro
1704 3179 1927 3231 nomine
1956 3178 2183 3242 Christi,
2218 3182 2280 3231 ut
2309 3194 2435 3233 cum
2466 3195 2522 3233 eo
2562 3181 2743 3236 vivere
2779 3186 3082 3251 possimus;
3122 3192 3174 3242 et
3210 3187 3309 3243 hoc
3351 3194 3461 3257 est;
3496 3205 3708 3259 semper

1800 3319 2396 3378 COMMENTARIUS

468 3486 477 3489 -
526 3451 613 3511 18.
639 3451 814 3523 (ibid.)
845 3448 890 3506 A
954 3449 1212 3505 claritate
1263 3450 1327 3503 in
1367 3448 1703 3504 claritatem.
1734 3445 1953 3500 Natura
1989 3443 2309 3505 inAlantes
2328 3445 2386 3501 in
2402 3447 2633 3519 astutia,
2650 3466 2832 3522 neque
2852 3452 3234 3507 adulterantes
3253 3451 3482 3509 verbum
3501 3454 3623 3521 Dei,
3655 3460 3714 3509 et

451 3540 621 3597 rebus
642 3538 846 3594 creatis
875 3538 1361 3604 excellentissima,
1406 3554 1536 3592 cum
1585 3553 1617 3590 a
1639 3552 1741 3590 suo
1779 3535 2044 3591 Creatore
2129 3549 2230 3587 cur
2250 3534 2451 3590 dixerit
2483 3552 2494 3585 :
2526 3538 2722 3594 Gloria
2750 3541 2976 3611 Christi,
3009 3548 3191 3598 etnon
3215 3541 3437 3611 dixerit,
3464 3545 3715 3616 Evange-

449 3629 798 3704 justiﬁcatur
822 3627 895 3681 ab
920 3628 1230 3699 impietate,
1258 3643 1294 3681 a
1316 3625 1553 3681 deformi
1572 3625 1753 3679 forma
1779 3623 2046 3678 transfor-
2125 3622 2187 3677 lii
2212 3624 2406 3694 gloria;
2425 3633 2649 3684 nostra}.

454 3724 647 3775 matur
663 3718 723 3772 in
758 3717 1064 3772 famosam
1094 3717 1331 3771 formam
1359 3734 1372 3784 ;
1404 3721 1490 3770 est
1518 3714 1723 3785 quippe
1752 3718 1809 3768 et
1835 3712 1893 3766 in
1922 3712 2046 3783 ipsa
2195 3712 2246 3767 3.
2274 3715 2381 3781 Qui
2394 3718 2539 3771 dixit
2557 3720 2619 3771 de
2651 3722 2902 3774 tenebris.
2936 3720 3099 3775 Ratio
3120 3737 3219 3776 cur
3245 3722 3593 3793 praedicaret,
3627 3722 3714 3777 vi-

456 3808 766 3880 impietate,
809 3811 1020 3878 quanto
1045 3805 1226 3877 magis
1264 3803 1580 3859 damnabile
1625 3803 1845 3869 vitium,
1887 3806 2046 3856 tanto
2127 3802 2329 3857 delicet
2347 3806 2636 3861 scientiam
2662 3808 3013 3879 praedicando
3041 3809 3194 3864 dedit
3213 3809 3323 3865 illis
3350 3812 3517 3866 Deus.

454 3897 663 3953 certius
692 3900 898 3951 natura
919 3894 1237 3962 laudabilis,
1271 3899 1330 3948 et
1356 3893 1426 3948 ob
1454 3894 1559 3947 hoc
1577 3893 1810 3959 addidit,
1831 3891 1900 3946 de
1930 3891 2048 3962 glo-
2198 3892 2250 3949 4.
2284 3894 2527 3952 Ausus'r.
2558 3898 2676 3966 Ipse
2694 3900 2909 3953 illuxit.
2934 3899 3008 3955 Ut
3027 3917 3129 3954 nos
3158 3900 3523 3966 illuminaret,
3555 3905 3612 3955 et
3639 3899 3719 3954 sic

453 3984 976 4056 riaingloriam,de
1002 3984 1186 4055 gloria
1213 3982 1513 4037 creationis
1542 3982 1600 4037 in
1627 3982 1864 4053 gloriam
1883 3980 2049 4051 justi-
2127 3982 2465 4041 haberemus
2489 3985 2780 4041 scientiam
2810 3988 3081 4043 claritatis
3111 3990 3233 4059 ejus
3255 4005 3356 4061 per
3392 3989 3593 4044 Filium
3622 3989 3719 4060 qui

456 4074 754 4131 ﬁcationis.
785 4072 1055 4138 Quamvis
1083 4072 1261 4145 possit
1276 4072 1382 4127 hoc
1406 4079 1463 4126 et
1504 4071 1627 4125 aliis
1681 4070 1862 4125 modis
1888 4069 2049 4124 intel-
2131 4076 2218 4127 est
2243 4073 2505 4144 splendor
2530 4075 2716 4130 Patris
2746 4093 2856 4148 quo
2875 4076 3282 4132 illuminamur.

458 4167 559 4238 ligi
590 4165 739 4237 quod
767 4163 978 4219 dictum
1009 4167 1113 4231 est,
1142 4162 1212 4217 de
1234 4162 1416 4233 gloria
1439 4162 1499 4216 in
1518 4161 1789 4233 gloriam;
1835 4160 1904 4215 de
1933 4159 2051 4230 glo-
2205 4159 2253 4216 5.
2287 4162 2537 4217 AMBROS.
2556 4166 2757 4219 Illuxit
2773 4168 2837 4219 in
2853 4165 3531 4222 cordibus.llluminantur
3547 4165 3718 4236 enim,

457 4256 547 4311 ria
569 4254 701 4310 ﬁdei
728 4255 790 4309 in
812 4252 1053 4324 gloriam
1083 4251 1240 4324 spei;
1273 4252 1343 4307 de
1368 4251 1551 4323 gloria
1581 4268 1693 4322 qua
1737 4265 1931 4305 sumus
1949 4248 2053 4303 ﬁlii
2134 4253 2200 4303 ut
2226 4250 2603 4321 cognitionem
2635 4252 2880 4308 habeant
2931 4254 3125 4325 gloriae
3155 4255 3257 4309 Dei
3286 4271 3387 4326 per
3411 4255 3716 4310 Christum.

455 4344 579 4412 Dei,
610 4344 671 4398 in
691 4343 932 4415 gloriam
963 4358 1075 4414 qua
1098 4341 1313 4397 similes
1332 4341 1384 4396 ei
1425 4340 1652 4405 erimus,
1687 4338 1821 4411 quia
1846 4336 2055 4392 videbi-
2206 4338 2258 4394 6.
2289 4340 2542 4397 AUGUST.
2568 4342 2748 4410 (Apud
2766 4344 2965 4397 Bedam
2985 4345 3208 4398 inidem
3231 4344 3435 4413 caput).
3470 4346 3554 4399 Ad
3584 4345 3726 4400 illu-t

456 4449 585 4489 mus
614 4449 746 4488 eum
764 4432 931 4487 sicuti
956 4437 1058 4487 est.
2134 4431 2522 4484 minutionem.
2546 4430 2679 4485 Haec
2690 4436 2777 4485 est
2793 4431 3028 4486 scientia
3054 4432 3176 4499 Dei,
3196 4432 3327 4504 quia
3343 4432 3551 4487 scimus
3564 4433 3724 4489 illum

537 4519 620 4578 l9.
652 4520 832 4594 (ibid.)
882 4522 1169 4590 Tanquam
1194 4535 1228 4573 a
1255 4521 1485 4575 Domini
1498 4516 1904 4588 Spiritu.Quod
1921 4532 2052 4572 vero
2133 4533 2255 4572 esse
2285 4517 2478 4573 lumen
2529 4535 2640 4591 quo
2686 4520 2930 4576 tenebrae
2981 4526 3186 4576 nostrae
3212 4522 3625 4590 illuminantur,
3668 4528 3727 4578 et

460 4609 705 4666 addidit:
742 4615 1063 4679 tanquama
1096 4610 1321 4663 Domini
1349 4608 1605 4678 Spiritu;
1648 4606 1893 4661 ostendit
1927 4622 2054 4676 gra-
2132 4606 2318 4678 ipsum
2340 4608 2588 4673 attende,
2622 4609 3093 4679 quemadmodum
3120 4610 3380 4666 inculcet.

459 4699 599 4754 tiam
628 4698 753 4769 [al.,
784 4695 997 4770 gratia]
1022 4696 1183 4752 nobis
1200 4696 1746 4767 conferri,tanquam
1781 4693 2050 4767 [al.,taml
2073 4720 2120 4780 B
2211 4697 2261 4750 7.
2288 4697 2505 4755 Lux-1|.
2546 4697 2817 4752 Habemus
2848 4700 3188 4754 thesaurum.
3219 4700 3573 4756 Thesaurum
3619 4700 3726 4759 cla-

460 4786 725 4861 optabilis
743 4786 1189 4842 conﬁrmationis
1230 4786 1351 4857 [al.,
1385 4783 1921 4855 transformationis]
1953 4782 2053 4839 bo-
2138 4786 2324 4841 ritatis
2355 4786 2603 4842 scientiae
2624 4787 2727 4842 Dei
2743 4788 2878 4843 dicit
2893 4790 3173 4861 apostolos
3194 4789 3401 4846 habere
3411 4791 3470 4846 in
3484 4791 3724 4846 terrenis

460 4892 619 4933 num.
2134 4876 2481 4949 corporibus,
2511 4882 2576 4932 ut
2598 4878 2821 4948 quando
2850 4878 3062 4950 aliquid
3091 4879 3373 4935 subtiliter
3404 4885 3599 4953 agunt,
3621 4881 3728 4934 vir-

530 4965 688 5020 CAP.
720 4962 816 5020 IV.
857 4992 916 5007 -
946 4961 995 5021 1.
1027 4964 1235 5019 LANFR.
1266 4965 1337 5019 In
1362 4965 1435 5019 iis
1463 4965 1663 5034 quibus
1692 4964 1832 5019 Deus
1886 4964 2054 5032 huius
2133 4966 2243 5021 tuti
2272 4966 2375 5021 Dei
2402 4966 2704 5038 imputent,
2737 4984 2851 5022 non
2875 4967 3007 5027 sibi.

458 5058 663 5113 saculi.
694 5056 870 5122 Quasi
900 5046 1115 5112 diceret
1141 5074 1153 5110 :
1187 5055 1297 5121 Qui
1353 5073 1468 5111 non
1519 5057 1701 5112 solum
1750 5055 2052 5111 invisibiles
2204 5055 2597 5112 8.Amsnos.ln
2616 5058 2874 5110 omnibus
2893 5058 3338 5113 tribulationem.
3364 5059 3527 5114 Nunc
3548 5062 3733 5113 osten—

457 5151 767 5213 creaturas,
800 5146 900 5201 sed
929 5145 1101 5201 etiam
1128 5145 1235 5200 hoc
1263 5145 1540 5201 invisibile
1588 5145 1855 5201 saeculum
1885 5144 2049 5216 regit,
2146 5144 2229 5200 dit
2244 5145 2379 5216 quia
2404 5143 2591 5199 idonei
2621 5150 2784 5199 erant
2796 5145 3188 5217 praedicatores
3214 5166 3226 5205 :
3260 5147 3357 5218 qui
3382 5147 3534 5219 passi
3548 5146 3730 5202 tribu-

457 5241 654 5307 potest
685 5241 744 5291 et
787 5237 870 5291 ita
900 5235 1194 5300 construit,
1229 5234 1289 5289 in
1334 5234 1536 5306 quibus
1578 5235 1729 5289 Deus
1774 5231 2067 5289 excaecavit
2145 5234 2414 5289 lationem
2447 5249 2560 5288 non
2590 5234 3076 5305 angustiabantur,
3103 5234 3160 5288 id
3213 5240 3318 5300 est,
3367 5252 3481 5291 non
3510 5241 3733 5290 tantum

463 5330 688 5381 mentes
710 5324 1021 5380 inﬁdelium
1050 5324 1218 5394 hujus
1250 5324 1470 5390 saeculi;
1517 5323 1650 5395 quia
1671 5323 1718 5377 si
1747 5323 1816 5377 de
1842 5323 2065 5378 diabolo
2148 5322 2628 5395 opprimebantur,
2661 5326 2727 5377 ut
2772 5324 3054 5379 cederent.
3085 5322 3519 5394 Aporiabantur,
3543 5325 3602 5378 id
3626 5329 3730 5391 est,

457 5413 670 5469 dictum
697 5418 802 5482 est,
836 5413 986 5468 Deus
1034 5414 1205 5485 hujus
1248 5413 1455 5480 saeculi,
1504 5413 1584 5467 sic
1624 5412 1959 5484 intelligitur
1996 5414 2057 5468 in
2138 5413 2387 5485 inopiam
2413 5412 2793 5485 patiebantur,
2824 5418 2881 5469 et
2910 5410 3109 5467 aderat
3150 5419 3345 5483 pastor
3387 5414 3555 5468 Deus.
3588 5412 3736 5483 Deji—

466 5498 807 5575 Evangelia:
842 5505 1103 5573 Princeps
1132 5504 1336 5557 mundi
1362 5503 1545 5571 hujus.
2139 5503 2451 5568 ciebantur,
2503 5501 2560 5556 id
2608 5507 2712 5571 est,
2751 5502 3034 5559 veteribus
3081 5501 3601 5574 prosternebantur,
3634 5518 3740 5558 nec

526 5588 583 5649 2.
609 5592 735 5648 Non
765 5593 917 5648 enim
951 5606 1070 5649 nos.
1102 5590 1367 5649 Ostendit
1394 5590 1542 5665 quod
1570 5607 1685 5649 non
1713 5592 1829 5650 sint
1862 5592 2059 5653 ambu-
2138 5592 2639 5651 mortiﬁcabantur.
