3936 6178
428 300 527 358 231

1337 315 1341 322 τ
1411 291 1469 343 Β.
1515 288 1928 344 LANFRANCI
1967 287 2327 344 CANTUAR.
2370 288 2708 344 ARGHIEP.

3578 285 3682 344 232

421 442 560 490 mus
592 423 908 496 exspoliari,
935 419 1031 474 sed
1051 415 1429 488 supervectiri,
1458 396 1631 469 simul
1648 430 1773 467 cunt
1791 415 1968 468 Adam
1987 416 2083 478 ;ut
2106 411 2490 476 absorbeatur,
2508 414 2566 465 id
2592 417 2669 466 est
2694 415 2791 478 ﬁat
2813 412 3149 477 immortale,
3171 411 3321 480 quod
3343 411 3580 466 mortale
3602 415 3690 465 est

433 534 467 570 ιι
493 515 854 572 vita.l)iceret
885 529 901 562 :
944 509 1073 574 Quis
1102 507 1199 559 hoc
1222 507 1421 573 poterit
1449 506 1584 556 dare
1603 509 1626 555 Ρ
1661 503 1951 569 Respondet
1975 518 1991 553 :
2029 500 2135 564 Qui
2183 507 2373 556 autem
2405 501 2575 555 efficit
2603 518 2704 556 nos
2730 501 2790 555 in
2816 502 2922 555 hoc
2946 502 3152 572 ipsum,
3177 506 3239 554 ut
3261 503 3688 555 immortalitate

433 605 932 675 superinduamur,
961 599 1024 650 in
1043 596 1298 664 praesenti
1315 591 1760 660 sperando,Deus
1781 595 1873 651 est,
1899 589 1994 660 qui
2011 589 2166 643 dedit
2185 590 2343 644 nobis
2373 590 2577 661 pignus
2602 590 2852 660 spiritus,
2876 591 2939 644 id
2957 595 3030 643 est
3047 590 3302 654 arrham,
3326 591 3684 657 quz’aefﬁciet.

435 693 726 750 Audentes
750 688 926 758 igitur
952 699 1164 749 sumus,
1193 696 1416 752 semper
1438 685 1494 734 et
1512 679 1752 733 scientes
1767 694 1989 749 semper
2009 678 2274 749 quoniam
2289 679 2422 733 dum
2439 695 2634 734 sumus
2654 680 2714 733 in
2726 695 2975 750 corpore.
3001 677 3057 732 5.
3081 677 3562 750 peregrinamur-a
3577 677 3690 732 Do-

437 783 594 838 mino
627 781 749 852 (per
770 775 940 831 fidem
975 773 1126 828 enim
1154 770 1527 836 ambulamus,
1561 774 1617 822 et
1636 784 1748 822 non
1776 783 1878 838 per
1896 767 2156 838 speciem,
2173 769 2232 821 id
2259 772 2353 834 est,
2377 785 2490 831 non
2503 783 2606 836 per
2623 772 2873 836 apertam
2893 766 3177 835 visionem)
3209 767 3481 820 audemus
3501 763 3690 820 autem

435 874 605 938 mori,
637 873 693 924 et
722 867 926 922 bonam
954 863 1298 918 voluntatem
1332 860 1398 926 (et
1428 875 1494 913 ne
1525 859 1823 926 objiciatur
1843 857 2174 921 hocaudere,
2189 861 2238 910 et
2257 857 2353 910 hoc
2379 860 2671 925 oette,quia
2694 873 2804 909 non
2823 860 2992 924 potest
3019 872 3134 911 non
3164 872 3270 910 esse
3294 861 3568 923 ,‘removet
3589 870 3691 924 per

437 962 536 1015 hoc
551 958 694 1030 quod
713 957 868 1021 dicit,
886 955 1086 1007 bonam
1103 945 1770 1015 voluntatem),habemus
1790 943 1969 1014 magis
1990 943 2043 998 6.
2066 943 2416 1014 peregrinari
2431 961 2466 998 a
2483 947 2799 1015 corpore,et
2818 949 3123 1015 praesentes
3144 960 3266 1000 esse
3278 944 3350 999 ad
3365 944 3687 1000 Dominum.

437 1051 490 1105 7.
517 1050 584 1104 Et
607 1047 752 1111 ideo,
768 1050 831 1098 ut
850 1047 1026 1096 simus
1049 1045 1357 1110 praesentes,
1393 1035 1802 1100 contendimus,
1827 1033 1942 1088 sive
1962 1032 2239 1099 absentes,
2267 1049 2304 1086 a
2331 1040 2614 1102 conspectu
2629 1034 3029 1100 hominum,vet
3049 1050 3084 1087 α
3103 1035 3206 1088 Deo
3222 1038 3498 1103 quantum
3516 1036 3580 1087 in
3596 1034 3692 1086 hoc

437 1139 648 1194 mundo
673 1135 787 1190 sive
815 1134 1118 1204 praesentes
1140 1127 1448 1195 conspectui
1474 1126 1786 1187 hominum,
1822 1127 1904 1177 vet
1928 1129 2059 1176 ante
2083 1123 2276 1187 Deum,
2308 1122 2527 1191 placere
2571 1122 2674 1176 illi.
2713 1123 3232 1192 Responsio.0mnes
3258 1124 3407 1178 enim
3437 1139 3538 1178 nos
3568 1138 3691 1176 ma-

436 1225 692 1283 nifestari
719 1225 942 1293 oportet
965 1224 1095 1273 ante
1124 1214 1371 1271 tribunal
1386 1211 1617 1277 Christi,
1646 1211 1698 1276 8,
1729 1214 1796 1264 ut
1824 1210 2048 1275 referat,
2072 1213 2346 1264 rationem
2376 1212 2594 1276 reddat,
2624 1214 2704 1265 vet
2723 1214 2975 1278 primum
2993 1215 3275 1282 suscipiat,
3302 1211 3693 1282 unusquisque

435 1315 666 1390 propria
691 1310 961 1383 corporis,
992 1311 1161 1380 prout
1187 1304 1380 1375 gessit,
1415 1302 1529 1355 sive
1558 1300 1786 1364 bonum,
1819 1299 1935 1352 sive
1963 1299 2193 1352 malum.
2224 1299 2473 1353 Scientes
2501 1315 2654 1369 ergo,
2680 1303 2882 1354 scilicet
2912 1302 3025 1363 hoc,
3055 1302 3318 1356 timorem
3345 1300 3571 1356 Domini
3597 1301 3696 1355 ho-

439 1388 684 1461 minibus
713 1401 1014 1457 suademus
1041 1416 1053 1465 ;
1085 1397 1201 1451 Deo
1231 1399 1441 1459 autem,
1473 1394 1607 1461 quia
1632 1395 1847 1443 terreno
1867 1393 2020 1443 tucro
2041 1403 2155 1442 non
2173 1390 2422 1456 fecimus,
2450 1388 2730 1442 manifesti
2749 1390 3144 1461 sumus.Spero
3173 1397 3363 1445 autem
3394 1396 3453 1445 et
3478 1390 3536 1445 in
3557 1407 3692 1444 con-

439 1492 689 1550 scientiis
719 1488 934 1552 vestris,
958 1489 1091 1554 quia
1120 1499 1220 1553 pro
1247 1489 1462 1537 terreno
1488 1484 1642 1534 lucro
1663 1494 1774 1532 non
1793 1479 2178 1546 praedicamus,
2197 1476 2524 1531 manifestos
2535 1493 2647 1531 non
2667 1493 2808 1532 esse.
2840 1479 3190 1547 (ExcusatzoJ
3221 1480 3347 1534 Non
3373 1479 3599 1545 iterum,
3630 1485 3696 1534 ut

432 1585 654 1654 possitis
675 1584 866 1635 contra
879 1575 1344 1645 pseudoapostotos
1354 1571 1597 1638 gloriari
1607 1582 1771 1636 super
1782 1569 2104 1635 magisterio
2122 1568 2450 1633 nostro,ideo
2463 1567 2926 1622 commendamus
2941 1584 3044 1622 nos
3056 1567 3332 1635 vobis,sed
3348 1570 3694 1624 occasionem

439 1673 640 1726 damus
671 1667 826 1722 vobis
853 1661 1131 1736 gloriandi
1161 1676 1262 1732 pro
1289 1659 1542 1722 nobis,ut
1569 1655 1823 1710 habeatis
1840 1655 1910 1709 ad
1939 1671 2053 1718 eos,
2072 1656 2217 1722 quod
2234 1659 2309 1709 eis
2330 1658 2718 1724 respondeatis,
2743 1657 2839 1726 qui
2865 1657 2927 1711 in
2954 1658 3095 1712 facie
3113 1657 3694 1728 gloriantur,quoru~m

434 1762 711 1830 gaudium
726 1761 800 1811 est
809 1755 1108 1824 praesentia
1139 1756 1359 1804 tantum
1388 1748 1696 1808 hominum,
1706 1748 1786 1798 uel
1802 1759 2041 1812 quorum
2059 1746 2242 1810 gloria
2261 1749 2334 1797 est
2360 1747 2425 1798 in
2446 1750 2666 1798 tantum
2689 1751 2865 1812 extra,
2890 1753 2947 1800 et
2966 1763 3078 1801 non
3101 1747 3159 1800 in
3187 1747 3353 1801 corde
3367 1749 3494 1801 bene
3514 1763 3691 1816 agere.

437 1848 491 1918 9,
523 1845 611 1905 10.
640 1847 765 1903 Sive
788 1843 935 1898 enim
963 1845 1152 1895 mente
1178 1836 1494 1892 excedimus
1513 1835 1596 1900 (id
1612 1839 1704 1900 est,
1721 1832 2078 1887 aDeihonore
2096 1834 2468 1902 procedimus;
2501 1838 2586 1888 vel
2613 1850 2825 1888 arcana
2836 1837 3152 1890 divinitatis
3169 1831 3538 1907 praedicando)
3558 1837 3692 1899 Deo;

436 1940 510 1993 ad
539 1938 760 1994 laudem
789 1935 908 1989 Dei.
944 1930 1030 1986 11.
1058 1929 1182 1984 Sive
1217 1926 1300 1983 ‘12.
1338 1923 1510 1979 sobrii
1534 1938 1748 1986 sumus,
1777 1920 1952 1989 vobis,
1985 1926 2107 1986 θα
2141 1927 2602 1990 contemperantes
2631 1924 3108 1978 condescendimus
3137 1927 3283 1978 vobis
3304 1941 3480 1979 mores
3498 1931 3699 1978 vestros

436 2019 1050 2082 instruendo.Charitas
1070 2016 1220 2072 enim
1235 2014 1445 2070 Christi
1460 2016 1626 2083 urget
1643 2027 1764 2078 nos,
1779 2009 1858 2066 13.
1883 2009 2224 2065 aestimantes
2242 2009 2632 2081 hoc,quoniam
2657 2011 2703 2065 si
2723 2027 2868 2066 unus
2883 2029 2985 2084 pro
3006 2012 3264 2067 omnibus
3283 2019 3538 2068 mortuus
3588 2017 3695 2079 est,

437 2131 571 2187 ergo
598 2127 792 2167 omnes
806 2107 1015 2164 mortui
1028 2112 1160 2161 sunt
1186 2101 1693 2173 consequiturquod
1721 2115 1906 2153 omnes
1917 2101 2105 2153 debent
2126 2103 2274 2154 mori
2292 2116 2392 2170 pro
2420 2103 2549 2164 illo;
2584 2099 2667 2156 14.
2693 2106 2750 2155 et
2767 2117 2866 2173 pro
2885 2101 3145 2156 omnibus
3165 2107 3421 2158 mortuus
3439 2107 3524 2157 est
3541 2102 3702 2157 Chri-

438 2209 580 2271 stus,
612 2207 696 2270 ut,
726 2207 784 2255 et
814 2201 870 2265 (a
896 2198 1093 2266 simili)
1118 2195 1212 2267 qui
1238 2193 1447 2259 vivunt,
1471 2191 1590 2262 jam
1615 2205 1728 2243 non
1757 2188 1864 2243 sibi
1892 2189 2204 2258 vivant,pro
2235 2205 2290 2242 eo
2321 2191 2662 2255 moriantur,
2682 2189 2781 2243 sed
2803 2190 2874 2257 ei,
2898 2193 2972 2245 ad
3001 2193 3262 2246 honorem
3291 2196 3430 2263 ejus,
3466 2191 3562 2263 qui
3593 2208 3696 2262 pro

439 2293 578 2367 ipsis
605 2294 865 2347 mortuus
889 2293 975 2342 est
1001 2290 1059 2340 et
1086 2281 1409 2340 resurrexit.
1446 2279 1530 2336 15.
1573 2280 1790 2350 Itaque,
1821 2294 1946 2348 ergo
1985 2279 2122 2346 quia
2160 2281 2426 2345 surrexit,
2457 2294 2559 2333 nos
2587 2277 2675 2335 t6.
2708 2295 2775 2334 ex
2820 2280 2925 2336 hoc
2952 2282 3256 2351 neminem,
3298 2298 3411 2337 non
3438 2281 3698 2336 novimus

1764 2444 2355 2503 COMMENTARIUS.

507 2634 558 2692 5.
587 2628 1068 2699 Peregrinamura
1088 2623 1210 2678 Deo.
1234 2618 1383 2674 Deus
1401 2617 1609 2688 ubique
1638 2621 1742 2683 est,
1774 2613 1872 2670 sed
1894 2614 2025 2686 quia
2043 2624 2093 2682 Α
2111 2614 2183 2669 ab
2210 2616 2308 2670 illa
2333 2615 2630 2672 altitudine
2667 2617 2907 2672 ccelestis
2941 2619 3428 2690 contemplationis
3447 2620 3704 2676 discede-

432 2725 594 2780 sedes
620 2720 722 2776 Dei
749 2717 807 2772 in
833 2714 986 2771 antis
1013 2717 1120 2776 est,
1150 2715 1208 2765 et
1239 2709 1353 2764 illic
1379 2722 1600 2777 semper
1628 2705 1866 2768 videtur,
1896 2704 2022 2759 ideo

433 2815 523 2870 hic
554 2810 741 2884 positi,
772 2805 873 2861 ubi
903 2818 1016 2858 non
1039 2800 1288 2866 videtur,
1331 2795 1680 2869 peregrinari
1701 2793 1772 2848 ab
1799 2810 1865 2848 eo
1894 2793 2026 2848 dici-

429 2917 576 2960 mur.

499 2990 554 3049 6.
595 2991 801 3046 Laure.
833 2981 1192 3050 Peregrinari
1237 2995 1272 3032 a
1327 2992 1566 3045 corpore.
1612 2973 1772 3039 Quia,
1815 2972 2018 3044 inquit,

429 3098 545 3140 non
572 3083 759 3152 potest
785 3072 908 3129 ﬁeri
934 3076 998 3125 ut
1033 3069 1105 3123 ad
1141 3069 1322 3122 Deum
1352 3081 1548 3121 eamus
1578 3079 1829 3135 corpore,
1869 3060 2023 3152 eligi:-

430 3186 560 3228 mus
573 3150 760 3239 magis
787 3159 1039 3234 separari
1063 3175 1099 3212 a
1118 3171 1367 3228 corpore,
1402 3159 1460 3209 et
1481 3156 1785 3226 praesentes
1812 3166 1935 3206 esse
1953 3150 2026 3204 ad

429 3261 830 3402 militum.
855 3336 920 3392 Et
939 3335 1058 3392 ideo
1079 3331 1478 3394 contendimus,
1501 3326 1560 3382 id
1578 3333 1683 3393 est,
1709 3325 1826 3380 sive
1839 3325 1899 3380 in
1919 3325 2025 3379 hac

426 3434 543 3490 vita
577 3429 767 3503 positi,
785 3426 900 3481 sive
915 3427 1047 3477 ante
1073 3418 1323 3474 tribunal
1348 3415 1558 3472 Christi
1581 3418 1884 3486 praesentes
1901 3413 2023 3485 pla-

426 3536 654 3580 ceamus
667 3518 737 3573 ei.

498 3611 551 3667 8.
580 3610 825 3664 Ausum.
854 3599 1032 3671 (epist.
1070 3593 1190 3654 107.
1232 3595 1399 3650 Vitati
1417 3592 1566 3648 Gart.
1599 3593 1662 3647 de
1685 3593 1896 3646 orando
1917 3606 2020 3660 pro

425 3697 751 3760 incredulis,
780 3698 921 3747 tom.
953 3688 1046 3756 II.)
1084 3687 1147 3742 Ut
1168 3686 1372 3752 referat
1392 3683 1790 3750 unusquisque.
1816 3679 2024 3735 Omnes

427 3785 737 3842 astabimus
764 3784 896 3834 ante
924 3775 1175 3831 tribunal
1218 3769 1454 3838 Christi;
1494 3775 1560 3825 ut
1603 3770 1813 3824 referat
1848 3785 2025 3824 unus-

429 3875 667 3949 quisque
691 3869 1000 3926 secundum
1045 3881 1114 3919 ea
1151 3878 1274 3934 quae
1320 3876 1423 3933 per
1458 3875 1660 3931 corpus
1687 3858 1888 3949 gessit,
1913 3873 2027 3914 non

2104 2709 2240 2764 bant
2267 2708 2338 2762 ad
2365 2707 2732 2762 ordinandam
2764 2708 2931 2763 vitam
2963 2709 3363 2780 subjectorum.
3400 2711 3470 2766 Et
3487 2712 3594 2766 hoc
3619 2712 3705 2766 di-

2107 2799 2182 2853 cit
2210 2816 2269 2854 se
2316 2802 2545 2870 pmpter
2581 2797 2886 2852 utilitatem
2931 2798 3312 2860 subiectorum
3358 2800 3558 2867 facere,
3591 2818 3708 2856 non

2106 2893 2335 2960 propter
2362 2888 2669 2942 humanam
2693 2887 2954 2958 gloriam.

2175 2976 2266 3033 12.
2299 2975 2484 3030 Sobrii
2506 2993 2716 3030 sumus.
2745 2977 2854 3030 Pro
2876 2976 3046 3043 vobis,
3075 2977 3278 3049 inquit,
3311 2977 3709 3049 facimus,quia

2102 3067 2174 3121 de
2194 3065 2350 3121 vobis
2368 3065 2527 3136 quasi
2541 3066 2983 3120 commendando
3013 3082 3139 3137 nos,
3167 3066 3468 3138 loquimur.
3500 3068 3707 3122 Omnia

2108 3155 2257 3211 enim
2278 3161 2507 3227 pr0pter
2532 3171 2631 3209 vos
2671 3155 2930 3222 facimus,
2964 3156 3096 3227 quia
3124 3155 3237 3211 sive
3273 3161 3464 3212 mente
3491 3157 3711 3212 excedi-

2107 3262 2252 3313 mus,
2307 3246 2365 3300 id
2409 3251 2514 3313 est,
2562 3245 2840 3317 profunda
2870 3245 3179 3302 divinitatis
3221 3247 3608 3318 praedicamus,
3641 3247 3707 3303 et

2104 3337 2210 3392 hoc
2237 3335 2310 3390 ad
2338 3335 2564 3392 laudem
2595 3335 2698 3389 Dei
2731 3354 2743 3403 ;
2777 3335 2891 3390 sive
2909 3335 3084 3390 sobrii
3112 3351 3329 3404 sumus,
3357 3337 3414 3391 id
3441 3343 3545 3405 est,
3567 3337 3698 3393 sub-

2105 3425 2351 3480 ditorum
2383 3423 2576 3490 vitam,
2615 3423 2939 3478 intermissa
2983 3425 3455 3496 contemplatione
3483 3427 3697 3498 divina,

2099 3515 2366 3580 humana,
2399 3517 2884 3584 contemperantes
2911 3513 3258 3570 ordinamus.

2178 3601 2264 3660 i3.
2296 3605 2646 3658 Atstimantes
2671 3603 2785 3660 hoc.
2828 3601 3244 3671 Existimamus,
3267 3604 3470 3677 inquit,
3495 3605 3626 3677 quia
3643 3606 3697 3660 si

2107 3694 2362 3749 Christus
2387 3709 2488 3764 pro
2517 3692 2777 3747 omnibus
2805 3698 3060 3748 mortuus
3075 3700 3181 3766 est,
3214 3700 3271 3750 et
3289 3712 3483 3750 omnes
3511 3695 3703 3750 homi-

2107 3799 2207 3838 nes
2236 3782 2380 3837 mori
2409 3781 2615 3836 debent
2640 3799 2741 3852 pro
2770 3783 2982 3837 honore
3009 3783 3179 3838 illius.
3441 3771 3447 3776 ’

2183 3871 2268 3928 14.
2297 3873 2366 3926 Et
2387 3887 2492 3940 pro
2532 3873 2786 3925 omnibus
2832 3878 3088 3926 mortuus
3119 3878 3196 3927 est
3241 3874 3508 3930 Christus.
3551 3875 3702 3944 Ergo

428 3947 736 4021 secundum
763 3975 833 4014 ea
846 3972 990 4029 qum,
1013 3953 1063 4009 si
1089 3950 1303 4007 diutius
1330 3949 1560 4014 viveret,
1577 3953 1842 4018 gesturus
1860 3947 2022 4014 foret,
2042 3985 2088 4046 B
2111 3961 2244 4033 quia
2273 3961 2531 4016 Christus
2559 3965 2815 4014 mortuus
2851 3965 2937 4014 est
2972 3977 3073 4031 pro
3113 3963 3388 4029 omnibus,
3414 3964 3703 4018 neminem

427 4054 543 4111 sive
563 4052 796 4115 bonum.
833 4047 948 4101 Sive
984 4043 1218 4098 malum-
1252 4039 1472 4095 scimus
1517 4037 1689 4092 etiam
1739 4037 2019 4108 Ρετνυιοευ
2042 4037 2086 4046 ”
2105 4049 2482 4123 approbemus
2509 4049 2815 4105 secundum
2847 4066 3072 4104 carnem
3101 4050 3396 4106 viventem.
3430 4053 3500 4107 Et
3523 4053 3572 4107 si
3602 4069 3700 4107 co-

426 4141 734 4199 secundum
771 4153 840 4192 ea
856 4151 980 4208 quae
1001 4148 1103 4204 per
1128 4145 1330 4202 corpus
1349 4134 1666 4199 gesserunt,
1698 4131 2022 4197 recepturos

423 4233 512 4288 vel
547 4231 760 4286 bonum
786 4225 874 4280 vel
901 4222 1133 4278 malum.
1166 4220 1480 4274 Gesserunt
1518 4220 1710 4270 autem
1761 4231 1874 4270 non
1921 4230 2023 4286 per

421 4321 658 4393 seipsos,
691 4315 791 4372 sed
813 4329 916 4386 per
932 4328 1031 4368 eos
1051 4310 1148 4384 qui
1176 4324 1278 4381 pro
1448 4304 1934 4378 respondentibus,
1964 4309 2021 4359 et

420 4407 748 4466 renuntiare
780 4401 1002 4458 diabolo
1033 4400 1316 4464 dicuntur,
1348 4402 1404 4450 et
1427 4395 1656 4450 credere
1700 4393 1760 4450 in
1787 4394 1968 4448 Deum
2002 4411 2014 4447 :

415 4499 581 4556 Unde
607 4500 668 4551 et
689 4496 749 4549 in
763 4505 1000 4548 numero
1023 4487 1276 4543 ﬁdelium
1294 4489 1708 4556 computantur,
1739 4482 2020 4555 pertinen-

419 4593 508 4643 tes
532 4585 604 4640 ad
631 4581 972 4639 sententiam
1005 4575 1231 4633 Domini
1281 4575 1516 4629 dicentis
1550 4593 1561 4627 :
1593 4575 1701 4641 Qui
1724 4574 2018 4628 crediderit

421 4681 472 4732 et
501 4675 810 4744 baptizatus
837 4669 1030 4738 fuerit,
1063 4667 1247 4720 salvus
1277 4667 1384 4718 erit
1411 4664 1601 4730 (Marc.
1633 4664 1765 4730 XVI).

492 4763 547 4821 9.
585 4763 831 4818 Anaus'r.
869 4760 1055 4830 (tract.
1088 4754 1118 4808 7
1151 4757 1217 4808 in
1247 4754 1456 4820 Evang.
1496 4754 1683 4819 Joan.,
1715 4755 1852 4806 tom.
1881 4751 2005 4816 IX).

420 4854 546 4911 Sive
563 4852 715 4907 enim
737 4852 914 4903 mente
941 4845 1266 4900 assedimus.
1295 4842 1442 4907 Quid
1466 4845 1553 4896 est
1575 4846 1763 4896 mente
1783 4840 2016 4896 excessi-

419 4941 583 4998 mus?
612 4939 690 4995 Ut
716 4938 816 4992 illa
839 4935 1128 4990 videamus
1149 4949 1273 5004 quae
1302 4947 1416 4986 non
1442 4931 1575 4985 licet
1603 4930 1816 4984 homini
1838 4928 2010 5002 loqui.

420 5031 568 5098 Quid
595 5035 681 5086 est
696 5030 1080 5100 temperantes
1106 5039 1302 5079 sumus
1325 5019 1514 5076 vobis?
1533 5021 1674 5085 Non,
1702 5019 1907 5091 inquit,
1924 5023 2015 5090 ju-

417 5120 600 5178 dicaui
625 5136 710 5174 me
734 5119 873 5172 scire
897 5115 1119 5184 aliquid
1155 5117 1306 5168 inter
1331 5127 1441 5179 vos,
1479 5112 1595 5164 nisi
1625 5110 1906 5166 Christum
1924 5111 2013 5164 Je-

418 5226 564 5278 sum,
596 5215 646 5264 et
664 5210 813 5262 hunc
837 5206 1188 5272 cruciﬁxum.

483 5297 572 5357 10.
605 5299 820 5354 ΒΑΜ-Ἢ.
849 5296 1025 5350 Mente
1051 5294 1378 5348 excedimus.
1411 5290 1599 5344 Mente
1626 5288 1892 5344 excedere
1927 5293 2014 5344 est

419 5389 480 5444 in
517 5388 706 5443 divina
731 5382 1206 5455 contemplatione
1239 5397 1383 5447 esse,
1416 5385 1474 5435 et
1501 5381 1606 5435 hoc
1630 5380 1767 5436 dicit
1790 5396 1850 5436 se
1880 5397 2011 5452 pro-

416 5483 546 5552 pter
562 5478 900 5544 Deum,~non
917 5477 1156 5546 propter
1181 5470 1406 5526 laudem
1429 5470 1725 5526 hominum
1743 5470 1944 5526 facere.

2102 4139 2296 4211 gnovit
2323 4139 2654 4210 priusquam
2678 4138 2737 4192 in
2768 4137 3054 4194 Christum
3094 4139 3349 4194 crederet
3371 4141 3695 4212 Apostolus,

2103 4229 2412 4285 secundum
2439 4244 2666 4282 carnem
2694 4227 2851 4282 novit
2875 4243 3026 4294 eum,
3071 4228 3204 4298 quia
3249 4229 3534 4285 hominem
3565 4235 3698 4288 tan-

2100 4325 2224 4376 tum
2255 4316 2594 4373 aestimabat.

2178 4408 2255 4464 15.
2293 4409 2480 4476 Itaque
2496 4423 2604 4472 vos,
2640 4405 2697 4460 id
2727 4411 2830 4473 est,
2855 4406 2990 4478 quia
3016 4406 3274 4462 Christus
3298 4424 3399 4479 pro
3428 4408 3690 4465 omnibus

2100 4500 2355 4552 mortuus
2375 4500 2479 4562 est,
2511 4501 2576 4549 ut
2601 4511 2795 4550 omnes
2813 4512 2914 4566 pro
2938 4496 3148 4550 honore
3173 4497 3326 4552 illius
3355 4499 3693 4555 moriantur.

2100 4586 2178 4640 Ex
2205 4586 2310 4640 hac
2345 4583 2794 4639 consideratione
2832 4585 3117 4640 neminem
3159 4586 3432 4652 novimus,
3477 4588 3535 4642 id
3580 4594 3686 4655 est,

2097 4672 2475 4745 approbemus
2502 4673 2809 4728 secundum
2863 4690 3090 4729 carnem
3143 4675 3441 4744 viventem,
3480 4683 3536 4732 et
3582 4694 3690 4733 sua

2098 4767 2459 4835 quaerentem,
2493 4766 2552 4817 et
2576 4779 2690 4816 non
2719 4779 2843 4834 qua:
2866 4763 2998 4818 Jesu
3019 4763 3246 4819 Christi.

2172 4851 2257 4909 16.
2282 4853 2522 4909 Αυαοετ.
2558 4851 2676 4921 (lib.
2706 4866 2746 4906 II
2775 4857 2970 4907 contra
2997 4854 3207 4921 Faust.,
3229 4871 3276 4908 c.
3310 4851 3362 4908 7.
3389 4859 3525 4909 tom.
3563 4855 3689 4923 VI.)

2093 4941 2182 4996 Ea:
2220 4942 2317 4995 hoc
2352 4943 2649 4996 neminem.
2681 4941 2877 5012 Itaque
2907 4958 3008 4996 nos
3036 4943 3238 4997 amodo
3266 4943 3554 4998 neminem
3590 4959 3692 4998 no-

2093 5029 2274 5083 vimus
2301 5028 2609 5083 secundum
2637 5045 2883 5084 carnem.
2929 5029 3036 5084 Sed
3065 5031 3199 5101 quia
3227 5031 3453 5086 illorum
3495 5049 3688 5088 secum

2095 5117 2265 5172 vitam
2313 5117 2581 5184 futuram,
2634 5123 2906 5190 tanquam
2938 5124 3272 5190 praesentem
3320 5120 3692 5177 meditabitur

2093 5198 2197 5279 [αι.
2207 5245 2221 5272 ,
2245 5205 2643 5279 meditabatur]
2660 5207 2775 5277 ,qui
2789 5213 3146 5278 resurgentes
3161 5209 3681 5265 commutabantur.

2091 5295 2326 5362 Amodo,
2359 5295 2562 5367 inquit,
2586 5296 2870 5351 neminem
2914 5297 3224 5353 secundum
3266 5314 3491 5352 carnem
3522 5300 3686 5355 novi-

2092 5400 2238 5452 mus,
2267 5384 2326 5438 id
2353 5389 2457 5452 est,
2485 5390 2602 5439 tam
2625 5389 2838 5440 certam
2856 5401 3015 5457 spem
3040 5391 3298 5441 tenemus
3323 5387 3528 5443 futurae
3556 5404 3688 5443 nos-

2091 5477 2193 5528 tra;
2222 5473 2711 5546 .incorporationis
2753 5479 2810 5529 et
2843 5475 3306 5540 immortalitatis,
3365 5482 3431 5532 ut
3475 5476 3682 5533 amodo

491 5566 575 5625 tl.
607 5566 730 5624 Sive
747 5567 920 5623 sobrii
940 5577 1154 5620 sumus.
1187 5559 1374 5617 Sobrii
1401 5565 1566 5616 erant
1588 5559 1846 5635 apostoli,
1879 5575 2010 5618 cum
2085 5562 2208 5632 jam
2219 5561 2442 5634 .inipsa
2453 5561 2658 5618 notitia
2678 5562 3048 5633 gaudeamus.
