3936 6178
214 237 310 297 233
861 235 945 290 1N
984 235 1050 289 D.
1091 233 1307 291 PAULI
1351 233 1580 292 EPIST.
1621 233 1994 294 COMMENT.
2039 263 2103 274 —
2145 233 2366 290 EPIST.
2407 233 2460 289 ιι
2499 231 2595 288 AD
2634 194 2799 290 Cea.
3363 231 3470 292 234

212 361 520 418 secundum
537 376 762 416 carnem
775 359 1058 416 Christum
1081 363 1391 422 mortalem,
1409 361 1492 415 vel
1510 364 1644 430 quia
1663 362 1930 415 surrexit.
1958 356 2042 414 17.
2077 357 2146 414 Et
2176 358 2224 413 si
2252 357 2611 430 cognovimus
2643 357 2881 427 (Respon.
2920 360 3047 427 jam
3075 373 3189 413 non
3220 358 3474 413 novimus

217 457 435 505 tantum
457 451 771 513 hominem;
807 450 910 502 etsi
936 450 1285 516 cognovimus
1315 450 1590 518 opinione)
1623 447 1711 506 48.
1729 449 2037 505 secundum
2054 462 2280 502 carnem
2294 445 2604 512 Christum,
2622 447 2915 500 mortalem
2936 450 3125 516 primo
3147 466 3165 513 ;
3190 447 3287 502 sed
3324 461 3476 502 nunc

206 540 320 610 jam
342 555 459 593 non
479 537 740 592 novimus
755 538 1064 602 mortalem,
1082 537 1174 589 sed
1197 538 1274 590 im
1284 540 1594 592 mortalem.
1624 536 1707 596 19.
1735 536 1797 594 Si
1823 553 1935 610 qua
1950 552 2084 608 ergo
2099 536 2161 591 in
2172 536 2397 596 Christo
2413 551 2558 591 nova
2581 538 2856 602 creatura,
2877 540 3084 604 vetera,
3119 537 3179 591 id
3206 541 3282 591 est
3309 538 3468 603 vitia,

211 627 582 693 transierunt,
601 629 653 681 si
676 627 928 682 Christus
949 640 1121 678 novus
1141 630 1216 679 est
1234 627 1592 694 immortalis,
1616 642 1740 694 ergo
1758 632 1938 681 vetera
1955 628 2307 682 transierunt
2326 628 2389 680 in
2410 626 2563 679 nobis
2581 642 2598 678 :
2623 623 2925 692 (Surrexit,
2945 640 3072 692 ergo
3092 640 3206 680 non
3220 626 3474 679 debemus

207 720 391 774 vivere
410 717 718 770 secundum
735 729 962 768 carnem
986 729 1005 778 ;
1023 729 1148 781 ergo
1160 719 1344 770 vetera
1356 717 1708 769 transierunt
1723 735 1741 781 ;
1769 731 1804 770 a
1822 719 1971 785 pari,
1991 716 2294 769 secundum
2316 717 2617 778 oarnem,et
2635 717 2817 767 vetera
2826 719 2959 768 sunt
2968 716 3156 782 paria)
3170 729 3314 768 :ecce
3330 713 3478 772 facta

207 810 342 860 sunt
370 805 567 860 omnia
594 820 758 870 nova,
782 805 842 857 id
871 807 966 869 est,
1001 805 1136 871 quia
1159 803 1298 871 facti
1315 819 1510 858 sumus
1550 806 1698 859 novi.
1718 801 1808 861 20.
1833 803 2038 860 Omnia
2059 808 2252 858 autem
2272 819 2339 858 ex
2365 803 2502 867 Deo,
2534 801 2631 874 qui
2671 816 2773 857 nos
2814 803 3196 863 reconciliavit
3231 803 3340 858 sibi
3375 818 3478 875 per

208 893 532 960 Christum;
567 898 630 948 et
654 892 828 957 dedit,
842 895 1030 960 postea
1053 891 1454 945 commendavit
1469 889 1630 945 nobis
1645 891 2024 948 ministerium
2039 890 2530 957 reconciliationis,
2538 894 2988 960 praedicationem
3010 893 3480 961 ad,atios,poterat

211 989 346 1038 tunc
363 985 732 1037 reconciliare
760 981 1040 1035 mundum
1053 995 1155 1048 per
1190 979 1495 1034 Christum.
1535 977 1624 1034 2i.
1643 969 1922 1044 Quoniam
1951 981 2180 1052 quidem
2212 982 2362 1037 Deus
2391 985 2515 1040 erat
2541 980 2600 1038 in
2629 979 2873 1048 Christo,
2914 981 3188 1042 mundum
3233 979 3478 1036 reconci-

210 1072 354 1127 lians
381 1071 515 1138 sibi,
547 1087 663 1126 non
690 1074 959 1142 reputans
987 1068 1101 1124 illis
1120 1068 1327 1124 delicta
1351 1069 1624 1141 ipsorum,
1659 1086 1772 1126 non
1801 1074 1880 1125 eis
1907 1086 2204 1140 repensans
2231 1071 2535 1126 secundum
2555 1073 2780 1135 merita,
2805 1073 2864 1124 et
2887 1071 3076 1140 posuit
3103 1069 3164 1125 in
3183 1070 3345 1126 nobis
3357 1085 3476 1126 ver-

209 1159 338 1215 bum
369 1157 874 1222 reconciliationis,
900 1159 1349 1226 przdicationem
1378 1157 1690 1226 Evangelii.
1722 1159 1831 1213 Pro
1860 1159 2085 1215 Christo
2117 1176 2271 1230 ergo,
2295 1162 2407 1214 vice
2434 1159 2661 1225 Christi,
2686 1157 2966 1229 legatione
2993 1158 3304 1230 fungimur,
3334 1162 3470 1230 quia

206 1251 355 1304 dedit
386 1250 549 1304 nobis
564 1249 869 1317 pradicare
893 1251 1188 1317 tanquam,
1213 1247 1274 1300 id
1305 1251 1380 1300 est
1435 1263 1577 1316 vere,
1606 1247 1722 1302 Deo
1768 1247 2100 1303 exhortante
2157 1265 2260 1320 per
2314 1265 2438 1304 nos.
2469 1246 2560 1315 22,
2591 1246 2681 1303 23.
2725 1247 3116 1315 Obsecremus,
3149 1251 3284 1318 quia
3312 1249 3479 1318 legati

207 1339 420 1396 Christi
446 1353 666 1402 sumus,
699 1352 802 1408 per
829 1335 1074 1402 Christo,
1104 1339 1218 1390 vice
1243 1336 1471 1403 Christi,
1499 1336 1938 1392 reconciliamini
1960 1338 2098 1393 Deo.
2129 1336 2220 1394 24.
2254 1337 2394 1392 Eum
2423 1336 2520 1408 qui
2545 1351 2660 1391 non
2685 1341 2919 1392 noverat
2946 1337 3478 1409 peccatum,25.pro

205 1426 370 1483 nobis
401 1424 492 1484 26.
529 1430 822 1499 peccatum
850 1425 1001 1492 fecit,
1022 1428 1107 1480 vel
1137 1426 1376 1479 hostiam
1394 1441 1500 1496 pro
1523 1431 1761 1495 peccato,
1787 1432 1852 1481 ut
1871 1442 1972 1482 nos
2001 1425 2594 1498 efﬁceremurjustitia
2611 1425 2715 1482 Dei
2737 1425 2798 1481 in
2825 1425 2972 1498 ipso.

1635 1547 1878 1605 CAPUT
1913 1549 2012 1606 VI.

274 1677 636 1748 Adjuvantes
662 1679 852 1730 autem
884 1675 1102 1744 (scilicet
1130 1691 1239 1740 vos,
1264 1677 1344 1728 vel
1368 1675 1559 1738 Deum,
1583 1679 1648 1727 ut
1669 1677 1730 1727 in
1744 1676 1937 1743 prima
1955 1674 2200 1743 Epistola
2218 1689 2262 1727 c.
2289 1686 2355 1728 ΙΙΙ
2375 1693 2392 1728 :
2410 1673 2513 1728 Dei
2533 1673 2684 1728 enim
2708 1674 2995 1745 adjutores
3020 1676 3256 1744 sumus,)
3284 1676 3483 1733 exhor-

205 1773 422 1833 tamur,
443 1783 520 1821 ne
538 1765 598 1820 in
619 1780 854 1819 vacuum
874 1762 1115 1834 gratiam
1133 1762 1234 1816 Dei
1253 1760 1300 1818 l.
1316 1762 1620 1834 recipiatis,
1639 1763 1921 1818 Christum
1938 1778 2188 1831 passum,
2213 1768 2261 1816 et
2281 1765 2496 1817 salvare
2508 1767 2882 1834 paratum,vel
2905 1767 3285 1820 remissionem
3296 1782 3485 1836 pecca-

211 1862 419 1920 torum,
440 1871 614 1924 quam
629 1857 694 1908 in
708 1869 947 1908 vacuum
968 1855 1182 1920 recipit,
1202 1854 1302 1920 qui
1320 1867 1374 1904 se
1389 1857 1574 1919 postea
1592 1854 1654 1906 in
1682 1853 1835 1904 bonis
1857 1853 2112 1921 operibus
2142 1867 2258 1905 non
2274 1851 2659 1910 eaercet.2.Ait
2677 1853 2826 1907 enim
2852 1851 2932 1907 :3.
2962 1854 3238 1926 Tempore
3257 1859 3483 1928 accepto

207 1943 471 2000 exaudivi
503 1949 581 2009 te,
605 1948 666 1997 et
683 1943 743 1997 in
771 1941 864 1996 die
891 1940 1090 1995 salutis
1119 1938 1306 2010 adjuvi
1335 1944 1410 1993 te.
1429 1939 1574 1993 Ecce
1603 1956 1753 1994 nunc
1781 1945 2002 2012 tempus
2019 1940 2361 2011 acceptabile
2387 1960 2400 2010 ;
2434 1958 2560 1996 ecce
2589 1958 2739 1996 nunc
2766 1943 2888 2002 dies
2914 1943 3134 1997 salutis.
3167 1941 3221 1999 4.
3253 1944 3487 2016 Nemini

209 2035 410 2089 dantes
439 2033 621 2087 ullam
651 2030 1035 2096 otfensionem,
1057 2032 1114 2083 id
1143 2034 1236 2095 est,
1257 2031 1570 2098 exemplum
1596 2033 1914 2098 pravitatis,
1947 2033 2092 2098 quod
2121 2019 2361 2085 videntes
2385 2033 2652 2100 offendere
2674 2035 2864 2102 possit,
2899 2037 2965 2087 ut
2993 2049 3106 2088 non
3135 2033 3486 2105 vituperetur

209 2122 592 2177 ministerium
631 2125 910 2186 nostrum,
935 2120 1257 2174 Christiana
1282 2121 1497 2186 religio,
1523 2119 1778 2172 doctrina
1796 2123 2202 2187 apostolorum;
2233 2120 2330 2174 sed
2351 2119 2408 2174 in
2434 2120 2694 2176 omnibus
2723 2120 3086 2176 exhibeamus
3111 2113 3487 2193 nosmetipsos

211 2213 357 2266 sicut
370 2211 477 2265 Dei
497 2210 789 2264 ministros
811 2212 910 2274 (vel
933 2209 1228 2262 hortamur
1242 2222 1330 2260 vos
1348 2208 1567 2260 nemini
1575 2202 1766 2260 dantes
1777 2207 1959 2260 ullam
1980 2210 2330 2275 offensionem
2344 2211 2808 2279 vetprsedicando,
2836 2214 2918 2266 vel
2946 2214 3090 2266 male
3120 2212 3393 2281 vivendo),
3423 2211 3486 2266 in

209 2302 394 2357 multa
404 2299 687 2373 patientia
701 2300 910 2372 (habita
925 2299 1126 2352 scilicet
1144 2300 1207 2352 in
1234 2297 1320 2350 his
1342 2312 1461 2366 quae
1479 2299 1830 2366 sequuntur),
1864 2295 1923 2350 in
1949 2297 2429 2368 tribulationibus,
2451 2298 2513 2354 in
2541 2299 2997 2370 necessitatibus,
3014 2305 3282 2372 penuria,
3305 2302 3362 2359 in
3387 2317 3487 2358 an-

1572 2437 2162 2497 COMMENTARIUS.

279 2585 373 2640 17.
409 2584 622 2640 Lassa.
653 2583 722 2637 Et
738 2584 790 2636 si
801 2581 1076 2637 novimus.
1097 2579 1434 2652 Priusquam
1452 2579 1512 2634 in
1527 2579 1815 2636 Christum
1830 2583 1876 2641 A
1901 2580 2064 2636 adest
2089 2587 2333 2654 tempus,
2347 2596 2460 2654 quo
2479 2581 2691 2640 morbis
2709 2582 3045 2642 mortalibus
3075 2585 3492 2662 medicinapos-

215 2674 482 2729 crederet
503 2671 827 2744 Apostolus,
865 2669 1175 2726 secundum
1216 2686 1440 2725 carnem
1483 2677 1821 2741 cognoverat
1900 2669 1974 2725 sit
2000 2670 2240 2725 infundi.

211 2779 359 2830 eum,
396 2762 496 2834 qui
522 2759 919 2816 tantummodo
939 2759 1224 2813 hominem
1247 2757 1580 2814 aestimabat.
1969 2758 2058 2814 24.
2081 2761 2331 2814 Aueusr.
2360 2759 2485 2831 (lib.
2500 2773 2521 2814 ι
2543 2759 2748 2816 Contra
2770 2763 2982 2818 advers.
3005 2765 3158 2831 Legis
3178 2769 3228 2820 et
3251 2767 3457 2836 Proph.
3472 2810 3489 2837 ,

277 2849 372 2906 18.
392 2851 858 2915 Aususr.(1bid.,
879 2851 1054 2916 ante).
1069 2847 1383 2904 Secundum
1399 2863 1644 2901 carnem.
1679 2845 1817 2900 Car-
1899 2864 1948 2903 c.
1982 2847 2064 2914 14,
2086 2853 2221 2902 tom.
2239 2847 2354 2919 VI).
2378 2848 2524 2903 Eum
2542 2851 2643 2917 qui
2660 2865 2775 2904 non
2789 2856 3034 2906 noverat.
3065 2852 3316 2909 Noverat
3339 2854 3492 2911 enim

208 2956 338 2995 nem
373 2955 630 3010 namque
675 2938 779 2992 hoc
805 2937 946 3000 loco,
976 2953 1090 2991 non
1115 2935 1295 3007 ipsam
1350 2935 1600 3006 corporis
1638 2935 1817 2990 nostri
1898 2953 1998 3009 per
2025 2935 2384 3006 sapientiam,
2410 2952 2524 3008 non
2543 2942 2898 3010 noveratper
2926 2940 3350 3011 experientiam.

208 3027 596 3084 substantiam
629 3040 799 3096 quam
847 3024 1123 3082 Dominus
1168 3029 1296 3095 post
1351 3022 1822 3078 resurrectionem

208 3133 397 3183 suam,
422 3131 655 3170 carnem
686 3113 953 3185 appellat,
987 3113 1179 3167 dicens
1209 3131 1220 3166 :
1270 3115 1496 3180 Palpate
1534 3118 1584 3165 et
1625 3113 1819 3178 videte,

207 3209 346 3275 quia
365 3208 607 3274 spiritus
635 3219 862 3258 carnem
891 3206 1076 3256 etossa
1113 3217 1228 3255 non
1246 3202 1422 3266 habet,
1455 3202 1597 3256 sicut
1621 3216 1705 3253 me
1734 3203 1820 3254 vi-

209 3297 353 3349 detis
417 3295 650 3359 habere;
701 3291 800 3346 sed
850 3290 1267 3361 corruptionem
1305 3289 1820 3362 mortalitatemque

210 3383 406 3439 carnis
425 3382 554 3438 vult
569 3380 829 3451 intelligi,
859 3395 983 3450 quae
1007 3385 1142 3436 tunc
1170 3394 1284 3434 non
1313 3377 1422 3433 erit
1449 3379 1510 3432 in
1537 3377 1718 3443 nobis,
1751 3376 1825 3432 si-

209 3479 307 3528 cut
322 3474 450 3544 jam
483 3470 547 3525 in
576 3469 798 3524 Christo
818 3484 932 3523 non
962 3474 1066 3522 est.

289 3559 387 3619 19.
423 3561 623 3631 (Ibid,
652 3557 792 3627 c.8).
813 3557 878 3614 Si
924 3573 1034 3626 qua
1074 3572 1222 3625 ergo.
1272 3554 1472 3610 Omnis
1518 3570 1650 3624 ergo
1682 3570 1828 3610 nova

207 3657 506 3710 creatum,
540 3647 598 3702 id
623 3652 727 3713 est,
751 3646 990 3717 pepulus
1045 3644 1348 3700 innovatur
1390 3659 1491 3716 per
1532 3643 1719 3710 ﬁdem,
1760 3649 1826 3699 ut

207 3737 429 3793 habeat
443 3735 678 3792 interim
693 3734 750 3788 in
770 3750 886 3806 spe,
909 3732 1057 3805 quod
1090 3733 1148 3788 in
1181 3749 1244 3788 re
1261 3737 1459 3804 postea
1477 3732 1819 3804 perficiatur.

202 3827 274 3884 In
292 3827 536 3884 Christo
556 3823 727 3880 habet
740 3824 912 3879 etiam
929 3823 1050 3893 [al.,
1071 3822 1215 3893 jam]
1237 3822 1390 3893 quod
1417 3821 1476 3876 in
1507 3838 1567 3876 se
1610 3825 1820 3892 sperat.

1974 3023 2063 3079 25.
2077 3024 2455 3093 Anausr.(lib.
2470 3026 2644 3081 Ench.
2667 3028 2743 3082 ad
2758 3029 3045 3096 Laurent.,
3062 3045 3189 3101 cap.
3219 3030 3310 3100 14,
3331 3036 3374 3086 t.
3386 3032 3488 3089 III.

1901 3114 2008 3167 Pro
2030 3115 2182 3167 nobis
2206 3118 2490 3182 peccatum
2516 3117 2664 3183 /ecit.
2689 3116 2808 3170 Hoc
2863 3121 2969 3184 est,
3023 3119 3362 3175 sacriﬁcium
3390 3135 3492 3193 pro

1903 3201 2162 3272 peccatis,
2190 3218 2292 3273 per
2320 3202 2470 3274 quod
2511 3203 2860 3259 reconciliari
2889 3205 3223 3263 valeremus.
3254 3209 3381 3281 IpSe
3407 3215 3496 3266 est

1902 3306 2034 3360 ergo
2054 3297 2366 3361 peccatum,
2385 3296 2451 3347 ut
2464 3292 2823 3363 nosjustitia,
2843 3310 2946 3349 nec
2976 3300 3188 3366 nostra,
3219 3298 3319 3354 sed
3355 3299 3458 3355 Dei
3480 3319 3492 3355 :

1902 3395 2006 3433 nec
2031 3379 2090 3432 in
2118 3379 2298 3448 nobis,
2329 3381 2428 3436 sed
2457 3380 2516 3436 in
2543 3381 2680 3449 Deo,
2713 3382 2858 3438 sicut
2878 3384 3000 3455 ipse
3038 3385 3148 3440 fuit
3180 3392 3494 3459 peccatum,

1905 3483 2018 3522 non
2047 3485 2232 3535 suum,
2263 3470 2362 3524 sed
2391 3476 2670 3536 nostrum,
2718 3488 2821 3527 nec
2873 3472 2933 3527 in
2963 3489 3042 3542 se,
3093 3475 3193 3530 sed
3236 3476 3298 3532 in
3334 3477 3496 3534 nobis

1904 3557 2296 3612 constitutum.
2334 3558 2772 3616 Similitudinem
2819 3563 3004 3618 carnis
3033 3565 3268 3636 peccati,
3295 3567 3358 3622 in
3385 3584 3499 3640 qua

1906 3646 2204 3700 cruciﬁxus
2228 3651 2334 3712 est,
2394 3647 2819 3706 demonstravit.
2848 3652 2978 3706 Haec
3028 3657 3115 3708 est
3156 3653 3256 3709 illa
3276 3656 3501 3726 justitia

1905 3732 2025 3796 Dei.
2054 3750 2167 3790 non
2179 3751 2292 3805 qua
2309 3735 2428 3808 ipse
2436 3737 2624 3806 justus
2639 3743 2744 3806 est,
2777 3739 2876 3794 sed
2898 3756 3010 3810 qua
3028 3757 3131 3796 nos
3149 3742 3221 3798 ab
3249 3760 3316 3799 eo
3343 3745 3495 3802 facti.

1975 3819 2064 3878 '26.
2095 3822 2305 3879 LANFR.
2363 3826 2648 3879 Peccatum
2685 3828 2828 3894 fecit.
2885 3827 3073 3884 Ordo:
3123 3829 3274 3886 Deus
3328 3834 3499 3890 Pater

202 3916 421 3988 Itaque
481 3919 676 3969 vetera
740 3911 1089 3967 transierunt
1117 3910 1424 3966 secundum
1478 3926 1656 3981 spem,
1691 3903 1884 3980 quiaB
1907 3909 2192 3965 Christum
2229 3917 2542 3982 peccatum,
2563 3913 2622 3968 id
2641 3921 2749 3983 est,
2779 3915 3022 3972 hostiam
3048 3935 3151 3990 pro
3162 3927 3408 3991 peccato,
3432 3930 3498 3981 ut

200 4006 388 4059 modo
404 4006 532 4074 jam
563 4019 675 4057 non
692 4008 917 4072 tempus
930 3999 1150 4054 Veteris
1161 3999 1526 4066 Testamenti,
1543 4014 1653 4070 quo
1673 4003 1819 4053 tem-

196 4093 413 4165 porale
435 4096 498 4146 et
525 4091 750 4146 carnale
771 4105 1006 4159 regnum
1019 4093 1370 4160 exspectetur
1387 4087 1578 4142 aDeo:
1605 4093 1662 4142 et
1674 4087 1822 4141 facta

194 4191 351 4239 sunt
380 4183 578 4239 omnia
601 4198 748 4237 nova
792 4179 1102 4236 secundum
1143 4178 1401 4233 eamdem
1440 4194 1617 4250 spem,
1642 4182 1707 4231 ut
1731 4193 1820 4232 re-

1901 4015 2004 4053 nos
2024 4000 2376 4079 efﬁcerempr
2388 4002 2682 4073 justiﬁcati
2697 4003 2757 4058 in
2781 4004 2924 4076 ipso,
2949 4006 3004 4061 id
3018 4012 3124 4077 est,
3144 4009 3205 4064 in
3239 4011 3348 4066 ﬁde
3361 4015 3392 4068 J
3395 4031 3494 4069 esu

1903 4087 2128 4144 Christi.

1973 4177 2129 4232 CAP.
2148 4178 2241 4235 VI.
2281 4209 2339 4218 -
2376 4176 2422 4235 1.
2445 4179 2656 4236 Lana.
2689 4181 2941 4236 Gratiam
2958 4183 3074 4238 Dei.
3116 4185 3370 4244 Gratiam
3391 4190 3495 4248 Dei

192 4291 394 4345 gnum
425 4273 723 4339 caelorum,
756 4269 853 4324 ubi
900 4269 1059 4324 nulla
1112 4267 1222 4322 erit
1249 4283 1401 4323 mors
1437 4273 1608 4340 atque
1635 4283 1822 4322 corru-
1900 4271 2063 4320 vocat
2090 4265 2478 4322 remissionem
2506 4273 2902 4338 peccatorum;
2936 4287 3108 4342 quam
3157 4274 3218 4330 in
3254 4292 3494 4336 vacuum

194 4364 356 4435 ptio,
381 4361 727 4435 promissum
758 4364 1072 4414 teneamus.
1901 4354 2117 4426 recipit,
2150 4355 2389 4428 quisque
2443 4372 2504 4411 se
2532 4356 2592 4412 in
2642 4355 2805 4413 bonis
2860 4359 3124 4433 aperibus
3154 4363 3352 4435 postea
3376 4383 3493 4424 non

271 4450 378 4509 20.
409 4454 668 4507 Annos.
703 4449 905 4505 Omnia
941 4452 1128 4502 autem
1151 4462 1215 4502 ea:
1256 4447 1382 4501 Deo.
1416 4445 1682 4510 Quamvis
1717 4461 1820 4501 nos
1902 4449 2137 4500 exercet.

187 4542 484 4598 Christus
507 4538 832 4604 redemerit,
865 4536 1058 4591 omnia
1078 4541 1270 4590 tamen
1301 4551 1367 4590 ex
1397 4535 1535 4590 Deo.
1970 4535 2024 4588 2.
2054 4533 2150 4590 Ait
2175 4536 2346 4589 enim.
2379 4535 2444 4591 In
2499 4535 2648 4592 Isaia
2695 4537 2778 4592 sic
2829 4537 3080 4610 loquitur
3109 4559 3123 4596 :
3158 4542 3226 4598 In
3257 4548 3494 4616 tempore

261 4629 639 4689 21.Aeousr.
673 4628 897 4695 (Enarr.
914 4629 979 4681 in
991 4629 1135 4696 psal.
1155 4623 1560 4691 vam,concio
1593 4625 1648 4691 1,
1680 4628 1819 4679 tom.
1899 4625 2104 4692 placito
2123 4625 2384 4678 exaudiui
2413 4628 2493 4689 te;
2529 4629 2579 4679 et
2606 4628 2670 4681 in
2699 4627 2788 4682 die
2805 4630 3005 4683 salutis
3033 4635 3350 4690 auxitiatus
3366 4653 3494 4693 sum

183 4720 396 4790 VIII).
421 4721 709 4788 Quoniam
738 4718 960 4786 quidem
997 4716 1162 4784 Deus,
1183 4715 1352 4781 Deus,
1383 4713 1586 4784 inquit,
1616 4717 1742 4768 erat
1761 4713 1823 4768 in
1907 4714 2010 4766 tui.

183 4797 738 4868 Christomundum
753 4803 1252 4867 reconcilianssibi,
1268 4802 1402 4875 quia
1441 4803 1664 4856 Verbum
1695 4816 1824 4857 caro
1977 4799 2026 4858 3.
2057 4803 2312 4870 Tempore
2331 4807 2560 4875 accepto,
2583 4808 2690 4858 etc.
2741 4803 2967 4860 Diceret
3018 4808 3179 4880 quis:
3226 4811 3326 4869 Est
3359 4818 3496 4872 tunc

179 4901 434 4966 factum
458 4901 564 4962 est,
586 4899 636 4949 et
665 4895 931 4950 habitavit
959 4895 1023 4948 in
1043 4895 1230 4948 nobis:
1260 4897 1326 4947 ut
1343 4907 1457 4946 non
1473 4891 1657 4946 solum
1674 4891 1823 4946 Deus
1905 4889 2118 4960 aliquid
2143 4889 2330 4961 gratia
2347 4890 2482 4945 Dei?
2510 4892 2628 4958 Est,
2652 4892 2787 4964 quia
2810 4895 3074 4952 exaudire
3103 4899 3327 4957 Domini
3356 4907 3496 4960 tem-

181 4989 244 5044 in
271 4988 400 5043 illo
432 4989 610 5046 esset.
638 4983 735 5037 sed
763 4983 936 5038 etiam
963 4983 1084 5054 ipse
1112 4982 1263 5038 Deus
1300 4985 1468 5035 esset.
1903 4993 2040 5049 pore
2063 4983 2310 5049 accepto,
2343 4983 2402 5033 et
2426 4978 2690 5049 adjuvare
2711 4985 2822 5038 est.
2858 4981 2929 5037 Et
2953 4982 3059 5039 hoc
3102 4987 3304 5058 probat
3328 4990 3402 5045 ab
3421 4994 3496 5047 et-

253 5077 370 5134 22.
403 5076 669 5130 Ancusr.
687 5075 892 5139 (Tract.
919 5071 986 5128 41
1007 5075 1072 5126 in
1096 5073 1470 5137 Joann.,ante
1493 5067 1816 5131 med.,tom.
1901 5066 2070 5133 fectu,
2106 5066 2239 5137 quia
2266 5067 2494 5122 exaudit
2517 5073 2576 5122 et
2621 5069 2869 5140 adjuvat.
2901 5071 3045 5128 Item
3065 5074 3173 5130 hoc
3199 5077 3270 5131 ab
3298 5085 3494 5135 aucto-

178 5167 312 5236 IX).
356 5164 738 5222 Obsecramus
751 5177 856 5230 pro
890 5161 1129 5214 Christo.
1166 5159 1537 5224 Obsecramus,
1565 5162 1712 5223 93,
1731 5156 1819 5211 in-
1849 5224 1885 5236 _
1904 5155 2074 5210 ritate
2103 5173 2118 5212 :
2149 5155 2268 5227 ipse
2293 5156 2445 5212 enim
2465 5157 2622 5213 dixit.
2653 5157 2928 5231 Tempore
2954 5168 3200 5235 accepto,
3229 5172 3333 5222 etc.

177 5224 344 5328 quit,
371 5269 496 5323 pro
530 5224 768 5315 Christo,
791 5249 849 5304 id
878 5255 983 5317 est,
1026 5254 1298 5319 tanquam
1324 5263 1421 5302 vos
1451 5247 1706 5303 Christus
1725 5245 1825 5300 ob-
1845 5224 1889 5284 θ
1981 5243 2032 5300 4.
2055 5224 2298 5300 Asianos.
2331 5247 2560 5300 Nemini
2583 5224 3113 5320 dantes-Vigilantia
3137 5224 3241 5308 sua
3268 5271 3492 5315 omnem

175 5348 418 5400 secret.
457 5339 607 5405 Quid
627 5339 652 5392 ?
669 5337 1104 5394 reconciliamini
1131 5338 1265 5392 Deo.
1908 5338 2166 5406 amputat
2180 5334 2562 5400 offensionem,
2582 5352 2654 5390 ne
2681 5336 3058 5394 ministerium
3077 5341 3197 5410 ejus
3216 5344 3496 5418 vitupero.

251 5433 638 5493 23.Ausaos
689 5429 1062 5483 Obseoramus.
1106 5427 1236 5481 Ideo
1253 5424 1613 5492 obsecrat,ne
1637 5424 1826 5494 aliqua
1908 5429 2028 5489 tur;
2057 5423 2470 5494 vituperaretur
2498 5424 2671 5492 enim,
2711 5425 2760 5480 si
2799 5441 2924 5496 quas
2951 5426 3194 5499 doceret,
3230 5437 3493 5504 Operibus

179 5517 580 5597 negligentia
607 5515 896 5572 medicinae
913 5516 1101 5588 gratia
1117 5517 1315 5571 effectu
1344 5514 1822 5586 careat,quoniam
1908 5529 2022 5568 non
2039 5512 2362 5584 compleret.

515 5617 778 5678 ΡΑι-ιοι..
807 5614 927 5679 CL.

3221 5626 3263 5686 8
