3936 6178
530 285 636 340 ἳ35

1507 281 1568 335 Β.
1611 281 2022 336 LANFRANCI
2068 277 2427 334 CANTUAR.
2469 275 2806 330 ARCHIEP.

3685 283 3790 338 236

525 412 748 484 gustiis,
775 409 1134 478 compedibus,
1165 410 1247 461 vel
1266 408 1399 460 aliis
1413 407 1672 487 vinculis,
1688 407 1748 460 in
1771 407 1972 477 plagis,
1996 407 2052 459 in
2073 402 2408 465 carceribus,
2429 404 2479 456 5.
2505 403 2561 455 in
2575 400 2966 462 seditionibus,
2993 405 3044 455 ϐ.
3068 401 3438 468 iulaboribus,
3453 407 3792 460 voluntariis

526 505 609 556 vel
621 498 899 565 coactis,in
912 496 1408 566 vigiliis,similiter
1423 497 1503 547 vel
1517 495 1960 556 voluntariis,vel
1973 493 2252 556 coactis.in
2260 491 2614 562 jejuniiszeah
2625 493 2794 543 ibeam
2805 506 2867 542 us
2884 494 3496 558 nos,inquam,991)ei
3510 497 3792 547 ministros

523 590 584 646 in
599 589 878 653 castitate,
893 586 950 640 in
966 583 1215 647 scientia,
1240 586 1372 650 legis
1392 587 1442 635 et
1451 583 1758 650 Evangelii,
1777 586 1830 636 7.
1848 583 1904 637 in
1921 582 2368 653 longanimitate,
2389 583 2451 632 in
2471 581 2858 646 exspectatione
2872 582 3279 646 promissorum
3291 583 3406 645 Dei,
3435 597 3562 634 cum
3587 584 3793 635 alacri-

529 683 637 732 tate
657 679 876 740 mentis,
903 673 961 727 in
981 671 1257 727 suavitate
1272 672 1476 739 (suavis
1497 674 1790 738 erat,quia
1815 675 1956 725 sicut
1985 672 2271 738 arguebat,
2301 673 2382 722 ita
2402 673 2450 721 et
2480 668 2909 731 blandiebatur),
2941 666 2998 719 in
3029 667 3241 737 Spiritu
3271 675 3480 732 sancto,
3516 670 3574 723 in
3604 671 3790 724 chari-

521 770 641 821 tate
657 779 771 820 non
791 763 939 827 ﬁcta,
963 761 1022 815 in
1035 759 1203 814 verbo
1217 758 1469 814 veritatis
1488 760 1735 827 (verbum
1759 762 2008 813 veritatis
2040 761 2103 811 in
2146 762 2263 826 ejus
2301 759 2574 821 doctrina,
2609 759 2742 824 quia
2767 771 2874 809 non
2921 759 3083 810 aliud
3126 760 3391 823 tradebat,
3420 774 3590 827 quam
3619 775 3656 812 a
3685 763 3790 814 Deo

519 851 902 921 acceperat),8.
930 850 988 904 in
1008 849 1214 903 virtute
1236 848 1359 914 Dei,
1379 847 1435 914 9,
1455 846 1539 914 10,
1559 845 1641 903 11.
1662 863 1764 918 per
1784 865 1943 902 arma
1947 847 2180 918 justitize
2199 844 2282 902 12.
2303 861 2337 898 a
2356 844 2566 898 dextris
2582 849 2640 897 et
2656 861 2690 897 a
2706 844 2965 909 sinistris,
2987 849 3051 898 in
3064 849 3343 914 prosperis
3363 851 3495 900 etin
3523 849 3786 915 adversis,

517 957 621 1013 per
641 939 879 1012 gloriam
907 941 1146 1008 (exponit
1166 953 1203 991 a
1234 939 1442 991 dextris
1469 941 1520 990 et
1542 952 1578 990 a
1605 936 1882 1006 sinistris)
1899 942 1956 990 et
1994 935 2073 991 13.
2108 933 2542 1005 ignobilitatem;
2575 948 2677 1002 per
2704 931 2993 986 infamiam
3021 938 3078 986 et
3097 932 3302 986 bonam
3338 935 3568 1001 famam,
3603 938 3681 1002 14,
3723 943 3790 992 ut

516 1031 839 1086 seductores
859 1033 919 1082 et
946 1043 1190 1088 veraces,
1221 1025 1366 1080 sicut
1394 1025 1490 1096 qui
1538 1024 1717 1094 ignoti
1755 1030 2030 1093 putamur
2061 1039 2173 1077 non
2204 1025 2356 1076 nosci
2378 1037 2414 1073 a
2443 1022 2562 1084 Deo,
2589 1026 2646 1073 et
2664 1021 2873 1090 cogniti
2899 1023 3022 1087 Deo,
3047 1022 3207 1092 quasi
3230 1023 3552 1086 morientes,
3585 1033 3641 1078 et
3659 1041 3787 1080 ecce

493 1120 772 1184 vivimus,
794 1118 854 1170 id
883 1121 978 1182 est,
1005 1117 1270 1180 libertati,
1285 1119 1351 1168 ut
1365 1113 1695 1184 castigati,a
1720 1115 1844 1179 Deo,
1878 1115 1962 1167 vel
1991 1114 2059 1166 ab
2075 1112 2410 1175 hominibus,
2447 1114 2506 1162 et
2523 1125 2634 1162 non
2651 1109 2988 1174 mortiﬁcati,
3015 1111 3172 1180 quasi
3199 1112 3412 1178 tristes,
3441 1129 3663 1184 semper
3689 1131 3788 1169 au-

515 1211 632 1263 tem
657 1206 988 1277 gaudentes,
1019 1203 1167 1258 sicut
1187 1202 1656 1274 egentes,multos
1676 1208 1866 1256 autem
1889 1201 2312 1272 locupletantes,
2345 1205 2618 1268 tanquam
2645 1197 2786 1251 nihil
2814 1199 3104 1265 habentes,
3139 1206 3194 1254 et
3237 1203 3428 1254 omnia
3464 1204 3582 1256 ideo
3610 1204 3786 1273 possi-

515 1296 736 1352 dentes.
754 1292 841 1360 15,
868 1292 1040 1349 16.05
1060 1295 1316 1346 nostrum
1339 1295 1496 1362 patet
1509 1291 1580 1345 ad
1598 1293 1792 1355 vos,id
1812 1295 1906 1353 est,
1939 1293 2119 1343 multa
2151 1290 2437 1356 loquimur
2463 1289 2627 1352 vobis,
2663 1303 2696 1341 ο
2715 1287 3013 1353 Corinthii,
3044 1305 3141 1342 cor
3192 1296 3449 1344 nostrum
3482 1290 3782 1346 dilatatum

513 1389 620 1451 est,
635 1385 718 1440 vel
729 1386 794 1437 in
801 1381 1174 1450 medicande,
1185 1383 1266 1434 vel
1287 1383 1351 1433 in
1365 1381 1568 1433 dando.
1590 1377 1651 1434 17
1662 1421 1673 1432 .
1695 1380 1720 1432 l
1733 1378 1784 1433 8.
1802 1379 1928 1432 Non
1951 1376 2349 1448 angustiamini
2366 1376 2422 1430 in
2439 1375 2620 1442 nobis;
2641 1380 2878 1444 exemplo
2895 1379 3076 1429 nostri
3090 1393 3200 1430 non
3213 1381 3341 1431 estis
3361 1382 3556 1446 avari;
3576 1396 3783 1451 angus-

510 1471 734 1529 tiamini
750 1474 939 1526 autem
956 1470 1016 1523 in
1029 1468 1336 1524 visceribus
1355 1467 1572 1533 vestris,
1597 1470 1657 1520 id
1677 1475 1811 1533 est,a
1828 1469 1974 1521 vobis
1989 1469 2268 1535 accepistis
2288 1467 2436 1520 illud
2455 1468 2658 1518 vitium
2677 1483 2689 1516 :
2705 1465 2962 1518 eamdem
2982 1472 3169 1519 autem
3182 1468 3402 1530 ,scilicet
3426 1485 3593 1537 quam
3613 1475 3661 1523 et
3682 1486 3780 1524 nos

509 1563 776 1626 homines,
807 1558 1079 1613 habentes
1113 1559 1426 1624 (diasirtica
1455 1558 1739 1624 locutione)
1760 1555 2269 1611 remunerationem
2297 1556 2394 1624 (ne
2413 1559 2687 1622 putarent
2707 1557 2916 1607 ironice
2941 1556 3140 1608 dixisse
3167 1557 3341 1620 addit)
3389 1555 3473 1612 19.
3506 1563 3778 1629 tanquam

506 1649 638 1706 ﬁliis
663 1648 806 1713 dico,
843 1645 1162 1701 dilatamini
1191 1651 1248 1699 et
1281 1661 1394 1707 vos,
1423 1649 1581 1699 estote
1602 1646 1964 1713 benigniores.
1995 1646 2181 1699 Nolite
2191 1645 2393 1714 jugum
2413 1643 2880 1698 avaritia’ducere
2901 1660 3029 1697 cum
3050 1644 3390 1710 inﬁdelibus,
3416 1649 3476 1699 id
3495 1654 3587 1713 est,
3607 1652 3778 1702 nolite

503 1740 712 1794 similes
743 1753 848 1792 esse
868 1736 1202 1804 inﬁdelibus.
1224 1734 1362 1798 Quae
1383 1733 1531 1788 enim
1553 1733 1905 1805 participatio
1917 1733 2150 1804 justitiee
2171 1735 2484 1802 (qualitates
2502 1748 2602 1800 pro
2639 1733 2918 1800 qualibus)
2932 1748 3057 1786 cum
3097 1738 3280 1798 '00
3307 1733 3633 1805 iniquitate?
3660 1737 3779 1791 Aut

508 1843 632 1899 quae
652 1825 889 1881 societas
904 1823 1044 1878 lucis
1059 1824 1130 1878 ad
1150 1822 1412 1878 tenebras
1427 1823 1452 1875 ’l
1481 1823 1615 1886 Quae
1638 1827 1829 1876 autem
1859 1822 2149 1877 conventio
2170 1821 2376 1876 Christi
2403 1821 2472 1874 ad
2501 1821 2712 1874 Belial?
2742 1823 2855 1874 Aut
2880 1837 3002 1891 quae
3034 1838 3163 1892 pars
3191 1821 3344 1875 fideli
3367 1839 3494 1877 cum
3519 1824 3775 1879 inﬁdeli?

502 1916 612 1981 Qui
633 1919 824 1969 autem
851 1929 1158 1967 consensus
1176 1911 1386 1982 templo
1405 1910 1508 1966 Dei
1530 1927 1658 1966 cum
1691 1911 1898 1965 idolis?
1923 1910 2014 1968 20.
2043 1912 2156 1965 Vos
2187 1911 2338 1964 enim
2369 1909 2501 1963 estis
2529 1910 2804 1981 templum
2834 1910 2935 1963 Dei
2964 1910 3089 1974 vivi,
3128 1910 3274 1964 sicut
3297 1911 3431 1966 dicit
3449 1913 3595 1966 Deus
3629 1932 3640 1966 :
3674 1913 3768 1970 21.

501 2002 781 2069 Quoniam
810 1999 1135 2056 inhabitabo
1164 1999 1222 2054 in
1253 2000 1449 2066 illis,et
1475 1999 1835 2054 inambulabo
1862 2000 2012 2054 inter
2063 2005 2241 2065 eos,et
2296 2015 2392 2053 ero
2410 1998 2636 2052 illorum
2661 1999 2893 2063 Deus,et
2921 1999 3029 2070 ipsi
3060 2009 3228 2054 erunt
3257 2001 3768 2072 mihipopulus.?‘2.

501 2093 740 2164 Propter
757 2089 930 2161 quod,
957 2091 1094 2159 quia
1121 2092 1386 2158 templum
1408 2090 1508 2144 Dei
1525 2092 1671 2157 estis,
1692 2087 1836 2144 exite
1866 2094 2041 2144 mente
2069 2089 2138 2143 de
2159 2087 2346 2142 medio
2373 2104 2590 2154 eorum,
2623 2092 2680 2142 et
2704 2087 3066 2158 separamini,
3091 2088 3226 2143 dicit
3241 2089 3526 2156 Dominus
3550 2107 3562 2143 :
3598 2095 3771 2147 nolite

1831 2230 2424 2290 COMMENTARIUS.

562 2359 616 2419 5.
643 2363 712 2418 In
739 2359 1118 2418 seditionibus.
1149 2360 1215 2418 In
1239 2365 1460 2418 tantum
1486 2358 1601 2419 Deo
1630 2356 1861 2418 devotus
1878 2365 2090 2430 erat,ut
2104 2367 2156 2426 Α
2175 2365 2372 2426 tatem,
2405 2355 2464 2415 id
2490 2363 2576 2415 est
2603 2355 2894 2427 vilitatem,
2945 2357 2994 2414 si
3033 2355 3168 2415 viles
3217 2357 3397 2416 habiti
3455 2362 3650 2430 simus,
3692 2375 3767 2417 ne

488 2466 594 2507 nec
616 2451 817 2506 seditio
846 2451 1133 2518 fiduciam,
1160 2467 1331 2524 quam
1353 2452 1412 2507 in
1436 2453 1551 2506 Deo
1581 2452 1844 2518 habebat,
1871 2453 2086 2507 minue-

641 2630 712 2684 In
734 2630 1036 2684 laboribus.
1074 2627 1333 2684 Manibus
1363 2629 1512 2684 enim
1542 2629 1849 2697 laborabat,
1891 2645 1962 2684 ne
1991 2630 2080 2684 cui

482 2717 670 2789 gravis
695 2723 844 2772 esset

555 2806 612 2864 7.
640 2808 886 2862 Amnnos.
919 2806 988 2860 In
1019 2809 1464 2875 longanimitate.
1497 2806 1741 2862 Grandis
1754 2807 1926 2862 animi
1955 2812 2079 2861 erat

482 2896 544 2950 in
572 2895 892 2966 bajulandis
921 2895 1354 2950 inﬁrmitatibus
1376 2896 1637 2950 fratrum.

2167 2451 2512 2521 frangamur.

2246 2539 2322 2595 14.
2362 2541 2423 2593 Ut
2453 2540 2776 2592 seductores.
2809 2538 2979 2602 Quasi
3009 2538 3254 2593 diceret:
3287 2540 3414 2594 Non
3443 2545 3530 2594 est
3544 2540 3760 2595 miran-

2163 2629 2297 2682 dum
2338 2627 2384 2681 si
2414 2628 2800 2697 vituperamur
2817 2633 2872 2680 et
2891 2627 3207 2693 laudamur,
3241 2629 3374 2698 quia
3422 2629 3516 2682 alii
3558 2627 3764 2700 putant

2161 2733 2263 2770 nos
2285 2717 2628 2778 seductores,
2662 2716 2757 2769 alii
2782 2731 3023 2782 veraces,
3059 2722 3116 2770 et
3157 2717 3254 2770 alii
3297 2725 3658 2788 cognoscunt,
3701 2724 3762 2772 et

2161 2805 2254 2858 alii
2277 2805 2553 2870 nesciunt,
2579 2811 2637 2858 et
2655 2810 2858 2858 cetera
2886 2821 3009 2875 quae
3037 2811 3370 2874 sequuntur.

2189 2933 2192 2935 λ
2233 2893 2318 2949 15.
2348 2896 2416 2949 Os
2431 2899 2683 2946 nostrum
2700 2899 2846 2962 patet
2865 2896 2941 2946 ad
2969 2910 3074 2947 vos.
3126 2893 3437 2964 Redarguit
3462 2895 3758 2950 avaritiam

554 2981 608 3040 8.
637 2987 708 3039 In
731 2987 939 3038 virtute
957 2985 1078 3038 Dei;
1094 2984 1289 3038 Virtus
1310 2985 1368 3038 in
1385 3001 1452 3038 eo
1469 2992 1610 3051 erat,
1627 3001 1770 3055 qua
1797 3001 1898 3056 per
1915 2985 2076 3055 signa
2155 2998 2374 3047 eorum,
2406 2988 2464 3035 et
2491 2981 2628 3036 dicit
2665 2997 2758 3036 eos
2789 2999 2822 3035 a
2850 2998 2909 3036 se
2967 2998 3080 3036 non
3129 2983 3409 3053 accepisse
3436 2984 3758 3039 tenacitatis

484 3077 542 3128 et
561 3071 822 3144 prodigia
849 3071 1116 3126 idoneum
1145 3089 1206 3127 se
1242 3073 1566 3128 ministrum
1592 3073 1882 3144 probabat.

552 3160 609 3217 9.
629 3165 734 3216 Per
748 3163 1177 3229 armajustitiz.
1223 3161 1488 3216 Liberum
1518 3178 1579 3216 se
1605 3162 1777 3216 fuisse
1803 3161 2082 3232 signiﬁcat

467 3249 741 3305 ﬁdelibus
760 3254 819 3303 et
829 3248 1150 3314 incredulis,
1171 3248 1306 3304 dum
1317 3250 1408 3304 his
1432 3250 1528 3320 qui
1556 3249 1919 3320 Evangelium
1958 3252 2080 3320 glo-

482 3337 725 3405 riam,et
754 3337 836 3391 eis
886 3337 983 3407 qui
1019 3336 1430 3407 ignobilitatem
1470 3337 1764 3408 putabant,
1795 3344 1853 3392 et
1878 3339 1966 3392 his
1986 3339 2080 3408 qui

473 3426 615 3482 .ﬂdei
643 3425 849 3480 bonam
879 3426 1110 3491 famam,
1144 3431 1204 3480 et
1230 3426 1327 3496 qui
1357 3427 1564 3480 malam
1605 3425 1898 3492 faciebant,
1933 3427 2080 3482 inte-

480 3530 654 3585 grum
669 3520 737 3568 .et
755 3518 1107 3568 constantem
1135 3529 1196 3568 se
1217 3513 1459 3584 praebuit

2162 3072 2499 3143 exemplum,
2527 3071 2659 3141 quia
2677 3087 2772 3125 cor
2799 3088 2962 3126 suum
2979 3072 3038 3125 in
3056 3072 3243 3126 dando
3267 3073 3521 3143 amplum
3550 3073 3758 3127 etdila-

2161 3167 2344 3215 tatum
2371 3166 2476 3215 est.

2239 3249 2322 3304 16.
2354 3251 2601 3303 AMBROS.
2631 3249 2697 3304 0s
2721 3255 2974 3303 nostrum
2984 3256 3134 3318 patet
3162 3253 3349 3304 advos.
3386 3250 3502 3304 Hoc
3522 3250 3755 3306 liberta-

2161 3337 2237 3391 tis
2263 3353 2432 3391 causa
2470 3338 2739 3408 loquitur,
2773 3345 2830 3392 et
2849 3354 3001 3408 pum
3029 3339 3401 3393 conscientiae.
3442 3339 3585 3393 Male
3623 3337 3752 3410 [al.,

2165 3425 2320 3494 mali]
2339 3426 2488 3478 enim
2507 3424 2612 3479 sibi
2626 3427 2847 3480 conscia
2860 3442 3019 3480 mens
3051 3427 3204 3497 loqui
3228 3427 3491 3497 trepidat,
3526 3442 3758 3481 sensum

2163 3513 2365 3583 perdit,
2383 3514 2442 3566 in
2468 3513 2648 3568 verbis
2671 3521 2839 3568 errat.

466 3653 470 3658 .
550 3600 908 3659 10.Auaus'r.
945 3602 1141 3668 (Enar.
1168 3605 1231 3655 in
1248 3606 1392 3671 psal.
1427 3614 1572 3667 xcm,
1598 3607 1737 3656 tom.
1769 3602 1943 3671 VIII).
1979 3601 2140 3659 PerB
2232 3601 2316 3657 17.
2350 3604 2475 3657 Non
2497 3607 2934 3670 angustiamini.
2954 3604 3089 3671 Hoc,
3113 3603 3264 3670 dicit,
3283 3619 3395 3658 non
3423 3609 3546 3658 erat
3571 3605 3756 3675 magi-

385 3687 388 3692 ’
465 3691 890 3748 .-arma.Malitia
905 3691 1056 3745 enim
1069 3689 1392 3761 iniquorum
1403 3691 1634 3745 sinistra
1652 3697 1786 3746 sunt
1813 3707 1971 3745 arma
1981 3695 2076 3762 ju-

473 3786 719 3848 storum,
737 3780 884 3834 sicut
897 3779 1046 3834 idem
1074 3779 1214 3832 dicit
1247 3797 1260 3832 :
1293 3782 1396 3833 Per
1413 3794 1581 3833 arma
1605 3782 1838 3848 justitiw
1855 3783 2077 3834 dextera

481 3876 532 3926 et
559 3868 888 3934 sinistra,id
903 3872 1006 3932 est,
1028 3884 1130 3939 per
1143 3867 1384 3938 gloriam
1420 3873 1478 3922 et
1519 3867 1956 3938 ignobilitatem;
1997 3875 2077 3922 at-

473 3975 591 4032 aque
619 3958 701 4013 ita
731 3957 992 4029 deinceps
1022 3961 1225 4011 cuncta
1258 3955 1598 4028 exsequitur.
1640 3957 1882 4011 Dextera
1919 3973 2077 4012 arma

474 4048 873 4104 demonstrans
921 4045 1180 4116 gloriam,
1245 4044 1446 4099 bonam
1501 4045 1730 4116 famam,
1763 4047 2072 4113 veritatem,

479 4136 627 4209 quod
649 4135 914 4206 [al.,qua]
929 4133 1424 4204 cognoscebantur,
1449 4134 1597 4204 quod
1626 4133 1905 4199 videbant,
1927 4136 2075 4205 quod

471 4237 591 4284 non
610 4222 1118 4292 mortiﬁcabantur,
1153 4225 1301 4295 quod
1325 4223 1666 4294 gaudebant,
1699 4225 1847 4294 quod
1866 4226 2074 4280 multos

469 4310 753 4378 ditabant,
787 4313 938 4382 quod
967 4312 1160 4366 omnia
1204 4311 1591 4384 possidebant.
1633 4312 1872 4367 Sinistra
1917 4330 2066 4382 vero,

474 4399 630 4470 quod
657 4399 932 4471 ignobiles
959 4406 1018 4454 et
1043 4401 1204 4468 male
1225 4401 1386 4456 fama;
1415 4400 1787 4468 habebantur,
1818 4401 1966 4473 quod
1987 4419 2069 4458 se-

477 4487 741 4542 ductores
787 4488 1154 4559 putabantur,
1188 4491 1334 4560 quod
1385 4489 1810 4560 ignorabantur,
1861 4493 2072 4547 occide-

470 4575 702 4644 bantur,
735 4576 1156 4644 coercebantur,
1181 4577 1678 4647 contristabantur,
1700 4595 1864 4650 egere
1895 4597 1962 4635 ac
1989 4582 2071 4636 ni-

474 4664 554 4727 hil
575 4663 783 4721 habere
802 4665 1156 4722 videbantur.

543 4753 633 4810 11.
656 4755 867 4811 Lmen.
893 4757 997 4810 Per
1012 4771 1196 4808 arma.
1225 4755 1506 4809 Peranna
1527 4756 1762 4826 justitize
1789 4757 1836 4812 si
1865 4759 2068 4813 muniti

470 4841 532 4906 in
551 4843 838 4915 prosperis
864 4848 922 4898 et
967 4844 1235 4910 adversis,
1270 4850 1330 4898 et
1362 4844 1480 4899 sive
1503 4845 1733 4916 gloriosi
1760 4846 1890 4902 sive.
1912 4847 2062 4917 viles,

469 4947 596 5002 seu,
623 4932 858 4991 infames
887 4932 1003 4987 sive
1031 4933 1191 4988 bonae
1210 4933 1373 4988 fama:
1401 4933 1730 4990 habeamur.

473 5041 500 5081 -1
545 5017 638 5078 19.
675 5023 718 5077 Α
752 5023 960 5076 destris
991 5027 1040 5075 et
1063 5037 1100 5074 a
1119 5023 1390 5077 sinistris.
1418 5022 1794 5080 Exhibeamus
1816 5040 1938 5092 nos,
1967 5026 2070 5082 sci-

466 5107 600 5165 licet
613 5109 718 5166 Dei
743 5109 1036 5166 ministros
1061 5109 1350 5165 habendos
1359 5111 2062 5184 justitiam,quasilibram~,

467 5202 534 5253 ut
560 5213 675 5258 non
707 5199 1056 5271 pendeamus
1093 5199 1154 5254 in
1183 5199 1329 5254 hanc
1348 5206 1589 5271 partem,
1622 5203 1706 5256 vel
1732 5203 1791 5262 in
1811 5203 1974 5271 hanc,
2008 5205 2066 5260 id

464 5292 571 5357 est,
602 5303 716 5346 non
733 5287 1064 5360 frangamur
1093 5288 1364 5357 adversis,
1398 5306 1502 5345 nec
1522 5292 1805 5346 elevemur
1831 5307 2064 5366 prospe-

459 5392 540 5436 ηε

458 5553 604 5636 sicut
627 5555 729 5640 Dei
748 5556 1058 5629 ministros,
1083 5573 1154 5614 ne
1177 5556 1534 5631 extollamur;
1566 5564 1624 5616 et
1663 5577 1767 5632 per
1802 5561 2060 5635 ignobili-

2163 3691 2295 3745 stris
2317 3691 2732 3758 ascribendum,
2750 3693 2796 3746 si
2813 3692 3070 3764 discipuli
3087 3693 3238 3747 male
3269 3699 3583 3760 uterentur,
3616 3695 3754 3765 quia

2161 3780 2308 3850 quod
2339 3781 2647 3851 pertineret
2677 3783 2746 3835 ad
2767 3781 3067 3852 magistros
3092 3798 3202 3837 non
3233 3783 3490 3837 tacuerit.

2227 3869 2316 3924 18.
2341 3869 2547 3924 Lmen.
2585 3873 2705 3928 Non
2716 3871 3220 3940 angustiaminild
3237 3877 3342 3939 est,
3366 3874 3428 3927 in
3454 3872 3616 3927 nobis
3637 3889 3753 3929 non

2157 3957 2357 4012 videtis
2377 3961 2650 4029 angustiae
2677 3966 2732 4014 et
2754 3961 3076 4014 tenacitatis
3096 3963 3435 4032 exemplum,
3457 3963 3554 4016 sed
3583 3962 3754 4031 hujus

2156 4047 2276 4100 vitii
2305 4047 2481 4103 fomes
2505 4056 2591 4102 est
2617 4049 2674 4102 in
2703 4049 3006 4103 visceribus
3038 4050 3251 4104 vestris.

2234 4134 2316 4191 19.
2352 4139 2638 4206 Tanquam
2668 4141 2802 4205 ﬁliis
2837 4141 2976 4191 dico.
3031 4139 3216 4193 Ordo:
3268 4140 3556 4210 Tanquam
3614 4139 3749 4193 ﬁliis

2153 4224 2279 4278 dico
2319 4224 2590 4280 habentes
2643 4227 2899 4281 eamdem
2946 4229 3459 4283 remunerationem
3509 4227 3743 4296 scilicet,

2155 4330 2324 4385 quam
2355 4331 2458 4374 nos
2487 4315 2780 4369 habemus.

2220 4400 2310 4458 ‘20.
2355 4405 2442 4457 Vos
2469 4407 2621 4458 enim
2643 4407 2767 4459 estis
2817 4410 3102 4475 templum.
3142 4407 3351 4461 Probat
3381 4408 3513 4479 quia
3541 4410 3748 4479 jugum

2152 4492 2355 4546 ducere
2373 4508 2503 4547 cum
2524 4493 2865 4561 infidelibus,
2879 4496 3318 4567 aequipollenter.
3349 4497 3580 4552 Nullum
3597 4504 3748 4553 tem-

2151 4582 2308 4652 plum
2330 4582 2430 4636 Dei
2451 4581 2620 4638 debet
2651 4583 2856 4638 habere
2884 4601 3220 4640 consensum
3248 4602 3375 4640 cum
3410 4586 3607 4654 idolis;
3647 4603 3748 4642 vos

2149 4675 2339 4724 autem
2361 4671 2497 4726 estis
2524 4672 2817 4743 templum,
2877 4672 3010 4744 quia
3049 4675 3168 4745 ipse
3221 4675 3439 4729 habitat
3487 4675 3546 4729 in
3565 4673 3744 4730 vobis.

2150 4761 2275 4830 Ipse
2304 4760 2456 4814 enim
2477 4761 2989 4817 dixit:Inhabitabo
3028 4764 3088 4818 in
3107 4765 3280 4820 vobis.
3319 4766 3554 4835 Propter
3591 4763 3747 4834 quod

2150 4851 2294 4905 exite
2309 4851 2379 4906 de
2397 4852 2581 4906 medio
2600 4869 2817 4921 eorum,
2855 4854 2912 4908 id
2925 4861 3028 4921 est,
3062 4871 3195 4926 ergo
3214 4855 3386 4910 nolite
3419 4857 3616 4926 jugum
3641 4857 3754 4910 du-

2042 4977 2044 4979 ›
2088 4920 2132 4981 C
2149 4955 2274 4996 cere
2302 4957 2427 4994 cum
2457 4920 3222 4999 infidelibus.rUtiturautem
3246 4920 3435 4999 verbis
3453 4920 3755 5016 propheta

2148 5047 2251 5100 pro
2274 5047 2410 5085 suis.
2497 5063 2502 5067 -

2215 5119 2308 5173 91.
2337 5120 2612 5186 Quoniam
2655 5121 2996 5177 inhabilabo.
3035 5121 3106 5176 Et
3161 5122 3282 5177 Joel
3325 5122 3405 5177 sic
3442 5121 3582 5177 dicit
3608 5143 3619 5175 :
3644 5125 3755 5178 Po-

2149 5225 2284 5264 nam
2306 5211 2730 5264 tabernaculum
2765 5227 2951 5265 meum
2971 5215 3036 5265 in
3060 5214 3162 5279 eis,
3185 5217 3234 5264 et
3257 5228 3349 5279 ego
3376 5224 3468 5267 ero
3479 5214 3553 5266 eis
3573 5213 3750 5281 Deus,

2147 5301 2194 5352 et
2225 5301 2516 5365 ipsierunt
2542 5299 2687 5353 mihi
2713 5301 2946 5367 populus
2978 5300 3105 5366 (Joel
3135 5309 3194 5365 u,
3219 5295 3334 5363 27).
3371 5333 3373 5336 ‹

2215 5386 2284 5442 2‘2
2323 5389 2550 5456 Propter
2579 5389 2723 5456 quod
2743 5389 2904 5442 exite.
2933 5386 3002 5443 In
3019 5388 3167 5444 Isaia
3193 5389 3273 5444 sic
3300 5385 3507 5461 legitur
3533 5407 3545 5444 :
3587 5390 3757 5447 Rece-

472 5501 486 5517 -.
527 5464 621 5524 43.
651 5468 1082 5538 Ignobilitatem.
1116 5469 1226 5522 Per
1268 5468 1513 5539 gloriam
1559 5469 1920 5527 exhibeamus
1959 5487 2060 5528 nos
2140 5477 2272 5542 dite,
2303 5431 2552 5543 recedite,
2580 5431 2719 5531 ἔπιτε
2764 5477 2920 5542 inde;
2967 5480 3248 5546 pollutum
3293 5431 3462 5533 nolite
3511 5483 3754 5548 tangere

2143 5566 2272 5637 (lsa.
2305 5579 2402 5634 LII,
2433 5564 2544 5636 11).
