4040 6186
336 235 443 293 23Ἱ
1004 238 1084 294 ΙΝ
1124 238 1188 293 D.
1232 235 1445 293 PAULI
1483 236 1705 293 EPIST.
1746 235 1931 293 00M]

2001 235 2118 292 NT.
2160 265 2229 278 --
2267 234 2490 293 EPIST.
2531 235 2584 292 ῙῙ
2620 235 2718 291 AD
2756 236 2920 293 00R.
3490 240 3596 301 238

324 366 535 431 jugum
564 362 760 418 ducere
787 378 915 416 cum
932 363 1151 430 inﬁdeli
1167 379 1183 415 :
1199 360 1288 418 23.
1308 366 1366 416 et
1395 361 1754 417 immundum
1776 377 1848 417 ne
1865 359 2186 432 tetigeritis,
2215 361 2276 416 id
2294 366 2388 428 est,
2415 376 2484 416 ne
2503 363 2975 419 commisceamini
2994 366 3194 431 malis;
3227 381 3340 423 ecce
3355 367 3595 437 ﬂuctus,

333 458 394 507 et
417 469 525 524 ego
553 453 821 524 recipiam
845 468 963 520 vos,
991 456 1049 507 et
1079 469 1175 507 ero
1201 450 1356 507 vobis
1378 451 1437 506 in
1457 456 1695 524 patrem,
1720 457 1778 508 et
1798 468 1894 507 vos
1914 450 2070 507 eritis
2091 450 2233 506 mihi
2260 451 2321 506 in
2340 449 2485 507 ﬁlios
2505 454 2564 506 et
2582 450 2745 521 ﬁlias,
2764 452 2901 509 dicit
2923 452 3198 511 Dominus
3219 456 3594 530 omnipotens.

1763 603 1998 660 CAPUT
2026 603 2150 660 VII.

408 729 525 784 Has
536 745 671 800 ergo
698 728 972 786 habentes
992 729 1393 802 promissiones
1410 730 1639 801 (scilicet
1660 734 1884 802 recipiet
1902 749 1999 788 nos
2016 735 2070 787 si
2078 733 2441 787 immundum
2457 747 2570 789 non
2590 733 2903 802 tangamus)
2912 732 3245 805 charissimi,
3262 736 3600 796 mandemus

334 833 438 871 nos
466 816 538 871 ab
562 817 718 872 omni
746 817 1175 890 inquinamento
1188 819 1373 874 carnis
1404 826 1463 875 et
1472 819 1719 891 spiritus,
1735 822 1794 874 id
1808 825 1901 888 est,
1925 823 2174 876 carnalis
2194 824 2339 887 vitii,
2360 828 2411 876 et
2447 824 2765 892 spiritualis
2785 825 3064 894 nequitiae,
3096 826 3450 896 perﬁcientes
3469 844 3602 885 san-

334 907 737 964 ctiﬁcationem
762 912 945 964 nostri
963 909 1024 965 in
1059 910 1267 965 timore
1287 909 1407 978 Dei,
1425 912 1487 965 id
1505 916 1599 977 est,
1617 911 1954 979 perﬁcientes
1975 926 2055 976 ea,
2079 910 2278 979 quibus
2294 912 2477 965 sancti
2503 911 2837 980 efﬁciamur.
2860 911 3056 983 Capite
3071 928 3175 968 nos
3199 917 3264 973 in
3292 920 3603 987 exemplum

335 1012 434 1066 per
448 1002 706 1052 nostram
732 1000 1193 1057 admonitionem.
1208 999 1228 1056 1
1242 999 1561 1056 .Neminem
1583 998 1828 1054 laesimus
1840 1001 1983 1053 sicut
1997 999 2434 1068 pseudoapostoli
2445 1000 2799 1054 subditorum
2813 1000 2953 1056 bona
2967 1001 3294 1071 devorando,
3314 1004 3604 1062 neminem

333 1100 509 1154 pravo
528 1089 713 1140 nostri
729 1089 975 1158 exemplo
985 1088 1357 1160 corrupimus,
1373 1088 1660 1144 neminem
1682 1088 1967 1143 adulando
1982 1087 2469 1144 circumvenimus.
2495 1086 2550 1142 2.
2573 1087 2701 1144 Non
2729 1088 2802 1143 ad
2820 1088 3347 1164 condemnationem
3359 1099 3605 1151 vestram

338 1172 484 1241 dico,
518 1192 637 1230 non
669 1178 786 1231 ideo
815 1179 936 1233 dico
963 1184 1027 1232 ut
1046 1180 1332 1247 aliquibus
1369 1178 1570 1232 horum
1603 1179 1885 1241 lasissetis,
1911 1177 2058 1231 unde
2080 1192 2170 1230 vos
2206 1177 2579 1239 condemnem.
2621 1175 2674 1230 3.
2712 1175 3077 1232 Praediximus
3104 1177 3265 1251 enim,
3283 1181 3432 1252 quod
3457 1181 3514 1240 4.
3545 1182 3607 1240 in

337 1263 604 1319 cordibus
622 1265 833 1320 nostris
855 1267 992 1321 estis
1011 1267 1083 1321 ad
1103 1265 1604 1335 commoriendum,
1629 1270 1689 1320 et
1707 1265 1776 1320 ad
1801 1264 2224 1332 convivendum,
2242 1267 2378 1333 quia
2405 1265 2579 1333 diligo
2606 1281 2695 1320 vos
2706 1267 2771 1319 in
2793 1269 3036 1332 tantum,
3069 1271 3132 1321 ut
3151 1270 3351 1334 vivere,
3382 1274 3432 1324 et
3450 1274 3607 1326 mori

337 1354 505 1406 velim
527 1354 826 1419 vobiscum,
845 1359 897 1408 si
907 1357 1033 1423 ﬁeri
1039 1359 1229 1425 posset.
1249 1355 1301 1409 5.
1328 1354 1507 1409 Multa
1524 1352 1661 1408 mihi
1683 1353 1889 1409 ﬁducia
1909 1359 2013 1417 est,
2033 1352 2183 1423 apud
2199 1368 2312 1421 vos,
2338 1353 2519 1407 multa
2543 1352 2683 1408 mihi
2707 1353 2970 1424 gloriatio
2987 1356 3139 1426 apud
3147 1358 3289 1411 alios
3301 1372 3403 1430 pro
3431 1357 3605 1427 vobis,

339 1441 595 1512 repletus
622 1457 749 1496 sum
767 1459 872 1512 pro
900 1445 1047 1498 vobis
1074 1442 1476 1510 consolatione,
1508 1441 1903 1515 superabundo
1923 1441 2130 1511 gaudio
2154 1446 2381 1511 propter
2403 1457 2492 1495 vos
2521 1441 2581 1496 in
2613 1442 2765 1496 omni
2803 1443 3170 1500 tribulatione
3206 1450 3419 1502 nostra.
3461 1446 3610 1503 Nam

338 1532 603 1599 (ostendit
620 1547 674 1584 se
698 1532 1121 1586 tribulationem
1139 1532 1410 1598 habuisse,
1428 1547 1563 1586 nam
1591 1534 1655 1586 in
1683 1532 2016 1597 Macedonia,
2035 1535 2087 1584 et
2108 1529 2257 1601 Asia)
2287 1534 2346 1585 et
2364 1545 2493 1585 cum
2512 1530 2858 1586 venissemus
2880 1531 2939 1587 in
2959 1533 3366 1603 Macedoniam,
3391 1536 3611 1594 nullam

338 1620 602 1691 requiem
630 1618 831 1675 habuit
858 1636 986 1675 caro
1011 1626 1226 1686 nostra,
1258 1620 1355 1676 sed
1384 1636 1611 1676 omnem
1643 1618 2064 1674 tribulationem
2104 1623 2272 1687 ιοι
2311 1618 2462 1690 passi
2490 1616 2925 1686 sumus,6.foris
2951 1637 3155 1692 pugnae
3182 1623 3252 1676 ab
3267 1624 3611 1696 inﬁdelibus,

339 1711 423 1764 vel
452 1711 518 1763 in
542 1726 660 1762 meo
688 1725 934 1778 corpore,
975 1710 1025 1764 7.
1060 1710 1220 1765 intus
1238 1709 1488 1765 timores.
1517 1710 1628 1764 Sed
1652 1709 1749 1781 qui
1778 1708 2100 1763 consolatur
2128 1707 2391 1774 humiles,
2410 1709 2730 1764 consolatus
2752 1713 2839 1763 est
2852 1726 2954 1764 nos
2976 1710 3125 1765 Deus
3145 1710 3204 1765 in
3217 1710 3460 1767 adventu
3476 1712 3611 1769 Titi.

342 1797 471 1852 Non
499 1798 688 1852 solum
708 1803 909 1852 autem
933 1797 993 1852 in
1020 1799 1262 1853 adventu
1285 1800 1426 1870 ejus,
1452 1798 1550 1853 sed
1570 1797 1742 1853 etiam
1757 1798 1815 1852 in
1836 1797 2233 1862 consolatione,
2258 1813 2370 1868 qua
2389 1797 2709 1853 consolatus
2731 1798 2900 1854 estin
2924 1796 3097 1867 vobis,
3116 1797 3172 1855 8.
3190 1798 3438 1856 referens
3452 1800 3615 1857 nobis

345 1891 595 1940 vestrum
626 1886 991 1953 desiderium,
1011 1889 1239 1942 uidendi
1258 1905 1360 1954 me,
1375 1892 1626 1943 vestrum
1654 1889 1872 1951 ﬂetum,
1887 1887 2211 1957 panitendo,
2235 1891 2483 1941 vestram
2512 1891 2565 1943 9.
2589 1887 3007 1941 mmulationem
3024 1903 3127 1959 pro
3152 1904 3262 1956 me,
3280 1890 3616 1945 addiscentes

344 1977 700 2044 charitatem,
712 1980 794 2031 vel
814 1978 1191 2031 imitationem
1204 1981 1331 2044 mei,
1347 1977 1427 2032 ita
1447 1983 1511 2033 ut
1530 1994 1599 2032 ea:
1618 1980 1877 2031 missione
1887 1977 2159 2045 Epistolas,
2172 1978 2256 2030 vel
2272 1991 2337 2029 ea:
2345 1990 2517 2045 supra
2539 1975 2910 2046 dictis,magis
2924 1975 3545 2046 gauderem.Quoniam
3559 1981 3620 2033 et

347 2063 394 2118 si
413 2064 748 2119 contristavi
767 2082 862 2120 vos
882 2065 941 2120 in
958 2063 1046 2123 10.
1062 2066 1313 2137 Epistola
1331 2069 1546 2138 priore,
1563 2082 1677 2121 non
1709 2081 1799 2119 me
1821 2065 1977 2120 modo
2005 2063 2269 2136 pmnitet;
2303 2063 2408 2119 etsi
2430 2057 2595 2133 prius
2622 2064 2939 2135 pmniteret,
2965 2064 3160 2120 videns
3181 2065 3330 2136 quod
3353 2066 3606 2139 Epistola

344 2152 642 2223 illapriort
648 2154 756 2209 etsi
774 2153 846 2208 ad
866 2155 1080 2225 horam)
1104 2173 1200 2210 vos
1228 2155 1599 2218 contristavit,
1626 2171 1776 2209 nunc
1793 2154 2033 2225 gaudeo,
2057 2169 2190 2221 non,
2210 2154 2301 2207 sed
2320 2168 2434 2207 non
2449 2158 2672 2222 propter
2701 2153 2817 2220 hoc,
2834 2150 2967 2224 quia
2989 2153 3307 2208 contristati
3329 2154 3491 2225 estis,
3517 2153 3618 2210 sed

348 2242 813 2314 quiacontristati
826 2243 961 2298 estis
978 2244 1049 2298 ad
1076 2244 1485 2316 paenitentiam.
1511 2241 1590 2301 11.
1608 2242 1939 2299 Contristati
1968 2241 2119 2297 enim
2149 2241 2284 2296 estis
2312 2239 2624 2297 secundum
2652 2240 2850 2304 Deum.
2869 2246 2935 2298 ut
2959 2242 3021 2298 in
3037 2243 3217 2312 nullo,
3240 2244 3386 2313 quod
3405 2259 3616 2316 praece-

350 2331 539 2404 pimus
570 2330 658 2400 12,
679 2329 769 2389 13.
791 2330 1193 2388 detrimentum
1214 2333 1383 2403 (quin
1411 2335 1653 2387 exsecuti
1668 2334 1816 2400 estis)
1830 2330 2147 2403 patiamini,
2161 2332 2365 2385 scilicet
2384 2331 2781 2386 detrimentum
2802 2334 3010 2386 anima
3029 2334 3094 2386 in
3112 2332 3329 2400 futuro,
3344 2346 3410 2387 ex
3430 2330 3617 2401 nobis,

349 2422 410 2475 id
428 2427 525 2490 est,
543 2438 615 2476 ea:
633 2425 839 2476 nostris
866 2426 1144 2492 praeceptis
1168 2439 1281 2477 non
1301 2425 1632 2491 adimpletis.
1654 2420 1737 2478 14.
1753 2422 1888 2486 Quae
1904 2419 2053 2474 enim
2077 2420 2395 2489 (responsio)
2412 2418 2725 2474 secundum
2744 2419 2923 2476 Deum
2938 2419 3173 2476 tristitia
3203 2423 3309 2488 est,
3333 2420 3615 2493 pmniten-

350 2509 491 2565 tiam
506 2509 568 2565 in
588 2511 833 2566 salutem
854 2510 1133 2578 stabilem,
1148 2517 1433 2579 aeternam,
1455 2515 1740 2585 operatur;
1764 2510 1834 2564 15
1848 2509 2036 2564 saeculi
2061 2512 2254 2563 autem
2281 2510 2338 2575 (a
2365 2509 2672 2576 contrario)
2690 2507 2926 2563 tristitia
2948 2512 3191 2564 mortem
3213 2514 3499 2582 operatur.
3525 2508 3621 2566 16.

352 2598 492 2654 Ecce
518 2598 672 2654 enim
708 2600 842 2669 (alia
868 2601 1119 2669 probatio
1157 2615 1258 2668 per
1300 2604 1486 2669 partes
1533 2600 1752 2670 salutis)
1784 2597 1891 2651 hoc
1924 2596 2132 2668 ipsum,
2163 2595 2473 2652 secundum
2500 2597 2683 2653 Deum
2707 2597 3029 2653 contristari
3066 2614 3179 2666 vos,
3227 2595 3309 2655 17.
3347 2601 3624 2671 quantam

353 2690 666 2742 maximam
698 2688 756 2742 in
785 2687 940 2742 vobis
969 2694 1238 2759 operatur
1266 2688 1698 2743 sollicitudinem
1729 2688 1857 2741 bene
1868 2687 2154 2755 operandi,
2174 2687 2271 2741 hoc
2299 2692 2394 2754 est,
2427 2690 2702 2755 salutem;
2732 2703 2868 2742 nam
2880 2693 3143 2757 operatur
3165 2689 3625 2761 sollicitudinem,

354 2793 473 2846 qua
488 2792 660 2832 causa
689 2781 765 2832 est
788 2780 1022 2845 salutis;
1050 2793 1147 2832 nec
1173 2781 1396 2832 tantum
1429 2779 1544 2845 hoc,
1560 2777 1657 2833 sed
1677 2777 2080 2844 defensionem,
2101 2782 2296 2832 contra
2316 2778 2521 2834 Deum:
2545 2793 2644 2833 nec
2661 2782 2883 2833 tantum
2898 2778 3014 2847 hoc,
3037 2777 3136 2834 sed
3154 2777 3626 2849 indignationem,

1694 2927 2287 2985 COMMENTARIUS.

427 3050 519 3112 23.
560 3055 811 3110 Ausus'r.
845 3055 1031 3124 (serm.
1058 3052 1128 3110 18
1156 3055 1229 3109 De
1258 3055 1404 3114 verb.
1431 3056 1674 3121 Domini,
1691 3070 1812 3126 cap.
1832 3051 1944 3124 ‘20).
1969 3050 2185 3115 Arium
2210 3049 2417 3107 habere
2446 3050 2572 3107 illos
2602 3050 2939 3108 emendandi
2959 3067 3037 3119 se,
3072 3052 3229 3121 ﬂere,
3262 3051 3395 3126 quia
3440 3066 3635 3126 pecca-

353 3141 721 3197 Immundum
750 3160 816 3197 ne
842 3145 1152 3211 tetigeritis.
1178 3141 1321 3208 Quid
1339 3147 1427 3198 est
1450 3147 1686 3214 tangere
1704 3142 1947 3197 immun—
2036 3145 2254 3209 verunt,
2270 3140 2688 3199 aemulationem
2714 3139 2921 3197 habere
2942 3158 3044 3214 pro
3066 3139 3632 3215 Apostolo,quoniam

349 3230 511 3297 dum,
533 3230 644 3285 nisi
659 3230 974 3287 consentire
994 3230 1277 3304 peccatis?
1300 3232 1444 3296 Quid
1472 3237 1558 3287 est
1584 3237 1773 3288 autem
1801 3232 1953 3287 exire
2035 3230 2388 3285 addiscentes
2414 3229 2749 3286 charitatem
2768 3230 2891 3302 ejus
2911 3244 3046 3302 erga
3072 3246 3152 3298 se,
3170 3230 3636 3303 cmperuntillum

352 3318 511 3385 inde,
551 3318 660 3373 nisi
722 3322 906 3376 tacere
960 3319 1111 3392 quod
1149 3320 1397 3392 pertinet
1433 3320 1505 3375 ad
1546 3320 1957 3393 correptionem
2040 3319 2340 3374 defendere
2368 3324 2563 3375 contra
2591 3318 2957 3375 adversarios.
2998 3394 3001 3395 ν

351 3406 680 3462 malorum?
2111 3405 2171 3465 9.
2227 3408 2436 3463 Lmen.
2465 3408 2916 3476 Emulationem,
2966 3407 3024 3463 id
3071 3413 3177 3475 est,
3221 3408 3467 3480 qualiter
3491 3408 3638 3466 alter

424 3496 592 3553 CAP.
620 3495 820 3552 VII.—
844 3494 887 3554 l.
907 3497 1158 3553 Alanos.
1175 3498 1463 3553 Neminem
1477 3497 1960 3553 laesimus.Pseudo
2042 3497 2342 3552 aemulatur
2362 3496 2705 3552 desiderium
2738 3497 2992 3561 alterius,
3021 3501 3087 3555 ut
3113 3513 3207 3552 me
3233 3496 3489 3553 videatis.

353 3586 506 3641 enim
537 3586 779 3658 apostoli
809 3585 1087 3641 nocebant
1114 3586 1247 3652 illis,
1283 3592 1711 3658 con-rumpentes
1762 3603 1962 3642 sensus
2119 3583 2201 3643 10.
2236 3587 2480 3655 Epistola
2505 3588 2637 3645 illa.
2659 3584 2811 3641 Ordo
2846 3602 2857 3639 :
2893 3584 2997 3641 Illa
3020 3601 3115 3641 vos
3139 3585 3510 3654 contristavit,
3532 3584 3639 3643 etsi

352 3674 583 3730 illorum
614 3675 1084 3730 circumventione
1111 3681 1318 3730 astuta.
2042 3674 2115 3729 ad
2140 3674 2357 3729 horam.

423 3763 481 3821 2.
524 3764 739 3818 Lassa.
771 3764 895 3818 Non
932 3765 1009 3819 ad
1034 3766 1563 3831 condemnationem,
1597 3762 1656 3818 id
1695 3768 1799 3830 est,
1844 3779 1960 3818 non
2112 3763 2203 3821 li.
2237 3763 2565 3819 Contristati
2590 3765 2761 3818 enim.
2794 3762 3293 3819 Demonstratiode
3317 3779 3430 3837 qua
3455 3763 3640 3837 peni-

355 3858 664 3925 propterea
686 3868 1087 3921 commemoro,
1113 3858 1178 3908 ut
1202 3852 1403 3908 callide
1426 3852 1610 3907 dicam
1630 3869 1722 3908 vos
1738 3851 1956 3919 fecisse,
2038 3851 2219 3906 tentia
2245 3851 2432 3918 dicat;
2465 3855 2552 3904 est
2575 3850 2726 3905 enim
2750 3855 2808 3905 et
2834 3852 2988 3924 mala
3002 3851 3353 3924 paenitentia.

357 3941 515 4012 quod
552 3957 645 3996 me
679 3940 879 3996 fecisse
910 3957 1077 4012 nego.
2118 3938 2201 3998 12.
2236 3940 2663 3994 Detrimentum.
2705 3940 3121 3995 Detrimentum
3156 3940 3381 3996 auditor
3405 3959 3477 3997 ex
3504 3958 3643 4015 prm-

427 4027 486 4084 3.
537 4030 904 4084 Przdiaimus
950 4032 1121 4084 enim.
1166 4029 1436 4101 Superius
1484 4029 1668 4084 dixit:
1719 4030 1962 4099 Epistola
2043 4028 2323 4083 dicatione
2351 4028 2596 4083 doctoris
2637 4028 2869 4099 patitur,
2912 4029 3136 4100 quando
3182 4031 3474 4102 pmwptis
3521 4032 3645 4101 ejus

360 4122 562 4172 nostra
590 4133 680 4170 vos
712 4120 858 4184 estis,
890 4121 1099 4186 scripta
1128 4120 1192 4172 in
1221 4120 1476 4172 cordibus
1505 4120 1719 4172 vestris.
2044 4116 2372 4171 inobediens
2402 4116 2608 4185 existit,
2642 4121 2700 4172 et
2724 4116 2900 4190 priori
2945 4121 3171 4189 peccato
3218 4123 3512 4191 peccatum
3556 4118 3645 4176 in-

434 4207 491 4261 4.
519 4206 764 4260 uanos.
800 4208 869 4261 In
899 4207 1154 4261 cordibus
1180 4209 1405 4273 nostris,
1440 4206 1497 4260 id
1527 4210 1632 4274 est,
1665 4204 1965 4277 participes
2046 4204 2379 4261 obedientiaa
2407 4204 2583 4259 addit.

366 4294 485 4350 vult
512 4311 611 4349 eos
638 4293 866 4362 habere,
888 4298 947 4350 et
961 4294 1033 4349 ad
1044 4300 1352 4366 praesentes
1378 4294 1667 4368 passiones
1690 4309 1793 4367 pro
1809 4293 1967 4350 Chri-
2129 4292 2207 4351 l3.
2232 4295 2479 4349 Ausaos.
2508 4296 2939 4359 Detrimentum,
2960 4292 3020 4350 id
3039 4298 3146 4362 est,
3161 4298 3227 4350 ut
3241 4293 3434 4351 omnia
3448 4299 3645 4351 nostra

362 4392 453 4444 sto
472 4394 536 4443 et
561 4388 633 4443 ad
656 4388 907 4442 futuram
921 4387 1117 4442 vitam.
1981 4422 2035 4484 B
2053 4383 2311 4438 effectum
2340 4383 2589 4438 habeant
2611 4381 2671 4437 in
2696 4380 2871 4450 vobis,
2898 4382 3071 4439 etiam
3107 4383 3259 4456 quod
3287 4384 3644 4459 contristavi-

435 4476 470 4535 5
484 4525 499 4537 .
541 4479 719 4532 Multa
740 4478 885 4533 mihi
896 4480 1120 4546 ﬁducia.
1136 4476 1370 4531 Fiducia
1396 4476 1515 4532 hac
1536 4477 1606 4531 de
1622 4476 1817 4549 prima;
1832 4476 1967 4549 Epi—
1981 4476 2031 4484 “’
2052 4488 2177 4526 mus
2202 4487 2319 4527 vos.

360 4565 528 4620 stolae
558 4565 912 4637 correptione
942 4569 1046 4633 est,
1072 4580 1240 4636 quam
1258 4565 1393 4636 quia
1421 4580 1533 4619 non
1564 4580 1760 4637 aspere
1779 4579 1968 4620 susce-
2124 4559 2213 4616 14.
2248 4561 2453 4615 Lmen.
2485 4560 2612 4628 Quae
2634 4560 2786 4613 enim
2809 4561 3129 4616 secundum.
3174 4559 3299 4617 Alia
3325 4560 3474 4618 ratio
3501 4560 3653 4635 quod

361 4656 598 4727 perunt,
623 4654 890 4709 ﬁduciam
912 4654 1193 4709 dederunt
1219 4653 1561 4708 admonendi
1583 4669 1665 4709 se.
2056 4649 2372 4706 secundum
2398 4649 2579 4704 Deum
2607 4646 2927 4704 contristati
2954 4653 3106 4706 sunt.

433 4739 494 4799 6.
533 4742 686 4797 Foris
705 4758 932 4812 pugnas.
966 4743 1176 4814 Pugnae
1206 4741 1355 4797 enim
1381 4748 1546 4797 erant
1565 4741 1804 4814 corpori,
1838 4740 1974 4796 dum
2132 4739 2225 4795 15.
2262 4738 2464 4795 Seeculi
2491 4742 2676 4793 autem
2693 4738 2948 4792 tristitia.
2981 4736 3180 4794 Seculi
3209 4744 3401 4795 autem
3419 4738 3655 4805 tristitia

358 4829 760 4899 caedebantur;
795 4832 986 4887 animo
1014 4831 1265 4887 timores.
1311 4831 1433 4886 lllic
1475 4831 1625 4885 enim
1655 4831 1846 4896 timor,
1878 4829 1975 4885 ubi
2060 4832 2148 4883 est
2177 4826 2388 4892 dolere,
2419 4825 2567 4898 quod
2599 4841 2704 4885 sua
2727 4825 2963 4895 tribuat,
2994 4826 3182 4883 aliena
3218 4844 3334 4885 non
3360 4829 3564 4903 rapiat,
3598 4833 3657 4885 et

358 4920 692 4975 intellectus
716 4925 821 4975 est.
856 4920 965 4976 Sed
994 4920 1085 4975 hic
1114 4921 1284 4976 timor
1306 4925 1538 4993 propter
1565 4920 1875 4988 credentes,
1905 4935 1978 4974 ne
2057 4922 2260 4971 cetera
2277 4916 2335 4970 in
2365 4913 2802 4972 hunc.modum.

359 5009 640 5083 passione
658 5011 782 5081 ejus
802 5010 1336 5066 scandalizarentur.
2123 5005 2214 5061 16.
2236 5006 2366 5060 Ecce
2384 5006 2529 5059 enim
2541 5045 2556 5059 .
2573 5003 2698 5059 Alia
2717 5003 2862 5060 ratio
2886 5003 3138 5076 ejusdem
3168 5004 3269 5059 rei.

437 5099 499 5155 7.
530 5099 739 5155 Lma.
805 5101 965 5154 Intus
996 5102 1240 5157 timores.
1269 5102 1317 5154 A
1341 5099 1500 5154 falsis
1528 5097 1827 5166 fratribus;
1868 5097 1976 5164 vel,
2136 5090 2478 5149 l7.AMBR08.
2499 5092 2781 5159 Quoniam
2805 5095 2870 5148 in
2889 5095 3055 5149 vobis.
3072 5092 3312 5151 Solliciti
3328 5090 3478 5155 enim
3495 5093 3651 5158 sunt,

360 5204 444 5244 ne
495 5189 690 5260 passio
730 5204 859 5243 mea
885 5193 1231 5260 perterreret
1257 5188 1482 5258 fratres,
1507 5188 1566 5242 id
1595 5192 1700 5253 est,
1724 5191 1981 5242 metuens
2060 5199 2133 5238 ne
2156 5183 2342 5238 denuo
2369 5186 2624 5254 peccent,
2656 5186 2714 5236 et
2758 5182 3066 5238 defendunt
3093 5197 3154 5236 se
3198 5180 3269 5235 ab
3299 5178 3656 5243 infestatione

361 5294 444 5332 ne
473 5278 732 5332 conversi
761 5278 996 5343 noviter,
1021 5278 1276 5333 videntes
1317 5277 1681 5343 afﬂictionem
1728 5282 1981 5331 nostram
2061 5273 2412 5338 daemonum;
2442 5270 2815 5342 indignantur
2840 5270 2902 5326 in
2924 5288 3013 5337 se,
3033 5270 3116 5324 vel
3136 5269 3193 5323 in
3206 5269 3347 5323 alios
3364 5272 3657 5340 peccantes

360 5367 445 5421 ad
476 5382 669 5431 suum,
709 5366 766 5421 id
795 5373 898 5435 est,
933 5368 1029 5439 qui
1068 5366 1178 5422 fuit
1206 5366 1449 5432 Judaaus,
1483 5366 1554 5420 ad
1596 5365 1969 5433 Judaismum,
2056 5363 2275 5427 timent,
2301 5360 2434 5432 quia
2469 5366 2859 5431 peccaverunt,
2888 5359 3210 5418 desiderant
3236 5374 3296 5414 se
3326 5358 3654 5426 reformare,

357 5454 607 5528 gentilis
636 5456 707 5509 ad
734 5457 1109 5526 gentilitatem
1137 5460 1545 5512 converterent.
2058 5458 2116 5507 et
2142 5450 2418 5522 incipiunt
2445 5449 2563 5519 pati
2588 5450 2767 5505 zelum
2796 5448 3072 5503 bonorum
3096 5463 3330 5518 operum
3359 5447 3657 5519 perﬁcien-

438 5542 504 5602 8.
526 5543 785 5601 Munus.
819 5547 1068 5617 Referens
1090 5548 1263 5603 nobis.
1282 5544 1744 5602 Nuntiavit'l‘itus
1763 5543 1978 5600 deside-
2057 5541 2293 5609 dorum;
2326 5545 2383 5594 et
2407 5537 2556 5610 quod
2602 5537 2981 5611 deliquerunt,
3009 5535 3294 5593 vindicant
3319 5536 3381 5593 in
3419 5536 3655 5608 seipsos.
