4040 6186
470 230 603 306 Δ239
1123 265 1129 272 -
1496 247 1559 301 Β.
1600 246 2010 301 LANFRANCI
2055 253 2065 296 4

2174 246 2410 302 J’l‘UAR.
2455 251 2791 307 ARCHIEP.
3663 222 3769 309 an}

494 371 561 426 de
596 373 859 441 peccatis;
880 386 979 426 nec
998 373 1220 425 tantum
1250 368 1364 433 hoc,
1398 368 1498 424 sed
1522 368 1787 425 timorem
1815 369 1917 424 Dei
1942 387 1954 436 ;
1989 387 2083 423 nec
2102 370 2199 423 hoc
2230 374 2473 437 tantum,
2490 373 2590 428 sed
2610 377 2779 428 etiam
2806 375 3168 441 desiderium,
3194 378 3641 444 reformationis,-
3659 392 3755 431 nec

493 460 593 516 hoc
611 464 852 526 tantum,
874 457 973 515 sed
998 459 1166 513 etiam
1188 456 1608 513 aemulationem
1638 460 1789 523 boni,
1812 474 1909 514 nec
1935 458 2033 512 hoc
2050 463 2293 525 tantum,
2315 460 2415 515 sed
2437 464 2607 516 etiam
2636 462 2957 530 vindictam,
2991 468 3352 534 afﬂictionem
3377 471 3754 534 peccatorum.

493 547 641 617 Ergo
664 550 798 618 quia
822 548 919 602 hoc
946 552 995 601 et
1018 546 1115 601 hoc
1138 547 1366 614 fecistis,
1395 546 1456 601 in
1493 547 1752 603 omnibus
1782 548 1920 601 aliis
1973 548 2127 600 bonis
2183 546 2515 603 exhibuistis
2553 544 2673 617 vos,
2713 551 2795 606 18.
2836 552 3305 607 incontaminatos
3345 569 3467 607 esse
3515 553 3766 624 negotio,

493 639 594 706 qui
614 638 1010 704 fornicatorem
1037 637 1366 693 ecclusistis.
1394 633 1485 693 19.
1519 635 1699 707 Igitur
1738 641 1938 702 ιω,
1971 638 2029 689 et
2057 633 2106 689 si
2134 635 2332 706 scripsi
2369 636 2543 703 vobis,
2575 654 2686 693 non
2714 645 2937 695 tantum
2969 647 3199 712 propter
3218 641 3485 712 eum,qui
3513 641 3644 696 fecit
3671 641 3763 695 in-

485 724 721 798 iuriam,
755 725 818 779 id
835 729 929 793 est,
952 728 1052 794 qui
1070 741 1298 781 uxorem
1312 728 1497 795 patris
1518 728 1743 795 accepit,
1762 741 1866 779 nec
1889 730 2121 797 propter
2146 725 2401 795 eum,qui
2426 742 2626 797 passus
2651 732 2755 793 est,
2780 729 2839 783 id
2859 734 2953 794 est,
2975 734 3213 798 patrem,
3234 732 3394 797 cujus
3417 745 3558 783 uxor
3576 730 3763 784 ablata

490 817 599 883 est;
629 812 749 883 sed,
779 815 984 869 scilicet
1012 816 1228 884 scripsi,
1263 813 1336 869 ad
1367 813 1847 870 manifestandam
1877 811 2308 868 sollicitudinem
2342 819 2614 880 nostram,
2654 832 2825 886 quam
2858 815 3132 872 habemus
3160 833 3262 889 pro
3291 815 3445 870 vobis
3470 818 3533 870 de
3561 833 3762 871 corru-

480 906 673 976 ptione
695 908 874 958 vestra
893 918 1083 958 coram
1112 903 1250 970 Deo,
1265 908 1329 959 ut
1352 906 1565 973 placeat
1594 904 1698 958 Deo
1729 918 1746 954 :
1776 898 1867 960 20.
1899 901 2047 967 ideo,
2070 904 2203 970 quia
2234 904 2671 957 incontaminati
2689 906 2898 971 fuistis,
2932 904 3204 959 consolati
3227 921 3440 959 sumus.
3463 905 3528 959 In
3557 921 3755 976 conso-

480 990 700 1048 latione
728 995 920 1049 autem
948 996 1161 1060 nostra,
1189 991 1568 1049 abundantius
1609 992 1791 1064 magis
1817 990 1993 1062 gavisi
2024 1006 2220 1044 sumus
2242 1007 2413 1062 super
2437 991 2779 1062 gaudioTiti,
2810 994 2943 1064 quia
2969 1011 3131 1063 super
3150 1000 3326 1048 vestra
3352 995 3644 1063 spirituali
3664 996 3760 1049 bo-

486 1096 564 1137 na
591 1084 939 1139 conversione
967 1081 1207 1138 refectus
1244 1087 1331 1139 est
1366 1082 1599 1156 spiritus
1632 1082 1758 1152 ejus
1792 1079 1863 1136 ab
1895 1078 2157 1135 omnibus
2177 1078 2358 1148 vobis;
2392 1084 2451 1133 et
2475 1079 2523 1133 si
2555 1081 2688 1151 quid
2718 1080 2804 1137 21.
2835 1082 2983 1153 apud
3018 1082 3178 1137 illum
3199 1081 3269 1136 de
3298 1080 3453 1136 vobis
3478 1081 3761 1152 gloriatus

480 1186 634 1239 sum,
654 1172 951 1241 gloriando
979 1172 1043 1227 de
1070 1173 1217 1227 vobis
1245 1175 1458 1229 locutus
1489 1187 1797 1239 sum,,cum
1826 1172 1937 1240 ipse
1956 1170 2177 1237 viderit,
2215 1185 2331 1224 non
2353 1185 2479 1223 sum
2500 1168 2784 1238 confusus,
2818 1172 2877 1224 id
2905 1176 2997 1237 est,
3031 1173 3328 1239 mentitus;
3355 1171 3453 1225 sed
3488 1170 3631 1225 sicut
3656 1169 3748 1228 22.

483 1259 677 1316 omnia
691 1258 849 1316 vobis
874 1260 936 1315 in
964 1259 1198 1316 veritate
1225 1260 1399 1317 locuti
1417 1276 1633 1327 sumus,
1663 1259 1745 1315 ita
1774 1263 1833 1315 et
1856 1258 2121 1331 gloriatio
2145 1263 2362 1328 nostra,
2395 1275 2519 1330 quae
2548 1258 2656 1314 fuit
2681 1259 2752 1313 ad
2775 1259 2986 1326 Titum,
3012 1260 3215 1315 veritas
3242 1259 3389 1314 facta
3413 1264 3518 1327 est,
3549 1264 3603 1314 et
3634 1259 3745 1315 vis-

482 1364 615 1405 cera
659 1350 783 1422 ejus
810 1348 1191 1406 abundantius
1216 1349 1279 1406 in
1304 1348 1460 1406 vobis
1483 1353 1633 1415 sunt,
1667 1347 2080 1404 reminiscentis
2109 1346 2364 1403 omnium
2394 1351 2641 1402 vestrum
2671 1345 3066 1415 obedientiam,
3085 1351 3288 1403 scilicet
3319 1347 3599 1419 quomodo
3628 1363 3758 1402 cum

481 1437 688 1509 tiraore
744 1440 933 1498 animi
959 1444 1017 1497 et
1042 1444 1290 1497 tremore
1314 1442 1562 1512 corporis
1590 1438 1884 1512 excepistis
1911 1438 2097 1493 illum.
2128 1437 2358 1493 Gaudeo
2383 1436 2531 1509 quod
2560 1436 2620 1491 in
2641 1436 2902 1493 omnibus
2926 1436 3148 1493 confido
3175 1436 3234 1492 in
3256 1437 3425 1493 vobis.

1905 1615 2141 1672 CAPUT
2167 1614 2320 1674 VIII.

543 1792 820 1849 Hortatur
846 1807 931 1847 eos
957 1793 1032 1847 ad
1056 1792 1465 1861 beneﬁcentiam
1485 1809 1589 1865 per
1615 1793 1864 1864 szempla
1876 1793 2258 1849 Macedonum.
2291 1792 2500 1849 Notam
2537 1795 2730 1848 autem
2758 1791 2996 1848 facimus
3041 1791 3215 1862 vobis,
3250 1792 3473 1861 fratres,
3504 1791 3750 1866 gratiam

474 1881 601 1950 Dei,
637 1896 763 1954 qum
790 1884 878 1936 est
902 1879 964 1936 in
991 1880 1251 1937 Ecclesiis
1287 1881 1625 1939 Macedoniae
1654 1884 2025 1950 (collationem
2045 1883 2380 1951 dicit,quam
2404 1882 2715 1937 Macedones
2735 1884 2940 1935 sanctis
2961 1882 3269 1936 Jerusalem
3283 1882 3751 1952 dederant),quod

473 1970 537 2028 in
563 1970 744 2027 multo
774 1970 1183 2044 experimento,
1217 1987 1344 2039 usu,
1376 1970 1757 2028 tribulationis
1782 1970 2129 2026 abundantia
2153 1970 2348 2042 gaudii
2377 1969 2627 2042 ipsorum
2650 1969 2778 2036 fuit,
2794 1971 2854 2024 id
2873 1975 2967 2035 est,
2989 1972 3126 2025 dum
3146 1973 3389 2025 maxime
3404 1987 3511 2041 pro
3532 1971 3750 2027 Christo

470 2062 907 2127 tribularentur,
924 2062 988 2115 in
1016 2061 1113 2116 hoc
1137 2063 1322 2131 ipsum
1344 2062 1694 2130 gaudebant;
1713 2061 1810 2116 eti
1825 2100 1837 2113 .
1853 2060 2149 2127 altissima,
2170 2062 2440 2126 maxima,
2475 2062 2557 2113 vel
2584 2061 2833 2112 exaltans
2866 2056 3029 2123 eos,'2.
3042 2064 3347 2130 paupertas
3364 2075 3558 2113 eorum
3576 2057 3751 2113 abun’

471 2148 628 2204 davit
648 2146 709 2205 in
738 2148 963 2204 divitias
989 2148 1367 2222 simplicitatis
1394 2166 1610 2219 eorum,
1634 2152 1696 2204 id
1718 2155 1815 2217 est,
1833 2152 2134 2218 largitatis,
2150 2165 2245 2204 seu
2268 2148 2577 2202 abundavit
2608 2149 2669 2201 in
2698 2147 2927 2200 divitem
2947 2148 3391 2216 simplicitatem:
3414 2148 3510 2201 hoc
3525 2151 3744 2214 est,iam

470 2235 704 2291 libenter
729 2236 896 2291 dabat
919 2252 1132 2307 pauper
1159 2254 1227 2293 ac
1253 2241 1304 2293 si
1329 2240 1475 2293 dives
1505 2244 1652 2307 esset,
1684 2239 1835 2311 quia,
1863 2240 1921 2292 id
1942 2246 2038 2303 est,
2071 2243 2234 2293 testor
2264 2240 2402 2303 illis,
2437 2235 2746 2291 secundum
2772 2240 3042 2290 Virtutem
3057 2251 3271 2303 eorum,
3297 2239 3357 2291 id
3385 2241 3479 2302 est,
3503 2239 3588 2291 rei
3597 2240 3744 2291 veri-

467 2328 656 2391 tatem,
691 2325 744 2381 3.
776 2323 1170 2381 testimonium
1188 2326 1301 2381 illis
1328 2327 1523 2395 reddo,
1550 2334 1608 2383 et
1629 2344 1803 2400 supra
1836 2326 2125 2394 virtutem,
2153 2343 2305 2396 posse
2318 2342 2506 2392 suum,
2531 2324 2837 2380 voluntarii
2864 2324 3111 2389 fuerunt,
3127 2341 3254 2380 cum
3278 2325 3459 2380 multa
3476 2325 3743 2380 exhorta-

459 2412 617 2470 tione
636 2410 1067 2473 4.obsecrantes
1094 2432 1197 2471 nos
1220 2416 1464 2488 gratiam
1496 2420 1715 2489 (scilicet
1741 2434 1911 2487 quam
1940 2419 2099 2471 daret
2126 2418 2334 2471 sanctis
2360 2416 2462 2484 qui
2488 2419 2623 2467 sunt
2651 2414 3041 2480 Hierusalem),
3079 2417 3136 2466 et
3176 2413 3745 2468 communicationem

459 2502 783 2571 ministerii,
802 2505 1338 2574 administrationis,
1372 2505 1520 2578 quod
1538 2506 1604 2560 ﬁt
1628 2506 1688 2561 in
1709 2511 1952 2561 sanctos.
1978 2506 2173 2561 Etnon
2200 2510 2423 2559 tantum
2445 2504 2715 2556 dederunt
2737 2502 2883 2559 sicut
2911 2500 3387 2573 speravimus,sed
3409 2503 3742 2577 semetipsos

450 2608 555 2663 per
585 2593 755 2662 ﬁdem
783 2588 1080 2665 dederunt,
1106 2593 1355 2666 primum
1383 2594 1643 2663 Domino,
1673 2594 1876 2650 deinde
1897 2594 2165 2658 nobis,ad
2192 2592 2518 2662 faciendum
2535 2592 2814 2660 quidquid
2827 2592 3108 2656 vellemus,
3133 2607 3234 2661 per
3258 2590 3600 2646 voluntatem
3612 2590 3736 2661 Dei;

453 2678 537 2736 ita
550 2678 675 2738 5.ut
688 2682 1056 2738 hortarentur
1071 2699 1166 2738 nos
1185 2685 1260 2738 ad
1271 2685 1457 2751 hoc,ut
1472 2698 1799 2755 rogaremus
1810 2683 1997 2739 Titum
2025 2688 2088 2738 ut
2100 2690 2136 2750 ι
2152 2685 2351 2748 03-]
2368 2687 2496 2749 05
2504 2679 2977 2751 quemadmodum
2994 2680 3268 2752 coapit,ita
3280 2685 3338 2734 et
3347 2682 3741 2749 praedicatione

469 2770 729 2843 perﬁciat
750 2771 812 2826 in
839 2770 1013 2840 vobis,
1043 2788 1153 2840 vos,
1176 2774 1365 2843 quales
1381 2774 1854 2842 suntMacedones,
1879 2774 2070 2841 etiam,
2085 2776 2226 2827 sicut
2246 2775 2412 2838 alias,
2431 2769 2671 2841 gratiam
2685 2769 2852 2845 istam
2864 2770 3042 2823 dandi
3047 2768 3177 2825 .Sed
3198 2769 3343 2823 sicut
3368 2769 3425 2823 in
3447 2770 3729 2839 omnibus,

454 2862 740 2916 necillum
763 2865 987 2915 tantum
1007 2863 1219 2929 rogavi,
1251 2863 1343 2915 sed
1365 2866 1415 2915 et
1438 2876 1528 2915 vos
1550 2877 1700 2929 rogo,
1735 2867 1799 2916 ut
1826 2864 1889 2916 in
1919 2864 2023 2917 hac
2050 2865 2238 2930 gratia
2262 2862 2553 2915 abundetis
2581 2862 2725 2913 sicut
2756 2861 2818 2913 in
2866 2859 3123 2912 omnibus
3171 2857 3472 2913 abundatis
3504 2859 3632 2925 fide,
3670 2866 3734 2915 et

455 2963 717 3005 sermone
742 2954 801 3004 et
827 2948 1066 3004 scientia
1091 2950 1403 3019 Evangelii,
1424 2954 1482 3004 et
1500 2949 1655 3004 omni
1683 2949 2077 3016 sollicitudine,
2093 2951 2326 3021 insuper
2352 2954 2406 3003 et
2427 2949 2703 3004 charitate
2732 2953 2917 3003 vestra
2943 2946 3002 3001 in
3020 2963 3143 3014 nos,
3161 2954 3224 3002 ut
3246 2948 3381 3002 etin
3411 2948 3515 3002 hac
3534 2948 3722 3019 gratia

450 3035 771 3093 abundetis.
809 3036 939 3093 Non
963 3037 1122 3108 quasi
1147 3036 1435 3110 imperans
1465 3037 1608 3106 dico,
1635 3034 1690 3093 6.
1723 3036 1842 3105 sed,
1876 3041 2087 3093 scilicet
2115 3040 2256 3106 dico,
2306 3055 2408 3111 per
2427 3038 2688 3104 aliorum,
2720 3039 2781 3091 id
2805 3042 2899 3103 est,
2931 3038 3307 3101 Macedonum,
3347 3038 3429 3091 vel
3465 3038 3716 3091 aliorum

448 3133 771 3183 sanctorum
787 3126 1239 3195 sollicitudinem,
1258 3126 1429 3181 etiam
1450 3132 1649 3182 vestrae
1668 3125 1962 3180 charitatis
1978 3125 2289 3197 ingenium,
2303 3128 2455 3180 studi
2459 3142 2578 3193 um,
2597 3124 2808 3181 bonum
2823 3123 3215 3196 comprobans,
3226 3127 3461 3194 probum
3480 3128 3693 3194 faciens
3705 3168 3720 3191 ,

452 3224 501 3285 et
528 3217 626 3285 hoc
651 3217 849 3271 debetis
872 3218 1071 3285 facere,
1104 3220 1151 3270 et
1174 3216 1355 3270 reddit
1374 3224 1621 3270 causam.
1646 3212 1698 3270 7.
1730 3212 1893 3269 Scitis
1920 3214 2071 3268 enim
2094 3215 2339 3286 gratiam
2363 3213 2586 3269 Domini
2606 3213 2785 3268 nostri
2809 3214 2838 3267 J
2842 3229 2941 3268 esu
2966 3212 3469 3286 Christi,quoniam
3483 3219 3713 3286 propter

446 3292 546 3358 vos
566 3320 777 3375 egenus
790 3303 970 3357 factus
1002 3306 1110 3374 est,
1138 3318 1266 3359 cum
1294 3308 1443 3358 esset
1469 3301 1642 3369 dives,
1673 3307 1740 3356 ut
1766 3302 1919 3357 illius
1949 3302 2147 3378 inopia
2170 3320 2264 3358 vos
2295 3302 2492 3357 divites
2532 3302 2749 3357 essetis.
2780 3300 2853 3357 Et
2904 3301 3198 3357 consilium
3241 3302 3301 3356 in
3351 3303 3456 3358 hoc
3500 3303 3589 3370 do,
3648 3309 3711 3357 ut

441 3393 690 3462 faciatis,
723 3392 829 3448 hoc
856 3391 1009 3447 enim
1027 3390 1184 3446 vobis
1211 3390 1352 3446 utile
1371 3396 1471 3458 est,
1506 3388 1603 3462 qui
1631 3406 1747 3446 non
1771 3390 1955 3445 solum
1983 3388 2184 3458 facere,
2204 3394 2351 3461 quod
2382 3394 2511 3447 boni
2532 3393 2773 3461 potestis,
2803 3391 2900 3446 sed
2930 3395 2987 3445 et
3000 3392 3312 3461 velle,quod
3338 3394 3467 3447 boni
3489 3409 3602 3449 non
3614 3408 3709 3462 po—

444 3483 593 3537 testis
620 3482 823 3551 facere,
845 3479 1092 3554 coepistis
1106 3478 1177 3536 ab
1197 3494 1346 3535 anno
1381 3479 1601 3553 priore;
1624 3496 1775 3536 nunc
1802 3496 1930 3534 vero
1950 3485 2007 3535 et
2034 3480 2181 3535 facto
2204 3482 2352 3536 illud
2378 3482 2511 3536 velle
2531 3480 2803 3553 perficito,
2827 3485 2892 3536 ut
2907 3480 3386 3553 quemadmodum
3396 3486 3689 3554 promptus

1777 3631 2370 3689 COMMENTARIUS.

452 3780 459 3785 ’
511 3783 600 3844 18.
628 3784 832 3842 Lm.
858 3783 1330 3839 Incontaminatos
1354 3797 1461 3837 esse
1481 3784 1546 3837 in
1574 3784 1806 3851 negotio.
1829 3782 1895 3838 In
1922 3797 2033 3853 quo
2053 3786 2104 3844 A
2120 3781 2290 3839 batur
2324 3802 2336 3840 :
2363 3783 2498 3855 quia
2545 3783 2672 3855 plus
2714 3788 2855 3850 erat,
2887 3797 3058 3855 quam
3101 3787 3324 3855 poterat
3350 3800 3547 3841 eorum
3575 3785 3712 3842 sub-

439 3874 834 3931 vindicandum
877 3872 1143 3945 pmcepit
1184 3871 1246 3927 in
1294 3888 1425 3928 eum
1469 3871 1567 3944 qui
1592 3887 1826 3927 uxorem
1855 3871 2032 3944 patris
2114 3872 2341 3929 stantia.

434 3964 671 4037 accepit.
2182 3960 2451 4019 2.L.uvra.
2467 3963 2766 4031 Paupertas
2792 3977 3002 4017 eorum.
3020 3961 3304 4033 Pauperes
3324 3968 3489 4019 erant
3516 3979 3706 4020 rerum

502 4051 1043 4121 19.Auaaos.Igitur
1055 4054 1155 4106 etsi
1172 4051 1373 4121 scripsi
1384 4050 1552 4105 vobis.
1568 4048 1828 4105 Ostendit
1844 4049 2027 4119 magis
2108 4055 2486 4117 terrenarum,
2508 4051 2606 4105 sed
2624 4050 2822 4105 divites
2844 4049 3219 4121 simplicitatis
3234 4058 3293 4106 et
3318 4052 3703 4123 benignitatis.

432 4142 723 4216 scripsisse
758 4146 988 4214 propter
1033 4139 1340 4195 Ecclesium
1370 4156 1383 4193 :
1436 4138 1571 4209 quia
1609 4138 1668 4192 in
1715 4153 1829 4192 uno
1877 4138 2022 4192 male
2181 4139 2231 4197 3.
2272 4138 2857 4194 Testimonium.0rdo
2882 4156 2894 4194 :
2922 4140 3330 4198 Testimonium
3351 4142 3481 4199 aliis
3507 4142 3700 4209 reddo,

430 4238 654 4302 agente,
680 4229 846 4285 multi
865 4228 1316 4296 confunduntur;
1344 4231 1404 4281 et
1419 4225 1479 4279 in
1500 4241 1614 4280 uno
1627 4225 2030 4280 contumeliam
2111 4229 2246 4302 quia
2271 4228 2581 4284 secundum
2607 4227 2893 4283 virtutem.

428 4321 702 4392 patiente,
743 4319 909 4374 multi
936 4317 1325 4389 indignantur.
1360 4314 1726 4370 Emendando
1756 4330 1891 4385 ergo
1930 4314 2029 4369 in-
2180 4319 2234 4374 4.
2260 4319 2605 4374 Obsecrantes
2634 4333 2749 4373 nos.
2782 4317 2847 4372 Id
2887 4322 2993 4386 est,
3044 4319 3258 4390 precati
3301 4324 3436 4376 sunt
3479 4336 3591 4385 me,
3635 4324 3701 4376 ut

422 4409 630 4480 justas,
652 4413 713 4465 et
739 4408 983 4480 pollutos
998 4404 1419 4471 sanctiﬁcando,
1448 4409 1507 4459 et
1525 4403 1800 4459 Ecclesias
1826 4419 2025 4458 recon-
2108 4407 2497 4480 permitterem
2524 4422 2620 4461 eos
2646 4405 2889 4477 gratiam
2930 4412 2988 4462 et
3030 4407 3592 4466 communicationem
3620 4408 3699 4464 fa-

425 4496 689 4564 ciliando,
722 4495 895 4551 totius
921 4494 1114 4567 populi
1153 4492 1590 4550 sollicitudinem
1617 4494 1678 4549 in
1724 4509 1786 4549 se
1811 4491 2020 4548 habere
2103 4514 2233 4553 cere
2261 4497 2332 4552 de
2359 4495 2673 4552 substantia
2694 4510 2816 4562 sua,
2848 4495 2909 4550 in
2938 4496 3083 4551 hanc
3110 4496 3543 4569 eleemosynam
3576 4513 3700 4569 que

421 4584 796 4643 demonstrat.
2096 4588 2163 4644 ﬁt
2187 4586 2250 4643 in
2265 4590 2488 4642 sanctos
2515 4584 2614 4657 qui
2631 4590 2768 4641 sunt
2780 4581 3210 4657 Hierosolymis.

496 4676 589 4735 20.
637 4677 852 4733 Laure.
898 4673 1022 4729 Ideo
1049 4673 1335 4728 consolati.
1366 4672 1438 4727 Et
1458 4677 1693 4746 propter
1717 4671 2021 4727 adventum
2177 4676 2226 4733 5.
2265 4678 2325 4731 (/t
2355 4690 2675 4744 rogaremus
2712 4675 2915 4729 Titum.
2941 4672 3012 4729 In
3037 4680 3279 4742 tantum,
3297 4675 3503 4747 inquit,
3532 4674 3700 4747 largi-

423 4763 558 4832 Titi,
588 4769 646 4819 et
660 4767 892 4836 propter
908 4759 1118 4817 bonum
1136 4760 1386 4815 studium
1414 4766 1681 4816 vestrum.
2100 4770 2219 4821 tate
2244 4779 2441 4821 eorum
2461 4761 2743 4835 provocati
2771 4778 2988 4831 sumus,
3014 4768 3080 4818 ut
3126 4780 3457 4835 rogaremus
3483 4764 3692 4831 Titum,

495 4850 585 4910 21.
617 4852 782 4923 Apud
829 4855 1001 4907 illum
1039 4852 1104 4905 de
1130 4851 1298 4905 vobis.
1329 4849 1492 4923 Apud
1523 4850 1715 4906 Titum
1741 4847 2019 4922 gloriatus
2100 4860 2165 4910 ut
2209 4854 2357 4909 sicut
2403 4851 2572 4923 coepit
2598 4850 2993 4922 pradicatione
3041 4857 3098 4907 et
3139 4852 3524 4910 admonitione
3570 4870 3692 4921 sua,

425 4943 515 4995 est
538 4937 841 5013 Apostolus
881 4938 953 4994 de
996 4936 1322 5005 Corinthiis,
1366 4937 1559 4992 dicens
1603 4953 1700 4993 eos
1744 4934 2018 5006 benignos
2099 4943 2358 5017 perﬁciat
2381 4941 2442 4997 in
2471 4939 2626 4996 vobis
2641 4939 2900 5011 gratiam,
2936 4940 2996 4995 id
3022 4946 3126 5009 est,
3159 4941 3486 5012 largitatem
3504 4942 3690 4999 istam.

424 5045 569 5086 esse.
2169 5031 2222 5091 6-
2255 5035 2501 5089 Asianos.
2532 5029 2636 5087 Sed
2656 5046 2757 5100 per
2784 5034 3051 5087 aliorum.
3072 5031 3415 5088 Exhortatur
3434 5038 3500 5087 ut
3524 5048 3697 5103 penu-

493 5117 584 5177 ?2.
617 5118 897 5176 Omniade
914 5117 1085 5185 vobis,
1101 5115 1161 5170 id
1180 5119 1286 5183 est,
1308 5113 1457 5170 sicut
1477 5127 1614 5171 vera
1632 5113 1806 5169 locuti
1821 5128 2075 5197 sumusB
2098 5122 2243 5177 riam
2281 5118 2623 5193 patientibus
2674 5118 2907 5175 mittant
2950 5125 3230 5191 sumptus,
3262 5126 3322 5177 et
3359 5137 3463 5192 per
3495 5137 3695 5177 eorum

419 5207 578 5265 vobis
607 5207 677 5263 de
697 5206 843 5275 aliis,
883 5205 968 5261 ita
996 5220 1131 5261 vera
1156 5203 1329 5259 locuti
1356 5219 1555 5259 sumus
1578 5202 1705 5259 Tito
1733 5203 1804 5258 de
1834 5201 2011 5258 vobis.
2093 5209 2723 5282 sollicitudinem,quam
2740 5208 3007 5277 revelant,
3025 5208 3239 5265 bonum
3255 5210 3511 5265 animum
3525 5225 3691 5266 suum

494 5298 634 5355 CAP
662 5295 813 5354 VIII.
867 5323 933 5338 —
980 5296 1035 5351 1.
1077 5295 1327 5350 Alanos.
1369 5293 1665 5349 Altissima
1686 5296 2008 5363 paupertas.
2094 5299 2417 5359 ostendant,

420 5388 565 5444 Cum
591 5393 792 5443 tenues
827 5390 1017 5443 essent
1047 5384 1382 5439 facultatum
1424 5381 1762 5450 substantia,
1789 5383 2013 5436 animus
2167 5379 2219 5437 7.
2250 5381 2453 5437 Lassa.
2486 5380 2649 5436 Scitis
2695 5381 2847 5435 enim
2882 5381 3155 5449 gratiam.
3198 5379 3371 5446 Quasi
3411 5379 3626 5437 diceret
3669 5396 3682 5435 :

420 5476 575 5534 dives
588 5476 850 5533 inventus
868 5481 973 5544 est,
986 5475 1068 5529 ita
1077 5478 1144 5530 ut
1159 5477 1219 5528 et
1233 5486 1363 5527 cum
1379 5470 1643 5546 lacrymis
1665 5471 2015 5539 oﬁ'errent,et
2094 5471 2334 5543 Propter
2373 5485 2625 5525 amorem
2673 5467 2882 5524 Christi
2935 5468 3185 5525 libenter.
3218 5469 3437 5526 debetis
3465 5468 3681 5543 largiri,

416 5565 499 5622 sic
514 5571 779 5636 cogerent
791 5564 968 5637 accipi
985 5580 1022 5620 a
1042 5579 1122 5632 se,
1142 5560 1293 5633 quod
1308 5560 1695 5634 accipiendum
1717 5578 1832 5619 non
1861 5560 2011 5619 vide-
2092 5559 2228 5633 quia
2245 5560 2367 5633 ipse
2398 5559 2552 5617 dives
2572 5562 2802 5632 propter
2828 5573 2925 5615 vos
2934 5568 3163 5632 pauper
3188 5557 3370 5616 factus
3399 5563 3507 5617 est.
