4040 6186
339 283 441 345 241
1030 291 1106 344 ΙΝ
1145 291 1211 344 D.
1254 290 1466 344 PAULI
1505 289 1728 345 EPIST.
1769 291 1902 346 COM

2003 293 2141 351 ΞΝΤ.
2184 322 2248 335 --
2290 289 2515 345 EPIST.
2555 289 2606 344 ΙΙ
2645 287 2742 342 AD
2781 287 2944 342 COR.
3519 288 3640 352 242,

340 417 430 466 est
459 413 683 468 animus
711 412 1038 479 voluntatis,
1070 411 1152 466 ita
1180 411 1253 466 sit
1282 417 1568 482 promptus
1594 415 1823 467 animus
1851 418 1909 468 et
1927 415 2254 485 perﬁciendi
2285 430 2352 468 ex
2379 428 2465 478 eo,
2494 412 2797 466 secundum
2825 412 2906 476 id,
2937 409 3087 482 quod
3106 409 3352 470 habetis.
3371 413 3501 470 Ecce
3520 428 3624 468 cur

343 507 626 570 acceptum
672 507 747 555 est
790 504 914 568 Deo,
955 505 1005 555 si
1044 505 1118 555 sit
1161 504 1492 556 voluntarie.
1528 501 1580 554 8.
1617 502 1673 556 Si
1705 503 1852 556 enim
1883 505 2139 559 voluntas
2172 505 2434 576 prompta
2461 505 2549 556 est
2586 501 2783 568 facere,
2817 500 3127 556 secundum
3165 501 3223 556 id
3253 502 3401 574 quod
3430 501 3619 570 habet,

341 595 575 662 accepta
593 596 680 645 est
701 592 825 657 Deo,
854 607 969 645 non
993 596 1215 646 tantum
1236 591 1288 645 9.
1313 591 1621 645 secundum
1651 591 1708 646 id
1738 593 1886 663 quod
1910 609 2021 648 non
2051 594 2238 648 habet.
2264 593 2391 647 Non
2414 589 2586 654 enim,
2610 589 2815 644 scilicet
2835 591 3064 657 impero,
3088 593 3154 644 ut
3180 588 3306 644 aliis
3335 589 3410 646 sit
3428 590 3622 648 remis-

336 679 447 745 io,
469 681 692 746 refectio
720 696 786 733 ea;
815 683 1039 746 nostris,
1067 685 1127 733 ut
1158 696 1248 733 vos
1267 682 1552 747 deﬁciatis,
1578 680 1734 735 vobis
1751 686 1944 736 autem
1965 681 2274 748 tribulatio,
2300 680 2387 734 10.
2415 679 2515 734 sed
2541 679 2660 732 dico
2695 681 2758 730 ut
2783 692 2848 731 ex
2879 677 3218 747 mqualitate.
3251 677 3320 732 In
3353 674 3621 750 praesenti

331 773 609 839 tempore,
633 766 654 824 1
670 767 690 825 1
704 773 910 822 .vestra
926 768 1273 823 abundantia
1294 769 1519 823 illorum
1537 769 1783 840 inopiam
1803 771 2082 841 suppleat,
2098 777 2163 825 ut
2174 775 2232 825 et
2243 770 2471 824 illorum
2493 769 2827 820 meritorum
2842 765 3191 821 abundantia
3201 772 3398 822 vestrae
3410 767 3616 842 inopia

332 854 426 920 sit,
464 859 531 910 in
546 858 762 924 futuro,
785 857 1258 928 supplementum,
1291 855 1372 912 12.
1403 861 1469 911 ut
1498 874 1650 912 nunc
1677 863 1725 911 et
1751 864 1884 912 tunc
1900 859 2000 914 fiat
2026 859 2336 930 aequalitas,
2361 857 2696 925 sufﬁcientia
2727 855 2875 908 vobis
2904 859 2952 908 et
2981 857 3134 924 ipsis,
3167 855 3314 910 sicut
3339 857 3614 930 scriptum

332 949 436 1010 est,
474 948 538 998 in
560 946 740 999 Exodo
766 960 854 999 va
887 965 898 999 :
937 945 1020 1011 13,
1051 945 1132 1002 ll.
1157 946 1264 1011 Qui
1290 945 1554 1011 multum,
1588 963 1701 1002 non
1725 947 2049 1012 abundavit,
2082 929 2286 1003 scilicet
2316 949 2530 1016 collegit
2551 947 2613 999 de
2644 960 2876 1012 manna,
2902 961 3014 998 non
3033 948 3156 1014 plus
3177 946 3399 1011 habuit;
3429 951 3487 1002 et
3515 929 3616 1020 qui

333 1033 640 1100 modicum,
657 1051 770 1088 non
791 1034 1112 1102 minoravit,
1133 1039 1338 1089 scilicet
1361 1038 1598 1103 collegit,
1614 1052 1726 1090 non
1747 1038 1937 1090 minus
1961 1037 2176 1090 habuit.
2197 1039 2279 1091 Ita
2299 1038 2400 1106 qui
2417 1038 2664 1088 multum
2685 1035 2932 1102 pecuniae
2948 1034 3161 1101 collegit
3183 1036 3246 1088 in
3269 1039 3529 1102 praesenti
3549 1043 3616 1092 ut

331 1122 634 1188 Corinthii,
662 1140 774 1177 non
799 1127 944 1177 solus
965 1125 1178 1190 habeat,
1197 1129 1380 1189 [03
1399 1126 1510 1177 imo
1531 1126 1664 1177 aliis
1687 1126 1996 1192 impertiat.
2019 1126 2104 1178 Ad
2125 1127 2222 1179 hoc
2242 1126 2386 1196 quod
2405 1125 2548 1178 dixit
2566 1124 2884 1190 rogavimus
2913 1123 3118 1178 Titum.
3144 1121 3399 1178 Gratiam
3417 1129 3607 1182 autem

331 1228 439 1281 ago
466 1212 606 1279 Deo,
640 1213 736 1284 qui
760 1213 916 1268 dedit
947 1215 1203 1269 eamdem
1241 1231 1410 1283 quam
1441 1214 1605 1267 habeo
1637 1213 2073 1268 sollicitudinem
2100 1230 2202 1285 pro
2233 1212 2388 1267 vobis
2419 1211 2476 1266 in
2505 1209 2672 1264 corde
2699 1209 2829 1276 Titi,
2855 1208 3123 1280 quoniam
3148 1225 3330 1265 meam
3350 1212 3612 1270 exhorta-

328 1301 546 1355 tionem
579 1303 806 1372 quidem
824 1307 988 1372 prius
1008 1307 1242 1358 audiens
1265 1306 1498 1359 libenter
1518 1301 1783 1373 suscepit,
1807 1308 1856 1357 et
1888 1320 1998 1357 non
2033 1307 2255 1357 tantum
2278 1302 2515 1368 audivit,
2535 1299 2633 1354 sed
2654 1314 2780 1353 cum
2798 1297 3090 1355 sollicitior
3110 1303 3274 1366 esset,
3294 1315 3396 1354 sua
3419 1301 3612 1359 volun-

325 1395 445 1444 tate
476 1391 760 1461 profectus
791 1398 877 1446 est
903 1393 972 1446 ad
993 1410 1110 1446 vos.
1131 1393 1388 1447 Misimus
1409 1391 1580 1446 etiam
1597 1408 1726 1446 cum
1746 1391 1842 1445 illo
1865 1391 2098 1446 fratrem
2121 1396 2396 1456 nostrum,
2424 1390 2761 1454 Barnabam,
2788 1387 2948 1457 cujus
2968 1387 3094 1442 laus
3118 1392 3204 1442 est
3224 1386 3284 1442 in
3314 1387 3616 1458 Evangelio

321 1496 426 1551 per
451 1497 652 1535 omnes
681 1481 954 1535 Ecclesias
976 1499 989 1535 :
1014 1498 1128 1535 non
1157 1482 1338 1536 solum
1366 1486 1576 1544 autem,
1614 1485 1738 1535 laus
1769 1485 1842 1533 est
1875 1483 1936 1534 in
1964 1480 2280 1548 Evangelio,
2316 1481 2377 1533 id
2396 1483 2491 1544 est,
2519 1493 2632 1532 non
2659 1480 2838 1532 solum
2869 1479 3062 1530 electus
3094 1479 3158 1531 in
3193 1477 3607 1546 praedicatione,

325 1571 422 1624 sed
455 1576 513 1623 et
542 1570 837 1625 ordinatus
869 1578 954 1626 est
981 1571 1050 1625 ab
1083 1571 1356 1637 Ecclesiis,
1392 1589 1426 1624 α
1455 1573 1705 1639 ﬁdelibus
1733 1571 1995 1634 Ecclesia,
2025 1570 2086 1621 id
2114 1574 2212 1634 est,
2244 1569 2521 1637 apostolis,
2567 1581 2754 1620 comes
2784 1563 3256 1636 peregrinationis
3288 1569 3515 1633 nostrae,
3551 1571 3614 1621 ut

325 1675 538 1711 mecum
561 1660 730 1724 ferat,
763 1659 823 1714 in
852 1661 995 1714 hanc
1022 1661 1263 1730 gratiam
1286 1662 1639 1723 collectionis,
1665 1675 1786 1730 quae
1818 1657 2171 1710 ministratur
2189 1656 2276 1712 15.
2303 1670 2338 1708 a
2367 1653 2527 1708 nobis
2556 1652 2628 1707 ad
2655 1651 2882 1706 Domini
2903 1652 3161 1722 gloriam,
3183 1656 3431 1722 gratiam
3459 1656 3599 1716 dico,

323 1751 377 1797 et
413 1745 762 1800 destinatam
798 1750 872 1800 ad
901 1749 1246 1802 voluntatem
1276 1753 1547 1812 nostram,
1590 1746 1672 1812 16,
1709 1748 1790 1801 17.
1821 1746 2132 1799 devitantes
2167 1746 2292 1807 hoc,
2325 1760 2397 1797 ne
2427 1741 2551 1814 quis
2580 1758 2682 1798 nos
2706 1741 2986 1813 vituperet
3009 1741 3065 1794 in
3092 1741 3198 1795 hac
3227 1741 3598 1813 plenitudine,

323 1850 446 1904 qua
475 1826 860 1902 ministratur,
888 1842 1152 1905 portatur
1170 1839 1393 1903 sanctis,
1418 1853 1452 1889 a
1478 1835 1659 1900 nobis,
1690 1841 1750 1888 ut
1780 1839 1970 1888 vacent
2003 1836 2122 1900 Deo,
2152 1835 2214 1886 in
2239 1833 2467 1886 Domini
2491 1833 2753 1898 gloriam.
2789 1830 2911 1884 Ideo
2937 1832 3214 1883 mittimus
3233 1832 3376 1885 illos.
3402 1827 3491 1887 ‘18.
3519 1829 3605 1888 19.

322 1923 696 1979 Providemus
716 1925 867 1980 enim
891 1924 1037 1979 bona
1064 1941 1177 1979 non
1207 1926 1387 1979 solum
1409 1941 1597 1979 coram
1620 1925 1754 1990 Deo,
1773 1925 1919 1991 quod
1947 1929 2026 1976 est
2051 1926 2102 1976 si
2129 1925 2276 1976 solus
2307 1922 2592 1988 Apostolus
2607 1921 2904 1988 pecuniam
2923 1919 3079 1986 feret,
3112 1933 3225 1972 non
3256 1919 3342 1972 his
3363 1919 3610 1987 forsitan

323 2014 659 2079 crederetur,
699 2030 825 2068 cum
858 2018 968 2082 ipse
1002 2014 1146 2068 nihil
1182 2015 1500 2081 fraudaret,
1539 2012 1640 2066 sed
1667 2011 1839 2066 etiam
1871 2026 2058 2065 coram
2087 2007 2431 2064 hominibus.
2467 2007 2721 2063 Misimus
2751 2012 2942 2062 autem
2972 2023 3102 2062 cum
3131 2005 3241 2062 illis
3273 2012 3330 2062 et
3370 2006 3608 2063 fratrem

322 2105 584 2155 nostrum
625 2105 987 2170 Timotheum,
1017 2119 1184 2175 quem
1212 2101 1569 2174 probavimus
1597 2101 1655 2155 in
1684 2099 1880 2155 multis
1909 2117 2055 2172 saepe
2085 2098 2388 2154 sollicitum
2416 2113 2556 2163 esse,
2585 2112 2734 2152 nunc
2762 2100 2950 2152 autem
2981 2096 3160 2151 multo
3190 2095 3594 2164 sollicitiorem,

320 2189 664 2244 conﬁdentia
691 2191 871 2246 multa
899 2191 1089 2246 habita
1119 2191 1177 2246 in
1205 2207 1322 2258 vos,
1355 2191 1469 2246 sive
1498 2189 1587 2248 20.
1630 2205 1731 2262 pro
1759 2189 1905 2256 Tito,
1937 2189 2034 2260 qui
2064 2193 2152 2242 est
2191 2187 2376 2243 socius
2405 2202 2585 2254 meus,
2617 2190 2674 2242 et
2719 2185 2780 2241 in
2817 2201 2915 2242 vos
2944 2184 3191 2258 adjutor,
3239 2184 3356 2242 sive
3397 2184 3607 2242 fratres

1656 2355 2255 2414 COMMENTARIUS.

381 2526 438 2584 8.
471 2530 724 2584 Aueaos.
754 2529 820 2584 Si
849 2531 999 2583 enim
1028 2531 1304 2583 voluntas.
1335 2525 1613 2592 Quoniam
1643 2524 2260 2590 CorinthiiAvidentur
2285 2539 2582 2597 pauperes.

314 2617 525 2693 adhoc
554 2633 698 2688 opus
722 2623 1114 2690 provocantur,
1157 2618 1262 2672 hoc
1289 2616 1369 2672 eis
1402 2616 1688 2684 indicitur,
1718 2621 1784 2670 ut
1807 2631 1922 2670 non
2079 2614 2162 2671 l4.
2192 2615 2404 2670 Lmen.
2440 2614 2547 2681 Qui
2573 2613 2841 2667 multum.
2873 2609 2981 2675 Qui
3008 2609 3252 2666 multum
3277 2624 3424 2682 saepe
3441 2611 3607 2668 colle~

313 2705 437 2775 plus
467 2705 729 2760 tribuant
749 2723 917 2778 quam
943 2710 1194 2778 possunt,
1224 2722 1296 2759 ne
1314 2706 1440 2777 plus
1458 2705 1603 2759 forte
1623 2704 1920 2759 offerentes

312 2795 510 2861 coacti,
560 2811 676 2849 non
729 2795 1062 2861 voluntarii,
1107 2795 1432 2849 viderentur
1486 2793 1606 2848 sine
1662 2793 1918 2848 mercede

311 2880 487 2936 futuri
507 2901 524 2936 :
549 2883 685 2954 quia
699 2883 795 2954 qui
817 2889 1040 2939 coactus
1061 2883 1275 2955 aliquid
1292 2883 1444 2950 facit,
1470 2882 1783 2937 mercedem
1803 2898 1918 2937 non

308 2968 500 3023 habet.

345 2977 452 3024 abe
487 3011 500 3023 .

380 2977 686 3114 9.1mm.
726 3058 1042 3114 Secundum
1095 3062 1154 3114 id
1204 3061 1365 3130 quod,
1398 3064 1505 3115 etc.
1537 3059 1652 3129 Vel,
1679 3057 1772 3113 ille
1817 3058 1917 3114 dat

306 3146 621 3201 secundum
643 3149 790 3220 quod
831 3166 944 3202 non
970 3149 1158 3214 habet,
1195 3149 1290 3219 qui
1313 3149 1382 3204 de
1417 3149 1667 3220 quinque
1695 3147 1909 3215 solidis,

306 3233 406 3289 dat
445 3242 731 3306 quatuor;
774 3238 922 3308 quod
967 3238 1282 3292 faciendum
1331 3244 1416 3293 est
1464 3239 1562 3304 illi,
1603 3237 1698 3310 qui
1744 3237 1914 3292 habet

304 3323 501 3378 decem
539 3325 732 3391 libras,
768 3327 849 3380 vel
880 3328 1219 3397 hujusmodi.
1253 3327 1474 3382 Diceret
1501 3328 1706 3399 aliquis
1739 3344 1750 3380 :
1785 3328 1911 3382 Non

304 3413 455 3467 valet
484 3413 534 3466 si
578 3415 781 3469 darent
824 3417 1129 3470 secundum
1161 3417 1308 3488 quod
1339 3417 1616 3482 habeant;
1657 3416 1738 3470 illi
1759 3416 1908 3470 enim

304 3500 664 3570 Macedones,
707 3505 1003 3576 plusquam
1043 3511 1230 3577 posset
1266 3523 1461 3560 eorum
1492 3506 1609 3576 pati
1647 3505 1900 3571 facultas,

301 3589 603 3645 dederunt.
647 3592 733 3646 Ad
774 3593 878 3646 hoc
919 3594 1218 3664 respondet
1249 3613 1261 3646 :
1310 3594 1367 3648 Si
1397 3595 1567 3660 enim,
1603 3600 1711 3648 etc.
1745 3593 1906 3658 Quod

303 3686 414 3732 est:
441 3680 553 3742 Qui
580 3681 698 3734 vult
718 3681 851 3735 dare
867 3683 1175 3736 secundum
1195 3683 1255 3736 id
1277 3683 1427 3752 quod
1445 3683 1631 3749 habet,
1647 3689 1905 3754 acceptus

302 3773 384 3821 est
412 3768 556 3833 Deo,
577 3785 691 3823 non
721 3775 941 3825 tantum
971 3772 1064 3826 ille
1091 3773 1187 3842 qui
1210 3772 1324 3825 vult
1356 3772 1536 3826 facere
1557 3772 1706 3826 ultra
1735 3788 1904 3842 quam

1999 2706 2180 2773 gerat,
2211 2701 2268 2756 id
2294 2707 2397 2768 est,
2427 2700 2669 2773 amplius
2697 2715 2865 2771 quam
2891 2715 3190 2770 gomorum
3218 2713 3332 2753 non
3355 2697 3605 2756 abunda-

1999 2791 2098 2858 vit,
2129 2791 2186 2846 id
2219 2795 2325 2857 est,
2356 2807 2469 2844 non
2496 2790 2623 2862 plus
2648 2788 2846 2844 habuit
2874 2805 3043 2860 quam
3071 2805 3389 2859 gomorum,
3416 2794 3473 2844 et
3504 2791 3602 2861 qui

1999 2880 2280 2934 modicum
2327 2879 2541 2934 scilicet
2585 2877 2903 2948 collegerat,
2933 2875 2993 2931 id
3039 2881 3143 2944 est,
3175 2875 3363 2930 minus
3402 2877 3602 2934 habuit

1998 2984 2167 3039 quam
2193 2984 2512 3038 gomorum.
2541 2967 2607 3022 In
2630 2965 2816 3021 Exodo
2847 2969 3038 3019 autem
3061 2964 3145 3019 ita
3171 2963 3411 3020 habetur
3442 2981 3454 3018 :
3487 2965 3600 3020 Nec

1997 3061 2096 3127 qui
2119 3062 2249 3127 plus
2279 3060 2583 3126 collegerat,
2617 3056 2811 3110 habuit
2839 3054 3084 3124 amplius
3108 3071 3122 3122 ;
3152 3070 3250 3110 nec
3275 3055 3378 3124 qui
3403 3055 3595 3110 minus

1987 3153 2307 3217 paraverat,
2337 3148 2540 3216 reperit
2566 3147 2776 3199 minus.

2070 3235 2151 3292 15.
2191 3235 2236 3292 A
2269 3237 2419 3290 nobis
2447 3236 2520 3290 ad
2546 3235 2775 3290 Domini
2801 3233 3066 3300 gloriam.
3109 3231 3260 3287 Ordo
3293 3246 3309 3287 :
3348 3231 3398 3286 Α
3425 3231 3588 3288 nobis

1993 3329 2350 3394 destinatam,
2385 3327 2455 3382 ad
2475 3326 2700 3382 Domini
2726 3325 2987 3397 gloriam,
3019 3329 3076 3380 et
3104 3324 3176 3380 ad
3205 3324 3583 3385 voluntatem.

2064 3417 2149 3473 16.
2191 3419 2499 3472 Devitantes
2525 3417 2640 3471 hoc.
2675 3415 2848 3480 Quasi
2878 3414 3092 3469 diceret
3121 3431 3134 3468 ε
3164 3414 3296 3469 Ideo
3332 3413 3590 3470 misimus

1991 3505 2224 3560 fratrem
2253 3505 2384 3560 boni
2405 3504 2714 3560 testimonii
2743 3520 2871 3558 cum
2889 3503 3035 3570 Tito,
3064 3519 3136 3558 ne
3163 3502 3287 3574 quis
3308 3502 3592 3575 vituperet

1987 3611 2089 3650 nos
2117 3596 2175 3650 in
2204 3596 2309 3650 hac
2330 3594 2574 3666 Epistola
2597 3592 2730 3663 (52),
2758 3593 3131 3664 eleemosyna,
3156 3591 3347 3647 dicens
3387 3608 3490 3648 nos
3519 3607 3586 3647 ex

1987 3701 2053 3739 ea
2081 3685 2296 3756 aliquid
2325 3684 2395 3738 ad
2419 3688 2677 3738 nostrum
2707 3698 2846 3753 opus
2879 3683 3142 3736 retinere.

2061 3773 2144 3830 17.
2176 3776 2425 3828 AMBROS.
2451 3774 2760 3827 Devitantes
2791 3772 2909 3828 hoc.
2934 3771 3065 3826 Ideo
3095 3772 3202 3825 hoc
3227 3769 3482 3840 subjecit,
3511 3785 3584 3825 ne

301 3854 490 3947 habet.
507 3857 609 3910 Vel
630 3857 742 3912 ita:
775 3859 1048 3914 Voluntas
1076 3867 1337 3931 prompta
1353 3861 1537 3915 facere
1559 3861 1709 3914 ultra
1735 3877 1904 3932 quam
1921 3887 1968 3947 B
1987 3863 2276 3934 negligens
2322 3862 2472 3917 circa
2519 3876 2712 3917 curam
2761 3865 3085 3916 sanctorum
3126 3859 3500 3930 judicaretur,
3533 3858 3583 3914 si

300 3945 496 4013 possit,
540 3947 849 4002 secundum
887 3948 944 4002 id
996 3949 1139 4018 quod
1190 3951 1326 4015 vult,
1375 3954 1463 4004 est
1503 3955 1767 4020 accepta,’
1793 3965 1906 4004 non

300 4035 614 4088 secundum
643 4036 790 4106 quod
823 4043 1027 4107 potest.

369 4121 461 4178 10.
494 4126 746 4181 Αιιςηοε.
787 4127 890 4182 Sed
927 4143 995 4180 ea:
1029 4128 1356 4196 aqualitate.
1401 4128 1526 4181 Non
1578 4126 1728 4181 enim
1779 4128 1905 4198 plus

298 4211 566 4282 exigitur,
597 4231 765 4285 quam
809 4215 913 4268 sibi
942 4216 1148 4269 debent
1193 4216 1455 4282 retinere,
1502 4216 1636 4287 quia
1681 4218 1894 4284 diliges,

292 4298 502 4370 inquit,
530 4307 852 4371 proximum
887 4309 1046 4357 tuum
1076 4307 1217 4358 sicut
1249 4307 1500 4372 teipsum.

366 4388 455 4444 11.
503 4391 680 4444 Vestra
709 4394 1081 4446 abundant-ia.
1125 4393 1185 4446 1d
1231 4398 1334 4458 est,
1369 4392 1426 4446 hi
1467 4392 1563 4464 qui
1601 4393 1894 4448 facultates

286 4476 523 4543 habent,
573 4480 893 4535 ministrent
938 4486 1259 4535 sanctorum
1304 4482 1527 4553 in0piis,
1577 4487 1641 4535 ut
1686 4481 1892 4536 iterum

282 4565 406 4619 illic
443 4569 624 4622 sancti
668 4569 764 4624 ubi
813 4576 945 4624 sunt
977 4571 1199 4639 divites,
1240 4576 1297 4624 et
1342 4571 1434 4625 isti
1479 4571 1696 4642 inopes,
1737 4589 1892 4626 com-

280 4656 584 4710 municent
623 4657 725 4726 his,
775 4660 935 4730 quasi
978 4660 1150 4714 vicem
1178 4661 1550 4731 rependentes
1579 4661 1890 4716 ministerio

279 4744 542 4799 illorum.

1987 3952 2214 4022 segnius
2240 3951 2347 4006 hoc
2375 3955 2588 4022 ageret.

2057 4041 2144 4094 18.
2176 4042 2533 4095 Providemus
2561 4041 2712 4095 enim
2743 4041 2902 4094 bona.
2925 4037 3191 4093 Providet
3215 4037 3365 4094 bona
3388 4054 3580 4094 coram

1987 4127 2128 4196 Deo,
2156 4130 2288 4184 dum
2312 4129 2461 4200 quod
2483 4127 2647 4200 jubet
2665 4128 2814 4182 Deus
2844 4127 2994 4181 circa
3015 4126 3329 4181 ministeria
3355 4129 3579 4180 sancto-

1979 4235 2127 4285 rum,
2152 4219 2274 4272 tieri
2299 4218 2462 4272 docet
2489 4233 2680 4272 coram
2707 4215 3056 4286 hominibus,
3077 4215 3211 4286 quia
3231 4214 3373 4269 tales
3400 4213 3578 4269 mittit

1977 4309 2048 4361 ad
2077 4308 2182 4361 hoc
2219 4323 2358 4378 opus
2396 4306 2827 4372 exhortandum,
2869 4304 2966 4376 qui
3003 4303 3282 4376 probitate
3320 4319 3424 4359 sua
3459 4318 3575 4359 non

1977 4395 2183 4450 faciant
2209 4397 2290 4450 eis
2319 4395 2669 4450 scandalum.

2050 4483 2136 4539 19.
2167 4486 2381 4542 [ΑΜΒ.
2424 4485 2777 4539 Providemus
2799 4486 2972 4539 enim.
3006 4483 3158 4551 Ideo,
3188 4481 3393 4555 inquit,
3416 4482 3576 4538 misi-

1975 4590 2100 4628 mus
2114 4591 2228 4642 eos,
2248 4591 2318 4628 ne
2336 4572 2715 4629 ministerium
2735 4578 2993 4629 nostrum
3005 4573 3373 4645 vituperetur,
3389 4573 3580 4629 existi-

1973 4664 2180 4718 manda
2207 4680 2307 4718 nos
2335 4680 2457 4718 esse
2487 4663 2658 4730 fures,
2688 4669 2987 4736 postquam
3008 4663 3254 4718 viderint
3282 4667 3368 4718 tot
3395 4663 3574 4720 bonos

1972 4752 2173 4824 quibus
2221 4753 2698 4819 accommodatur,
2739 4751 2826 4806 vel
2862 4756 3095 4824 propter
3131 4751 3238 4806 hoc
3291 4751 3572 4807 mittimus

359 4833 449 4889 12.
481 4834 544 4888 Ut
577 4837 674 4902 ﬂat
705 4840 1010 4905 aqualitas.
1038 4838 1165 4892 Haec
1188 4843 1276 4892 est
1311 4837 1618 4908 aequalitas,
1644 4843 1724 4904 ut,
1756 4840 1889 4911 quia
1967 4848 2070 4900 tot.
2100 4859 2171 4896 ne
2199 4834 2453 4897 dicamur
2479 4842 2765 4913 negligere
2795 4841 2934 4896 illud
2966 4839 3242 4896 mittendo
3273 4856 3470 4910 unum,
3514 4847 3574 4897 et

407 4922 469 4977 in
493 4923 599 4978 hoc
626 4930 879 4996 tempore
904 4925 1227 4980 ministrant
1245 4927 1470 4993 sanctis,
1495 4927 1734 4982 reddant
1755 4926 1879 5001 [al.,

275 5011 620 5081 reddantur]
648 5014 757 5066 illis
782 5013 928 5069 vices
956 5014 1014 5068 in
1034 5015 1242 5069 futuro.

1968 4932 2276 4987 existimari
2313 4949 2434 4987 esse
2462 4931 2572 4999 fur,
2603 4931 2689 4987 vel
2720 4931 3004 5002 negligere
3034 4930 3172 4986 illud
3198 4949 3211 4998 ;
3249 4929 3459 4986 bonum
3486 4935 3573 4987 est

1967 5037 2069 5075 nos
2107 5021 2338 5092 evitare,
2382 5037 2454 5076 ne
2493 5021 2670 5076 simus
2712 5037 2882 5076 causa
2932 5020 3094 5076 malae
3139 5019 3569 5076 existimationis

355 5099 447 5157 13.
474 5103 583 5168 Qui
601 5107 846 5156 multum
867 5120 998 5157 non.
1018 5104 1150 5158 Plus
1171 5104 1380 5158 habent
1398 5105 1575 5159 sancti
1598 5105 1656 5160 in
1675 5122 1773 5177 spe
1794 5107 1948 5183 fu-c
1967 5127 2161 5165 eorum
2186 5128 2198 5178 ;
2242 5115 2297 5164 et
2345 5110 2450 5165 hoc
2489 5116 2575 5165 est
2611 5109 2761 5182 quod
2803 5109 2938 5165 dicit
2965 5128 2978 5165 :
3017 5111 3373 5165 Providemus
3415 5111 3567 5164 enim

273 5189 400 5244 turi
419 5191 610 5245 saeculi
625 5207 792 5260 quam
814 5192 869 5246 hi
892 5192 984 5262 qui
1003 5193 1106 5246 hoc
1123 5198 1375 5264 tempore
1389 5193 1646 5249 videntur
1665 5197 1882 5266 divites,

274 5286 332 5333 et
360 5285 565 5334 tamen
585 5280 957 5351 aequabuntur
977 5281 1089 5336 illic
1110 5281 1351 5352 utrique,
1367 5288 1432 5336 ut
1451 5283 1596 5338 sicut
1614 5285 1885 5342 beneﬁcio

272 5369 512 5435 horum,
550 5375 869 5424 sanctorum
899 5371 1090 5441 inopia
1111 5376 1478 5438 sustentatur,
1505 5373 1586 5427 ita
1617 5373 1884 5432 beneficio

272 5465 610 5514 sanctorum
638 5459 838 5514 divites
865 5461 1007 5514 ﬁant
1035 5459 1092 5514 hi
1121 5459 1180 5515 in
1214 5459 1404 5514 futuro
1434 5463 1655 5530 saeculo,
1687 5464 1747 5518 in
1776 5481 1884 5535 quo

341 5583 460 5655 (52)
492 5583 742 5656 Epistola
779 5583 1076 5651 redundat,
1115 5582 1198 5638 vel
1222 5600 1355 5639 sane
1380 5585 1527 5641 inter
1561 5588 1945 5657 parenthesin.

1972 5201 2131 5254 bona.
2157 5205 2262 5254 etc.

2039 5239 2131 5345 2οΪ
2153 5292 2259 5343 Pro
2287 5290 2423 5343 Tito.
2453 5287 2600 5342 Dicit
2623 5287 2875 5356 fratrem,
2910 5303 3077 5359 quem
3106 5285 3385 5354 mittebat,
3417 5287 3569 5341 mul-

1969 5384 2084 5434 tam
2128 5377 2387 5432 fiduciam
2434 5377 2641 5432 habere
2684 5378 2744 5432 in
2795 5378 2894 5444 eis,
2929 5377 3062 5448 quia
3105 5375 3294 5431 Titum
3333 5380 3391 5432 et
3427 5375 3567 5431 alios

1971 5469 2254 5540 apostolos
2278 5467 2420 5523 bene
2451 5471 2852 5523 tractaverunt.
