  <div class='ocr_page' id='page_1' title='image "/cluster/home/n/w/nwhite01/storage/ocr_20150623/150/hvd.32044054760087/127.png"; bbox 0 0 3936 6178; ppageno 0'>
   <div class='ocr_carea' id='block_1_1' title="bbox 363 299 1952 367">
    <p class='ocr_par' dir='ltr' id='par_1_1' title="bbox 363 304 1952 367">
     <span class='ocr_line' id='line_1_1' title="bbox 363 304 1952 367; baseline -0.004 0"><span class='ocrx_word' id='word_1_1' title='bbox 363 304 473 367; x_wconf 74' lang='grc'><strong>243</strong></span> <span class='ocrx_word' id='word_1_2' title='bbox 1353 305 1420 362; x_wconf 84' lang='grc' dir='ltr'><strong>Β.</strong></span> <span class='ocrx_word' id='word_1_3' title='bbox 1459 305 1874 362; x_wconf 83' lang='lat' dir='ltr'><strong>LANFRANCI</strong></span> <span class='ocrx_word' id='word_1_4' title='bbox 1910 305 1952 360; x_wconf 92' lang='lat' dir='ltr'><strong>C</strong></span> 
     </span>
    </p>
   </div>
   <div class='ocr_carea' id='block_1_2' title="bbox 2055 299 3633 367">
    <p class='ocr_par' dir='ltr' id='par_1_2' title="bbox 2055 299 3633 363">
     <span class='ocr_line' id='line_1_2' title="bbox 2055 299 3633 363; baseline -0.003 -2"><span class='ocrx_word' id='word_1_5' title='bbox 2055 304 2269 362; x_wconf 82' lang='lat' dir='ltr'><strong>TUAR.</strong></span> <span class='ocrx_word' id='word_1_6' title='bbox 2308 304 2642 363; x_wconf 81' lang='lat' dir='ltr'><strong>ARCHIEP.</strong></span> <span class='ocrx_word' id='word_1_7' title='bbox 3523 299 3633 357; x_wconf 72' lang='grc'><strong>244</strong></span> 
     </span>
    </p>
   </div>
   <div class='ocr_carea' id='block_1_3' title="bbox 364 422 3632 506">
    <p class='ocr_par' dir='ltr' id='par_1_3' title="bbox 364 422 3632 506">
     <span class='ocr_line' id='line_1_3' title="bbox 364 422 3632 506; baseline -0.004 -14"><span class='ocrx_word' id='word_1_8' title='bbox 364 434 566 501; x_wconf 77' lang='lat' dir='ltr'><strong>nostri,</strong></span> <span class='ocrx_word' id='word_1_9' title='bbox 600 431 839 506; x_wconf 81' lang='lat' dir='ltr'><strong>apostoli</strong></span> <span class='ocrx_word' id='word_1_10' title='bbox 869 431 1241 488; x_wconf 85' lang='lat' dir='ltr'><strong>Ecclesiarum</strong></span> <span class='ocrx_word' id='word_1_11' title='bbox 1273 431 1432 499; x_wconf 82' lang='lat' dir='ltr'><strong>(forte</strong></span> <span class='ocrx_word' id='word_1_12' title='bbox 1462 433 1691 501; x_wconf 85' lang='lat' dir='ltr'><strong>quidam</strong></span> <span class='ocrx_word' id='word_1_13' title='bbox 1727 433 1959 500; x_wconf 74' lang='lat' dir='ltr'><strong>apostoli</strong></span> <span class='ocrx_word' id='word_1_14' title='bbox 1987 431 2127 485; x_wconf 89' lang='lat' dir='ltr'><strong>bona</strong></span> <span class='ocrx_word' id='word_1_15' title='bbox 2156 434 2388 486; x_wconf 87' lang='lat' dir='ltr'><strong>illorum</strong></span> <span class='ocrx_word' id='word_1_16' title='bbox 2425 431 2713 499; x_wconf 85' lang='lat' dir='ltr'><strong>referendo</strong></span> <span class='ocrx_word' id='word_1_17' title='bbox 2745 429 3203 486; x_wconf 77' lang='lat' dir='ltr'><strong>commendabant</strong></span> <span class='ocrx_word' id='word_1_18' title='bbox 3231 426 3421 496; x_wconf 89' lang='lat' dir='ltr'><strong>illlos),</strong></span> <span class='ocrx_word' id='word_1_19' title='bbox 3448 422 3632 496; x_wconf 79' lang='lat' dir='ltr'><strong>gloria</strong></span> 
     </span>
    </p>
   </div>
   <div class='ocr_carea' id='block_1_4' title="bbox 369 509 3630 593">
    <p class='ocr_par' dir='ltr' id='par_1_4' title="bbox 369 509 3630 593">
     <span class='ocr_line' id='line_1_4' title="bbox 369 509 3630 593; baseline -0.004 -14"><span class='ocrx_word' id='word_1_20' title='bbox 369 523 600 588; x_wconf 83' lang='lat' dir='ltr'><strong>Christi,</strong></span> <span class='ocrx_word' id='word_1_21' title='bbox 630 524 829 593; x_wconf 78' lang='lat' dir='ltr'><strong>quibus</strong></span> <span class='ocrx_word' id='word_1_22' title='bbox 853 522 1106 576; x_wconf 87' lang='lat' dir='ltr'><strong>Ecclesiis</strong></span> <span class='ocrx_word' id='word_1_23' title='bbox 1142 521 1495 588; x_wconf 75' lang='lat' dir='ltr'><strong>gloriﬁcatur</strong></span> <span class='ocrx_word' id='word_1_24' title='bbox 1522 521 1791 577; x_wconf 73' lang='lat' dir='ltr'><strong>Christus.</strong></span> <span class='ocrx_word' id='word_1_25' title='bbox 1819 521 1959 588; x_wconf 89' lang='lat' dir='ltr'><strong>Quia</strong></span> <span class='ocrx_word' id='word_1_26' title='bbox 1991 521 2124 574; x_wconf 89' lang='lat' dir='ltr'><strong>tales</strong></span> <span class='ocrx_word' id='word_1_27' title='bbox 2160 525 2310 573; x_wconf 87' lang='lat' dir='ltr'><strong>sunt.</strong></span> <span class='ocrx_word' id='word_1_28' title='bbox 2343 519 2430 574; x_wconf 58' lang='grc' dir='ltr'><strong>η.</strong></span> <span class='ocrx_word' id='word_1_29' title='bbox 2463 518 2856 573; x_wconf 87' lang='lat' dir='ltr'><strong>Ostensionem</strong></span> <span class='ocrx_word' id='word_1_30' title='bbox 2886 533 3038 588; x_wconf 87' lang='lat' dir='ltr'><strong>ergo.</strong></span> <span class='ocrx_word' id='word_1_31' title='bbox 3074 533 3196 588; x_wconf 75' lang='lat' dir='ltr'><strong>quae</strong></span> <span class='ocrx_word' id='word_1_32' title='bbox 3226 520 3313 570; x_wconf 91' lang='lat' dir='ltr'><strong>est</strong></span> <span class='ocrx_word' id='word_1_33' title='bbox 3339 509 3630 568; x_wconf 80' lang='lat' dir='ltr'><strong>charitatis</strong></span> 
     </span>
    </p>
   </div>
   <div class='ocr_carea' id='block_1_5' title="bbox 367 606 3631 680">
    <p class='ocr_par' dir='ltr' id='par_1_5' title="bbox 367 606 3631 680">
     <span class='ocr_line' id='line_1_5' title="bbox 367 606 3631 680; baseline -0.002 -16"><span class='ocrx_word' id='word_1_34' title='bbox 367 616 587 678; x_wconf 60' lang='lat' dir='ltr'><strong>vestra,</strong></span> <span class='ocrx_word' id='word_1_35' title='bbox 609 615 667 665; x_wconf 91' lang='lat' dir='ltr'><strong>et</strong></span> <span class='ocrx_word' id='word_1_36' title='bbox 690 613 895 664; x_wconf 82' lang='lat' dir='ltr'><strong>nostrae</strong></span> <span class='ocrx_word' id='word_1_37' title='bbox 921 608 1114 680; x_wconf 69' lang='lat' dir='ltr'><strong>gloriae</strong></span> <span class='ocrx_word' id='word_1_38' title='bbox 1141 624 1244 680; x_wconf 89' lang='lat' dir='ltr'><strong>pro</strong></span> <span class='ocrx_word' id='word_1_39' title='bbox 1272 608 1446 675; x_wconf 80' lang='lat' dir='ltr'><strong>vobis,</strong></span> <span class='ocrx_word' id='word_1_40' title='bbox 1467 612 1603 678; x_wconf 90' lang='lat' dir='ltr'><strong>quia</strong></span> <span class='ocrx_word' id='word_1_41' title='bbox 1624 611 1870 664; x_wconf 87' lang='lat' dir='ltr'><strong>charitas</strong></span> <span class='ocrx_word' id='word_1_42' title='bbox 1898 623 2090 661; x_wconf 90' lang='lat' dir='ltr'><strong>eorum</strong></span> <span class='ocrx_word' id='word_1_43' title='bbox 2118 610 2301 676; x_wconf 79' lang='lat' dir='ltr'><strong>gloria</strong></span> <span class='ocrx_word' id='word_1_44' title='bbox 2326 613 2401 662; x_wconf 87' lang='lat' dir='ltr'><strong>est</strong></span> <span class='ocrx_word' id='word_1_45' title='bbox 2419 609 2678 676; x_wconf 83' lang='lat' dir='ltr'><strong>Apostoli,</strong></span> <span class='ocrx_word' id='word_1_46' title='bbox 2711 606 2770 661; x_wconf 91' lang='lat' dir='ltr'><strong>in</strong></span> <span class='ocrx_word' id='word_1_47' title='bbox 2795 606 2940 672; x_wconf 91' lang='lat' dir='ltr'><strong>illos,</strong></span> <span class='ocrx_word' id='word_1_48' title='bbox 2967 622 3097 675; x_wconf 89' lang='lat' dir='ltr'><strong>quos</strong></span> <span class='ocrx_word' id='word_1_49' title='bbox 3126 607 3423 670; x_wconf 92' lang='lat' dir='ltr'><strong>mittimus,</strong></span> <span class='ocrx_word' id='word_1_50' title='bbox 3450 607 3631 658; x_wconf 81' lang='lat' dir='ltr'><strong>osten-</strong></span> 
     </span>
    </p>
   </div>
   <div class='ocr_carea' id='block_1_6' title="bbox 368 692 2596 766">
    <p class='ocr_par' dir='ltr' id='par_1_6' title="bbox 368 692 2596 766">
     <span class='ocr_line' id='line_1_6' title="bbox 368 692 2596 766; baseline -0.002 -12"><span class='ocrx_word' id='word_1_51' title='bbox 368 695 510 765; x_wconf 85' lang='lat' dir='ltr'><strong>dite,</strong></span> <span class='ocrx_word' id='word_1_52' title='bbox 543 697 870 752; x_wconf 80' lang='lat' dir='ltr'><strong>charitative</strong></span> <span class='ocrx_word' id='word_1_53' title='bbox 893 697 1116 766; x_wconf 85' lang='lat' dir='ltr'><strong>recipite</strong></span> <span class='ocrx_word' id='word_1_54' title='bbox 1144 697 1287 762; x_wconf 90' lang='lat' dir='ltr'><strong>illos,</strong></span> <span class='ocrx_word' id='word_1_55' title='bbox 1317 692 1378 750; x_wconf 92' lang='lat' dir='ltr'><strong>in</strong></span> <span class='ocrx_word' id='word_1_56' title='bbox 1404 693 1605 750; x_wconf 80' lang='lat' dir='ltr'><strong>faciem</strong></span> <span class='ocrx_word' id='word_1_57' title='bbox 1631 694 2026 763; x_wconf 87' lang='lat' dir='ltr'><strong>Ecclesiarum,</strong></span> <span class='ocrx_word' id='word_1_58' title='bbox 2057 699 2121 750; x_wconf 85' lang='lat' dir='ltr'><strong>ut</strong></span> <span class='ocrx_word' id='word_1_59' title='bbox 2148 697 2270 751; x_wconf 89' lang='lat' dir='ltr'><strong>sitis</strong></span> <span class='ocrx_word' id='word_1_60' title='bbox 2297 697 2596 766; x_wconf 66' lang='lat' dir='ltr'><strong>eaemplar.</strong></span> 
     </span>
    </p>
   </div>
   <div class='ocr_carea' id='block_1_7' title="bbox 1655 875 2242 942">
    <p class='ocr_par' dir='ltr' id='par_1_7' title="bbox 1655 875 2242 942">
     <span class='ocr_line' id='line_1_7' title="bbox 1655 875 2242 942; baseline 0.003 -10"><span class='ocrx_word' id='word_1_61' title='bbox 1655 879 1834 942; x_wconf 63' lang='grc' dir='ltr'><strong>ιον</strong></span> <span class='ocrx_word' id='word_1_62' title='bbox 1874 875 2108 932; x_wconf 76' lang='lat' dir='ltr'><strong>CAPUT</strong></span> <span class='ocrx_word' id='word_1_63' title='bbox 2137 876 2242 934; x_wconf 85' lang='lat' dir='ltr'><strong>IX.</strong></span> 
     </span>
    </p>
   </div>
   <div class='ocr_carea' id='block_1_8' title="bbox 436 1003 3630 1080">
    <p class='ocr_par' dir='ltr' id='par_1_8' title="bbox 436 1003 3630 1080">
     <span class='ocr_line' id='line_1_8' title="bbox 436 1003 3630 1080; baseline -0.003 -14"><span class='ocrx_word' id='word_1_64' title='bbox 436 1010 745 1080; x_wconf 84' lang='lat' dir='ltr'><strong>Responsio.</strong></span> <span class='ocrx_word' id='word_1_65' title='bbox 776 1009 848 1064; x_wconf 87' lang='lat' dir='ltr'><strong>De</strong></span> <span class='ocrx_word' id='word_1_66' title='bbox 878 1011 1178 1077; x_wconf 84' lang='lat' dir='ltr'><strong>receptionc</strong></span> <span class='ocrx_word' id='word_1_67' title='bbox 1206 1011 1438 1064; x_wconf 87' lang='lat' dir='ltr'><strong>illorum</strong></span> <span class='ocrx_word' id='word_1_68' title='bbox 1483 1013 1684 1080; x_wconf 77' lang='lat' dir='ltr'><strong>scripsi</strong></span> <span class='ocrx_word' id='word_1_69' title='bbox 1723 1013 1889 1078; x_wconf 90' lang='lat' dir='ltr'><strong>vobis,</strong></span> <span class='ocrx_word' id='word_1_70' title='bbox 1922 1016 1971 1066; x_wconf 89' lang='lat' dir='ltr'><strong>et</strong></span> <span class='ocrx_word' id='word_1_71' title='bbox 2019 1027 2130 1065; x_wconf 90' lang='lat' dir='ltr'><strong>non</strong></span> <span class='ocrx_word' id='word_1_72' title='bbox 2155 1011 2218 1064; x_wconf 91' lang='lat' dir='ltr'><strong>de</strong></span> <span class='ocrx_word' id='word_1_73' title='bbox 2247 1011 2536 1065; x_wconf 89' lang='lat' dir='ltr'><strong>collatione</strong></span> <span class='ocrx_word' id='word_1_74' title='bbox 2577 1029 2592 1063; x_wconf 92' lang='lat'><em>:</em></span> <span class='ocrx_word' id='word_1_75' title='bbox 2633 1025 2765 1064; x_wconf 89' lang='lat' dir='ltr'><strong>nam</strong></span> <span class='ocrx_word' id='word_1_76' title='bbox 2807 1008 2877 1064; x_wconf 89' lang='lat' dir='ltr'><strong>de</strong></span> <span class='ocrx_word' id='word_1_77' title='bbox 2925 1005 3257 1071; x_wconf 90' lang='lat' dir='ltr'><strong>ministerio,</strong></span> <span class='ocrx_word' id='word_1_78' title='bbox 3291 1003 3439 1077; x_wconf 88' lang='lat' dir='ltr'><strong>quod</strong></span> <span class='ocrx_word' id='word_1_79' title='bbox 3477 1003 3542 1059; x_wconf 85' lang='lat' dir='ltr'><strong>fit</strong></span> <span class='ocrx_word' id='word_1_80' title='bbox 3570 1003 3630 1058; x_wconf 91' lang='lat' dir='ltr'><strong>in</strong></span> 
     </span>
    </p>
   </div>
   <div class='ocr_carea' id='block_1_9' title="bbox 365 1093 3630 1169">
    <p class='ocr_par' dir='ltr' id='par_1_9' title="bbox 365 1093 3630 1169">
     <span class='ocr_line' id='line_1_9' title="bbox 365 1093 3630 1169; baseline -0.002 -14"><span class='ocrx_word' id='word_1_81' title='bbox 365 1103 607 1163; x_wconf 87' lang='lat' dir='ltr'><strong>sanctos,</strong></span> <span class='ocrx_word' id='word_1_82' title='bbox 640 1114 706 1153; x_wconf 83' lang='lat' dir='ltr'><strong>ex</strong></span> <span class='ocrx_word' id='word_1_83' title='bbox 730 1094 1059 1162; x_wconf 87' lang='lat' dir='ltr'><strong>abundanti,</strong></span> <span class='ocrx_word' id='word_1_84' title='bbox 1099 1100 1463 1169; x_wconf 85' lang='lat' dir='ltr'><strong>superﬂuum,</strong></span> <span class='ocrx_word' id='word_1_85' title='bbox 1498 1104 1584 1154; x_wconf 89' lang='lat' dir='ltr'><strong>est</strong></span> <span class='ocrx_word' id='word_1_86' title='bbox 1609 1099 1745 1153; x_wconf 90' lang='lat' dir='ltr'><strong>mihi</strong></span> <span class='ocrx_word' id='word_1_87' title='bbox 1770 1099 2014 1154; x_wconf 81' lang='lat' dir='ltr'><strong>scribere</strong></span> <span class='ocrx_word' id='word_1_88' title='bbox 2041 1099 2213 1154; x_wconf 88' lang='lat' dir='ltr'><strong>vobis.</strong></span> <span class='ocrx_word' id='word_1_89' title='bbox 2244 1100 2372 1154; x_wconf 80' lang='lat' dir='ltr'><strong>Ecce</strong></span> <span class='ocrx_word' id='word_1_90' title='bbox 2400 1115 2520 1152; x_wconf 86' lang='lat' dir='ltr'><strong>cur.</strong></span> <span class='ocrx_word' id='word_1_91' title='bbox 2564 1098 2690 1153; x_wconf 91' lang='lat' dir='ltr'><strong>Scio</strong></span> <span class='ocrx_word' id='word_1_92' title='bbox 2716 1097 2866 1152; x_wconf 89' lang='lat' dir='ltr'><strong>enim</strong></span> <span class='ocrx_word' id='word_1_93' title='bbox 2899 1101 3222 1169; x_wconf 88' lang='lat' dir='ltr'><strong>promptum</strong></span> <span class='ocrx_word' id='word_1_94' title='bbox 3250 1093 3504 1149; x_wconf 89' lang='lat' dir='ltr'><strong>animum</strong></span> <span class='ocrx_word' id='word_1_95' title='bbox 3531 1108 3630 1147; x_wconf 88' lang='lat' dir='ltr'><strong>ve-</strong></span> 
     </span>
    </p>
   </div>
   <div class='ocr_carea' id='block_1_10' title="bbox 364 1181 3631 1259">
    <p class='ocr_par' dir='ltr' id='par_1_10' title="bbox 364 1181 3631 1259">
     <span class='ocr_line' id='line_1_10' title="bbox 364 1181 3631 1259; baseline -0.003 -15"><span class='ocrx_word' id='word_1_96' title='bbox 364 1193 566 1253; x_wconf 85' lang='lat' dir='ltr'><strong>strum,</strong></span> <span class='ocrx_word' id='word_1_97' title='bbox 589 1202 690 1257; x_wconf 91' lang='lat' dir='ltr'><strong>pro</strong></span> <span class='ocrx_word' id='word_1_98' title='bbox 709 1201 818 1257; x_wconf 93' lang='lat' dir='ltr'><strong>quo</strong></span> <span class='ocrx_word' id='word_1_99' title='bbox 830 1185 900 1239; x_wconf 92' lang='lat' dir='ltr'><strong>de</strong></span> <span class='ocrx_word' id='word_1_100' title='bbox 917 1183 1071 1239; x_wconf 89' lang='lat' dir='ltr'><strong>vobis</strong></span> <span class='ocrx_word' id='word_1_101' title='bbox 1086 1185 1300 1256; x_wconf 85' lang='lat' dir='ltr'><strong>glorior</strong></span> <span class='ocrx_word' id='word_1_102' title='bbox 1311 1188 1465 1259; x_wconf 84' lang='lat' dir='ltr'><strong>apud</strong></span> <span class='ocrx_word' id='word_1_103' title='bbox 1482 1188 1810 1242; x_wconf 85' lang='lat' dir='ltr'><strong>Macedones</strong></span> <span class='ocrx_word' id='word_1_104' title='bbox 1827 1189 2028 1255; x_wconf 90' lang='lat' dir='ltr'><strong>(dicens</strong></span> <span class='ocrx_word' id='word_1_105' title='bbox 2045 1187 2330 1256; x_wconf 82' lang='lat' dir='ltr'><strong>Apostolus</strong></span> <span class='ocrx_word' id='word_1_106' title='bbox 2343 1188 2678 1251; x_wconf 82' lang='lat' dir='ltr'><strong>Macedones,</strong></span> <span class='ocrx_word' id='word_1_107' title='bbox 2699 1187 2966 1241; x_wconf 79' lang='lat' dir='ltr'><strong>Achaiam</strong></span> <span class='ocrx_word' id='word_1_108' title='bbox 2987 1190 3245 1254; x_wconf 83' lang='lat' dir='ltr'><strong>paratam</strong></span> <span class='ocrx_word' id='word_1_109' title='bbox 3263 1185 3399 1236; x_wconf 90' lang='lat' dir='ltr'><strong>dicit</strong></span> <span class='ocrx_word' id='word_1_110' title='bbox 3417 1187 3479 1235; x_wconf 91' lang='lat' dir='ltr'><strong>ut</strong></span> <span class='ocrx_word' id='word_1_111' title='bbox 3500 1181 3631 1234; x_wconf 88' lang='lat' dir='ltr'><strong>inde</strong></span> 
     </span>
    </p>
   </div>
   <div class='ocr_carea' id='block_1_11' title="bbox 363 1267 3630 1348">
    <p class='ocr_par' dir='ltr' id='par_1_11' title="bbox 363 1267 3630 1348">
     <span class='ocr_line' id='line_1_11' title="bbox 363 1267 3630 1348; baseline -0.004 -14"><span class='ocrx_word' id='word_1_112' title='bbox 363 1278 646 1334; x_wconf 76' lang='lat' dir='ltr'><strong>Corinthii</strong></span> <span class='ocrx_word' id='word_1_113' title='bbox 666 1277 860 1344; x_wconf 83' lang='lat' dir='ltr'><strong>parati</strong></span> <span class='ocrx_word' id='word_1_114' title='bbox 878 1278 1288 1344; x_wconf 84' lang='lat' dir='ltr'><strong>inveniantur).</strong></span> <span class='ocrx_word' id='word_1_115' title='bbox 1314 1278 1366 1330; x_wconf 88' lang='lat'><strong>1.</strong></span> <span class='ocrx_word' id='word_1_116' title='bbox 1392 1277 1671 1342; x_wconf 86' lang='lat' dir='ltr'><strong>Quoniam</strong></span> <span class='ocrx_word' id='word_1_117' title='bbox 1695 1283 1750 1331; x_wconf 91' lang='lat' dir='ltr'><strong>et</strong></span> <span class='ocrx_word' id='word_1_118' title='bbox 1772 1277 1986 1331; x_wconf 85' lang='lat' dir='ltr'><strong>Achaia</strong></span> <span class='ocrx_word' id='word_1_119' title='bbox 2004 1282 2200 1348; x_wconf 86' lang='lat' dir='ltr'><strong>parata</strong></span> <span class='ocrx_word' id='word_1_120' title='bbox 2230 1281 2316 1330; x_wconf 91' lang='lat' dir='ltr'><strong>est</strong></span> <span class='ocrx_word' id='word_1_121' title='bbox 2344 1275 2414 1329; x_wconf 91' lang='lat' dir='ltr'><strong>ab</strong></span> <span class='ocrx_word' id='word_1_122' title='bbox 2443 1291 2591 1328; x_wconf 88' lang='lat' dir='ltr'><strong>anno</strong></span> <span class='ocrx_word' id='word_1_123' title='bbox 2619 1274 2920 1346; x_wconf 80' lang='lat' dir='ltr'><strong>praeterito,</strong></span> <span class='ocrx_word' id='word_1_124' title='bbox 2949 1279 3006 1327; x_wconf 91' lang='lat' dir='ltr'><strong>et</strong></span> <span class='ocrx_word' id='word_1_125' title='bbox 3033 1279 3112 1327; x_wconf 84' lang='lat' dir='ltr'><strong>sic</strong></span> <span class='ocrx_word' id='word_1_126' title='bbox 3142 1276 3322 1326; x_wconf 89' lang='lat' dir='ltr'><strong>vestra</strong></span> <span class='ocrx_word' id='word_1_127' title='bbox 3347 1267 3630 1324; x_wconf 72' lang='lat' dir='ltr'><strong>aemulatio</strong></span> 
     </span>
    </p>
   </div>
   <div class='ocr_carea' id='block_1_12' title="bbox 365 1357 3630 1437">
    <p class='ocr_par' dir='ltr' id='par_1_12' title="bbox 365 1357 3630 1437">
     <span class='ocr_line' id='line_1_12' title="bbox 365 1357 3630 1437; baseline -0.003 -18"><span class='ocrx_word' id='word_1_128' title='bbox 365 1363 686 1437; x_wconf 87' lang='lat' dir='ltr'><strong>provocavit</strong></span> <span class='ocrx_word' id='word_1_129' title='bbox 708 1361 998 1434; x_wconf 88' lang='lat' dir='ltr'><strong>plurimos.</strong></span> <span class='ocrx_word' id='word_1_130' title='bbox 1029 1363 1153 1418; x_wconf 90' lang='lat' dir='ltr'><strong>Misi</strong></span> <span class='ocrx_word' id='word_1_131' title='bbox 1175 1369 1366 1418; x_wconf 91' lang='lat' dir='ltr'><strong>autem</strong></span> <span class='ocrx_word' id='word_1_132' title='bbox 1386 1367 1644 1434; x_wconf 71' lang='lat' dir='ltr'><strong>praefatos</strong></span> <span class='ocrx_word' id='word_1_133' title='bbox 1663 1366 1882 1428; x_wconf 85' lang='lat' dir='ltr'><strong>fratres,</strong></span> <span class='ocrx_word' id='word_1_134' title='bbox 1909 1371 1973 1418; x_wconf 91' lang='lat' dir='ltr'><strong>ut</strong></span> <span class='ocrx_word' id='word_1_135' title='bbox 1999 1382 2069 1419; x_wconf 90' lang='lat' dir='ltr'><strong>ne</strong></span> <span class='ocrx_word' id='word_1_136' title='bbox 2101 1365 2251 1436; x_wconf 89' lang='lat' dir='ltr'><strong>quod</strong></span> <span class='ocrx_word' id='word_1_137' title='bbox 2273 1364 2585 1435; x_wconf 85' lang='lat' dir='ltr'><strong>gloriamur</strong></span> <span class='ocrx_word' id='word_1_138' title='bbox 2605 1363 2674 1417; x_wconf 92' lang='lat' dir='ltr'><strong>de</strong></span> <span class='ocrx_word' id='word_1_139' title='bbox 2707 1362 2878 1427; x_wconf 89' lang='lat' dir='ltr'><strong>vobis,</strong></span> <span class='ocrx_word' id='word_1_140' title='bbox 2902 1363 2960 1415; x_wconf 90' lang='lat' dir='ltr'><strong>id</strong></span> <span class='ocrx_word' id='word_1_141' title='bbox 2983 1367 3077 1426; x_wconf 82' lang='lat' dir='ltr'><strong>est,</strong></span> <span class='ocrx_word' id='word_1_142' title='bbox 3101 1361 3335 1428; x_wconf 81' lang='lat' dir='ltr'><strong>gloriati</strong></span> <span class='ocrx_word' id='word_1_143' title='bbox 3352 1373 3544 1411; x_wconf 86' lang='lat' dir='ltr'><strong>sumus</strong></span> <span class='ocrx_word' id='word_1_144' title='bbox 3565 1357 3630 1409; x_wconf 88' lang='lat' dir='ltr'><strong>de</strong></span> 
     </span>
    </p>
   </div>
   <div class='ocr_carea' id='block_1_13' title="bbox 363 1447 3632 1526">
    <p class='ocr_par' dir='ltr' id='par_1_13' title="bbox 363 1447 3632 1526">
     <span class='ocr_line' id='line_1_13' title="bbox 363 1447 3632 1526; baseline -0.004 -17"><span class='ocrx_word' id='word_1_145' title='bbox 363 1456 512 1509; x_wconf 82' lang='lat' dir='ltr'><strong>vobis</strong></span> <span class='ocrx_word' id='word_1_146' title='bbox 536 1456 686 1522; x_wconf 89' lang='lat' dir='ltr'><strong>apud</strong></span> <span class='ocrx_word' id='word_1_147' title='bbox 714 1470 821 1518; x_wconf 90' lang='lat' dir='ltr'><strong>vos,</strong></span> <span class='ocrx_word' id='word_1_148' title='bbox 844 1458 1143 1507; x_wconf 88' lang='lat' dir='ltr'><strong>evacuetur</strong></span> <span class='ocrx_word' id='word_1_149' title='bbox 1159 1453 1326 1526; x_wconf 87' lang='lat' dir='ltr'><strong>(quod</strong></span> <span class='ocrx_word' id='word_1_150' title='bbox 1358 1461 1504 1520; x_wconf 80' lang='lat' dir='ltr'><strong>esset,</strong></span> <span class='ocrx_word' id='word_1_151' title='bbox 1537 1457 1588 1508; x_wconf 88' lang='lat' dir='ltr'><strong>si</strong></span> <span class='ocrx_word' id='word_1_152' title='bbox 1618 1471 1730 1508; x_wconf 90' lang='lat' dir='ltr'><strong>non</strong></span> <span class='ocrx_word' id='word_1_153' title='bbox 1763 1459 2052 1523; x_wconf 87' lang='lat' dir='ltr'><strong>parassent</strong></span> <span class='ocrx_word' id='word_1_154' title='bbox 2085 1456 2245 1518; x_wconf 88' lang='lat' dir='ltr'><strong>illud)</strong></span> <span class='ocrx_word' id='word_1_155' title='bbox 2277 1453 2336 1506; x_wconf 91' lang='lat' dir='ltr'><strong>in</strong></span> <span class='ocrx_word' id='word_1_156' title='bbox 2367 1452 2470 1505; x_wconf 88' lang='lat' dir='ltr'><strong>hac</strong></span> <span class='ocrx_word' id='word_1_157' title='bbox 2496 1456 2674 1522; x_wconf 88' lang='lat' dir='ltr'><strong>parte,</strong></span> <span class='ocrx_word' id='word_1_158' title='bbox 2710 1454 2772 1504; x_wconf 88' lang='lat' dir='ltr'><strong>in</strong></span> <span class='ocrx_word' id='word_1_159' title='bbox 2812 1451 3100 1517; x_wconf 85' lang='lat' dir='ltr'><strong>referenda</strong></span> <span class='ocrx_word' id='word_1_160' title='bbox 3129 1448 3534 1507; x_wconf 81' lang='lat' dir='ltr'><strong>communione,</strong></span> <span class='ocrx_word' id='word_1_161' title='bbox 3566 1447 3632 1498; x_wconf 91' lang='lat' dir='ltr'><strong>ut</strong></span> 
     </span>
    </p>
   </div>
   <div class='ocr_carea' id='block_1_14' title="bbox 367 1534 3625 1614">
    <p class='ocr_par' dir='ltr' id='par_1_14' title="bbox 367 1534 3625 1614">
     <span class='ocr_line' id='line_1_14' title="bbox 367 1534 3625 1614; baseline -0.004 -18"><span class='ocrx_word' id='word_1_162' title='bbox 367 1540 862 1614; x_wconf 87' lang='lat' dir='ltr'><strong>(quemadmodum</strong></span> <span class='ocrx_word' id='word_1_163' title='bbox 889 1540 1021 1608; x_wconf 81' lang='lat' dir='ltr'><strong>dixi)</strong></span> <span class='ocrx_word' id='word_1_164' title='bbox 1045 1541 1227 1611; x_wconf 87' lang='lat' dir='ltr'><strong>parati</strong></span> <span class='ocrx_word' id='word_1_165' title='bbox 1256 1541 1397 1608; x_wconf 87' lang='lat' dir='ltr'><strong>sitis,</strong></span> <span class='ocrx_word' id='word_1_166' title='bbox 1421 1557 1494 1596; x_wconf 90' lang='lat' dir='ltr'><strong>ne</strong></span> <span class='ocrx_word' id='word_1_167' title='bbox 1522 1558 1648 1596; x_wconf 90' lang='lat' dir='ltr'><strong>cum</strong></span> <span class='ocrx_word' id='word_1_168' title='bbox 1672 1542 1745 1594; x_wconf 87' lang='lat' dir='ltr'><strong>ad</strong></span> <span class='ocrx_word' id='word_1_169' title='bbox 1763 1558 1852 1594; x_wconf 86' lang='lat' dir='ltr'><strong>vos</strong></span> <span class='ocrx_word' id='word_1_170' title='bbox 1874 1541 2127 1594; x_wconf 87' lang='lat' dir='ltr'><strong>venerint</strong></span> <span class='ocrx_word' id='word_1_171' title='bbox 2145 1541 2474 1595; x_wconf 84' lang='lat' dir='ltr'><strong>Macedones</strong></span> <span class='ocrx_word' id='word_1_172' title='bbox 2496 1556 2735 1605; x_wconf 91' lang='lat' dir='ltr'><strong>mecum,</strong></span> <span class='ocrx_word' id='word_1_173' title='bbox 2757 1545 2814 1593; x_wconf 91' lang='lat' dir='ltr'><strong>et</strong></span> <span class='ocrx_word' id='word_1_174' title='bbox 2839 1536 3157 1592; x_wconf 89' lang='lat' dir='ltr'><strong>invenerint</strong></span> <span class='ocrx_word' id='word_1_175' title='bbox 3177 1551 3274 1587; x_wconf 90' lang='lat' dir='ltr'><strong>vos</strong></span> <span class='ocrx_word' id='word_1_176' title='bbox 3299 1534 3625 1603; x_wconf 89' lang='lat' dir='ltr'><strong>imparatos,</strong></span> 
     </span>
    </p>
   </div>
   <div class='ocr_carea' id='block_1_15' title="bbox 359 1623 3629 1699">
    <p class='ocr_par' dir='ltr' id='par_1_15' title="bbox 359 1623 3629 1699">
     <span class='ocr_line' id='line_1_15' title="bbox 359 1623 3629 1699; baseline -0.004 -13"><span class='ocrx_word' id='word_1_177' title='bbox 359 1629 416 1687; x_wconf 73' lang='grc'><strong>2.</strong></span> <span class='ocrx_word' id='word_1_178' title='bbox 449 1629 844 1684; x_wconf 86' lang='lat' dir='ltr'><strong>erubescamus</strong></span> <span class='ocrx_word' id='word_1_179' title='bbox 872 1644 974 1682; x_wconf 87' lang='lat' dir='ltr'><strong>nos</strong></span> <span class='ocrx_word' id='word_1_180' title='bbox 1000 1630 1064 1682; x_wconf 89' lang='lat' dir='ltr'><strong>de</strong></span> <span class='ocrx_word' id='word_1_181' title='bbox 1095 1631 1192 1683; x_wconf 89' lang='lat' dir='ltr'><strong>hoc</strong></span> <span class='ocrx_word' id='word_1_182' title='bbox 1220 1632 1364 1699; x_wconf 91' lang='lat' dir='ltr'><strong>quod</strong></span> <span class='ocrx_word' id='word_1_183' title='bbox 1390 1632 1623 1698; x_wconf 81' lang='lat' dir='ltr'><strong>gloriati</strong></span> <span class='ocrx_word' id='word_1_184' title='bbox 1649 1646 1842 1684; x_wconf 87' lang='lat' dir='ltr'><strong>sumus</strong></span> <span class='ocrx_word' id='word_1_185' title='bbox 1862 1632 1924 1684; x_wconf 90' lang='lat' dir='ltr'><strong>de</strong></span> <span class='ocrx_word' id='word_1_186' title='bbox 1944 1630 2111 1698; x_wconf 86' lang='lat' dir='ltr'><strong>vobis,</strong></span> <span class='ocrx_word' id='word_1_187' title='bbox 2133 1635 2198 1684; x_wconf 91' lang='lat' dir='ltr'><strong>ut</strong></span> <span class='ocrx_word' id='word_1_188' title='bbox 2224 1645 2336 1683; x_wconf 90' lang='lat' dir='ltr'><strong>non</strong></span> <span class='ocrx_word' id='word_1_189' title='bbox 2361 1629 2614 1683; x_wconf 86' lang='lat' dir='ltr'><strong>dicamus</strong></span> <span class='ocrx_word' id='word_1_190' title='bbox 2645 1645 2740 1682; x_wconf 90' lang='lat' dir='ltr'><strong>vos</strong></span> <span class='ocrx_word' id='word_1_191' title='bbox 2765 1628 2822 1681; x_wconf 92' lang='lat' dir='ltr'><strong>in</strong></span> <span class='ocrx_word' id='word_1_192' title='bbox 2848 1627 2952 1681; x_wconf 87' lang='lat' dir='ltr'><strong>hac</strong></span> <span class='ocrx_word' id='word_1_193' title='bbox 2981 1623 3314 1688; x_wconf 87' lang='lat' dir='ltr'><strong>substantia,</strong></span> <span class='ocrx_word' id='word_1_194' title='bbox 3339 1623 3629 1675; x_wconf 81' lang='lat' dir='ltr'><strong>collatione</strong></span> 
     </span>
    </p>
   </div>
   <div class='ocr_carea' id='block_1_16' title="bbox 363 1707 3626 1789">
    <p class='ocr_par' dir='ltr' id='par_1_16' title="bbox 363 1707 3626 1789">
     <span class='ocr_line' id='line_1_16' title="bbox 363 1707 3626 1789; baseline -0.004 -17"><span class='ocrx_word' id='word_1_195' title='bbox 363 1720 530 1789; x_wconf 88' lang='lat' dir='ltr'><strong>(quod</strong></span> <span class='ocrx_word' id='word_1_196' title='bbox 542 1722 690 1783; x_wconf 85' lang='lat' dir='ltr'><strong>esset,</strong></span> <span class='ocrx_word' id='word_1_197' title='bbox 709 1720 760 1770; x_wconf 88' lang='lat' dir='ltr'><strong>si</strong></span> <span class='ocrx_word' id='word_1_198' title='bbox 779 1733 889 1771; x_wconf 90' lang='lat' dir='ltr'><strong>non</strong></span> <span class='ocrx_word' id='word_1_199' title='bbox 907 1723 1194 1786; x_wconf 88' lang='lat' dir='ltr'><strong>parassent</strong></span> <span class='ocrx_word' id='word_1_200' title='bbox 1217 1719 1479 1787; x_wconf 85' lang='lat' dir='ltr'><strong>illud).Et</strong></span> <span class='ocrx_word' id='word_1_201' title='bbox 1500 1735 1567 1772; x_wconf 93' lang='lat' dir='ltr'><strong>ne</strong></span> <span class='ocrx_word' id='word_1_202' title='bbox 1585 1720 1963 1772; x_wconf 81' lang='lat' dir='ltr'><strong>erubescamus</strong></span> <span class='ocrx_word' id='word_1_203' title='bbox 1984 1720 2276 1784; x_wconf 83' lang='lat' dir='ltr'><strong>vobiscum,</strong></span> <span class='ocrx_word' id='word_1_204' title='bbox 2301 1718 2678 1771; x_wconf 90' lang='lat' dir='ltr'><strong>necessarium</strong></span> <span class='ocrx_word' id='word_1_205' title='bbox 2700 1733 2832 1787; x_wconf 85' lang='lat' dir='ltr'><strong>ergo</strong></span> <span class='ocrx_word' id='word_1_206' title='bbox 2855 1713 3164 1768; x_wconf 84' lang='lat' dir='ltr'><strong>existimavi</strong></span> <span class='ocrx_word' id='word_1_207' title='bbox 3186 1726 3385 1780; x_wconf 88' lang='lat' dir='ltr'><strong>rogare</strong></span> <span class='ocrx_word' id='word_1_208' title='bbox 3404 1707 3626 1773; x_wconf 85' lang='lat' dir='ltr'><strong>fratres,</strong></span> 
     </span>
    </p>
   </div>
   <div class='ocr_carea' id='block_1_17' title="bbox 363 1797 3630 1878">
    <p class='ocr_par' dir='ltr' id='par_1_17' title="bbox 363 1797 3630 1878">
     <span class='ocr_line' id='line_1_17' title="bbox 363 1797 3630 1878; baseline -0.004 -17"><span class='ocrx_word' id='word_1_209' title='bbox 363 1811 427 1861; x_wconf 90' lang='lat' dir='ltr'><strong>ut</strong></span> <span class='ocrx_word' id='word_1_210' title='bbox 459 1805 804 1877; x_wconf 65' lang='lat' dir='ltr'><strong>praeveniunt</strong></span> <span class='ocrx_word' id='word_1_211' title='bbox 831 1805 902 1859; x_wconf 88' lang='lat' dir='ltr'><strong>ad</strong></span> <span class='ocrx_word' id='word_1_212' title='bbox 929 1821 1045 1872; x_wconf 88' lang='lat' dir='ltr'><strong>vos,</strong></span> <span class='ocrx_word' id='word_1_213' title='bbox 1075 1807 1132 1860; x_wconf 88' lang='lat'><strong>3.</strong></span> <span class='ocrx_word' id='word_1_214' title='bbox 1163 1811 1220 1860; x_wconf 92' lang='lat' dir='ltr'><strong>et</strong></span> <span class='ocrx_word' id='word_1_215' title='bbox 1247 1813 1582 1878; x_wconf 86' lang='lat' dir='ltr'><strong>praeparent,</strong></span> <span class='ocrx_word' id='word_1_216' title='bbox 1622 1811 1827 1876; x_wconf 87' lang='lat' dir='ltr'><strong>parari</strong></span> <span class='ocrx_word' id='word_1_217' title='bbox 1866 1809 2081 1872; x_wconf 81' lang='lat' dir='ltr'><strong>faciant</strong></span> <span class='ocrx_word' id='word_1_218' title='bbox 2109 1823 2144 1859; x_wconf 91' lang='lat' dir='ltr'><strong>a</strong></span> <span class='ocrx_word' id='word_1_219' title='bbox 2174 1807 2336 1871; x_wconf 85' lang='lat' dir='ltr'><strong>vobis,</strong></span> <span class='ocrx_word' id='word_1_220' title='bbox 2379 1805 2773 1876; x_wconf 88' lang='lat' dir='ltr'><strong>repromissam</strong></span> <span class='ocrx_word' id='word_1_221' title='bbox 2813 1801 3257 1858; x_wconf 88' lang='lat' dir='ltr'><strong>benedictionem</strong></span> <span class='ocrx_word' id='word_1_222' title='bbox 3287 1799 3432 1852; x_wconf 90' lang='lat' dir='ltr'><strong>hanc</strong></span> <span class='ocrx_word' id='word_1_223' title='bbox 3455 1797 3630 1866; x_wconf 89' lang='lat' dir='ltr'><strong>(dona</strong></span> 
     </span>
    </p>
   </div>
   <div class='ocr_carea' id='block_1_18' title="bbox 355 1885 3630 1965">
    <p class='ocr_par' dir='ltr' id='par_1_18' title="bbox 355 1885 3630 1965">
     <span class='ocr_line' id='line_1_18' title="bbox 355 1885 3630 1965; baseline -0.003 -17"><span class='ocrx_word' id='word_1_224' title='bbox 355 1895 620 1964; x_wconf 66' lang='lat' dir='ltr'><strong>pecuniae)</strong></span> <span class='ocrx_word' id='word_1_225' title='bbox 652 1898 910 1964; x_wconf 87' lang='lat' dir='ltr'><strong>paratam</strong></span> <span class='ocrx_word' id='word_1_226' title='bbox 940 1910 1091 1948; x_wconf 90' lang='lat' dir='ltr'><strong>essse</strong></span> <span class='ocrx_word' id='word_1_227' title='bbox 1127 1893 1209 1948; x_wconf 91' lang='lat' dir='ltr'><strong>sic</strong></span> <span class='ocrx_word' id='word_1_228' title='bbox 1241 1895 1447 1964; x_wconf 89' lang='lat' dir='ltr'><strong>(datam.</strong></span> <span class='ocrx_word' id='word_1_229' title='bbox 1479 1895 1822 1961; x_wconf 87' lang='lat' dir='ltr'><strong>voluntarie)</strong></span> <span class='ocrx_word' id='word_1_230' title='bbox 1853 1895 2014 1965; x_wconf 89' lang='lat' dir='ltr'><strong>quasi</strong></span> <span class='ocrx_word' id='word_1_231' title='bbox 2043 1894 2504 1960; x_wconf 88' lang='lat' dir='ltr'><strong>benedictionem,</strong></span> <span class='ocrx_word' id='word_1_232' title='bbox 2535 1911 2646 1948; x_wconf 87' lang='lat' dir='ltr'><strong>non</strong></span> <span class='ocrx_word' id='word_1_233' title='bbox 2674 1903 2942 1963; x_wconf 86' lang='lat' dir='ltr'><strong>tanquam</strong></span> <span class='ocrx_word' id='word_1_234' title='bbox 2969 1889 3285 1952; x_wconf 79' lang='lat' dir='ltr'><strong>avaritiam,</strong></span> <span class='ocrx_word' id='word_1_235' title='bbox 3316 1901 3429 1940; x_wconf 91' lang='lat' dir='ltr'><strong>non</strong></span> <span class='ocrx_word' id='word_1_236' title='bbox 3453 1885 3630 1938; x_wconf 83' lang='lat' dir='ltr'><strong>invite</strong></span> 
     </span>
    </p>
   </div>
   <div class='ocr_carea' id='block_1_19' title="bbox 360 1977 3620 2053">
    <p class='ocr_par' dir='ltr' id='par_1_19' title="bbox 360 1977 3620 2053">
     <span class='ocr_line' id='line_1_19' title="bbox 360 1977 3620 2053; baseline -0.003 -18"><span class='ocrx_word' id='word_1_237' title='bbox 360 1984 572 2036; x_wconf 89' lang='lat' dir='ltr'><strong>datam.</strong></span> <span class='ocrx_word' id='word_1_238' title='bbox 615 1981 734 2035; x_wconf 88' lang='lat' dir='ltr'><strong>Hoc</strong></span> <span class='ocrx_word' id='word_1_239' title='bbox 763 1985 952 2036; x_wconf 91' lang='lat' dir='ltr'><strong>autem</strong></span> <span class='ocrx_word' id='word_1_240' title='bbox 993 1982 1137 2049; x_wconf 88' lang='lat' dir='ltr'><strong>dico,</strong></span> <span class='ocrx_word' id='word_1_241' title='bbox 1166 1985 1301 2052; x_wconf 86' lang='lat' dir='ltr'><strong>quia</strong></span> <span class='ocrx_word' id='word_1_242' title='bbox 1331 1999 1498 2036; x_wconf 86' lang='lat' dir='ltr'><strong>avare</strong></span> <span class='ocrx_word' id='word_1_243' title='bbox 1529 1998 1641 2036; x_wconf 88' lang='lat' dir='ltr'><strong>non</strong></span> <span class='ocrx_word' id='word_1_244' title='bbox 1670 1984 1868 2036; x_wconf 84' lang='lat' dir='ltr'><strong>debetis</strong></span> <span class='ocrx_word' id='word_1_245' title='bbox 1896 1985 2049 2048; x_wconf 89' lang='lat' dir='ltr'><strong>dare,</strong></span> <span class='ocrx_word' id='word_1_246' title='bbox 2083 1985 2199 2036; x_wconf 84' lang='lat' dir='ltr'><strong>ideo</strong></span> <span class='ocrx_word' id='word_1_247' title='bbox 2230 1986 2364 2052; x_wconf 86' lang='lat' dir='ltr'><strong>quia</strong></span> <span class='ocrx_word' id='word_1_248' title='bbox 2395 2003 2410 2038; x_wconf 90' lang='lat'><strong><em>:</em></strong></span> <span class='ocrx_word' id='word_1_249' title='bbox 2443 1983 2552 2048; x_wconf 89' lang='lat' dir='ltr'><strong>Qui</strong></span> <span class='ocrx_word' id='word_1_250' title='bbox 2591 1998 2754 2053; x_wconf 90' lang='lat' dir='ltr'><strong>parce</strong></span> <span class='ocrx_word' id='word_1_251' title='bbox 2795 1979 3056 2042; x_wconf 89' lang='lat' dir='ltr'><strong>seminat,</strong></span> <span class='ocrx_word' id='word_1_252' title='bbox 3088 1993 3255 2031; x_wconf 89' lang='lat' dir='ltr'><strong>avare</strong></span> <span class='ocrx_word' id='word_1_253' title='bbox 3287 1977 3403 2039; x_wconf 90' lang='lat' dir='ltr'><strong>dat,</strong></span> <span class='ocrx_word' id='word_1_254' title='bbox 3434 1987 3620 2044; x_wconf 89' lang='lat' dir='ltr'><strong>parce,</strong></span> 
     </span>
    </p>
   </div>
   <div class='ocr_carea' id='block_1_20' title="bbox 361 2063 3620 2140">
    <p class='ocr_par' dir='ltr' id='par_1_20' title="bbox 361 2063 3620 2140">
     <span class='ocr_line' id='line_1_20' title="bbox 361 2063 3620 2140; baseline -0.003 -16"><span class='ocrx_word' id='word_1_255' title='bbox 361 2071 532 2135; x_wconf 85' lang='lat' dir='ltr'><strong>nihil,</strong></span> <span class='ocrx_word' id='word_1_256' title='bbox 549 2075 607 2124; x_wconf 92' lang='lat' dir='ltr'><strong>et</strong></span> <span class='ocrx_word' id='word_1_257' title='bbox 623 2075 827 2137; x_wconf 88' lang='lat' dir='ltr'><strong>metet;</strong></span> <span class='ocrx_word' id='word_1_258' title='bbox 859 2076 917 2123; x_wconf 92' lang='lat' dir='ltr'><strong>et</strong></span> <span class='ocrx_word' id='word_1_259' title='bbox 945 2068 996 2125; x_wconf 78' lang='grc'><strong>4.</strong></span> <span class='ocrx_word' id='word_1_260' title='bbox 1025 2070 1120 2140; x_wconf 91' lang='lat' dir='ltr'><strong>qui</strong></span> <span class='ocrx_word' id='word_1_261' title='bbox 1153 2071 1412 2136; x_wconf 87' lang='lat' dir='ltr'><strong>seminat,</strong></span> <span class='ocrx_word' id='word_1_262' title='bbox 1437 2072 1699 2125; x_wconf 85' lang='lat' dir='ltr'><strong>hilariter</strong></span> <span class='ocrx_word' id='word_1_263' title='bbox 1717 2073 1832 2137; x_wconf 89' lang='lat' dir='ltr'><strong>dat,</strong></span> <span class='ocrx_word' id='word_1_264' title='bbox 1857 2071 1914 2124; x_wconf 91' lang='lat' dir='ltr'><strong>in</strong></span> <span class='ocrx_word' id='word_1_265' title='bbox 1936 2070 2437 2138; x_wconf 83' lang='lat' dir='ltr'><strong>benedictionibus,</strong></span> <span class='ocrx_word' id='word_1_266' title='bbox 2463 2074 2742 2138; x_wconf 86' lang='lat' dir='ltr'><strong>largitate,</strong></span> <span class='ocrx_word' id='word_1_267' title='bbox 2768 2069 2836 2122; x_wconf 92' lang='lat' dir='ltr'><strong>de</strong></span> <span class='ocrx_word' id='word_1_268' title='bbox 2857 2063 3335 2120; x_wconf 86' lang='lat' dir='ltr'><strong>benedictionibus</strong></span> <span class='ocrx_word' id='word_1_269' title='bbox 3350 2067 3407 2116; x_wconf 92' lang='lat' dir='ltr'><strong>et</strong></span> <span class='ocrx_word' id='word_1_270' title='bbox 3427 2065 3620 2115; x_wconf 88' lang='lat' dir='ltr'><strong>metet.</strong></span> 
     </span>
    </p>
   </div>
   <div class='ocr_carea' id='block_1_21' title="bbox 358 2147 3621 2232">
    <p class='ocr_par' dir='ltr' id='par_1_21' title="bbox 358 2147 3621 2232">
     <span class='ocr_line' id='line_1_21' title="bbox 358 2147 3621 2232; baseline -0.001 -18"><span class='ocrx_word' id='word_1_271' title='bbox 358 2158 430 2214; x_wconf 84' lang='lat' dir='ltr'><strong>Et</strong></span> <span class='ocrx_word' id='word_1_272' title='bbox 455 2163 680 2227; x_wconf 82' lang='lat' dir='ltr'><strong>propter</strong></span> <span class='ocrx_word' id='word_1_273' title='bbox 698 2159 812 2222; x_wconf 90' lang='lat' dir='ltr'><strong>hoc,</strong></span> <span class='ocrx_word' id='word_1_274' title='bbox 845 2159 1239 2232; x_wconf 89' lang='lat' dir='ltr'><strong>Unusquisque</strong></span> <span class='ocrx_word' id='word_1_275' title='bbox 1263 2166 1431 2231; x_wconf 91' lang='lat' dir='ltr'><strong>prout</strong></span> <span class='ocrx_word' id='word_1_276' title='bbox 1451 2161 1769 2220; x_wconf 86' lang='lat' dir='ltr'><strong>destinavit,</strong></span> <span class='ocrx_word' id='word_1_277' title='bbox 1793 2164 1901 2213; x_wconf 80' lang='lat' dir='ltr'><strong>sive</strong></span> <span class='ocrx_word' id='word_1_278' title='bbox 1931 2164 2194 2225; x_wconf 83' lang='lat' dir='ltr'><strong>multum,</strong></span> <span class='ocrx_word' id='word_1_279' title='bbox 2219 2163 2327 2214; x_wconf 85' lang='lat' dir='ltr'><strong>sive</strong></span> <span class='ocrx_word' id='word_1_280' title='bbox 2347 2177 2574 2228; x_wconf 87' lang='lat' dir='ltr'><strong>parum,</strong></span> <span class='ocrx_word' id='word_1_281' title='bbox 2601 2159 2656 2212; x_wconf 92' lang='lat' dir='ltr'><strong>in</strong></span> <span class='ocrx_word' id='word_1_282' title='bbox 2685 2157 2849 2212; x_wconf 90' lang='lat' dir='ltr'><strong>corde</strong></span> <span class='ocrx_word' id='word_1_283' title='bbox 2879 2171 3000 2219; x_wconf 88' lang='lat' dir='ltr'><strong>suo,</strong></span> <span class='ocrx_word' id='word_1_284' title='bbox 3025 2155 3110 2206; x_wconf 87' lang='lat' dir='ltr'><strong>det</strong></span> <span class='ocrx_word' id='word_1_285' title='bbox 3139 2167 3252 2205; x_wconf 89' lang='lat' dir='ltr'><strong>non</strong></span> <span class='ocrx_word' id='word_1_286' title='bbox 3277 2167 3342 2204; x_wconf 86' lang='lat' dir='ltr'><strong>ex</strong></span> <span class='ocrx_word' id='word_1_287' title='bbox 3370 2147 3621 2212; x_wconf 65' lang='lat' dir='ltr'><strong>tristitia.</strong></span> 
     </span>
    </p>
   </div>
   <div class='ocr_carea' id='block_1_22' title="bbox 361 2238 3627 2315">
    <p class='ocr_par' dir='ltr' id='par_1_22' title="bbox 361 2238 3627 2315">
     <span class='ocr_line' id='line_1_22' title="bbox 361 2238 3627 2315; baseline -0.004 -13"><span class='ocrx_word' id='word_1_288' title='bbox 361 2252 462 2302; x_wconf 90' lang='lat' dir='ltr'><strong>aut</strong></span> <span class='ocrx_word' id='word_1_289' title='bbox 489 2263 554 2301; x_wconf 86' lang='lat' dir='ltr'><strong>ex</strong></span> <span class='ocrx_word' id='word_1_290' title='bbox 585 2247 937 2310; x_wconf 86' lang='lat' dir='ltr'><strong>necessitate,</strong></span> <span class='ocrx_word' id='word_1_291' title='bbox 972 2250 1032 2302; x_wconf 88' lang='lat' dir='ltr'><strong>id</strong></span> <span class='ocrx_word' id='word_1_292' title='bbox 1064 2253 1158 2315; x_wconf 85' lang='lat' dir='ltr'><strong>est,</strong></span> <span class='ocrx_word' id='word_1_293' title='bbox 1191 2253 1483 2315; x_wconf 89' lang='lat' dir='ltr'><strong>coactione,</strong></span> <span class='ocrx_word' id='word_1_294' title='bbox 1519 2250 1610 2303; x_wconf 89' lang='lat' dir='ltr'><strong>sed</strong></span> <span class='ocrx_word' id='word_1_295' title='bbox 1646 2251 1967 2314; x_wconf 81' lang='lat' dir='ltr'><strong>hilaritate;</strong></span> <span class='ocrx_word' id='word_1_296' title='bbox 2008 2248 2244 2301; x_wconf 89' lang='lat' dir='ltr'><strong>hilarem</strong></span> <span class='ocrx_word' id='word_1_297' title='bbox 2283 2249 2434 2302; x_wconf 88' lang='lat' dir='ltr'><strong>enim</strong></span> <span class='ocrx_word' id='word_1_298' title='bbox 2472 2247 2726 2302; x_wconf 88' lang='lat' dir='ltr'><strong>datorem</strong></span> <span class='ocrx_word' id='word_1_299' title='bbox 2763 2243 2946 2314; x_wconf 86' lang='lat' dir='ltr'><strong>diligit</strong></span> <span class='ocrx_word' id='word_1_300' title='bbox 2974 2242 3146 2296; x_wconf 88' lang='lat' dir='ltr'><strong>Deus.</strong></span> <span class='ocrx_word' id='word_1_301' title='bbox 3185 2240 3249 2292; x_wconf 86' lang='lat' dir='ltr'><strong>Et</strong></span> <span class='ocrx_word' id='word_1_302' title='bbox 3280 2254 3347 2292; x_wconf 90' lang='lat' dir='ltr'><strong>ne</strong></span> <span class='ocrx_word' id='word_1_303' title='bbox 3386 2238 3627 2290; x_wconf 87' lang='lat' dir='ltr'><strong>timeatis</strong></span> 
     </span>
    </p>
   </div>
   <div class='ocr_carea' id='block_1_23' title="bbox 272 2322 3628 2408">
    <p class='ocr_par' dir='ltr' id='par_1_23' title="bbox 272 2322 3628 2408">
     <span class='ocr_line' id='line_1_23' title="bbox 272 2322 3628 2408; baseline -0.004 -18"><span class='ocrx_word' id='word_1_304' title='bbox 272 2358 274 2360; x_wconf 51' lang='grc' dir='ltr'><strong><em>ν</em></strong></span> <span class='ocrx_word' id='word_1_305' title='bbox 357 2337 597 2403; x_wconf 82' lang='lat' dir='ltr'><strong>deficere.</strong></span> <span class='ocrx_word' id='word_1_306' title='bbox 614 2336 820 2391; x_wconf 88' lang='lat' dir='ltr'><strong>Potens</strong></span> <span class='ocrx_word' id='word_1_307' title='bbox 841 2342 926 2391; x_wconf 90' lang='lat' dir='ltr'><strong>est</strong></span> <span class='ocrx_word' id='word_1_308' title='bbox 951 2341 1160 2399; x_wconf 88' lang='lat' dir='ltr'><strong>autem,</strong></span> <span class='ocrx_word' id='word_1_309' title='bbox 1186 2341 1357 2402; x_wconf 88' lang='lat' dir='ltr'><strong>enim,</strong></span> <span class='ocrx_word' id='word_1_310' title='bbox 1382 2339 1532 2392; x_wconf 89' lang='lat' dir='ltr'><strong>Deus</strong></span> <span class='ocrx_word' id='word_1_311' title='bbox 1553 2355 1777 2392; x_wconf 91' lang='lat' dir='ltr'><strong>omnem</strong></span> <span class='ocrx_word' id='word_1_312' title='bbox 1805 2337 2070 2408; x_wconf 82' lang='lat' dir='ltr'><strong>gratiam,</strong></span> <span class='ocrx_word' id='word_1_313' title='bbox 2088 2340 2441 2406; x_wconf 73' lang='lat' dir='ltr'><strong>spiritualem</strong></span> <span class='ocrx_word' id='word_1_314' title='bbox 2465 2339 2824 2404; x_wconf 84' lang='lat' dir='ltr'><strong>corporalem,</strong></span> <span class='ocrx_word' id='word_1_315' title='bbox 2848 2329 3136 2385; x_wconf 90' lang='lat' dir='ltr'><strong>abundare</strong></span> <span class='ocrx_word' id='word_1_316' title='bbox 3157 2327 3342 2382; x_wconf 87' lang='lat' dir='ltr'><strong>facere</strong></span> <span class='ocrx_word' id='word_1_317' title='bbox 3362 2324 3420 2379; x_wconf 90' lang='lat' dir='ltr'><strong>in</strong></span> <span class='ocrx_word' id='word_1_318' title='bbox 3449 2322 3628 2389; x_wconf 86' lang='lat' dir='ltr'><strong>vobis,</strong></span> 
     </span>
    </p>
   </div>
   <div class='ocr_carea' id='block_1_24' title="bbox 355 2416 3633 2495">
    <p class='ocr_par' dir='ltr' id='par_1_24' title="bbox 355 2416 3633 2495">
     <span class='ocr_line' id='line_1_24' title="bbox 355 2416 3633 2495; baseline -0.003 -17"><span class='ocrx_word' id='word_1_319' title='bbox 355 2423 451 2490; x_wconf 88' lang='lat' dir='ltr'><strong>(ne</strong></span> <span class='ocrx_word' id='word_1_320' title='bbox 479 2427 603 2492; x_wconf 88' lang='lat' dir='ltr'><strong>quis</strong></span> <span class='ocrx_word' id='word_1_321' title='bbox 629 2425 829 2478; x_wconf 88' lang='lat' dir='ltr'><strong>diceret</strong></span> <span class='ocrx_word' id='word_1_322' title='bbox 851 2443 865 2478; x_wconf 94' lang='lat'><strong><em>:</em></strong></span> <span class='ocrx_word' id='word_1_323' title='bbox 886 2425 951 2480; x_wconf 90' lang='lat' dir='ltr'><strong>Si</strong></span> <span class='ocrx_word' id='word_1_324' title='bbox 979 2427 1171 2479; x_wconf 89' lang='lat' dir='ltr'><strong>darem</strong></span> <span class='ocrx_word' id='word_1_325' title='bbox 1197 2442 1315 2495; x_wconf 70' lang='lat' dir='ltr'><strong>quae</strong></span> <span class='ocrx_word' id='word_1_326' title='bbox 1341 2427 1523 2490; x_wconf 82' lang='lat' dir='ltr'><strong>habeo,</strong></span> <span class='ocrx_word' id='word_1_327' title='bbox 1551 2431 1737 2494; x_wconf 85' lang='lat' dir='ltr'><strong>postea</strong></span> <span class='ocrx_word' id='word_1_328' title='bbox 1765 2443 1996 2493; x_wconf 84' lang='lat' dir='ltr'><strong>egerem,</strong></span> <span class='ocrx_word' id='word_1_329' title='bbox 2021 2428 2333 2494; x_wconf 71' lang='lat' dir='ltr'><strong>subjunait.</strong></span> <span class='ocrx_word' id='word_1_330' title='bbox 2359 2429 2548 2480; x_wconf 87' lang='lat' dir='ltr'><strong>Potens</strong></span> <span class='ocrx_word' id='word_1_331' title='bbox 2578 2429 2650 2478; x_wconf 86' lang='lat' dir='ltr'><strong>est</strong></span> <span class='ocrx_word' id='word_1_332' title='bbox 2681 2424 2821 2477; x_wconf 81' lang='lat' dir='ltr'><strong>Deus</strong></span> <span class='ocrx_word' id='word_1_333' title='bbox 2841 2435 3059 2474; x_wconf 89' lang='lat' dir='ltr'><strong>omnem</strong></span> <span class='ocrx_word' id='word_1_334' title='bbox 3077 2419 3324 2487; x_wconf 87' lang='lat' dir='ltr'><strong>gratiam</strong></span> <span class='ocrx_word' id='word_1_335' title='bbox 3341 2416 3633 2469; x_wconf 81' lang='lat' dir='ltr'><strong>abundare</strong></span> 
     </span>
    </p>
   </div>
   <div class='ocr_carea' id='block_1_25' title="bbox 358 2505 3631 2584">
    <p class='ocr_par' dir='ltr' id='par_1_25' title="bbox 358 2505 3631 2584">
     <span class='ocr_line' id='line_1_25' title="bbox 358 2505 3631 2584; baseline -0.003 -18"><span class='ocrx_word' id='word_1_336' title='bbox 358 2512 556 2580; x_wconf 84' lang='lat' dir='ltr'><strong>facere,</strong></span> <span class='ocrx_word' id='word_1_337' title='bbox 574 2513 634 2565; x_wconf 93' lang='lat' dir='ltr'><strong>id</strong></span> <span class='ocrx_word' id='word_1_338' title='bbox 649 2517 742 2579; x_wconf 89' lang='lat' dir='ltr'><strong>est,</strong></span> <span class='ocrx_word' id='word_1_339' title='bbox 755 2516 1287 2582; x_wconf 80' lang='lat' dir='ltr'><strong>justiﬁcationem,et</strong></span> <span class='ocrx_word' id='word_1_340' title='bbox 1302 2517 1515 2583; x_wconf 84' lang='lat' dir='ltr'><strong>copiam</strong></span> <span class='ocrx_word' id='word_1_341' title='bbox 1533 2531 1726 2568; x_wconf 86' lang='lat' dir='ltr'><strong>rerum</strong></span> <span class='ocrx_word' id='word_1_342' title='bbox 1741 2513 2024 2584; x_wconf 85' lang='lat' dir='ltr'><strong>tribuere),</strong></span> <span class='ocrx_word' id='word_1_343' title='bbox 2041 2519 2102 2569; x_wconf 92' lang='lat' dir='ltr'><strong>ut</strong></span> <span class='ocrx_word' id='word_1_344' title='bbox 2122 2514 2180 2567; x_wconf 89' lang='lat' dir='ltr'><strong>in</strong></span> <span class='ocrx_word' id='word_1_345' title='bbox 2197 2512 2456 2567; x_wconf 87' lang='lat' dir='ltr'><strong>omnibus</strong></span> <span class='ocrx_word' id='word_1_346' title='bbox 2472 2528 2694 2583; x_wconf 88' lang='lat' dir='ltr'><strong>semper</strong></span> <span class='ocrx_word' id='word_1_347' title='bbox 2707 2525 2933 2564; x_wconf 89' lang='lat' dir='ltr'><strong>omnem</strong></span> <span class='ocrx_word' id='word_1_348' title='bbox 2951 2505 3346 2562; x_wconf 86' lang='lat' dir='ltr'><strong>sufﬁcientiam</strong></span> <span class='ocrx_word' id='word_1_349' title='bbox 3360 2505 3631 2572; x_wconf 87' lang='lat' dir='ltr'><strong>corporis,</strong></span> 
     </span>
    </p>
   </div>
   <div class='ocr_carea' id='block_1_26' title="bbox 358 2592 3632 2674">
    <p class='ocr_par' dir='ltr' id='par_1_26' title="bbox 358 2592 3632 2674">
     <span class='ocr_line' id='line_1_26' title="bbox 358 2592 3632 2674; baseline -0.003 -20"><span class='ocrx_word' id='word_1_350' title='bbox 358 2603 408 2654; x_wconf 83' lang='lat' dir='ltr'><strong>et</strong></span> <span class='ocrx_word' id='word_1_351' title='bbox 431 2602 635 2654; x_wconf 62' lang='lat' dir='ltr'><strong>anima</strong></span> <span class='ocrx_word' id='word_1_352' title='bbox 653 2599 942 2667; x_wconf 89' lang='lat' dir='ltr'><strong>habentes,</strong></span> <span class='ocrx_word' id='word_1_353' title='bbox 970 2600 1269 2656; x_wconf 89' lang='lat' dir='ltr'><strong>abundetis</strong></span> <span class='ocrx_word' id='word_1_354' title='bbox 1292 2601 1351 2656; x_wconf 91' lang='lat' dir='ltr'><strong>in</strong></span> <span class='ocrx_word' id='word_1_355' title='bbox 1372 2619 1536 2656; x_wconf 90' lang='lat' dir='ltr'><strong>omne</strong></span> <span class='ocrx_word' id='word_1_356' title='bbox 1557 2618 1698 2674; x_wconf 90' lang='lat' dir='ltr'><strong>opus</strong></span> <span class='ocrx_word' id='word_1_357' title='bbox 1717 2601 1948 2666; x_wconf 90' lang='lat' dir='ltr'><strong>bonum,</strong></span> <span class='ocrx_word' id='word_1_358' title='bbox 1969 2603 2116 2658; x_wconf 89' lang='lat' dir='ltr'><strong>sicut</strong></span> <span class='ocrx_word' id='word_1_359' title='bbox 2139 2603 2410 2673; x_wconf 90' lang='lat' dir='ltr'><strong>scriptum</strong></span> <span class='ocrx_word' id='word_1_360' title='bbox 2432 2608 2519 2656; x_wconf 89' lang='lat' dir='ltr'><strong>est</strong></span> <span class='ocrx_word' id='word_1_361' title='bbox 2543 2605 2606 2655; x_wconf 88' lang='lat' dir='ltr'><strong>in</strong></span> <span class='ocrx_word' id='word_1_362' title='bbox 2621 2604 2836 2670; x_wconf 90' lang='lat' dir='ltr'><strong>psalmo</strong></span> <span class='ocrx_word' id='word_1_363' title='bbox 2861 2612 2925 2652; x_wconf 80' lang='grc' dir='ltr'><strong>ιιι</strong></span> <span class='ocrx_word' id='word_1_364' title='bbox 2951 2615 2962 2650; x_wconf 91' lang='lat'><strong>:</strong></span> <span class='ocrx_word' id='word_1_365' title='bbox 2990 2594 3280 2667; x_wconf 90' lang='lat' dir='ltr'><strong>Dispersit,</strong></span> <span class='ocrx_word' id='word_1_366' title='bbox 3303 2592 3460 2647; x_wconf 89' lang='lat' dir='ltr'><strong>dedit</strong></span> <span class='ocrx_word' id='word_1_367' title='bbox 3483 2607 3632 2664; x_wconf 87' lang='lat' dir='ltr'><strong>pau-</strong></span> 
     </span>
    </p>
   </div>
   <div class='ocr_carea' id='block_1_27' title="bbox 356 2682 3632 2760">
    <p class='ocr_par' dir='ltr' id='par_1_27' title="bbox 356 2682 3632 2760">
     <span class='ocr_line' id='line_1_27' title="bbox 356 2682 3632 2760; baseline -0.003 -16"><span class='ocrx_word' id='word_1_368' title='bbox 356 2687 614 2760; x_wconf 88' lang='lat' dir='ltr'><strong>peribus;</strong></span> <span class='ocrx_word' id='word_1_369' title='bbox 639 2688 690 2742; x_wconf 84' lang='lat'><strong>5.</strong></span> <span class='ocrx_word' id='word_1_370' title='bbox 708 2689 936 2759; x_wconf 88' lang='lat' dir='ltr'><strong>justitia</strong></span> <span class='ocrx_word' id='word_1_371' title='bbox 955 2690 1074 2759; x_wconf 84' lang='lat' dir='ltr'><strong>ejus</strong></span> <span class='ocrx_word' id='word_1_372' title='bbox 1098 2695 1290 2744; x_wconf 88' lang='lat' dir='ltr'><strong>manet</strong></span> <span class='ocrx_word' id='word_1_373' title='bbox 1308 2689 1366 2743; x_wconf 90' lang='lat' dir='ltr'><strong>in</strong></span> <span class='ocrx_word' id='word_1_374' title='bbox 1397 2690 1664 2745; x_wconf 67' lang='lat' dir='ltr'><strong>saeculum</strong></span> <span class='ocrx_word' id='word_1_375' title='bbox 1683 2691 1887 2746; x_wconf 80' lang='lat' dir='ltr'><strong>saeculi.</strong></span> <span class='ocrx_word' id='word_1_376' title='bbox 1903 2693 2172 2759; x_wconf 87' lang='lat' dir='ltr'><strong>Descripta</strong></span> <span class='ocrx_word' id='word_1_377' title='bbox 2187 2706 2290 2758; x_wconf 86' lang='lat' dir='ltr'><strong>pro</strong></span> <span class='ocrx_word' id='word_1_378' title='bbox 2311 2691 2619 2758; x_wconf 87' lang='lat' dir='ltr'><strong>descriptio.</strong></span> <span class='ocrx_word' id='word_1_379' title='bbox 2635 2684 2690 2744; x_wconf 87' lang='lat'><strong>6.</strong></span> <span class='ocrx_word' id='word_1_380' title='bbox 2705 2686 2813 2751; x_wconf 86' lang='lat' dir='ltr'><strong>Qui</strong></span> <span class='ocrx_word' id='word_1_381' title='bbox 2839 2690 3032 2740; x_wconf 89' lang='lat' dir='ltr'><strong>autem</strong></span> <span class='ocrx_word' id='word_1_382' title='bbox 3055 2682 3412 2737; x_wconf 88' lang='lat' dir='ltr'><strong>administrat</strong></span> <span class='ocrx_word' id='word_1_383' title='bbox 3434 2697 3632 2736; x_wconf 88' lang='lat' dir='ltr'><strong>semen</strong></span> 
     </span>
    </p>
   </div>
   <div class='ocr_carea' id='block_1_28' title="bbox 359 2771 3626 2849">
    <p class='ocr_par' dir='ltr' id='par_1_28' title="bbox 359 2771 3626 2849">
     <span class='ocr_line' id='line_1_28' title="bbox 359 2771 3626 2849; baseline -0.002 -19"><span class='ocrx_word' id='word_1_384' title='bbox 359 2779 504 2846; x_wconf 86' lang='lat' dir='ltr'><strong>quod</strong></span> <span class='ocrx_word' id='word_1_385' title='bbox 531 2778 616 2830; x_wconf 86' lang='lat' dir='ltr'><strong>det</strong></span> <span class='ocrx_word' id='word_1_386' title='bbox 648 2777 972 2843; x_wconf 87' lang='lat' dir='ltr'><strong>seminanti,</strong></span> <span class='ocrx_word' id='word_1_387' title='bbox 1011 2780 1209 2843; x_wconf 87' lang='lat' dir='ltr'><strong>danti;</strong></span> <span class='ocrx_word' id='word_1_388' title='bbox 1237 2783 1294 2832; x_wconf 93' lang='lat' dir='ltr'><strong>et</strong></span> <span class='ocrx_word' id='word_1_389' title='bbox 1322 2795 1546 2849; x_wconf 89' lang='lat' dir='ltr'><strong>panem,</strong></span> <span class='ocrx_word' id='word_1_390' title='bbox 1569 2782 1780 2848; x_wconf 86' lang='lat' dir='ltr'><strong>copiam</strong></span> <span class='ocrx_word' id='word_1_391' title='bbox 1815 2795 2028 2842; x_wconf 89' lang='lat' dir='ltr'><strong>rerum,</strong></span> <span class='ocrx_word' id='word_1_392' title='bbox 2050 2779 2120 2832; x_wconf 90' lang='lat' dir='ltr'><strong>ad</strong></span> <span class='ocrx_word' id='word_1_393' title='bbox 2147 2780 2623 2846; x_wconf 89' lang='lat' dir='ltr'><strong>manducandum,</strong></span> <span class='ocrx_word' id='word_1_394' title='bbox 2647 2781 2774 2832; x_wconf 89' lang='lat' dir='ltr'><strong>dato</strong></span> <span class='ocrx_word' id='word_1_395' title='bbox 2803 2780 2922 2842; x_wconf 90' lang='lat' dir='ltr'><strong>illo,</strong></span> <span class='ocrx_word' id='word_1_396' title='bbox 2953 2777 3098 2830; x_wconf 82' lang='lat' dir='ltr'><strong>vobis</strong></span> <span class='ocrx_word' id='word_1_397' title='bbox 3127 2771 3430 2845; x_wconf 86' lang='lat' dir='ltr'><strong>praestabit,</strong></span> <span class='ocrx_word' id='word_1_398' title='bbox 3464 2771 3516 2825; x_wconf 87' lang='grc'><strong>’7.</strong></span> <span class='ocrx_word' id='word_1_399' title='bbox 3548 2776 3626 2825; x_wconf 69' lang='grc' dir='ltr'><strong>ριν</strong></span> 
     </span>
    </p>
   </div>
   <div class='ocr_carea' id='block_1_29' title="bbox 357 2861 3630 2938">
    <p class='ocr_par' dir='ltr' id='par_1_29' title="bbox 357 2861 3630 2938">
     <span class='ocr_line' id='line_1_29' title="bbox 357 2861 3630 2938; baseline -0.002 -20"><span class='ocrx_word' id='word_1_400' title='bbox 357 2869 421 2918; x_wconf 91' lang='lat' dir='ltr'><strong>ut</strong></span> <span class='ocrx_word' id='word_1_401' title='bbox 441 2867 573 2919; x_wconf 89' lang='lat' dir='ltr'><strong>aliis</strong></span> <span class='ocrx_word' id='word_1_402' title='bbox 603 2873 634 2930; x_wconf 78' lang='grc' dir='ltr'>ι</span> <span class='ocrx_word' id='word_1_403' title='bbox 650 2871 777 2931; x_wconf 67' lang='grc' dir='ltr'><strong>οδ</strong></span> <span class='ocrx_word' id='word_1_404' title='bbox 793 2869 1224 2920; x_wconf 81' lang='lat' dir='ltr'><strong>subministrare</strong></span> <span class='ocrx_word' id='word_1_405' title='bbox 1239 2871 1478 2935; x_wconf 84' lang='lat' dir='ltr'><strong>possitis,</strong></span> <span class='ocrx_word' id='word_1_406' title='bbox 1500 2867 1896 2938; x_wconf 89' lang='lat' dir='ltr'><strong>multiplicabit</strong></span> <span class='ocrx_word' id='word_1_407' title='bbox 1914 2885 2105 2923; x_wconf 89' lang='lat' dir='ltr'><strong>semen</strong></span> <span class='ocrx_word' id='word_1_408' title='bbox 2128 2875 2396 2932; x_wconf 89' lang='lat' dir='ltr'><strong>vestrum,</strong></span> <span class='ocrx_word' id='word_1_409' title='bbox 2413 2874 2471 2922; x_wconf 90' lang='lat' dir='ltr'><strong>et</strong></span> <span class='ocrx_word' id='word_1_410' title='bbox 2495 2862 3385 2937; x_wconf 71' lang='lat' dir='ltr'><strong>augebit(repetitiolincrementa</strong></span> <span class='ocrx_word' id='word_1_411' title='bbox 3401 2861 3630 2930; x_wconf 86' lang='lat' dir='ltr'><strong>frugum</strong></span> 
     </span>
    </p>
   </div>
   <div class='ocr_carea' id='block_1_30' title="bbox 357 2949 3630 3030">
    <p class='ocr_par' dir='ltr' id='par_1_30' title="bbox 357 2949 3630 3030">
     <span class='ocr_line' id='line_1_30' title="bbox 357 2949 3630 3030; baseline -0.002 -22"><span class='ocrx_word' id='word_1_412' title='bbox 357 2953 585 3030; x_wconf 68' lang='lat' dir='ltr'><strong>iustitiae</strong></span> <span class='ocrx_word' id='word_1_413' title='bbox 610 2961 836 3023; x_wconf 74' lang='lat' dir='ltr'><strong>vestrae;</strong></span> <span class='ocrx_word' id='word_1_414' title='bbox 871 2958 1012 3010; x_wconf 91' lang='lat' dir='ltr'><strong>bona</strong></span> <span class='ocrx_word' id='word_1_415' title='bbox 1039 2973 1202 3025; x_wconf 85' lang='lat' dir='ltr'><strong>opera</strong></span> <span class='ocrx_word' id='word_1_416' title='bbox 1223 2958 1422 3025; x_wconf 88' lang='lat' dir='ltr'><strong>quibus</strong></span> <span class='ocrx_word' id='word_1_417' title='bbox 1437 2960 1848 3024; x_wconf 82' lang='lat' dir='ltr'><strong>justiﬁeemini,</strong></span> <span class='ocrx_word' id='word_1_418' title='bbox 1883 2963 1947 3012; x_wconf 91' lang='lat' dir='ltr'><strong>ut</strong></span> <span class='ocrx_word' id='word_1_419' title='bbox 1975 2958 2032 3010; x_wconf 92' lang='lat' dir='ltr'><strong>in</strong></span> <span class='ocrx_word' id='word_1_420' title='bbox 2062 2957 2322 3011; x_wconf 89' lang='lat' dir='ltr'><strong>omnibus</strong></span> <span class='ocrx_word' id='word_1_421' title='bbox 2348 2959 2632 3025; x_wconf 80' lang='lat' dir='ltr'><strong>(repetitio)</strong></span> <span class='ocrx_word' id='word_1_422' title='bbox 2663 2952 2983 3024; x_wconf 89' lang='lat' dir='ltr'><strong>locupletati</strong></span> <span class='ocrx_word' id='word_1_423' title='bbox 3003 2950 3302 3005; x_wconf 89' lang='lat' dir='ltr'><strong>abundetis</strong></span> <span class='ocrx_word' id='word_1_424' title='bbox 3323 2949 3381 3003; x_wconf 90' lang='lat' dir='ltr'><strong>in</strong></span> <span class='ocrx_word' id='word_1_425' title='bbox 3401 2964 3630 3003; x_wconf 85' lang='lat' dir='ltr'><strong>omnem</strong></span> 
     </span>
    </p>
   </div>
   <div class='ocr_carea' id='block_1_31' title="bbox 356 3041 3631 3115">
    <p class='ocr_par' dir='ltr' id='par_1_31' title="bbox 356 3041 3631 3115">
     <span class='ocr_line' id='line_1_31' title="bbox 356 3041 3631 3115; baseline -0.002 -17"><span class='ocrx_word' id='word_1_426' title='bbox 356 3042 798 3113; x_wconf 89' lang='lat' dir='ltr'><strong>simplicitatem,</strong></span> <span class='ocrx_word' id='word_1_427' title='bbox 837 3060 962 3114; x_wconf 61' lang='lat' dir='ltr'><strong>qua</strong></span> <span class='ocrx_word' id='word_1_428' title='bbox 1003 3050 1270 3115; x_wconf 88' lang='lat' dir='ltr'><strong>operatur</strong></span> <span class='ocrx_word' id='word_1_429' title='bbox 1297 3061 1398 3115; x_wconf 90' lang='lat' dir='ltr'><strong>per</strong></span> <span class='ocrx_word' id='word_1_430' title='bbox 1435 3061 1536 3098; x_wconf 92' lang='lat' dir='ltr'><strong>nos</strong></span> <span class='ocrx_word' id='word_1_431' title='bbox 1572 3045 1886 3114; x_wconf 89' lang='lat' dir='ltr'><strong>gratiarum</strong></span> <span class='ocrx_word' id='word_1_432' title='bbox 1931 3045 2209 3099; x_wconf 88' lang='lat' dir='ltr'><strong>actionem</strong></span> <span class='ocrx_word' id='word_1_433' title='bbox 2238 3045 2372 3108; x_wconf 93' lang='lat' dir='ltr'><strong>Deo,</strong></span> <span class='ocrx_word' id='word_1_434' title='bbox 2410 3045 2469 3097; x_wconf 88' lang='lat' dir='ltr'><strong>id</strong></span> <span class='ocrx_word' id='word_1_435' title='bbox 2505 3049 2600 3108; x_wconf 90' lang='lat' dir='ltr'><strong>est,</strong></span> <span class='ocrx_word' id='word_1_436' title='bbox 2648 3044 3029 3095; x_wconf 86' lang='lat' dir='ltr'><strong>ministerium</strong></span> <span class='ocrx_word' id='word_1_437' title='bbox 3061 3045 3336 3104; x_wconf 88' lang='lat' dir='ltr'><strong>nostrum,</strong></span> <span class='ocrx_word' id='word_1_438' title='bbox 3369 3041 3631 3106; x_wconf 85' lang='lat' dir='ltr'><strong>aperante</strong></span> 
     </span>
    </p>
   </div>
   <div class='ocr_carea' id='block_1_32' title="bbox 357 3125 3624 3200">
    <p class='ocr_par' dir='ltr' id='par_1_32' title="bbox 357 3125 3624 3200">
     <span class='ocr_line' id='line_1_32' title="bbox 357 3125 3624 3200; baseline -0.002 -16"><span class='ocrx_word' id='word_1_439' title='bbox 357 3133 714 3198; x_wconf 75' lang='lat' dir='ltr'><strong>simplicitate</strong></span> <span class='ocrx_word' id='word_1_440' title='bbox 735 3137 934 3197; x_wconf 83' lang='lat' dir='ltr'><strong>vestra,</strong></span> <span class='ocrx_word' id='word_1_441' title='bbox 959 3137 1220 3200; x_wconf 86' lang='lat' dir='ltr'><strong>operatur</strong></span> <span class='ocrx_word' id='word_1_442' title='bbox 1236 3135 1559 3200; x_wconf 85' lang='lat' dir='ltr'><strong>gratiarum</strong></span> <span class='ocrx_word' id='word_1_443' title='bbox 1577 3136 1846 3186; x_wconf 72' lang='lat' dir='ltr'><strong>actionem</strong></span> <span class='ocrx_word' id='word_1_444' title='bbox 1867 3134 1990 3187; x_wconf 83' lang='lat' dir='ltr'><strong>Deo.</strong></span> <span class='ocrx_word' id='word_1_445' title='bbox 2017 3133 2293 3197; x_wconf 89' lang='lat' dir='ltr'><strong>Quoniam</strong></span> <span class='ocrx_word' id='word_1_446' title='bbox 2311 3136 2658 3200; x_wconf 83' lang='lat' dir='ltr'><strong>(gratiarum</strong></span> <span class='ocrx_word' id='word_1_447' title='bbox 2675 3133 2946 3185; x_wconf 87' lang='lat' dir='ltr'><strong>actionem</strong></span> <span class='ocrx_word' id='word_1_448' title='bbox 2966 3131 3200 3198; x_wconf 68' lang='lat' dir='ltr'><strong>exponit)</strong></span> <span class='ocrx_word' id='word_1_449' title='bbox 3224 3125 3624 3191; x_wconf 89' lang='lat' dir='ltr'><strong>ministerium,</strong></span> 
     </span>
    </p>
   </div>
   <div class='ocr_carea' id='block_1_33' title="bbox 361 3215 3627 3290">
    <p class='ocr_par' dir='ltr' id='par_1_33' title="bbox 361 3215 3627 3290">
     <span class='ocr_line' id='line_1_33' title="bbox 361 3215 3627 3290; baseline -0 -20"><span class='ocrx_word' id='word_1_450' title='bbox 361 3217 423 3272; x_wconf 82' lang='lat' dir='ltr'><strong>id</strong></span> <span class='ocrx_word' id='word_1_451' title='bbox 439 3224 532 3284; x_wconf 88' lang='lat' dir='ltr'><strong>est,</strong></span> <span class='ocrx_word' id='word_1_452' title='bbox 554 3219 974 3273; x_wconf 88' lang='lat' dir='ltr'><strong>administratio</strong></span> <span class='ocrx_word' id='word_1_453' title='bbox 989 3221 1251 3284; x_wconf 85' lang='lat' dir='ltr'><strong>dationis,</strong></span> <span class='ocrx_word' id='word_1_454' title='bbox 1277 3219 1445 3290; x_wconf 89' lang='lat' dir='ltr'><strong>hujus</strong></span> <span class='ocrx_word' id='word_1_455' title='bbox 1464 3221 1650 3288; x_wconf 90' lang='lat' dir='ltr'><strong>ofﬁcii,</strong></span> <span class='ocrx_word' id='word_1_456' title='bbox 1671 3224 2046 3289; x_wconf 86' lang='lat' dir='ltr'><strong>simplicitatis</strong></span> <span class='ocrx_word' id='word_1_457' title='bbox 2062 3229 2267 3288; x_wconf 69' lang='lat' dir='ltr'><strong>vestrae,</strong></span> <span class='ocrx_word' id='word_1_458' title='bbox 2282 3221 2335 3277; x_wconf 89' lang='lat'><strong>8.</strong></span> <span class='ocrx_word' id='word_1_459' title='bbox 2357 3238 2469 3276; x_wconf 91' lang='lat' dir='ltr'><strong>non</strong></span> <span class='ocrx_word' id='word_1_460' title='bbox 2486 3221 2667 3275; x_wconf 90' lang='lat' dir='ltr'><strong>solum</strong></span> <span class='ocrx_word' id='word_1_461' title='bbox 2689 3220 2914 3290; x_wconf 88' lang='lat' dir='ltr'><strong>supplet</strong></span> <span class='ocrx_word' id='word_1_462' title='bbox 2935 3235 3000 3272; x_wconf 89' lang='lat' dir='ltr'><strong>ea</strong></span> <span class='ocrx_word' id='word_1_463' title='bbox 3025 3234 3147 3288; x_wconf 65' lang='lat' dir='ltr'><strong>que</strong></span> <span class='ocrx_word' id='word_1_464' title='bbox 3167 3217 3374 3272; x_wconf 88' lang='lat' dir='ltr'><strong>desunt</strong></span> <span class='ocrx_word' id='word_1_465' title='bbox 3396 3215 3627 3282; x_wconf 87' lang='lat' dir='ltr'><strong>sanctis,</strong></span> 
     </span>
    </p>
   </div>
   <div class='ocr_carea' id='block_1_34' title="bbox 359 3305 3632 3380">
    <p class='ocr_par' dir='ltr' id='par_1_34' title="bbox 359 3305 3632 3380">
     <span class='ocr_line' id='line_1_34' title="bbox 359 3305 3632 3380; baseline -0.002 -19"><span class='ocrx_word' id='word_1_466' title='bbox 359 3311 434 3361; x_wconf 87' lang='lat' dir='ltr'><strong>est</strong></span> <span class='ocrx_word' id='word_1_467' title='bbox 459 3311 899 3376; x_wconf 86' lang='lat' dir='ltr'><strong>supplementum</strong></span> <span class='ocrx_word' id='word_1_468' title='bbox 930 3311 1130 3376; x_wconf 60' lang='lat' dir='ltr'><strong>inopia</strong></span> <span class='ocrx_word' id='word_1_469' title='bbox 1152 3314 1494 3374; x_wconf 88' lang='lat' dir='ltr'><strong>sanctorum,</strong></span> <span class='ocrx_word' id='word_1_470' title='bbox 1517 3309 1612 3362; x_wconf 89' lang='lat' dir='ltr'><strong>sed</strong></span> <span class='ocrx_word' id='word_1_471' title='bbox 1637 3309 1806 3362; x_wconf 89' lang='lat' dir='ltr'><strong>etiam</strong></span> <span class='ocrx_word' id='word_1_472' title='bbox 1843 3309 2095 3364; x_wconf 87' lang='lat' dir='ltr'><strong>abundat</strong></span> <span class='ocrx_word' id='word_1_473' title='bbox 2119 3326 2220 3380; x_wconf 91' lang='lat' dir='ltr'><strong>per</strong></span> <span class='ocrx_word' id='word_1_474' title='bbox 2241 3310 2446 3364; x_wconf 87' lang='lat' dir='ltr'><strong>multas</strong></span> <span class='ocrx_word' id='word_1_475' title='bbox 2468 3309 2783 3379; x_wconf 85' lang='lat' dir='ltr'><strong>gratiarum</strong></span> <span class='ocrx_word' id='word_1_476' title='bbox 2807 3307 3053 3362; x_wconf 90' lang='lat' dir='ltr'><strong>actiones</strong></span> <span class='ocrx_word' id='word_1_477' title='bbox 3073 3306 3131 3360; x_wconf 90' lang='lat' dir='ltr'><strong>in</strong></span> <span class='ocrx_word' id='word_1_478' title='bbox 3154 3306 3412 3371; x_wconf 90' lang='lat' dir='ltr'><strong>Domino,</strong></span> <span class='ocrx_word' id='word_1_479' title='bbox 3443 3305 3503 3358; x_wconf 91' lang='lat' dir='ltr'><strong>id</strong></span> <span class='ocrx_word' id='word_1_480' title='bbox 3530 3308 3632 3370; x_wconf 88' lang='lat' dir='ltr'><strong>est,</strong></span> 
     </span>
    </p>
   </div>
   <div class='ocr_carea' id='block_1_35' title="bbox 352 3395 3636 3468">
    <p class='ocr_par' dir='ltr' id='par_1_35' title="bbox 352 3395 3636 3468">
     <span class='ocr_line' id='line_1_35' title="bbox 352 3395 3636 3468; baseline -0.001 -19"><span class='ocrx_word' id='word_1_481' title='bbox 352 3400 580 3465; x_wconf 86' lang='lat' dir='ltr'><strong>propter</strong></span> <span class='ocrx_word' id='word_1_482' title='bbox 601 3397 698 3450; x_wconf 93' lang='lat' dir='ltr'><strong>hoc</strong></span> <span class='ocrx_word' id='word_1_483' title='bbox 727 3397 870 3464; x_wconf 89' lang='lat' dir='ltr'><strong>quod</strong></span> <span class='ocrx_word' id='word_1_484' title='bbox 899 3399 1148 3464; x_wconf 84' lang='lat' dir='ltr'><strong>inopiam</strong></span> <span class='ocrx_word' id='word_1_485' title='bbox 1179 3404 1502 3452; x_wconf 87' lang='lat' dir='ltr'><strong>sanctorum</strong></span> <span class='ocrx_word' id='word_1_486' title='bbox 1525 3401 1806 3466; x_wconf 87' lang='lat' dir='ltr'><strong>suppletis,</strong></span> <span class='ocrx_word' id='word_1_487' title='bbox 1827 3401 2039 3466; x_wconf 88' lang='lat' dir='ltr'><strong>gratias</strong></span> <span class='ocrx_word' id='word_1_488' title='bbox 2063 3404 2240 3464; x_wconf 89' lang='lat' dir='ltr'><strong>agunt</strong></span> <span class='ocrx_word' id='word_1_489' title='bbox 2262 3400 2364 3451; x_wconf 89' lang='lat' dir='ltr'><strong>Deo</strong></span> <span class='ocrx_word' id='word_1_490' title='bbox 2393 3401 2576 3463; x_wconf 87' lang='lat' dir='ltr'><strong>multi,</strong></span> <span class='ocrx_word' id='word_1_491' title='bbox 2609 3414 2711 3468; x_wconf 89' lang='lat' dir='ltr'><strong>per</strong></span> <span class='ocrx_word' id='word_1_492' title='bbox 2737 3396 3146 3468; x_wconf 87' lang='lat' dir='ltr'><strong>probationem,</strong></span> <span class='ocrx_word' id='word_1_493' title='bbox 3179 3399 3407 3464; x_wconf 86' lang='lat' dir='ltr'><strong>propter</strong></span> <span class='ocrx_word' id='word_1_494' title='bbox 3437 3395 3636 3447; x_wconf 77' lang='lat' dir='ltr'><strong>lauda&#39;</strong></span> 
     </span>
    </p>
   </div>
   <div class='ocr_carea' id='block_1_36' title="bbox 362 3483 3634 3556">
    <p class='ocr_par' dir='ltr' id='par_1_36' title="bbox 362 3483 3634 3556">
     <span class='ocr_line' id='line_1_36' title="bbox 362 3483 3634 3556; baseline -0.001 -18"><span class='ocrx_word' id='word_1_495' title='bbox 362 3486 586 3550; x_wconf 86' lang='lat' dir='ltr'><strong>tionem,</strong></span> <span class='ocrx_word' id='word_1_496' title='bbox 619 3483 915 3539; x_wconf 87' lang='lat' dir='ltr'><strong>ministerii</strong></span> <span class='ocrx_word' id='word_1_497' title='bbox 960 3485 1144 3555; x_wconf 90' lang='lat' dir='ltr'><strong>hujus,</strong></span> <span class='ocrx_word' id='word_1_498' title='bbox 1176 3487 1236 3540; x_wconf 91' lang='lat' dir='ltr'><strong>id</strong></span> <span class='ocrx_word' id='word_1_499' title='bbox 1278 3491 1369 3549; x_wconf 86' lang='lat' dir='ltr'><strong>est,</strong></span> <span class='ocrx_word' id='word_1_500' title='bbox 1405 3491 1603 3540; x_wconf 62' lang='lat' dir='ltr'><strong>nostra:</strong></span> <span class='ocrx_word' id='word_1_501' title='bbox 1631 3489 1988 3554; x_wconf 87' lang='lat' dir='ltr'><strong>operationis,</strong></span> <span class='ocrx_word' id='word_1_502' title='bbox 2016 3492 2065 3540; x_wconf 89' lang='lat' dir='ltr'><strong>ct</strong></span> <span class='ocrx_word' id='word_1_503' title='bbox 2111 3491 2295 3540; x_wconf 64' lang='lat' dir='ltr'><strong>vestra</strong></span> <span class='ocrx_word' id='word_1_504' title='bbox 2331 3488 2614 3552; x_wconf 63' lang='lat' dir='ltr'><strong>largitatis</strong></span> <span class='ocrx_word' id='word_1_505' title='bbox 2664 3485 3080 3556; x_wconf 71' lang='lat' dir='ltr'><strong>(gloriﬁcantes;</strong></span> <span class='ocrx_word' id='word_1_506' title='bbox 3117 3500 3214 3553; x_wconf 91' lang='lat' dir='ltr'><strong>per</strong></span> <span class='ocrx_word' id='word_1_507' title='bbox 3257 3485 3465 3537; x_wconf 90' lang='lat' dir='ltr'><strong>multos</strong></span> <span class='ocrx_word' id='word_1_508' title='bbox 3507 3483 3634 3536; x_wconf 89' lang='lat' dir='ltr'><strong>dico</strong></span> 
     </span>
    </p>
   </div>
   <div class='ocr_carea' id='block_1_37' title="bbox 361 3571 3636 3644">
    <p class='ocr_par' dir='ltr' id='par_1_37' title="bbox 361 3571 3636 3644">
     <span class='ocr_line' id='line_1_37' title="bbox 361 3571 3636 3644; baseline -0.001 -16"><span class='ocrx_word' id='word_1_509' title='bbox 361 3571 540 3628; x_wconf 86' lang='lat' dir='ltr'><strong>Deum</strong></span> <span class='ocrx_word' id='word_1_510' title='bbox 563 3572 616 3630; x_wconf 88' lang='lat'><strong>9.</strong></span> <span class='ocrx_word' id='word_1_511' title='bbox 648 3573 708 3628; x_wconf 92' lang='lat' dir='ltr'><strong>in</strong></span> <span class='ocrx_word' id='word_1_512' title='bbox 733 3571 1070 3641; x_wconf 86' lang='lat' dir='ltr'><strong>obedientia,</strong></span> <span class='ocrx_word' id='word_1_513' title='bbox 1093 3579 1317 3644; x_wconf 81' lang='lat' dir='ltr'><strong>propter</strong></span> <span class='ocrx_word' id='word_1_514' title='bbox 1333 3575 1697 3629; x_wconf 88' lang='lat' dir='ltr'><strong>obedientiam</strong></span> <span class='ocrx_word' id='word_1_515' title='bbox 1721 3591 1890 3644; x_wconf 88' lang='lat' dir='ltr'><strong>quam</strong></span> <span class='ocrx_word' id='word_1_516' title='bbox 1915 3575 2122 3628; x_wconf 86' lang='lat' dir='ltr'><strong>habetis</strong></span> <span class='ocrx_word' id='word_1_517' title='bbox 2138 3578 2202 3628; x_wconf 91' lang='lat' dir='ltr'><strong>in</strong></span> <span class='ocrx_word' id='word_1_518' title='bbox 2224 3575 2519 3643; x_wconf 85' lang='lat' dir='ltr'><strong>Evangelia</strong></span> <span class='ocrx_word' id='word_1_519' title='bbox 2536 3590 2635 3644; x_wconf 88' lang='lat' dir='ltr'><strong>per</strong></span> <span class='ocrx_word' id='word_1_520' title='bbox 2656 3576 3106 3644; x_wconf 72' lang='lat' dir='ltr'><strong>praedicationem</strong></span> <span class='ocrx_word' id='word_1_521' title='bbox 3134 3577 3402 3638; x_wconf 91' lang='lat' dir='ltr'><strong>nostram,</strong></span> <span class='ocrx_word' id='word_1_522' title='bbox 3419 3571 3636 3626; x_wconf 85' lang='lat' dir='ltr'><strong>confes-</strong></span> 
     </span>
    </p>
   </div>
   <div class='ocr_carea' id='block_1_38' title="bbox 1725 3734 2316 3792">
    <p class='ocr_par' dir='ltr' id='par_1_38' title="bbox 1725 3734 2316 3792">
     <span class='ocr_line' id='line_1_38' title="bbox 1725 3734 2316 3792; baseline 0.002 -3"><span class='ocrx_word' id='word_1_523' title='bbox 1725 3734 2316 3792; x_wconf 84' lang='lat' dir='ltr'><strong>COMMENTARIUS.</strong></span> 
     </span>
    </p>
   </div>
   <div class='ocr_carea' id='block_1_39' title="bbox 431 3862 3062 3942">
    <p class='ocr_par' dir='ltr' id='par_1_39' title="bbox 431 3862 3062 3942">
     <span class='ocr_line' id='line_1_39' title="bbox 431 3862 3062 3942; baseline 0.002 -22"><span class='ocrx_word' id='word_1_524' title='bbox 431 3862 498 3920; x_wconf 77' lang='grc'><strong>21</strong></span> <span class='ocrx_word' id='word_1_525' title='bbox 536 3864 924 3920; x_wconf 84' lang='lat' dir='ltr'><strong>Ostensioncm.</strong></span> <span class='ocrx_word' id='word_1_526' title='bbox 961 3865 1025 3920; x_wconf 92' lang='lat' dir='ltr'><strong>In</strong></span> <span class='ocrx_word' id='word_1_527' title='bbox 1054 3865 1185 3933; x_wconf 89' lang='lat' dir='ltr'><strong>illis,</strong></span> <span class='ocrx_word' id='word_1_528' title='bbox 1235 3867 1439 3938; x_wconf 91' lang='lat' dir='ltr'><strong>inquit,</strong></span> <span class='ocrx_word' id='word_1_529' title='bbox 1472 3883 1612 3939; x_wconf 88' lang='lat' dir='ltr'><strong>quos</strong></span> <span class='ocrx_word' id='word_1_530' title='bbox 1641 3867 1794 3924; x_wconf 88' lang='lat' dir='ltr'><strong>vobis</strong></span> <span class='ocrx_word' id='word_1_531' title='bbox 1823 3869 1956 3924; x_wconf 90' lang='lat' dir='ltr'><strong>mit-</strong></span> <span class='ocrx_word' id='word_1_532' title='bbox 1977 3878 2026 3935; x_wconf 85' lang='grc' dir='ltr'><strong>Α</strong></span> <span class='ocrx_word' id='word_1_533' title='bbox 2043 3871 2256 3926; x_wconf 89' lang='lat' dir='ltr'><strong>detinet</strong></span> <span class='ocrx_word' id='word_1_534' title='bbox 2283 3869 2430 3942; x_wconf 88' lang='lat' dir='ltr'><strong>quod</strong></span> <span class='ocrx_word' id='word_1_535' title='bbox 2459 3871 2535 3925; x_wconf 85' lang='lat' dir='ltr'><strong>sit</strong></span> <span class='ocrx_word' id='word_1_536' title='bbox 2560 3869 2820 3925; x_wconf 89' lang='lat' dir='ltr'><strong>omnibus</strong></span> <span class='ocrx_word' id='word_1_537' title='bbox 2847 3871 3062 3925; x_wconf 88' lang='lat' dir='ltr'><strong>datum.</strong></span> 
     </span>
    </p>
   </div>
   <div class='ocr_carea' id='block_1_40' title="bbox 364 3951 3642 4030">
    <p class='ocr_par' dir='ltr' id='par_1_40' title="bbox 364 3951 3642 4030">
     <span class='ocr_line' id='line_1_40' title="bbox 364 3951 3642 4030; baseline 0.002 -25"><span class='ocrx_word' id='word_1_538' title='bbox 364 3951 560 4018; x_wconf 90' lang='lat' dir='ltr'><strong>timus,</strong></span> <span class='ocrx_word' id='word_1_539' title='bbox 593 3952 870 4007; x_wconf 88' lang='lat' dir='ltr'><strong>ostendite</strong></span> <span class='ocrx_word' id='word_1_540' title='bbox 897 3970 1065 4025; x_wconf 85' lang='lat' dir='ltr'><strong>quam</strong></span> <span class='ocrx_word' id='word_1_541' title='bbox 1087 3955 1419 4010; x_wconf 84' lang='lat' dir='ltr'><strong>charitatem</strong></span> <span class='ocrx_word' id='word_1_542' title='bbox 1456 3955 1727 4024; x_wconf 89' lang='lat' dir='ltr'><strong>habeatis,</strong></span> <span class='ocrx_word' id='word_1_543' title='bbox 1751 3969 1808 4013; x_wconf 86' lang='lat' dir='ltr'><strong>et</strong></span> <span class='ocrx_word' id='word_1_544' title='bbox 1835 3975 1958 4030; x_wconf 67' lang='lat' dir='ltr'><strong>qum</strong></span> <span class='ocrx_word' id='word_1_545' title='bbox 2112 3958 2163 4014; x_wconf 90' lang='lat'><strong>6.</strong></span> <span class='ocrx_word' id='word_1_546' title='bbox 2188 3959 2390 4013; x_wconf 54' lang='lat' dir='ltr'><strong>Laure.</strong></span> <span class='ocrx_word' id='word_1_547' title='bbox 2427 3959 2533 4026; x_wconf 90' lang='lat' dir='ltr'><strong>Qui</strong></span> <span class='ocrx_word' id='word_1_548' title='bbox 2556 3965 2741 4012; x_wconf 86' lang='lat' dir='ltr'><strong>autem</strong></span> <span class='ocrx_word' id='word_1_549' title='bbox 2770 3961 3150 4013; x_wconf 86' lang='lat' dir='ltr'><strong>administrat.</strong></span> <span class='ocrx_word' id='word_1_550' title='bbox 3185 3959 3249 4013; x_wconf 89' lang='lat' dir='ltr'><strong>Id</strong></span> <span class='ocrx_word' id='word_1_551' title='bbox 3274 3963 3379 4025; x_wconf 84' lang='lat' dir='ltr'><strong>est,</strong></span> <span class='ocrx_word' id='word_1_552' title='bbox 3410 3957 3507 4029; x_wconf 91' lang='lat' dir='ltr'><strong>qui</strong></span> <span class='ocrx_word' id='word_1_553' title='bbox 3534 3958 3642 4013; x_wconf 82' lang='lat' dir='ltr'><strong>dat</strong></span> 
     </span>
    </p>
   </div>
   <div class='ocr_carea' id='block_1_41' title="bbox 362 4039 3644 4118">
    <p class='ocr_par' dir='ltr' id='par_1_41' title="bbox 362 4039 3644 4118">
     <span class='ocr_line' id='line_1_41' title="bbox 362 4039 3644 4118; baseline 0.001 -20"><span class='ocrx_word' id='word_1_554' title='bbox 362 4039 511 4098; x_wconf 84' lang='lat' dir='ltr'><strong>bona</strong></span> <span class='ocrx_word' id='word_1_555' title='bbox 537 4041 612 4097; x_wconf 91' lang='lat' dir='ltr'><strong>sit</strong></span> <span class='ocrx_word' id='word_1_556' title='bbox 637 4041 898 4110; x_wconf 84' lang='lat' dir='ltr'><strong>gloriatio</strong></span> <span class='ocrx_word' id='word_1_557' title='bbox 923 4047 1108 4096; x_wconf 89' lang='lat' dir='ltr'><strong>vestra</strong></span> <span class='ocrx_word' id='word_1_558' title='bbox 1125 4060 1227 4114; x_wconf 92' lang='lat' dir='ltr'><strong>pro</strong></span> <span class='ocrx_word' id='word_1_559' title='bbox 1256 4043 1436 4098; x_wconf 89' lang='lat' dir='ltr'><strong>nobis.</strong></span> <span class='ocrx_word' id='word_1_560' title='bbox 2039 4046 2192 4101; x_wconf 87' lang='lat' dir='ltr'><strong>vobis</strong></span> <span class='ocrx_word' id='word_1_561' title='bbox 2232 4047 2380 4101; x_wconf 91' lang='lat' dir='ltr'><strong>unde</strong></span> <span class='ocrx_word' id='word_1_562' title='bbox 2411 4047 2822 4118; x_wconf 87' lang='lat' dir='ltr'><strong>eleemosynam</strong></span> <span class='ocrx_word' id='word_1_563' title='bbox 2864 4047 3099 4104; x_wconf 85' lang='lat' dir='ltr'><strong>faciatis.</strong></span> <span class='ocrx_word' id='word_1_564' title='bbox 3136 4047 3293 4102; x_wconf 90' lang='lat' dir='ltr'><strong>dabit</strong></span> <span class='ocrx_word' id='word_1_565' title='bbox 3328 4047 3476 4102; x_wconf 89' lang='lat' dir='ltr'><strong>unde</strong></span> <span class='ocrx_word' id='word_1_566' title='bbox 3507 4052 3644 4118; x_wconf 84' lang='lat' dir='ltr'><strong>post</strong></span> 
     </span>
    </p>
   </div>
   <div class='ocr_carea' id='block_1_42' title="bbox 431 4129 1954 4203">
    <p class='ocr_par' dir='ltr' id='par_1_42' title="bbox 431 4129 1954 4203">
     <span class='ocr_line' id='line_1_42' title="bbox 431 4129 1954 4203; baseline 0.003 -19"><span class='ocrx_word' id='word_1_567' title='bbox 431 4129 592 4184; x_wconf 84' lang='lat' dir='ltr'><strong>CAP.</strong></span> <span class='ocrx_word' id='word_1_568' title='bbox 616 4130 719 4187; x_wconf 86' lang='lat' dir='ltr'><strong>IX.</strong></span> <span class='ocrx_word' id='word_1_569' title='bbox 742 4156 804 4166; x_wconf 92' lang='lat'><strong>—</strong></span> <span class='ocrx_word' id='word_1_570' title='bbox 831 4129 877 4187; x_wconf 88' lang='lat' dir='ltr'><strong>l.</strong></span> <span class='ocrx_word' id='word_1_571' title='bbox 909 4133 1156 4187; x_wconf 69' lang='lat' dir='ltr'><strong>Auaaos.</strong></span> <span class='ocrx_word' id='word_1_572' title='bbox 1191 4134 1464 4200; x_wconf 79' lang='lat' dir='ltr'><strong>Quoniam</strong></span> <span class='ocrx_word' id='word_1_573' title='bbox 1494 4134 1701 4188; x_wconf 83' lang='lat' dir='ltr'><strong>Achaia</strong></span> <span class='ocrx_word' id='word_1_574' title='bbox 1727 4140 1954 4203; x_wconf 88' lang='lat' dir='ltr'><strong>parata.</strong></span> 
     </span>
    </p>
   </div>
   <div class='ocr_carea' id='block_1_43' title="bbox 362 4218 1961 4294">
    <p class='ocr_par' dir='ltr' id='par_1_43' title="bbox 362 4218 1961 4294">
     <span class='ocr_line' id='line_1_43' title="bbox 362 4218 1961 4294; baseline 0.002 -20"><span class='ocrx_word' id='word_1_575' title='bbox 362 4218 499 4274; x_wconf 89' lang='lat' dir='ltr'><strong>Post</strong></span> <span class='ocrx_word' id='word_1_576' title='bbox 525 4219 878 4284; x_wconf 75' lang='lat' dir='ltr'><strong>Macedonas.</strong></span> <span class='ocrx_word' id='word_1_577' title='bbox 906 4220 1176 4276; x_wconf 85' lang='lat' dir='ltr'><strong>Achaiam</strong></span> <span class='ocrx_word' id='word_1_578' title='bbox 1197 4221 1335 4277; x_wconf 86' lang='lat' dir='ltr'><strong>dicit</strong></span> <span class='ocrx_word' id='word_1_579' title='bbox 1360 4227 1638 4294; x_wconf 88' lang='lat' dir='ltr'><strong>paratam.</strong></span> <span class='ocrx_word' id='word_1_580' title='bbox 1664 4223 1876 4277; x_wconf 90' lang='lat' dir='ltr'><strong>Deinde</strong></span> <span class='ocrx_word' id='word_1_581' title='bbox 1896 4231 1961 4278; x_wconf 88' lang='lat' dir='ltr'><strong>ut</strong></span> 
     </span>
    </p>
   </div>
   <div class='ocr_carea' id='block_1_44' title="bbox 363 4307 1046 4379">
    <p class='ocr_par' dir='ltr' id='par_1_44' title="bbox 363 4307 1046 4379">
     <span class='ocr_line' id='line_1_44' title="bbox 363 4307 1046 4379; baseline 0.003 -17"><span class='ocrx_word' id='word_1_582' title='bbox 363 4307 640 4363; x_wconf 89' lang='lat' dir='ltr'><strong>Corinthii</strong></span> <span class='ocrx_word' id='word_1_583' title='bbox 670 4307 810 4363; x_wconf 79' lang='lat' dir='ltr'><strong>fiant</strong></span> <span class='ocrx_word' id='word_1_584' title='bbox 837 4309 1046 4379; x_wconf 86' lang='lat' dir='ltr'><strong>parati.</strong></span> 
     </span>
    </p>
   </div>
   <div class='ocr_carea' id='block_1_45' title="bbox 430 4396 1954 4472">
    <p class='ocr_par' dir='ltr' id='par_1_45' title="bbox 430 4396 1954 4472">
     <span class='ocr_line' id='line_1_45' title="bbox 430 4396 1954 4472; baseline 0.001 -20"><span class='ocrx_word' id='word_1_585' title='bbox 430 4396 486 4452; x_wconf 77' lang='grc'><strong>2.</strong></span> <span class='ocrx_word' id='word_1_586' title='bbox 518 4397 728 4451; x_wconf 72' lang='lat' dir='ltr'><strong>LANFR.</strong></span> <span class='ocrx_word' id='word_1_587' title='bbox 762 4398 1164 4452; x_wconf 82' lang='lat' dir='ltr'><strong>Erubescamus</strong></span> <span class='ocrx_word' id='word_1_588' title='bbox 1193 4415 1300 4452; x_wconf 89' lang='lat' dir='ltr'><strong>vos.</strong></span> <span class='ocrx_word' id='word_1_589' title='bbox 1335 4399 1396 4454; x_wconf 91' lang='lat' dir='ltr'><strong>Si</strong></span> <span class='ocrx_word' id='word_1_590' title='bbox 1442 4399 1726 4470; x_wconf 86' lang='lat' dir='ltr'><strong>imparati,</strong></span> <span class='ocrx_word' id='word_1_591' title='bbox 1751 4400 1954 4472; x_wconf 89' lang='lat' dir='ltr'><strong>inquit,</strong></span> 
     </span>
    </p>
   </div>
   <div class='ocr_carea' id='block_1_46' title="bbox 365 4484 1958 4550">
    <p class='ocr_par' dir='ltr' id='par_1_46' title="bbox 365 4484 1958 4550">
     <span class='ocr_line' id='line_1_46' title="bbox 365 4484 1958 4550; baseline 0.003 -11"><span class='ocrx_word' id='word_1_592' title='bbox 365 4484 604 4550; x_wconf 89' lang='lat' dir='ltr'><strong>fueritis,</strong></span> <span class='ocrx_word' id='word_1_593' title='bbox 652 4501 756 4538; x_wconf 89' lang='lat' dir='ltr'><strong>nos</strong></span> <span class='ocrx_word' id='word_1_594' title='bbox 797 4487 1188 4541; x_wconf 84' lang='lat' dir='ltr'><strong>verecundiam</strong></span> <span class='ocrx_word' id='word_1_595' title='bbox 1228 4485 1558 4542; x_wconf 86' lang='lat' dir='ltr'><strong>habebimus</strong></span> <span class='ocrx_word' id='word_1_596' title='bbox 1597 4489 1656 4542; x_wconf 89' lang='lat' dir='ltr'><strong>in</strong></span> <span class='ocrx_word' id='word_1_597' title='bbox 1685 4489 1789 4543; x_wconf 87' lang='lat' dir='ltr'><strong>hac</strong></span> <span class='ocrx_word' id='word_1_598' title='bbox 1825 4489 1958 4544; x_wconf 89' lang='lat' dir='ltr'><strong>sub-</strong></span> 
     </span>
    </p>
   </div>
   <div class='ocr_carea' id='block_1_47' title="bbox 361 4571 1959 4646">
    <p class='ocr_par' dir='ltr' id='par_1_47' title="bbox 361 4571 1959 4646">
     <span class='ocr_line' id='line_1_47' title="bbox 361 4571 1959 4646; baseline 0.004 -19"><span class='ocrx_word' id='word_1_599' title='bbox 361 4572 589 4638; x_wconf 84' lang='lat' dir='ltr'><strong>stantia,</strong></span> <span class='ocrx_word' id='word_1_600' title='bbox 619 4571 677 4628; x_wconf 90' lang='lat' dir='ltr'><strong>id</strong></span> <span class='ocrx_word' id='word_1_601' title='bbox 705 4577 812 4637; x_wconf 89' lang='lat' dir='ltr'><strong>est,</strong></span> <span class='ocrx_word' id='word_1_602' title='bbox 840 4573 1214 4646; x_wconf 73' lang='lat' dir='ltr'><strong>eleemosyna,</strong></span> <span class='ocrx_word' id='word_1_603' title='bbox 1253 4591 1349 4630; x_wconf 90' lang='lat' dir='ltr'><strong>vos</strong></span> <span class='ocrx_word' id='word_1_604' title='bbox 1380 4576 1614 4632; x_wconf 86' lang='lat' dir='ltr'><strong>forsitan</strong></span> <span class='ocrx_word' id='word_1_605' title='bbox 1649 4594 1760 4632; x_wconf 90' lang='lat' dir='ltr'><strong>non</strong></span> <span class='ocrx_word' id='word_1_606' title='bbox 1795 4578 1959 4633; x_wconf 89' lang='lat' dir='ltr'><strong>habe-</strong></span> 
     </span>
    </p>
   </div>
   <div class='ocr_carea' id='block_1_48' title="bbox 363 4660 517 4716">
    <p class='ocr_par' dir='ltr' id='par_1_48' title="bbox 363 4660 517 4716">
     <span class='ocr_line' id='line_1_48' title="bbox 363 4660 517 4716; baseline 0 -1"><span class='ocrx_word' id='word_1_607' title='bbox 363 4660 517 4716; x_wconf 89' lang='lat' dir='ltr'><strong>bitis.</strong></span> 
     </span>
    </p>
   </div>
   <div class='ocr_carea' id='block_1_49' title="bbox 436 4747 1962 4824">
    <p class='ocr_par' dir='ltr' id='par_1_49' title="bbox 436 4747 1962 4824">
     <span class='ocr_line' id='line_1_49' title="bbox 436 4747 1962 4824; baseline 0.002 -17"><span class='ocrx_word' id='word_1_608' title='bbox 436 4747 491 4807; x_wconf 85' lang='lat'><strong>3.</strong></span> <span class='ocrx_word' id='word_1_609' title='bbox 524 4751 594 4805; x_wconf 86' lang='lat' dir='ltr'><strong>Et</strong></span> <span class='ocrx_word' id='word_1_610' title='bbox 618 4757 949 4820; x_wconf 56' lang='lat' dir='ltr'><strong>praeparent.</strong></span> <span class='ocrx_word' id='word_1_611' title='bbox 974 4751 1125 4806; x_wconf 93' lang='lat' dir='ltr'><strong>Ordo</strong></span> <span class='ocrx_word' id='word_1_612' title='bbox 1150 4769 1161 4804; x_wconf 91' lang='lat'>:</span> <span class='ocrx_word' id='word_1_613' title='bbox 1186 4753 1261 4807; x_wconf 93' lang='lat' dir='ltr'><strong>Ut</strong></span> <span class='ocrx_word' id='word_1_614' title='bbox 1284 4759 1603 4824; x_wconf 72' lang='lat' dir='ltr'><strong>praeparent</strong></span> <span class='ocrx_word' id='word_1_615' title='bbox 1625 4753 1962 4811; x_wconf 87' lang='lat' dir='ltr'><strong>benedictio-</strong></span> 
     </span>
    </p>
   </div>
   <div class='ocr_carea' id='block_1_50' title="bbox 367 4839 1960 4916">
    <p class='ocr_par' dir='ltr' id='par_1_50' title="bbox 367 4839 1960 4916">
     <span class='ocr_line' id='line_1_50' title="bbox 367 4839 1960 4916; baseline 0.003 -21"><span class='ocrx_word' id='word_1_616' title='bbox 367 4854 494 4895; x_wconf 90' lang='lat' dir='ltr'><strong>nem</strong></span> <span class='ocrx_word' id='word_1_617' title='bbox 535 4839 680 4894; x_wconf 87' lang='lat' dir='ltr'><strong>hanc</strong></span> <span class='ocrx_word' id='word_1_618' title='bbox 731 4839 1128 4910; x_wconf 75' lang='lat' dir='ltr'><strong>repromissum</strong></span> <span class='ocrx_word' id='word_1_619' title='bbox 1181 4847 1435 4912; x_wconf 87' lang='lat' dir='ltr'><strong>paratam</strong></span> <span class='ocrx_word' id='word_1_620' title='bbox 1483 4859 1628 4907; x_wconf 87' lang='lat' dir='ltr'><strong>esse,</strong></span> <span class='ocrx_word' id='word_1_621' title='bbox 1674 4843 1753 4898; x_wconf 91' lang='lat' dir='ltr'><strong>sic</strong></span> <span class='ocrx_word' id='word_1_622' title='bbox 1799 4845 1960 4916; x_wconf 83' lang='lat' dir='ltr'><strong>quasi</strong></span> 
     </span>
    </p>
   </div>
   <div class='ocr_carea' id='block_1_51' title="bbox 364 4927 1961 5000">
    <p class='ocr_par' dir='ltr' id='par_1_51' title="bbox 364 4927 1961 5000">
     <span class='ocr_line' id='line_1_51' title="bbox 364 4927 1961 5000; baseline 0.003 -17"><span class='ocrx_word' id='word_1_623' title='bbox 364 4927 830 4994; x_wconf 88' lang='lat' dir='ltr'><strong>benedictionem,</strong></span> <span class='ocrx_word' id='word_1_624' title='bbox 863 4945 974 4982; x_wconf 89' lang='lat' dir='ltr'><strong>non</strong></span> <span class='ocrx_word' id='word_1_625' title='bbox 1019 4929 1181 5000; x_wconf 89' lang='lat' dir='ltr'><strong>quasi</strong></span> <span class='ocrx_word' id='word_1_626' title='bbox 1222 4931 1535 4985; x_wconf 87' lang='lat' dir='ltr'><strong>avaritiam.</strong></span> <span class='ocrx_word' id='word_1_627' title='bbox 1579 4932 1961 4988; x_wconf 89' lang='lat' dir='ltr'><strong>Promiserant</strong></span> 
     </span>
    </p>
   </div>
   <div class='ocr_carea' id='block_1_52' title="bbox 363 5017 1954 5093">
    <p class='ocr_par' dir='ltr' id='par_1_52' title="bbox 363 5017 1954 5093">
     <span class='ocr_line' id='line_1_52' title="bbox 363 5017 1954 5093; baseline 0.002 -20"><span class='ocrx_word' id='word_1_628' title='bbox 363 5017 515 5073; x_wconf 90' lang='lat' dir='ltr'><strong>enim</strong></span> <span class='ocrx_word' id='word_1_629' title='bbox 535 5017 803 5088; x_wconf 85' lang='lat' dir='ltr'><strong>Apostolo</strong></span> <span class='ocrx_word' id='word_1_630' title='bbox 824 5018 969 5087; x_wconf 90' lang='lat' dir='ltr'><strong>quod</strong></span> <span class='ocrx_word' id='word_1_631' title='bbox 998 5017 1075 5073; x_wconf 90' lang='lat' dir='ltr'><strong>ita</strong></span> <span class='ocrx_word' id='word_1_632' title='bbox 1106 5026 1488 5090; x_wconf 74' lang='lat' dir='ltr'><strong>praepararent</strong></span> <span class='ocrx_word' id='word_1_633' title='bbox 1517 5021 1954 5093; x_wconf 87' lang='lat' dir='ltr'><strong>eleemosynam,</strong></span> 
     </span>
    </p>
   </div>
   <div class='ocr_carea' id='block_1_53' title="bbox 364 5105 1960 5181">
    <p class='ocr_par' dir='ltr' id='par_1_53' title="bbox 364 5105 1960 5181">
     <span class='ocr_line' id='line_1_53' title="bbox 364 5105 1960 5181; baseline 0.002 -19"><span class='ocrx_word' id='word_1_634' title='bbox 364 5105 677 5162; x_wconf 90' lang='lat' dir='ltr'><strong>benedictio</strong></span> <span class='ocrx_word' id='word_1_635' title='bbox 696 5121 808 5161; x_wconf 90' lang='lat' dir='ltr'><strong>non</strong></span> <span class='ocrx_word' id='word_1_636' title='bbox 837 5107 1070 5162; x_wconf 87' lang='lat' dir='ltr'><strong>avaritia</strong></span> <span class='ocrx_word' id='word_1_637' title='bbox 1096 5107 1119 5181; x_wconf 88' lang='lat'><strong>[</strong></span> <span class='ocrx_word' id='word_1_638' title='bbox 1125 5111 1266 5176; x_wconf 80' lang='lat' dir='ltr'><strong>forte</strong></span> <span class='ocrx_word' id='word_1_639' title='bbox 1291 5108 1675 5166; x_wconf 87' lang='lat' dir='ltr'><strong>benedictione</strong></span> <span class='ocrx_word' id='word_1_640' title='bbox 1701 5127 1812 5165; x_wconf 90' lang='lat' dir='ltr'><strong>non</strong></span> <span class='ocrx_word' id='word_1_641' title='bbox 1836 5130 1960 5166; x_wconf 80' lang='lat' dir='ltr'><strong>ava-</strong></span> 
     </span>
    </p>
   </div>
   <div class='ocr_carea' id='block_1_54' title="bbox 362 5195 536 5267">
    <p class='ocr_par' dir='ltr' id='par_1_54' title="bbox 362 5195 536 5267">
     <span class='ocr_line' id='line_1_54' title="bbox 362 5195 536 5267; baseline -0.017 -15"><span class='ocrx_word' id='word_1_642' title='bbox 362 5195 536 5267; x_wconf 91' lang='lat' dir='ltr'><strong>ritia].</strong></span> 
     </span>
    </p>
   </div>
   <div class='ocr_carea' id='block_1_55' title="bbox 431 5286 1962 5354">
    <p class='ocr_par' dir='ltr' id='par_1_55' title="bbox 431 5286 1962 5354">
     <span class='ocr_line' id='line_1_55' title="bbox 431 5286 1962 5354; baseline 0.003 -15"><span class='ocrx_word' id='word_1_643' title='bbox 431 5286 488 5339; x_wconf 79' lang='lat'><strong>4.</strong></span> <span class='ocrx_word' id='word_1_644' title='bbox 517 5287 770 5342; x_wconf 74' lang='lat' dir='ltr'><strong>Auoaos.</strong></span> <span class='ocrx_word' id='word_1_645' title='bbox 802 5286 912 5354; x_wconf 90' lang='lat' dir='ltr'><strong>Qui</strong></span> <span class='ocrx_word' id='word_1_646' title='bbox 955 5288 1194 5340; x_wconf 88' lang='lat' dir='ltr'><strong>seminat</strong></span> <span class='ocrx_word' id='word_1_647' title='bbox 1240 5289 1304 5341; x_wconf 89' lang='lat' dir='ltr'><strong>in</strong></span> <span class='ocrx_word' id='word_1_648' title='bbox 1334 5288 1815 5343; x_wconf 83' lang='lat' dir='ltr'><strong>benedictionibus.</strong></span> <span class='ocrx_word' id='word_1_649' title='bbox 1860 5289 1962 5343; x_wconf 85' lang='lat' dir='ltr'><strong>Hic</strong></span> 
     </span>
    </p>
   </div>
   <div class='ocr_carea' id='block_1_56' title="bbox 361 5375 1960 5449">
    <p class='ocr_par' dir='ltr' id='par_1_56' title="bbox 361 5375 1960 5449">
     <span class='ocr_line' id='line_1_56' title="bbox 361 5375 1960 5449; baseline 0.001 -18"><span class='ocrx_word' id='word_1_650' title='bbox 361 5377 421 5432; x_wconf 90' lang='lat' dir='ltr'><strong>in</strong></span> <span class='ocrx_word' id='word_1_651' title='bbox 445 5376 929 5434; x_wconf 88' lang='lat' dir='ltr'><strong>benedictionibus</strong></span> <span class='ocrx_word' id='word_1_652' title='bbox 957 5376 1218 5441; x_wconf 87' lang='lat' dir='ltr'><strong>seminat,</strong></span> <span class='ocrx_word' id='word_1_653' title='bbox 1251 5376 1348 5448; x_wconf 85' lang='lat' dir='ltr'><strong>qui</strong></span> <span class='ocrx_word' id='word_1_654' title='bbox 1377 5375 1523 5431; x_wconf 87' lang='lat' dir='ltr'><strong>bona</strong></span> <span class='ocrx_word' id='word_1_655' title='bbox 1544 5377 1829 5432; x_wconf 89' lang='lat' dir='ltr'><strong>voluntate</strong></span> <span class='ocrx_word' id='word_1_656' title='bbox 1860 5395 1960 5449; x_wconf 76' lang='lat' dir='ltr'><strong>spe</strong></span> 
     </span>
    </p>
   </div>
   <div class='ocr_carea' id='block_1_57' title="bbox 364 5457 1872 5537">
    <p class='ocr_par' dir='ltr' id='par_1_57' title="bbox 364 5457 1872 5537">
     <span class='ocr_line' id='line_1_57' title="bbox 364 5457 1872 5537; baseline -0.003 -16"><span class='ocrx_word' id='word_1_657' title='bbox 364 5466 566 5522; x_wconf 64' lang='lat' dir='ltr'><strong>future</strong></span> <span class='ocrx_word' id='word_1_658' title='bbox 593 5465 978 5522; x_wconf 88' lang='lat' dir='ltr'><strong>retributionis</strong></span> <span class='ocrx_word' id='word_1_659' title='bbox 1007 5465 1111 5520; x_wconf 86' lang='lat' dir='ltr'><strong>hoc</strong></span> <span class='ocrx_word' id='word_1_660' title='bbox 1138 5464 1274 5537; x_wconf 87' lang='lat' dir='ltr'><strong>agit.</strong></span> <span class='ocrx_word' id='word_1_661' title='bbox 1870 5457 1872 5460; x_wconf 64' lang='grc'><em>’</em></span> 
     </span>
    </p>
   </div>
   <div class='ocr_carea' id='block_1_58' title="bbox 434 5553 1964 5629">
    <p class='ocr_par' dir='ltr' id='par_1_58' title="bbox 434 5553 1964 5629">
     <span class='ocr_line' id='line_1_58' title="bbox 434 5553 1964 5629; baseline 0.003 -19"><span class='ocrx_word' id='word_1_662' title='bbox 434 5555 497 5613; x_wconf 84' lang='grc'><strong>5.</strong></span> <span class='ocrx_word' id='word_1_663' title='bbox 521 5557 752 5612; x_wconf 85' lang='lat' dir='ltr'><strong>Justitia</strong></span> <span class='ocrx_word' id='word_1_664' title='bbox 777 5559 895 5626; x_wconf 68' lang='lat' dir='ltr'><strong>eius</strong></span> <span class='ocrx_word' id='word_1_665' title='bbox 917 5561 1125 5612; x_wconf 86' lang='lat' dir='ltr'><strong>manet.</strong></span> <span class='ocrx_word' id='word_1_666' title='bbox 1150 5555 1345 5613; x_wconf 83' lang='lat' dir='ltr'><strong>Justus</strong></span> <span class='ocrx_word' id='word_1_667' title='bbox 1371 5559 1458 5613; x_wconf 89' lang='lat' dir='ltr'><strong>est</strong></span> <span class='ocrx_word' id='word_1_668' title='bbox 1475 5555 1574 5629; x_wconf 89' lang='lat' dir='ltr'><strong>qui</strong></span> <span class='ocrx_word' id='word_1_669' title='bbox 1597 5553 1704 5612; x_wconf 92' lang='lat' dir='ltr'><strong>sibi</strong></span> <span class='ocrx_word' id='word_1_670' title='bbox 1725 5556 1830 5614; x_wconf 86' lang='lat' dir='ltr'><strong>soli</strong></span> <span class='ocrx_word' id='word_1_671' title='bbox 1849 5572 1964 5614; x_wconf 92' lang='lat' dir='ltr'><strong>non</strong></span> 
     </span>
    </p>
   </div>
   <div class='ocr_carea' id='block_1_59' title="bbox 2039 4135 3642 4207">
    <p class='ocr_par' dir='ltr' id='par_1_59' title="bbox 2039 4135 3642 4207">
     <span class='ocr_line' id='line_1_59' title="bbox 2039 4135 3642 4207; baseline 0 -18"><span class='ocrx_word' id='word_1_672' title='bbox 2039 4135 2230 4190; x_wconf 84' lang='lat' dir='ltr'><strong>datam</strong></span> <span class='ocrx_word' id='word_1_673' title='bbox 2277 4137 2692 4207; x_wconf 89' lang='lat' dir='ltr'><strong>eleemosynam</strong></span> <span class='ocrx_word' id='word_1_674' title='bbox 2732 4153 2830 4190; x_wconf 93' lang='lat' dir='ltr'><strong>vos</strong></span> <span class='ocrx_word' id='word_1_675' title='bbox 2873 4141 3190 4190; x_wconf 87' lang='lat' dir='ltr'><strong>sustentare</strong></span> <span class='ocrx_word' id='word_1_676' title='bbox 3230 4135 3474 4207; x_wconf 89' lang='lat' dir='ltr'><strong>possitis.</strong></span> <span class='ocrx_word' id='word_1_677' title='bbox 3518 4137 3642 4190; x_wconf 88' lang='lat' dir='ltr'><strong>Nec</strong></span> 
     </span>
    </p>
   </div>
   <div class='ocr_carea' id='block_1_60' title="bbox 2041 4224 3637 4298">
    <p class='ocr_par' dir='ltr' id='par_1_60' title="bbox 2041 4224 3637 4298">
     <span class='ocr_line' id='line_1_60' title="bbox 2041 4224 3637 4298; baseline 0 -18"><span class='ocrx_word' id='word_1_678' title='bbox 2041 4230 2270 4298; x_wconf 88' lang='lat' dir='ltr'><strong>propter</strong></span> <span class='ocrx_word' id='word_1_679' title='bbox 2287 4225 2393 4278; x_wconf 92' lang='lat' dir='ltr'><strong>hoc</strong></span> <span class='ocrx_word' id='word_1_680' title='bbox 2408 4230 2599 4279; x_wconf 89' lang='lat' dir='ltr'><strong>tamen</strong></span> <span class='ocrx_word' id='word_1_681' title='bbox 2615 4224 2946 4291; x_wconf 88' lang='lat' dir='ltr'><strong>remanebit,</strong></span> <span class='ocrx_word' id='word_1_682' title='bbox 2961 4225 3185 4295; x_wconf 89' lang='lat' dir='ltr'><strong>quando</strong></span> <span class='ocrx_word' id='word_1_683' title='bbox 3201 4225 3427 4296; x_wconf 89' lang='lat' dir='ltr'><strong>quidem</strong></span> <span class='ocrx_word' id='word_1_684' title='bbox 3440 4240 3637 4280; x_wconf 89' lang='lat' dir='ltr'><strong>semen</strong></span> 
     </span>
    </p>
   </div>
   <div class='ocr_carea' id='block_1_61' title="bbox 2041 4313 3167 4384">
    <p class='ocr_par' dir='ltr' id='par_1_61' title="bbox 2041 4313 3167 4384">
     <span class='ocr_line' id='line_1_61' title="bbox 2041 4313 3167 4384; baseline -0.001 -16"><span class='ocrx_word' id='word_1_685' title='bbox 2041 4314 2372 4384; x_wconf 83' lang='lat' dir='ltr'><strong>multiplicat</strong></span> <span class='ocrx_word' id='word_1_686' title='bbox 2401 4319 2458 4368; x_wconf 95' lang='lat' dir='ltr'><strong>et</strong></span> <span class='ocrx_word' id='word_1_687' title='bbox 2486 4313 2675 4384; x_wconf 84' lang='lat' dir='ltr'><strong>fruges</strong></span> <span class='ocrx_word' id='word_1_688' title='bbox 2703 4330 2952 4368; x_wconf 91' lang='lat' dir='ltr'><strong>crescere</strong></span> <span class='ocrx_word' id='word_1_689' title='bbox 2979 4313 3167 4368; x_wconf 89' lang='lat' dir='ltr'><strong>faciat.</strong></span> 
     </span>
    </p>
   </div>
   <div class='ocr_carea' id='block_1_62' title="bbox 2109 4401 3641 4470">
    <p class='ocr_par' dir='ltr' id='par_1_62' title="bbox 2109 4401 3641 4470">
     <span class='ocr_line' id='line_1_62' title="bbox 2109 4401 3641 4470; baseline 0 -14"><span class='ocrx_word' id='word_1_690' title='bbox 2109 4403 2162 4457; x_wconf 93' lang='lat'><strong>7.</strong></span> <span class='ocrx_word' id='word_1_691' title='bbox 2205 4402 2464 4457; x_wconf 70' lang='lat' dir='ltr'><strong>Asianos.</strong></span> <span class='ocrx_word' id='word_1_692' title='bbox 2499 4403 2567 4457; x_wconf 88' lang='lat' dir='ltr'><strong>Et</strong></span> <span class='ocrx_word' id='word_1_693' title='bbox 2603 4405 3014 4470; x_wconf 83' lang='lat' dir='ltr'><strong>multiplicabit.</strong></span> <span class='ocrx_word' id='word_1_694' title='bbox 3064 4401 3231 4457; x_wconf 88' lang='lat' dir='ltr'><strong>Danti</strong></span> <span class='ocrx_word' id='word_1_695' title='bbox 3268 4401 3443 4466; x_wconf 89' lang='lat' dir='ltr'><strong>addit,</strong></span> <span class='ocrx_word' id='word_1_696' title='bbox 3475 4407 3541 4456; x_wconf 89' lang='lat' dir='ltr'><strong>ut</strong></span> <span class='ocrx_word' id='word_1_697' title='bbox 3565 4417 3641 4456; x_wconf 91' lang='lat' dir='ltr'><strong>eo</strong></span> 
     </span>
    </p>
   </div>
   <div class='ocr_carea' id='block_1_63' title="bbox 2041 4491 2919 4562">
    <p class='ocr_par' dir='ltr' id='par_1_63' title="bbox 2041 4491 2919 4562">
     <span class='ocr_line' id='line_1_63' title="bbox 2041 4491 2919 4562; baseline -0.002 -16"><span class='ocrx_word' id='word_1_698' title='bbox 2041 4491 2284 4562; x_wconf 88' lang='lat' dir='ltr'><strong>amplius</strong></span> <span class='ocrx_word' id='word_1_699' title='bbox 2308 4491 2514 4546; x_wconf 91' lang='lat' dir='ltr'><strong>habeat</strong></span> <span class='ocrx_word' id='word_1_700' title='bbox 2528 4491 2678 4546; x_wconf 89' lang='lat' dir='ltr'><strong>unde</strong></span> <span class='ocrx_word' id='word_1_701' title='bbox 2706 4491 2919 4562; x_wconf 88' lang='lat' dir='ltr'><strong>largiri.</strong></span> 
     </span>
    </p>
   </div>
   <div class='ocr_carea' id='block_1_64' title="bbox 2110 4580 3646 4648">
    <p class='ocr_par' dir='ltr' id='par_1_64' title="bbox 2110 4580 3646 4648">
     <span class='ocr_line' id='line_1_64' title="bbox 2110 4580 3646 4648; baseline 0.001 -15"><span class='ocrx_word' id='word_1_702' title='bbox 2110 4580 2164 4634; x_wconf 94' lang='lat'><strong>8.</strong></span> <span class='ocrx_word' id='word_1_703' title='bbox 2200 4581 2400 4634; x_wconf 60' lang='lat' dir='ltr'><strong>Lassa.</strong></span> <span class='ocrx_word' id='word_1_704' title='bbox 2447 4583 2570 4634; x_wconf 87' lang='lat' dir='ltr'><strong>Non</strong></span> <span class='ocrx_word' id='word_1_705' title='bbox 2613 4581 2793 4634; x_wconf 89' lang='lat' dir='ltr'><strong>solum</strong></span> <span class='ocrx_word' id='word_1_706' title='bbox 2824 4581 3035 4648; x_wconf 85' lang='lat' dir='ltr'><strong>supplet</strong></span> <span class='ocrx_word' id='word_1_707' title='bbox 3065 4596 3145 4634; x_wconf 88' lang='lat' dir='ltr'><strong>ea.</strong></span> <span class='ocrx_word' id='word_1_708' title='bbox 3197 4580 3451 4644; x_wconf 89' lang='lat' dir='ltr'><strong>Quatuor</strong></span> <span class='ocrx_word' id='word_1_709' title='bbox 3498 4580 3646 4636; x_wconf 85' lang='lat' dir='ltr'><strong>dicit</strong></span> 
     </span>
    </p>
   </div>
   <div class='ocr_carea' id='block_1_65' title="bbox 2042 4667 3648 4739">
    <p class='ocr_par' dir='ltr' id='par_1_65' title="bbox 2042 4667 3648 4739">
     <span class='ocr_line' id='line_1_65' title="bbox 2042 4667 3648 4739; baseline 0.001 -17"><span class='ocrx_word' id='word_1_710' title='bbox 2042 4669 2162 4722; x_wconf 87' lang='lat' dir='ltr'><strong>ﬁeri</strong></span> <span class='ocrx_word' id='word_1_711' title='bbox 2185 4685 2285 4739; x_wconf 88' lang='lat' dir='ltr'><strong>per</strong></span> <span class='ocrx_word' id='word_1_712' title='bbox 2302 4667 2849 4722; x_wconf 87' lang='lat' dir='ltr'><strong>administrationem</strong></span> <span class='ocrx_word' id='word_1_713' title='bbox 2871 4669 3040 4739; x_wconf 89' lang='lat' dir='ltr'><strong>hujus</strong></span> <span class='ocrx_word' id='word_1_714' title='bbox 3059 4669 3245 4733; x_wconf 83' lang='lat' dir='ltr'><strong>ofﬁcii,</strong></span> <span class='ocrx_word' id='word_1_715' title='bbox 3271 4669 3323 4722; x_wconf 92' lang='lat' dir='ltr'><strong>id</strong></span> <span class='ocrx_word' id='word_1_716' title='bbox 3348 4674 3452 4733; x_wconf 90' lang='lat' dir='ltr'><strong>est,</strong></span> <span class='ocrx_word' id='word_1_717' title='bbox 3473 4668 3648 4724; x_wconf 82' lang='lat' dir='ltr'><strong>bene-</strong></span> 
     </span>
    </p>
   </div>
   <div class='ocr_carea' id='block_1_66' title="bbox 2042 4756 3648 4829">
    <p class='ocr_par' dir='ltr' id='par_1_66' title="bbox 2042 4756 3648 4829">
     <span class='ocr_line' id='line_1_66' title="bbox 2042 4756 3648 4829; baseline 0.002 -19"><span class='ocrx_word' id='word_1_718' title='bbox 2042 4757 2171 4810; x_wconf 87' lang='lat' dir='ltr'><strong>ﬁcii.</strong></span> <span class='ocrx_word' id='word_1_719' title='bbox 2195 4757 2414 4811; x_wconf 90' lang='lat' dir='ltr'><strong>Sanctis</strong></span> <span class='ocrx_word' id='word_1_720' title='bbox 2435 4756 2585 4810; x_wconf 89' lang='lat' dir='ltr'><strong>enim</strong></span> <span class='ocrx_word' id='word_1_721' title='bbox 2609 4757 2704 4828; x_wconf 89' lang='lat' dir='ltr'><strong>qui</strong></span> <span class='ocrx_word' id='word_1_722' title='bbox 2730 4764 2863 4812; x_wconf 91' lang='lat' dir='ltr'><strong>sunt</strong></span> <span class='ocrx_word' id='word_1_723' title='bbox 2893 4757 3296 4829; x_wconf 83' lang='lat' dir='ltr'><strong>Hierosolymis</strong></span> <span class='ocrx_word' id='word_1_724' title='bbox 3318 4759 3648 4815; x_wconf 86' lang='lat' dir='ltr'><strong>necessaria,</strong></span> 
     </span>
    </p>
   </div>
   <div class='ocr_carea' id='block_1_67' title="bbox 2041 4844 3651 4918">
    <p class='ocr_par' dir='ltr' id='par_1_67' title="bbox 2041 4844 3651 4918">
     <span class='ocr_line' id='line_1_67' title="bbox 2041 4844 3651 4918; baseline 0.002 -19"><span class='ocrx_word' id='word_1_725' title='bbox 2041 4845 2239 4900; x_wconf 84' lang='lat' dir='ltr'><strong>exinde</strong></span> <span class='ocrx_word' id='word_1_726' title='bbox 2264 4844 2674 4909; x_wconf 78' lang='lat' dir='ltr'><strong>ministrentur,</strong></span> <span class='ocrx_word' id='word_1_727' title='bbox 2702 4852 2760 4900; x_wconf 87' lang='lat' dir='ltr'><strong>et</strong></span> <span class='ocrx_word' id='word_1_728' title='bbox 2787 4863 2887 4918; x_wconf 92' lang='lat' dir='ltr'><strong>per</strong></span> <span class='ocrx_word' id='word_1_729' title='bbox 2919 4847 3126 4900; x_wconf 90' lang='lat' dir='ltr'><strong>multos</strong></span> <span class='ocrx_word' id='word_1_730' title='bbox 3153 4847 3313 4912; x_wconf 89' lang='lat' dir='ltr'><strong>alios,</strong></span> <span class='ocrx_word' id='word_1_731' title='bbox 3335 4846 3651 4917; x_wconf 85' lang='lat' dir='ltr'><strong>probantes</strong></span> 
     </span>
    </p>
   </div>
   <div class='ocr_carea' id='block_1_68' title="bbox 2040 4933 3648 5005">
    <p class='ocr_par' dir='ltr' id='par_1_68' title="bbox 2040 4933 3648 5005">
     <span class='ocr_line' id='line_1_68' title="bbox 2040 4933 3648 5005; baseline 0.003 -19"><span class='ocrx_word' id='word_1_732' title='bbox 2040 4934 2144 4987; x_wconf 92' lang='lat' dir='ltr'><strong>hoc</strong></span> <span class='ocrx_word' id='word_1_733' title='bbox 2175 4933 2566 4997; x_wconf 86' lang='lat' dir='ltr'><strong>ministerium,</strong></span> <span class='ocrx_word' id='word_1_734' title='bbox 2596 4935 2792 5004; x_wconf 77' lang='lat' dir='ltr'><strong>gratiae</strong></span> <span class='ocrx_word' id='word_1_735' title='bbox 2824 4936 2938 4989; x_wconf 89' lang='lat' dir='ltr'><strong>Deo</strong></span> <span class='ocrx_word' id='word_1_736' title='bbox 2970 4937 3322 5002; x_wconf 87' lang='lat' dir='ltr'><strong>referantur;</strong></span> <span class='ocrx_word' id='word_1_737' title='bbox 3362 4942 3421 4989; x_wconf 88' lang='lat' dir='ltr'><strong>et</strong></span> <span class='ocrx_word' id='word_1_738' title='bbox 3449 4936 3648 5005; x_wconf 84' lang='lat' dir='ltr'><strong>multi,</strong></span> 
     </span>
    </p>
   </div>
   <div class='ocr_carea' id='block_1_69' title="bbox 2041 5022 3652 5094">
    <p class='ocr_par' dir='ltr' id='par_1_69' title="bbox 2041 5022 3652 5094">
     <span class='ocr_line' id='line_1_69' title="bbox 2041 5022 3652 5094; baseline 0.003 -19"><span class='ocrx_word' id='word_1_739' title='bbox 2041 5022 2293 5092; x_wconf 88' lang='lat' dir='ltr'><strong>exemplo</strong></span> <span class='ocrx_word' id='word_1_740' title='bbox 2316 5022 2734 5076; x_wconf 86' lang='lat' dir='ltr'><strong>Corinthiorum</strong></span> <span class='ocrx_word' id='word_1_741' title='bbox 2758 5023 3065 5094; x_wconf 81' lang='lat' dir='ltr'><strong>provocati,</strong></span> <span class='ocrx_word' id='word_1_742' title='bbox 3088 5029 3146 5076; x_wconf 87' lang='lat' dir='ltr'><strong>et</strong></span> <span class='ocrx_word' id='word_1_743' title='bbox 3174 5023 3283 5078; x_wconf 90' lang='lat' dir='ltr'><strong>illis</strong></span> <span class='ocrx_word' id='word_1_744' title='bbox 3313 5024 3520 5078; x_wconf 87' lang='lat' dir='ltr'><strong>sanctis</strong></span> <span class='ocrx_word' id='word_1_745' title='bbox 3540 5026 3652 5094; x_wconf 83' lang='lat' dir='ltr'><strong>qui</strong></span> 
     </span>
    </p>
   </div>
   <div class='ocr_carea' id='block_1_70' title="bbox 2041 5109 3648 5183">
    <p class='ocr_par' dir='ltr' id='par_1_70' title="bbox 2041 5109 3648 5183">
     <span class='ocr_line' id='line_1_70' title="bbox 2041 5109 3648 5183; baseline 0.002 -19"><span class='ocrx_word' id='word_1_746' title='bbox 2041 5115 2174 5165; x_wconf 87' lang='lat' dir='ltr'><strong>sunt</strong></span> <span class='ocrx_word' id='word_1_747' title='bbox 2187 5109 2586 5182; x_wconf 88' lang='lat' dir='ltr'><strong>Hierosolymis</strong></span> <span class='ocrx_word' id='word_1_748' title='bbox 2607 5118 2664 5165; x_wconf 90' lang='lat' dir='ltr'><strong>ct</strong></span> <span class='ocrx_word' id='word_1_749' title='bbox 2681 5111 2871 5166; x_wconf 90' lang='lat' dir='ltr'><strong>multis</strong></span> <span class='ocrx_word' id='word_1_750' title='bbox 2889 5111 3014 5166; x_wconf 91' lang='lat' dir='ltr'><strong>aliis</strong></span> <span class='ocrx_word' id='word_1_751' title='bbox 3033 5112 3274 5183; x_wconf 90' lang='lat' dir='ltr'><strong>plurima</strong></span> <span class='ocrx_word' id='word_1_752' title='bbox 3295 5113 3648 5183; x_wconf 85' lang='lat' dir='ltr'><strong>largiuntur,</strong></span> 
     </span>
    </p>
   </div>
   <div class='ocr_carea' id='block_1_71' title="bbox 2031 5198 3651 5271">
    <p class='ocr_par' dir='ltr' id='par_1_71' title="bbox 2031 5198 3651 5271">
     <span class='ocr_line' id='line_1_71' title="bbox 2031 5198 3651 5271; baseline 0.002 -17"><span class='ocrx_word' id='word_1_753' title='bbox 2031 5198 2106 5254; x_wconf 50' lang='lat' dir='ltr'><strong>&#39;ut</strong></span> <span class='ocrx_word' id='word_1_754' title='bbox 2134 5204 2192 5252; x_wconf 90' lang='lat' dir='ltr'><strong>et</strong></span> <span class='ocrx_word' id='word_1_755' title='bbox 2218 5198 2367 5270; x_wconf 88' lang='lat' dir='ltr'><strong>ipsos</strong></span> <span class='ocrx_word' id='word_1_756' title='bbox 2412 5199 2732 5254; x_wconf 88' lang='lat' dir='ltr'><strong>Corinthios</strong></span> <span class='ocrx_word' id='word_1_757' title='bbox 2760 5200 3002 5265; x_wconf 80' lang='lat' dir='ltr'><strong>videant,</strong></span> <span class='ocrx_word' id='word_1_758' title='bbox 3035 5206 3265 5271; x_wconf 85' lang='lat' dir='ltr'><strong>prOpter</strong></span> <span class='ocrx_word' id='word_1_759' title='bbox 3293 5201 3651 5259; x_wconf 82' lang='lat' dir='ltr'><strong>eminentem</strong></span> 
     </span>
    </p>
   </div>
   <div class='ocr_carea' id='block_1_72' title="bbox 2039 5287 3517 5360">
    <p class='ocr_par' dir='ltr' id='par_1_72' title="bbox 2039 5287 3517 5360">
     <span class='ocr_line' id='line_1_72' title="bbox 2039 5287 3517 5360; baseline 0.001 -20"><span class='ocrx_word' id='word_1_760' title='bbox 2039 5287 2302 5358; x_wconf 89' lang='lat' dir='ltr'><strong>gratiam,</strong></span> <span class='ocrx_word' id='word_1_761' title='bbox 2328 5305 2497 5358; x_wconf 88' lang='lat' dir='ltr'><strong>quam</strong></span> <span class='ocrx_word' id='word_1_762' title='bbox 2529 5288 2753 5354; x_wconf 86' lang='lat' dir='ltr'><strong>habent,</strong></span> <span class='ocrx_word' id='word_1_763' title='bbox 2777 5289 2972 5343; x_wconf 89' lang='lat' dir='ltr'><strong>sedulo</strong></span> <span class='ocrx_word' id='word_1_764' title='bbox 3000 5305 3096 5344; x_wconf 88' lang='lat' dir='ltr'><strong>eos</strong></span> <span class='ocrx_word' id='word_1_765' title='bbox 3123 5290 3517 5360; x_wconf 87' lang='lat' dir='ltr'><strong>deprecantur.</strong></span> 
     </span>
    </p>
   </div>
   <div class='ocr_carea' id='block_1_73' title="bbox 2113 5377 3656 5450">
    <p class='ocr_par' dir='ltr' id='par_1_73' title="bbox 2113 5377 3656 5450">
     <span class='ocr_line' id='line_1_73' title="bbox 2113 5377 3656 5450; baseline 0.004 -20"><span class='ocrx_word' id='word_1_766' title='bbox 2113 5377 2165 5430; x_wconf 77' lang='lat'><strong>9.</strong></span> <span class='ocrx_word' id='word_1_767' title='bbox 2202 5379 2268 5432; x_wconf 89' lang='lat' dir='ltr'><strong>In</strong></span> <span class='ocrx_word' id='word_1_768' title='bbox 2295 5379 2681 5442; x_wconf 82' lang='lat' dir='ltr'><strong>obedientiam,</strong></span> <span class='ocrx_word' id='word_1_769' title='bbox 2714 5378 2770 5431; x_wconf 92' lang='lat' dir='ltr'><strong>id</strong></span> <span class='ocrx_word' id='word_1_770' title='bbox 2800 5383 2902 5441; x_wconf 88' lang='lat' dir='ltr'><strong>est,</strong></span> <span class='ocrx_word' id='word_1_771' title='bbox 2937 5377 3069 5449; x_wconf 90' lang='lat' dir='ltr'><strong>quia</strong></span> <span class='ocrx_word' id='word_1_772' title='bbox 3096 5377 3232 5433; x_wconf 89' lang='lat' dir='ltr'><strong>dum</strong></span> <span class='ocrx_word' id='word_1_773' title='bbox 3272 5379 3656 5450; x_wconf 77' lang='lat' dir='ltr'><strong>Evangeliunl</strong></span> 
     </span>
    </p>
   </div>
   <div class='ocr_carea' id='block_1_74' title="bbox 2045 5465 3662 5538">
    <p class='ocr_par' dir='ltr' id='par_1_74' title="bbox 2045 5465 3662 5538">
     <span class='ocr_line' id='line_1_74' title="bbox 2045 5465 3662 5538; baseline 0.002 -16"><span class='ocrx_word' id='word_1_774' title='bbox 2045 5465 2253 5522; x_wconf 89' lang='lat' dir='ltr'><strong>Christi</strong></span> <span class='ocrx_word' id='word_1_775' title='bbox 2293 5465 2447 5520; x_wconf 89' lang='lat' dir='ltr'><strong>vobis</strong></span> <span class='ocrx_word' id='word_1_776' title='bbox 2475 5466 2824 5538; x_wconf 63' lang='lat' dir='ltr'><strong>praedicaret,</strong></span> <span class='ocrx_word' id='word_1_777' title='bbox 2870 5467 3062 5522; x_wconf 89' lang='lat' dir='ltr'><strong>statim</strong></span> <span class='ocrx_word' id='word_1_778' title='bbox 3099 5466 3426 5523; x_wconf 90' lang='lat' dir='ltr'><strong>obedientes</strong></span> <span class='ocrx_word' id='word_1_779' title='bbox 3455 5467 3662 5526; x_wconf 71' lang='lat' dir='ltr'><strong>fuistis</strong></span> 
     </span>
    </p>
   </div>
   <div class='ocr_carea' id='block_1_75' title="bbox 2045 5555 2854 5612">
    <p class='ocr_par' dir='ltr' id='par_1_75' title="bbox 2045 5555 2854 5612">
     <span class='ocr_line' id='line_1_75' title="bbox 2045 5555 2854 5612; baseline -0.005 0"><span class='ocrx_word' id='word_1_780' title='bbox 2045 5555 2120 5612; x_wconf 88' lang='lat' dir='ltr'><strong>ad</strong></span> <span class='ocrx_word' id='word_1_781' title='bbox 2141 5555 2524 5612; x_wconf 84' lang='lat' dir='ltr'><strong>conﬁtendum</strong></span> <span class='ocrx_word' id='word_1_782' title='bbox 2547 5555 2854 5611; x_wconf 88' lang='lat' dir='ltr'><strong>Christum.</strong></span> 
     </span>
    </p>
   </div>
  </div>
