3936 6178
332 255 444 314 μοι
1301 254 1368 310 Β.
1407 251 1823 311 LANFRANCI
1860 252 1933 312 CA

2033 253 2221 312 ['UAR.
2261 256 2598 316 ARGHIEP.
3485 259 3600 317 248

332 380 620 455 Epistolas
634 380 914 450 absentes,
940 381 1362 449 comminantes,
1383 377 1527 432 tales
1554 380 1765 432 erimus
1787 381 1845 432 et
1871 383 2176 449 praesentes
2203 378 2261 436 in
2290 381 2455 448 facto,
2488 382 2551 436 id
2567 386 2663 448 est,
2685 383 2827 436 sicut
2848 383 2914 436 in
2929 381 3188 450 Epistolis
3216 396 3315 436 nos
3350 382 3595 450 facturos

335 474 768 538 committam-ur.
790 474 841 526 εἰ
879 475 1061 537 ιιθ
1082 471 1354 528 venientes
1381 468 1458 522 ad
1483 483 1572 521 vos
1597 469 1713 522 nisi
1735 471 1988 536 correpti,
2022 476 2151 524 actu
2180 473 2293 539 ipso
2323 487 2696 540 exsequemur.
2738 469 2819 528 14.
2854 470 2978 526 Non
3011 469 3162 525 enim
3192 469 3466 526 audemus
3495 473 3599 541 (re-

337 560 530 624 motio).
543 560 813 629 inserere,
846 565 952 628 aut.
972 571 1431 629 comparareqnos
1482 555 1837 626 quibusdam,
1866 558 2086 625 pseudo,
2122 559 2218 629 qui
2264 559 2478 632 seipsos
2518 559 2936 626 commendant,
2963 575 3076 614 non
3105 561 3386 614 metientes
3403 576 3476 626 se,
3507 561 3602 614 sed

334 652 494 706 ultra.
520 659 690 718 quam
709 651 823 702 sint
838 651 1112 716 jactantes
1133 665 1150 712 ;
1201 645 1282 702 15.
1309 644 1409 700 sed
1445 643 1552 716 ipsi
1573 643 1632 699 in
1661 643 1821 699 nobis
1845 646 2217 718 nosmetipsos
2238 648 2537 707 metientes
2559 664 2775 714 sumus,
2806 653 2870 702 et
2889 652 3279 719 comparantes
3325 646 3597 702 nosmeti-

335 755 466 810 psos
493 736 672 792 nobis.
708 736 789 793 16.
819 737 935 791 Nos
964 740 1155 790 autem
1179 750 1294 788 non
1313 733 1371 788 in
1397 734 1762 798 immensum,
1812 737 1871 787 id
1911 740 2003 801 est,
2056 752 2164 789 non
2204 741 2356 791 ultra
2382 740 2543 804 vires,
2592 735 2982 807 gloriabimur,
3009 737 3072 789 id
3097 741 3191 802 est,
3217 737 3346 790 inde
3375 741 3602 790 tantum

335 829 674 897 gloriamur,
705 827 849 894 quod
869 826 1261 895 praedicatione
1286 827 1478 876 nostra
1501 839 1590 876 vos
1620 827 2008 900 convertimus,
2040 825 2139 892 sed
2170 823 2255 890 17.
2290 825 2597 880 secundum
2627 826 2746 894 (pro
2788 827 3117 878 auctoritate
3139 827 3344 892 posuit)
3368 839 3600 878 mensu-

335 931 458 969 ram
495 913 703 984 regulae
728 914 1067 985 (regiminis)
1107 927 1219 983 qua
1249 926 1478 965 mensus
1500 915 1586 965 est
1611 909 1771 964 nobis
1799 899 1967 976 Deus,
2001 916 2205 967 scilicet
2231 916 2566 981 gloriamur,
2606 913 2906 967 secundum
2964 927 3287 966 mensuram
3337 914 3456 966 dico
3507 911 3594 967 l8.

334 1001 699 1076 pertingendi
716 1002 1070 1071 praedicando
1093 1015 1272 1070 usque
1299 997 1371 1053 ad
1399 1014 1516 1053 vos.
1542 998 1668 1054 Non
1697 999 1848 1054 enim
1884 999 1965 1056 19.
2001 1005 2161 1072 quasi
2181 1017 2296 1056 non
2310 1001 2690 1074 pertingentes
2716 1000 2788 1054 ad
2807 1017 2921 1065 vos,
2944 1004 3102 1054 ultra
3119 1005 3600 1072 vos,superexten-

336 1092 526 1147 dimus
552 1103 656 1146 nos
686 1107 697 1144 :
731 1105 912 1160 usque
940 1089 1012 1143 ad
1041 1104 1137 1142 vos
1165 1087 1316 1142 enim
1343 1087 1708 1159 pervenimus
1735 1088 1796 1143 in
1824 1090 2143 1161 Evangelio,
2172 1092 2578 1160 pradicatione,
2609 1089 2839 1148 Christi.
2873 1090 2996 1144 Non
3029 1088 3088 1144 in
3102 1087 3444 1144 immensum
3471 1089 3602 1160 glo-

335 1181 549 1236 riantes
579 1180 824 1249 (dicendo
851 1195 946 1233 nos
971 1179 1310 1247 pradicasse,
1345 1179 1544 1247 quibus
1561 1193 1672 1232 non
1695 1180 2136 1250 przdi'cavimus)
2170 1180 2229 1233 in
2259 1179 2458 1234 alienis
2486 1177 2792 1243 laboribus,
2823 1182 2888 1232 in
2907 1181 3156 1232 aliorum
3175 1179 3600 1247 praedicatione:

335 1285 493 1341 spem
513 1271 704 1324 autem
731 1265 1020 1332 habentes,
1053 1266 1313 1321 habemus
1346 1267 1631 1320 crescentis
1657 1265 1789 1319 ﬁdei
1809 1273 2005 1322 vestrae
2025 1272 2086 1321 ut
2101 1272 2303 1322 crescat
2327 1269 2454 1334 ﬁdes
2479 1273 2676 1332 vestra,
2695 1266 2797 1322 20.
2836 1267 2896 1321 in
2924 1265 3078 1321 vobis
3114 1265 3480 1337 magniﬁcari,
3540 1264 3605 1319 id

336 1362 432 1423 est,
464 1358 690 1427 quodin
718 1356 864 1409 vobis
889 1356 1310 1423 nagniﬁcabor,
1345 1351 1407 1408 21
1428 1397 1441 1409 .
1480 1353 1789 1408 secundum
1817 1355 2072 1424 regulam
2100 1360 2350 1409 nostram
2373 1353 2469 1411 22.
2505 1355 2563 1409 in
2579 1354 3002 1418 abundantiam,
3025 1357 3087 1408 in
3106 1371 3196 1423 spe
3213 1355 3414 1408 habens
3426 1355 3607 1407 abun-

335 1446 592 1500 dantiam
605 1458 625 1509 ;
656 1445 826 1511 idest,
854 1458 1002 1511 spem
1022 1442 1301 1510 habemus,
1333 1444 1468 1510 quia
1489 1444 1656 1496 etiam.
1679 1445 1811 1497 aliis
1837 1449 2038 1511 praeter
2059 1460 2146 1497 ros
2168 1446 2611 1513 praedicabimus,
2639 1442 2728 1497 23.
2762 1443 2931 1497 etiam
2962 1442 3021 1496 in
3042 1443 3141 1497 illa
3157 1446 3292 1508 loca,
3312 1458 3435 1514 quae
3453 1440 3606 1495 ultra

336 1549 433 1588 vos
461 1537 614 1598 sunt,
645 1529 1049 1602 evangelizare,
1078 1529 1164 1596 24,
1204 1527 1297 1586 25.
1329 1545 1443 1584 non
1466 1532 1728 1600 (remotio)
1763 1531 1820 1585 in
1843 1531 2030 1585 aliena
2054 1532 2268 1602 regula,
2300 1535 2363 1584 in
2390 1535 2640 1586 aliorum
2673 1533 3084 1600 praedicatione,
3116 1530 3174 1583 in
3195 1529 3264 1583 iis
3304 1545 3426 1600 quae
3457 1543 3608 1598 prae-

335 1632 537 1694 parata
559 1625 710 1686 sunt,
741 1621 1044 1688 praedicata
1061 1619 1132 1674 ab
1159 1620 1310 1684 aliis,
1332 1617 1585 1689 gloriari,
1614 1624 1662 1673 et
1691 1620 1786 1673 hoc
1806 1621 1942 1684 ideo,
1971 1623 2106 1688 quia
2130 1623 2434 1688 gloriatur,
2466 1625 2572 1678 etc.
2598 1623 2748 1676 vetet
2775 1623 2859 1673 ita
2883 1621 3142 1686 gloriari,
3176 1624 3238 1672 ut
3266 1620 3368 1686 qui
3399 1620 3608 1685 glaria‘

339 1715 453 1776 tur,
487 1713 592 1764 etc.
618 1707 725 1773 Qui
756 1713 947 1762 autem
975 1707 1274 1779 gloriatur,
1302 1706 1363 1762 in
1393 1707 1634 1762 Domino
1660 1707 1952 1778 glorietur,
1988 1725 2098 1762 non
2117 1712 2182 1762 in
2211 1726 2284 1775 sc,
2315 1712 2396 1763 uel
2430 1711 2494 1763 in
2533 1710 2669 1762 alio.
2707 1705 2797 1763 26.
2855 1709 2980 1763 Non
3017 1707 3168 1762 enim
3217 1706 3313 1780 qui
3355 1706 3606 1779 seipsum

335 1797 711 1865 commendat,
742 1796 831 1855 27.
863 1796 958 1853 ille
985 1796 1254 1869 probatus
1279 1801 1398 1866 est;
1426 1797 1527 1852 sed
1556 1813 1723 1868 quem
1755 1798 1904 1853 Deus
1924 1797 2300 1864 commendat,
2329 1800 2453 1852 illos
2472 1800 2795 1866 gloriantes.

1781 1949 2016 2005 CAPUT
2053 1947 2152 2003 XI.

408 2073 465 2130 4.
482 2072 540 2132 2.
561 2073 796 2129 Utinam
821 2071 1174 2131 sustineretis
1199 2071 1483 2126 modicum
1498 2071 1997 2144 quidinsipientiae,
2014 2075 2320 2141 iactantia,
2336 2088 2474 2127 meae
2493 2073 2505 2126 !
2527 2072 2623 2126 sed
2646 2077 2704 2127 et
2722 2075 3052 2142 supportate
3071 2085 3182 2139 me,
3197 2071 3319 2124 diri
3341 2071 3563 2124 utinam
3589 2075 3611 2123 Ι

339 2165 593 2232 optativa,
635 2164 727 2218 sed
766 2177 920 2218 nunc
948 2164 1276 2233 praecipiens
1301 2163 1422 2216 dico
1453 2181 1468 2216 :
1499 2168 1830 2232 supportate,
1865 2164 2006 2232 quod
2042 2163 2240 2216 debetis
2266 2163 2447 2230 facere
2487 2180 2502 2215 :
2534 2160 2588 2229 3,
2610 2159 2663 2217 4.
2696 2160 2933 2215 aemulor
2960 2159 3112 2215 enim
3133 2175 3231 2214 vos
3259 2157 3360 2214 Dei
3381 2156 3615 2212 aemula-

1673 2259 2262 2315 COMMENTARIUS.

409 2357 496 2416 14.
520 2358 645 2414 Νοη
689 2361 837 2415 enim
866 2359 1154 2414 audemus.
1187 2357 1394 2413 Inserit
1430 2361 1487 2412 et
1513 2373 1834 2430 comparem
1869 2360 2002 2420 seA
2087 2355 2177 2414 24.
2219 2358 2343 2413 Νοη
2373 2360 2436 2412 in
2461 2359 2650 2413 aliena
2672 2359 2887 2426 regula.
2911 2357 3058 2424 Non,
3089 2354 3291 2428 inquit,
3316 2372 3474 2429 spem
3502 2356 3612 2412 ha-

333 2446 470 2503 facit
495 2446 796 2520 aliquibus,
831 2445 927 2520 qui
975 2463 1147 2518 opera
1189 2463 1384 2502 eorum
1412 2445 1726 2502 imitantur.
1784 2447 1930 2513 Non,

333 2526 538 2608 inquit,
575 2536 834 2591 volumus
867 2536 1074 2590 imitari
1123 2551 1234 2601 eos,
1270 2535 1366 2605 qui
1413 2534 1626 2606 seipsos
1655 2551 1934 2591 commen-

336 2623 536 2679 dantes
563 2616 869 2679 adulantur
885 2621 1069 2691 vobis;
1104 2623 1201 2678 sed
1225 2615 1374 2678 bona
1395 2617 1578 2678 vestra
1592 2622 1890 2678 laudamus
1915 2643 1927 2692 ;

335 2710 486 2767 mala
513 2713 799 2784 punimus.
824 2711 1028 2777 Quales
1059 2713 1244 2779 verbo,
1277 2711 1422 2766 tales
1451 2715 1508 2766 et
1534 2712 1700 2766 facto.
1776 2703 1778 2705 ’

413 2799 496 2857 15.
529 2797 633 2857 Sed
651 2803 760 2871 ipsi
786 2803 1052 2856 in‘nobis.
1079 2797 1374 2855 Metientes
1410 2816 1605 2855 sumus
1662 2801 1931 2855 nosmeti-

331 2905 479 2961 psos,
515 2889 572 2944 id
601 2885 711 2957 est,‘
737 2890 1091 2945 conscientiis
1116 2889 1322 2944 nostris
1366 2880 1754 2961 comparantes
1806 2907 1932 2946 nos-

335 2978 603 3050 metipsos
641 2979 822 3046 nobis,
854 2979 911 3032 id
934 2978 1038 3045 est,
1072 2977 1279 3033 nostris
1295 2978 1576 3050 Operibus,
1598 2978 1828 3046 viribus,
1861 2995 1950 3033 ne-

333 3067 479 3141 plus,
514 3067 601 3122 vel
653 3067 806 3123 aliud
863 3067 1134 3139 dicamus,
1171 3066 1256 3122 vel
1302 3083 1570 3122 conemur
1599 3084 1722 3139 quae
1748 3067 1932 3124 facere

333 3146 634 3228 possimus,
661 3158 746 3212 vel
785 3155 1108 3212 debeamus.
1278 3159 1280 3164 ’
1517 3155 1520 3160 ’
1554 3155 1558 3162 ’

397 3238 495 3300 ’16.
526 3241 635 3299 Nos
663 3249 849 3299 autem
870 3261 983 3298 non
1011 3247 1074 3297 in
1104 3247 1459 3298 immensum.
1482 3244 1546 3298 In
1565 3247 1809 3309 tantum,
1842 3244 1930 3299 in-

336 3331 477 3402 quit,
505 3331 896 3402 gloriabimur,
929 3336 992 3386 ut
1019 3336 1233 3386 vestros
1262 3348 1383 3386 esse
1410 3332 1693 3402 apostolos
1713 3349 1816 3388 nos
1842 3332 1929 3388 di-

332 3434 561 3487 camus;
595 3420 714 3474 haec
731 3425 818 3474 est
843 3419 993 3474 enim
1012 3436 1278 3476 mensura
1302 3420 1494 3491 gloriae
1522 3426 1728 3475 nostrae
1761 3438 1928 3492 quam

336 3499 564 3563 mensus
585 3512 678 3562 est
695 3507 856 3562 nobis
891 3507 1060 3562 Deus.

2015 2444 2210 2501 bemus
2238 2446 2469 2517 gloriari
2497 2446 2556 2502 in
2596 2445 2783 2502 aliena
2810 2447 3027 2518 regula,
3060 2445 3120 2501 in
3150 2445 3239 2500 his
3259 2444 3515 2500 videlicet
3531 2444 3616 2500 lo-

2015 2537 2093 2589 cis
2142 2551 2265 2606 quae
2319 2541 2654 2608 praeparata,
2694 2535 2752 2590 id
2806 2539 2910 2603 est,
2971 2530 3347 2606 evangeliiata
3375 2532 3445 2588 ab
3473 2533 3615 2606 ipsis

2013 2623 2278 2694 apostolis
2292 2666 2301 2676 .
2927 2619 2931 2626 ’

2083 2709 2172 2768 25.
2207 2714 2454 2768 Alanos.
2480 2713 2605 2766 Non
2642 2716 2707 2766 in
2738 2715 2926 2767 aliena
2956 2715 3170 2781 regula.
3205 2712 3331 2768 Non
3351 2712 3520 2768 audet
3549 2711 3615 2767 in

2013 2799 2114 2854 hos
2139 2800 2233 2870 qui
2254 2800 2380 2854 aliis
2399 2800 2828 2870 praedicantibus
2859 2799 3234 2867 crediderunt,
3264 2817 3368 2856 nec
3397 2801 3453 2855 in
3481 2799 3619 2855 alie-

2015 2886 2102 2941 nis
2129 2886 2413 2942 laboribus
2430 2887 2652 2942 videtur
2678 2888 2944 2958 gloriari;
2985 2887 3082 2943 sed
3135 2887 3237 2960 per
3279 2889 3385 2942 hoc
3412 2887 3619 2943 nititur

2014 2981 2079 3031 ut
2107 2976 2188 3030 eis
2205 2976 2533 3048 praedicaret
2563 2975 2765 3048 quibus
2814 2992 2924 3031 non
2975 2982 3098 3032 erat
3121 2977 3269 3048 [sup.
3307 2977 3616 3032 annuntia-

2013 3071 2136 3120 tum
2165 3065 2568 3138 Evangel.],ut
2582 3065 2821 3135 gloriam
2843 3081 2945 3120 suo
2966 3066 3157 3121 labore
3185 3065 3465 3136 acquirat;
3495 3065 3619 3136 glo-

2015 3154 2155 3208 riam
2187 3160 2376 3209 autem
2417 3154 2654 3208 Domino
2686 3153 2930 3208 dandam
2960 3153 3238 3225 signiﬁcat
3259 3153 3482 3209 dicens:
3508 3152 3620 3221 Qui

2011 3243 2295 3312 gloriatur
2323 3247 2386 3297 in
2417 3240 2650 3297 Domino
2677 3246 2972 3311 glorietur.

2084 3330 2171 3387 26.
2201 3333 2326 3386 Νοη
2355 3334 2506 3385 enim
2535 3336 2635 3400 qui
2657 3334 2897 3400 seipsum
2910 3333 3274 3387 commendat.
3296 3333 3508 3386 Verum
3527 3335 3620 3385 est

2013 3421 2146 3488 quia
2172 3416 2332 3471 illum
2355 3418 2625 3472 Dominus
2653 3419 3048 3486 commendat;
3099 3425 3157 3474 et
3203 3419 3298 3474 ille
3347 3417 3620 3490 probatus

2012 3511 2116 3571 est,
2150 3523 2317 3578 quem
2345 3506 2578 3577 dignum
2610 3507 2782 3562 habet
2831 3524 2897 3562 ac
2936 3508 3112 3562 mittit
3136 3514 3201 3562 ut
3237 3508 3500 3578 praedicet
3520 3507 3624 3561 do-

406 3593 496 3651 47.
528 3594 853 3651 Secundum”
888 3612 1211 3652 mensuram
1249 3579 1475 3665 regulae.
1531 3598 1770 3669 Exponit
1797 3589 1992 3670 quo-B
2014 3611 2169 3649 mum
2194 3597 2330 3666 ejus.
2367 3596 2546 3659 Quem
2567 3601 2755 3651 autem
2777 3611 2891 3651 non
2916 3597 3112 3663 mittit,
3144 3613 3257 3652 non
3278 3597 3439 3651 illum
3467 3611 3621 3650 com-

336 3684 504 3739 modo
540 3682 966 3756 intelligendum
1021 3686 1096 3740 sit
1142 3685 1293 3758 quod
1348 3685 1608 3756 superius
1665 3687 1840 3742 dixit:
1873 3687 1932 3742 in

337 3772 676 3828 immensum
705 3771 1094 3845 gloriabimur.

408 3861 496 3918 '18.
525 3863 897 3932 Pertingendi
939 3869 1108 3932 usque
1153 3863 1228 3917 ad
1275 3879 1384 3918 vos.
1441 3864 1702 3920 Mensura
1728 3869 1932 3919 nostrae

339 3951 750 4023 praedicationis
800 3951 1073 4022 pertingit
1109 3967 1288 4022 usque
1323 3950 1394 4005 ad
1442 3967 1560 4017 vos,
1608 3952 1665 4006 id
1717 3958 1802 4007 est
1835 3971 1936 4024 per

337 4035 659 4094 mensuram
691 4039 1076 4112 praedicamus,
1110 4040 1241 4110 quia
1269 4039 1614 4094 invasionem
1656 4055 1768 4094 non
1795 4039 1933 4095 faci-

337 4135 484 4184 mus.
517 4128 583 4183 Et
612 4129 718 4183 hoc
753 4134 840 4184 est
869 4127 1017 4200 quod
1047 4127 1183 4183 dicit
1215 4145 1228 4182 :
1260 4144 1372 4182 non
1397 4131 1568 4194 enim,
1599 4131 1705 4182 etc.

408 4215 496 4318 1-9.
524 4218 695 4317 Quasi
720 4216 1316 4318 nonOpertingen‘tes:Si‘
1335 4215 1437 4318 alii
1466 4220 1598 4318 ante
1615 4217 1763 4318 hunc
1791 4218 1937 4288 Apo-

339 4304 548 4361 stolum
594 4305 654 4361 in
679 4305 1077 4378 prmdicatione
1105 4304 1522 4362 Corinthibrum
1561 4305 1930 4371 laborassent,

341 4399 398 4448 et
443 4393 553 4448 iste
584 4410 643 4448 se
673 4407 866 4448 eorum
912 4394 1245 4466 Apostolum
1292 4399 1541 4450 vocasset
1570 4395 1929 4460 immensum,

339 4479 398 4536 id
417 4488 522 4546 est,
553 4482 704 4536 ultra
726 4481 956 4537 modum
982 4483 1212 4553 gloriari
1238 4484 1482 4541 videtur.

408 4562 506 4622 20.
539 4566 788 4620 ΑΜΒιιοε.
835 4569 904 4622 In
935 4568 1081 4620 vobis
1105 4570 1480 4635 magni/tcari.
1507 4567 1855 4638 Magnificari
1875 4585 1935 4624 se

339 4652 520 4708 credit
529 4652 677 4724 apud
689 4653 944 4720 Deum,si
954 4660 1269 4725 augeantur
1283 4655 1342 4709 in
1353 4655 1462 4709 ﬁde
1471 4655 1755 4710 auditores
1765 4656 1933 4714 illius.

410 4739 500 4798 21.
549 4741 753 4798 Laure.
785 4740 1100 4798 Secundum
1126 4744 1399 4811 regulam.
1434 4741 1702 4813 Regulam
1731 4745 1820 4799 hic
1847 4763 1938 4800 vo-

2014 3684 2268 3740 mendat.
2316 3685 2442 3755 Ipse
2471 3690 2660 3739 autem
2690 3701 2750 3740 se
2771 3686 3147 3755 commendat,
3180 3686 3310 3757 quia
3344 3686 3470 3756 [al.,
3493 3684 3621 3756 qui]

2013 3788 2126 3829 non
2154 3773 2358 3828 missus
2379 3773 2658 3845 praedicat.

2097 3869 2136 3928 Ι
2161 3870 2202 3929 ι
2223 3868 2263 3928 Ι
2303 3861 2393 3919 27.
2426 3863 2644 3918 Lmen.
2671 3863 2771 3917 Ille
2793 3865 3062 3932 probatus
3099 3871 3200 3920 est.
3229 3865 3357 3920 Non
3386 3864 3446 3919 in
3484 3863 3621 3918 alie-

2015 3950 2103 4005 nis
2127 3949 2220 4004 sed
2245 3950 2303 4004 in
2328 3951 2568 4005 Domino
2589 3951 2846 4006 volumus
2873 3953 3122 4023 gloriari,
3147 3953 3278 4025 quia
3307 3953 3487 4008 omnis
3517 3951 3620 4024 qui

2015 4039 2359 4110 gloriaturin
2388 4039 2649 4104 Domino,
2681 4039 2846 4095 debet
2880 4041 3138 4111 gloriari;
3172 4043 3303 4114 quia
3341 4058 3452 4097 non
3477 4041 3534 4095 in
3553 4056 3621 4095 se

2015 4143 2119 4182 nec
2154 4128 2214 4182 in
2245 4127 2354 4182 alio
2389 4146 2401 4194 ;
2437 4127 2497 4182 in
2525 4145 2586 4182 se
2631 4129 2718 4182 vel
2753 4129 2862 4183 alio
2891 4145 3025 4198 non,
3063 4131 3197 4204 quia
3221 4131 3316 4203 qui
3370 4130 3448 4185 sic
3496 4128 3624 4199 agit

2015 4231 2128 4269 non
2156 4215 2428 4287 probatur
2456 4233 2492 4270 a
2515 4217 2650 4272 Deo.

2086 4305 2243 4360 CAP.
2273 4305 2371 4361 XI.
2407 4333 2461 4345 -ο
2509 4305 2557 4359 1.
2589 4307 2793 4361 Lmen.
2842 4308 3066 4362 Utinam
3095 4309 3470 4361 sustineretisl
3500 4306 3629 4361 Uti-

2016 4408 2166 4458 nam,
2208 4392 2410 4463 inquit,
2443 4393 2723 4448 sustinere
2748 4394 2984 4460 velletis,
3013 4394 3072 4449 id
3121 4400 3225 4454 est.
3259 4393 3455 4449 audire
3477 4409 3628 4464 quo-

2017 4480 2182 4534 modo
2203 4496 2294 4534 me
2313 4482 2661 4547 commendo,
2694 4482 2842 4554 quod
2866 4482 3090 4538 videtur
3111 4483 3464 4556 insipientia!
3488 4482 3553 4536 Et
3569 4481 3629 4537 si

2019 4585 2122 4641 ego
2151 4569 2332 4625 refero
2352 4586 2448 4624 vos
2478 4569 2692 4627 debetis
2720 4571 2916 4626 audire
2941 4589 2954 4638 ;
2995 4577 3052 4627 et
3082 4572 3341 4627 subditur
3375 4593 3386 4626 :
3419 4570 3627 4626 [Emu-

2019 4659 2104 4714 lor
2128 4659 2277 4714 enim
2305 4674 2421 4725 vos,
2439 4663 2545 4714 etc.

2087 4746 2140 4804 2.
2179 4750 2427 4803 AMBROS.
2461 4749 2684 4803 Utinam
2705 4752 3082 4804 sustineretis!
3105 4748 3384 4820 Incipiens
3411 4765 3470 4803 se
3489 4748 3626 4803 lau-.

340 4834 434 4885 cat
455 4829 741 4900 regimen,
772 4830 1082 4885 secundum
1104 4827 1229 4896 hoc,
1261 4829 1463 4902 inquit,
1495 4832 1644 4902 quod
1673 4849 1770 4888 vos
1796 4835 1939 4904 regi-
1958 4903 1989 4910 _
2019 4837 2153 4891 dare
2172 4837 2526 4908 insipientem
2541 4854 2601 4892 se
2619 4837 2774 4904 dicit,
2799 4838 2931 4910 quia
2942 4838 3213 4908 scriptum
3228 4844 3313 4893 est
3332 4856 3344 4891 :
3364 4839 3630 4893 Nonlau-

342 4933 490 4987 mus,
523 4918 749 4986 avobis,
781 4919 838 4974 id
861 4925 968 4985 est,
1002 4929 1103 4991 per
1132 4936 1228 4975 vos
1267 4935 1302 4973 a
1326 4920 1442 4974 Deo
1472 4903 1924 4990 magnificamur.
1949 4903 1991 4963 Ο
2016 4927 2144 4979 dent
2166 4930 2213 4978 te
2245 4903 2392 4978 labia
2416 4930 2532 4990 tua,
2567 4927 2657 4979 sed
2669 4903 2922 4994 proximi
2947 4930 3033 4981 tui
3057 4903 3246 4996 tProv.
3283 4931 3469 4997 xxvn).

411 5006 501 5066 22.
538 5010 606 5063 In
631 5008 1058 5063 abundantiam.
1088 5007 1156 5063 In
1184 5003 1532 5064 abundantia
1560 5016 1747 5064 autem
1779 5010 1932 5078 dicit,

341 5096 428 5152 vel
449 5096 583 5168 quia
613 5093 730 5151 hac
769 5095 1088 5167 praedicatio
1131 5113 1300 5169 super
1324 5097 1778 5169 praedicationem
1807 5115 1937 5170 apo-

338 5185 614 5241 stolorum
638 5183 960 5250 abundavit,
984 5187 1069 5241 vel
1097 5186 1232 5259 quia
1259 5186 1317 5240 in
1347 5203 1414 5241 ea
1442 5192 1565 5242 erat
1592 5185 1938 5242 abundantia

343 5275 621 5330 donorum
647 5274 771 5330 Dei.

409 5363 500 5421 23.
525 5365 712 5418 Etiam
753 5366 820 5418 in
850 5365 954 5419 illa
982 5378 1101 5432 quae
1125 5362 1299 5420 ultra.
1334 5363 1502 5435 Spem
1527 5363 1689 5431 hanc,
1731 5364 1931 5436 inquit,

338 5450 612 5508 habemus
657 5450 1074 5524 evangelizandi
1117 5444 1525 5535 ﬁdem‘Christi
1577 5453 1635 5510 in
1674 5453 1769 5509 illa
1816 5454 1938 5509 loca

342 5555 465 5613 quae
489 5540 642 5598 ultra
670 5557 773 5597 nos
792 5545 943 5598 sunt.

2086 5012 2140 5066 3.
2168 5015 2420 5067 ﬂmulor
2455 5017 2608 5066 enim
2633 5030 2741 5068 vos.
2771 5016 2906 5078 Quae
2935 5016 3154 5072 locutus
3177 5022 3280 5081 est,
3313 5031 3503 5070 amore
3527 5031 3627 5070 eo-

2018 5113 2142 5155 rum
2168 5118 2228 5155 se
2256 5098 2537 5157 dicturum
2567 5103 2832 5169 ostendit,
2857 5110 2922 5158 ut
2949 5121 3063 5160 non
3091 5105 3272 5176 magis
3293 5106 3362 5160 ad
3389 5105 3624 5160 laudem

2019 5190 2141 5260 ejus
2171 5189 2428 5261 proﬁciat
2451 5207 2464 5257 ;
2498 5191 2595 5245 sed
2623 5192 2693 5246 ad
2717 5188 2928 5248 horum
2947 5195 3276 5264 profectum,
3310 5200 3374 5249 ut
3397 5194 3626 5249 discant

2020 5278 2494 5349 quemadmodum
2527 5279 2747 5350 parenti
2777 5297 2878 5336 suo
2928 5282 2988 5337 in
3033 5281 3334 5354 Evangelio
3372 5281 3618 5337 faveant.

2087 5368 2138 5421 4.
2165 5368 2371 5424 Lmen.
2413 5370 2665 5422 ﬁmulor
2683 5372 2831 5424 enim
2859 5387 2961 5424 vos.
2983 5372 3288 5426 IEmulatio
3317 5377 3404 5426 est
3430 5377 3627 5428 motus

2019 5457 2224 5511 mentis
2252 5461 2482 5529 propter
2523 5457 2769 5513 alienum
2805 5463 3036 5515 statum.
3070 5461 3253 5532 Rogat
3283 5476 3416 5532 ergo
3431 5465 3498 5516 ut
3515 5475 3626 5534 pa-

2020 5544 2229 5603 tienter
2248 5545 2434 5603 ferant
2454 5547 2946 5624 reprehensionem
2965 5565 3149 5620 suam,
3179 5551 3313 5627 quia
3330 5550 3450 5624 ipse
3469 5549 3624 5606 circa
