3936 6178
203 300 308 357 249
877 306 956 362 IN
992 306 1060 361 D.
1102 305 1320 363 PAULI
1360 305 1584 366 EPIST.
1623 305 1796 364 COM]

1899 307 1995 362 ΨΓ.
2040 335 2104 348 -
2146 305 2367 361 EPIST.
2412 307 2484 362 ΙΙ.
2525 307 2622 362 ΑΙ)
2663 308 2826 367 COR.
3370 313 3480 374 250

200 424 372 490 tione,
408 429 545 496 quia
574 429 746 497 diligo
772 445 882 495 vos,
906 431 986 484 vel
1012 432 1062 482 si
1095 430 1360 484 conturbo
1387 445 1494 497 vos,
1531 432 1666 485 bono
1701 433 1895 485 animo
1921 431 2086 498 facio,
2118 436 2182 483 ut
2209 445 2297 484 vos
2326 431 2628 484 exhibeatis
2673 435 2862 498 castos,
2909 433 2970 486 id
2997 439 3090 499 est,
3121 437 3478 504 incorruptos

206 515 439 580 Christo,
472 519 568 570 cui
595 533 684 570 vos
712 519 990 586 despondi.
1021 518 1074 583 5,
1103 513 1156 572 6.
1191 517 1662 589 Desponditenim
1679 535 1778 574 vos
1801 519 1902 574 uni
1927 518 2047 572 viro
2065 518 2337 589 virginem
2354 521 2612 586 (virgines
2628 522 2744 572 vult
2768 535 2849 573 eos
2872 537 2978 574 esse
3002 525 3065 575 in
3090 523 3218 592 ﬁde)
3239 528 3473 590 castam,

204 617 307 656 non
333 607 603 657 colentem
634 606 802 671 idola,
838 604 1099 659 exhibere
1131 605 1495 664 Christo.Sed
1528 615 1710 662 tamen
1741 608 1792 662 7.
1827 608 2020 663 Timeo
2051 613 2241 669 autem
2271 623 2361 673 ne,
2392 607 2537 661 sicut
2573 624 2802 678 serpens
2826 609 2995 663 Evam
3021 611 3242 666 seduxit
3269 612 3481 667 astutia

201 706 316 756 sua,
345 692 431 746 ita
462 699 900 764 corrumpantur
910 696 1111 762 pseudo
1127 711 1324 749 sensus
1337 696 1507 750 vestri
1526 701 1583 750 et
1602 696 1861 751 excidant
1883 713 1917 750 a
1932 695 2310 766 simplicitate,
2333 697 2668 762 benignitate
2674 713 2819 766 ,quae
2845 702 2929 751 est
2954 698 3011 752 in
3030 699 3277 770 Christo,
3307 706 3386 756 vel
3407 705 3471 758 in

201 784 267 833 iis
296 797 420 850 qua-
440 787 572 834 sunt
589 782 1104 851 0hristi.0uodpali
1121 799 1234 838 non
1260 785 1475 839 debetis.
1500 783 1554 852 8,
1576 782 1627 841 9.
1647 786 1791 840 Nam
1809 785 1920 839 siis
1939 785 2034 856 qui
2055 783 2404 849 venit,alium
2421 787 2688 852 majorem
2711 784 2996 840 Christum
3019 789 3287 858 praedicat
3309 807 3476 862 quem

197 885 304 923 non
324 869 878 940 praedicavimus,aut
899 871 1070 926 alium
1085 876 1353 942 majorem
1377 873 1651 946 Spiritum
1668 874 1920 946 accipitis
1937 889 2102 945 quem
2126 889 2238 927 non
2254 871 2544 944 accepistis
2569 879 2669 927 aut
2692 872 2846 928 aliud
2863 877 3088 942 dignius
3110 879 3476 950 Evangelium

197 958 344 1030 quod
370 974 485 1012 non
510 959 820 1030 recepistis,
846 966 996 1016 recte
1019 963 1376 1034 pateremini.
1401 963 1666 1019 Existimo
1691 964 1843 1018 enim
1866 963 2009 1017 nihil
2032 979 2121 1017 me
2151 963 2338 1016 minus
2366 962 2561 1016 fecisse
2593 960 2659 1018 10
2681 978 2714 1015 a
2742 964 2962 1033 magnis
2977 968 3266 1036 apostolis,
3294 971 3471 1037 Petro,

210 1051 245 1110 |
270 1053 308 1112 ι
323 1051 386 1112 π
411 1048 690 1113 Barnaba,
714 1055 762 1102 et
784 1054 987 1104 caeteris
1000 1069 1016 1114 ;
1041 1053 1097 1104 11
1113 1093 1125 1105 .
1149 1067 1280 1106 nam
1303 1057 1360 1107 et
1378 1053 1426 1107 si
1441 1053 1736 1125 imperitus
1751 1068 2027 1112 sermone.
2050 1052 2146 1106 sed
2168 1068 2280 1105 non
2295 1051 2614 1105 scientiaJd
2631 1057 2725 1117 est,
2748 1055 2979 1106 scienter
2996 1055 3193 1122 egi.12.
3217 1057 3281 1112 In
3302 1058 3478 1112 omni-

198 1134 296 1189 bus
309 1139 504 1189 autem
536 1135 877 1191 manifestati
893 1155 1087 1193 sumus
1105 1139 1286 1197 vobis.
1307 1143 1422 1196 Aut
1443 1143 1524 1198 13.
1551 1142 1804 1213 nunquid
1819 1145 2105 1212 peccatum
2119 1140 2242 1205 feci,
2269 1157 2358 1193 me
2374 1139 2558 1210 ipsum
2580 1139 2903 1205 humilians,
2931 1147 2996 1196 ut
3013 1159 3109 1196 vos
3128 1147 3190 1199 in
3209 1146 3314 1212 ﬁde
3331 1147 3478 1200 exal-

196 1225 392 1279 temini
414 1225 440 1278 ἲ
457 1225 737 1290 Quoniam
755 1228 936 1298 gratis
954 1229 1315 1300 Evangelium
1332 1231 1434 1286 Dei
1455 1231 1824 1302 evangelizavi
1836 1230 1991 1285 vobis
2012 1229 2037 1282 ’ἲ
2057 1229 2211 1283 Alias
2228 1228 2497 1283 Ecclesias
2518 1228 2819 1299 exspoliavi
2835 1228 3112 1300 accipiens
3130 1232 3472 1302 stipendium

196 1313 263 1366 ad
292 1313 676 1368 ministerium
700 1321 968 1382 vestrum,
983 1320 1044 1371 id
1063 1324 1138 1372 est
1152 1321 1599 1388 praedicationem
1614 1326 1872 1374 vestram.
1898 1319 1966 1374 Et
1989 1335 2113 1372 cum
2127 1335 2307 1372 essem
2328 1318 2476 1388 apud
2496 1334 2592 1371 vos
2617 1323 2674 1371 et
2701 1334 2945 1388 egerem,
2960 1319 3118 1382 nulli,
3139 1323 3360 1388 aliquid
3383 1336 3475 1374 ro-

192 1403 393 1470 gando,
426 1419 700 1457 onerosus
728 1404 838 1471 fui;
881 1403 960 1460 14.
993 1421 1124 1459 nam
1157 1405 1306 1476 quod
1337 1406 1474 1462 mihi
1513 1408 1724 1475 deerat,
1768 1409 2170 1479 suppleverunt
2199 1407 2419 1472 fratres,
2469 1406 2564 1476 qui
2593 1413 2865 1460 venerunt
2892 1423 2926 1460 a
2948 1408 3306 1475 Macedonia;
3337 1415 3394 1463 et
3417 1408 3476 1463 in

194 1489 590 1546 omnibussine
607 1508 777 1546 onere
797 1509 887 1546 me
906 1492 1059 1548 vobis
1085 1495 1380 1561 servavi,et
1398 1495 1629 1551 servabo
1653 1513 1718 1550 ne
1731 1499 2153 1566 putarentquod
2166 1497 2361 1550 amodo
2381 1497 2600 1563 aliquid
2619 1498 2773 1548 vellet
2795 1499 3450 1565 sumere../usjurandum
3463 1539 3475 1552 .

195 1577 290 1633 Est
307 1579 521 1634 veritas
551 1581 761 1636 Christi
774 1581 834 1636 in
862 1598 972 1646 me,
997 1583 1264 1653 quoniam
1295 1585 1411 1638 hac
1434 1601 1545 1638 non
1569 1587 1879 1654 accipiendi
1915 1585 1994 1641 15.
2020 1585 2280 1656 gloriatio
2303 1601 2415 1638 non
2439 1583 2776 1654 infringetur
2795 1584 2854 1638 in
2876 1584 3199 1654 regionibus
3227 1585 3474 1643 Achaiae.

193 1668 488 1722 Dicebatur
508 1672 660 1723 enim
677 1673 872 1724 timore
890 1687 998 1725 non
1017 1675 1240 1726 valendi
1254 1678 1580 1732 convertere.
1605 1690 1716 1728 non
1732 1676 2021 1728 dilectione
2041 1676 2333 1728 abstinere.
2358 1673 2543 1737 Quare
2565 1689 2676 1726 non
2699 1675 3087 1740 infringelur?
3107 1674 3251 1738 Quia
3269 1690 3383 1728 non
3397 1674 3480 1728 di-

194 1755 304 1825 ligo
339 1755 480 1810 vos?
504 1757 659 1812 Deus
686 1759 794 1813 scit
822 1762 956 1828 quia
992 1776 1082 1813 vos
1110 1761 1308 1829 diligo.
1355 1760 1516 1826 Quod
1545 1768 1736 1817 autem
1769 1763 1929 1830 facio,
1959 1765 2019 1817 id
2049 1769 2144 1829 est,
2170 1779 2283 1816 non
2326 1765 2550 1831 accipio,
2577 1767 2635 1816 et
2662 1763 2885 1826 faciam,
2919 1764 3122 1816 scilicet
3161 1763 3277 1816 ideo
3303 1765 3470 1829 facio,

193 1849 256 1896 ut
272 1850 569 1915 amputem
612 1846 958 1902 occasionem
996 1849 1284 1916 gloriandi
1315 1864 1529 1917 eorum,
1567 1853 1787 1919 pseudo,
1831 1853 1926 1925 qui
1957 1852 2154 1907 volunt
2181 1851 2528 1906 occasionem
2555 1851 2869 1922 (gloriandi
2916 1853 2980 1905 in
3017 1867 3093 1915 eo,
3139 1853 3283 1919 quod
3324 1852 3474 1905 nihil

189 1932 544 2000 przdioando
569 1937 898 2004 accipiunt),
929 1941 992 1990 ut
1026 1934 1108 2002 16,
1136 1935 1226 1994 17.
1257 1935 1317 1991 in
1342 1953 1452 2008 quo
1480 1937 1818 2009 gloriantur,
1850 1940 2209 1995 inveniantur
2237 1938 2382 1994 sicut
2419 1944 2476 1993 et
2521 1955 2644 1993 nos.
2691 1941 2996 2008 Responsio,
3031 1935 3112 1994 18.
3146 1939 3290 1992 Nam
3321 1939 3472 2009 ejus-

194 2018 343 2074 modi
370 2020 832 2094 pseudoapostoli
858 2029 990 2079 sunt
1013 2024 1256 2096 operarii
1275 2025 1514 2092 subdoli,
1547 2029 2016 2100 transﬂgurantes
2044 2045 2103 2082 se
2131 2028 2190 2082 in
2221 2026 2504 2099 apostolos
2522 2026 2750 2081 Christi.
2784 2027 2854 2081 Et
2888 2042 2997 2080 non
3027 2026 3254 2093 mirum,
3283 2030 3332 2080 si
3361 2028 3472 2079 mi-

195 2109 366 2160 nistri
393 2107 494 2163 hoc
515 2111 778 2178 faciunt;
805 2109 926 2182 ipse
955 2111 1102 2166 enim
1137 2112 1375 2166 Satanas
1403 2114 1765 2184 transfigurat
1797 2132 1857 2170 se
1894 2115 1953 2169 in
1983 2117 2246 2188 angelum
2276 2116 2434 2171 lucis.
2465 2116 2590 2170 Non
2619 2120 2706 2170 est
2719 2131 2852 2184 ergo
2886 2116 3180 2180 (conclusio
3211 2130 3246 2168 a
3273 2114 3474 2178 simili)
3511 2179 3514 2182 .

192 2210 486 2266 magnum,
518 2197 567 2253 si
598 2197 845 2255 ministri
890 2201 1010 2271 ejus
1049 2201 1543 2272 transﬁgurentur,
1585 2203 1741 2259 velut
1781 2203 2027 2259 ministri
2069 2203 2324 2274 justiﬁes,
2358 2219 2598 2276 quorum
2646 2203 2774 2258 ﬁnis
2816 2202 2926 2258 erit
2967 2201 3274 2257 secundum
3303 2217 3475 2273 opera

1541 2379 2124 2436 COMMENTARIUS.

189 2567 365 2623 opera
384 2567 584 2608 eorum
610 2559 869 2610 movetur
894 2571 960 2610 eo
983 2560 1140 2612 motu
1172 2557 1270 2628 qui
1290 2556 1596 2614 secundum
1613 2559 2048 2622 DeumAcausa
2080 2559 2186 2614 hoc
2234 2559 2389 2628 dicit,
2441 2560 2527 2615 vel
2569 2565 2634 2616 ut
2666 2559 2898 2632 quidam
2948 2561 3157 2630 dicant,
3195 2559 3476 2632 impeditae

191 2646 300 2696 est.
333 2641 436 2697 Est
461 2643 616 2698 enim
646 2643 706 2698 in
736 2644 862 2698 aliis
883 2651 1090 2712 motus,
1121 2646 1218 2717 qui
1244 2646 1454 2702 invidia
1483 2647 1708 2704 dicitur.
1873 2647 2044 2703 fuerit
2071 2649 2306 2719 linguae;
2349 2649 2646 2705 scientiam
2687 2650 2838 2705 enim
2866 2666 3093 2706 causam
3129 2650 3303 2705 fuisse
3338 2648 3474 2704 dicit

265 2730 315 2784 5.
356 2732 617 2786 Anam.
651 2731 767 2800 (lib.
804 2730 874 2790 83
900 2734 1114 2801 Quaest,
1147 2741 1368 2806 quaest,
1395 2735 1480 2800 59,
1503 2741 1642 2792 tom.
1674 2737 1788 2803 IV).

188 2820 468 2888 Despondi
492 2823 648 2875 enim
675 2823 963 2877 vos.Nunc
982 2823 1316 2896 desponsata
1335 2825 1580 2880 Ecclesia
1607 2831 1710 2894 est,
1737 2831 1794 2880 et

187 2907 350 2979 virgo
381 2915 488 2976 est,
538 2909 609 2963 ad
655 2911 884 2982 nuptias
931 2913 1307 2984 perducenda,
1352 2915 1410 2970 id
1450 2920 1552 2981 est,
1586 2931 1712 2970 cum
1733 2933 1793 2970 se

188 2999 496 3053 continete
524 2999 883 3071 corruptione
903 3003 1176 3057 saculari.
1203 3004 1305 3058 Illo
1325 3010 1515 3058 autem
1538 3009 1792 3076 tempore

186 3085 386 3153 nubet,
411 3103 523 3158 quo
554 3089 816 3144 universa
839 3091 1184 3146 mortalitate
1212 3096 1587 3164 praetereunte
1604 3094 1790 3164 [al.,in

188 3191 255 3229 eo
283 3177 610 3248 pereunte],
643 3177 950 3234 immortali
973 3181 1366 3251 conjunctione
1395 3181 1633 3236 fruetur.

256 3261 311 3320 6.
338 3265 556 3344 Luna.
587 3267 858 3335 Despondi
888 3272 1039 3324 enim
1060 3286 1167 3324 vos.
1187 3270 1371 3325 Causa
1383 3287 1483 3325 cur
1502 3285 1602 3325 eos
1619 3288 1794 3327 aemu-

190 3350 364 3415 letur,
399 3352 533 3423 quia
571 3353 831 3408 Videlicet
873 3355 1082 3411 annulo
1128 3357 1258 3412 ﬁdei
1302 3357 1658 3429 desponsavit
1702 3374 1797 3415 eos

188 3441 287 3494 uni
315 3441 467 3510 viro,
497 3441 730 3508 scilicet,
752 3443 997 3512 Christo,
1020 3450 1084 3500 ut
1111 3446 1410 3502 exhibeant
1439 3448 1653 3520 seipsos
1680 3465 1796 3504 cas-

187 3534 306 3584 tam
337 3530 620 3601 virginem
651 3531 776 3587 sibi.

258 3619 312 3671 7.
345 3620 600 3674 Asianos.
639 3623 818 3676 Timeo
843 3628 1052 3678 autem.
1087 3624 1348 3680 Ostendit
1376 3641 1488 3696 qua
1514 3642 1682 3680 causa
1701 3642 1796 3680 co-

184 3706 345 3777 gitur
374 3724 514 3762 vera
542 3710 610 3764 de
641 3727 701 3765 se
731 3714 1080 3782 prostestari,
1102 3729 1215 3768 non
1229 3719 1294 3768 ut
1320 3731 1379 3768 se
1398 3715 1608 3781 laudet,
1627 3715 1723 3769 sed
1738 3720 1802 3769 ut

1875 2737 2023 2808 quod
2051 2742 2211 2792 tanta
2240 2743 2502 2810 operatus
2531 2739 2623 2793 sit.

1943 2824 2032 2881 11.
2063 2827 2315 2881 ANBROS.
2341 2829 2488 2881 Nam
2511 2831 2558 2880 et
2582 2829 2634 2880 si
2651 2829 2961 2895 imperitus.
2989 2827 3106 2880 Hoc
3126 2844 3237 2881 non
3261 2828 3333 2882 ad
3347 2845 3476 2900 apo-

1875 2915 2048 2969 stolos
2078 2915 2341 2986 pertinet,
2369 2914 2464 2969 sed
2495 2915 2596 2968 hos
2615 2915 2798 2986 tangit
2821 2931 2960 2986 quos
2976 2915 3347 2985 praeferebant
3365 2917 3472 2971 Co-

1874 3003 2089 3070 rinthii,
2116 3020 2285 3058 causa
2312 3004 2557 3058 accurati
2589 3004 2882 3070 sermonis,
2927 3021 3055 3059 cum
3102 3005 3160 3058 in
3204 3004 3476 3074 religione

1874 3092 1956 3147 vis
1983 3093 2260 3147 sermonis
2289 3093 2603 3147 necessaria
2625 3092 2718 3160 sit,
2751 3109 2864 3146 non
2891 3109 3062 3148 sonus
3091 3093 3289 3147 dulcis.

1945 3181 2034 3238 1‘2.
2068 3182 2272 3236 LANFR.
2296 3183 2363 3236 In
2395 3183 2674 3247 omnibus,
2699 3185 2805 3235 etc.
2833 3181 3106 3236 Omnibus
3126 3181 3279 3236 vobis
3300 3181 3477 3237 mani-

1875 3271 2050 3325 festus
2066 3286 2191 3324 sum
2207 3269 2423 3340 quodin
2444 3269 2862 3334 omnibus,licet
2876 3270 3170 3342 imperitus
3187 3286 3470 3338 sermone,

1879 3361 2121 3415 scienter
2137 3374 2228 3412 me
2250 3357 2439 3424 habui,
2456 3359 2588 3430 quia
2615 3374 2727 3412 non
2745 3357 2969 3430 peccavi
2998 3359 3057 3412 in
3079 3361 3182 3413 hoc
3212 3359 3361 3430 quod
3381 3375 3472 3414 me

1877 3447 2182 3510 humiliavi,
2217 3448 2303 3500 vel
2351 3447 2498 3516 quod
2550 3448 2727 3518 gratis
2762 3447 3078 3518 praedicavi,
3127 3446 3185 3500 id
3232 3451 3335 3513 est,
3365 3462 3479 3501 non

1878 3537 2103 3608 capiens
2131 3552 2164 3589 a
2199 3535 2354 3590 vobis
2385 3541 2662 3606 sumptus,
2696 3535 2828 3590 dum
2856 3535 3239 3607 praedicarem.
3269 3534 3346 3590 Et
3372 3536 3478 3590 hoc

1881 3625 2087 3698 probat
2113 3643 2125 3692 ;
2151 3640 2282 3678 nam
2316 3620 3017 3696 abaliis,inquit,Ecclesiis
3046 3629 3271 3679 tantum
3296 3623 3478 3695 capie-

1882 3715 2010 3770 bam
2039 3712 2405 3785 stipendium,
2441 3714 2575 3768 dum
2606 3713 2758 3768 vobis
2788 3713 3171 3784 praedicarem.

188 3796 612 3866 eosdefcrmet,
645 3800 740 3871 qui
766 3801 870 3856 sub
904 3804 1132 3857 nomine
1161 3803 1371 3858 Christi
1399 3809 1594 3859 contra
1623 3803 1789 3859 Chri-
1813 3797 1858 3856 B
1950 3802 2039 3858 13.
2072 3805 2320 3858 AMBROS.
2355 3804 2630 3872 Nunquid
2649 3808 2953 3872 peccatum.
2995 3801 3251 3873 Seipsum
3289 3801 3478 3858 humi-

182 3891 340 3940 stum
369 3887 698 3958 praedicant.
754 3891 872 3946 Hoc
902 3891 1053 3946 enim
1083 3893 1218 3962 agit,
1264 3909 1336 3947 ne
1374 3893 1679 3947 audiantur
1707 3909 1790 3948 se-

183 3974 480 4041 ductores,
512 3995 650 4048 quos
681 3978 901 4034 diabolo
930 3986 1222 4052 comparat
1248 3986 1479 4054 propter
1507 3982 1794 4037 astutiam.

254 4066 292 4121 8
351 4066 506 4120 Nam
527 4070 577 4120 si
605 4071 652 4120 is
684 4070 785 4138 qui
810 4069 1276 4142 venit.Loquitur
1303 4071 1408 4125 hoc
1423 4071 1543 4126 loco
1564 4071 1634 4126 de
1654 4071 1798 4126 veris

182 4153 674 4223 pradicatoribus,
693 4155 828 4226 quia
845 4155 1000 4227 plebs
1022 4157 1439 4212 Corinthiorum
1457 4158 1626 4212 variis
1641 4175 1795 4213 erro-
1851 4214 1853 4216 .

182 4241 349 4296 ribus
382 4243 710 4298 ﬂuctuabat.
745 4245 890 4299 Nam
913 4246 1009 4300 alii
1024 4247 1527 4318 pseudoapostolis,
1551 4247 1646 4302 alii
1670 4263 1798 4319 apo-

183 4331 357 4385 stolis
385 4331 650 4387 favebant
676 4333 772 4404 qui
799 4351 926 4389 cum
959 4335 1200 4389 Domino
1227 4335 1470 4402 fuerant,
1494 4335 1565 4390 de
1596 4335 1798 4408 quibus

178 4421 502 4492 Apostolus
531 4421 613 4475 ait
645 4439 659 4477 :
689 4422 746 4478 Si
777 4424 961 4495 potior
989 4424 1246 4479 Christus
1271 4424 1341 4478 ab
1370 4424 1457 4479 his
1481 4424 1634 4479 vobis
1653 4442 1798 4497 prae-

177 4509 416 4565 dicatus
443 4501 662 4578 fuisset,
693 4517 792 4566 aut
819 4513 1004 4584 potior
1027 4513 1270 4585 Spiritus
1301 4514 1484 4581 datus,
1516 4519 1668 4569 recte
1703 4531 1798 4570 no-

178 4599 266 4654 bis
299 4617 409 4654 eos
437 4601 862 4672 praeponeretis.

248 4689 315 4744 9.
353 4689 568 4744 Lmen.
601 4690 746 4744 Nam
767 4693 818 4745 si
845 4694 892 4744 is
920 4693 1020 4760 qui
1045 4694 1213 4746 venit.
1232 4690 1291 4747 Si
1329 4688 1396 4759 is,
1428 4691 1634 4764 inquit,
1663 4709 1794 4765 prae-

174 4778 416 4833 dicator
441 4778 540 4850 qui
567 4779 722 4834 venit
742 4784 798 4834 et
817 4795 853 4833 a
870 4780 986 4834 Deo
1009 4793 1121 4835 non
1141 4779 1405 4848 mittitur,
1429 4781 1599 4836 aliam
1629 4781 1798 4836 ﬁdem

174 4868 532 4938 pradicaret
555 4866 736 4933 nobis,
767 4873 825 4924 et
848 4884 950 4940 per
977 4885 1104 4923 eam
1123 4869 1292 4924 fidem
1324 4869 1496 4924 alium
1527 4869 1799 4942 Spiritum

175 4957 549 5030 acciperetis,
583 4962 866 5030 utcunque
911 4958 1202 5015 tolerabile
1231 4965 1398 5027 esset,
1427 4961 1474 5015 si
1503 4961 1626 5031 ejus
1646 4961 1800 5016 dam-

174 5047 487 5101 nationem
529 5047 893 5118 pateremini;
933 5049 1171 5119 possetis
1211 5048 1360 5103 enim
1391 5049 1576 5105 dicere
1605 5072 1616 5107 :
1647 5051 1799 5104 Prae-

1887 3891 2006 3957 liat,
2042 3907 2169 3947 cum
2197 3891 2255 3946 id
2285 3891 2433 3962 quod
2461 3890 2568 3944 sibi
2589 3890 2900 3946 debebatur
2920 3907 3032 3946 non
3059 3891 3260 3962 exegit.

1953 3980 2042 4036 14.
2075 3982 2280 4035 Lassa.
2309 3981 2452 4034 Nam
2482 3980 2626 4048 quod
2655 3981 2798 4034 mihi
2830 3981 3032 4034 deerat.
3067 3980 3239 4044 Quasi
3273 3979 3478 4052 aliquis

1883 4070 2094 4125 diceret
2127 4087 2138 4122 :
2172 4069 2331 4124 Unde
2360 4084 2492 4138 ergo
2519 4067 2784 4122 vivebas?

1963 4159 2421 4217 l5.Auanos.H.ec
2432 4159 2762 4224 gloriﬁcatio
2778 4172 2890 4210 non
2907 4157 3273 4225 infringatur.
3283 4157 3478 4212 Gloria

1881 4255 1968 4303 est
1995 4264 2030 4302 a
2049 4247 2215 4301 licitis
2249 4245 2547 4311 abstinere,
2572 4245 2813 4298 maxime
2842 4245 2913 4299 ad
2937 4245 3179 4300 aliorum
3209 4245 3471 4302 salutem.

1955 4336 2118 4392 16.In
2137 4353 2242 4405 quo
2269 4337 2616 4404 gloriantur.
2649 4333 2842 4388 Gloria
2868 4334 3078 4405 pseudo
3092 4334 3475 4405 apostolorum

1880 4427 1940 4481 in
1967 4425 2220 4497 pecuniis
2250 4428 2372 4477 erat
2395 4422 2753 4496 accipiendis.
2771 4423 2904 4477 Ideo
2929 4423 3232 4495 Apostolus
3258 4423 3362 4478 hoc
3390 4441 3476 4478 re-

1879 4514 2105 4579 futavit,
2135 4529 2206 4567 ne
2238 4513 2352 4566 illis
2392 4511 2592 4566 similis
2619 4511 2919 4576 videretur,
2962 4512 3094 4582 quia
3135 4512 3245 4567 nisi
3274 4513 3380 4567 hoc
3403 4513 3473 4568 ab

1879 4603 2149 4675 Apostolo
2198 4602 2397 4656 fuisset
2431 4601 2688 4668 vitatum,
2711 4602 2894 4672 major
2912 4601 3126 4656 occasio
3145 4601 3259 4657 illis
3276 4603 3476 4658 fuisset

1881 4694 2015 4748 data
2046 4691 2374 4762 accipiendi.

1949 4779 2039 4836 17.
2072 4782 2281 4835 Lmen.
2316 4781 2382 4833 In
2426 4795 2532 4848 quo
2567 4781 2911 4848 gloriantur.
2943 4778 3098 4847 Ideo,
3132 4780 3335 4852 inquit,
3359 4798 3474 4838 non

1881 4869 2110 4940 accipio,
2143 4873 2208 4922 ut
2237 4867 2296 4922 in
2326 4884 2434 4939 quo
2459 4867 2791 4939 gloriantur,
2821 4867 2879 4923 id
2903 4874 3006 4926 est.
3034 4868 3092 4923 in
3131 4869 3471 4941 accipiendo,

1880 4958 2240 5014 inveniantur
2291 4957 2451 5011 nobis
2499 4957 2712 5012 similes
2747 4973 2875 5011 cum
2917 4973 3020 5012 nos
3067 4975 3289 5030 quoque
3335 4959 3476 5015 nihil

1881 5047 2187 5119 capiamus.
2235 5045 2338 5099 Vel
2367 5045 2494 5100 ideo
2525 5061 2637 5100 non
2667 5045 2900 5117 accipio,
2931 5047 3064 5118 quia
3085 5047 3312 5118 quidam
3337 5064 3476 5119 prae-

171 5135 392 5190 dicatio
424 5137 556 5205 ejus
583 5135 780 5190 melior
798 5141 885 5190 est
904 5152 1072 5208 quam
1103 5136 1284 5192 Pauli.
1310 5137 1472 5193 Nunc
1501 5155 1652 5205 vero,
1674 5155 1799 5194 cum
1818 5136 1859 5198 C
1879 5134 2191 5192 dicatorum
2234 5133 2354 5190 sine
2380 5134 2656 5206 stipendio
2687 5135 3065 5206 praedicabant
3094 5135 3471 5202 mendacium,

171 5224 455 5280 eamdem
479 5223 654 5278 ﬁdem
679 5221 1001 5296 praedicant,
1030 5231 1088 5280 et
1126 5243 1190 5280 ex
1215 5241 1316 5280 sua
1336 5233 1496 5298 parte
1522 5228 1686 5298 plura
1715 5244 1800 5284 re-

171 5314 449 5385 spuenda
471 5312 705 5378 addant,
721 5314 837 5384 pati
855 5331 969 5369 non
981 5314 1224 5382 debetis;
1249 5321 1305 5370 et
1325 5315 1415 5370 hic
1428 5316 1536 5370 inci
1543 5317 1626 5388 pit
1637 5333 1800 5390 expo-

169 5420 314 5460 nere
329 5402 508 5458 illud:
520 5403 788 5457 Modicum
803 5405 1232 5474 insipientias,de
1245 5421 1354 5475 quo
1369 5405 1626 5476 superius
1638 5405 1796 5462 dixit.

243 5493 351 5548 10.
389 5492 436 5548 Α
471 5494 693 5560 magnis
727 5495 1005 5562 apostolis.
1029 5493 1079 5548 A
1106 5493 1344 5565 magnis,
1379 5499 1590 5565 quanto
1620 5494 1799 5566 magis

172 5580 248 5638 ab
276 5580 390 5639 his
428 5578 529 5653 qui
574 5579 718 5638 nihil
753 5580 929 5638 sunt?
971 5582 1286 5654 Imperitus,
1336 5583 1424 5640 vel
1463 5582 1797 5645 humilitatis

1880 5231 1945 5280 ut
1971 5221 2218 5296 religiosi
2248 5222 2654 5292 viderentur,et
2677 5241 2736 5279 se
2761 5224 2923 5280 nobis
2953 5223 3213 5296 praeferre
3233 5223 3469 5295 possint.

1950 5314 2041 5369 18.
2069 5313 2214 5370 Nam
2239 5315 2508 5382 ejusmodi
2535 5316 2983 5383 pseudoapostoli.
3004 5313 3206 5368 Reddit
3220 5328 3469 5380 causam,

1881 5421 1980 5460 cur
1997 5402 2227 5475 quidam
2254 5402 2480 5458 illorum
2499 5401 2620 5458 sine
2647 5402 2938 5475 stipendiis
2958 5402 3345 5474 praedicarent.
3365 5401 3474 5456 Per

1879 5494 2004 5561 hoc,
2027 5492 2229 5565 inquit,
2258 5493 2669 5566 transﬁgurant
2695 5508 2754 5547 se
2781 5491 2840 5546 in
2871 5490 3151 5568 apostolos
3178 5490 3339 5559 lucis,
3373 5507 3473 5548 seu
