3936 6178
418 256 520 338 251
1403 284 1467 338 B.
1509 280 1923 337 LANFRANCI
1962 280 2321 337 CANTUAR.
2362 281 2697 338 ARCHIEP.
3535 284 3663 343 252.

419 402 692 478 ipsorum,
726 411 786 464 id
803 417 897 474 est,
930 414 1132 466 malus.
1172 408 1254 475 19,
1285 408 1376 475 20,
1406 406 1497 465 21.
1530 405 1744 461 Iterum
1770 405 1914 471 dico,
1949 407 2036 473 (ne
2056 406 2180 478 quis
2207 423 2298 465 me
2333 410 2494 480 putet
2511 406 2870 479 insipientem
2900 422 3055 474 esse;
3085 405 3173 462 2‘2.
3195 407 3450 478 alioquin,
3467 410 3514 463 si
3536 413 3636 479 glo-

423 497 562 561 rier,
593 498 744 551 velut
773 497 1126 569 insipientem
1174 496 1408 567 accipite
1451 511 1561 559 me,
1606 496 1691 558 (ac
1713 497 1762 548 si
1790 496 1937 548 dicat
1962 513 1977 549 :
2001 498 2053 548 si
2080 497 2270 561 vultis,
2302 512 2388 549 me
2411 498 2763 565 insipientem
2782 502 2993 566 putate,
3033 502 3068 560 I
3097 501 3312 563 lsego
3343 501 3515 551 tamen
3535 501 3637 564 glo-

423 585 635 653 riaber)
666 584 754 642 23.
785 591 850 640 ut
878 592 935 640 et
962 602 1065 657 ego
1095 585 1378 641 modicum
1409 583 1544 655 quid
1571 582 1805 653 glorier)
1822 584 2122 653 (modicum
2149 585 2246 638 hoc
2269 585 2425 651 dicit,
2453 586 2596 653 quod
2625 587 2690 638 in
2719 587 2895 638 verbis
2924 601 3037 639 non
3056 600 3223 651 sensu
3235 586 3327 652 est)
3356 582 3475 640 :24.
3503 585 3638 655 quod
3664 637 3668 640 .

422 669 639 743 loquor,
672 690 756 727 me
776 676 1087 742 gloriando,
1134 691 1246 730 non
1292 674 1493 744 loquor
1529 672 1838 727 secundum
1885 672 2089 738 Deum,
2136 673 2234 727 sed
2272 671 2434 743 quasi
2471 670 2560 725 25.
2595 671 2658 725 in
2701 672 3028 742 insipientia
3044 668 3114 728 26
3139 670 3197 726 in
3224 672 3325 727 hac
3350 670 3643 726 substantia
3676 726 3679 729 .

420 760 634 829 gloriaa.
669 761 846 816 Causa
874 778 977 817 cur
997 765 1286 832 glorietur.
1324 760 1603 826 Quoniam
1631 760 1796 815 multi
1819 762 2022 829 pseudo
2048 759 2365 831 gloriantur
2390 759 2697 834 secundum
2733 776 2980 824 carnem,
3008 764 3068 813 et
3092 775 3196 829 ego
3224 775 3336 814 non
3363 761 3643 815 secundum
3674 790 3678 796 ι

422 864 649 904 carnem
668 849 970 921 gloriabor,
997 853 1142 921 quod
1171 852 1319 916 ferre
1346 851 1562 905 debetis.
1595 848 1685 905 27.
1708 847 1973 903 Libenter
1996 848 2146 903 enim
2175 847 2420 903 suﬁ‘ertis
2439 847 2787 918 insipientes,
2815 864 2945 903 cum
2971 847 3093 901 sitis
3120 846 3538 918 ipsisapientes.
3569 847 3644 902 Vel
3688 900 3689 905 η

421 952 562 1004 vere,
593 941 674 992 vel
694 942 924 994 ironice.
958 938 1264 995 Sustinetis
1287 937 1440 993 enim
1466 938 1626 1010 (quia
1650 938 1800 991 hunc
1827 941 1877 990 et
1902 937 2052 991 hunc
2080 939 2383 1006 sustinetis)
2414 936 2464 991 si
2504 937 2632 1009 quis
2673 953 2771 993 vos
2798 936 2860 991 in
2894 936 3222 991 servitutem
3250 933 3450 1005 redigit
3468 936 3644 989 docens

419 1040 513 1082 nos
531 1027 851 1094 judaizare,
873 1032 955 1083 vel
984 1044 1292 1097 supponens
1320 1043 1408 1081 ros
1440 1043 1538 1080 suo
1565 1027 1808 1091 servitio,
1840 1022 1930 1078 28.
1964 1023 2010 1080 si
2041 1025 2166 1097 quis
2207 1027 2456 1093 devorat,
2496 1032 2677 1082 vestra
2716 1030 2937 1095 accipit,
2968 1025 3061 1092 29,
3105 1023 3194 1082 30.
3222 1024 3271 1079 si
3298 1024 3418 1096 quis
3442 1022 3643 1099 accipit,

421 1115 623 1183 decipit
651 1117 936 1171 adulando
963 1120 1220 1186 (accipere
1246 1121 1322 1170 est
1343 1118 1464 1170 dolo
1496 1118 1726 1183 capere),
1760 1113 1808 1168 si
1850 1114 1975 1185 quis
2022 1115 2329 1181 extollitur,
2359 1118 2644 1185 jactando,
2681 1113 2767 1182 31,
2801 1113 2889 1180 32,
2922 1113 3011 1171 33.
3038 1114 3086 1169 si
3118 1112 3243 1185 quis
3263 1113 3320 1167 in
3347 1112 3537 1167 faciem
3554 1102 3651 1165 'vos
3696 1146 3697 1151 η

421 1203 587 1258 caedit
611 1204 701 1276 (in
732 1207 931 1274 faciem
951 1207 1183 1260 ceditur
1210 1209 1274 1259 in
1300 1207 1459 1272 cujus
1487 1220 1541 1257 os
1562 1206 1783 1271 injuria
1805 1206 2114 1271 irrogatur)
2138 1208 2223 1259 vel
2241 1207 2625 1273 corporaliter.
2651 1202 2738 1261 34.
2759 1203 3078 1259 Secundum
3095 1200 3497 1273 ignobilitatem
3517 1198 3664 1256 dicm.

425 1293 496 1361 (si
516 1296 639 1361 quis
666 1297 970 1361 extollitur,
988 1294 1294 1365 etc.)quasi
1319 1292 1796 1357 noninﬁrmi,non
1818 1292 2070 1347 habentes
2090 1296 2290 1362 quibus
2303 1293 3065 1360 gloriemur,fuerimus(cmn
3082 1294 3403 1361 potentiores
3420 1290 3584 1343 simus
3599 1301 3656 1339 ea

422 1381 603 1447 facere
629 1398 747 1450 qua
776 1383 1020 1453 faciunt)
1042 1383 1102 1438 in
1123 1383 1228 1438 hac
1248 1388 1408 1454 parte
1435 1382 1742 1448 gloriandi.
1763 1380 2006 1435 Ostendit
2021 1398 2073 1435 se
2093 1382 2288 1436 habere
2301 1385 2500 1451 quibus
2527 1385 2822 1449 glorietur.
2855 1384 2917 1437 ln
2934 1397 2990 1434 eo
3011 1396 3121 1451 quo
3140 1379 3266 1450 quis
3280 1378 3475 1448 pseudo
3495 1375 3653 1431 audet

419 1471 664 1537 gloriari
693 1468 768 1537 (in
798 1470 1122 1543 insipientia
1159 1472 1302 1537 dico)
1334 1471 1514 1526 audeo
1535 1475 1593 1525 et
1612 1486 1746 1540 ego;
1780 1468 2000 1523 Hebraei
2030 1475 2183 1536 sunt,
2218 1474 2277 1524 et
2303 1485 2407 1540 ego
2432 1489 2445 1538 ;
2475 1469 2745 1526 Israelita:
2773 1473 2925 1532 sunt,
2957 1472 3014 1522 et
3039 1483 3143 1537 ego
3173 1485 3186 1534 ;
3219 1481 3408 1521 semen
3435 1463 3657 1518 Abrahae

422 1560 573 1621 sunt,
607 1561 665 1611 et
685 1574 816 1628 ego;
850 1559 1093 1613 ministri
1121 1558 1329 1615 Christi
1360 1562 1494 1613 sunt
1526 1562 1605 1625 (ut
1633 1556 1819 1611 minus
1842 1557 2066 1627 sapiens
2087 1557 2232 1626 dico)
2261 1559 2346 1627 (in
2369 1560 2466 1613 hoc
2491 1561 2636 1628 quod
2665 1563 2791 1627 plus
2818 1560 2958 1624 dico,
2986 1560 3177 1611 minus
3209 1558 3421 1624 sapiens
3441 1553 3526 1622 ﬁo)
3545 1552 3660 1623 plus
3700 1590 3701 1595 η

424 1660 528 1715 ego
552 1664 564 1712 ;
601 1648 672 1714 (et
700 1648 825 1714 plus
839 1650 1007 1701 etiam
1020 1664 1112 1714 ego
1135 1650 1390 1700 minister
1409 1646 1616 1701 Christi
1634 1661 1656 1712 ;
1684 1646 1851 1699 ethoc
1872 1647 2088 1714 probat,
2110 1649 2247 1715 quia
2267 1651 2332 1701 in
2361 1648 2477 1711 hoc,
2503 1652 2552 1701 et
2582 1650 2647 1702 in
2670 1648 2782 1710 hoc)
2807 1646 2866 1701 in
2884 1645 3169 1701 laboribus
3187 1640 3535 1716 plurimis,in
3556 1655 3664 1696 car-

421 1732 642 1788 ceribus
669 1733 1068 1802 abundantius,
1096 1736 1153 1789 in
1176 1735 1355 1806 plagis
1386 1750 1560 1805 supra
1586 1733 1836 1799 modum,
1862 1732 1920 1785 in
1935 1733 2210 1789 mortibus
2240 1736 2585 1808 frequenter.
2604 1738 2652 1789 A
2670 1735 2877 1790 Judmis
2899 1733 2987 1791 35.
3016 1732 3333 1805 quinquies,
3356 1729 3659 1803 quadrage-

424 1837 527 1878 nas
547 1827 918 1891 percussiones
945 1841 1060 1879 una
1088 1825 1295 1891 minus,
1330 1824 1538 1895 accepi.
1567 1824 1677 1877 Ter
1704 1822 1877 1893 virgis
1906 1839 2082 1878 casus
2106 1840 2253 1891 sum,
2281 1824 2455 1879 semel
2474 1824 2758 1894 lapidatus
2786 1840 2933 1889 sum,
2960 1826 3241 1878 insecutus
3262 1821 3555 1891 lapidibus,
3585 1822 3666 1870 ter

425 1911 784 1982 naufragium
806 1912 1342 1979 (volentibusJudeeis
1352 1913 1679 1979 demergere)
1702 1910 1827 1975 feci,
1855 1914 2083 1979 pertuli,
2102 1910 2190 1966 36.
2207 1917 2369 1969 nocte
2383 1916 2440 1967 et
2460 1912 2550 1967 die
2573 1913 2729 1981 (dum
2747 1914 3045 1966 duceretur
3064 1912 3312 1971 Romam)
3330 1907 3389 1961 in
3408 1904 3668 1978 profundo

421 2000 598 2053 maris
609 1999 985 2068 fui,appetlato
1007 2001 1228 2062 Caesare,
1247 2006 1284 2065 ι
1314 2006 1346 2064 ι
1367 2006 1423 2063 ιι
1443 1999 1500 2052 in
1513 1998 1811 2053 itineribus
1824 2000 2131 2069 smpe,§mul
2137 2006 2192 2057 ta
2199 2005 2412 2070 pertuli
2417 2001 2700 2075 ,periculis
2716 2000 3018 2055 ﬂuminum
3032 1999 3313 2067 subjacui,
3327 1994 3580 2069 periculis
3598 1994 3669 2047 la-

422 2091 671 2153 tronum,
699 2088 962 2158 periculis
991 2104 1058 2142 ex
1077 2104 1303 2158 genere,
1334 2088 1556 2152 Judaeis,
1586 2086 1846 2158 periculis
1867 2104 1932 2141 ex
1945 2088 2229 2158 gentibus,
2255 2092 2510 2158 paganis,
2530 2088 2794 2161 periculis
2815 2089 3070 2157 subjacui
3089 2086 3147 2141 in
3159 2085 3402 2149 civitate,
3422 2081 3670 2155 periculis

422 2174 482 2230 in
504 2174 825 2240 solitudine,
845 2176 1106 2247 periculis
1124 2176 1181 2229 in
1205 2176 1368 2243 mari,
1388 2175 1650 2246 periculis
1672 2176 1731 2230 in
1757 2175 1911 2230 falsis
1940 2176 2228 2243 fratribus,
2266 2194 2353 2232 me
2368 2180 2598 2246 prodere
2614 2179 2950 2243 volentibus;
2982 2177 3042 2230 in
3068 2174 3283 2241 labore,
3301 2177 3546 2243 corporis
3560 2174 3662 2240 fui,

420 2268 481 2319 et
495 2279 747 2318 aerumna
771 2266 956 2331 famis,
978 2265 1039 2318 in
1058 2264 1261 2335 vigiliis
1280 2265 1490 2330 multis,
1512 2265 1572 2320 in
1583 2265 1730 2319 fame
1752 2274 1809 2319 et
1827 2265 1942 2333 siti,
1960 2266 2018 2319 in
2032 2266 2264 2336 jejuniis
2288 2266 2498 2330 multis,
2515 2266 2574 2320 in
2592 2266 2801 2336 frigore
2815 2272 2872 2319 et
2894 2265 3171 2330 nuditate,
3194 2267 3399 2333 praeter
3414 2262 3527 2328 illa,
3550 2275 3665 2330 quas

417 2351 764 2407 extrinsecus
784 2357 934 2418 sunt,
955 2358 1154 2422 prater
1173 2358 1365 2408 caetera
1379 2370 1497 2423 qua
1513 2370 1708 2424 passus
1738 2370 1865 2409 sum
1888 2357 1954 2409 in
1971 2370 2156 2421 carne,
2180 2354 2453 2413 instantia
2468 2370 2595 2409 mea
2619 2356 2996 2421 (studium,vet
3017 2357 3281 2408 incursus
3316 2354 3530 2420 mentis)
3552 2364 3676 2420 quo-

1762 2549 2349 2608 COMMENTARIUS.

500 2716 585 2774 19.
613 2718 864 2774 Alanos.
889 2718 1101 2772 Iterum
1128 2718 1268 2773 dico.
1316 2717 1550 2791 Semper
1573 2718 1838 2790 proponit
1862 2719 2012 2792 quod
2033 2725 2087 2784 Α
2163 2719 2234 2778 ‘29
2261 2723 2473 2777 Lmen.
2497 2720 2562 2779 Si
2585 2722 2710 2790 quis
2731 2735 2820 2775 vos
2840 2721 2907 2773 in
2928 2718 3268 2782 seruitutem,
3290 2712 3350 2773 id
3376 2718 3483 2780 est,
3498 2725 3681 2769 cernas

419 2811 618 2880 postea
634 2806 825 2861 multis
847 2811 1239 2877 prosequatur.
2096 2811 2178 2865 les
2211 2809 2597 2865 observantiae
2633 2807 2793 2878 legis,
2846 2822 2970 2877 quia
3011 2803 3201 2869 servili
3236 2804 3443 2858 timore
3473 2798 3682 2871 impleri
3722 2828 3727 2847 κ

490 2894 582 2954 20.
614 2896 827 2953 Lara.
862 2899 1070 2951 Iterum
1100 2897 1239 2951 dico.
1267 2897 1538 2968 Superius
1566 2896 1707 2951 dixit
1736 2917 1746 2950 :
1790 2899 2014 2951 Utinam
2096 2898 2336 2954 faciebat
2361 2898 2585 2953 dicens:
2617 2895 2676 2950 Si
2696 2895 2822 2967 quis
2850 2893 2977 2960 hoc,
2989 2892 3079 2946 vel
3105 2891 3251 2948 illud
3275 2890 3494 2957 fecerit,-
3513 2892 3702 2945 morte

423 2987 769 3040 sustineretis
794 2986 1071 3039 modicum
1092 2987 1228 3054 quid
1256 2988 1591 3054 insipientia
1620 2992 1777 3040 meae!
1806 2986 2016 3040 scilicet
2098 2986 2391 3042 moriatur.
2804 3024 2805 3027 η
3610 3024 3613 3031 ς
3670 3022 3671 3025 η

423 3073 966 3130 commendationem
992 3073 1079 3128 sui
1107 3089 1228 3145 quae
1257 3073 1559 3128 indiscrete
1583 3074 1730 3128 facta
1747 3075 2016 3146 insipien-
2168 3072 2255 3132 30.
2288 3076 2539 3131 Annaos.
2569 3074 2633 3130 Si
2655 3075 2780 3142 quis
2797 3088 2890 3130 eos
2906 3074 2971 3126 in
2988 3073 3331 3126 seruitutem.
3350 3064 3688 3137 Redigeban-

422 3162 504 3219 tia
530 3162 755 3217 dicitur.
778 3160 991 3217 Iterum
1012 3161 1164 3229 dicit,
1184 3178 1256 3217 ne
1276 3162 1401 3232 quis
1428 3168 1587 3234 putet
1606 3180 1734 3218 eum
1753 3164 2017 3236 insipien-
2094 3169 2192 3218 tur
2217 3165 2276 3217 in
2325 3163 2652 3227 servitutem
2680 3177 2782 3233 per
2817 3159 3148 3220 stultitiam.
3175 3162 3244 3212 ut
3284 3157 3684 3225 famularentur

422 3255 559 3319 tem,
596 3268 723 3306 cum
754 3252 858 3305 hoc
891 3267 1005 3305 non
1048 3268 1149 3323 pro
1179 3267 1258 3317 se,
1291 3251 1389 3306 sed
1417 3252 1490 3305 ad
1520 3251 1742 3307 illorum
1772 3253 2016 3307 aadifica-
2097 3251 2597 3325 pseudoapostolis.
3186 3290 3189 3293 .
3274 3288 3277 3291 ι
3409 3308 3413 3312 _
3504 3277 3549 3299 κη
3638 3302 3641 3305 .

423 3339 634 3396 tionem
664 3339 864 3409 faciat;
897 3340 1146 3412 alioquin
1168 3340 1217 3394 si
1246 3340 1461 3407 volunt,
1487 3346 1707 3413 putent,
1735 3341 1868 3397 dum
1897 3342 2017 3414 ipse
2166 3340 2258 3397 3l.
2292 3341 2354 3396 Si
2380 3342 2505 3409 quis
2529 3342 2595 3395 in
2619 3340 2841 3407 faciem.
2868 3338 2933 3393 In
2955 3336 3163 3406 faciem.
3184 3334 3423 3392 caeditur
3449 3335 3515 3391 in
3534 3333 3688 3403 cujus

423 3428 721 3499 glorietur,
740 3432 930 3482 tamen
961 3428 1032 3482 ad
1056 3428 1503 3483 aediﬁcationem.
1891 3457 1894 3460 ~
2050 3480 2051 3485 η
2097 3446 2160 3484 os
2190 3428 2411 3499 injuria
2455 3428 2759 3497 irrogatur.
2799 3426 2965 3495 Nunc
3006 3425 3109 3481 bos
3139 3423 3428 3494 significat
3460 3421 3579 3494 qui,
3619 3435 3683 3477 eo

499 3514 588 3572 '21.
615 3518 825 3571 Iterum
853 3518 991 3571 dico.
1024 3517 1187 3583 Item,
1207 3517 1409 3589 inquit,
1440 3523 1499 3572 et
1524 3534 1670 3589 saepe
1696 3534 1863 3573 narro
1885 3518 2020 3573 vitia
2101 3518 2249 3590 quod
2291 3522 2480 3571 essent
2521 3532 2585 3570 ex
2622 3530 2829 3586 genere
2875 3513 3137 3578 Abrahae,
3181 3511 3591 3581 obtrectabant»
3612 3509 3689 3564 eis

423 3601 675 3670 illorum,
706 3619 776 3658 ne
799 3604 926 3676 quis
945 3605 1179 3659 audiens
1207 3621 1298 3659 me
1325 3605 1664 3677 redarguere
1682 3606 1826 3669 illos,
1860 3611 2021 3677 putet
2101 3607 2249 3679 quod
2271 3610 2457 3661 essent
2474 3603 2868 3675 incircumcisi.
2892 3602 3054 3675 Unde
3074 3601 3334 3672 sequitur
3346 3600 3689 3671 :,Secundum

424 3690 807 3762 insipientem.
1956 3746 1957 3749 η
2100 3698 2504 3767 ignobilitatem
2520 3695 2660 3751 dico.
2750 3736 2756 3745 .
3282 3752 3283 3755 η
3524 3734 3527 3735 ν

440 3782 449 3795 ¹
495 3776 586 3835 22.
630 3780 897 3849 Alioquin
943 3784 1109 3835 velut.
1170 3781 1465 3837 Concessio
1522 3782 1768 3838 adversae
1811 3781 2010 3857 partis,
2165 3783 2528 3843 ‘Auousr.
2559 3781 2680 3853 (lib.
2715 3796 2735 3836 ι
2758 3783 2831 3836 De
2858 3795 3107 3835 sermone
3130 3781 3362 3839 Domini
3400 3781 3467 3833 in
3494 3781 3691 3838 incute,
3730 3805 3735 3809 ~

427 3882 550 3938 quae
577 3872 713 3922 tunc
736 3875 1119 3941 competenter
1154 3871 1236 3938 ﬁt,
1280 3870 1503 3943 quando
1547 3870 1880 3929 concedenti
1901 3885 2045 3925 non-
2097 3889 2145 3927 c.
2184 3870 2266 3937 19,
2303 3877 2441 3926 tom.
2470 3871 2544 3925 1V
2558 3873 2596 3941 ).
2628 3868 2692 3925 Si
2719 3872 2845 3938 quis
2872 3872 2938 3923 in
2959 3870 3179 3936 faciem.
3219 3866 3372 3931 Quid
3417 3866 3495 3920 sit
3518 3865 3580 3919 in
3620 3863 3694 3917 fa-

424 3957 817 4053 estnnocitura.
2035 3994 2081 4053 Β
2104 3960 2255 4017 ciem.
2275 3959 2448 4016 caedi?
2483 3959 2588 4014 hoc
2608 3965 2691 4013 est
2721 3956 3008 4017 contemni
3041 3960 3102 4011 et
3121 3955 3357 4053 despici.
3392 3953 3556 4020 Quod
3581 3951 3697 4052 qui-

494 4042 582 4099 23.
615 4047 857 4103 Annuus.
890 4048 954 4102 Ut
971 4064 1062 4117 ego
1084 4050 1386 4102 modicum.
1413 4045 2016 4123 Modicum.dici_t,quia
2038 4041 2080 4053 ”
2103 4049 2232 4103 dem
2261 4064 2374 4107 non
2401 4047 2527 4102 ideo
2552 4045 2691 4102 dicit
2714 4045 3015 4118 Apostolus
3042 4049 3108 4101 ut
3152 4043 3280 4098 illos
3317 4060 3435 4101 non
3464 4041 3698 4109 sustine-

422 4133 482 4187 in
507 4132 690 4188 verbis
718 4150 831 4190 non
850 4135 907 4190 in
939 4151 1108 4191 sensu
1139 4142 1243 4190 est.
1512 4124 1516 4127 ’
1854 4182 1857 4187 .
1890 4176 1891 4179 η
2099 4143 2247 4201 rent,
2269 4137 2366 4194 sed
2388 4141 2453 4191 ut
2474 4152 2534 4191 se
2565 4134 2744 4206 magis
2786 4135 2882 4206 qui
2923 4150 3018 4190 eos
3058 4132 3147 4187 sic,
3166 4131 3434 4203 diligeret
3460 4135 3527 4187 ut
3553 4129 3719 4200 seip-r
3749 4182 3753 4203 ξ

495 4220 582 4277 24.
608 4224 761 4291 Quod
790 4228 1000 4293 loquor.
1036 4224 1352 4279 Secundum
1392 4224 1572 4279 Deum
1600 4238 1715 4279 non
1742 4221 2015 4294 loquitur,
2099 4242 2229 4289 sum
2247 4242 2349 4297 pro
2371 4224 2453 4279 eis
2472 4223 2938 4295 velletimpendi.
2984 4250 2985 4253 η
3340 4272 3343 4275 .
3417 4290 3421 4294 _
3482 4260 3487 4265 Α
3558 4278 3559 4281 η
3622 4258 3623 4261 η
3688 4258 3691 4263 ν
3754 4252 3757 4255 -

423 4309 558 4382 quia
585 4312 657 4366 ad
683 4312 868 4367 carnis
895 4318 1171 4368 tumorem
1202 4314 1320 4367 haec
1346 4298 1669 4384 pertinent;
1711 4327 1813 4366 nec
1840 4311 1909 4366 de
1935 4310 2018 4365 in—
2171 4313 2258 4372 33.
2288 4315 2500 4391 Laium.
2526 4314 2591 4372 Si
2630 4316 2755 4382 quis
2787 4315 2851 4367 in
2878 4314 3099 4383 faciem.
3145 4309 3216 4381 In
3254 4309 3461 4367 faciem
3491 4306 3701 4376 cadere
3740 4358 3745 4361 _

423 4397 653 4453 ﬂatione
677 4401 826 4472 apud
856 4401 1036 4455 Deum
1056 4402 1240 4472 surgit
1263 4402 1462 4473 gloria,
1495 4402 1629 4474 quia
1664 4400 1814 4472 apud
1837 4400 2014 4455 Deum
2096 4408 2184 4459 est
2211 4403 2499 4475 praeterita
2520 4402 2671 4456 mala
2694 4401 2766 4457 ad
2796 4400 3130 4459 memoriam
3155 4413 3448 4461 revocare.
3710 4435 3714 4438 ι

424 4485 714 4542 humilitas
742 4489 989 4559 gloriosa
1017 4495 1121 4544 est.
2169 4489 2256 4547 34.
2316 4491 2635 4547 Secundum
2679 4491 3106 4558 ignobilitatem.
3160 4486 3439 4555 Viriliter,
3493 4483 3695 4558 inquit,

492 4574 582 4630 25.
627 4576 832 4631 Lmen.
880 4579 948 4631 In
995 4581 1341 4647 insipientia.
1395 4578 1731 4651 Insipientia
1767 4582 1935 4642 esset,
1968 4576 2014 4631 si
2097 4578 2219 4634 dico
2247 4579 2407 4650 quasi
2435 4578 2774 4650 impotentes
2810 4574 3620 4646 (velintentiores).fuerimus,
3640 4571 3747 4637 id.»

420 4668 619 4734 sponte
640 4664 1009 4735 gloriaretur;
1040 4667 1140 4721 sed
1170 4667 1303 4738 quia
1331 4673 1576 4734 coactus,
1609 4668 1771 4739 quasi
1798 4668 1855 4723 in
1881 4664 2017 4722 insi-
2097 4667 2410 4734 est,facere;
2433 4665 2885 4737 magniﬁcentius
2896 4666 3044 4721 enim
3062 4680 3288 4737 possem
3302 4660 3700 4737 diceretguasi

418 4751 631 4823 pientia
659 4749 812 4808 dicit.
1316 4810 1317 4813 η
2096 4773 2199 4812 nos
2242 4755 2587 4830 potentiores
2614 4771 2734 4829 non.
2753 4754 3041 4830 malimus:
3053 4770 3185 4829 quae,
3199 4751 3420 4829 faciunt
3436 4752 3693 4821 facere...
3722 4772 3749 4821 ξτ

492 4839 583 4897 26.
618 4843 685 4896 In
707 4844 809 4897 hac
846 4844 1180 4911 substantia,
1207 4845 1265 4900 id
1297 4850 1401 4911 est,
1433 4845 1492 4900 in
1516 4845 1621 4901 hoc
1654 4862 1862 4918 genere
1887 4846 2014 4918 glo-

2209 4846 2255 4921 5-
2298 4848 2351 4906 Α
2368 4897 2372 4901 -
2388 4845 2981 4923 λλμαῑιιεέεςίιιιιίηςιιίεδ-ιη
3008 4841 3318 4917 Quinquies
3363 4840 3725 4915 verberatus:
3741 4881 3763 4925 η

419 4928 529 4986 rim'
552 4947 674 5002 quae
704 4932 769 4987 ﬁt
788 4932 1093 4988 secundum
1124 4933 1530 5013 insipientiam.
1846 4984 1853 5013 ί
1924 5010 1927 5013 Α
1964 4986 1969 4993 ,
2074 4920 2223 5002 fuit,
2258 4939 2315 4988 et
2344 4933 2409 5011 in
2437 4920 3167 5011 unaquaque‘percussione
3190 4928 3721 5006 corrigiamgdata.
3748 4920 3769 4997 τξ

488 5017 579 5077 27.
625 5021 876 5077 Libenter
902 5024 1069 5077 enim.
1113 5008 1297 5079 Causa
1342 5040 1442 5079 cur
1479 5029 1674 5078 contra
1700 5094 1703 5097 Ἴ
1726 5008 2011 5101 fallacium
2065 5008 2471 5103 quadraginta
2486 5008 2877 5103 percussiones
2893 5008 3181 5103 Sustinuit,
3194 5017 3769 5095 .‘unaminusaua-t.

416 5109 845 5181 praedicatorum
867 5113 1107 5183 gloriam
1145 5113 1276 5168 velit
1315 5113 1569 5184 gloriari,
1594 5113 1729 5191 quia.
1757 5113 1970 5191 videlict

2196 5101 2503 5193 ννίρθὲρνβι
2527 5100 3158 5191 (ιυαςίτθεςηειίγρίξξειπ
3184 5107 3370 5185 ipsum
3402 5102 3699 5193 ﬁscellas:

418 5198 695 5256 Corinthii
737 5201 980 5257 libenter
1030 5201 1287 5257 ferebant
1335 5186 1718 5277 insipientiam
1756 5186 2007 5277 illorum,
2036 5186 2738 5277 inquadragintacorrigiis
2763 5186 3727 5277 contactummumguoquinguies.
3760 5236 3773 5261 ,

417 5304 543 5346 cum
586 5290 814 5363 quidam
855 5290 1108 5361 ipsorum
1144 5291 1205 5346 in
1248 5276 1417 5359 verbo
1462 5292 1568 5348 Dei
1609 5270 1889 5367 sapientes
1928 5309 2066 5371 es?“
2092 5307 2151 5345 se
2171 5270 2701 5366 ,dibitpercussum,
2727 5270 3776 5369 corrigia'r'omni,vice,retenta,qgsicj

414 5384 566 5438 sent.
600 5354 623 5363 ·
879 5354 921 5449 ’ν
1088 5414 1091 5417 Α
1184 5436 1185 5441 1
1258 5356 1259 5359 “
1312 5440 1317 5445 Ι
1354 5432 1359 5439 ί
1493 5456 1496 5459 Δ
1662 5354 1706 5415 γ’.
1746 5440 1771 5458 ᾖ
1810 5432 1813 5435 Α
1884 5412 1889 5417 .
3438 5354 3559 5451 .ξὲζὶ
3602 5356 3625 5444 if

3438 5444 3445 5451 ι

484 5424 566 5438 ..-.
917 5445 921 5449 ν
1184 5436 1185 5441 η
1312 5432 1359 5445 ί(
1589 5429 1609 5436 ..
1767 5432 1813 5445 _
1924 5431 1926 5435 ,
1990 5424 2679 5458 ,«.,λν..-.,.--.η...νγτττγ.η
2734 5424 3127 5446 -..ν-.-τητ-

484 5466 575 5526 28.
601 5468 854 5526 Asianos.
887 5467 953 5526 Si
989 5472 1112 5539 quis
1136 5460 1382 5531 daverat.
1404 5456 1680 5547 .COntenti
1720 5448 2026 5549 erant
2078 5501 2082 5507 -
2282 5470 2544 5525 Auxuma,
2581 5424 2743 5547 NocTt-c
2787 5424 3399 5553 et,die..-.Ho_crfactum
3423 5462 3707 5553 est,

424 5556 612 5613 vorari
640 5573 731 5615 res
758 5552 891 5614 suas
919 5575 955 5613 a
978 5557 1134 5630 falsis
1160 5554 1502 5613 doctoribus.
1769 5545 1773 5549 ⁷
1864 5628 1867 5631 _
1912 5598 1913 5601 η
1962 5590 1981 5615 ξ.
2012 5634 2013 5637 η
2076 5558 2301 5617 missus
2314 5561 2468 5631 esset
2479 5557 2743 5631 Romam,
2762 5552 3256 5631 quiaappellasspt
3280 5545 3737 5646 Ωφέεωξηιδὶβη
