  <div class='ocr_page' id='page_1' title='image "/cluster/home/n/w/nwhite01/storage/ocr_20150623/150/hvd.32044054760087/132.png"; bbox 0 0 3936 6178; ppageno 0'>
   <div class='ocr_carea' id='block_1_1' title="bbox 217 234 3489 309">
    <p class='ocr_par' dir='ltr' id='par_1_1' title="bbox 217 234 3489 309">
     <span class='ocr_line' id='line_1_1' title="bbox 217 234 3489 309; baseline -0.004 0"><span class='ocrx_word' id='word_1_1' title='bbox 217 245 313 309; x_wconf 66' lang='grc' dir='ltr'><strong>ἳ-ίιὸ</strong></span> <span class='ocrx_word' id='word_1_2' title='bbox 528 306 541 309; x_wconf 32' lang='grc' dir='ltr'><strong>Α</strong></span> <span class='ocrx_word' id='word_1_3' title='bbox 902 247 982 303; x_wconf 80' lang='lat' dir='ltr'><strong>IN</strong></span> <span class='ocrx_word' id='word_1_4' title='bbox 1017 246 1085 303; x_wconf 90' lang='lat' dir='ltr'><strong>D.</strong></span> <span class='ocrx_word' id='word_1_5' title='bbox 1124 246 1342 304; x_wconf 79' lang='lat' dir='ltr'><strong>PAULI</strong></span> <span class='ocrx_word' id='word_1_6' title='bbox 1379 246 1603 305; x_wconf 85' lang='lat' dir='ltr'><strong>EPIS&#39;I‘.</strong></span> <span class='ocrx_word' id='word_1_7' title='bbox 1646 246 2014 307; x_wconf 77' lang='lat' dir='ltr'><strong>COMMENT.</strong></span> <span class='ocrx_word' id='word_1_8' title='bbox 2052 277 2123 289; x_wconf 94' lang='lat'><strong>—</strong></span> <span class='ocrx_word' id='word_1_9' title='bbox 2160 245 2382 304; x_wconf 82' lang='lat' dir='ltr'><strong>EPIST.</strong></span> <span class='ocrx_word' id='word_1_10' title='bbox 2422 247 2475 305; x_wconf 89' lang='lat' dir='ltr'>II</span> <span class='ocrx_word' id='word_1_11' title='bbox 2512 247 2610 304; x_wconf 80' lang='lat' dir='ltr'><strong>AD</strong></span> <span class='ocrx_word' id='word_1_12' title='bbox 2646 247 2809 305; x_wconf 85' lang='lat' dir='ltr'><strong>COR.</strong></span> <span class='ocrx_word' id='word_1_13' title='bbox 3380 234 3489 296; x_wconf 66' lang='grc'><strong>254</strong></span> 
     </span>
    </p>
   </div>
   <div class='ocr_carea' id='block_1_2' title="bbox 214 367 3483 443">
    <p class='ocr_par' dir='ltr' id='par_1_2' title="bbox 214 367 3483 443">
     <span class='ocr_line' id='line_1_2' title="bbox 214 367 3483 443; baseline -0.003 -17"><span class='ocrx_word' id='word_1_14' title='bbox 214 371 427 426; x_wconf 86' lang='lat' dir='ltr'><strong>tidiana</strong></span> <span class='ocrx_word' id='word_1_15' title='bbox 453 372 589 440; x_wconf 84' lang='lat' dir='ltr'><strong>fuit,</strong></span> <span class='ocrx_word' id='word_1_16' title='bbox 618 370 937 427; x_wconf 89' lang='lat' dir='ltr'><strong>sollicitudo</strong></span> <span class='ocrx_word' id='word_1_17' title='bbox 964 368 1217 426; x_wconf 88' lang='lat' dir='ltr'><strong>omnium</strong></span> <span class='ocrx_word' id='word_1_18' title='bbox 1246 370 1639 426; x_wconf 90' lang='lat' dir='ltr'><strong>Ecclesiarum.</strong></span> <span class='ocrx_word' id='word_1_19' title='bbox 1660 373 1762 425; x_wconf 89' lang='lat' dir='ltr'><strong>Per</strong></span> <span class='ocrx_word' id='word_1_20' title='bbox 1790 370 2184 439; x_wconf 84' lang='lat' dir='ltr'><strong>parenthesim.</strong></span> <span class='ocrx_word' id='word_1_21' title='bbox 2206 368 2296 425; x_wconf 88' lang='lat'><strong>37.</strong></span> <span class='ocrx_word' id='word_1_22' title='bbox 2320 368 2456 434; x_wconf 86' lang='lat' dir='ltr'><strong>Quis</strong></span> <span class='ocrx_word' id='word_1_23' title='bbox 2480 370 2822 440; x_wconf 90' lang='lat' dir='ltr'><strong>inﬁrmatur,</strong></span> <span class='ocrx_word' id='word_1_24' title='bbox 2843 376 2901 428; x_wconf 90' lang='lat' dir='ltr'><strong>et</strong></span> <span class='ocrx_word' id='word_1_25' title='bbox 2920 386 3025 443; x_wconf 90' lang='lat' dir='ltr'><strong>ego</strong></span> <span class='ocrx_word' id='word_1_26' title='bbox 3053 384 3167 425; x_wconf 88' lang='lat' dir='ltr'><strong>non</strong></span> <span class='ocrx_word' id='word_1_27' title='bbox 3184 367 3443 423; x_wconf 89' lang='lat' dir='ltr'><strong>inﬁrmor</strong></span> <span class='ocrx_word' id='word_1_28' title='bbox 3459 368 3483 415; x_wconf 77' lang='lat'><strong><em>?</em></strong></span> 
     </span>
    </p>
   </div>
   <div class='ocr_carea' id='block_1_3' title="bbox 215 456 3482 531">
    <p class='ocr_par' dir='ltr' id='par_1_3' title="bbox 215 456 3482 531">
     <span class='ocr_line' id='line_1_3' title="bbox 215 456 3482 531; baseline -0.004 -15"><span class='ocrx_word' id='word_1_29' title='bbox 215 463 565 517; x_wconf 84' lang='lat' dir='ltr'><strong>condolendo.</strong></span> <span class='ocrx_word' id='word_1_30' title='bbox 597 461 735 526; x_wconf 82' lang='lat' dir='ltr'>Quis</span> <span class='ocrx_word' id='word_1_31' title='bbox 763 459 1193 526; x_wconf 75' lang='lat' dir='ltr'><strong>scandalizatur,</strong></span> <span class='ocrx_word' id='word_1_32' title='bbox 1226 465 1283 515; x_wconf 92' lang='lat' dir='ltr'><strong>et</strong></span> <span class='ocrx_word' id='word_1_33' title='bbox 1312 476 1436 531; x_wconf 93' lang='lat' dir='ltr'><strong>ego,</strong></span> <span class='ocrx_word' id='word_1_34' title='bbox 1468 477 1581 515; x_wconf 91' lang='lat' dir='ltr'><strong>non</strong></span> <span class='ocrx_word' id='word_1_35' title='bbox 1612 458 1784 514; x_wconf 83' lang='lat' dir='ltr'><strong>uror?</strong></span> <span class='ocrx_word' id='word_1_36' title='bbox 1803 458 1861 514; x_wconf 90' lang='lat' dir='ltr'><strong>Si</strong></span> <span class='ocrx_word' id='word_1_37' title='bbox 1889 456 2120 529; x_wconf 82' lang='lat' dir='ltr'><strong>gloriari</strong></span> <span class='ocrx_word' id='word_1_38' title='bbox 2153 463 2378 529; x_wconf 80' lang='lat' dir='ltr'><strong>Oportet</strong></span> <span class='ocrx_word' id='word_1_39' title='bbox 2402 477 2416 514; x_wconf 87' lang='lat'><strong><em>:</em></strong></span> <span class='ocrx_word' id='word_1_40' title='bbox 2437 457 2501 512; x_wconf 89' lang='lat' dir='ltr'><strong>Si</strong></span> <span class='ocrx_word' id='word_1_41' title='bbox 2521 477 2675 529; x_wconf 81' lang='lat' dir='ltr'><strong>cogas</strong></span> <span class='ocrx_word' id='word_1_42' title='bbox 2697 479 2781 515; x_wconf 88' lang='lat' dir='ltr'><strong>me</strong></span> <span class='ocrx_word' id='word_1_43' title='bbox 2806 462 3051 530; x_wconf 88' lang='lat' dir='ltr'><strong>gloriari</strong></span> <span class='ocrx_word' id='word_1_44' title='bbox 3069 458 3333 527; x_wconf 84' lang='lat' dir='ltr'><strong>amplius,</strong></span> <span class='ocrx_word' id='word_1_45' title='bbox 3357 467 3482 524; x_wconf 69' lang='lat' dir='ltr'><strong>qua</strong></span> 
     </span>
    </p>
   </div>
   <div class='ocr_carea' id='block_1_4' title="bbox 214 542 3480 620">
    <p class='ocr_par' dir='ltr' id='par_1_4' title="bbox 214 542 3480 620">
     <span class='ocr_line' id='line_1_4' title="bbox 214 542 3480 620; baseline -0.005 -14"><span class='ocrx_word' id='word_1_46' title='bbox 214 549 557 606; x_wconf 82' lang='lat' dir='ltr'><strong>inﬁrmitatis</strong></span> <span class='ocrx_word' id='word_1_47' title='bbox 586 566 725 605; x_wconf 79' lang='lat' dir='ltr'><strong>meae</strong></span> <span class='ocrx_word' id='word_1_48' title='bbox 752 554 888 604; x_wconf 88' lang='lat' dir='ltr'><strong>sunt</strong></span> <span class='ocrx_word' id='word_1_49' title='bbox 901 565 1029 603; x_wconf 87' lang='lat' dir='ltr'><strong>vera</strong></span> <span class='ocrx_word' id='word_1_50' title='bbox 1044 550 1248 615; x_wconf 85' lang='lat' dir='ltr'><strong>dicam,</strong></span> <span class='ocrx_word' id='word_1_51' title='bbox 1273 566 1393 617; x_wconf 68' lang='lat' dir='ltr'><strong>quae</strong></span> <span class='ocrx_word' id='word_1_52' title='bbox 1414 550 1721 616; x_wconf 88' lang='lat' dir='ltr'><strong>inﬁrmitas</strong></span> <span class='ocrx_word' id='word_1_53' title='bbox 1744 563 1860 601; x_wconf 86' lang='lat' dir='ltr'><strong>mea</strong></span> <span class='ocrx_word' id='word_1_54' title='bbox 1876 561 2041 616; x_wconf 78' lang='lat' dir='ltr'><strong>passa</strong></span> <span class='ocrx_word' id='word_1_55' title='bbox 2060 550 2154 610; x_wconf 86' lang='lat' dir='ltr'><strong>est,</strong></span> <span class='ocrx_word' id='word_1_56' title='bbox 2188 546 2337 600; x_wconf 90' lang='lat' dir='ltr'><strong>nihil</strong></span> <span class='ocrx_word' id='word_1_57' title='bbox 2367 550 2699 617; x_wconf 89' lang='lat' dir='ltr'><strong>conﬁngens,</strong></span> <span class='ocrx_word' id='word_1_58' title='bbox 2726 548 3028 620; x_wconf 82' lang='lat' dir='ltr'><strong>gloriabor.</strong></span> <span class='ocrx_word' id='word_1_59' title='bbox 3062 542 3480 616; x_wconf 80' lang='lat' dir='ltr'><strong>Jusjurandum</strong></span> 
     </span>
    </p>
   </div>
   <div class='ocr_carea' id='block_1_5' title="bbox 209 629 3480 709">
    <p class='ocr_par' dir='ltr' id='par_1_5' title="bbox 209 629 3480 709">
     <span class='ocr_line' id='line_1_5' title="bbox 209 629 3480 709; baseline -0.003 -17"><span class='ocrx_word' id='word_1_60' title='bbox 209 654 302 709; x_wconf 80' lang='lat' dir='ltr'><strong>per</strong></span> <span class='ocrx_word' id='word_1_61' title='bbox 320 639 726 707; x_wconf 87' lang='lat' dir='ltr'><strong>parenthesim.</strong></span> <span class='ocrx_word' id='word_1_62' title='bbox 759 638 911 693; x_wconf 88' lang='lat' dir='ltr'><strong>Deus</strong></span> <span class='ocrx_word' id='word_1_63' title='bbox 940 642 998 692; x_wconf 91' lang='lat' dir='ltr'><strong>et</strong></span> <span class='ocrx_word' id='word_1_64' title='bbox 1025 636 1193 691; x_wconf 89' lang='lat' dir='ltr'><strong>Pater</strong></span> <span class='ocrx_word' id='word_1_65' title='bbox 1219 636 1445 691; x_wconf 89' lang='lat' dir='ltr'><strong>Domini</strong></span> <span class='ocrx_word' id='word_1_66' title='bbox 1470 635 1649 691; x_wconf 83' lang='lat' dir='ltr'><strong>nostri</strong></span> <span class='ocrx_word' id='word_1_67' title='bbox 1667 633 1799 690; x_wconf 83' lang='lat' dir='ltr'><strong>Jesu</strong></span> <span class='ocrx_word' id='word_1_68' title='bbox 1827 634 2057 701; x_wconf 85' lang='lat' dir='ltr'><strong>Christi,</strong></span> <span class='ocrx_word' id='word_1_69' title='bbox 2089 634 2186 705; x_wconf 89' lang='lat' dir='ltr'><strong>qui</strong></span> <span class='ocrx_word' id='word_1_70' title='bbox 2211 640 2297 689; x_wconf 90' lang='lat' dir='ltr'><strong>est</strong></span> <span class='ocrx_word' id='word_1_71' title='bbox 2333 634 2662 692; x_wconf 86' lang='lat' dir='ltr'><strong>benedictus</strong></span> <span class='ocrx_word' id='word_1_72' title='bbox 2688 638 2747 692; x_wconf 92' lang='lat' dir='ltr'><strong>in</strong></span> <span class='ocrx_word' id='word_1_73' title='bbox 2785 638 3007 703; x_wconf 69' lang='lat' dir='ltr'><strong>saecula,</strong></span> <span class='ocrx_word' id='word_1_74' title='bbox 3040 633 3146 690; x_wconf 87' lang='lat' dir='ltr'><strong>scit</strong></span> <span class='ocrx_word' id='word_1_75' title='bbox 3176 629 3325 703; x_wconf 90' lang='lat' dir='ltr'><strong>quod</strong></span> <span class='ocrx_word' id='word_1_76' title='bbox 3364 643 3480 683; x_wconf 90' lang='lat' dir='ltr'><strong>non</strong></span> 
     </span>
    </p>
   </div>
   <div class='ocr_carea' id='block_1_6' title="bbox 212 722 3478 798">
    <p class='ocr_par' dir='ltr' id='par_1_6' title="bbox 212 722 3478 798">
     <span class='ocr_line' id='line_1_6' title="bbox 212 722 3478 798; baseline -0.003 -18"><span class='ocrx_word' id='word_1_77' title='bbox 212 725 470 793; x_wconf 87' lang='lat' dir='ltr'><strong>mentior,</strong></span> <span class='ocrx_word' id='word_1_78' title='bbox 496 729 563 780; x_wconf 90' lang='lat' dir='ltr'><strong>in</strong></span> <span class='ocrx_word' id='word_1_79' title='bbox 581 726 671 780; x_wconf 87' lang='lat' dir='ltr'><strong>his</strong></span> <span class='ocrx_word' id='word_1_80' title='bbox 690 743 810 796; x_wconf 72' lang='lat' dir='ltr'><strong>qua:</strong></span> <span class='ocrx_word' id='word_1_81' title='bbox 826 731 1154 795; x_wconf 87' lang='lat' dir='ltr'><strong>sequuntur.</strong></span> <span class='ocrx_word' id='word_1_82' title='bbox 1184 724 1441 781; x_wconf 83' lang='lat' dir='ltr'><strong>Damasci</strong></span> <span class='ocrx_word' id='word_1_83' title='bbox 1460 723 1793 798; x_wconf 87' lang='lat' dir='ltr'><strong>praepositus</strong></span> <span class='ocrx_word' id='word_1_84' title='bbox 1810 723 1996 794; x_wconf 89' lang='lat' dir='ltr'><strong>gentis</strong></span> <span class='ocrx_word' id='word_1_85' title='bbox 2014 722 2205 778; x_wconf 83' lang='lat' dir='ltr'><strong>Aretae</strong></span> <span class='ocrx_word' id='word_1_86' title='bbox 2224 723 2392 795; x_wconf 89' lang='lat' dir='ltr'><strong>regis,</strong></span> <span class='ocrx_word' id='word_1_87' title='bbox 2414 724 2766 780; x_wconf 86' lang='lat' dir='ltr'><strong>custodiebat</strong></span> <span class='ocrx_word' id='word_1_88' title='bbox 2784 725 3071 780; x_wconf 89' lang='lat' dir='ltr'><strong>civitatem</strong></span> <span class='ocrx_word' id='word_1_89' title='bbox 3098 723 3478 778; x_wconf 86' lang='lat' dir='ltr'><strong>Damasceno-</strong></span> 
     </span>
    </p>
   </div>
   <div class='ocr_carea' id='block_1_7' title="bbox 211 809 3477 888">
    <p class='ocr_par' dir='ltr' id='par_1_7' title="bbox 211 809 3477 888">
     <span class='ocr_line' id='line_1_7' title="bbox 211 809 3477 888; baseline -0.004 -18"><span class='ocrx_word' id='word_1_90' title='bbox 211 829 351 880; x_wconf 89' lang='lat' dir='ltr'><strong>rum,</strong></span> <span class='ocrx_word' id='word_1_91' title='bbox 385 819 455 870; x_wconf 87' lang='lat' dir='ltr'><strong>ut</strong></span> <span class='ocrx_word' id='word_1_92' title='bbox 479 830 572 870; x_wconf 90' lang='lat' dir='ltr'><strong>me</strong></span> <span class='ocrx_word' id='word_1_93' title='bbox 589 814 1124 887; x_wconf 85' lang='lat' dir='ltr'><strong>comprehenderet;</strong></span> <span class='ocrx_word' id='word_1_94' title='bbox 1157 819 1216 870; x_wconf 90' lang='lat' dir='ltr'><strong>et</strong></span> <span class='ocrx_word' id='word_1_95' title='bbox 1253 830 1355 887; x_wconf 91' lang='lat' dir='ltr'><strong>per</strong></span> <span class='ocrx_word' id='word_1_96' title='bbox 1374 812 1683 871; x_wconf 81' lang='lat' dir='ltr'><strong>fenestram</strong></span> <span class='ocrx_word' id='word_1_97' title='bbox 1716 811 1777 867; x_wconf 90' lang='lat' dir='ltr'><strong>in</strong></span> <span class='ocrx_word' id='word_1_98' title='bbox 1799 816 1993 888; x_wconf 79' lang='lat' dir='ltr'><strong>sporta</strong></span> <span class='ocrx_word' id='word_1_99' title='bbox 2028 811 2294 869; x_wconf 85' lang='lat' dir='ltr'><strong>dimissus</strong></span> <span class='ocrx_word' id='word_1_100' title='bbox 2314 829 2439 868; x_wconf 92' lang='lat' dir='ltr'><strong>sum</strong></span> <span class='ocrx_word' id='word_1_101' title='bbox 2470 830 2573 887; x_wconf 90' lang='lat' dir='ltr'><strong>per</strong></span> <span class='ocrx_word' id='word_1_102' title='bbox 2608 830 2856 881; x_wconf 87' lang='lat' dir='ltr'><strong>murum,</strong></span> <span class='ocrx_word' id='word_1_103' title='bbox 2879 818 2938 869; x_wconf 91' lang='lat' dir='ltr'><strong>et</strong></span> <span class='ocrx_word' id='word_1_104' title='bbox 2975 812 3056 868; x_wconf 87' lang='lat' dir='ltr'><strong>sic</strong></span> <span class='ocrx_word' id='word_1_105' title='bbox 3074 809 3244 882; x_wconf 79' lang='lat' dir='ltr'><strong>eﬁugi</strong></span> <span class='ocrx_word' id='word_1_106' title='bbox 3275 819 3477 863; x_wconf 87' lang='lat' dir='ltr'><strong>manus</strong></span> 
     </span>
    </p>
   </div>
   <div class='ocr_carea' id='block_1_8' title="bbox 214 916 349 972">
    <p class='ocr_par' dir='ltr' id='par_1_8' title="bbox 214 916 349 972">
     <span class='ocr_line' id='line_1_8' title="bbox 214 916 349 972; baseline -0.015 -16"><span class='ocrx_word' id='word_1_107' title='bbox 214 916 349 972; x_wconf 77' lang='lat' dir='ltr'><strong>ejus.</strong></span> 
     </span>
    </p>
   </div>
   <div class='ocr_carea' id='block_1_9' title="bbox 1653 991 2039 1049">
    <p class='ocr_par' dir='ltr' id='par_1_9' title="bbox 1653 991 2039 1049">
     <span class='ocr_line' id='line_1_9' title="bbox 1653 991 2039 1049; baseline -0.003 -1"><span class='ocrx_word' id='word_1_108' title='bbox 1653 991 1890 1049; x_wconf 82' lang='lat' dir='ltr'><strong>CAPUT</strong></span> <span class='ocrx_word' id='word_1_109' title='bbox 1913 992 2039 1048; x_wconf 82' lang='lat' dir='ltr'><strong>XII.</strong></span> 
     </span>
    </p>
   </div>
   <div class='ocr_carea' id='block_1_10' title="bbox 272 1072 3474 1155">
    <p class='ocr_par' dir='ltr' id='par_1_10' title="bbox 272 1072 3474 1155">
     <span class='ocr_line' id='line_1_10' title="bbox 272 1072 3474 1155; baseline -0.002 -22"><span class='ocrx_word' id='word_1_110' title='bbox 272 1079 329 1134; x_wconf 89' lang='lat' dir='ltr'><strong>Si</strong></span> <span class='ocrx_word' id='word_1_111' title='bbox 361 1082 616 1150; x_wconf 88' lang='lat' dir='ltr'><strong>amplius</strong></span> <span class='ocrx_word' id='word_1_112' title='bbox 639 1081 873 1152; x_wconf 89' lang='lat' dir='ltr'><strong>gloriari</strong></span> <span class='ocrx_word' id='word_1_113' title='bbox 903 1086 1127 1155; x_wconf 86' lang='lat' dir='ltr'><strong>oportet</strong></span> <span class='ocrx_word' id='word_1_114' title='bbox 1142 1084 1416 1137; x_wconf 86' lang='lat' dir='ltr'><strong>coactione</strong></span> <span class='ocrx_word' id='word_1_115' title='bbox 1440 1087 1619 1137; x_wconf 85' lang='lat' dir='ltr'><strong>vestra</strong></span> <span class='ocrx_word' id='word_1_116' title='bbox 1642 1083 1777 1150; x_wconf 90' lang='lat' dir='ltr'><strong>(non</strong></span> <span class='ocrx_word' id='word_1_117' title='bbox 1804 1082 2031 1153; x_wconf 84' lang='lat' dir='ltr'><strong>expedit</strong></span> <span class='ocrx_word' id='word_1_118' title='bbox 2054 1081 2300 1153; x_wconf 87' lang='lat' dir='ltr'><strong>quidem,</strong></span> <span class='ocrx_word' id='word_1_119' title='bbox 2324 1083 2532 1138; x_wconf 75' lang='lat' dir='ltr'><strong>scilicet</strong></span> <span class='ocrx_word' id='word_1_120' title='bbox 2549 1084 2812 1152; x_wconf 87' lang='lat' dir='ltr'><strong>gloriari)</strong></span> <span class='ocrx_word' id='word_1_121' title='bbox 2838 1099 2849 1134; x_wconf 89' lang='lat'>:</span> <span class='ocrx_word' id='word_1_122' title='bbox 2875 1080 3093 1136; x_wconf 83' lang='lat' dir='ltr'><strong>veniam</strong></span> <span class='ocrx_word' id='word_1_123' title='bbox 3116 1081 3305 1134; x_wconf 89' lang='lat' dir='ltr'><strong>autem</strong></span> <span class='ocrx_word' id='word_1_124' title='bbox 3320 1075 3371 1129; x_wconf 80' lang='lat' dir='ltr'><strong>l.</strong></span> <span class='ocrx_word' id='word_1_125' title='bbox 3404 1072 3474 1127; x_wconf 85' lang='lat' dir='ltr'><strong>ad</strong></span> 
     </span>
    </p>
   </div>
   <div class='ocr_carea' id='block_1_11' title="bbox 209 1165 3475 1239">
    <p class='ocr_par' dir='ltr' id='par_1_11' title="bbox 209 1165 3475 1239">
     <span class='ocr_line' id='line_1_11' title="bbox 209 1165 3475 1239; baseline -0.002 -17"><span class='ocrx_word' id='word_1_126' title='bbox 209 1167 469 1235; x_wconf 73' lang='lat' dir='ltr'><strong>visiones,</strong></span> <span class='ocrx_word' id='word_1_127' title='bbox 487 1174 549 1223; x_wconf 89' lang='lat' dir='ltr'><strong>et</strong></span> <span class='ocrx_word' id='word_1_128' title='bbox 568 1170 938 1225; x_wconf 84' lang='lat' dir='ltr'><strong>revelationes</strong></span> <span class='ocrx_word' id='word_1_129' title='bbox 963 1170 1207 1225; x_wconf 89' lang='lat' dir='ltr'><strong>Domini.</strong></span> <span class='ocrx_word' id='word_1_130' title='bbox 1238 1172 1309 1225; x_wconf 90' lang='lat' dir='ltr'><strong>De</strong></span> <span class='ocrx_word' id='word_1_131' title='bbox 1327 1186 1381 1224; x_wconf 87' lang='lat' dir='ltr'><strong>se</strong></span> <span class='ocrx_word' id='word_1_132' title='bbox 1400 1172 1620 1239; x_wconf 85' lang='lat' dir='ltr'><strong>quidem</strong></span> <span class='ocrx_word' id='word_1_133' title='bbox 1640 1172 1759 1237; x_wconf 88' lang='lat' dir='ltr'><strong>agit</strong></span> <span class='ocrx_word' id='word_1_134' title='bbox 1783 1173 2074 1224; x_wconf 88' lang='lat' dir='ltr'><strong>coactione.</strong></span> <span class='ocrx_word' id='word_1_135' title='bbox 2098 1171 2222 1226; x_wconf 91' lang='lat' dir='ltr'><strong>Scio</strong></span> <span class='ocrx_word' id='word_1_136' title='bbox 2249 1171 2536 1225; x_wconf 88' lang='lat' dir='ltr'><strong>hominem</strong></span> <span class='ocrx_word' id='word_1_137' title='bbox 2558 1171 2617 1225; x_wconf 90' lang='lat' dir='ltr'><strong>in</strong></span> <span class='ocrx_word' id='word_1_138' title='bbox 2643 1170 2887 1235; x_wconf 90' lang='lat' dir='ltr'><strong>Christo,</strong></span> <span class='ocrx_word' id='word_1_139' title='bbox 2916 1171 3321 1230; x_wconf 78' lang='lat' dir='ltr'><strong>Christianum,</strong></span> <span class='ocrx_word' id='word_1_140' title='bbox 3342 1165 3475 1216; x_wconf 88' lang='lat' dir='ltr'><strong>ante</strong></span> 
     </span>
    </p>
   </div>
   <div class='ocr_carea' id='block_1_12' title="bbox 204 1252 3474 1331">
    <p class='ocr_par' dir='ltr' id='par_1_12' title="bbox 204 1252 3474 1331">
     <span class='ocr_line' id='line_1_12' title="bbox 204 1252 3474 1331; baseline -0.002 -21"><span class='ocrx_word' id='word_1_141' title='bbox 204 1272 375 1311; x_wconf 87' lang='lat' dir='ltr'><strong>annos</strong></span> <span class='ocrx_word' id='word_1_142' title='bbox 403 1257 857 1328; x_wconf 87' lang='lat' dir='ltr'><strong>quatuordecim,</strong></span> <span class='ocrx_word' id='word_1_143' title='bbox 883 1263 1006 1328; x_wconf 83' lang='lat' dir='ltr'><strong>jam</strong></span> <span class='ocrx_word' id='word_1_144' title='bbox 1025 1264 1348 1328; x_wconf 64' lang='lat' dir='ltr'><strong>praeteritos,</strong></span> <span class='ocrx_word' id='word_1_145' title='bbox 1374 1258 1510 1326; x_wconf 91' lang='lat' dir='ltr'><strong>(sive</strong></span> <span class='ocrx_word' id='word_1_146' title='bbox 1534 1257 1613 1326; x_wconf 91' lang='lat' dir='ltr'><strong>in,</strong></span> <span class='ocrx_word' id='word_1_147' title='bbox 1637 1274 1784 1324; x_wconf 89' lang='lat' dir='ltr'><strong>cum,</strong></span> <span class='ocrx_word' id='word_1_148' title='bbox 1807 1275 2058 1331; x_wconf 89' lang='lat' dir='ltr'><strong>corpore,</strong></span> <span class='ocrx_word' id='word_1_149' title='bbox 2081 1260 2194 1313; x_wconf 90' lang='lat' dir='ltr'><strong>sive</strong></span> <span class='ocrx_word' id='word_1_150' title='bbox 2222 1265 2380 1315; x_wconf 85' lang='lat' dir='ltr'><strong>extra</strong></span> <span class='ocrx_word' id='word_1_151' title='bbox 2397 1276 2620 1331; x_wconf 90' lang='lat' dir='ltr'><strong>corpus,</strong></span> <span class='ocrx_word' id='word_1_152' title='bbox 2644 1262 2709 1313; x_wconf 87' lang='lat' dir='ltr'><strong>in</strong></span> <span class='ocrx_word' id='word_1_153' title='bbox 2735 1261 2955 1322; x_wconf 68' lang='lat' dir='ltr'><strong>erstasi,</strong></span> <span class='ocrx_word' id='word_1_154' title='bbox 2976 1255 3183 1318; x_wconf 90' lang='lat' dir='ltr'><strong>nescio,</strong></span> <span class='ocrx_word' id='word_1_155' title='bbox 3216 1254 3305 1306; x_wconf 87' lang='lat' dir='ltr'><strong>sed</strong></span> <span class='ocrx_word' id='word_1_156' title='bbox 3323 1252 3474 1305; x_wconf 88' lang='lat' dir='ltr'><strong>Deus</strong></span> 
     </span>
    </p>
   </div>
   <div class='ocr_carea' id='block_1_13' title="bbox 200 1340 3468 1418">
    <p class='ocr_par' dir='ltr' id='par_1_13' title="bbox 200 1340 3468 1418">
     <span class='ocr_line' id='line_1_13' title="bbox 200 1340 3468 1418; baseline -0.002 -19"><span class='ocrx_word' id='word_1_157' title='bbox 200 1344 317 1414; x_wconf 82' lang='lat' dir='ltr'><strong>scit)</strong></span> <span class='ocrx_word' id='word_1_158' title='bbox 346 1343 405 1398; x_wconf 81' lang='lat'><strong>2.</strong></span> <span class='ocrx_word' id='word_1_159' title='bbox 436 1350 667 1417; x_wconf 89' lang='lat' dir='ltr'><strong>raptum</strong></span> <span class='ocrx_word' id='word_1_160' title='bbox 696 1346 1022 1417; x_wconf 89' lang='lat' dir='ltr'><strong>hujusmodi</strong></span> <span class='ocrx_word' id='word_1_161' title='bbox 1047 1348 1433 1403; x_wconf 74' lang='lat' dir='ltr'><strong>Christianum</strong></span> <span class='ocrx_word' id='word_1_162' title='bbox 1453 1364 1632 1418; x_wconf 91' lang='lat' dir='ltr'><strong>usque</strong></span> <span class='ocrx_word' id='word_1_163' title='bbox 1652 1348 1724 1402; x_wconf 89' lang='lat' dir='ltr'><strong>ad</strong></span> <span class='ocrx_word' id='word_1_164' title='bbox 1753 1348 1983 1402; x_wconf 88' lang='lat' dir='ltr'><strong>tertium</strong></span> <span class='ocrx_word' id='word_1_165' title='bbox 2010 1350 2233 1403; x_wconf 59' lang='lat' dir='ltr'><strong>caelum.</strong></span> <span class='ocrx_word' id='word_1_166' title='bbox 2267 1350 2336 1403; x_wconf 91' lang='lat' dir='ltr'><strong>Et</strong></span> <span class='ocrx_word' id='word_1_167' title='bbox 2351 1349 2466 1403; x_wconf 88' lang='lat' dir='ltr'><strong>scio</strong></span> <span class='ocrx_word' id='word_1_168' title='bbox 2493 1351 2601 1415; x_wconf 86' lang='lat' dir='ltr'><strong>(bis</strong></span> <span class='ocrx_word' id='word_1_169' title='bbox 2626 1366 2679 1403; x_wconf 88' lang='lat' dir='ltr'><strong>se</strong></span> <span class='ocrx_word' id='word_1_170' title='bbox 2699 1354 2912 1403; x_wconf 85' lang='lat' dir='ltr'><strong>motum</strong></span> <span class='ocrx_word' id='word_1_171' title='bbox 2944 1348 3099 1410; x_wconf 90' lang='lat' dir='ltr'><strong>dicit)</strong></span> <span class='ocrx_word' id='word_1_172' title='bbox 3125 1340 3468 1413; x_wconf 89' lang='lat' dir='ltr'><strong>hujusmodi,</strong></span> 
     </span>
    </p>
   </div>
   <div class='ocr_carea' id='block_1_14' title="bbox 201 1432 3469 1509">
    <p class='ocr_par' dir='ltr' id='par_1_14' title="bbox 201 1432 3469 1509">
     <span class='ocr_line' id='line_1_14' title="bbox 201 1432 3469 1509; baseline -0.002 -22"><span class='ocrx_word' id='word_1_173' title='bbox 201 1436 409 1501; x_wconf 80' lang='lat' dir='ltr'><strong>ﬁdelem</strong></span> <span class='ocrx_word' id='word_1_174' title='bbox 442 1434 756 1499; x_wconf 88' lang='lat' dir='ltr'><strong>hominem,</strong></span> <span class='ocrx_word' id='word_1_175' title='bbox 786 1435 917 1491; x_wconf 81' lang='lat' dir='ltr'><strong>(sive</strong></span> <span class='ocrx_word' id='word_1_176' title='bbox 948 1436 1005 1490; x_wconf 91' lang='lat' dir='ltr'><strong>in</strong></span> <span class='ocrx_word' id='word_1_177' title='bbox 1033 1452 1284 1507; x_wconf 90' lang='lat' dir='ltr'><strong>corpore,</strong></span> <span class='ocrx_word' id='word_1_178' title='bbox 1318 1435 1434 1490; x_wconf 86' lang='lat' dir='ltr'><strong>sive</strong></span> <span class='ocrx_word' id='word_1_179' title='bbox 1461 1441 1617 1490; x_wconf 86' lang='lat' dir='ltr'><strong>extra</strong></span> <span class='ocrx_word' id='word_1_180' title='bbox 1646 1452 1847 1508; x_wconf 89' lang='lat' dir='ltr'><strong>corpus</strong></span> <span class='ocrx_word' id='word_1_181' title='bbox 1871 1437 2078 1500; x_wconf 89' lang='lat' dir='ltr'><strong>nescio,</strong></span> <span class='ocrx_word' id='word_1_182' title='bbox 2118 1440 2209 1491; x_wconf 89' lang='lat' dir='ltr'><strong>sed</strong></span> <span class='ocrx_word' id='word_1_183' title='bbox 2238 1438 2388 1493; x_wconf 91' lang='lat' dir='ltr'><strong>Deus</strong></span> <span class='ocrx_word' id='word_1_184' title='bbox 2415 1438 2538 1500; x_wconf 82' lang='lat' dir='ltr'><strong>scit)</strong></span> <span class='ocrx_word' id='word_1_185' title='bbox 2573 1438 2837 1509; x_wconf 89' lang='lat' dir='ltr'><strong>quoniam</strong></span> <span class='ocrx_word' id='word_1_186' title='bbox 2868 1441 3063 1507; x_wconf 90' lang='lat' dir='ltr'><strong>raptus</strong></span> <span class='ocrx_word' id='word_1_187' title='bbox 3093 1438 3180 1489; x_wconf 91' lang='lat' dir='ltr'><strong>est</strong></span> <span class='ocrx_word' id='word_1_188' title='bbox 3206 1432 3267 1486; x_wconf 88' lang='lat' dir='ltr'><strong>in</strong></span> <span class='ocrx_word' id='word_1_189' title='bbox 3295 1443 3469 1501; x_wconf 88' lang='lat' dir='ltr'><strong>para-</strong></span> 
     </span>
    </p>
   </div>
   <div class='ocr_carea' id='block_1_15' title="bbox 199 1517 3460 1595">
    <p class='ocr_par' dir='ltr' id='par_1_15' title="bbox 199 1517 3460 1595">
     <span class='ocr_line' id='line_1_15' title="bbox 199 1517 3460 1595; baseline -0.001 -19"><span class='ocrx_word' id='word_1_190' title='bbox 199 1521 411 1587; x_wconf 82' lang='lat' dir='ltr'><strong>disum,</strong></span> <span class='ocrx_word' id='word_1_191' title='bbox 432 1527 493 1577; x_wconf 87' lang='lat' dir='ltr'><strong>et</strong></span> <span class='ocrx_word' id='word_1_192' title='bbox 505 1523 722 1577; x_wconf 84' lang='lat' dir='ltr'><strong>audivit</strong></span> <span class='ocrx_word' id='word_1_193' title='bbox 749 1540 955 1578; x_wconf 84' lang='lat' dir='ltr'><strong>arcana</strong></span> <span class='ocrx_word' id='word_1_194' title='bbox 977 1524 1164 1587; x_wconf 89' lang='lat' dir='ltr'><strong>verba,</strong></span> <span class='ocrx_word' id='word_1_195' title='bbox 1197 1542 1321 1595; x_wconf 66' lang='lat' dir='ltr'><strong>quae</strong></span> <span class='ocrx_word' id='word_1_196' title='bbox 1350 1540 1463 1579; x_wconf 90' lang='lat' dir='ltr'><strong>non</strong></span> <span class='ocrx_word' id='word_1_197' title='bbox 1486 1525 1619 1579; x_wconf 89' lang='lat' dir='ltr'><strong>licet</strong></span> <span class='ocrx_word' id='word_1_198' title='bbox 1646 1524 1883 1593; x_wconf 91' lang='lat' dir='ltr'><strong>homini,</strong></span> <span class='ocrx_word' id='word_1_199' title='bbox 1901 1531 1983 1580; x_wconf 88' lang='lat' dir='ltr'><strong>vel</strong></span> <span class='ocrx_word' id='word_1_200' title='bbox 2014 1529 2139 1592; x_wconf 88' lang='lat' dir='ltr'><strong>sibi,</strong></span> <span class='ocrx_word' id='word_1_201' title='bbox 2173 1531 2253 1582; x_wconf 86' lang='lat' dir='ltr'><strong>vel</strong></span> <span class='ocrx_word' id='word_1_202' title='bbox 2292 1529 2621 1594; x_wconf 79' lang='lat' dir='ltr'><strong>visionibus,</strong></span> <span class='ocrx_word' id='word_1_203' title='bbox 2649 1528 2733 1581; x_wconf 85' lang='lat' dir='ltr'><strong>vel</strong></span> <span class='ocrx_word' id='word_1_204' title='bbox 2769 1529 2946 1580; x_wconf 85' lang='lat' dir='ltr'><strong>alicui</strong></span> <span class='ocrx_word' id='word_1_205' title='bbox 2969 1524 3241 1587; x_wconf 83' lang='lat' dir='ltr'><strong>auditori,</strong></span> <span class='ocrx_word' id='word_1_206' title='bbox 3279 1517 3460 1589; x_wconf 88' lang='lat' dir='ltr'><strong>loqui.</strong></span> 
     </span>
    </p>
   </div>
   <div class='ocr_carea' id='block_1_16' title="bbox 199 1605 3466 1684">
    <p class='ocr_par' dir='ltr' id='par_1_16' title="bbox 199 1605 3466 1684">
     <span class='ocr_line' id='line_1_16' title="bbox 199 1605 3466 1684; baseline 0.002 -20"><span class='ocrx_word' id='word_1_207' title='bbox 199 1608 250 1664; x_wconf 81' lang='lat'><strong>3.</strong></span> <span class='ocrx_word' id='word_1_208' title='bbox 282 1610 395 1664; x_wconf 88' lang='lat' dir='ltr'><strong>Pro</strong></span> <span class='ocrx_word' id='word_1_209' title='bbox 420 1610 754 1681; x_wconf 89' lang='lat' dir='ltr'><strong>hujusmodi</strong></span> <span class='ocrx_word' id='word_1_210' title='bbox 780 1611 1094 1683; x_wconf 85' lang='lat' dir='ltr'><strong>gloriabor;</strong></span> <span class='ocrx_word' id='word_1_211' title='bbox 1124 1629 1225 1684; x_wconf 91' lang='lat' dir='ltr'><strong>pro</strong></span> <span class='ocrx_word' id='word_1_212' title='bbox 1256 1629 1347 1667; x_wconf 91' lang='lat' dir='ltr'><strong>me</strong></span> <span class='ocrx_word' id='word_1_213' title='bbox 1376 1618 1587 1679; x_wconf 91' lang='lat' dir='ltr'><strong>autem,</strong></span> <span class='ocrx_word' id='word_1_214' title='bbox 1610 1614 1672 1667; x_wconf 88' lang='lat' dir='ltr'><strong>id</strong></span> <span class='ocrx_word' id='word_1_215' title='bbox 1701 1618 1796 1679; x_wconf 88' lang='lat' dir='ltr'><strong>est,</strong></span> <span class='ocrx_word' id='word_1_216' title='bbox 1815 1631 1920 1684; x_wconf 88' lang='lat' dir='ltr'><strong>pro</strong></span> <span class='ocrx_word' id='word_1_217' title='bbox 1951 1632 2072 1669; x_wconf 89' lang='lat' dir='ltr'><strong>mea</strong></span> <span class='ocrx_word' id='word_1_218' title='bbox 2099 1618 2323 1683; x_wconf 87' lang='lat' dir='ltr'><strong>virtute,</strong></span> <span class='ocrx_word' id='word_1_219' title='bbox 2347 1632 2465 1684; x_wconf 72' lang='lat' dir='ltr'><strong>quae</strong></span> <span class='ocrx_word' id='word_1_220' title='bbox 2487 1617 2634 1669; x_wconf 83' lang='lat' dir='ltr'><strong>nihil</strong></span> <span class='ocrx_word' id='word_1_221' title='bbox 2662 1621 2760 1681; x_wconf 89' lang='lat' dir='ltr'><strong>est,</strong></span> <span class='ocrx_word' id='word_1_222' title='bbox 2781 1615 2978 1680; x_wconf 77' lang='lat' dir='ltr'><strong>nihil]</strong></span> <span class='ocrx_word' id='word_1_223' title='bbox 3006 1618 3117 1678; x_wconf 71' lang='lat'><strong>&#39;5</strong></span> <span class='ocrx_word' id='word_1_224' title='bbox 3139 1605 3466 1681; x_wconf 59' lang='lat' dir='ltr'><strong>gloriabori.</strong></span> 
     </span>
    </p>
   </div>
   <div class='ocr_carea' id='block_1_17' title="bbox 199 1693 3463 1772">
    <p class='ocr_par' dir='ltr' id='par_1_17' title="bbox 199 1693 3463 1772">
     <span class='ocr_line' id='line_1_17' title="bbox 199 1693 3463 1772; baseline -0.001 -19"><span class='ocrx_word' id='word_1_225' title='bbox 199 1698 246 1753; x_wconf 66' lang='grc'><strong>4.</strong></span> <span class='ocrx_word' id='word_1_226' title='bbox 276 1698 389 1752; x_wconf 89' lang='lat' dir='ltr'><strong>nisi</strong></span> <span class='ocrx_word' id='word_1_227' title='bbox 413 1698 475 1753; x_wconf 90' lang='lat' dir='ltr'><strong>in</strong></span> <span class='ocrx_word' id='word_1_228' title='bbox 499 1699 929 1755; x_wconf 78' lang='lat' dir='ltr'><strong>inﬁrmitatibus</strong></span> <span class='ocrx_word' id='word_1_229' title='bbox 954 1701 1114 1755; x_wconf 89' lang='lat' dir='ltr'><strong>meis.</strong></span> <span class='ocrx_word' id='word_1_230' title='bbox 1133 1703 1283 1755; x_wconf 86' lang='lat' dir='ltr'><strong>Potes</strong></span> <span class='ocrx_word' id='word_1_231' title='bbox 1308 1706 1369 1755; x_wconf 85' lang='lat' dir='ltr'><strong>tu</strong></span> <span class='ocrx_word' id='word_1_232' title='bbox 1396 1703 1640 1768; x_wconf 87' lang='lat' dir='ltr'><strong>gloriari</strong></span> <span class='ocrx_word' id='word_1_233' title='bbox 1659 1704 1723 1755; x_wconf 90' lang='lat' dir='ltr'><strong>in</strong></span> <span class='ocrx_word' id='word_1_234' title='bbox 1750 1704 2181 1771; x_wconf 85' lang='lat' dir='ltr'><strong>inﬁrmitatibus</strong></span> <span class='ocrx_word' id='word_1_235' title='bbox 2196 1709 2220 1756; x_wconf 69' lang='grc' dir='ltr'><em>Ρ</em></span> <span class='ocrx_word' id='word_1_236' title='bbox 2237 1705 2545 1772; x_wconf 83' lang='lat' dir='ltr'><strong>Responsio.</strong></span> <span class='ocrx_word' id='word_1_237' title='bbox 2566 1702 2616 1759; x_wconf 85' lang='lat'><strong>5.</strong></span> <span class='ocrx_word' id='word_1_238' title='bbox 2642 1704 2810 1771; x_wconf 87' lang='lat' dir='ltr'><strong>Nam,</strong></span> <span class='ocrx_word' id='word_1_239' title='bbox 2825 1708 2883 1757; x_wconf 90' lang='lat' dir='ltr'><strong>et</strong></span> <span class='ocrx_word' id='word_1_240' title='bbox 2899 1702 2947 1757; x_wconf 91' lang='lat' dir='ltr'><strong>si</strong></span> <span class='ocrx_word' id='word_1_241' title='bbox 2971 1700 3197 1756; x_wconf 90' lang='lat' dir='ltr'><strong>voluero</strong></span> <span class='ocrx_word' id='word_1_242' title='bbox 3211 1693 3463 1768; x_wconf 88' lang='lat' dir='ltr'><strong>gloriari,</strong></span> 
     </span>
    </p>
   </div>
   <div class='ocr_carea' id='block_1_18' title="bbox 195 1783 3471 1861">
    <p class='ocr_par' dir='ltr' id='par_1_18' title="bbox 195 1783 3471 1861">
     <span class='ocr_line' id='line_1_18' title="bbox 195 1783 3471 1861; baseline -0.002 -20"><span class='ocrx_word' id='word_1_243' title='bbox 195 1802 303 1841; x_wconf 89' lang='lat' dir='ltr'><strong>non</strong></span> <span class='ocrx_word' id='word_1_244' title='bbox 328 1802 432 1842; x_wconf 87' lang='lat' dir='ltr'><strong>ero</strong></span> <span class='ocrx_word' id='word_1_245' title='bbox 455 1803 691 1857; x_wconf 83' lang='lat' dir='ltr'><strong>prorsus</strong></span> <span class='ocrx_word' id='word_1_246' title='bbox 708 1788 1008 1861; x_wconf 86' lang='lat' dir='ltr'><strong>insipiens;</strong></span> <span class='ocrx_word' id='word_1_247' title='bbox 1031 1805 1141 1843; x_wconf 90' lang='lat' dir='ltr'><strong>ecce</strong></span> <span class='ocrx_word' id='word_1_248' title='bbox 1160 1805 1264 1843; x_wconf 88' lang='lat' dir='ltr'><strong>cur</strong></span> <span class='ocrx_word' id='word_1_249' title='bbox 1287 1805 1303 1841; x_wconf 91' lang='lat'><strong><em>:</em></strong></span> <span class='ocrx_word' id='word_1_250' title='bbox 1325 1788 1620 1844; x_wconf 73' lang='lat' dir='ltr'><strong>veritatem</strong></span> <span class='ocrx_word' id='word_1_251' title='bbox 1647 1789 1800 1844; x_wconf 89' lang='lat' dir='ltr'><strong>enim</strong></span> <span class='ocrx_word' id='word_1_252' title='bbox 1821 1790 2025 1855; x_wconf 89' lang='lat' dir='ltr'><strong>dicam,</strong></span> <span class='ocrx_word' id='word_1_253' title='bbox 2054 1806 2260 1859; x_wconf 85' lang='lat' dir='ltr'><strong>possem</strong></span> <span class='ocrx_word' id='word_1_254' title='bbox 2280 1793 2503 1860; x_wconf 85' lang='lat' dir='ltr'><strong>quidem</strong></span> <span class='ocrx_word' id='word_1_255' title='bbox 2521 1794 2765 1859; x_wconf 84' lang='lat' dir='ltr'><strong>gloriari</strong></span> <span class='ocrx_word' id='word_1_256' title='bbox 2777 1791 3080 1845; x_wconf 87' lang='lat' dir='ltr'><strong>secundum</strong></span> <span class='ocrx_word' id='word_1_257' title='bbox 3100 1789 3352 1849; x_wconf 77' lang='lat' dir='ltr'><strong>visiones,</strong></span> <span class='ocrx_word' id='word_1_258' title='bbox 3377 1783 3471 1836; x_wconf 86' lang='lat' dir='ltr'><strong>sed</strong></span> 
     </span>
    </p>
   </div>
   <div class='ocr_carea' id='block_1_19' title="bbox 86 1873 3468 1949">
    <p class='ocr_par' dir='ltr' id='par_1_19' title="bbox 86 1873 3468 1949">
     <span class='ocr_line' id='line_1_19' title="bbox 86 1873 3468 1949; baseline -0.001 -21"><span class='ocrx_word' id='word_1_259' title='bbox 86 1874 87 1877; x_wconf 59' lang='grc'><em>“</em></span> <span class='ocrx_word' id='word_1_260' title='bbox 194 1890 358 1946; x_wconf 82' lang='lat' dir='ltr'><strong>pareo</strong></span> <span class='ocrx_word' id='word_1_261' title='bbox 382 1881 605 1943; x_wconf 84' lang='lat' dir='ltr'><strong>autem,</strong></span> <span class='ocrx_word' id='word_1_262' title='bbox 628 1874 683 1932; x_wconf 85' lang='lat'><strong>6.</strong></span> <span class='ocrx_word' id='word_1_263' title='bbox 713 1893 785 1931; x_wconf 92' lang='lat' dir='ltr'><strong>ne</strong></span> <span class='ocrx_word' id='word_1_264' title='bbox 811 1876 937 1948; x_wconf 91' lang='lat' dir='ltr'><strong>quis</strong></span> <span class='ocrx_word' id='word_1_265' title='bbox 964 1893 1055 1931; x_wconf 91' lang='lat' dir='ltr'><strong>me</strong></span> <span class='ocrx_word' id='word_1_266' title='bbox 1092 1877 1375 1932; x_wconf 87' lang='lat' dir='ltr'><strong>existimet</strong></span> <span class='ocrx_word' id='word_1_267' title='bbox 1402 1878 1583 1931; x_wconf 87' lang='lat' dir='ltr'><strong>dicere</strong></span> <span class='ocrx_word' id='word_1_268' title='bbox 1600 1893 1773 1948; x_wconf 89' lang='lat' dir='ltr'><strong>supra</strong></span> <span class='ocrx_word' id='word_1_269' title='bbox 1799 1878 1857 1933; x_wconf 91' lang='lat' dir='ltr'><strong>id</strong></span> <span class='ocrx_word' id='word_1_270' title='bbox 1882 1878 2030 1949; x_wconf 90' lang='lat' dir='ltr'><strong>quod</strong></span> <span class='ocrx_word' id='word_1_271' title='bbox 2068 1878 2219 1933; x_wconf 89' lang='lat' dir='ltr'><strong>videt</strong></span> <span class='ocrx_word' id='word_1_272' title='bbox 2255 1878 2314 1934; x_wconf 90' lang='lat' dir='ltr'><strong>in</strong></span> <span class='ocrx_word' id='word_1_273' title='bbox 2338 1896 2444 1943; x_wconf 87' lang='lat' dir='ltr'><strong>me,</strong></span> <span class='ocrx_word' id='word_1_274' title='bbox 2479 1881 2540 1933; x_wconf 90' lang='lat' dir='ltr'><strong>id</strong></span> <span class='ocrx_word' id='word_1_275' title='bbox 2579 1886 2672 1945; x_wconf 88' lang='lat' dir='ltr'><strong>est,</strong></span> <span class='ocrx_word' id='word_1_276' title='bbox 2713 1885 2827 1934; x_wconf 87' lang='lat' dir='ltr'><strong>tam</strong></span> <span class='ocrx_word' id='word_1_277' title='bbox 2854 1882 3019 1934; x_wconf 86' lang='lat' dir='ltr'><strong>vilem</strong></span> <span class='ocrx_word' id='word_1_278' title='bbox 3043 1890 3353 1943; x_wconf 86' lang='lat' dir='ltr'><strong>personam,</strong></span> <span class='ocrx_word' id='word_1_279' title='bbox 3387 1873 3468 1925; x_wconf 88' lang='lat' dir='ltr'><strong>vel</strong></span> 
     </span>
    </p>
   </div>
   <div class='ocr_carea' id='block_1_20' title="bbox 199 1962 3468 2041">
    <p class='ocr_par' dir='ltr' id='par_1_20' title="bbox 199 1962 3468 2041">
     <span class='ocr_line' id='line_1_20' title="bbox 199 1962 3468 2041; baseline -0.001 -25"><span class='ocrx_word' id='word_1_280' title='bbox 199 1965 307 2016; x_wconf 77' lang='lat' dir='ltr'><strong>tam</strong></span> <span class='ocrx_word' id='word_1_281' title='bbox 337 1966 702 2033; x_wconf 73' lang='lat' dir='ltr'><strong>incomposite</strong></span> <span class='ocrx_word' id='word_1_282' title='bbox 730 1969 1061 2035; x_wconf 84' lang='lat' dir='ltr'><strong>loquentem,</strong></span> <span class='ocrx_word' id='word_1_283' title='bbox 1094 1969 1159 2019; x_wconf 92' lang='lat' dir='ltr'><strong>in</strong></span> <span class='ocrx_word' id='word_1_284' title='bbox 1189 1969 1381 2021; x_wconf 69' lang='lat' dir='ltr'><strong>caelum</strong></span> <span class='ocrx_word' id='word_1_285' title='bbox 1403 1981 1697 2034; x_wconf 85' lang='lat' dir='ltr'><strong>nunquam</strong></span> <span class='ocrx_word' id='word_1_286' title='bbox 1721 1982 1827 2020; x_wconf 89' lang='lat' dir='ltr'><strong>esse</strong></span> <span class='ocrx_word' id='word_1_287' title='bbox 1856 1972 2095 2035; x_wconf 86' lang='lat' dir='ltr'><strong>raptam,</strong></span> <span class='ocrx_word' id='word_1_288' title='bbox 2122 1972 2223 2022; x_wconf 91' lang='lat' dir='ltr'><strong>aut</strong></span> <span class='ocrx_word' id='word_1_289' title='bbox 2248 1967 2462 2041; x_wconf 88' lang='lat' dir='ltr'><strong>aliquid</strong></span> <span class='ocrx_word' id='word_1_290' title='bbox 2480 1967 2641 2022; x_wconf 90' lang='lat' dir='ltr'><strong>audit</strong></span> <span class='ocrx_word' id='word_1_291' title='bbox 2660 1984 2724 2022; x_wconf 85' lang='lat' dir='ltr'><strong>ex</strong></span> <span class='ocrx_word' id='word_1_292' title='bbox 2748 1984 2856 2023; x_wconf 91' lang='lat' dir='ltr'><strong>me.</strong></span> <span class='ocrx_word' id='word_1_293' title='bbox 2877 1968 2996 2021; x_wconf 63' lang='lat' dir='ltr'><strong>Haec</strong></span> <span class='ocrx_word' id='word_1_294' title='bbox 3015 1964 3159 2019; x_wconf 89' lang='lat' dir='ltr'><strong>mihi</strong></span> <span class='ocrx_word' id='word_1_295' title='bbox 3180 1978 3216 2016; x_wconf 91' lang='lat' dir='ltr'><strong>a</strong></span> <span class='ocrx_word' id='word_1_296' title='bbox 3232 1962 3468 2016; x_wconf 88' lang='lat' dir='ltr'><strong>Domino</strong></span> 
     </span>
    </p>
   </div>
   <div class='ocr_carea' id='block_1_21' title="bbox 193 2048 3470 2125">
    <p class='ocr_par' dir='ltr' id='par_1_21' title="bbox 193 2048 3470 2125">
     <span class='ocr_line' id='line_1_21' title="bbox 193 2048 3470 2125; baseline -0.001 -22"><span class='ocrx_word' id='word_1_297' title='bbox 193 2050 394 2104; x_wconf 84' lang='lat' dir='ltr'><strong>collata</strong></span> <span class='ocrx_word' id='word_1_298' title='bbox 431 2057 594 2109; x_wconf 85' lang='lat' dir='ltr'><strong>sunt.</strong></span> <span class='ocrx_word' id='word_1_299' title='bbox 633 2051 687 2106; x_wconf 88' lang='lat'><strong>7.</strong></span> <span class='ocrx_word' id='word_1_300' title='bbox 721 2053 792 2107; x_wconf 85' lang='lat' dir='ltr'><strong>Et</strong></span> <span class='ocrx_word' id='word_1_301' title='bbox 818 2070 890 2108; x_wconf 90' lang='lat' dir='ltr'><strong>ne</strong></span> <span class='ocrx_word' id='word_1_302' title='bbox 918 2054 1246 2125; x_wconf 81' lang='lat' dir='ltr'><strong>magnitudo</strong></span> <span class='ocrx_word' id='word_1_303' title='bbox 1274 2054 1702 2118; x_wconf 89' lang='lat' dir='ltr'><strong>revelationum,</strong></span> <span class='ocrx_word' id='word_1_304' title='bbox 1726 2070 1940 2122; x_wconf 62' lang='lat' dir='ltr'><strong>magna</strong></span> <span class='ocrx_word' id='word_1_305' title='bbox 1966 2059 2342 2122; x_wconf 85' lang='lat' dir='ltr'><strong>revelationes,</strong></span> <span class='ocrx_word' id='word_1_306' title='bbox 2361 2056 2608 2122; x_wconf 86' lang='lat' dir='ltr'><strong>extollat,</strong></span> <span class='ocrx_word' id='word_1_307' title='bbox 2642 2056 2932 2118; x_wconf 71' lang='lat' dir='ltr'><strong>extollant,</strong></span> <span class='ocrx_word' id='word_1_308' title='bbox 2957 2068 3068 2115; x_wconf 89' lang='lat' dir='ltr'><strong>me,</strong></span> <span class='ocrx_word' id='word_1_309' title='bbox 3083 2050 3366 2119; x_wconf 85' lang='lat' dir='ltr'><strong>superbire</strong></span> <span class='ocrx_word' id='word_1_310' title='bbox 3385 2048 3470 2115; x_wconf 79' lang='lat' dir='ltr'><strong>fa-</strong></span> 
     </span>
    </p>
   </div>
   <div class='ocr_carea' id='block_1_22' title="bbox 192 2138 3469 2212">
    <p class='ocr_par' dir='ltr' id='par_1_22' title="bbox 192 2138 3469 2212">
     <span class='ocr_line' id='line_1_22' title="bbox 192 2138 3469 2212; baseline -0.001 -20"><span class='ocrx_word' id='word_1_311' title='bbox 192 2142 363 2206; x_wconf 84' lang='lat' dir='ltr'><strong>ciant,</strong></span> <span class='ocrx_word' id='word_1_312' title='bbox 392 2139 567 2195; x_wconf 85' lang='lat' dir='ltr'><strong>datus</strong></span> <span class='ocrx_word' id='word_1_313' title='bbox 588 2146 677 2196; x_wconf 87' lang='lat' dir='ltr'><strong>est</strong></span> <span class='ocrx_word' id='word_1_314' title='bbox 693 2141 833 2196; x_wconf 90' lang='lat' dir='ltr'><strong>mihi</strong></span> <span class='ocrx_word' id='word_1_315' title='bbox 853 2159 889 2196; x_wconf 92' lang='lat' dir='ltr'><strong>a</strong></span> <span class='ocrx_word' id='word_1_316' title='bbox 907 2144 1140 2198; x_wconf 85' lang='lat' dir='ltr'><strong>Domino</strong></span> <span class='ocrx_word' id='word_1_317' title='bbox 1169 2142 1431 2198; x_wconf 91' lang='lat' dir='ltr'><strong>stimulus</strong></span> <span class='ocrx_word' id='word_1_318' title='bbox 1458 2143 1642 2198; x_wconf 89' lang='lat' dir='ltr'><strong>carnis</strong></span> <span class='ocrx_word' id='word_1_319' title='bbox 1660 2159 1818 2207; x_wconf 73' lang='lat' dir='ltr'><strong>meae,</strong></span> <span class='ocrx_word' id='word_1_320' title='bbox 1838 2147 1918 2197; x_wconf 88' lang='lat' dir='ltr'><strong>vel</strong></span> <span class='ocrx_word' id='word_1_321' title='bbox 1938 2147 2246 2209; x_wconf 89' lang='lat' dir='ltr'><strong>inﬁrmitas</strong></span> <span class='ocrx_word' id='word_1_322' title='bbox 2265 2146 2481 2212; x_wconf 86' lang='lat' dir='ltr'><strong>capitis,</strong></span> <span class='ocrx_word' id='word_1_323' title='bbox 2500 2148 2581 2198; x_wconf 86' lang='lat' dir='ltr'><strong>vel</strong></span> <span class='ocrx_word' id='word_1_324' title='bbox 2600 2147 2865 2198; x_wconf 87' lang='lat' dir='ltr'><strong>stimulus</strong></span> <span class='ocrx_word' id='word_1_325' title='bbox 2890 2141 3207 2206; x_wconf 85' lang='lat' dir='ltr'><strong>ventris,vel</strong></span> <span class='ocrx_word' id='word_1_326' title='bbox 3233 2138 3469 2191; x_wconf 85' lang='lat' dir='ltr'><strong>tribula-</strong></span> 
     </span>
    </p>
   </div>
   <div class='ocr_carea' id='block_1_23' title="bbox 192 2219 3467 2304">
    <p class='ocr_par' dir='ltr' id='par_1_23' title="bbox 192 2219 3467 2304">
     <span class='ocr_line' id='line_1_23' title="bbox 192 2219 3467 2304; baseline -0.001 -23"><span class='ocrx_word' id='word_1_327' title='bbox 192 2231 384 2292; x_wconf 83' lang='lat' dir='ltr'><strong>tiones,</strong></span> <span class='ocrx_word' id='word_1_328' title='bbox 416 2224 472 2284; x_wconf 89' lang='lat'><strong>8.</strong></span> <span class='ocrx_word' id='word_1_329' title='bbox 500 2229 739 2300; x_wconf 80' lang='lat' dir='ltr'><strong>angelus</strong></span> <span class='ocrx_word' id='word_1_330' title='bbox 769 2230 1012 2299; x_wconf 64' lang='lat' dir='ltr'><strong>Satanm,</strong></span> <span class='ocrx_word' id='word_1_331' title='bbox 1044 2232 1140 2303; x_wconf 89' lang='lat' dir='ltr'><strong>qui</strong></span> <span class='ocrx_word' id='word_1_332' title='bbox 1159 2249 1249 2286; x_wconf 92' lang='lat' dir='ltr'><strong>me</strong></span> <span class='ocrx_word' id='word_1_333' title='bbox 1266 2231 1593 2303; x_wconf 88' lang='lat' dir='ltr'><strong>colaphizet.</strong></span> <span class='ocrx_word' id='word_1_334' title='bbox 1614 2233 1852 2303; x_wconf 88' lang='lat' dir='ltr'><strong>Pr0pter</strong></span> <span class='ocrx_word' id='word_1_335' title='bbox 1877 2219 2025 2304; x_wconf 64' lang='lat' dir='ltr'><strong>quod</strong></span> <span class='ocrx_word' id='word_1_336' title='bbox 2056 2233 2440 2302; x_wconf 83' lang='lat' dir='ltr'><strong>(colaphizare)</strong></span> <span class='ocrx_word' id='word_1_337' title='bbox 2469 2236 2557 2287; x_wconf 92' lang='lat' dir='ltr'><strong>ter</strong></span> <span class='ocrx_word' id='word_1_338' title='bbox 2576 2232 2874 2287; x_wconf 89' lang='lat' dir='ltr'><strong>Dominum</strong></span> <span class='ocrx_word' id='word_1_339' title='bbox 2900 2228 3110 2301; x_wconf 89' lang='lat' dir='ltr'><strong>rogavi,</strong></span> <span class='ocrx_word' id='word_1_340' title='bbox 3125 2232 3189 2282; x_wconf 87' lang='lat' dir='ltr'><strong>ut</strong></span> <span class='ocrx_word' id='word_1_341' title='bbox 3201 2228 3467 2281; x_wconf 88' lang='lat' dir='ltr'><strong>stimulus</strong></span> 
     </span>
    </p>
   </div>
   <div class='ocr_carea' id='block_1_24' title="bbox 192 2313 3466 2392">
    <p class='ocr_par' dir='ltr' id='par_1_24' title="bbox 192 2313 3466 2392">
     <span class='ocr_line' id='line_1_24' title="bbox 192 2313 3466 2392; baseline -0.001 -23"><span class='ocrx_word' id='word_1_342' title='bbox 192 2314 287 2369; x_wconf 79' lang='lat' dir='ltr'><strong>ille</strong></span> <span class='ocrx_word' id='word_1_343' title='bbox 313 2315 635 2372; x_wconf 83' lang='lat' dir='ltr'><strong>discederet</strong></span> <span class='ocrx_word' id='word_1_344' title='bbox 664 2335 700 2372; x_wconf 88' lang='lat' dir='ltr'><strong>a</strong></span> <span class='ocrx_word' id='word_1_345' title='bbox 727 2334 848 2387; x_wconf 90' lang='lat' dir='ltr'><strong>me;</strong></span> <span class='ocrx_word' id='word_1_346' title='bbox 881 2324 939 2374; x_wconf 90' lang='lat' dir='ltr'><strong>et</strong></span> <span class='ocrx_word' id='word_1_347' title='bbox 960 2320 1103 2375; x_wconf 81' lang='lat' dir='ltr'><strong>dixit</strong></span> <span class='ocrx_word' id='word_1_348' title='bbox 1128 2320 1267 2375; x_wconf 91' lang='lat' dir='ltr'><strong>mihi</strong></span> <span class='ocrx_word' id='word_1_349' title='bbox 1296 2321 1567 2375; x_wconf 80' lang='lat' dir='ltr'><strong>Dominus</strong></span> <span class='ocrx_word' id='word_1_350' title='bbox 1594 2336 1611 2372; x_wconf 90' lang='lat'><strong><em>:</em></strong></span> <span class='ocrx_word' id='word_1_351' title='bbox 1647 2318 1709 2379; x_wconf 88' lang='lat'><strong>9.</strong></span> <span class='ocrx_word' id='word_1_352' title='bbox 1749 2320 1968 2376; x_wconf 84' lang='lat' dir='ltr'><strong>Sufﬁcit</strong></span> <span class='ocrx_word' id='word_1_353' title='bbox 2005 2321 2108 2376; x_wconf 91' lang='lat' dir='ltr'><strong>tibi</strong></span> <span class='ocrx_word' id='word_1_354' title='bbox 2135 2321 2323 2392; x_wconf 91' lang='lat' dir='ltr'><strong>gratia</strong></span> <span class='ocrx_word' id='word_1_355' title='bbox 2350 2337 2511 2376; x_wconf 90' lang='lat' dir='ltr'><strong>mea:</strong></span> <span class='ocrx_word' id='word_1_356' title='bbox 2551 2320 2635 2379; x_wconf 89' lang='grc'><strong>10.</strong></span> <span class='ocrx_word' id='word_1_357' title='bbox 2672 2337 2804 2376; x_wconf 88' lang='lat' dir='ltr'><strong>nam</strong></span> <span class='ocrx_word' id='word_1_358' title='bbox 2840 2319 3018 2374; x_wconf 88' lang='lat' dir='ltr'><strong>virtus</strong></span> <span class='ocrx_word' id='word_1_359' title='bbox 3044 2318 3105 2372; x_wconf 91' lang='lat' dir='ltr'><strong>in</strong></span> <span class='ocrx_word' id='word_1_360' title='bbox 3133 2313 3466 2370; x_wconf 88' lang='lat' dir='ltr'><strong>inﬁrmitate</strong></span> 
     </span>
    </p>
   </div>
   <div class='ocr_carea' id='block_1_25' title="bbox 189 2401 3467 2480">
    <p class='ocr_par' dir='ltr' id='par_1_25' title="bbox 189 2401 3467 2480">
     <span class='ocr_line' id='line_1_25' title="bbox 189 2401 3467 2480; baseline -0.001 -21"><span class='ocrx_word' id='word_1_361' title='bbox 189 2404 510 2475; x_wconf 79' lang='lat' dir='ltr'><strong>perﬁcitur.</strong></span> <span class='ocrx_word' id='word_1_362' title='bbox 543 2405 812 2462; x_wconf 89' lang='lat' dir='ltr'><strong>Libenter</strong></span> <span class='ocrx_word' id='word_1_363' title='bbox 836 2407 1031 2479; x_wconf 89' lang='lat' dir='ltr'><strong>igitur,</strong></span> <span class='ocrx_word' id='word_1_364' title='bbox 1049 2413 1114 2462; x_wconf 87' lang='lat' dir='ltr'><strong>ut</strong></span> <span class='ocrx_word' id='word_1_365' title='bbox 1140 2412 1320 2463; x_wconf 87' lang='lat' dir='ltr'><strong>virtus</strong></span> <span class='ocrx_word' id='word_1_366' title='bbox 1334 2411 1683 2478; x_wconf 87' lang='lat' dir='ltr'><strong>perﬁciatur,</strong></span> <span class='ocrx_word' id='word_1_367' title='bbox 1704 2409 1990 2480; x_wconf 89' lang='lat' dir='ltr'><strong>gloriabor</strong></span> <span class='ocrx_word' id='word_1_368' title='bbox 2003 2410 2063 2464; x_wconf 91' lang='lat' dir='ltr'><strong>in</strong></span> <span class='ocrx_word' id='word_1_369' title='bbox 2082 2408 2505 2465; x_wconf 87' lang='lat' dir='ltr'><strong>inﬁrmitatibus</strong></span> <span class='ocrx_word' id='word_1_370' title='bbox 2532 2408 2693 2475; x_wconf 91' lang='lat' dir='ltr'><strong>meis,</strong></span> <span class='ocrx_word' id='word_1_371' title='bbox 2720 2412 2787 2464; x_wconf 90' lang='lat' dir='ltr'><strong>ut</strong></span> <span class='ocrx_word' id='word_1_372' title='bbox 2802 2404 3153 2463; x_wconf 90' lang='lat' dir='ltr'><strong>inhabitetin</strong></span> <span class='ocrx_word' id='word_1_373' title='bbox 3176 2420 3266 2458; x_wconf 91' lang='lat' dir='ltr'><strong>me</strong></span> <span class='ocrx_word' id='word_1_374' title='bbox 3288 2401 3467 2456; x_wconf 90' lang='lat' dir='ltr'><strong>virtus</strong></span> 
     </span>
    </p>
   </div>
   <div class='ocr_carea' id='block_1_26' title="bbox 186 2492 3465 2570">
    <p class='ocr_par' dir='ltr' id='par_1_26' title="bbox 186 2492 3465 2570">
     <span class='ocr_line' id='line_1_26' title="bbox 186 2492 3465 2570; baseline -0.002 -19"><span class='ocrx_word' id='word_1_375' title='bbox 465 2494 706 2565; x_wconf 86' lang='lat' dir='ltr'><strong>Propter</strong></span> <span class='ocrx_word' id='word_1_376' title='bbox 731 2495 900 2566; x_wconf 92' lang='lat' dir='ltr'><strong>quod,</strong></span> <span class='ocrx_word' id='word_1_377' title='bbox 934 2502 997 2551; x_wconf 86' lang='lat' dir='ltr'><strong>ut</strong></span> <span class='ocrx_word' id='word_1_378' title='bbox 1011 2498 1341 2565; x_wconf 86' lang='lat' dir='ltr'><strong>perﬁciatur</strong></span> <span class='ocrx_word' id='word_1_379' title='bbox 1357 2498 1559 2565; x_wconf 87' lang='lat' dir='ltr'><strong>virtus,</strong></span> <span class='ocrx_word' id='word_1_380' title='bbox 1582 2498 1666 2551; x_wconf 79' lang='lat' dir='ltr'><strong>vel</strong></span> <span class='ocrx_word' id='word_1_381' title='bbox 1693 2498 1915 2565; x_wconf 88' lang='lat' dir='ltr'><strong>habitet,</strong></span> <span class='ocrx_word' id='word_1_382' title='bbox 1940 2499 2132 2570; x_wconf 89' lang='lat' dir='ltr'><strong>placeo</strong></span> <span class='ocrx_word' id='word_1_383' title='bbox 2152 2498 2294 2553; x_wconf 91' lang='lat' dir='ltr'><strong>mihi</strong></span> <span class='ocrx_word' id='word_1_384' title='bbox 2315 2498 2374 2553; x_wconf 91' lang='lat' dir='ltr'><strong>in</strong></span> <span class='ocrx_word' id='word_1_385' title='bbox 2396 2496 2820 2553; x_wconf 89' lang='lat' dir='ltr'><strong>inﬁrmitatibus</strong></span> <span class='ocrx_word' id='word_1_386' title='bbox 2839 2495 2998 2562; x_wconf 90' lang='lat' dir='ltr'><strong>meis,</strong></span> <span class='ocrx_word' id='word_1_387' title='bbox 3030 2496 3091 2549; x_wconf 88' lang='lat' dir='ltr'><strong>id</strong></span> <span class='ocrx_word' id='word_1_388' title='bbox 3119 2498 3217 2562; x_wconf 89' lang='lat' dir='ltr'><strong>est,</strong></span> <span class='ocrx_word' id='word_1_389' title='bbox 3244 2494 3465 2561; x_wconf 88' lang='lat' dir='ltr'><strong>placent</strong></span> 
     </span>
    </p>
   </div>
   <div class='ocr_carea' id='block_1_27' title="bbox 186 2580 3461 2658">
    <p class='ocr_par' dir='ltr' id='par_1_27' title="bbox 186 2580 3461 2658">
     <span class='ocr_line' id='line_1_27' title="bbox 186 2580 3461 2658; baseline -0.001 -22"><span class='ocrx_word' id='word_1_390' title='bbox 186 2583 330 2636; x_wconf 78' lang='lat' dir='ltr'><strong>mihi</strong></span> <span class='ocrx_word' id='word_1_391' title='bbox 345 2584 431 2637; x_wconf 63' lang='lat' dir='ltr'><strong>ha</strong></span> <span class='ocrx_word' id='word_1_392' title='bbox 446 2586 827 2652; x_wconf 87' lang='lat' dir='ltr'><strong>inﬁrmitates,</strong></span> <span class='ocrx_word' id='word_1_393' title='bbox 851 2584 910 2640; x_wconf 90' lang='lat' dir='ltr'><strong>in</strong></span> <span class='ocrx_word' id='word_1_394' title='bbox 934 2586 1307 2654; x_wconf 87' lang='lat' dir='ltr'><strong>contumeliis,</strong></span> <span class='ocrx_word' id='word_1_395' title='bbox 1330 2586 1390 2641; x_wconf 92' lang='lat' dir='ltr'><strong>in</strong></span> <span class='ocrx_word' id='word_1_396' title='bbox 1410 2585 1837 2641; x_wconf 90' lang='lat' dir='ltr'><strong>necessitatibus</strong></span> <span class='ocrx_word' id='word_1_397' title='bbox 1857 2588 1942 2640; x_wconf 89' lang='lat' dir='ltr'><strong>rei</strong></span> <span class='ocrx_word' id='word_1_398' title='bbox 1956 2587 2289 2655; x_wconf 83' lang='lat' dir='ltr'><strong>familiaris,</strong></span> <span class='ocrx_word' id='word_1_399' title='bbox 2303 2585 2364 2641; x_wconf 90' lang='lat' dir='ltr'><strong>in</strong></span> <span class='ocrx_word' id='word_1_400' title='bbox 2383 2585 2887 2658; x_wconf 88' lang='lat' dir='ltr'><strong>persecutionibus,</strong></span> <span class='ocrx_word' id='word_1_401' title='bbox 2908 2584 2969 2639; x_wconf 91' lang='lat' dir='ltr'><strong>in</strong></span> <span class='ocrx_word' id='word_1_402' title='bbox 2988 2580 3266 2653; x_wconf 81' lang='lat' dir='ltr'><strong>angustiis</strong></span> <span class='ocrx_word' id='word_1_403' title='bbox 3285 2594 3461 2635; x_wconf 85' lang='lat' dir='ltr'><strong>carce-</strong></span> 
     </span>
    </p>
   </div>
   <div class='ocr_carea' id='block_1_28' title="bbox 185 2672 3465 2745">
    <p class='ocr_par' dir='ltr' id='par_1_28' title="bbox 185 2672 3465 2745">
     <span class='ocr_line' id='line_1_28' title="bbox 185 2672 3465 2745; baseline -0.001 -20"><span class='ocrx_word' id='word_1_404' title='bbox 185 2687 339 2741; x_wconf 80' lang='lat' dir='ltr'><strong>rum,</strong></span> <span class='ocrx_word' id='word_1_405' title='bbox 362 2688 470 2743; x_wconf 88' lang='lat' dir='ltr'><strong>pro</strong></span> <span class='ocrx_word' id='word_1_406' title='bbox 498 2673 724 2730; x_wconf 82' lang='lat' dir='ltr'><strong>Christo</strong></span> <span class='ocrx_word' id='word_1_407' title='bbox 754 2675 931 2730; x_wconf 88' lang='lat' dir='ltr'><strong>illatis</strong></span> <span class='ocrx_word' id='word_1_408' title='bbox 953 2677 1132 2731; x_wconf 84' lang='lat' dir='ltr'><strong>mihi:</strong></span> <span class='ocrx_word' id='word_1_409' title='bbox 1150 2675 1237 2734; x_wconf 84' lang='grc'><strong>11.</strong></span> <span class='ocrx_word' id='word_1_410' title='bbox 1257 2693 1386 2733; x_wconf 92' lang='lat' dir='ltr'><strong>cum</strong></span> <span class='ocrx_word' id='word_1_411' title='bbox 1407 2676 1557 2732; x_wconf 89' lang='lat' dir='ltr'><strong>enim</strong></span> <span class='ocrx_word' id='word_1_412' title='bbox 1578 2677 1856 2738; x_wconf 88' lang='lat' dir='ltr'><strong>inﬁrmor,</strong></span> <span class='ocrx_word' id='word_1_413' title='bbox 1874 2680 2010 2740; x_wconf 87' lang='lat' dir='ltr'><strong>tunc</strong></span> <span class='ocrx_word' id='word_1_414' title='bbox 2035 2679 2234 2745; x_wconf 90' lang='lat' dir='ltr'><strong>potens</strong></span> <span class='ocrx_word' id='word_1_415' title='bbox 2248 2690 2393 2741; x_wconf 91' lang='lat' dir='ltr'><strong>sum,</strong></span> <span class='ocrx_word' id='word_1_416' title='bbox 2415 2677 2722 2743; x_wconf 89' lang='lat' dir='ltr'><strong>inﬁrmitas</strong></span> <span class='ocrx_word' id='word_1_417' title='bbox 2746 2678 2822 2729; x_wconf 86' lang='lat' dir='ltr'><strong>est</strong></span> <span class='ocrx_word' id='word_1_418' title='bbox 2839 2673 2982 2728; x_wconf 89' lang='lat' dir='ltr'><strong>mihi</strong></span> <span class='ocrx_word' id='word_1_419' title='bbox 2991 2672 3261 2742; x_wconf 85' lang='lat' dir='ltr'><strong>potentia,</strong></span> <span class='ocrx_word' id='word_1_420' title='bbox 3274 2673 3325 2723; x_wconf 89' lang='lat' dir='ltr'><strong>et</strong></span> <span class='ocrx_word' id='word_1_421' title='bbox 3336 2681 3465 2737; x_wconf 87' lang='lat' dir='ltr'><strong>per-</strong></span> 
     </span>
    </p>
   </div>
   <div class='ocr_carea' id='block_1_29' title="bbox 1521 2772 2113 2829">
    <p class='ocr_par' dir='ltr' id='par_1_29' title="bbox 1521 2772 2113 2829">
     <span class='ocr_line' id='line_1_29' title="bbox 1521 2772 2113 2829; baseline -0.005 0"><span class='ocrx_word' id='word_1_422' title='bbox 1521 2772 2113 2829; x_wconf 81' lang='lat' dir='ltr'><strong>COMMENTARIUS.</strong></span> 
     </span>
    </p>
   </div>
   <div class='ocr_carea' id='block_1_30' title="bbox 183 2859 3465 2944">
    <p class='ocr_par' dir='ltr' id='par_1_30' title="bbox 183 2859 3465 2944">
     <span class='ocr_line' id='line_1_30' title="bbox 183 2859 3465 2944; baseline -0.002 -24"><span class='ocrx_word' id='word_1_423' title='bbox 183 2866 461 2938; x_wconf 84' lang='lat' dir='ltr'><strong>scriptum</strong></span> <span class='ocrx_word' id='word_1_424' title='bbox 489 2866 661 2923; x_wconf 89' lang='lat' dir='ltr'><strong>estin</strong></span> <span class='ocrx_word' id='word_1_425' title='bbox 684 2867 795 2924; x_wconf 89' lang='lat' dir='ltr'><strong>alio</strong></span> <span class='ocrx_word' id='word_1_426' title='bbox 820 2869 975 2925; x_wconf 92' lang='lat' dir='ltr'><strong>loco:</strong></span> <span class='ocrx_word' id='word_1_427' title='bbox 1008 2871 1097 2926; x_wconf 88' lang='lat' dir='ltr'><strong>Ita</strong></span> <span class='ocrx_word' id='word_1_428' title='bbox 1123 2876 1187 2927; x_wconf 91' lang='lat' dir='ltr'><strong>ut</strong></span> <span class='ocrx_word' id='word_1_429' title='bbox 1204 2871 1632 2944; x_wconf 90' lang='lat' dir='ltr'><strong>desperaremus</strong></span> <span class='ocrx_word' id='word_1_430' title='bbox 1654 2872 1781 2944; x_wconf 88' lang='lat' dir='ltr'><strong>(al.,</strong></span> <span class='ocrx_word' id='word_1_431' title='bbox 1802 2871 1859 2933; x_wconf 77' lang='grc' dir='ltr'><strong>Α</strong></span> <span class='ocrx_word' id='word_1_432' title='bbox 1949 2868 2003 2922; x_wconf 85' lang='grc'><strong>6.</strong></span> <span class='ocrx_word' id='word_1_433' title='bbox 2028 2871 2272 2926; x_wconf 76' lang='lat' dir='ltr'><strong>Auanos.</strong></span> <span class='ocrx_word' id='word_1_434' title='bbox 2306 2871 2383 2925; x_wconf 86' lang='lat' dir='ltr'><strong>Ne</strong></span> <span class='ocrx_word' id='word_1_435' title='bbox 2410 2875 2534 2939; x_wconf 87' lang='lat' dir='ltr'><strong>quis</strong></span> <span class='ocrx_word' id='word_1_436' title='bbox 2565 2886 2649 2924; x_wconf 85' lang='lat' dir='ltr'><strong>me</strong></span> <span class='ocrx_word' id='word_1_437' title='bbox 2670 2871 2965 2924; x_wconf 67' lang='lat' dir='ltr'><strong>existimet.</strong></span> <span class='ocrx_word' id='word_1_438' title='bbox 2986 2867 3073 2921; x_wconf 91' lang='lat' dir='ltr'><strong>Ne</strong></span> <span class='ocrx_word' id='word_1_439' title='bbox 3095 2863 3220 2935; x_wconf 86' lang='lat' dir='ltr'><strong>quis</strong></span> <span class='ocrx_word' id='word_1_440' title='bbox 3242 2877 3333 2916; x_wconf 88' lang='lat' dir='ltr'><strong>me</strong></span> <span class='ocrx_word' id='word_1_441' title='bbox 3344 2859 3465 2916; x_wconf 80' lang='lat' dir='ltr'><strong>exi-</strong></span> 
     </span>
    </p>
   </div>
   <div class='ocr_carea' id='block_1_31' title="bbox 182 2952 3461 3029">
    <p class='ocr_par' dir='ltr' id='par_1_31' title="bbox 182 2952 3461 3029">
     <span class='ocr_line' id='line_1_31' title="bbox 182 2952 3461 3029; baseline -0.002 -20"><span class='ocrx_word' id='word_1_442' title='bbox 182 2955 443 3026; x_wconf 64' lang='lat' dir='ltr'><strong>tazderet]</strong></span> <span class='ocrx_word' id='word_1_443' title='bbox 472 2971 579 3010; x_wconf 89' lang='lat' dir='ltr'><strong>nos</strong></span> <span class='ocrx_word' id='word_1_444' title='bbox 606 2956 780 3011; x_wconf 88' lang='lat' dir='ltr'><strong>etiam</strong></span> <span class='ocrx_word' id='word_1_445' title='bbox 800 2957 982 3013; x_wconf 79' lang='lat' dir='ltr'><strong>vivere</strong></span> <span class='ocrx_word' id='word_1_446' title='bbox 1005 2961 1237 3027; x_wconf 69' lang='lat' dir='ltr'><strong>(11.0w.</strong></span> <span class='ocrx_word' id='word_1_447' title='bbox 1260 2960 1322 3023; x_wconf 70' lang='grc' dir='ltr'><strong>ι).</strong></span> <span class='ocrx_word' id='word_1_448' title='bbox 1646 2998 1649 3001; x_wconf 93' lang='grc'><strong>-</strong></span> <span class='ocrx_word' id='word_1_449' title='bbox 1868 2957 2079 3024; x_wconf 90' lang='lat' dir='ltr'><strong>stimet,</strong></span> <span class='ocrx_word' id='word_1_450' title='bbox 2110 2958 2313 3029; x_wconf 88' lang='lat' dir='ltr'><strong>inquit,</strong></span> <span class='ocrx_word' id='word_1_451' title='bbox 2349 2960 2501 3014; x_wconf 90' lang='lat' dir='ltr'><strong>ultra</strong></span> <span class='ocrx_word' id='word_1_452' title='bbox 2536 2958 2776 3029; x_wconf 90' lang='lat' dir='ltr'><strong>gloriam</strong></span> <span class='ocrx_word' id='word_1_453' title='bbox 2806 2971 2991 3010; x_wconf 87' lang='lat' dir='ltr'><strong>meam</strong></span> <span class='ocrx_word' id='word_1_454' title='bbox 3018 2952 3248 3007; x_wconf 87' lang='lat' dir='ltr'><strong>tendere</strong></span> <span class='ocrx_word' id='word_1_455' title='bbox 3289 2964 3461 3020; x_wconf 89' lang='lat' dir='ltr'><strong>quam</strong></span> 
     </span>
    </p>
   </div>
   <div class='ocr_carea' id='block_1_32' title="bbox 248 3043 2704 3119">
    <p class='ocr_par' dir='ltr' id='par_1_32' title="bbox 248 3043 2704 3119">
     <span class='ocr_line' id='line_1_32' title="bbox 248 3043 2704 3119; baseline 0.001 -21"><span class='ocrx_word' id='word_1_456' title='bbox 248 3043 343 3099; x_wconf 85' lang='lat'><strong>37.</strong></span> <span class='ocrx_word' id='word_1_457' title='bbox 376 3043 595 3099; x_wconf 68' lang='lat' dir='ltr'><strong>LARFB.</strong></span> <span class='ocrx_word' id='word_1_458' title='bbox 622 3047 756 3113; x_wconf 75' lang='lat' dir='ltr'><strong>Quis</strong></span> <span class='ocrx_word' id='word_1_459' title='bbox 779 3050 1130 3115; x_wconf 86' lang='lat' dir='ltr'><strong>inﬁrmatur.</strong></span> <span class='ocrx_word' id='word_1_460' title='bbox 1156 3049 1274 3104; x_wconf 91' lang='lat' dir='ltr'><strong>Hoc</strong></span> <span class='ocrx_word' id='word_1_461' title='bbox 1293 3053 1353 3104; x_wconf 91' lang='lat' dir='ltr'><strong>et</strong></span> <span class='ocrx_word' id='word_1_462' title='bbox 1378 3049 1619 3103; x_wconf 86' lang='lat' dir='ltr'><strong>alterum</strong></span> <span class='ocrx_word' id='word_1_463' title='bbox 1637 3046 1787 3119; x_wconf 91' lang='lat' dir='ltr'><strong>quod</strong></span> <span class='ocrx_word' id='word_1_464' title='bbox 1868 3046 2028 3101; x_wconf 90' lang='lat' dir='ltr'><strong>limes</strong></span> <span class='ocrx_word' id='word_1_465' title='bbox 2066 3047 2397 3102; x_wconf 89' lang='lat' dir='ltr'><strong>meritorum</strong></span> <span class='ocrx_word' id='word_1_466' title='bbox 2435 3046 2704 3102; x_wconf 88' lang='lat' dir='ltr'><strong>admittit.</strong></span> 
     </span>
    </p>
   </div>
   <div class='ocr_carea' id='block_1_33' title="bbox 181 3129 3463 3210">
    <p class='ocr_par' dir='ltr' id='par_1_33' title="bbox 181 3129 3463 3210">
     <span class='ocr_line' id='line_1_33' title="bbox 181 3129 3463 3210; baseline -0.003 -21"><span class='ocrx_word' id='word_1_467' title='bbox 181 3133 467 3205; x_wconf 75' lang='lat' dir='ltr'><strong>sequitur,</strong></span> <span class='ocrx_word' id='word_1_468' title='bbox 504 3134 724 3190; x_wconf 87' lang='lat' dir='ltr'><strong>interea</strong></span> <span class='ocrx_word' id='word_1_469' title='bbox 750 3138 1131 3209; x_wconf 88' lang='lat' dir='ltr'><strong>computanda</strong></span> <span class='ocrx_word' id='word_1_470' title='bbox 1156 3142 1309 3205; x_wconf 90' lang='lat' dir='ltr'><strong>sunt,</strong></span> <span class='ocrx_word' id='word_1_471' title='bbox 1341 3137 1475 3210; x_wconf 89' lang='lat' dir='ltr'><strong>quia</strong></span> <span class='ocrx_word' id='word_1_472' title='bbox 1509 3138 1601 3209; x_wconf 81' lang='lat' dir='ltr'><strong>[f.,</strong></span> <span class='ocrx_word' id='word_1_473' title='bbox 1633 3134 1783 3209; x_wconf 69' lang='lat' dir='ltr'><strong>quae]</strong></span> <span class='ocrx_word' id='word_1_474' title='bbox 1942 3135 1993 3189; x_wconf 91' lang='lat'><strong>7.</strong></span> <span class='ocrx_word' id='word_1_475' title='bbox 2029 3135 2093 3189; x_wconf 88' lang='lat' dir='ltr'><strong>Et</strong></span> <span class='ocrx_word' id='word_1_476' title='bbox 2125 3151 2190 3189; x_wconf 85' lang='lat' dir='ltr'><strong>ne</strong></span> <span class='ocrx_word' id='word_1_477' title='bbox 2236 3138 2581 3204; x_wconf 88' lang='lat' dir='ltr'><strong>magnitudo.</strong></span> <span class='ocrx_word' id='word_1_478' title='bbox 2633 3133 2755 3188; x_wconf 89' lang='lat' dir='ltr'><strong>Hoc</strong></span> <span class='ocrx_word' id='word_1_479' title='bbox 2794 3130 3108 3187; x_wconf 90' lang='lat' dir='ltr'><strong>remedium</strong></span> <span class='ocrx_word' id='word_1_480' title='bbox 3135 3129 3333 3183; x_wconf 88' lang='lat' dir='ltr'><strong>datum</strong></span> <span class='ocrx_word' id='word_1_481' title='bbox 3377 3130 3463 3181; x_wconf 87' lang='lat' dir='ltr'><strong>est</strong></span> 
     </span>
    </p>
   </div>
   <div class='ocr_carea' id='block_1_34' title="bbox 182 3222 873 3295">
    <p class='ocr_par' dir='ltr' id='par_1_34' title="bbox 182 3222 873 3295">
     <span class='ocr_line' id='line_1_34' title="bbox 182 3222 873 3295; baseline 0.004 -19"><span class='ocrx_word' id='word_1_482' title='bbox 182 3222 538 3277; x_wconf 70' lang='lat' dir='ltr'><strong>extrinsecus</strong></span> <span class='ocrx_word' id='word_1_483' title='bbox 566 3229 873 3295; x_wconf 88' lang='lat' dir='ltr'><strong>ponuntur.</strong></span> 
     </span>
    </p>
   </div>
   <div class='ocr_carea' id='block_1_35' title="bbox 250 3309 1784 3370">
    <p class='ocr_par' dir='ltr' id='par_1_35' title="bbox 250 3309 1784 3370">
     <span class='ocr_line' id='line_1_35' title="bbox 250 3309 1784 3370; baseline 0.001 -5"><span class='ocrx_word' id='word_1_484' title='bbox 250 3309 422 3366; x_wconf 81' lang='lat' dir='ltr'><strong>CAP.</strong></span> <span class='ocrx_word' id='word_1_485' title='bbox 444 3311 569 3366; x_wconf 80' lang='lat' dir='ltr'><strong>XII.</strong></span> <span class='ocrx_word' id='word_1_486' title='bbox 599 3342 666 3353; x_wconf 89' lang='lat'><strong>-—</strong></span> <span class='ocrx_word' id='word_1_487' title='bbox 690 3311 736 3368; x_wconf 84' lang='grc'><strong>1.</strong></span> <span class='ocrx_word' id='word_1_488' title='bbox 757 3313 963 3368; x_wconf 62' lang='lat' dir='ltr'><strong>Lam.</strong></span> <span class='ocrx_word' id='word_1_489' title='bbox 985 3315 1069 3369; x_wconf 79' lang='lat' dir='ltr'><strong>Ad</strong></span> <span class='ocrx_word' id='word_1_490' title='bbox 1091 3316 1323 3370; x_wconf 90' lang='lat' dir='ltr'><strong>visiones</strong></span> <span class='ocrx_word' id='word_1_491' title='bbox 1340 3319 1389 3369; x_wconf 87' lang='lat' dir='ltr'><strong>et</strong></span> <span class='ocrx_word' id='word_1_492' title='bbox 1412 3315 1784 3369; x_wconf 88' lang='lat' dir='ltr'><strong>revelationes.</strong></span> 
     </span>
    </p>
   </div>
   <div class='ocr_carea' id='block_1_36' title="bbox 184 3396 1788 3474">
    <p class='ocr_par' dir='ltr' id='par_1_36' title="bbox 184 3396 1788 3474">
     <span class='ocr_line' id='line_1_36' title="bbox 184 3396 1788 3474; baseline 0.002 -21"><span class='ocrx_word' id='word_1_493' title='bbox 184 3396 241 3452; x_wconf 86' lang='lat' dir='ltr'><strong>Si</strong></span> <span class='ocrx_word' id='word_1_494' title='bbox 262 3398 393 3455; x_wconf 62' lang='lat' dir='ltr'><strong>hac</strong></span> <span class='ocrx_word' id='word_1_495' title='bbox 424 3415 540 3455; x_wconf 89' lang='lat' dir='ltr'><strong>non</strong></span> <span class='ocrx_word' id='word_1_496' title='bbox 567 3399 857 3457; x_wconf 70' lang='lat' dir='ltr'><strong>sufﬁciunt</strong></span> <span class='ocrx_word' id='word_1_497' title='bbox 883 3401 954 3457; x_wconf 88' lang='lat' dir='ltr'><strong>ad</strong></span> <span class='ocrx_word' id='word_1_498' title='bbox 980 3402 1378 3474; x_wconf 88' lang='lat' dir='ltr'><strong>gloriationem</strong></span> <span class='ocrx_word' id='word_1_499' title='bbox 1406 3404 1625 3473; x_wconf 86' lang='lat' dir='ltr'><strong>majora</strong></span> <span class='ocrx_word' id='word_1_500' title='bbox 1651 3402 1788 3457; x_wconf 89' lang='lat' dir='ltr'><strong>sub-</strong></span> 
     </span>
    </p>
   </div>
   <div class='ocr_carea' id='block_1_37' title="bbox 173 3487 1783 3564">
    <p class='ocr_par' dir='ltr' id='par_1_37' title="bbox 173 3487 1783 3564">
     <span class='ocr_line' id='line_1_37' title="bbox 173 3487 1783 3564; baseline 0.003 -22"><span class='ocrx_word' id='word_1_501' title='bbox 173 3487 444 3560; x_wconf 76' lang='lat' dir='ltr'><strong>jungam,</strong></span> <span class='ocrx_word' id='word_1_502' title='bbox 476 3489 628 3561; x_wconf 92' lang='lat' dir='ltr'><strong>quod</strong></span> <span class='ocrx_word' id='word_1_503' title='bbox 666 3506 779 3545; x_wconf 90' lang='lat' dir='ltr'><strong>non</strong></span> <span class='ocrx_word' id='word_1_504' title='bbox 818 3495 923 3557; x_wconf 86' lang='lat' dir='ltr'><strong>est,</strong></span> <span class='ocrx_word' id='word_1_505' title='bbox 950 3491 1009 3546; x_wconf 93' lang='lat' dir='ltr'><strong>id</strong></span> <span class='ocrx_word' id='word_1_506' title='bbox 1040 3496 1144 3558; x_wconf 89' lang='lat' dir='ltr'><strong>est,</strong></span> <span class='ocrx_word' id='word_1_507' title='bbox 1182 3493 1333 3564; x_wconf 91' lang='lat' dir='ltr'><strong>quod</strong></span> <span class='ocrx_word' id='word_1_508' title='bbox 1380 3493 1619 3548; x_wconf 88' lang='lat' dir='ltr'><strong>stultum</strong></span> <span class='ocrx_word' id='word_1_509' title='bbox 1662 3496 1783 3559; x_wconf 87' lang='lat' dir='ltr'><strong>est;</strong></span> 
     </span>
    </p>
   </div>
   <div class='ocr_carea' id='block_1_38' title="bbox 179 3576 1787 3653">
    <p class='ocr_par' dir='ltr' id='par_1_38' title="bbox 179 3576 1787 3653">
     <span class='ocr_line' id='line_1_38' title="bbox 179 3576 1787 3653; baseline 0.003 -22"><span class='ocrx_word' id='word_1_510' title='bbox 179 3576 431 3649; x_wconf 82' lang='lat' dir='ltr'><strong>ideoque</strong></span> <span class='ocrx_word' id='word_1_511' title='bbox 475 3582 628 3633; x_wconf 85' lang='lat' dir='ltr'><strong>tacet</strong></span> <span class='ocrx_word' id='word_1_512' title='bbox 671 3578 759 3633; x_wconf 85' lang='lat' dir='ltr'><strong>sui</strong></span> <span class='ocrx_word' id='word_1_513' title='bbox 799 3596 1027 3645; x_wconf 91' lang='lat' dir='ltr'><strong>nomen,</strong></span> <span class='ocrx_word' id='word_1_514' title='bbox 1059 3581 1308 3653; x_wconf 89' lang='lat' dir='ltr'><strong>dicitque</strong></span> <span class='ocrx_word' id='word_1_515' title='bbox 1350 3580 1682 3652; x_wconf 88' lang='lat' dir='ltr'><strong>simpliciter</strong></span> <span class='ocrx_word' id='word_1_516' title='bbox 1726 3598 1787 3637; x_wconf 90' lang='lat' dir='ltr'><strong>se</strong></span> 
     </span>
    </p>
   </div>
   <div class='ocr_carea' id='block_1_39' title="bbox 176 3664 1788 3737">
    <p class='ocr_par' dir='ltr' id='par_1_39' title="bbox 176 3664 1788 3737">
     <span class='ocr_line' id='line_1_39' title="bbox 176 3664 1788 3737; baseline 0.002 -18"><span class='ocrx_word' id='word_1_517' title='bbox 176 3664 324 3720; x_wconf 83' lang='lat' dir='ltr'><strong>scire</strong></span> <span class='ocrx_word' id='word_1_518' title='bbox 352 3665 650 3722; x_wconf 83' lang='lat' dir='ltr'><strong>hominem</strong></span> <span class='ocrx_word' id='word_1_519' title='bbox 678 3668 769 3723; x_wconf 92' lang='lat' dir='ltr'><strong>cui</strong></span> <span class='ocrx_word' id='word_1_520' title='bbox 797 3667 915 3724; x_wconf 61' lang='lat' dir='ltr'><strong>hac</strong></span> <span class='ocrx_word' id='word_1_521' title='bbox 958 3668 1107 3724; x_wconf 83' lang='lat' dir='ltr'><strong>facta</strong></span> <span class='ocrx_word' id='word_1_522' title='bbox 1134 3677 1287 3737; x_wconf 89' lang='lat' dir='ltr'><strong>sunt,</strong></span> <span class='ocrx_word' id='word_1_523' title='bbox 1320 3674 1379 3725; x_wconf 90' lang='lat' dir='ltr'><strong>et</strong></span> <span class='ocrx_word' id='word_1_524' title='bbox 1414 3670 1495 3724; x_wconf 91' lang='lat' dir='ltr'><strong>sic</strong></span> <span class='ocrx_word' id='word_1_525' title='bbox 1539 3673 1788 3724; x_wconf 88' lang='lat' dir='ltr'><strong>removet</strong></span> 
     </span>
    </p>
   </div>
   <div class='ocr_carea' id='block_1_40' title="bbox 173 3754 1786 3831">
    <p class='ocr_par' dir='ltr' id='par_1_40' title="bbox 173 3754 1786 3831">
     <span class='ocr_line' id='line_1_40' title="bbox 173 3754 1786 3831; baseline 0.002 -23"><span class='ocrx_word' id='word_1_526' title='bbox 173 3759 387 3824; x_wconf 75' lang='lat' dir='ltr'><strong>sponte</strong></span> <span class='ocrx_word' id='word_1_527' title='bbox 418 3754 651 3825; x_wconf 88' lang='lat' dir='ltr'><strong>gloriari</strong></span> <span class='ocrx_word' id='word_1_528' title='bbox 684 3775 697 3823; x_wconf 91' lang='lat'><strong>;</strong></span> <span class='ocrx_word' id='word_1_529' title='bbox 742 3761 799 3811; x_wconf 92' lang='lat' dir='ltr'><strong>et</strong></span> <span class='ocrx_word' id='word_1_530' title='bbox 826 3756 873 3811; x_wconf 88' lang='lat' dir='ltr'><strong>si</strong></span> <span class='ocrx_word' id='word_1_531' title='bbox 899 3758 1178 3829; x_wconf 88' lang='lat' dir='ltr'><strong>gloriatur</strong></span> <span class='ocrx_word' id='word_1_532' title='bbox 1204 3775 1306 3831; x_wconf 90' lang='lat' dir='ltr'><strong>pro</strong></span> <span class='ocrx_word' id='word_1_533' title='bbox 1340 3757 1689 3831; x_wconf 88' lang='lat' dir='ltr'><strong>hujusmodi,</strong></span> <span class='ocrx_word' id='word_1_534' title='bbox 1729 3757 1786 3812; x_wconf 91' lang='lat' dir='ltr'><strong>id</strong></span> 
     </span>
    </p>
   </div>
   <div class='ocr_carea' id='block_1_41' title="bbox 170 3842 1786 3917">
    <p class='ocr_par' dir='ltr' id='par_1_41' title="bbox 170 3842 1786 3917">
     <span class='ocr_line' id='line_1_41' title="bbox 170 3842 1786 3917; baseline 0.004 -22"><span class='ocrx_word' id='word_1_535' title='bbox 170 3846 278 3907; x_wconf 60' lang='lat' dir='ltr'><strong>at,</strong></span> <span class='ocrx_word' id='word_1_536' title='bbox 302 3842 628 3897; x_wconf 85' lang='lat' dir='ltr'><strong>secundum</strong></span> <span class='ocrx_word' id='word_1_537' title='bbox 660 3845 808 3915; x_wconf 90' lang='lat' dir='ltr'><strong>quod</strong></span> <span class='ocrx_word' id='word_1_538' title='bbox 834 3845 1004 3900; x_wconf 87' lang='lat' dir='ltr'><strong>homo</strong></span> <span class='ocrx_word' id='word_1_539' title='bbox 1023 3846 1145 3917; x_wconf 87' lang='lat' dir='ltr'><strong>ipse</strong></span> <span class='ocrx_word' id='word_1_540' title='bbox 1171 3846 1341 3902; x_wconf 87' lang='lat' dir='ltr'><strong>habet</strong></span> <span class='ocrx_word' id='word_1_541' title='bbox 1368 3847 1471 3901; x_wconf 88' lang='lat' dir='ltr'><strong>has</strong></span> <span class='ocrx_word' id='word_1_542' title='bbox 1487 3846 1727 3901; x_wconf 88' lang='lat' dir='ltr'><strong>visiones</strong></span> <span class='ocrx_word' id='word_1_543' title='bbox 1751 3863 1786 3900; x_wconf 89' lang='lat' dir='ltr'><strong>a</strong></span> 
     </span>
    </p>
   </div>
   <div class='ocr_carea' id='block_1_42' title="bbox 170 3929 1784 4007">
    <p class='ocr_par' dir='ltr' id='par_1_42' title="bbox 170 3929 1784 4007">
     <span class='ocr_line' id='line_1_42' title="bbox 170 3929 1784 4007; baseline 0.003 -23"><span class='ocrx_word' id='word_1_544' title='bbox 170 3929 313 3997; x_wconf 88' lang='lat' dir='ltr'><strong>Deo,</strong></span> <span class='ocrx_word' id='word_1_545' title='bbox 349 3935 422 3984; x_wconf 81' lang='lat' dir='ltr'><strong>et</strong></span> <span class='ocrx_word' id='word_1_546' title='bbox 448 3947 564 3987; x_wconf 89' lang='lat' dir='ltr'><strong>non</strong></span> <span class='ocrx_word' id='word_1_547' title='bbox 591 3948 625 3987; x_wconf 90' lang='lat' dir='ltr'><strong>a</strong></span> <span class='ocrx_word' id='word_1_548' title='bbox 663 3949 743 4000; x_wconf 88' lang='lat' dir='ltr'><strong>se,</strong></span> <span class='ocrx_word' id='word_1_549' title='bbox 773 3950 875 4004; x_wconf 89' lang='lat' dir='ltr'><strong>pro</strong></span> <span class='ocrx_word' id='word_1_550' title='bbox 904 3950 964 3989; x_wconf 89' lang='lat' dir='ltr'><strong>se</strong></span> <span class='ocrx_word' id='word_1_551' title='bbox 991 3940 1180 3990; x_wconf 81' lang='lat' dir='ltr'><strong>autem</strong></span> <span class='ocrx_word' id='word_1_552' title='bbox 1207 3935 1342 3991; x_wconf 92' lang='lat' dir='ltr'><strong>licet</strong></span> <span class='ocrx_word' id='word_1_553' title='bbox 1368 3935 1660 4007; x_wconf 89' lang='lat' dir='ltr'><strong>glorietur,</strong></span> <span class='ocrx_word' id='word_1_554' title='bbox 1694 3952 1784 3989; x_wconf 86' lang='lat' dir='ltr'><strong>se-</strong></span> 
     </span>
    </p>
   </div>
   <div class='ocr_carea' id='block_1_43' title="bbox 168 4017 1266 4095">
    <p class='ocr_par' dir='ltr' id='par_1_43' title="bbox 168 4017 1266 4095">
     <span class='ocr_line' id='line_1_43' title="bbox 168 4017 1266 4095; baseline 0.006 -23"><span class='ocrx_word' id='word_1_555' title='bbox 168 4017 437 4073; x_wconf 84' lang='lat' dir='ltr'><strong>cundum</strong></span> <span class='ocrx_word' id='word_1_556' title='bbox 466 4036 537 4073; x_wconf 85' lang='lat' dir='ltr'><strong>ea</strong></span> <span class='ocrx_word' id='word_1_557' title='bbox 566 4037 689 4092; x_wconf 64' lang='lat' dir='ltr'><strong>qua</strong></span> <span class='ocrx_word' id='word_1_558' title='bbox 713 4021 944 4093; x_wconf 85' lang='lat' dir='ltr'><strong>patitur,</strong></span> <span class='ocrx_word' id='word_1_559' title='bbox 970 4022 1266 4095; x_wconf 89' lang='lat' dir='ltr'><strong>gloriatur.</strong></span> 
     </span>
    </p>
   </div>
   <div class='ocr_carea' id='block_1_44' title="bbox 239 4108 1783 4187">
    <p class='ocr_par' dir='ltr' id='par_1_44' title="bbox 239 4108 1783 4187">
     <span class='ocr_line' id='line_1_44' title="bbox 239 4108 1783 4187; baseline 0.005 -25"><span class='ocrx_word' id='word_1_560' title='bbox 239 4108 301 4162; x_wconf 77' lang='lat'><strong>2.</strong></span> <span class='ocrx_word' id='word_1_561' title='bbox 338 4111 596 4165; x_wconf 66' lang='lat' dir='ltr'><strong>Alanos.</strong></span> <span class='ocrx_word' id='word_1_562' title='bbox 642 4113 878 4181; x_wconf 81' lang='lat' dir='ltr'><strong>Raptum</strong></span> <span class='ocrx_word' id='word_1_563' title='bbox 917 4114 1259 4183; x_wconf 85' lang='lat' dir='ltr'><strong>hujusmodi.</strong></span> <span class='ocrx_word' id='word_1_564' title='bbox 1293 4114 1586 4187; x_wconf 90' lang='lat' dir='ltr'><strong>Signiﬁcat</strong></span> <span class='ocrx_word' id='word_1_565' title='bbox 1612 4131 1783 4186; x_wconf 88' lang='lat' dir='ltr'><strong>supra</strong></span> 
     </span>
    </p>
   </div>
   <div class='ocr_carea' id='block_1_45' title="bbox 167 4194 1784 4275">
    <p class='ocr_par' dir='ltr' id='par_1_45' title="bbox 167 4194 1784 4275">
     <span class='ocr_line' id='line_1_45' title="bbox 167 4194 1784 4275; baseline 0.006 -25"><span class='ocrx_word' id='word_1_566' title='bbox 167 4194 628 4266; x_wconf 77' lang='lat' dir='ltr'><strong>ﬁrmamentum,</strong></span> <span class='ocrx_word' id='word_1_567' title='bbox 655 4199 714 4254; x_wconf 90' lang='lat' dir='ltr'><strong>in</strong></span> <span class='ocrx_word' id='word_1_568' title='bbox 747 4199 978 4256; x_wconf 85' lang='lat' dir='ltr'><strong>tertium</strong></span> <span class='ocrx_word' id='word_1_569' title='bbox 1014 4218 1250 4257; x_wconf 90' lang='lat' dir='ltr'><strong>numero</strong></span> <span class='ocrx_word' id='word_1_570' title='bbox 1278 4203 1480 4258; x_wconf 58' lang='lat' dir='ltr'><strong>caelum</strong></span> <span class='ocrx_word' id='word_1_571' title='bbox 1508 4204 1578 4258; x_wconf 90' lang='lat' dir='ltr'><strong>de</strong></span> <span class='ocrx_word' id='word_1_572' title='bbox 1623 4203 1784 4275; x_wconf 85' lang='lat' dir='ltr'><strong>spiri-</strong></span> 
     </span>
    </p>
   </div>
   <div class='ocr_carea' id='block_1_46' title="bbox 166 4286 1280 4363">
    <p class='ocr_par' dir='ltr' id='par_1_46' title="bbox 166 4286 1280 4363">
     <span class='ocr_line' id='line_1_46' title="bbox 166 4286 1280 4363; baseline 0.005 -24"><span class='ocrx_word' id='word_1_573' title='bbox 166 4286 436 4341; x_wconf 80' lang='lat' dir='ltr'><strong>tualibus</strong></span> <span class='ocrx_word' id='word_1_574' title='bbox 463 4287 617 4342; x_wconf 74' lang='lat' dir='ltr'><strong>omlis</strong></span> <span class='ocrx_word' id='word_1_575' title='bbox 646 4294 868 4361; x_wconf 88' lang='lat' dir='ltr'><strong>raptum</strong></span> <span class='ocrx_word' id='word_1_576' title='bbox 896 4290 1280 4363; x_wconf 85' lang='lat' dir='ltr'><strong>semetipsum.</strong></span> 
     </span>
    </p>
   </div>
   <div class='ocr_carea' id='block_1_47' title="bbox 239 4372 1778 4450">
    <p class='ocr_par' dir='ltr' id='par_1_47' title="bbox 239 4372 1778 4450">
     <span class='ocr_line' id='line_1_47' title="bbox 239 4372 1778 4450; baseline 0.003 -20"><span class='ocrx_word' id='word_1_577' title='bbox 239 4372 299 4430; x_wconf 88' lang='lat'><strong>3.</strong></span> <span class='ocrx_word' id='word_1_578' title='bbox 332 4376 453 4429; x_wconf 81' lang='lat' dir='ltr'><strong>Pro</strong></span> <span class='ocrx_word' id='word_1_579' title='bbox 479 4375 820 4445; x_wconf 80' lang='lat' dir='ltr'><strong>huiusmodi.</strong></span> <span class='ocrx_word' id='word_1_580' title='bbox 846 4378 957 4433; x_wconf 88' lang='lat' dir='ltr'><strong>Pro</strong></span> <span class='ocrx_word' id='word_1_581' title='bbox 980 4379 1302 4450; x_wconf 89' lang='lat' dir='ltr'><strong>hujusmodi</strong></span> <span class='ocrx_word' id='word_1_582' title='bbox 1330 4379 1576 4447; x_wconf 90' lang='lat' dir='ltr'><strong>homine,</strong></span> <span class='ocrx_word' id='word_1_583' title='bbox 1594 4380 1653 4434; x_wconf 91' lang='lat' dir='ltr'><strong>id</strong></span> <span class='ocrx_word' id='word_1_584' title='bbox 1674 4384 1778 4448; x_wconf 89' lang='lat' dir='ltr'><strong>est,</strong></span> 
     </span>
    </p>
   </div>
   <div class='ocr_carea' id='block_1_48' title="bbox 162 4463 1782 4542">
    <p class='ocr_par' dir='ltr' id='par_1_48' title="bbox 162 4463 1782 4542">
     <span class='ocr_line' id='line_1_48' title="bbox 162 4463 1782 4542; baseline 0.006 -26"><span class='ocrx_word' id='word_1_585' title='bbox 162 4466 289 4516; x_wconf 70' lang='lat' dir='ltr'><strong>tam</strong></span> <span class='ocrx_word' id='word_1_586' title='bbox 324 4463 548 4534; x_wconf 86' lang='lat' dir='ltr'><strong>dignus</strong></span> <span class='ocrx_word' id='word_1_587' title='bbox 575 4470 664 4519; x_wconf 90' lang='lat' dir='ltr'><strong>est</strong></span> <span class='ocrx_word' id='word_1_588' title='bbox 693 4465 806 4520; x_wconf 90' lang='lat' dir='ltr'><strong>Deo</strong></span> <span class='ocrx_word' id='word_1_589' title='bbox 832 4472 898 4521; x_wconf 90' lang='lat' dir='ltr'><strong>ut</strong></span> <span class='ocrx_word' id='word_1_590' title='bbox 932 4468 1037 4522; x_wconf 92' lang='lat' dir='ltr'><strong>hoc</strong></span> <span class='ocrx_word' id='word_1_591' title='bbox 1063 4469 1432 4540; x_wconf 86' lang='lat' dir='ltr'><strong>experiretur,</strong></span> <span class='ocrx_word' id='word_1_592' title='bbox 1461 4469 1694 4542; x_wconf 84' lang='lat' dir='ltr'><strong>gloriari</strong></span> <span class='ocrx_word' id='word_1_593' title='bbox 1722 4486 1782 4525; x_wconf 91' lang='lat' dir='ltr'><strong>se</strong></span> 
     </span>
    </p>
   </div>
   <div class='ocr_carea' id='block_1_49' title="bbox 162 4550 1778 4630">
    <p class='ocr_par' dir='ltr' id='par_1_49' title="bbox 162 4550 1778 4630">
     <span class='ocr_line' id='line_1_49' title="bbox 162 4550 1778 4630; baseline 0.005 -24"><span class='ocrx_word' id='word_1_594' title='bbox 162 4550 332 4607; x_wconf 79' lang='lat' dir='ltr'><strong>dicit.</strong></span> <span class='ocrx_word' id='word_1_595' title='bbox 369 4558 428 4607; x_wconf 90' lang='lat' dir='ltr'><strong>et</strong></span> <span class='ocrx_word' id='word_1_596' title='bbox 454 4567 574 4608; x_wconf 90' lang='lat' dir='ltr'><strong>non</strong></span> <span class='ocrx_word' id='word_1_597' title='bbox 599 4554 722 4608; x_wconf 89' lang='lat' dir='ltr'><strong>vult</strong></span> <span class='ocrx_word' id='word_1_598' title='bbox 743 4561 937 4626; x_wconf 87' lang='lat' dir='ltr'><strong>aperte</strong></span> <span class='ocrx_word' id='word_1_599' title='bbox 962 4555 1149 4612; x_wconf 87' lang='lat' dir='ltr'><strong>dicere</strong></span> <span class='ocrx_word' id='word_1_600' title='bbox 1177 4557 1311 4630; x_wconf 90' lang='lat' dir='ltr'><strong>quia</strong></span> <span class='ocrx_word' id='word_1_601' title='bbox 1332 4558 1402 4613; x_wconf 93' lang='lat' dir='ltr'><strong>de</strong></span> <span class='ocrx_word' id='word_1_602' title='bbox 1431 4574 1492 4613; x_wconf 87' lang='lat' dir='ltr'><strong>se</strong></span> <span class='ocrx_word' id='word_1_603' title='bbox 1510 4558 1778 4630; x_wconf 91' lang='lat' dir='ltr'><strong>loquitur,</strong></span> 
     </span>
    </p>
   </div>
   <div class='ocr_carea' id='block_1_50' title="bbox 158 4640 925 4699">
    <p class='ocr_par' dir='ltr' id='par_1_50' title="bbox 158 4640 925 4699">
     <span class='ocr_line' id='line_1_50' title="bbox 158 4640 925 4699; baseline 0.004 -5"><span class='ocrx_word' id='word_1_604' title='bbox 158 4654 233 4694; x_wconf 67' lang='lat' dir='ltr'><strong>me</strong></span> <span class='ocrx_word' id='word_1_605' title='bbox 274 4640 533 4695; x_wconf 81' lang='lat' dir='ltr'><strong>laudare</strong></span> <span class='ocrx_word' id='word_1_606' title='bbox 561 4658 623 4696; x_wconf 86' lang='lat' dir='ltr'><strong>se</strong></span> <span class='ocrx_word' id='word_1_607' title='bbox 651 4641 925 4699; x_wconf 83' lang='lat' dir='ltr'><strong>videatur.</strong></span> 
     </span>
    </p>
   </div>
   <div class='ocr_carea' id='block_1_51' title="bbox 226 4726 1779 4800">
    <p class='ocr_par' dir='ltr' id='par_1_51' title="bbox 226 4726 1779 4800">
     <span class='ocr_line' id='line_1_51' title="bbox 226 4726 1779 4800; baseline 0.006 -20"><span class='ocrx_word' id='word_1_608' title='bbox 226 4726 283 4780; x_wconf 72' lang='grc'><strong>4.</strong></span> <span class='ocrx_word' id='word_1_609' title='bbox 306 4729 705 4784; x_wconf 62' lang='grc' dir='ltr'><strong>Λυκοεπίςί</strong></span> <span class='ocrx_word' id='word_1_610' title='bbox 714 4733 778 4785; x_wconf 88' lang='lat' dir='ltr'><strong>in</strong></span> <span class='ocrx_word' id='word_1_611' title='bbox 789 4734 1241 4800; x_wconf 83' lang='lat' dir='ltr'><strong>inﬁrmitatibus.</strong></span> <span class='ocrx_word' id='word_1_612' title='bbox 1259 4733 1779 4796; x_wconf 82' lang='lat' dir='ltr'><strong>lninﬁrmitatibus.</strong></span> 
     </span>
    </p>
   </div>
   <div class='ocr_carea' id='block_1_52' title="bbox 156 4815 1783 4897">
    <p class='ocr_par' dir='ltr' id='par_1_52' title="bbox 156 4815 1783 4897">
     <span class='ocr_line' id='line_1_52' title="bbox 156 4815 1783 4897; baseline 0.007 -28"><span class='ocrx_word' id='word_1_613' title='bbox 156 4815 381 4888; x_wconf 81' lang='lat' dir='ltr'><strong>inquit,</strong></span> <span class='ocrx_word' id='word_1_614' title='bbox 403 4817 716 4888; x_wconf 88' lang='lat' dir='ltr'><strong>gloriabor.</strong></span> <span class='ocrx_word' id='word_1_615' title='bbox 751 4819 1039 4892; x_wconf 85' lang='lat' dir='ltr'><strong>Exponere</strong></span> <span class='ocrx_word' id='word_1_616' title='bbox 1067 4822 1219 4878; x_wconf 90' lang='lat' dir='ltr'><strong>enim</strong></span> <span class='ocrx_word' id='word_1_617' title='bbox 1248 4840 1541 4896; x_wconf 90' lang='lat' dir='ltr'><strong>pressuras</strong></span> <span class='ocrx_word' id='word_1_618' title='bbox 1569 4824 1783 4897; x_wconf 88' lang='lat' dir='ltr'><strong>passio-</strong></span> 
     </span>
    </p>
   </div>
   <div class='ocr_carea' id='block_1_53' title="bbox 156 4906 1781 4985">
    <p class='ocr_par' dir='ltr' id='par_1_53' title="bbox 156 4906 1781 4985">
     <span class='ocr_line' id='line_1_53' title="bbox 156 4906 1781 4985; baseline 0.006 -26"><span class='ocrx_word' id='word_1_619' title='bbox 156 4921 300 4960; x_wconf 80' lang='lat' dir='ltr'><strong>num</strong></span> <span class='ocrx_word' id='word_1_620' title='bbox 336 4911 405 4960; x_wconf 80' lang='lat' dir='ltr'><strong>et</strong></span> <span class='ocrx_word' id='word_1_621' title='bbox 428 4906 796 4964; x_wconf 81' lang='lat' dir='ltr'><strong>inﬁrmitates</strong></span> <span class='ocrx_word' id='word_1_622' title='bbox 826 4911 1239 4981; x_wconf 86' lang='lat' dir='ltr'><strong>angustiarum,</strong></span> <span class='ocrx_word' id='word_1_623' title='bbox 1261 4928 1372 4968; x_wconf 91' lang='lat' dir='ltr'><strong>non</strong></span> <span class='ocrx_word' id='word_1_624' title='bbox 1404 4913 1626 4968; x_wconf 87' lang='lat' dir='ltr'><strong>videtur</strong></span> <span class='ocrx_word' id='word_1_625' title='bbox 1656 4914 1781 4985; x_wconf 91' lang='lat' dir='ltr'><strong>glo-</strong></span> 
     </span>
    </p>
   </div>
   <div class='ocr_carea' id='block_1_54' title="bbox 155 4993 1775 5073">
    <p class='ocr_par' dir='ltr' id='par_1_54' title="bbox 155 4993 1775 5073">
     <span class='ocr_line' id='line_1_54' title="bbox 155 4993 1775 5073; baseline 0.006 -24"><span class='ocrx_word' id='word_1_626' title='bbox 155 4993 414 5061; x_wconf 77' lang='lat' dir='ltr'><strong>riosum,</strong></span> <span class='ocrx_word' id='word_1_627' title='bbox 447 4994 555 5050; x_wconf 83' lang='lat' dir='ltr'><strong>sed</strong></span> <span class='ocrx_word' id='word_1_628' title='bbox 578 4995 783 5052; x_wconf 82' lang='lat' dir='ltr'><strong>ﬂebile.</strong></span> <span class='ocrx_word' id='word_1_629' title='bbox 816 4997 1026 5053; x_wconf 82' lang='lat' dir='ltr'><strong>Idcirco</strong></span> <span class='ocrx_word' id='word_1_630' title='bbox 1053 5016 1114 5054; x_wconf 89' lang='lat' dir='ltr'><strong>se</strong></span> <span class='ocrx_word' id='word_1_631' title='bbox 1143 5000 1203 5055; x_wconf 93' lang='lat' dir='ltr'><strong>in</strong></span> <span class='ocrx_word' id='word_1_632' title='bbox 1232 5000 1322 5056; x_wconf 88' lang='lat' dir='ltr'><strong>his</strong></span> <span class='ocrx_word' id='word_1_633' title='bbox 1347 5001 1582 5073; x_wconf 88' lang='lat' dir='ltr'><strong>gloriari</strong></span> <span class='ocrx_word' id='word_1_634' title='bbox 1622 5002 1775 5057; x_wconf 90' lang='lat' dir='ltr'><strong>dicit.</strong></span> 
     </span>
    </p>
   </div>
   <div class='ocr_carea' id='block_1_55' title="bbox 222 5082 1783 5162">
    <p class='ocr_par' dir='ltr' id='par_1_55' title="bbox 222 5082 1783 5162">
     <span class='ocr_line' id='line_1_55' title="bbox 222 5082 1783 5162; baseline 0.003 -21"><span class='ocrx_word' id='word_1_635' title='bbox 222 5082 281 5141; x_wconf 79' lang='grc'><strong>5.</strong></span> <span class='ocrx_word' id='word_1_636' title='bbox 314 5084 548 5140; x_wconf 66' lang='lat' dir='ltr'><strong>Lana.</strong></span> <span class='ocrx_word' id='word_1_637' title='bbox 569 5085 715 5139; x_wconf 87' lang='lat' dir='ltr'><strong>Nam</strong></span> <span class='ocrx_word' id='word_1_638' title='bbox 740 5089 792 5140; x_wconf 89' lang='lat' dir='ltr'><strong>si</strong></span> <span class='ocrx_word' id='word_1_639' title='bbox 817 5089 1039 5142; x_wconf 88' lang='lat' dir='ltr'><strong>voluero</strong></span> <span class='ocrx_word' id='word_1_640' title='bbox 1059 5090 1314 5157; x_wconf 84' lang='lat' dir='ltr'><strong>gloriari.</strong></span> <span class='ocrx_word' id='word_1_641' title='bbox 1350 5091 1475 5146; x_wconf 91' lang='lat' dir='ltr'><strong>Non</strong></span> <span class='ocrx_word' id='word_1_642' title='bbox 1502 5090 1783 5162; x_wconf 89' lang='lat' dir='ltr'><strong>gloriabor</strong></span> 
     </span>
    </p>
   </div>
   <div class='ocr_carea' id='block_1_56' title="bbox 154 5170 1778 5248">
    <p class='ocr_par' dir='ltr' id='par_1_56' title="bbox 154 5170 1778 5248">
     <span class='ocr_line' id='line_1_56' title="bbox 154 5170 1778 5248; baseline 0.005 -22"><span class='ocrx_word' id='word_1_643' title='bbox 154 5170 263 5227; x_wconf 78' lang='lat' dir='ltr'><strong>nisi</strong></span> <span class='ocrx_word' id='word_1_644' title='bbox 282 5188 409 5245; x_wconf 82' lang='lat' dir='ltr'><strong>pro</strong></span> <span class='ocrx_word' id='word_1_645' title='bbox 438 5170 538 5226; x_wconf 82' lang='lat' dir='ltr'><strong>his</strong></span> <span class='ocrx_word' id='word_1_646' title='bbox 559 5188 680 5243; x_wconf 63' lang='lat' dir='ltr'><strong>qua</strong></span> <span class='ocrx_word' id='word_1_647' title='bbox 691 5173 841 5229; x_wconf 89' lang='lat' dir='ltr'><strong>Deus</strong></span> <span class='ocrx_word' id='word_1_648' title='bbox 864 5176 1139 5231; x_wconf 89' lang='lat' dir='ltr'><strong>concessit</strong></span> <span class='ocrx_word' id='word_1_649' title='bbox 1165 5193 1347 5248; x_wconf 88' lang='lat' dir='ltr'><strong>posse,</strong></span> <span class='ocrx_word' id='word_1_650' title='bbox 1368 5183 1427 5234; x_wconf 93' lang='lat' dir='ltr'><strong>et</strong></span> <span class='ocrx_word' id='word_1_651' title='bbox 1452 5179 1561 5233; x_wconf 91' lang='lat' dir='ltr'><strong>nisi</strong></span> <span class='ocrx_word' id='word_1_652' title='bbox 1585 5178 1778 5247; x_wconf 88' lang='lat' dir='ltr'><strong>factis;</strong></span> 
     </span>
    </p>
   </div>
   <div class='ocr_carea' id='block_1_57' title="bbox 154 5260 1780 5335">
    <p class='ocr_par' dir='ltr' id='par_1_57' title="bbox 154 5260 1780 5335">
     <span class='ocr_line' id='line_1_57' title="bbox 154 5260 1780 5335; baseline 0.004 -21"><span class='ocrx_word' id='word_1_653' title='bbox 154 5268 213 5314; x_wconf 85' lang='lat' dir='ltr'><strong>et</strong></span> <span class='ocrx_word' id='word_1_654' title='bbox 244 5261 371 5316; x_wconf 82' lang='lat' dir='ltr'><strong>hoc</strong></span> <span class='ocrx_word' id='word_1_655' title='bbox 400 5264 500 5315; x_wconf 81' lang='lat' dir='ltr'><strong>est</strong></span> <span class='ocrx_word' id='word_1_656' title='bbox 529 5260 676 5331; x_wconf 86' lang='lat' dir='ltr'><strong>quod</strong></span> <span class='ocrx_word' id='word_1_657' title='bbox 723 5260 858 5317; x_wconf 86' lang='lat' dir='ltr'><strong>dicit</strong></span> <span class='ocrx_word' id='word_1_658' title='bbox 883 5280 897 5316; x_wconf 91' lang='lat'><strong>:</strong></span> <span class='ocrx_word' id='word_1_659' title='bbox 928 5263 1071 5318; x_wconf 80' lang='lat' dir='ltr'><strong>Nam</strong></span> <span class='ocrx_word' id='word_1_660' title='bbox 1113 5270 1162 5318; x_wconf 83' lang='lat' dir='ltr'><strong>et</strong></span> <span class='ocrx_word' id='word_1_661' title='bbox 1190 5268 1241 5318; x_wconf 88' lang='lat' dir='ltr'><strong>si</strong></span> <span class='ocrx_word' id='word_1_662' title='bbox 1261 5270 1480 5321; x_wconf 85' lang='lat' dir='ltr'><strong>voluero</strong></span> <span class='ocrx_word' id='word_1_663' title='bbox 1514 5268 1780 5335; x_wconf 88' lang='lat' dir='ltr'><strong>gloriari,</strong></span> 
     </span>
    </p>
   </div>
   <div class='ocr_carea' id='block_1_58' title="bbox 154 5350 1776 5428">
    <p class='ocr_par' dir='ltr' id='par_1_58' title="bbox 154 5350 1776 5428">
     <span class='ocr_line' id='line_1_58' title="bbox 154 5350 1776 5428; baseline 0.004 -23"><span class='ocrx_word' id='word_1_664' title='bbox 154 5366 267 5405; x_wconf 70' lang='lat' dir='ltr'><strong>non</strong></span> <span class='ocrx_word' id='word_1_665' title='bbox 285 5365 402 5405; x_wconf 78' lang='lat' dir='ltr'><strong>ero</strong></span> <span class='ocrx_word' id='word_1_666' title='bbox 422 5350 712 5417; x_wconf 79' lang='lat' dir='ltr'><strong>insipiens.</strong></span> <span class='ocrx_word' id='word_1_667' title='bbox 728 5351 1008 5424; x_wconf 87' lang='lat' dir='ltr'><strong>Insipiens</strong></span> <span class='ocrx_word' id='word_1_668' title='bbox 1027 5352 1229 5425; x_wconf 89' lang='lat' dir='ltr'><strong>aliquis</strong></span> <span class='ocrx_word' id='word_1_669' title='bbox 1252 5355 1321 5409; x_wconf 91' lang='lat' dir='ltr'><strong>de</strong></span> <span class='ocrx_word' id='word_1_670' title='bbox 1337 5355 1456 5411; x_wconf 89' lang='lat' dir='ltr'><strong>suis</strong></span> <span class='ocrx_word' id='word_1_671' title='bbox 1478 5357 1776 5428; x_wconf 72' lang='lat' dir='ltr'><strong>gloriatur,</strong></span> 
     </span>
    </p>
   </div>
   <div class='ocr_carea' id='block_1_59' title="bbox 152 5436 1780 5516">
    <p class='ocr_par' dir='ltr' id='par_1_59' title="bbox 152 5436 1780 5516">
     <span class='ocr_line' id='line_1_59' title="bbox 152 5436 1780 5516; baseline 0.006 -22"><span class='ocrx_word' id='word_1_672' title='bbox 152 5440 304 5495; x_wconf 74' lang='lat' dir='ltr'><strong>alius</strong></span> <span class='ocrx_word' id='word_1_673' title='bbox 324 5437 417 5493; x_wconf 80' lang='lat' dir='ltr'><strong>de</strong></span> <span class='ocrx_word' id='word_1_674' title='bbox 449 5436 616 5494; x_wconf 83' lang='lat' dir='ltr'><strong>ﬁctis.</strong></span> <span class='ocrx_word' id='word_1_675' title='bbox 638 5438 749 5495; x_wconf 87' lang='lat' dir='ltr'><strong>Sed</strong></span> <span class='ocrx_word' id='word_1_676' title='bbox 774 5439 847 5497; x_wconf 86' lang='lat' dir='ltr'><strong>de</strong></span> <span class='ocrx_word' id='word_1_677' title='bbox 865 5440 1012 5498; x_wconf 88' lang='lat' dir='ltr'><strong>ﬁctis</strong></span> <span class='ocrx_word' id='word_1_678' title='bbox 1031 5458 1145 5499; x_wconf 88' lang='lat' dir='ltr'><strong>non</strong></span> <span class='ocrx_word' id='word_1_679' title='bbox 1161 5444 1467 5516; x_wconf 87' lang='lat' dir='ltr'><strong>gloriabor,</strong></span> <span class='ocrx_word' id='word_1_680' title='bbox 1483 5446 1780 5503; x_wconf 87' lang='lat' dir='ltr'><strong>veritatem</strong></span> 
     </span>
    </p>
   </div>
   <div class='ocr_carea' id='block_1_60' title="bbox 1866 3219 3466 3295">
    <p class='ocr_par' dir='ltr' id='par_1_60' title="bbox 1866 3219 3466 3295">
     <span class='ocr_line' id='line_1_60' title="bbox 1866 3219 3466 3295; baseline -0.006 -18"><span class='ocrx_word' id='word_1_681' title='bbox 1866 3224 2153 3294; x_wconf 85' lang='lat' dir='ltr'><strong>Apostolo,</strong></span> <span class='ocrx_word' id='word_1_682' title='bbox 2206 3230 2273 3279; x_wconf 93' lang='lat' dir='ltr'><strong>ut</strong></span> <span class='ocrx_word' id='word_1_683' title='bbox 2327 3223 2548 3294; x_wconf 88' lang='lat' dir='ltr'><strong>injuriis</strong></span> <span class='ocrx_word' id='word_1_684' title='bbox 2601 3239 2826 3295; x_wconf 88' lang='lat' dir='ltr'><strong>pressus</strong></span> <span class='ocrx_word' id='word_1_685' title='bbox 2879 3220 3068 3275; x_wconf 88' lang='lat' dir='ltr'><strong>animo</strong></span> <span class='ocrx_word' id='word_1_686' title='bbox 3113 3233 3227 3272; x_wconf 82' lang='lat' dir='ltr'><strong>non</strong></span> <span class='ocrx_word' id='word_1_687' title='bbox 3274 3219 3466 3287; x_wconf 90' lang='lat' dir='ltr'><strong>posset</strong></span> 
     </span>
    </p>
   </div>
   <div class='ocr_carea' id='block_1_61' title="bbox 1869 3304 3463 3383">
    <p class='ocr_par' dir='ltr' id='par_1_61' title="bbox 1869 3304 3463 3383">
     <span class='ocr_line' id='line_1_61' title="bbox 1869 3304 3463 3383; baseline -0.006 -16"><span class='ocrx_word' id='word_1_688' title='bbox 1869 3312 2057 3367; x_wconf 83' lang='lat' dir='ltr'><strong>extolli</strong></span> <span class='ocrx_word' id='word_1_689' title='bbox 2120 3312 2509 3383; x_wconf 87' lang='lat' dir='ltr'><strong>magnitudine</strong></span> <span class='ocrx_word' id='word_1_690' title='bbox 2579 3311 3004 3375; x_wconf 88' lang='lat' dir='ltr'><strong>revelationum,</strong></span> <span class='ocrx_word' id='word_1_691' title='bbox 3077 3323 3149 3361; x_wconf 91' lang='lat' dir='ltr'><strong>ne</strong></span> <span class='ocrx_word' id='word_1_692' title='bbox 3218 3304 3463 3360; x_wconf 88' lang='lat' dir='ltr'><strong>otiosum</strong></span> 
     </span>
    </p>
   </div>
   <div class='ocr_carea' id='block_1_62' title="bbox 1869 3394 3463 3473">
    <p class='ocr_par' dir='ltr' id='par_1_62' title="bbox 1869 3394 3463 3473">
     <span class='ocr_line' id='line_1_62' title="bbox 1869 3394 3463 3473; baseline -0.006 -17"><span class='ocrx_word' id='word_1_693' title='bbox 1869 3406 2065 3473; x_wconf 89' lang='lat' dir='ltr'><strong>pectus</strong></span> <span class='ocrx_word' id='word_1_694' title='bbox 2113 3401 2194 3455; x_wconf 86' lang='lat' dir='ltr'><strong>rei</strong></span> <span class='ocrx_word' id='word_1_695' title='bbox 2252 3418 2373 3456; x_wconf 89' lang='lat' dir='ltr'><strong>esse</strong></span> <span class='ocrx_word' id='word_1_696' title='bbox 2427 3401 2664 3455; x_wconf 89' lang='lat' dir='ltr'><strong>haberet</strong></span> <span class='ocrx_word' id='word_1_697' title='bbox 2703 3400 2764 3454; x_wconf 90' lang='lat' dir='ltr'><strong>in</strong></span> <span class='ocrx_word' id='word_1_698' title='bbox 2807 3398 2897 3454; x_wconf 91' lang='lat' dir='ltr'><strong>his</strong></span> <span class='ocrx_word' id='word_1_699' title='bbox 2926 3412 3051 3469; x_wconf 64' lang='lat' dir='ltr'><strong>qua</strong></span> <span class='ocrx_word' id='word_1_700' title='bbox 3096 3394 3332 3460; x_wconf 89' lang='lat' dir='ltr'><strong>viderat,</strong></span> <span class='ocrx_word' id='word_1_701' title='bbox 3366 3407 3463 3447; x_wconf 74' lang='lat' dir='ltr'><strong>ex-</strong></span> 
     </span>
    </p>
   </div>
   <div class='ocr_carea' id='block_1_63' title="bbox 1868 3486 2367 3546">
    <p class='ocr_par' dir='ltr' id='par_1_63' title="bbox 1868 3486 2367 3546">
     <span class='ocr_line' id='line_1_63' title="bbox 1868 3486 2367 3546; baseline 0 -1"><span class='ocrx_word' id='word_1_702' title='bbox 1868 3491 2007 3546; x_wconf 90' lang='lat' dir='ltr'><strong>tolli.</strong></span> <span class='ocrx_word' id='word_1_703' title='bbox 2354 3486 2367 3493; x_wconf 79' lang='grc'><strong>’</strong></span> 
     </span>
    </p>
   </div>
   <div class='ocr_carea' id='block_1_64' title="bbox 1938 3572 3459 3649">
    <p class='ocr_par' dir='ltr' id='par_1_64' title="bbox 1938 3572 3459 3649">
     <span class='ocr_line' id='line_1_64' title="bbox 1938 3572 3459 3649; baseline -0.006 -15"><span class='ocrx_word' id='word_1_704' title='bbox 1938 3576 1992 3635; x_wconf 92' lang='grc'><strong>8.</strong></span> <span class='ocrx_word' id='word_1_705' title='bbox 2025 3581 2273 3635; x_wconf 81' lang='lat' dir='ltr'><strong>AUGUST.</strong></span> <span class='ocrx_word' id='word_1_706' title='bbox 2308 3581 2516 3649; x_wconf 61' lang='lat' dir='ltr'><strong>(Expos.</strong></span> <span class='ocrx_word' id='word_1_707' title='bbox 2543 3580 2686 3649; x_wconf 90' lang='lat' dir='ltr'><strong>psal.</strong></span> <span class='ocrx_word' id='word_1_708' title='bbox 2720 3576 2901 3645; x_wconf 84' lang='lat' dir='ltr'><strong>cxxx).</strong></span> <span class='ocrx_word' id='word_1_709' title='bbox 2946 3575 3190 3644; x_wconf 84' lang='lat' dir='ltr'><strong>Angelus</strong></span> <span class='ocrx_word' id='word_1_710' title='bbox 3218 3572 3459 3628; x_wconf 59' lang='lat' dir='ltr'><strong>Satanas.</strong></span> 
     </span>
    </p>
   </div>
   <div class='ocr_carea' id='block_1_65' title="bbox 1868 3662 3463 3740">
    <p class='ocr_par' dir='ltr' id='par_1_65' title="bbox 1868 3662 3463 3740">
     <span class='ocr_line' id='line_1_65' title="bbox 1868 3662 3463 3740; baseline -0.006 -17"><span class='ocrx_word' id='word_1_711' title='bbox 1868 3668 1952 3723; x_wconf 94' lang='lat' dir='ltr'><strong>Ne</strong></span> <span class='ocrx_word' id='word_1_712' title='bbox 1976 3669 2338 3724; x_wconf 84' lang='lat' dir='ltr'><strong>extolleretur</strong></span> <span class='ocrx_word' id='word_1_713' title='bbox 2363 3674 2633 3740; x_wconf 88' lang='lat' dir='ltr'><strong>tanquam</strong></span> <span class='ocrx_word' id='word_1_714' title='bbox 2657 3666 2901 3738; x_wconf 86' lang='lat' dir='ltr'><strong>juvenis,</strong></span> <span class='ocrx_word' id='word_1_715' title='bbox 2925 3662 3306 3735; x_wconf 85' lang='lat' dir='ltr'><strong>colaphizatur</strong></span> <span class='ocrx_word' id='word_1_716' title='bbox 3331 3664 3463 3715; x_wconf 87' lang='lat' dir='ltr'><strong>tan-</strong></span> 
     </span>
    </p>
   </div>
   <div class='ocr_carea' id='block_1_66' title="bbox 1869 3748 3465 3829">
    <p class='ocr_par' dir='ltr' id='par_1_66' title="bbox 1869 3748 3465 3829">
     <span class='ocr_line' id='line_1_66' title="bbox 1869 3748 3465 3829; baseline -0.006 -18"><span class='ocrx_word' id='word_1_717' title='bbox 1869 3773 2037 3828; x_wconf 91' lang='lat' dir='ltr'><strong>quam</strong></span> <span class='ocrx_word' id='word_1_718' title='bbox 2068 3774 2240 3829; x_wconf 89' lang='lat' dir='ltr'><strong>puer;</strong></span> <span class='ocrx_word' id='word_1_719' title='bbox 2269 3764 2327 3812; x_wconf 89' lang='lat' dir='ltr'><strong>et</strong></span> <span class='ocrx_word' id='word_1_720' title='bbox 2350 3775 2384 3813; x_wconf 91' lang='lat' dir='ltr'><strong>a</strong></span> <span class='ocrx_word' id='word_1_721' title='bbox 2413 3757 2567 3829; x_wconf 82' lang='lat' dir='ltr'><strong>quo?</strong></span> <span class='ocrx_word' id='word_1_722' title='bbox 2595 3755 2681 3811; x_wconf 85' lang='lat' dir='ltr'><strong>Ab</strong></span> <span class='ocrx_word' id='word_1_723' title='bbox 2705 3755 2904 3826; x_wconf 90' lang='lat' dir='ltr'><strong>angelo</strong></span> <span class='ocrx_word' id='word_1_724' title='bbox 2931 3754 3172 3809; x_wconf 68' lang='lat' dir='ltr'><strong>Satanae.</strong></span> <span class='ocrx_word' id='word_1_725' title='bbox 3198 3748 3344 3815; x_wconf 88' lang='lat' dir='ltr'><strong>Quid</strong></span> <span class='ocrx_word' id='word_1_726' title='bbox 3377 3752 3465 3803; x_wconf 90' lang='lat' dir='ltr'><strong>est</strong></span> 
     </span>
    </p>
   </div>
   <div class='ocr_carea' id='block_1_67' title="bbox 1868 3838 3463 3918">
    <p class='ocr_par' dir='ltr' id='par_1_67' title="bbox 1868 3838 3463 3918">
     <span class='ocr_line' id='line_1_67' title="bbox 1868 3838 3463 3918; baseline -0.005 -19"><span class='ocrx_word' id='word_1_727' title='bbox 1868 3845 2009 3900; x_wconf 84' lang='lat' dir='ltr'><strong>hoc?</strong></span> <span class='ocrx_word' id='word_1_728' title='bbox 2038 3847 2238 3900; x_wconf 89' lang='lat' dir='ltr'><strong>Dolore</strong></span> <span class='ocrx_word' id='word_1_729' title='bbox 2267 3847 2511 3918; x_wconf 89' lang='lat' dir='ltr'><strong>quodam</strong></span> <span class='ocrx_word' id='word_1_730' title='bbox 2546 3844 2797 3916; x_wconf 90' lang='lat' dir='ltr'><strong>corporis</strong></span> <span class='ocrx_word' id='word_1_731' title='bbox 2826 3842 3091 3907; x_wconf 89' lang='lat' dir='ltr'><strong>trahitur,</strong></span> <span class='ocrx_word' id='word_1_732' title='bbox 3145 3838 3463 3909; x_wconf 80' lang='lat' dir='ltr'><strong>exagitatur</strong></span> 
     </span>
    </p>
   </div>
   <div class='ocr_carea' id='block_1_68' title="bbox 1865 3927 3461 4002">
    <p class='ocr_par' dir='ltr' id='par_1_68' title="bbox 1865 3927 3461 4002">
     <span class='ocr_line' id='line_1_68' title="bbox 1865 3927 3461 4002; baseline -0.004 -16"><span class='ocrx_word' id='word_1_733' title='bbox 1865 3933 2245 3989; x_wconf 87' lang='lat' dir='ltr'><strong>vehementer.</strong></span> <span class='ocrx_word' id='word_1_734' title='bbox 2276 3935 2510 3989; x_wconf 88' lang='lat' dir='ltr'><strong>Dolores</strong></span> <span class='ocrx_word' id='word_1_735' title='bbox 2553 3938 2742 3988; x_wconf 89' lang='lat' dir='ltr'><strong>autem</strong></span> <span class='ocrx_word' id='word_1_736' title='bbox 2789 3946 3087 4002; x_wconf 90' lang='lat' dir='ltr'><strong>corporum</strong></span> <span class='ocrx_word' id='word_1_737' title='bbox 3125 3927 3461 4000; x_wconf 90' lang='lat' dir='ltr'><strong>plerumque</strong></span> 
     </span>
    </p>
   </div>
   <div class='ocr_carea' id='block_1_69' title="bbox 1866 4018 3462 4093">
    <p class='ocr_par' dir='ltr' id='par_1_69' title="bbox 1866 4018 3462 4093">
     <span class='ocr_line' id='line_1_69' title="bbox 1866 4018 3462 4093; baseline -0.004 -18"><span class='ocrx_word' id='word_1_738' title='bbox 1866 4022 2250 4078; x_wconf 84' lang='lat' dir='ltr'><strong>immittuntur</strong></span> <span class='ocrx_word' id='word_1_739' title='bbox 2279 4022 2350 4077; x_wconf 91' lang='lat' dir='ltr'><strong>ab</strong></span> <span class='ocrx_word' id='word_1_740' title='bbox 2381 4022 2597 4093; x_wconf 88' lang='lat' dir='ltr'><strong>angelis</strong></span> <span class='ocrx_word' id='word_1_741' title='bbox 2628 4022 2885 4088; x_wconf 72' lang='lat' dir='ltr'><strong>Satanaa;</strong></span> <span class='ocrx_word' id='word_1_742' title='bbox 2917 4018 3016 4074; x_wconf 91' lang='lat' dir='ltr'><strong>sed</strong></span> <span class='ocrx_word' id='word_1_743' title='bbox 3053 4018 3159 4072; x_wconf 91' lang='lat' dir='ltr'><strong>hoc</strong></span> <span class='ocrx_word' id='word_1_744' title='bbox 3196 4031 3312 4071; x_wconf 90' lang='lat' dir='ltr'><strong>non</strong></span> <span class='ocrx_word' id='word_1_745' title='bbox 3335 4030 3462 4086; x_wconf 87' lang='lat' dir='ltr'><strong>pos-</strong></span> 
     </span>
    </p>
   </div>
   <div class='ocr_carea' id='block_1_70' title="bbox 1865 4101 3462 4184">
    <p class='ocr_par' dir='ltr' id='par_1_70' title="bbox 1865 4101 3462 4184">
     <span class='ocr_line' id='line_1_70' title="bbox 1865 4101 3462 4184; baseline -0.006 -18"><span class='ocrx_word' id='word_1_746' title='bbox 1865 4118 1998 4166; x_wconf 86' lang='lat' dir='ltr'><strong>sunt</strong></span> <span class='ocrx_word' id='word_1_747' title='bbox 2024 4111 2133 4167; x_wconf 92' lang='lat' dir='ltr'><strong>nisi</strong></span> <span class='ocrx_word' id='word_1_748' title='bbox 2171 4111 2451 4184; x_wconf 90' lang='lat' dir='ltr'><strong>permissi.</strong></span> <span class='ocrx_word' id='word_1_749' title='bbox 2482 4112 2625 4166; x_wconf 88' lang='lat' dir='ltr'><strong>Nam</strong></span> <span class='ocrx_word' id='word_1_750' title='bbox 2657 4115 2717 4164; x_wconf 89' lang='lat' dir='ltr'><strong>et</strong></span> <span class='ocrx_word' id='word_1_751' title='bbox 2745 4113 2971 4165; x_wconf 90' lang='lat' dir='ltr'><strong>sanctus</strong></span> <span class='ocrx_word' id='word_1_752' title='bbox 3009 4105 3114 4162; x_wconf 85' lang='lat' dir='ltr'><strong>Job</strong></span> <span class='ocrx_word' id='word_1_753' title='bbox 3140 4105 3222 4160; x_wconf 89' lang='lat' dir='ltr'><strong>sic</strong></span> <span class='ocrx_word' id='word_1_754' title='bbox 3260 4101 3462 4175; x_wconf 90' lang='lat' dir='ltr'><strong>proba-</strong></span> 
     </span>
    </p>
   </div>
   <div class='ocr_carea' id='block_1_71' title="bbox 1864 4204 2087 4255">
    <p class='ocr_par' dir='ltr' id='par_1_71' title="bbox 1864 4204 2087 4255">
     <span class='ocr_line' id='line_1_71' title="bbox 1864 4204 2087 4255; baseline -0.004 -1"><span class='ocrx_word' id='word_1_755' title='bbox 1864 4204 1956 4255; x_wconf 88' lang='lat' dir='ltr'><strong>tus</strong></span> <span class='ocrx_word' id='word_1_756' title='bbox 1984 4206 2087 4255; x_wconf 90' lang='lat' dir='ltr'><strong>est.</strong></span> 
     </span>
    </p>
   </div>
   <div class='ocr_carea' id='block_1_72' title="bbox 1804 4244 3538 4358">
    <p class='ocr_par' dir='ltr' id='par_1_72' title="bbox 1804 4244 3538 4358">
     <span class='ocr_line' id='line_1_72' title="bbox 1804 4244 3538 4358; baseline -0.004 -16"><span class='ocrx_word' id='word_1_757' title='bbox 1804 4244 2264 4344; x_wconf 46' lang='lat' dir='ltr'><strong>fuisse...</strong></span> <span class='ocrx_word' id='word_1_758' title='bbox 2297 4286 2522 4356; x_wconf 74' lang='lat' dir='ltr'><strong>Sufﬁcit</strong></span> <span class='ocrx_word' id='word_1_759' title='bbox 2552 4290 2674 4342; x_wconf 87' lang='lat' dir='ltr'><strong>tibi.</strong></span> <span class='ocrx_word' id='word_1_760' title='bbox 2706 4287 3054 4358; x_wconf 80' lang='lat' dir='ltr'><strong>Responsum</strong></span> <span class='ocrx_word' id='word_1_761' title='bbox 3080 4282 3189 4337; x_wconf 88' lang='lat' dir='ltr'><strong>sibi</strong></span> <span class='ocrx_word' id='word_1_762' title='bbox 3227 4279 3365 4336; x_wconf 90' lang='lat' dir='ltr'><strong>dicit</strong></span> <span class='ocrx_word' id='word_1_763' title='bbox 3394 4284 3460 4336; x_wconf 89' lang='lat' dir='ltr'><strong>ut</strong></span> <span class='ocrx_word' id='word_1_764' title='bbox 3534 4244 3538 4248; x_wconf 59' lang='grc'><em>’</em></span> 
     </span>
    </p>
   </div>
   <div class='ocr_carea' id='block_1_73' title="bbox 1864 4368 3460 4447">
    <p class='ocr_par' dir='ltr' id='par_1_73' title="bbox 1864 4368 3460 4447">
     <span class='ocr_line' id='line_1_73' title="bbox 1864 4368 3460 4447; baseline -0.005 -15"><span class='ocrx_word' id='word_1_765' title='bbox 1864 4377 2142 4432; x_wconf 79' lang='lat' dir='ltr'><strong>sufﬁceret</strong></span> <span class='ocrx_word' id='word_1_766' title='bbox 2171 4376 2481 4447; x_wconf 87' lang='lat' dir='ltr'><strong>sibi&#39;gratia</strong></span> <span class='ocrx_word' id='word_1_767' title='bbox 2503 4376 2624 4442; x_wconf 91' lang='lat' dir='ltr'><strong>Dei,</strong></span> <span class='ocrx_word' id='word_1_768' title='bbox 2656 4375 2791 4447; x_wconf 88' lang='lat' dir='ltr'><strong>quia</strong></span> <span class='ocrx_word' id='word_1_769' title='bbox 2809 4374 2955 4429; x_wconf 89' lang='lat' dir='ltr'><strong>vires</strong></span> <span class='ocrx_word' id='word_1_770' title='bbox 2981 4370 3262 4427; x_wconf 88' lang='lat' dir='ltr'><strong>tolerandi</strong></span> <span class='ocrx_word' id='word_1_771' title='bbox 3294 4368 3460 4425; x_wconf 89' lang='lat' dir='ltr'><strong>adde-</strong></span> 
     </span>
    </p>
   </div>
   <div class='ocr_carea' id='block_1_74' title="bbox 1863 4457 3459 4536">
    <p class='ocr_par' dir='ltr' id='par_1_74' title="bbox 1863 4457 3459 4536">
     <span class='ocr_line' id='line_1_74' title="bbox 1863 4457 3459 4536; baseline -0.004 -16"><span class='ocrx_word' id='word_1_772' title='bbox 1863 4465 2087 4521; x_wconf 88' lang='lat' dir='ltr'><strong>bantur.</strong></span> <span class='ocrx_word' id='word_1_773' title='bbox 2113 4466 2273 4521; x_wconf 90' lang='lat' dir='ltr'><strong>Unde</strong></span> <span class='ocrx_word' id='word_1_774' title='bbox 2290 4464 2641 4536; x_wconf 90' lang='lat' dir='ltr'><strong>gloriandum</strong></span> <span class='ocrx_word' id='word_1_775' title='bbox 2665 4462 2977 4535; x_wconf 87' lang='lat' dir='ltr'><strong>subjungit,</strong></span> <span class='ocrx_word' id='word_1_776' title='bbox 2993 4460 3219 4533; x_wconf 91' lang='lat' dir='ltr'><strong>quando</strong></span> <span class='ocrx_word' id='word_1_777' title='bbox 3238 4457 3459 4529; x_wconf 87' lang='lat' dir='ltr'><strong>injuriis</strong></span> 
     </span>
    </p>
   </div>
   <div class='ocr_carea' id='block_1_75' title="bbox 1865 4548 3458 4621">
    <p class='ocr_par' dir='ltr' id='par_1_75' title="bbox 1865 4548 3458 4621">
     <span class='ocr_line' id='line_1_75' title="bbox 1865 4548 3458 4621; baseline -0.005 -10"><span class='ocrx_word' id='word_1_778' title='bbox 1865 4556 2215 4621; x_wconf 88' lang='lat' dir='ltr'><strong>humiliatur,</strong></span> <span class='ocrx_word' id='word_1_779' title='bbox 2230 4574 2264 4611; x_wconf 86' lang='lat' dir='ltr'><strong>a</strong></span> <span class='ocrx_word' id='word_1_780' title='bbox 2291 4556 2511 4611; x_wconf 89' lang='lat' dir='ltr'><strong>Christo</strong></span> <span class='ocrx_word' id='word_1_781' title='bbox 2530 4561 2720 4611; x_wconf 92' lang='lat' dir='ltr'><strong>autem</strong></span> <span class='ocrx_word' id='word_1_782' title='bbox 2740 4554 2921 4610; x_wconf 89' lang='lat' dir='ltr'><strong>virtus</strong></span> <span class='ocrx_word' id='word_1_783' title='bbox 2940 4551 3219 4608; x_wconf 89' lang='lat' dir='ltr'><strong>tolerandi</strong></span> <span class='ocrx_word' id='word_1_784' title='bbox 3232 4548 3458 4605; x_wconf 84' lang='lat' dir='ltr'><strong>adhibe-</strong></span> 
     </span>
    </p>
   </div>
   <div class='ocr_carea' id='block_1_76' title="bbox 1862 4649 1976 4703">
    <p class='ocr_par' dir='ltr' id='par_1_76' title="bbox 1862 4649 1976 4703">
     <span class='ocr_line' id='line_1_76' title="bbox 1862 4649 1976 4703; baseline 0.026 -4"><span class='ocrx_word' id='word_1_785' title='bbox 1862 4649 1976 4703; x_wconf 90' lang='lat' dir='ltr'><strong>tur.</strong></span> 
     </span>
    </p>
   </div>
   <div class='ocr_carea' id='block_1_77' title="bbox 1935 4728 3459 4806">
    <p class='ocr_par' dir='ltr' id='par_1_77' title="bbox 1935 4728 3459 4806">
     <span class='ocr_line' id='line_1_77' title="bbox 1935 4728 3459 4806; baseline -0.005 -15"><span class='ocrx_word' id='word_1_786' title='bbox 1935 4731 1990 4791; x_wconf 88' lang='lat'><strong>9.</strong></span> <span class='ocrx_word' id='word_1_787' title='bbox 2018 4735 2223 4791; x_wconf 69' lang='lat' dir='ltr'><strong>Lmrn.</strong></span> <span class='ocrx_word' id='word_1_788' title='bbox 2254 4734 2478 4806; x_wconf 87' lang='lat' dir='ltr'><strong>Sufﬁcit</strong></span> <span class='ocrx_word' id='word_1_789' title='bbox 2503 4736 2605 4790; x_wconf 87' lang='lat' dir='ltr'><strong>tibi</strong></span> <span class='ocrx_word' id='word_1_790' title='bbox 2625 4736 2814 4803; x_wconf 89' lang='lat' dir='ltr'><strong>gratia</strong></span> <span class='ocrx_word' id='word_1_791' title='bbox 2833 4731 3037 4797; x_wconf 87' lang='lat' dir='ltr'><strong>mea.id</strong></span> <span class='ocrx_word' id='word_1_792' title='bbox 3068 4734 3173 4797; x_wconf 91' lang='lat' dir='ltr'><strong>est,</strong></span> <span class='ocrx_word' id='word_1_793' title='bbox 3201 4728 3459 4785; x_wconf 85' lang='lat' dir='ltr'><strong>sufﬁcere</strong></span> 
     </span>
    </p>
   </div>
   <div class='ocr_carea' id='block_1_78' title="bbox 1863 4818 3458 4894">
    <p class='ocr_par' dir='ltr' id='par_1_78' title="bbox 1863 4818 3458 4894">
     <span class='ocr_line' id='line_1_78' title="bbox 1863 4818 3458 4894; baseline -0.003 -17"><span class='ocrx_word' id='word_1_794' title='bbox 1863 4822 1965 4877; x_wconf 89' lang='lat' dir='ltr'><strong>tibi</strong></span> <span class='ocrx_word' id='word_1_795' title='bbox 1996 4822 2163 4878; x_wconf 85' lang='lat' dir='ltr'><strong>debet</strong></span> <span class='ocrx_word' id='word_1_796' title='bbox 2204 4823 2391 4894; x_wconf 86' lang='lat' dir='ltr'><strong>gratia</strong></span> <span class='ocrx_word' id='word_1_797' title='bbox 2418 4840 2562 4890; x_wconf 90' lang='lat' dir='ltr'><strong>mea,</strong></span> <span class='ocrx_word' id='word_1_798' title='bbox 2595 4823 2650 4877; x_wconf 91' lang='lat' dir='ltr'><strong>id</strong></span> <span class='ocrx_word' id='word_1_799' title='bbox 2690 4827 2795 4887; x_wconf 88' lang='lat' dir='ltr'><strong>est,</strong></span> <span class='ocrx_word' id='word_1_800' title='bbox 2837 4823 2957 4877; x_wconf 67' lang='lat' dir='ltr'><strong>haec</strong></span> <span class='ocrx_word' id='word_1_801' title='bbox 2991 4818 3293 4875; x_wconf 87' lang='lat' dir='ltr'><strong>inﬁrmitas</strong></span> <span class='ocrx_word' id='word_1_802' title='bbox 3333 4833 3458 4888; x_wconf 73' lang='lat' dir='ltr'><strong>qum</strong></span> 
     </span>
    </p>
   </div>
   <div class='ocr_carea' id='block_1_79' title="bbox 1862 4908 3459 4983">
    <p class='ocr_par' dir='ltr' id='par_1_79' title="bbox 1862 4908 3459 4983">
     <span class='ocr_line' id='line_1_79' title="bbox 1862 4908 3459 4983; baseline -0.004 -17"><span class='ocrx_word' id='word_1_803' title='bbox 1862 4910 1987 4966; x_wconf 92' lang='lat' dir='ltr'><strong>ideo</strong></span> <span class='ocrx_word' id='word_1_804' title='bbox 2012 4911 2117 4966; x_wconf 89' lang='lat' dir='ltr'><strong>tibi</strong></span> <span class='ocrx_word' id='word_1_805' title='bbox 2147 4911 2218 4966; x_wconf 91' lang='lat' dir='ltr'><strong>do</strong></span> <span class='ocrx_word' id='word_1_806' title='bbox 2257 4917 2322 4966; x_wconf 93' lang='lat' dir='ltr'><strong>ut</strong></span> <span class='ocrx_word' id='word_1_807' title='bbox 2374 4912 2551 4967; x_wconf 87' lang='lat' dir='ltr'><strong>virtus</strong></span> <span class='ocrx_word' id='word_1_808' title='bbox 2591 4918 2693 4967; x_wconf 90' lang='lat' dir='ltr'><strong>tua</strong></span> <span class='ocrx_word' id='word_1_809' title='bbox 2735 4910 3022 4983; x_wconf 90' lang='lat' dir='ltr'><strong>probetur,</strong></span> <span class='ocrx_word' id='word_1_810' title='bbox 3065 4914 3125 4963; x_wconf 92' lang='lat' dir='ltr'><strong>et</strong></span> <span class='ocrx_word' id='word_1_811' title='bbox 3166 4908 3248 4963; x_wconf 88' lang='lat' dir='ltr'><strong>ita</strong></span> <span class='ocrx_word' id='word_1_812' title='bbox 3295 4922 3459 4961; x_wconf 87' lang='lat' dir='ltr'><strong>coro-</strong></span> 
     </span>
    </p>
   </div>
   <div class='ocr_carea' id='block_1_80' title="bbox 1861 4998 3459 5073">
    <p class='ocr_par' dir='ltr' id='par_1_80' title="bbox 1861 4998 3459 5073">
     <span class='ocr_line' id='line_1_80' title="bbox 1861 4998 3459 5073; baseline -0.003 -18"><span class='ocrx_word' id='word_1_813' title='bbox 1861 5001 2047 5068; x_wconf 89' lang='lat' dir='ltr'><strong>neris;</strong></span> <span class='ocrx_word' id='word_1_814' title='bbox 2097 5001 2279 5055; x_wconf 89' lang='lat' dir='ltr'><strong>omnis</strong></span> <span class='ocrx_word' id='word_1_815' title='bbox 2321 5001 2471 5056; x_wconf 91' lang='lat' dir='ltr'><strong>enim</strong></span> <span class='ocrx_word' id='word_1_816' title='bbox 2522 5002 2699 5056; x_wconf 90' lang='lat' dir='ltr'><strong>virtus</strong></span> <span class='ocrx_word' id='word_1_817' title='bbox 2735 5017 2837 5073; x_wconf 89' lang='lat' dir='ltr'><strong>per</strong></span> <span class='ocrx_word' id='word_1_818' title='bbox 2880 4998 3268 5055; x_wconf 87' lang='lat' dir='ltr'><strong>inﬁrmitatem</strong></span> <span class='ocrx_word' id='word_1_819' title='bbox 3323 5011 3459 5067; x_wconf 89' lang='lat' dir='ltr'><strong>pro-</strong></span> 
     </span>
    </p>
   </div>
   <div class='ocr_carea' id='block_1_81' title="bbox 1866 5090 2049 5145">
    <p class='ocr_par' dir='ltr' id='par_1_81' title="bbox 1866 5090 2049 5145">
     <span class='ocr_line' id='line_1_81' title="bbox 1866 5090 2049 5145; baseline 0 0"><span class='ocrx_word' id='word_1_820' title='bbox 1866 5090 2049 5145; x_wconf 90' lang='lat' dir='ltr'><strong>batur.</strong></span> 
     </span>
    </p>
   </div>
   <div class='ocr_carea' id='block_1_82' title="bbox 1936 5178 3457 5249">
    <p class='ocr_par' dir='ltr' id='par_1_82' title="bbox 1936 5178 3457 5249">
     <span class='ocr_line' id='line_1_82' title="bbox 1936 5178 3457 5249; baseline 0 -16"><span class='ocrx_word' id='word_1_821' title='bbox 1936 5179 2023 5235; x_wconf 85' lang='grc'><strong>10.</strong></span> <span class='ocrx_word' id='word_1_822' title='bbox 2055 5182 2203 5235; x_wconf 89' lang='lat' dir='ltr'><strong>Nam</strong></span> <span class='ocrx_word' id='word_1_823' title='bbox 2248 5182 2428 5234; x_wconf 86' lang='lat' dir='ltr'><strong>virtus</strong></span> <span class='ocrx_word' id='word_1_824' title='bbox 2466 5183 2530 5235; x_wconf 91' lang='lat' dir='ltr'><strong>in</strong></span> <span class='ocrx_word' id='word_1_825' title='bbox 2585 5183 2936 5249; x_wconf 87' lang='lat' dir='ltr'><strong>inﬁrmitate.</strong></span> <span class='ocrx_word' id='word_1_826' title='bbox 2987 5180 3298 5236; x_wconf 88' lang='lat' dir='ltr'><strong>Perfectam</strong></span> <span class='ocrx_word' id='word_1_827' title='bbox 3349 5178 3457 5233; x_wconf 88' lang='lat' dir='ltr'><strong>vir-</strong></span> 
     </span>
    </p>
   </div>
   <div class='ocr_carea' id='block_1_83' title="bbox 1863 5268 3456 5340">
    <p class='ocr_par' dir='ltr' id='par_1_83' title="bbox 1863 5268 3456 5340">
     <span class='ocr_line' id='line_1_83' title="bbox 1863 5268 3456 5340; baseline -0.001 -17"><span class='ocrx_word' id='word_1_828' title='bbox 1863 5273 2044 5324; x_wconf 88' lang='lat' dir='ltr'><strong>tutem</strong></span> <span class='ocrx_word' id='word_1_829' title='bbox 2080 5268 2218 5324; x_wconf 90' lang='lat' dir='ltr'><strong>dicit</strong></span> <span class='ocrx_word' id='word_1_830' title='bbox 2259 5285 2400 5337; x_wconf 88' lang='lat' dir='ltr'><strong>esse,</strong></span> <span class='ocrx_word' id='word_1_831' title='bbox 2435 5285 2558 5340; x_wconf 65' lang='lat' dir='ltr'><strong>quae</strong></span> <span class='ocrx_word' id='word_1_832' title='bbox 2604 5269 2775 5325; x_wconf 91' lang='lat' dir='ltr'><strong>habet</strong></span> <span class='ocrx_word' id='word_1_833' title='bbox 2810 5269 3199 5325; x_wconf 84' lang='lat' dir='ltr'><strong>inﬁrmitatem</strong></span> <span class='ocrx_word' id='word_1_834' title='bbox 3228 5272 3456 5323; x_wconf 85' lang='lat' dir='ltr'><strong>contra-</strong></span> 
     </span>
    </p>
   </div>
   <div class='ocr_carea' id='block_1_84' title="bbox 1862 5358 3458 5431">
    <p class='ocr_par' dir='ltr' id='par_1_84' title="bbox 1862 5358 3458 5431">
     <span class='ocr_line' id='line_1_84' title="bbox 1862 5358 3458 5431; baseline 0.001 -19"><span class='ocrx_word' id='word_1_835' title='bbox 1862 5359 2024 5425; x_wconf 90' lang='lat' dir='ltr'><strong>riam,</strong></span> <span class='ocrx_word' id='word_1_836' title='bbox 2074 5374 2202 5414; x_wconf 91' lang='lat' dir='ltr'><strong>cum</strong></span> <span class='ocrx_word' id='word_1_837' title='bbox 2244 5374 2357 5430; x_wconf 90' lang='lat' dir='ltr'><strong>qua</strong></span> <span class='ocrx_word' id='word_1_838' title='bbox 2399 5358 2649 5430; x_wconf 90' lang='lat' dir='ltr'><strong>legitime</strong></span> <span class='ocrx_word' id='word_1_839' title='bbox 2705 5364 2900 5427; x_wconf 87' lang='lat' dir='ltr'><strong>certet,</strong></span> <span class='ocrx_word' id='word_1_840' title='bbox 2950 5364 3015 5413; x_wconf 88' lang='lat' dir='ltr'><strong>ut</strong></span> <span class='ocrx_word' id='word_1_841' title='bbox 3068 5362 3266 5431; x_wconf 89' lang='lat' dir='ltr'><strong>postea</strong></span> <span class='ocrx_word' id='word_1_842' title='bbox 3296 5373 3458 5413; x_wconf 89' lang='lat' dir='ltr'><strong>coro-</strong></span> 
     </span>
    </p>
   </div>
   <div class='ocr_carea' id='block_1_85' title="bbox 1861 5452 2050 5505">
    <p class='ocr_par' dir='ltr' id='par_1_85' title="bbox 1861 5452 2050 5505">
     <span class='ocr_line' id='line_1_85' title="bbox 1861 5452 2050 5505; baseline -0.021 0"><span class='ocrx_word' id='word_1_843' title='bbox 1861 5452 2050 5505; x_wconf 89' lang='lat' dir='ltr'><strong>netur.</strong></span> 
     </span>
    </p>
   </div>
   <div class='ocr_carea' id='block_1_86' title="bbox 1931 5536 3456 5612">
    <p class='ocr_par' dir='ltr' id='par_1_86' title="bbox 1931 5536 3456 5612">
     <span class='ocr_line' id='line_1_86' title="bbox 1931 5536 3456 5612; baseline 0.002 -19"><span class='ocrx_word' id='word_1_844' title='bbox 1931 5536 2022 5593; x_wconf 82' lang='grc'><strong>11.</strong></span> <span class='ocrx_word' id='word_1_845' title='bbox 2054 5537 2301 5595; x_wconf 67' lang='lat' dir='ltr'><strong>Asianos.</strong></span> <span class='ocrx_word' id='word_1_846' title='bbox 2331 5537 2470 5595; x_wconf 81' lang='lat' dir='ltr'><strong>0am</strong></span> <span class='ocrx_word' id='word_1_847' title='bbox 2520 5541 2673 5595; x_wconf 86' lang='lat' dir='ltr'><strong>enim</strong></span> <span class='ocrx_word' id='word_1_848' title='bbox 2717 5536 3248 5612; x_wconf 74' lang='lat' dir='ltr'><strong>inﬁrmor.,,Verum</strong></span> <span class='ocrx_word' id='word_1_849' title='bbox 3298 5536 3456 5607; x_wconf 84' lang='lat' dir='ltr'><strong>dicit,</strong></span> 
     </span>
    </p>
   </div>
  </div>
