  <div class='ocr_page' id='page_1' title='image "/cluster/home/n/w/nwhite01/storage/ocr_20150623/150/hvd.32044054760087/133.png"; bbox 0 0 4040 6186; ppageno 0'>
   <div class='ocr_carea' id='block_1_1' title="bbox 424 284 3690 387">
    <p class='ocr_par' dir='ltr' id='par_1_1' title="bbox 424 284 3690 387">
     <span class='ocr_line' id='line_1_1' title="bbox 424 284 3690 387; baseline 0.005 -18"><span class='ocrx_word' id='word_1_1' title='bbox 424 310 533 370; x_wconf 79' lang='lat'><em>255</em></span> <span class='ocrx_word' id='word_1_2' title='bbox 1404 320 1466 378; x_wconf 91' lang='lat' dir='ltr'><em>B.</em></span> <span class='ocrx_word' id='word_1_3' title='bbox 1508 304 1922 380; x_wconf 81' lang='lat' dir='ltr'><em>LANFRANCI</em></span> <span class='ocrx_word' id='word_1_4' title='bbox 1961 302 2319 382; x_wconf 79' lang='lat' dir='ltr'><em>CANTUAR.</em></span> <span class='ocrx_word' id='word_1_5' title='bbox 2360 284 2698 382; x_wconf 64' lang='lat' dir='ltr'><em>ARCHIE&#39;P.</em></span> <span class='ocrx_word' id='word_1_6' title='bbox 3256 370 3272 377; x_wconf 94' lang='lat'><em>-</em></span> <span class='ocrx_word' id='word_1_7' title='bbox 3490 368 3503 377; x_wconf 93' lang='lat'><em>.</em></span> <span class='ocrx_word' id='word_1_8' title='bbox 3582 325 3690 387; x_wconf 81' lang='lat'><em>256</em></span> 
     </span>
    </p>
   </div>
   <div class='ocr_carea' id='block_1_2' title="bbox 428 438 3689 523">
    <p class='ocr_par' dir='ltr' id='par_1_2' title="bbox 428 438 3689 523">
     <span class='ocr_line' id='line_1_2' title="bbox 428 438 3689 523; baseline 0.004 -32"><span class='ocrx_word' id='word_1_9' title='bbox 428 440 607 516; x_wconf 65' lang='lat' dir='ltr'><em>pactio.</em></span> <span class='ocrx_word' id='word_1_10' title='bbox 630 438 832 495; x_wconf 83' lang='lat' dir='ltr'><em>Factus</em></span> <span class='ocrx_word' id='word_1_11' title='bbox 852 457 977 495; x_wconf 90' lang='lat' dir='ltr'><em>sum</em></span> <span class='ocrx_word' id='word_1_12' title='bbox 1004 440 1275 514; x_wconf 83' lang='lat' dir='ltr'><em>insipiens</em></span> <span class='ocrx_word' id='word_1_13' title='bbox 1295 447 1608 513; x_wconf 87' lang='lat' dir='ltr'><em>gloriando,</em></span> <span class='ocrx_word' id='word_1_14' title='bbox 1625 450 1856 523; x_wconf 79' lang='lat' dir='ltr'><em>(iterum</em></span> <span class='ocrx_word' id='word_1_15' title='bbox 1875 455 2130 516; x_wconf 78' lang='lat' dir='ltr'><em>removet,</em></span> <span class='ocrx_word' id='word_1_16' title='bbox 2162 451 2307 520; x_wconf 89' lang='lat' dir='ltr'><em>quod</em></span> <span class='ocrx_word' id='word_1_17' title='bbox 2325 467 2438 505; x_wconf 87' lang='lat' dir='ltr'><em>non</em></span> <span class='ocrx_word' id='word_1_18' title='bbox 2466 454 2652 520; x_wconf 79' lang='lat' dir='ltr'><em>sponte</em></span> <span class='ocrx_word' id='word_1_19' title='bbox 2675 452 2977 519; x_wconf 74' lang='lat' dir='ltr'><em>gloriatur,</em></span> <span class='ocrx_word' id='word_1_20' title='bbox 2996 467 3123 506; x_wconf 88' lang='lat' dir='ltr'><em>cum</em></span> <span class='ocrx_word' id='word_1_21' title='bbox 3140 453 3257 505; x_wconf 86' lang='lat' dir='ltr'><em>ideo</em></span> <span class='ocrx_word' id='word_1_22' title='bbox 3281 468 3333 506; x_wconf 85' lang='lat' dir='ltr'><em>se</em></span> <span class='ocrx_word' id='word_1_23' title='bbox 3357 454 3614 518; x_wconf 87' lang='lat' dir='ltr'><em>stultum,</em></span> <span class='ocrx_word' id='word_1_24' title='bbox 3640 456 3689 506; x_wconf 90' lang='lat' dir='ltr'><em>et</em></span> 
     </span>
    </p>
   </div>
   <div class='ocr_carea' id='block_1_3' title="bbox 431 526 3694 609">
    <p class='ocr_par' dir='ltr' id='par_1_3' title="bbox 431 526 3694 609">
     <span class='ocr_line' id='line_1_3' title="bbox 431 526 3694 609; baseline 0.004 -27"><span class='ocrx_word' id='word_1_25' title='bbox 431 532 677 582; x_wconf 84' lang='lat' dir='ltr'><em>coactum</em></span> <span class='ocrx_word' id='word_1_26' title='bbox 702 545 755 582; x_wconf 91' lang='lat' dir='ltr'><em>se</em></span> <span class='ocrx_word' id='word_1_27' title='bbox 768 530 938 597; x_wconf 88' lang='lat' dir='ltr'><em>dicit),</em></span> <span class='ocrx_word' id='word_1_28' title='bbox 956 546 1049 585; x_wconf 87' lang='lat' dir='ltr'><em>vos</em></span> <span class='ocrx_word' id='word_1_29' title='bbox 1080 526 1467 589; x_wconf 79' lang='lat' dir='ltr'><em>commendare</em></span> <span class='ocrx_word' id='word_1_30' title='bbox 1488 552 1579 590; x_wconf 89' lang='lat' dir='ltr'><em>me</em></span> <span class='ocrx_word' id='word_1_31' title='bbox 1607 537 1887 609; x_wconf 84' lang='lat' dir='ltr'><em>coegistis.</em></span> <span class='ocrx_word' id='word_1_32' title='bbox 1907 538 2023 608; x_wconf 87' lang='lat' dir='ltr'><em>Ego</em></span> <span class='ocrx_word' id='word_1_33' title='bbox 2044 538 2195 593; x_wconf 89' lang='lat' dir='ltr'><em>enim</em></span> <span class='ocrx_word' id='word_1_34' title='bbox 2215 555 2249 593; x_wconf 90' lang='lat' dir='ltr'><em>a</em></span> <span class='ocrx_word' id='word_1_35' title='bbox 2264 538 2419 594; x_wconf 89' lang='lat' dir='ltr'><em>vobis</em></span> <span class='ocrx_word' id='word_1_36' title='bbox 2441 538 2608 594; x_wconf 91' lang='lat' dir='ltr'><em>debui</em></span> <span class='ocrx_word' id='word_1_37' title='bbox 2621 540 3033 607; x_wconf 87' lang='lat' dir='ltr'><em>commendari;</em></span> <span class='ocrx_word' id='word_1_38' title='bbox 3057 539 3143 598; x_wconf 90' lang='lat'><em>12.</em></span> <span class='ocrx_word' id='word_1_39' title='bbox 3157 541 3297 596; x_wconf 86' lang='lat' dir='ltr'>nihil</span> <span class='ocrx_word' id='word_1_40' title='bbox 3321 542 3471 596; x_wconf 89' lang='lat' dir='ltr'><em>enim</em></span> <span class='ocrx_word' id='word_1_41' title='bbox 3495 542 3694 609; x_wconf 86' lang='lat' dir='ltr'><em>(reddit</em></span> 
     </span>
    </p>
   </div>
   <div class='ocr_carea' id='block_1_4' title="bbox 428 616 3695 701">
    <p class='ocr_par' dir='ltr' id='par_1_4' title="bbox 428 616 3695 701">
     <span class='ocr_line' id='line_1_4' title="bbox 428 616 3695 701; baseline 0.004 -32"><span class='ocrx_word' id='word_1_42' title='bbox 428 617 669 681; x_wconf 88' lang='lat' dir='ltr'><em>causam)</em></span> <span class='ocrx_word' id='word_1_43' title='bbox 693 616 880 671; x_wconf 89' lang='lat' dir='ltr'><em>minus</em></span> <span class='ocrx_word' id='word_1_44' title='bbox 908 618 988 672; x_wconf 87' lang='lat' dir='ltr'><em>fui</em></span> <span class='ocrx_word' id='word_1_45' title='bbox 1019 619 1089 673; x_wconf 90' lang='lat' dir='ltr'><em>ab</em></span> <span class='ocrx_word' id='word_1_46' title='bbox 1113 619 1183 674; x_wconf 91' lang='lat' dir='ltr'><em>iis</em></span> <span class='ocrx_word' id='word_1_47' title='bbox 1212 624 1264 691; x_wconf 91' lang='lat' dir='ltr'><em>(a</em></span> <span class='ocrx_word' id='word_1_48' title='bbox 1291 624 1446 678; x_wconf 90' lang='lat' dir='ltr'><em>bonis</em></span> <span class='ocrx_word' id='word_1_49' title='bbox 1468 630 1723 694; x_wconf 74' lang='lat' dir='ltr'><em>apostolis</em></span> <span class='ocrx_word' id='word_1_50' title='bbox 1741 630 1842 696; x_wconf 88' lang='lat' dir='ltr'><em>qui</em></span> <span class='ocrx_word' id='word_1_51' title='bbox 1863 630 2256 695; x_wconf 86' lang='lat' dir='ltr'><em>pretiosissimi</em></span> <span class='ocrx_word' id='word_1_52' title='bbox 2271 631 2724 695; x_wconf 79' lang='lat' dir='ltr'><em>vindicabuntur,</em></span> <span class='ocrx_word' id='word_1_53' title='bbox 2750 635 2798 685; x_wconf 87' lang='lat' dir='ltr'><em>et</em></span> <span class='ocrx_word' id='word_1_54' title='bbox 2820 634 3064 685; x_wconf 90' lang='lat' dir='ltr'><em>multum</em></span> <span class='ocrx_word' id='word_1_55' title='bbox 3089 647 3194 685; x_wconf 88' lang='lat' dir='ltr'><em>esse</em></span> <span class='ocrx_word' id='word_1_56' title='bbox 3212 647 3385 701; x_wconf 83' lang='lat' dir='ltr'><em>supra</em></span> <span class='ocrx_word' id='word_1_57' title='bbox 3410 630 3578 700; x_wconf 88' lang='lat' dir='ltr'><em>eum),</em></span> <span class='ocrx_word' id='word_1_58' title='bbox 3599 625 3695 700; x_wconf 86' lang='lat' dir='ltr'><em>qui</em></span> 
     </span>
    </p>
   </div>
   <div class='ocr_carea' id='block_1_5' title="bbox 429 706 3688 789">
    <p class='ocr_par' dir='ltr' id='par_1_5' title="bbox 429 706 3688 789">
     <span class='ocr_line' id='line_1_5' title="bbox 429 706 3688 789; baseline 0.005 -31"><span class='ocrx_word' id='word_1_59' title='bbox 429 708 561 760; x_wconf 91' lang='lat' dir='ltr'><em>sunt</em></span> <span class='ocrx_word' id='word_1_60' title='bbox 579 721 750 776; x_wconf 82' lang='lat' dir='ltr'><em>supra</em></span> <span class='ocrx_word' id='word_1_61' title='bbox 764 706 994 761; x_wconf 88' lang='lat' dir='ltr'><em>modum</em></span> <span class='ocrx_word' id='word_1_62' title='bbox 1006 709 1263 780; x_wconf 84' lang='lat' dir='ltr'><em>apostoli,</em></span> <span class='ocrx_word' id='word_1_63' title='bbox 1280 714 1573 781; x_wconf 88' lang='lat' dir='ltr'><em>(quantum</em></span> <span class='ocrx_word' id='word_1_64' title='bbox 1586 716 1661 769; x_wconf 89' lang='lat' dir='ltr'><em>ad</em></span> <span class='ocrx_word' id='word_1_65' title='bbox 1675 718 1990 784; x_wconf 80' lang='lat' dir='ltr'><em>opinionem</em></span> <span class='ocrx_word' id='word_1_66' title='bbox 2011 721 2403 787; x_wconf 84' lang='lat' dir='ltr'><em>quorumdam;</em></span> <span class='ocrx_word' id='word_1_67' title='bbox 2422 718 2485 777; x_wconf 87' lang='grc'><em>13</em></span> <span class='ocrx_word' id='word_1_68' title='bbox 2496 720 2740 775; x_wconf 88' lang='lat' dir='ltr'><em>.tametsi</em></span> <span class='ocrx_word' id='word_1_69' title='bbox 2756 719 2895 774; x_wconf 89' lang='lat' dir='ltr'><em>nihil</em></span> <span class='ocrx_word' id='word_1_70' title='bbox 2913 737 3058 787; x_wconf 91' lang='lat' dir='ltr'><em>sum,</em></span> <span class='ocrx_word' id='word_1_71' title='bbox 3074 721 3168 774; x_wconf 83' lang='lat' dir='ltr'><em>illi</em></span> <span class='ocrx_word' id='word_1_72' title='bbox 3179 721 3402 789; x_wconf 84' lang='lat' dir='ltr'><em>quidem</em></span> <span class='ocrx_word' id='word_1_73' title='bbox 3420 722 3688 785; x_wconf 84' lang='lat' dir='ltr'><em>multum,</em></span> 
     </span>
    </p>
   </div>
   <div class='ocr_carea' id='block_1_6' title="bbox 429 792 3696 879">
    <p class='ocr_par' dir='ltr' id='par_1_6' title="bbox 429 792 3696 879">
     <span class='ocr_line' id='line_1_6' title="bbox 429 792 3696 879; baseline 0.005 -34"><span class='ocrx_word' id='word_1_74' title='bbox 429 792 520 860; x_wconf 63' lang='lat' dir='ltr'><em>ego</em></span> <span class='ocrx_word' id='word_1_75' title='bbox 542 793 708 859; x_wconf 85' lang='lat' dir='ltr'><em>nihil,</em></span> <span class='ocrx_word' id='word_1_76' title='bbox 728 799 793 847; x_wconf 90' lang='lat' dir='ltr'><em>ut</em></span> <span class='ocrx_word' id='word_1_77' title='bbox 811 797 1144 864; x_wconf 84' lang='lat' dir='ltr'><em>quibusdam</em></span> <span class='ocrx_word' id='word_1_78' title='bbox 1164 801 1400 855; x_wconf 88' lang='lat' dir='ltr'><em>videtur.</em></span> <span class='ocrx_word' id='word_1_79' title='bbox 1418 802 1588 874; x_wconf 87' lang='lat' dir='ltr'><em>Signa</em></span> <span class='ocrx_word' id='word_1_80' title='bbox 1608 808 1800 859; x_wconf 90' lang='lat' dir='ltr'><em>tamen</em></span> <span class='ocrx_word' id='word_1_81' title='bbox 1819 805 2164 877; x_wconf 81' lang='lat' dir='ltr'><em>apostolatus</em></span> <span class='ocrx_word' id='word_1_82' title='bbox 2177 807 2308 873; x_wconf 90' lang='lat' dir='ltr'><em>mei,</em></span> <span class='ocrx_word' id='word_1_83' title='bbox 2323 810 2535 863; x_wconf 88' lang='lat' dir='ltr'><em>indicia</em></span> <span class='ocrx_word' id='word_1_84' title='bbox 2555 810 2759 879; x_wconf 67' lang='lat' dir='ltr'><em>quaead</em></span> <span class='ocrx_word' id='word_1_85' title='bbox 2771 812 3075 878; x_wconf 76' lang='lat' dir='ltr'><em>apostolum</em></span> <span class='ocrx_word' id='word_1_86' title='bbox 3088 812 3387 878; x_wconf 88' lang='lat' dir='ltr'><em>pertinent,</em></span> <span class='ocrx_word' id='word_1_87' title='bbox 3400 808 3550 862; x_wconf 85' lang='lat' dir='ltr'><em>facta</em></span> <span class='ocrx_word' id='word_1_88' title='bbox 3562 811 3696 862; x_wconf 89' lang='lat' dir='ltr'><em>sunt</em></span> 
     </span>
    </p>
   </div>
   <div class='ocr_carea' id='block_1_7' title="bbox 425 885 3695 969">
    <p class='ocr_par' dir='ltr' id='par_1_7' title="bbox 425 885 3695 969">
     <span class='ocr_line' id='line_1_7' title="bbox 425 885 3695 969; baseline 0.006 -37"><span class='ocrx_word' id='word_1_89' title='bbox 425 895 595 969; x_wconf 88' lang='lat' dir='ltr'><em>super</em></span> <span class='ocrx_word' id='word_1_90' title='bbox 609 897 721 947; x_wconf 90' lang='lat' dir='ltr'><em>vos,</em></span> <span class='ocrx_word' id='word_1_91' title='bbox 737 885 936 952; x_wconf 87' lang='lat' dir='ltr'><em>quibus</em></span> <span class='ocrx_word' id='word_1_92' title='bbox 955 886 1253 943; x_wconf 83' lang='lat' dir='ltr'><em>debueram</em></span> <span class='ocrx_word' id='word_1_93' title='bbox 1273 894 1669 960; x_wconf 87' lang='lat' dir='ltr'><em>commendari,</em></span> <span class='ocrx_word' id='word_1_94' title='bbox 1684 892 1743 947; x_wconf 93' lang='lat' dir='ltr'><em>in</em></span> <span class='ocrx_word' id='word_1_95' title='bbox 1758 893 1909 949; x_wconf 89' lang='lat' dir='ltr'><em>omni</em></span> <span class='ocrx_word' id='word_1_96' title='bbox 1929 894 2221 966; x_wconf 84' lang='lat' dir='ltr'><em>patientia,</em></span> <span class='ocrx_word' id='word_1_97' title='bbox 2245 896 2305 951; x_wconf 88' lang='lat' dir='ltr'><em>in</em></span> <span class='ocrx_word' id='word_1_98' title='bbox 2321 896 2515 968; x_wconf 82' lang='lat' dir='ltr'><em>signis,</em></span> <span class='ocrx_word' id='word_1_99' title='bbox 2537 900 2601 951; x_wconf 88' lang='lat' dir='ltr'><em>in</em></span> <span class='ocrx_word' id='word_1_100' title='bbox 2624 901 2965 967; x_wconf 71' lang='lat' dir='ltr'><em>praesenti,et</em></span> <span class='ocrx_word' id='word_1_101' title='bbox 2988 896 3278 969; x_wconf 88' lang='lat' dir='ltr'><em>prodigiis,</em></span> <span class='ocrx_word' id='word_1_102' title='bbox 3303 901 3365 952; x_wconf 90' lang='lat' dir='ltr'><em>in</em></span> <span class='ocrx_word' id='word_1_103' title='bbox 3392 899 3614 966; x_wconf 80' lang='lat' dir='ltr'><em>futuro,</em></span> <span class='ocrx_word' id='word_1_104' title='bbox 3638 900 3695 951; x_wconf 89' lang='lat' dir='ltr'><em>et</em></span> 
     </span>
    </p>
   </div>
   <div class='ocr_carea' id='block_1_8' title="bbox 426 967 3693 1058">
    <p class='ocr_par' dir='ltr' id='par_1_8' title="bbox 426 967 3693 1058">
     <span class='ocr_line' id='line_1_8' title="bbox 426 967 3693 1058; baseline 0.006 -37"><span class='ocrx_word' id='word_1_105' title='bbox 426 967 748 1039; x_wconf 84' lang='lat' dir='ltr'><em>virtutibus,</em></span> <span class='ocrx_word' id='word_1_106' title='bbox 777 976 819 1036; x_wconf 86' lang='grc' dir='ltr'>ι</span> <span class='ocrx_word' id='word_1_107' title='bbox 844 977 979 1039; x_wconf 70' lang='grc' dir='ltr'><em>ιθ,</em></span> <span class='ocrx_word' id='word_1_108' title='bbox 1010 977 1325 1032; x_wconf 85' lang='lat' dir='ltr'><em>miraculis.</em></span> <span class='ocrx_word' id='word_1_109' title='bbox 1350 977 1434 1046; x_wconf 81' lang='grc'>14,</span> <span class='ocrx_word' id='word_1_110' title='bbox 1462 979 1544 1036; x_wconf 89' lang='grc'><em>15.</em></span> <span class='ocrx_word' id='word_1_111' title='bbox 1566 981 1710 1047; x_wconf 89' lang='lat' dir='ltr'><em>Quid</em></span> <span class='ocrx_word' id='word_1_112' title='bbox 1735 989 1825 1038; x_wconf 89' lang='lat' dir='ltr'><em>est</em></span> <span class='ocrx_word' id='word_1_113' title='bbox 1842 983 1993 1039; x_wconf 88' lang='lat' dir='ltr'><em>enim</em></span> <span class='ocrx_word' id='word_1_114' title='bbox 2024 985 2173 1055; x_wconf 90' lang='lat' dir='ltr'><em>quod</em></span> <span class='ocrx_word' id='word_1_115' title='bbox 2201 967 2394 1041; x_wconf 80' lang='lat' dir='ltr'><em>minus</em></span> <span class='ocrx_word' id='word_1_116' title='bbox 2427 985 2701 1041; x_wconf 86' lang='lat' dir='ltr'><em>habuistis</em></span> <span class='ocrx_word' id='word_1_117' title='bbox 2726 1003 2839 1058; x_wconf 72' lang='lat' dir='ltr'><em>prae</em></span> <span class='ocrx_word' id='word_1_118' title='bbox 2859 967 3073 1042; x_wconf 65' lang='lat' dir='ltr'><em>caeteris</em></span> <span class='ocrx_word' id='word_1_119' title='bbox 3102 967 3385 1054; x_wconf 77' lang='lat' dir='ltr'><em>Ecclesiis,</em></span> <span class='ocrx_word' id='word_1_120' title='bbox 3414 986 3524 1041; x_wconf 87' lang='lat' dir='ltr'><em>nisi</em></span> <span class='ocrx_word' id='word_1_121' title='bbox 3544 985 3693 1058; x_wconf 92' lang='lat' dir='ltr'><em>quod</em></span> 
     </span>
    </p>
   </div>
   <div class='ocr_carea' id='block_1_9' title="bbox 425 1057 3692 1147">
    <p class='ocr_par' dir='ltr' id='par_1_9' title="bbox 425 1057 3692 1147">
     <span class='ocr_line' id='line_1_9' title="bbox 425 1057 3692 1147; baseline 0.006 -35"><span class='ocrx_word' id='word_1_122' title='bbox 425 1072 529 1147; x_wconf 83' lang='lat' dir='ltr'><em>ego</em></span> <span class='ocrx_word' id='word_1_123' title='bbox 556 1057 674 1129; x_wconf 92' lang='lat' dir='ltr'><em>ipse</em></span> <span class='ocrx_word' id='word_1_124' title='bbox 694 1076 808 1115; x_wconf 91' lang='lat' dir='ltr'><em>non</em></span> <span class='ocrx_word' id='word_1_125' title='bbox 821 1063 1047 1132; x_wconf 89' lang='lat' dir='ltr'><em>gravavi</em></span> <span class='ocrx_word' id='word_1_126' title='bbox 1065 1081 1181 1133; x_wconf 90' lang='lat' dir='ltr'><em>vos,</em></span> <span class='ocrx_word' id='word_1_127' title='bbox 1194 1072 1372 1122; x_wconf 89' lang='lat' dir='ltr'><em>vestra</em></span> <span class='ocrx_word' id='word_1_128' title='bbox 1391 1073 1702 1139; x_wconf 89' lang='lat' dir='ltr'><em>accipiendo</em></span> <span class='ocrx_word' id='word_1_129' title='bbox 1722 1078 1746 1126; x_wconf 80' lang='lat'><em>?</em></span> <span class='ocrx_word' id='word_1_130' title='bbox 1770 1070 1852 1129; x_wconf 89' lang='grc'><em>16.</em></span> <span class='ocrx_word' id='word_1_131' title='bbox 1876 1074 2091 1129; x_wconf 86' lang='lat' dir='ltr'><em>Donate</em></span> <span class='ocrx_word' id='word_1_132' title='bbox 2106 1076 2353 1143; x_wconf 83' lang='lat' dir='ltr'><em>(ironice)</em></span> <span class='ocrx_word' id='word_1_133' title='bbox 2376 1076 2516 1130; x_wconf 90' lang='lat' dir='ltr'><em>mihi</em></span> <span class='ocrx_word' id='word_1_134' title='bbox 2534 1076 2679 1131; x_wconf 89' lang='lat' dir='ltr'><em>hanc</em></span> <span class='ocrx_word' id='word_1_135' title='bbox 2698 1057 2981 1147; x_wconf 80' lang='lat' dir='ltr'><em>injuriam,</em></span> <span class='ocrx_word' id='word_1_136' title='bbox 3009 1080 3328 1147; x_wconf 87' lang='lat' dir='ltr'><em>quiavestra</em></span> <span class='ocrx_word' id='word_1_137' title='bbox 3353 1092 3466 1131; x_wconf 85' lang='lat' dir='ltr'><em>non</em></span> <span class='ocrx_word' id='word_1_138' title='bbox 3486 1057 3692 1145; x_wconf 86' lang='lat' dir='ltr'><em>accepi.</em></span> 
     </span>
    </p>
   </div>
   <div class='ocr_carea' id='block_1_10' title="bbox 424 1144 3687 1236">
    <p class='ocr_par' dir='ltr' id='par_1_10' title="bbox 424 1144 3687 1236">
     <span class='ocr_line' id='line_1_10' title="bbox 424 1144 3687 1236; baseline 0.006 -36"><span class='ocrx_word' id='word_1_139' title='bbox 424 1144 514 1236; x_wconf 76' lang='grc'><em>17.</em></span> <span class='ocrx_word' id='word_1_140' title='bbox 540 1147 696 1236; x_wconf 87' lang='lat' dir='ltr'><em>Ecce,</em></span> <span class='ocrx_word' id='word_1_141' title='bbox 721 1150 888 1204; x_wconf 90' lang='lat' dir='ltr'><em>tertio</em></span> <span class='ocrx_word' id='word_1_142' title='bbox 921 1151 1027 1206; x_wconf 91' lang='lat' dir='ltr'><em>hoc</em></span> <span class='ocrx_word' id='word_1_143' title='bbox 1052 1158 1283 1225; x_wconf 90' lang='lat' dir='ltr'><em>paratus</em></span> <span class='ocrx_word' id='word_1_144' title='bbox 1312 1173 1438 1212; x_wconf 89' lang='lat' dir='ltr'><em>sum</em></span> <span class='ocrx_word' id='word_1_145' title='bbox 1466 1159 1655 1215; x_wconf 89' lang='lat' dir='ltr'><em>venire</em></span> <span class='ocrx_word' id='word_1_146' title='bbox 1683 1161 1756 1216; x_wconf 88' lang='lat' dir='ltr'><em>ad</em></span> <span class='ocrx_word' id='word_1_147' title='bbox 1782 1178 1896 1228; x_wconf 87' lang='lat' dir='ltr'><em>vos,</em></span> <span class='ocrx_word' id='word_1_148' title='bbox 1923 1168 1980 1217; x_wconf 91' lang='lat' dir='ltr'><em>et</em></span> <span class='ocrx_word' id='word_1_149' title='bbox 2010 1162 2093 1220; x_wconf 90' lang='grc'><em>18.</em></span> <span class='ocrx_word' id='word_1_150' title='bbox 2122 1179 2237 1219; x_wconf 92' lang='lat' dir='ltr'><em>non</em></span> <span class='ocrx_word' id='word_1_151' title='bbox 2264 1180 2360 1219; x_wconf 90' lang='lat' dir='ltr'><em>ero</em></span> <span class='ocrx_word' id='word_1_152' title='bbox 2386 1165 2571 1236; x_wconf 83' lang='lat' dir='ltr'><em>gravis</em></span> <span class='ocrx_word' id='word_1_153' title='bbox 2594 1144 2769 1232; x_wconf 73' lang='lat' dir='ltr'><em>vobis,</em></span> <span class='ocrx_word' id='word_1_154' title='bbox 2798 1171 2976 1221; x_wconf 87' lang='lat' dir='ltr'><em>vestra</em></span> <span class='ocrx_word' id='word_1_155' title='bbox 3012 1166 3343 1234; x_wconf 86' lang='lat' dir='ltr'><em>accipiendo.</em></span> <span class='ocrx_word' id='word_1_156' title='bbox 3376 1165 3503 1219; x_wconf 92' lang='lat' dir='ltr'><em>Non</em></span> <span class='ocrx_word' id='word_1_157' title='bbox 3531 1163 3687 1218; x_wconf 90' lang='lat' dir='ltr'><em>enim</em></span> 
     </span>
    </p>
   </div>
   <div class='ocr_carea' id='block_1_11' title="bbox 431 1234 3693 1326">
    <p class='ocr_par' dir='ltr' id='par_1_11' title="bbox 431 1234 3693 1326">
     <span class='ocr_line' id='line_1_11' title="bbox 431 1234 3693 1326; baseline 0.006 -38"><span class='ocrx_word' id='word_1_158' title='bbox 431 1234 636 1305; x_wconf 90' lang='lat' dir='ltr'><em>(causa)</em></span> <span class='ocrx_word' id='word_1_159' title='bbox 666 1252 853 1309; x_wconf 67' lang='lat' dir='ltr'><em>quaero</em></span> <span class='ocrx_word' id='word_1_160' title='bbox 877 1255 999 1311; x_wconf 68' lang='lat' dir='ltr'><em>quae</em></span> <span class='ocrx_word' id='word_1_161' title='bbox 1029 1246 1217 1297; x_wconf 89' lang='lat' dir='ltr'><em>vestra</em></span> <span class='ocrx_word' id='word_1_162' title='bbox 1243 1248 1395 1311; x_wconf 89' lang='lat' dir='ltr'><em>sunt,</em></span> <span class='ocrx_word' id='word_1_163' title='bbox 1427 1245 1523 1300; x_wconf 90' lang='lat' dir='ltr'><em>sed</em></span> <span class='ocrx_word' id='word_1_164' title='bbox 1564 1263 1658 1301; x_wconf 90' lang='lat' dir='ltr'><em>vos</em></span> <span class='ocrx_word' id='word_1_165' title='bbox 1690 1254 1930 1307; x_wconf 88' lang='lat' dir='ltr'><em>tantum.</em></span> <span class='ocrx_word' id='word_1_166' title='bbox 1969 1251 2054 1309; x_wconf 86' lang='grc'>19.</span> <span class='ocrx_word' id='word_1_167' title='bbox 2084 1253 2203 1308; x_wconf 89' lang='lat' dir='ltr'><em>Nec</em></span> <span class='ocrx_word' id='word_1_168' title='bbox 2232 1253 2383 1309; x_wconf 91' lang='lat' dir='ltr'><em>enim</em></span> <span class='ocrx_word' id='word_1_169' title='bbox 2396 1234 2616 1309; x_wconf 79' lang='lat' dir='ltr'><em>debent</em></span> <span class='ocrx_word' id='word_1_170' title='bbox 2643 1254 2746 1309; x_wconf 90' lang='lat' dir='ltr'><em>ﬁlii</em></span> <span class='ocrx_word' id='word_1_171' title='bbox 2777 1254 3104 1326; x_wconf 88' lang='lat' dir='ltr'><em>parentibus</em></span> <span class='ocrx_word' id='word_1_172' title='bbox 3130 1252 3521 1320; x_wconf 88' lang='lat' dir='ltr'><em>thesaurizare,</em></span> <span class='ocrx_word' id='word_1_173' title='bbox 3558 1256 3693 1324; x_wconf 83' lang='lat' dir='ltr'><em>quia</em></span> 
     </span>
    </p>
   </div>
   <div class='ocr_carea' id='block_1_12' title="bbox 419 1330 3689 1414">
    <p class='ocr_par' dir='ltr' id='par_1_12' title="bbox 419 1330 3689 1414">
     <span class='ocr_line' id='line_1_12' title="bbox 419 1330 3689 1414; baseline 0.006 -34"><span class='ocrx_word' id='word_1_174' title='bbox 419 1330 582 1414; x_wconf 87' lang='lat' dir='ltr'><em>pater</em></span> <span class='ocrx_word' id='word_1_175' title='bbox 601 1334 770 1382; x_wconf 81' lang='lat' dir='ltr'><em>vester</em></span> <span class='ocrx_word' id='word_1_176' title='bbox 781 1344 906 1385; x_wconf 88' lang='lat' dir='ltr'><em>sum</em></span> <span class='ocrx_word' id='word_1_177' title='bbox 923 1347 945 1399; x_wconf 85' lang='lat'><em>;</em></span> <span class='ocrx_word' id='word_1_178' title='bbox 963 1337 1148 1400; x_wconf 84' lang='lat' dir='ltr'><em>patres</em></span> <span class='ocrx_word' id='word_1_179' title='bbox 1160 1338 1347 1388; x_wconf 90' lang='lat' dir='ltr'><em>autem</em></span> <span class='ocrx_word' id='word_1_180' title='bbox 1364 1337 1503 1390; x_wconf 90' lang='lat' dir='ltr'><em>bona</em></span> <span class='ocrx_word' id='word_1_181' title='bbox 1520 1339 1772 1405; x_wconf 80' lang='lat' dir='ltr'><em>ﬁliorum</em></span> <span class='ocrx_word' id='word_1_182' title='bbox 1788 1357 2027 1410; x_wconf 60' lang='lat' dir='ltr'><em>quaerere</em></span> <span class='ocrx_word' id='word_1_183' title='bbox 2047 1358 2159 1397; x_wconf 89' lang='lat' dir='ltr'><em>non</em></span> <span class='ocrx_word' id='word_1_184' title='bbox 2178 1344 2386 1407; x_wconf 84' lang='lat' dir='ltr'><em>debent,</em></span> <span class='ocrx_word' id='word_1_185' title='bbox 2410 1347 2527 1398; x_wconf 86' lang='lat' dir='ltr'><em>nisi</em></span> <span class='ocrx_word' id='word_1_186' title='bbox 2541 1348 2604 1398; x_wconf 87' lang='lat' dir='ltr'><em>ut</em></span> <span class='ocrx_word' id='word_1_187' title='bbox 2624 1360 2706 1398; x_wconf 90' lang='lat' dir='ltr'><em>eos</em></span> <span class='ocrx_word' id='word_1_188' title='bbox 2721 1345 3003 1412; x_wconf 67' lang='lat' dir='ltr'><em>aediﬁcent,</em></span> <span class='ocrx_word' id='word_1_189' title='bbox 3022 1343 3120 1398; x_wconf 89' lang='lat' dir='ltr'><em>sed</em></span> <span class='ocrx_word' id='word_1_190' title='bbox 3138 1347 3399 1414; x_wconf 86' lang='lat' dir='ltr'><em>parentes</em></span> <span class='ocrx_word' id='word_1_191' title='bbox 3416 1341 3571 1398; x_wconf 88' lang='lat' dir='ltr'><em>ﬁliis.</em></span> <span class='ocrx_word' id='word_1_192' title='bbox 3596 1340 3689 1399; x_wconf 79' lang='lat'><strong>20-</strong></span> 
     </span>
    </p>
   </div>
   <div class='ocr_carea' id='block_1_13' title="bbox 426 1413 3693 1505">
    <p class='ocr_par' dir='ltr' id='par_1_13' title="bbox 426 1413 3693 1505">
     <span class='ocr_line' id='line_1_13' title="bbox 426 1413 3693 1505; baseline 0.005 -36"><span class='ocrx_word' id='word_1_193' title='bbox 426 1413 542 1505; x_wconf 66' lang='lat' dir='ltr'><em>_Ego</em></span> <span class='ocrx_word' id='word_1_194' title='bbox 570 1421 758 1471; x_wconf 89' lang='lat' dir='ltr'><em>autem</em></span> <span class='ocrx_word' id='word_1_195' title='bbox 782 1433 893 1473; x_wconf 90' lang='lat' dir='ltr'><em>non</em></span> <span class='ocrx_word' id='word_1_196' title='bbox 911 1436 1155 1489; x_wconf 68' lang='lat' dir='ltr'><em>quaeram</em></span> <span class='ocrx_word' id='word_1_197' title='bbox 1180 1428 1379 1489; x_wconf 88' lang='lat' dir='ltr'><em>vestra,</em></span> <span class='ocrx_word' id='word_1_198' title='bbox 1395 1427 1486 1479; x_wconf 88' lang='lat' dir='ltr'><em>sed</em></span> <span class='ocrx_word' id='word_1_199' title='bbox 1504 1425 1869 1484; x_wconf 85' lang='lat' dir='ltr'><em>libentissime</em></span> <span class='ocrx_word' id='word_1_200' title='bbox 1885 1430 2207 1502; x_wconf 90' lang='lat' dir='ltr'><em>impendam</em></span> <span class='ocrx_word' id='word_1_201' title='bbox 2229 1448 2349 1487; x_wconf 85' lang='lat' dir='ltr'><em>mea</em></span> <span class='ocrx_word' id='word_1_202' title='bbox 2359 1434 2524 1501; x_wconf 82' lang='lat' dir='ltr'><em>vobis,</em></span> <span class='ocrx_word' id='word_1_203' title='bbox 2547 1437 2605 1488; x_wconf 88' lang='lat' dir='ltr'><em>et</em></span> <span class='ocrx_word' id='word_1_204' title='bbox 2618 1433 3083 1505; x_wconf 88' lang='lat' dir='ltr'><em>superimpendar</em></span> <span class='ocrx_word' id='word_1_205' title='bbox 3104 1450 3196 1502; x_wconf 91' lang='lat' dir='ltr'><em>ego</em></span> <span class='ocrx_word' id='word_1_206' title='bbox 3217 1432 3335 1504; x_wconf 91' lang='lat' dir='ltr'><em>ipse</em></span> <span class='ocrx_word' id='word_1_207' title='bbox 3354 1448 3454 1504; x_wconf 91' lang='lat' dir='ltr'><em>pro</em></span> <span class='ocrx_word' id='word_1_208' title='bbox 3474 1431 3693 1486; x_wconf 88' lang='lat' dir='ltr'><em>anima-</em></span> 
     </span>
    </p>
   </div>
   <div class='ocr_carea' id='block_1_14' title="bbox 426 1501 3691 1593">
    <p class='ocr_par' dir='ltr' id='par_1_14' title="bbox 426 1501 3691 1593">
     <span class='ocr_line' id='line_1_14' title="bbox 426 1501 3691 1593; baseline 0.006 -36"><span class='ocrx_word' id='word_1_209' title='bbox 426 1501 533 1559; x_wconf 88' lang='lat' dir='ltr'><em>bus</em></span> <span class='ocrx_word' id='word_1_210' title='bbox 561 1506 761 1561; x_wconf 85' lang='lat' dir='ltr'><em>vestris</em></span> <span class='ocrx_word' id='word_1_211' title='bbox 787 1511 1088 1577; x_wconf 89' lang='lat' dir='ltr'><em>salvandis,</em></span> <span class='ocrx_word' id='word_1_212' title='bbox 1116 1510 1249 1566; x_wconf 91' lang='lat' dir='ltr'><em>licet</em></span> <span class='ocrx_word' id='word_1_213' title='bbox 1271 1512 1399 1583; x_wconf 90' lang='lat' dir='ltr'><em>plus</em></span> <span class='ocrx_word' id='word_1_214' title='bbox 1425 1531 1520 1569; x_wconf 92' lang='lat' dir='ltr'><em>vos</em></span> <span class='ocrx_word' id='word_1_215' title='bbox 1546 1516 1804 1589; x_wconf 87' lang='lat' dir='ltr'><em>diligens,</em></span> <span class='ocrx_word' id='word_1_216' title='bbox 1828 1501 2014 1575; x_wconf 84' lang='lat' dir='ltr'><em>minus</em></span> <span class='ocrx_word' id='word_1_217' title='bbox 2043 1521 2267 1593; x_wconf 88' lang='lat' dir='ltr'><em>diligar,</em></span> <span class='ocrx_word' id='word_1_218' title='bbox 2297 1528 2505 1590; x_wconf 90' lang='lat' dir='ltr'><em>quanto</em></span> <span class='ocrx_word' id='word_1_219' title='bbox 2528 1501 2708 1592; x_wconf 72' lang='lat' dir='ltr'><em>magis</em></span> <span class='ocrx_word' id='word_1_220' title='bbox 2731 1539 2820 1577; x_wconf 88' lang='lat' dir='ltr'><em>vos</em></span> <span class='ocrx_word' id='word_1_221' title='bbox 2850 1501 3040 1591; x_wconf 81' lang='lat' dir='ltr'><em>diligo,</em></span> <span class='ocrx_word' id='word_1_222' title='bbox 3078 1501 3447 1577; x_wconf 51' lang='lat' dir='ltr'><em>tanto—minus</em></span> <span class='ocrx_word' id='word_1_223' title='bbox 3478 1538 3513 1575; x_wconf 92' lang='lat' dir='ltr'><em>a</em></span> <span class='ocrx_word' id='word_1_224' title='bbox 3541 1523 3691 1575; x_wconf 81' lang='lat' dir='ltr'><em>vobis</em></span> 
     </span>
    </p>
   </div>
   <div class='ocr_carea' id='block_1_15' title="bbox 424 1596 3687 1682">
    <p class='ocr_par' dir='ltr' id='par_1_15' title="bbox 424 1596 3687 1682">
     <span class='ocr_line' id='line_1_15' title="bbox 424 1596 3687 1682; baseline 0.006 -36"><span class='ocrx_word' id='word_1_225' title='bbox 424 1607 593 1682; x_wconf 82' lang='lat' dir='ltr'><em>quam</em></span> <span class='ocrx_word' id='word_1_226' title='bbox 619 1596 689 1648; x_wconf 91' lang='lat' dir='ltr'><em>ab</em></span> <span class='ocrx_word' id='word_1_227' title='bbox 715 1597 848 1649; x_wconf 88' lang='lat' dir='ltr'><em>aliis</em></span> <span class='ocrx_word' id='word_1_228' title='bbox 868 1597 1135 1653; x_wconf 81' lang='lat' dir='ltr'><em>Ecclesiis.</em></span> <span class='ocrx_word' id='word_1_229' title='bbox 1165 1600 1483 1670; x_wconf 85' lang='lat' dir='ltr'><em>Responsio.</em></span> <span class='ocrx_word' id='word_1_230' title='bbox 1517 1604 1626 1658; x_wconf 89' lang='lat' dir='ltr'><em>Sed</em></span> <span class='ocrx_word' id='word_1_231' title='bbox 1651 1612 1791 1673; x_wconf 85' lang='lat' dir='ltr'><em>esto,</em></span> <span class='ocrx_word' id='word_1_232' title='bbox 1812 1624 1914 1679; x_wconf 86' lang='lat' dir='ltr'><em>ego</em></span> <span class='ocrx_word' id='word_1_233' title='bbox 1943 1626 2039 1664; x_wconf 91' lang='lat' dir='ltr'><em>vos</em></span> <span class='ocrx_word' id='word_1_234' title='bbox 2061 1626 2175 1665; x_wconf 91' lang='lat' dir='ltr'><em>non</em></span> <span class='ocrx_word' id='word_1_235' title='bbox 2193 1610 2441 1682; x_wconf 87' lang='lat' dir='ltr'><em>gravavi,</em></span> <span class='ocrx_word' id='word_1_236' title='bbox 2469 1613 2673 1666; x_wconf 84' lang='lat' dir='ltr'><em>scilicet</em></span> <span class='ocrx_word' id='word_1_237' title='bbox 2693 1628 2796 1680; x_wconf 84' lang='lat' dir='ltr'><em>per</em></span> <span class='ocrx_word' id='word_1_238' title='bbox 2819 1627 2942 1681; x_wconf 84' lang='lat' dir='ltr'><em>me;</em></span> <span class='ocrx_word' id='word_1_239' title='bbox 2967 1611 3063 1666; x_wconf 89' lang='lat' dir='ltr'><em>sed</em></span> <span class='ocrx_word' id='word_1_240' title='bbox 3093 1628 3221 1666; x_wconf 88' lang='lat' dir='ltr'><em>cum</em></span> <span class='ocrx_word' id='word_1_241' title='bbox 3243 1627 3424 1666; x_wconf 90' lang='lat' dir='ltr'><em>essem</em></span> <span class='ocrx_word' id='word_1_242' title='bbox 3447 1615 3687 1677; x_wconf 86' lang='lat' dir='ltr'><em>astutus,</em></span> 
     </span>
    </p>
   </div>
   <div class='ocr_carea' id='block_1_16' title="bbox 424 1678 3691 1771">
    <p class='ocr_par' dir='ltr' id='par_1_16' title="bbox 424 1678 3691 1771">
     <span class='ocr_line' id='line_1_16' title="bbox 424 1678 3691 1771; baseline 0.006 -37"><span class='ocrx_word' id='word_1_243' title='bbox 424 1678 551 1771; x_wconf 80' lang='lat' dir='ltr'><em>dolo</em></span> <span class='ocrx_word' id='word_1_244' title='bbox 589 1698 684 1736; x_wconf 92' lang='lat' dir='ltr'><em>vos</em></span> <span class='ocrx_word' id='word_1_245' title='bbox 712 1685 872 1755; x_wconf 76' lang='lat' dir='ltr'><em>ccepi,</em></span> <span class='ocrx_word' id='word_1_246' title='bbox 902 1703 1005 1754; x_wconf 88' lang='lat' dir='ltr'><em>per</em></span> <span class='ocrx_word' id='word_1_247' title='bbox 1032 1704 1192 1743; x_wconf 85' lang='lat' dir='ltr'><em>meos.</em></span> <span class='ocrx_word' id='word_1_248' title='bbox 1224 1688 1313 1745; x_wconf 83' lang='lat'><em>21.</em></span> <span class='ocrx_word' id='word_1_249' title='bbox 1341 1691 1608 1764; x_wconf 83' lang='lat' dir='ltr'><em>Nunquid</em></span> <span class='ocrx_word' id='word_1_250' title='bbox 1638 1711 1741 1766; x_wconf 90' lang='lat' dir='ltr'><em>per</em></span> <span class='ocrx_word' id='word_1_251' title='bbox 1761 1697 2007 1769; x_wconf 86' lang='lat' dir='ltr'><em>aliquem</em></span> <span class='ocrx_word' id='word_1_252' title='bbox 2032 1715 2246 1767; x_wconf 90' lang='lat' dir='ltr'><em>eorum,</em></span> <span class='ocrx_word' id='word_1_253' title='bbox 2276 1699 2366 1754; x_wconf 75' lang='lat'><em>22.</em></span> <span class='ocrx_word' id='word_1_254' title='bbox 2398 1717 2537 1771; x_wconf 90' lang='lat' dir='ltr'><em>quos</em></span> <span class='ocrx_word' id='word_1_255' title='bbox 2559 1700 2688 1756; x_wconf 89' lang='lat' dir='ltr'><em>misi</em></span> <span class='ocrx_word' id='word_1_256' title='bbox 2717 1701 2787 1755; x_wconf 90' lang='lat' dir='ltr'><em>ad</em></span> <span class='ocrx_word' id='word_1_257' title='bbox 2816 1718 2932 1769; x_wconf 90' lang='lat' dir='ltr'><em>vos,</em></span> <span class='ocrx_word' id='word_1_258' title='bbox 2960 1700 3303 1756; x_wconf 88' lang='lat' dir='ltr'><em>circumveni</em></span> <span class='ocrx_word' id='word_1_259' title='bbox 3324 1699 3456 1755; x_wconf 89' lang='lat' dir='ltr'><em>vos?</em></span> <span class='ocrx_word' id='word_1_260' title='bbox 3483 1716 3615 1767; x_wconf 87' lang='lat' dir='ltr'><em>non,</em></span> <span class='ocrx_word' id='word_1_261' title='bbox 3639 1703 3691 1754; x_wconf 84' lang='lat' dir='ltr'><em>et</em></span> 
     </span>
    </p>
   </div>
   <div class='ocr_carea' id='block_1_17' title="bbox 423 1767 3677 1861">
    <p class='ocr_par' dir='ltr' id='par_1_17' title="bbox 423 1767 3677 1861">
     <span class='ocr_line' id='line_1_17' title="bbox 423 1767 3677 1861; baseline 0.006 -39"><span class='ocrx_word' id='word_1_262' title='bbox 423 1767 521 1861; x_wconf 55' lang='lat' dir='ltr'><em>hoc</em></span> <span class='ocrx_word' id='word_1_263' title='bbox 545 1785 581 1822; x_wconf 91' lang='lat' dir='ltr'><em>a</em></span> <span class='ocrx_word' id='word_1_264' title='bbox 598 1772 873 1861; x_wconf 77' lang='lat' dir='ltr'><em>partibus.</em></span> <span class='ocrx_word' id='word_1_265' title='bbox 906 1773 1121 1845; x_wconf 87' lang='lat' dir='ltr'><em>Rogavi</em></span> <span class='ocrx_word' id='word_1_266' title='bbox 1148 1777 1357 1846; x_wconf 87' lang='lat' dir='ltr'><em>Titum,</em></span> <span class='ocrx_word' id='word_1_267' title='bbox 1380 1786 1437 1835; x_wconf 89' lang='lat' dir='ltr'><em>et</em></span> <span class='ocrx_word' id='word_1_268' title='bbox 1466 1781 1593 1837; x_wconf 88' lang='lat' dir='ltr'><em>misi</em></span> <span class='ocrx_word' id='word_1_269' title='bbox 1618 1800 1744 1839; x_wconf 89' lang='lat' dir='ltr'><em>cum</em></span> <span class='ocrx_word' id='word_1_270' title='bbox 1770 1767 1873 1839; x_wconf 74' lang='lat' dir='ltr'><em>illo</em></span> <span class='ocrx_word' id='word_1_271' title='bbox 1896 1786 2130 1841; x_wconf 83' lang='lat' dir='ltr'><em>fratrem</em></span> <span class='ocrx_word' id='word_1_272' title='bbox 2150 1767 2486 1844; x_wconf 78' lang='lat' dir='ltr'><em>Barnabam.</em></span> <span class='ocrx_word' id='word_1_273' title='bbox 2518 1789 2787 1861; x_wconf 90' lang='lat' dir='ltr'><em>Nunquid</em></span> <span class='ocrx_word' id='word_1_274' title='bbox 2807 1767 2967 1844; x_wconf 86' lang='lat' dir='ltr'><em>Titus</em></span> <span class='ocrx_word' id='word_1_275' title='bbox 2996 1805 3092 1844; x_wconf 89' lang='lat' dir='ltr'><em>vos</em></span> <span class='ocrx_word' id='word_1_276' title='bbox 3111 1788 3508 1844; x_wconf 82' lang='lat' dir='ltr'><em>circumvenit?</em></span> <span class='ocrx_word' id='word_1_277' title='bbox 3530 1789 3677 1842; x_wconf 88' lang='lat' dir='ltr'><em>Non.</em></span> 
     </span>
    </p>
   </div>
   <div class='ocr_carea' id='block_1_18' title="bbox 422 1855 3687 1948">
    <p class='ocr_par' dir='ltr' id='par_1_18' title="bbox 422 1855 3687 1948">
     <span class='ocr_line' id='line_1_18' title="bbox 422 1855 3687 1948; baseline 0.006 -37"><span class='ocrx_word' id='word_1_278' title='bbox 422 1855 624 1913; x_wconf 90' lang='lat' dir='ltr'><em>Nonne</em></span> <span class='ocrx_word' id='word_1_279' title='bbox 635 1859 832 1915; x_wconf 90' lang='lat' dir='ltr'><em>eodem</em></span> <span class='ocrx_word' id='word_1_280' title='bbox 847 1862 1068 1933; x_wconf 83' lang='lat' dir='ltr'><em>spiritu,</em></span> <span class='ocrx_word' id='word_1_281' title='bbox 1099 1868 1284 1921; x_wconf 87' lang='lat' dir='ltr'><em>eadem</em></span> <span class='ocrx_word' id='word_1_282' title='bbox 1305 1870 1604 1935; x_wconf 86' lang='lat' dir='ltr'><em>voluntate.</em></span> <span class='ocrx_word' id='word_1_283' title='bbox 1630 1876 1774 1942; x_wconf 86' lang='lat' dir='ltr'><em>quod</em></span> <span class='ocrx_word' id='word_1_284' title='bbox 1798 1890 1911 1929; x_wconf 88' lang='lat' dir='ltr'><em>non</em></span> <span class='ocrx_word' id='word_1_285' title='bbox 1927 1876 2149 1943; x_wconf 84' lang='lat' dir='ltr'><em>faciunt</em></span> <span class='ocrx_word' id='word_1_286' title='bbox 2169 1878 2488 1947; x_wconf 86' lang='lat' dir='ltr'><em>deceptores,</em></span> <span class='ocrx_word' id='word_1_287' title='bbox 2514 1855 2956 1933; x_wconf 66' lang='lat' dir='ltr'><em>ambulavimus?</em></span> <span class='ocrx_word' id='word_1_288' title='bbox 2972 1894 3157 1933; x_wconf 90' lang='lat' dir='ltr'><em>nonne</em></span> <span class='ocrx_word' id='word_1_289' title='bbox 3175 1877 3372 1932; x_wconf 88' lang='lat' dir='ltr'><em>iisdem</em></span> <span class='ocrx_word' id='word_1_290' title='bbox 3391 1875 3642 1948; x_wconf 85' lang='lat' dir='ltr'><em>vestigiis</em></span> <span class='ocrx_word' id='word_1_291' title='bbox 3656 1874 3687 1929; x_wconf 84' lang='lat'><strong>?</strong></span> 
     </span>
    </p>
   </div>
   <div class='ocr_carea' id='block_1_19' title="bbox 422 1949 3685 2037">
    <p class='ocr_par' dir='ltr' id='par_1_19' title="bbox 422 1949 3685 2037">
     <span class='ocr_line' id='line_1_19' title="bbox 422 1949 3685 2037; baseline 0.006 -38"><span class='ocrx_word' id='word_1_292' title='bbox 422 1949 692 2037; x_wconf 81' lang='lat' dir='ltr'><em>operibus.</em></span> <span class='ocrx_word' id='word_1_293' title='bbox 726 1949 872 2004; x_wconf 89' lang='lat' dir='ltr'><em>Olim</em></span> <span class='ocrx_word' id='word_1_294' title='bbox 900 1953 1113 2023; x_wconf 87' lang='lat' dir='ltr'><em>putatis</em></span> <span class='ocrx_word' id='word_1_295' title='bbox 1141 1955 1291 2026; x_wconf 90' lang='lat' dir='ltr'><em>quod</em></span> <span class='ocrx_word' id='word_1_296' title='bbox 1320 1974 1648 2015; x_wconf 85' lang='lat' dir='ltr'><em>excusemus</em></span> <span class='ocrx_word' id='word_1_297' title='bbox 1671 1978 1773 2017; x_wconf 91' lang='lat' dir='ltr'><em>nos</em></span> <span class='ocrx_word' id='word_1_298' title='bbox 1803 1964 1953 2035; x_wconf 91' lang='lat' dir='ltr'><em>apud</em></span> <span class='ocrx_word' id='word_1_299' title='bbox 1979 1965 2109 2019; x_wconf 85' lang='lat' dir='ltr'><em>vos?</em></span> <span class='ocrx_word' id='word_1_300' title='bbox 2129 1966 2193 2020; x_wconf 91' lang='lat' dir='ltr'><em>de</em></span> <span class='ocrx_word' id='word_1_301' title='bbox 2220 1966 2318 2020; x_wconf 88' lang='lat' dir='ltr'><em>hoc</em></span> <span class='ocrx_word' id='word_1_302' title='bbox 2347 1969 2492 2037; x_wconf 88' lang='lat' dir='ltr'><em>quod</em></span> <span class='ocrx_word' id='word_1_303' title='bbox 2512 1972 2638 2037; x_wconf 87' lang='lat' dir='ltr'><em>jam</em></span> <span class='ocrx_word' id='word_1_304' title='bbox 2667 1969 3035 2036; x_wconf 84' lang='lat' dir='ltr'><em>deceperimus</em></span> <span class='ocrx_word' id='word_1_305' title='bbox 3060 1983 3165 2033; x_wconf 85' lang='lat' dir='ltr'><em>vos,</em></span> <span class='ocrx_word' id='word_1_306' title='bbox 3201 1968 3461 2036; x_wconf 88' lang='lat' dir='ltr'><em>capiendo</em></span> <span class='ocrx_word' id='word_1_307' title='bbox 3482 1958 3685 2033; x_wconf 85' lang='lat' dir='ltr'><em>vestra,</em></span> 
     </span>
    </p>
   </div>
   <div class='ocr_carea' id='block_1_20' title="bbox 422 2036 3687 2127">
    <p class='ocr_par' dir='ltr' id='par_1_20' title="bbox 422 2036 3687 2127">
     <span class='ocr_line' id='line_1_20' title="bbox 422 2036 3687 2127; baseline 0.006 -39"><span class='ocrx_word' id='word_1_308' title='bbox 422 2037 503 2089; x_wconf 86' lang='lat' dir='ltr'><em>vel</em></span> <span class='ocrx_word' id='word_1_309' title='bbox 622 2039 810 2106; x_wconf 89' lang='lat' dir='ltr'><em>aliquo</em></span> <span class='ocrx_word' id='word_1_310' title='bbox 838 2042 1102 2100; x_wconf 86' lang='lat' dir='ltr'><em>crimine.</em></span> <span class='ocrx_word' id='word_1_311' title='bbox 1129 2040 1351 2112; x_wconf 79' lang='lat' dir='ltr'><em>coram,</em></span> <span class='ocrx_word' id='word_1_312' title='bbox 1372 2052 1495 2103; x_wconf 86' lang='lat' dir='ltr'><em>teste</em></span> <span class='ocrx_word' id='word_1_313' title='bbox 1520 2049 1661 2115; x_wconf 85' lang='lat' dir='ltr'><em>Deo,</em></span> <span class='ocrx_word' id='word_1_314' title='bbox 1679 2050 1738 2105; x_wconf 93' lang='lat' dir='ltr'><em>in</em></span> <span class='ocrx_word' id='word_1_315' title='bbox 1759 2052 2002 2117; x_wconf 85' lang='lat' dir='ltr'><em>Christo,</em></span> <span class='ocrx_word' id='word_1_316' title='bbox 2022 2055 2193 2119; x_wconf 88' lang='lat' dir='ltr'><em>idest,</em></span> <span class='ocrx_word' id='word_1_317' title='bbox 2218 2056 2282 2109; x_wconf 89' lang='lat' dir='ltr'><em>in</em></span> <span class='ocrx_word' id='word_1_318' title='bbox 2303 2036 2546 2119; x_wconf 85' lang='lat' dir='ltr'><em>veritate,</em></span> <span class='ocrx_word' id='word_1_319' title='bbox 2572 2055 2884 2127; x_wconf 88' lang='lat' dir='ltr'><em>loquimur;</em></span> <span class='ocrx_word' id='word_1_320' title='bbox 2907 2054 3097 2110; x_wconf 90' lang='lat' dir='ltr'><em>omnia</em></span> <span class='ocrx_word' id='word_1_321' title='bbox 3113 2059 3324 2120; x_wconf 89' lang='lat' dir='ltr'><em>autem,</em></span> <span class='ocrx_word' id='word_1_322' title='bbox 3347 2052 3687 2121; x_wconf 68' lang='lat' dir='ltr'><em>charissimi,</em></span> 
     </span>
    </p>
   </div>
   <div class='ocr_carea' id='block_1_21' title="bbox 423 2123 3690 2216">
    <p class='ocr_par' dir='ltr' id='par_1_21' title="bbox 423 2123 3690 2216">
     <span class='ocr_line' id='line_1_21' title="bbox 423 2123 3690 2216; baseline 0.007 -42"><span class='ocrx_word' id='word_1_323' title='bbox 423 2137 540 2216; x_wconf 63' lang='lat' dir='ltr'><em>qua,</em></span> <span class='ocrx_word' id='word_1_324' title='bbox 558 2123 814 2192; x_wconf 78' lang='lat' dir='ltr'><em>facimus,</em></span> <span class='ocrx_word' id='word_1_325' title='bbox 843 2128 904 2180; x_wconf 87' lang='lat' dir='ltr'><em>id</em></span> <span class='ocrx_word' id='word_1_326' title='bbox 931 2134 1028 2196; x_wconf 88' lang='lat' dir='ltr'><em>est,</em></span> <span class='ocrx_word' id='word_1_327' title='bbox 1046 2134 1191 2199; x_wconf 88' lang='lat' dir='ltr'><em>quod</em></span> <span class='ocrx_word' id='word_1_328' title='bbox 1217 2138 1395 2189; x_wconf 73' lang='lat' dir='ltr'><em>testra</em></span> <span class='ocrx_word' id='word_1_329' title='bbox 1425 2152 1537 2191; x_wconf 90' lang='lat' dir='ltr'><em>non</em></span> <span class='ocrx_word' id='word_1_330' title='bbox 1555 2142 1861 2208; x_wconf 86' lang='lat' dir='ltr'><em>accepimus</em></span> <span class='ocrx_word' id='word_1_331' title='bbox 1889 2145 1940 2195; x_wconf 89' lang='lat' dir='ltr'><em>et</em></span> <span class='ocrx_word' id='word_1_332' title='bbox 1964 2142 2101 2209; x_wconf 88' lang='lat' dir='ltr'><em>alia,</em></span> <span class='ocrx_word' id='word_1_333' title='bbox 2118 2147 2349 2216; x_wconf 87' lang='lat' dir='ltr'><em>propter</em></span> <span class='ocrx_word' id='word_1_334' title='bbox 2367 2123 2790 2200; x_wconf 64' lang='lat' dir='ltr'><em>aediﬁcationem</em></span> <span class='ocrx_word' id='word_1_335' title='bbox 2811 2149 3075 2200; x_wconf 87' lang='lat' dir='ltr'><em>vestram.</em></span> <span class='ocrx_word' id='word_1_336' title='bbox 3097 2143 3166 2201; x_wconf 76' lang='grc'><em>23</em></span> <span class='ocrx_word' id='word_1_337' title='bbox 3182 2188 3194 2201; x_wconf 93' lang='grc'><em>.</em></span> <span class='ocrx_word' id='word_1_338' title='bbox 3222 2143 3416 2199; x_wconf 89' lang='lat' dir='ltr'><em>Timeo</em></span> <span class='ocrx_word' id='word_1_339' title='bbox 3438 2142 3588 2198; x_wconf 88' lang='lat' dir='ltr'><em>enim</em></span> <span class='ocrx_word' id='word_1_340' title='bbox 3616 2158 3690 2197; x_wconf 88' lang='lat' dir='ltr'><em>ne</em></span> 
     </span>
    </p>
   </div>
   <div class='ocr_carea' id='block_1_22' title="bbox 423 2199 3684 2305">
    <p class='ocr_par' dir='ltr' id='par_1_22' title="bbox 423 2199 3684 2305">
     <span class='ocr_line' id='line_1_22' title="bbox 423 2199 3684 2305; baseline 0.006 -41"><span class='ocrx_word' id='word_1_341' title='bbox 423 2199 585 2305; x_wconf 50' lang='lat' dir='ltr'><em>{orta</em></span> <span class='ocrx_word' id='word_1_342' title='bbox 619 2227 747 2268; x_wconf 89' lang='lat' dir='ltr'><em>cum</em></span> <span class='ocrx_word' id='word_1_343' title='bbox 777 2231 999 2285; x_wconf 90' lang='lat' dir='ltr'><em>venero,</em></span> <span class='ocrx_word' id='word_1_344' title='bbox 1029 2234 1141 2274; x_wconf 92' lang='lat' dir='ltr'><em>non</em></span> <span class='ocrx_word' id='word_1_345' title='bbox 1166 2223 1379 2293; x_wconf 85' lang='lat' dir='ltr'><em>quales.</em></span> <span class='ocrx_word' id='word_1_346' title='bbox 1410 2231 1699 2295; x_wconf 85' lang='lat' dir='ltr'><em>correptos,</em></span> <span class='ocrx_word' id='word_1_347' title='bbox 1727 2229 1871 2297; x_wconf 92' lang='lat' dir='ltr'><em>volo,</em></span> <span class='ocrx_word' id='word_1_348' title='bbox 1906 2228 2188 2285; x_wconf 88' lang='lat' dir='ltr'><em>inveniam</em></span> <span class='ocrx_word' id='word_1_349' title='bbox 2208 2247 2332 2300; x_wconf 92' lang='lat' dir='ltr'><em>vos;</em></span> <span class='ocrx_word' id='word_1_350' title='bbox 2362 2236 2420 2287; x_wconf 90' lang='lat' dir='ltr'><em>et</em></span> <span class='ocrx_word' id='word_1_351' title='bbox 2444 2249 2547 2304; x_wconf 85' lang='lat' dir='ltr'><em>ego</em></span> <span class='ocrx_word' id='word_1_352' title='bbox 2573 2233 2828 2288; x_wconf 89' lang='lat' dir='ltr'><em>inveniar</em></span> <span class='ocrx_word' id='word_1_353' title='bbox 2847 2250 2882 2288; x_wconf 89' lang='lat' dir='ltr'><em>a</em></span> <span class='ocrx_word' id='word_1_354' title='bbox 2904 2232 3076 2300; x_wconf 88' lang='lat' dir='ltr'><em>vobis,</em></span> <span class='ocrx_word' id='word_1_355' title='bbox 3103 2232 3328 2305; x_wconf 89' lang='lat' dir='ltr'><em>qualem</em></span> <span class='ocrx_word' id='word_1_356' title='bbox 3355 2247 3469 2286; x_wconf 91' lang='lat' dir='ltr'><em>non</em></span> <span class='ocrx_word' id='word_1_357' title='bbox 3495 2228 3684 2299; x_wconf 84' lang='lat' dir='ltr'><em>vultis,</em></span> 
     </span>
    </p>
   </div>
   <div class='ocr_carea' id='block_1_23' title="bbox 421 2301 3688 2393">
    <p class='ocr_par' dir='ltr' id='par_1_23' title="bbox 421 2301 3688 2393">
     <span class='ocr_line' id='line_1_23' title="bbox 421 2301 3688 2393; baseline 0.007 -40"><span class='ocrx_word' id='word_1_358' title='bbox 421 2301 703 2369; x_wconf 71' lang='lat' dir='ltr'><em>asperum,</em></span> <span class='ocrx_word' id='word_1_359' title='bbox 718 2318 831 2359; x_wconf 87' lang='lat' dir='ltr'><em>non</em></span> <span class='ocrx_word' id='word_1_360' title='bbox 846 2313 1166 2374; x_wconf 85' lang='lat' dir='ltr'><em>parcentem</em></span> <span class='ocrx_word' id='word_1_361' title='bbox 1186 2329 1204 2376; x_wconf 88' lang='lat'><em>;</em></span> <span class='ocrx_word' id='word_1_362' title='bbox 1231 2314 1392 2368; x_wconf 87' lang='lat' dir='ltr'><em>timeo</em></span> <span class='ocrx_word' id='word_1_363' title='bbox 1420 2330 1491 2369; x_wconf 91' lang='lat' dir='ltr'><em>ne</em></span> <span class='ocrx_word' id='word_1_364' title='bbox 1511 2314 1653 2370; x_wconf 85' lang='lat' dir='ltr'><em>forte</em></span> <span class='ocrx_word' id='word_1_365' title='bbox 1671 2319 2075 2387; x_wconf 88' lang='lat' dir='ltr'><em>contentiones,</em></span> <span class='ocrx_word' id='word_1_366' title='bbox 2109 2301 2516 2390; x_wconf 70' lang='lat' dir='ltr'><em>aemulationes,</em></span> <span class='ocrx_word' id='word_1_367' title='bbox 2539 2322 2945 2391; x_wconf 87' lang='lat' dir='ltr'><em>animositates,</em></span> <span class='ocrx_word' id='word_1_368' title='bbox 2967 2301 3366 2393; x_wconf 79' lang='lat' dir='ltr'><em>dissensiones,</em></span> <span class='ocrx_word' id='word_1_369' title='bbox 3383 2319 3688 2377; x_wconf 89' lang='lat' dir='ltr'><em>detractio-</em></span> 
     </span>
    </p>
   </div>
   <div class='ocr_carea' id='block_1_24' title="bbox 424 2393 3689 2481">
    <p class='ocr_par' dir='ltr' id='par_1_24' title="bbox 424 2393 3689 2481">
     <span class='ocr_line' id='line_1_24' title="bbox 424 2393 3689 2481; baseline 0.008 -40"><span class='ocrx_word' id='word_1_370' title='bbox 424 2401 546 2481; x_wconf 82' lang='lat' dir='ltr'><em>nes,</em></span> <span class='ocrx_word' id='word_1_371' title='bbox 575 2393 785 2460; x_wconf 86' lang='lat' dir='ltr'><em>palam,</em></span> <span class='ocrx_word' id='word_1_372' title='bbox 807 2397 1242 2467; x_wconf 86' lang='lat' dir='ltr'><em>susurrationes,</em></span> <span class='ocrx_word' id='word_1_373' title='bbox 1260 2404 1423 2469; x_wconf 89' lang='lat' dir='ltr'><em>clam,</em></span> <span class='ocrx_word' id='word_1_374' title='bbox 1451 2403 1792 2481; x_wconf 83' lang='lat' dir='ltr'><em>inﬂationes,</em></span> <span class='ocrx_word' id='word_1_375' title='bbox 1808 2406 2130 2475; x_wconf 89' lang='lat' dir='ltr'><em>seditiones,</em></span> <span class='ocrx_word' id='word_1_376' title='bbox 2154 2409 2270 2464; x_wconf 88' lang='lat' dir='ltr'><em>sint</em></span> <span class='ocrx_word' id='word_1_377' title='bbox 2294 2410 2445 2466; x_wconf 88' lang='lat' dir='ltr'><em>inter</em></span> <span class='ocrx_word' id='word_1_378' title='bbox 2468 2428 2566 2467; x_wconf 90' lang='lat' dir='ltr'><em>vos</em></span> <span class='ocrx_word' id='word_1_379' title='bbox 2588 2417 2661 2480; x_wconf 86' lang='grc' dir='ltr'><em>;ι</em></span> <span class='ocrx_word' id='word_1_380' title='bbox 2682 2418 2723 2479; x_wconf 81' lang='grc' dir='ltr'><strong>ι</strong></span> <span class='ocrx_word' id='word_1_381' title='bbox 2742 2416 2794 2478; x_wconf 61' lang='lat' dir='ltr'>II</span> <span class='ocrx_word' id='word_1_382' title='bbox 2815 2411 2988 2470; x_wconf 76' lang='lat' dir='ltr'><em>24.ne</em></span> <span class='ocrx_word' id='word_1_383' title='bbox 3014 2411 3224 2467; x_wconf 88' lang='lat' dir='ltr'><em>iterum</em></span> <span class='ocrx_word' id='word_1_384' title='bbox 3236 2427 3366 2466; x_wconf 90' lang='lat' dir='ltr'><em>cum</em></span> <span class='ocrx_word' id='word_1_385' title='bbox 3383 2425 3608 2478; x_wconf 89' lang='lat' dir='ltr'><em>venero,</em></span> <span class='ocrx_word' id='word_1_386' title='bbox 3623 2417 3689 2467; x_wconf 87' lang='lat' dir='ltr'><em>ut</em></span> 
     </span>
    </p>
   </div>
   <div class='ocr_carea' id='block_1_25' title="bbox 419 2479 3679 2572">
    <p class='ocr_par' dir='ltr' id='par_1_25' title="bbox 419 2479 3679 2572">
     <span class='ocr_line' id='line_1_25' title="bbox 419 2479 3679 2572; baseline 0.008 -41"><span class='ocrx_word' id='word_1_387' title='bbox 419 2479 580 2543; x_wconf 85' lang='lat' dir='ltr'><em>prius</em></span> <span class='ocrx_word' id='word_1_388' title='bbox 595 2482 788 2537; x_wconf 87' lang='lat' dir='ltr'><em>audito</em></span> <span class='ocrx_word' id='word_1_389' title='bbox 803 2487 1040 2542; x_wconf 85' lang='lat' dir='ltr'><em>crimine</em></span> <span class='ocrx_word' id='word_1_390' title='bbox 1054 2503 1265 2557; x_wconf 86' lang='lat' dir='ltr'><em>eorum,</em></span> <span class='ocrx_word' id='word_1_391' title='bbox 1284 2490 1564 2562; x_wconf 87' lang='lat' dir='ltr'><em>humiliet,</em></span> <span class='ocrx_word' id='word_1_392' title='bbox 1580 2479 1859 2552; x_wconf 84' lang='lat' dir='ltr'><em>contristet</em></span> <span class='ocrx_word' id='word_1_393' title='bbox 1875 2513 1966 2553; x_wconf 89' lang='lat' dir='ltr'><em>me</em></span> <span class='ocrx_word' id='word_1_394' title='bbox 1984 2496 2155 2566; x_wconf 89' lang='lat' dir='ltr'><em>Deus,</em></span> <span class='ocrx_word' id='word_1_395' title='bbox 2169 2499 2320 2571; x_wconf 90' lang='lat' dir='ltr'><em>apud</em></span> <span class='ocrx_word' id='word_1_396' title='bbox 2334 2516 2428 2556; x_wconf 90' lang='lat' dir='ltr'><em>vos</em></span> <span class='ocrx_word' id='word_1_397' title='bbox 2446 2518 2459 2569; x_wconf 89' lang='lat'><em>;</em></span> <span class='ocrx_word' id='word_1_398' title='bbox 2478 2479 2902 2570; x_wconf 84' lang='lat' dir='ltr'><em>(humiliaretur</em></span> <span class='ocrx_word' id='word_1_399' title='bbox 2914 2502 3221 2572; x_wconf 78' lang='lat' dir='ltr'><em>Apostolus,</em></span> <span class='ocrx_word' id='word_1_400' title='bbox 3236 2503 3287 2557; x_wconf 89' lang='lat' dir='ltr'><em>si</em></span> <span class='ocrx_word' id='word_1_401' title='bbox 3297 2515 3425 2557; x_wconf 73' lang='lat' dir='ltr'><em>cuin</em></span> <span class='ocrx_word' id='word_1_402' title='bbox 3446 2502 3679 2570; x_wconf 82' lang='lat' dir='ltr'><em>veniret,</em></span> 
     </span>
    </p>
   </div>
   <div class='ocr_carea' id='block_1_26' title="bbox 1755 2673 2347 2733">
    <p class='ocr_par' dir='ltr' id='par_1_26' title="bbox 1755 2673 2347 2733">
     <span class='ocr_line' id='line_1_26' title="bbox 1755 2673 2347 2733; baseline 0.007 -4"><span class='ocrx_word' id='word_1_403' title='bbox 1755 2673 2347 2733; x_wconf 87' lang='lat' dir='ltr'><em>COMMENTARIUS.</em></span> 
     </span>
    </p>
   </div>
   <div class='ocr_carea' id='block_1_27' title="bbox 418 2822 3686 2919">
    <p class='ocr_par' dir='ltr' id='par_1_27' title="bbox 418 2822 3686 2919">
     <span class='ocr_line' id='line_1_27' title="bbox 418 2822 3686 2919; baseline 0.009 -42"><span class='ocrx_word' id='word_1_404' title='bbox 418 2822 553 2919; x_wconf 84' lang='lat' dir='ltr'><em>quia</em></span> <span class='ocrx_word' id='word_1_405' title='bbox 588 2828 723 2919; x_wconf 89' lang='lat' dir='ltr'><em>tunc</em></span> <span class='ocrx_word' id='word_1_406' title='bbox 758 2828 927 2886; x_wconf 89' lang='lat' dir='ltr'><em>vincit</em></span> <span class='ocrx_word' id='word_1_407' title='bbox 981 2834 1352 2906; x_wconf 90' lang='lat' dir='ltr'><em>Christianus,</em></span> <span class='ocrx_word' id='word_1_408' title='bbox 1394 2854 1524 2894; x_wconf 92' lang='lat' dir='ltr'><em>cum</em></span> <span class='ocrx_word' id='word_1_409' title='bbox 1569 2842 1804 2913; x_wconf 87' lang='lat' dir='ltr'><em>perdere</em></span> <span class='ocrx_word' id='word_1_410' title='bbox 1842 2849 2074 2916; x_wconf 86' lang='lat' dir='ltr'><em>puta-A</em></span> <span class='ocrx_word' id='word_1_411' title='bbox 2167 2847 2250 2904; x_wconf 92' lang='lat' dir='ltr'><em>l7.</em></span> <span class='ocrx_word' id='word_1_412' title='bbox 2281 2849 2485 2905; x_wconf 59' lang='lat' dir='ltr'><em>Larum.</em></span> <span class='ocrx_word' id='word_1_413' title='bbox 2519 2850 2649 2905; x_wconf 83' lang='lat' dir='ltr'><em>Ecce</em></span> <span class='ocrx_word' id='word_1_414' title='bbox 2678 2852 2837 2905; x_wconf 88' lang='lat' dir='ltr'><em>tertio</em></span> <span class='ocrx_word' id='word_1_415' title='bbox 2862 2840 3100 2919; x_wconf 75' lang='lat' dir='ltr'><em>pdratus</em></span> <span class='ocrx_word' id='word_1_416' title='bbox 3129 2866 3273 2904; x_wconf 89' lang='lat' dir='ltr'><em>sum.</em></span> <span class='ocrx_word' id='word_1_417' title='bbox 3307 2850 3492 2906; x_wconf 90' lang='lat' dir='ltr'><em>Semel</em></span> <span class='ocrx_word' id='word_1_418' title='bbox 3524 2865 3686 2906; x_wconf 89' lang='lat' dir='ltr'><em>vene-</em></span> 
     </span>
    </p>
   </div>
   <div class='ocr_carea' id='block_1_28' title="bbox 418 2917 2010 3056">
    <p class='ocr_par' dir='ltr' id='par_1_28' title="bbox 418 2917 2010 3056">
     <span class='ocr_line' id='line_1_28' title="bbox 418 2917 2010 3056; baseline 0.014 -89"><span class='ocrx_word' id='word_1_419' title='bbox 418 2917 532 3056; x_wconf 64' lang='lat' dir='ltr'><em>ltutr,</em></span> <span class='ocrx_word' id='word_1_420' title='bbox 577 2918 635 2970; x_wconf 89' lang='lat' dir='ltr'><em>et</em></span> <span class='ocrx_word' id='word_1_421' title='bbox 660 2920 795 2973; x_wconf 88' lang='lat' dir='ltr'><em>tunc</em></span> <span class='ocrx_word' id='word_1_422' title='bbox 822 2920 1009 2991; x_wconf 90' lang='lat' dir='ltr'><em>perdit</em></span> <span class='ocrx_word' id='word_1_423' title='bbox 1050 2925 1303 2996; x_wconf 88' lang='lat' dir='ltr'><em>perﬁdia,</em></span> <span class='ocrx_word' id='word_1_424' title='bbox 1337 2944 1464 2983; x_wconf 89' lang='lat' dir='ltr'><em>cum</em></span> <span class='ocrx_word' id='word_1_425' title='bbox 1498 2945 1560 2984; x_wconf 89' lang='lat' dir='ltr'><em>se</em></span> <span class='ocrx_word' id='word_1_426' title='bbox 1597 2930 1790 2986; x_wconf 88' lang='lat' dir='ltr'><em>vicisse</em></span> <span class='ocrx_word' id='word_1_427' title='bbox 1819 2938 2010 3003; x_wconf 88' lang='lat' dir='ltr'><em>gratu-</em></span> 
     </span>
     <span class='ocr_line' id='line_1_29' title="bbox 441 3016 585 3056; baseline 0 0"><span class='ocrx_word' id='word_1_428' title='bbox 441 3017 475 3056; x_wconf 90' lang='lat' dir='ltr'><em>a</em></span> <span class='ocrx_word' id='word_1_429' title='bbox 502 3016 585 3056; x_wconf 88' lang='lat' dir='ltr'><em>ur.</em></span> 
     </span>
    </p>
   </div>
   <div class='ocr_carea' id='block_1_29' title="bbox 441 3016 585 3058">
    <p class='ocr_par' dir='ltr' id='par_1_29' title="bbox 441 3016 585 3058">
     <span class='ocr_line' id='line_1_30' title="bbox 441 3016 585 3058; baseline 0 -2"><span class='ocrx_word' id='word_1_430' title='bbox 441 3016 585 3058; x_wconf 82' lang='lat' dir='ltr'><em>atur.</em></span> 
     </span>
    </p>
   </div>
   <div class='ocr_carea' id='block_1_30' title="bbox 493 3091 2011 3179">
    <p class='ocr_par' dir='ltr' id='par_1_30' title="bbox 493 3091 2011 3179">
     <span class='ocr_line' id='line_1_31' title="bbox 493 3091 2011 3179; baseline 0.014 -33"><span class='ocrx_word' id='word_1_431' title='bbox 493 3091 578 3179; x_wconf 81' lang='lat' dir='ltr'><em>l2.</em></span> <span class='ocrx_word' id='word_1_432' title='bbox 608 3095 767 3151; x_wconf 86' lang='lat' dir='ltr'><em>Nihil</em></span> <span class='ocrx_word' id='word_1_433' title='bbox 795 3100 945 3153; x_wconf 87' lang='lat' dir='ltr'><em>enim</em></span> <span class='ocrx_word' id='word_1_434' title='bbox 972 3103 1182 3156; x_wconf 88' lang='lat' dir='ltr'><em>minus.</em></span> <span class='ocrx_word' id='word_1_435' title='bbox 1216 3103 1399 3176; x_wconf 87' lang='lat' dir='ltr'><em>Supra</em></span> <span class='ocrx_word' id='word_1_436' title='bbox 1427 3107 1656 3162; x_wconf 90' lang='lat' dir='ltr'><em>modum</em></span> <span class='ocrx_word' id='word_1_437' title='bbox 1684 3109 1840 3179; x_wconf 89' lang='lat' dir='ltr'><em>dicit,</em></span> <span class='ocrx_word' id='word_1_438' title='bbox 1866 3110 2011 3167; x_wconf 87' lang='lat' dir='ltr'><em>sicut</em></span> 
     </span>
    </p>
   </div>
   <div class='ocr_carea' id='block_1_31' title="bbox 419 3178 2011 3269">
    <p class='ocr_par' dir='ltr' id='par_1_31' title="bbox 419 3178 2011 3269">
     <span class='ocr_line' id='line_1_32' title="bbox 419 3178 2011 3269; baseline 0.014 -36"><span class='ocrx_word' id='word_1_439' title='bbox 419 3178 753 3250; x_wconf 89' lang='lat' dir='ltr'><em>quibusdam</em></span> <span class='ocrx_word' id='word_1_440' title='bbox 800 3185 1108 3246; x_wconf 85' lang='lat' dir='ltr'><em>videbatur.</em></span> <span class='ocrx_word' id='word_1_441' title='bbox 1141 3191 1289 3247; x_wconf 89' lang='lat' dir='ltr'><em>Nam</em></span> <span class='ocrx_word' id='word_1_442' title='bbox 1320 3199 1378 3248; x_wconf 89' lang='lat' dir='ltr'><em>et</em></span> <span class='ocrx_word' id='word_1_443' title='bbox 1406 3194 1513 3249; x_wconf 91' lang='lat' dir='ltr'><em>hoc</em></span> <span class='ocrx_word' id='word_1_444' title='bbox 1559 3202 1738 3265; x_wconf 90' lang='lat' dir='ltr'><em>erant,</em></span> <span class='ocrx_word' id='word_1_445' title='bbox 1774 3178 1923 3269; x_wconf 85' lang='lat' dir='ltr'><em>quod</em></span> <span class='ocrx_word' id='word_1_446' title='bbox 1953 3204 2011 3255; x_wconf 90' lang='lat' dir='ltr'><em>et</em></span> 
     </span>
    </p>
   </div>
   <div class='ocr_carea' id='block_1_32' title="bbox 415 3273 960 3342">
    <p class='ocr_par' dir='ltr' id='par_1_32' title="bbox 415 3273 960 3342">
     <span class='ocr_line' id='line_1_33' title="bbox 415 3273 960 3342; baseline 0.017 -19"><span class='ocrx_word' id='word_1_447' title='bbox 415 3273 702 3342; x_wconf 86' lang='lat' dir='ltr'><em>apostolus</em></span> <span class='ocrx_word' id='word_1_448' title='bbox 730 3276 960 3332; x_wconf 88' lang='lat' dir='ltr'><em>Paulus.</em></span> 
     </span>
    </p>
   </div>
   <div class='ocr_carea' id='block_1_33' title="bbox 482 3359 2006 3437">
    <p class='ocr_par' dir='ltr' id='par_1_33' title="bbox 482 3359 2006 3437">
     <span class='ocr_line' id='line_1_34' title="bbox 482 3359 2006 3437; baseline 0.013 -25"><span class='ocrx_word' id='word_1_449' title='bbox 482 3359 571 3413; x_wconf 78' lang='lat'><em>13.</em></span> <span class='ocrx_word' id='word_1_450' title='bbox 588 3361 799 3418; x_wconf 68' lang='lat' dir='ltr'><em>LANFR.</em></span> <span class='ocrx_word' id='word_1_451' title='bbox 821 3367 1056 3421; x_wconf 87' lang='lat' dir='ltr'><em>Tametsi</em></span> <span class='ocrx_word' id='word_1_452' title='bbox 1077 3370 1226 3423; x_wconf 88' lang='lat' dir='ltr'><em>nihil</em></span> <span class='ocrx_word' id='word_1_453' title='bbox 1244 3387 1390 3425; x_wconf 89' lang='lat' dir='ltr'><em>sum.</em></span> <span class='ocrx_word' id='word_1_454' title='bbox 1409 3372 1676 3437; x_wconf 88' lang='lat' dir='ltr'><em>Quamvis</em></span> <span class='ocrx_word' id='word_1_455' title='bbox 1698 3376 2006 3432; x_wconf 87' lang='lat' dir='ltr'><em>secundum</em></span> 
     </span>
    </p>
   </div>
   <div class='ocr_carea' id='block_1_34' title="bbox 413 3450 2006 3531">
    <p class='ocr_par' dir='ltr' id='par_1_34' title="bbox 413 3450 2006 3531">
     <span class='ocr_line' id='line_1_35' title="bbox 413 3450 2006 3531; baseline 0.013 -33"><span class='ocrx_word' id='word_1_456' title='bbox 413 3450 787 3517; x_wconf 84' lang='lat' dir='ltr'><em>quorumdam</em></span> <span class='ocrx_word' id='word_1_457' title='bbox 831 3454 1133 3510; x_wconf 88' lang='lat' dir='ltr'><em>stultorum</em></span> <span class='ocrx_word' id='word_1_458' title='bbox 1187 3458 1525 3529; x_wconf 90' lang='lat' dir='ltr'><em>opinionem,</em></span> <span class='ocrx_word' id='word_1_459' title='bbox 1562 3462 1705 3517; x_wconf 85' lang='lat' dir='ltr'><em>nihil</em></span> <span class='ocrx_word' id='word_1_460' title='bbox 1750 3481 1895 3531; x_wconf 91' lang='lat' dir='ltr'><em>sum,</em></span> <span class='ocrx_word' id='word_1_461' title='bbox 1939 3482 2006 3521; x_wconf 91' lang='lat' dir='ltr'><em>ea</em></span> 
     </span>
    </p>
   </div>
   <div class='ocr_carea' id='block_1_35' title="bbox 410 3536 2004 3622">
    <p class='ocr_par' dir='ltr' id='par_1_35' title="bbox 410 3536 2004 3622">
     <span class='ocr_line' id='line_1_36' title="bbox 410 3536 2004 3622; baseline 0.015 -36"><span class='ocrx_word' id='word_1_462' title='bbox 410 3537 602 3590; x_wconf 88' lang='lat' dir='ltr'><em>tamen</em></span> <span class='ocrx_word' id='word_1_463' title='bbox 631 3536 735 3592; x_wconf 84' lang='lat' dir='ltr'><em>feci</em></span> <span class='ocrx_word' id='word_1_464' title='bbox 782 3557 953 3612; x_wconf 89' lang='lat' dir='ltr'><em>super</em></span> <span class='ocrx_word' id='word_1_465' title='bbox 979 3561 1075 3599; x_wconf 91' lang='lat' dir='ltr'><em>vos</em></span> <span class='ocrx_word' id='word_1_466' title='bbox 1122 3562 1245 3618; x_wconf 64' lang='lat' dir='ltr'><em>quae</em></span> <span class='ocrx_word' id='word_1_467' title='bbox 1284 3550 1469 3604; x_wconf 88' lang='lat' dir='ltr'><em>solent</em></span> <span class='ocrx_word' id='word_1_468' title='bbox 1516 3554 1831 3622; x_wconf 88' lang='lat' dir='ltr'><em>apostolum</em></span> <span class='ocrx_word' id='word_1_469' title='bbox 1862 3555 2004 3609; x_wconf 92' lang='lat' dir='ltr'><em>desi-</em></span> 
     </span>
    </p>
   </div>
   <div class='ocr_carea' id='block_1_36' title="bbox 409 3627 2007 3713">
    <p class='ocr_par' dir='ltr' id='par_1_36' title="bbox 409 3627 2007 3713">
     <span class='ocr_line' id='line_1_37' title="bbox 409 3627 2007 3713; baseline 0.015 -37"><span class='ocrx_word' id='word_1_470' title='bbox 409 3638 610 3693; x_wconf 84' lang='lat' dir='ltr'><em>gnare.</em></span> <span class='ocrx_word' id='word_1_471' title='bbox 634 3627 873 3685; x_wconf 89' lang='lat' dir='ltr'><em>Omnem</em></span> <span class='ocrx_word' id='word_1_472' title='bbox 898 3632 1229 3703; x_wconf 83' lang='lat' dir='ltr'><em>patientiam</em></span> <span class='ocrx_word' id='word_1_473' title='bbox 1252 3637 1400 3692; x_wconf 91' lang='lat' dir='ltr'><em>inter</em></span> <span class='ocrx_word' id='word_1_474' title='bbox 1425 3656 1520 3695; x_wconf 89' lang='lat' dir='ltr'><em>vos</em></span> <span class='ocrx_word' id='word_1_475' title='bbox 1547 3640 1740 3708; x_wconf 88' lang='lat' dir='ltr'><em>habui,</em></span> <span class='ocrx_word' id='word_1_476' title='bbox 1763 3642 1924 3713; x_wconf 89' lang='lat' dir='ltr'><em>signa</em></span> <span class='ocrx_word' id='word_1_477' title='bbox 1948 3649 2007 3701; x_wconf 92' lang='lat' dir='ltr'><em>et</em></span> 
     </span>
    </p>
   </div>
   <div class='ocr_carea' id='block_1_37' title="bbox 407 3712 1998 3802">
    <p class='ocr_par' dir='ltr' id='par_1_37' title="bbox 407 3712 1998 3802">
     <span class='ocr_line' id='line_1_38' title="bbox 407 3712 1998 3802; baseline 0.014 -37"><span class='ocrx_word' id='word_1_478' title='bbox 407 3712 665 3802; x_wconf 80' lang='lat' dir='ltr'><em>prodigia</em></span> <span class='ocrx_word' id='word_1_479' title='bbox 690 3722 747 3772; x_wconf 89' lang='lat' dir='ltr'><em>et</em></span> <span class='ocrx_word' id='word_1_480' title='bbox 791 3725 1020 3776; x_wconf 82' lang='lat' dir='ltr'><em>caeteras</em></span> <span class='ocrx_word' id='word_1_481' title='bbox 1054 3723 1306 3793; x_wconf 82' lang='lat' dir='ltr'><em>virtutes,</em></span> <span class='ocrx_word' id='word_1_482' title='bbox 1355 3744 1482 3782; x_wconf 90' lang='lat' dir='ltr'><em>cum</em></span> <span class='ocrx_word' id='word_1_483' title='bbox 1529 3747 1669 3802; x_wconf 92' lang='lat' dir='ltr'><em>opus</em></span> <span class='ocrx_word' id='word_1_484' title='bbox 1716 3712 1840 3797; x_wconf 75' lang='lat' dir='ltr'><em>fuit,</em></span> <span class='ocrx_word' id='word_1_485' title='bbox 1875 3733 1998 3787; x_wconf 89' lang='lat' dir='ltr'><em>feci.</em></span> 
     </span>
    </p>
   </div>
   <div class='ocr_carea' id='block_1_38' title="bbox 406 3799 1998 3890">
    <p class='ocr_par' dir='ltr' id='par_1_38' title="bbox 406 3799 1998 3890">
     <span class='ocr_line' id='line_1_39' title="bbox 406 3799 1998 3890; baseline 0.015 -37"><span class='ocrx_word' id='word_1_486' title='bbox 406 3799 592 3857; x_wconf 90' lang='lat' dir='ltr'><em>Distat</em></span> <span class='ocrx_word' id='word_1_487' title='bbox 619 3810 810 3861; x_wconf 88' lang='lat' dir='ltr'><em>autem</em></span> <span class='ocrx_word' id='word_1_488' title='bbox 846 3809 997 3865; x_wconf 88' lang='lat' dir='ltr'><em>inter</em></span> <span class='ocrx_word' id='word_1_489' title='bbox 1020 3812 1264 3883; x_wconf 90' lang='lat' dir='ltr'><em>signum,</em></span> <span class='ocrx_word' id='word_1_490' title='bbox 1303 3823 1360 3870; x_wconf 91' lang='lat' dir='ltr'><em>et</em></span> <span class='ocrx_word' id='word_1_491' title='bbox 1391 3799 1709 3890; x_wconf 77' lang='lat' dir='ltr'><em>prodigium</em></span> <span class='ocrx_word' id='word_1_492' title='bbox 1741 3825 1798 3874; x_wconf 91' lang='lat' dir='ltr'><em>et</em></span> <span class='ocrx_word' id='word_1_493' title='bbox 1820 3823 1998 3876; x_wconf 85' lang='lat' dir='ltr'><em>virtu-</em></span> 
     </span>
    </p>
   </div>
   <div class='ocr_carea' id='block_1_39' title="bbox 408 3891 2000 3980">
    <p class='ocr_par' dir='ltr' id='par_1_39' title="bbox 408 3891 2000 3980">
     <span class='ocr_line' id='line_1_40' title="bbox 408 3891 2000 3980; baseline 0.015 -37"><span class='ocrx_word' id='word_1_494' title='bbox 408 3891 544 3980; x_wconf 83' lang='lat' dir='ltr'><em>tem.</em></span> <span class='ocrx_word' id='word_1_495' title='bbox 575 3892 809 3964; x_wconf 81' lang='lat' dir='ltr'><em>Signum</em></span> <span class='ocrx_word' id='word_1_496' title='bbox 841 3913 1019 3967; x_wconf 88' lang='lat' dir='ltr'><em>genus</em></span> <span class='ocrx_word' id='word_1_497' title='bbox 1063 3908 1149 3957; x_wconf 92' lang='lat' dir='ltr'><em>est</em></span> <span class='ocrx_word' id='word_1_498' title='bbox 1173 3904 1432 3976; x_wconf 89' lang='lat' dir='ltr'><em>prodigii.</em></span> <span class='ocrx_word' id='word_1_499' title='bbox 1464 3907 1657 3963; x_wconf 88' lang='lat' dir='ltr'><em>Virtus</em></span> <span class='ocrx_word' id='word_1_500' title='bbox 1703 3926 1883 3980; x_wconf 88' lang='lat' dir='ltr'><em>genus</em></span> <span class='ocrx_word' id='word_1_501' title='bbox 1913 3917 2000 3967; x_wconf 91' lang='lat' dir='ltr'><em>est</em></span> 
     </span>
    </p>
   </div>
   <div class='ocr_carea' id='block_1_40' title="bbox 406 3978 1992 4067">
    <p class='ocr_par' dir='ltr' id='par_1_40' title="bbox 406 3978 1992 4067">
     <span class='ocr_line' id='line_1_41' title="bbox 406 3978 1992 4067; baseline 0.015 -35"><span class='ocrx_word' id='word_1_502' title='bbox 406 3978 722 4067; x_wconf 84' lang='lat' dir='ltr'><em>utriusque.</em></span> <span class='ocrx_word' id='word_1_503' title='bbox 764 3984 955 4041; x_wconf 87' lang='lat' dir='ltr'><em>Virtus</em></span> <span class='ocrx_word' id='word_1_504' title='bbox 983 3993 1169 4060; x_wconf 89' lang='lat' dir='ltr'><em>potest</em></span> <span class='ocrx_word' id='word_1_505' title='bbox 1211 3995 1395 4048; x_wconf 90' lang='lat' dir='ltr'><em>vocari</em></span> <span class='ocrx_word' id='word_1_506' title='bbox 1427 4012 1592 4051; x_wconf 91' lang='lat' dir='ltr'><em>omne</em></span> <span class='ocrx_word' id='word_1_507' title='bbox 1622 3978 1992 4067; x_wconf 74' lang='lat' dir='ltr'><em>miraculum;</em></span> 
     </span>
    </p>
   </div>
   <div class='ocr_carea' id='block_1_41' title="bbox 404 4065 1998 4161">
    <p class='ocr_par' dir='ltr' id='par_1_41' title="bbox 404 4065 1998 4161">
     <span class='ocr_line' id='line_1_42' title="bbox 404 4065 1998 4161; baseline 0.015 -41"><span class='ocrx_word' id='word_1_508' title='bbox 404 4065 630 4161; x_wconf 83' lang='lat' dir='ltr'><em>signum</em></span> <span class='ocrx_word' id='word_1_509' title='bbox 674 4071 811 4128; x_wconf 88' lang='lat' dir='ltr'><em>illud</em></span> <span class='ocrx_word' id='word_1_510' title='bbox 847 4080 1070 4133; x_wconf 87' lang='lat' dir='ltr'><em>tantum</em></span> <span class='ocrx_word' id='word_1_511' title='bbox 1122 4082 1271 4152; x_wconf 90' lang='lat' dir='ltr'><em>quod</em></span> <span class='ocrx_word' id='word_1_512' title='bbox 1299 4082 1358 4137; x_wconf 94' lang='lat' dir='ltr'><em>in</em></span> <span class='ocrx_word' id='word_1_513' title='bbox 1387 4100 1720 4158; x_wconf 90' lang='lat' dir='ltr'><em>quocunque</em></span> <span class='ocrx_word' id='word_1_514' title='bbox 1746 4065 1998 4161; x_wconf 86' lang='lat' dir='ltr'><em>tempore</em></span> 
     </span>
    </p>
   </div>
   <div class='ocr_carea' id='block_1_42' title="bbox 2089 2936 3678 3009">
    <p class='ocr_par' dir='ltr' id='par_1_42' title="bbox 2089 2936 3678 3009">
     <span class='ocr_line' id='line_1_43' title="bbox 2089 2936 3678 3009; baseline 0.003 -18"><span class='ocrx_word' id='word_1_515' title='bbox 2089 2943 2180 2992; x_wconf 88' lang='lat' dir='ltr'><em>rat</em></span> <span class='ocrx_word' id='word_1_516' title='bbox 2207 2937 2278 2991; x_wconf 91' lang='lat' dir='ltr'><em>ad</em></span> <span class='ocrx_word' id='word_1_517' title='bbox 2308 2954 2421 3004; x_wconf 90' lang='lat' dir='ltr'><em>eos,</em></span> <span class='ocrx_word' id='word_1_518' title='bbox 2458 2941 2516 2993; x_wconf 92' lang='lat' dir='ltr'><em>et</em></span> <span class='ocrx_word' id='word_1_519' title='bbox 2538 2937 2650 2992; x_wconf 89' lang='lat' dir='ltr'><em>alia</em></span> <span class='ocrx_word' id='word_1_520' title='bbox 2675 2938 2792 2993; x_wconf 89' lang='lat' dir='ltr'><em>vice</em></span> <span class='ocrx_word' id='word_1_521' title='bbox 2816 2942 3047 3009; x_wconf 89' lang='lat' dir='ltr'><em>paratus</em></span> <span class='ocrx_word' id='word_1_522' title='bbox 3084 2936 3209 3002; x_wconf 84' lang='lat' dir='ltr'><em>fuit,</em></span> <span class='ocrx_word' id='word_1_523' title='bbox 3242 2937 3341 2993; x_wconf 87' lang='lat' dir='ltr'><em>sed</em></span> <span class='ocrx_word' id='word_1_524' title='bbox 3362 2954 3476 2993; x_wconf 90' lang='lat' dir='ltr'><em>non</em></span> <span class='ocrx_word' id='word_1_525' title='bbox 3507 2938 3678 3005; x_wconf 89' lang='lat' dir='ltr'><em>venit,</em></span> 
     </span>
    </p>
   </div>
   <div class='ocr_carea' id='block_1_43' title="bbox 2091 3027 3683 3101">
    <p class='ocr_par' dir='ltr' id='par_1_43' title="bbox 2091 3027 3683 3101">
     <span class='ocr_line' id='line_1_44' title="bbox 2091 3027 3683 3101; baseline 0.002 -20"><span class='ocrx_word' id='word_1_526' title='bbox 2091 3032 2148 3082; x_wconf 90' lang='lat' dir='ltr'><em>et</em></span> <span class='ocrx_word' id='word_1_527' title='bbox 2186 3027 2292 3081; x_wconf 90' lang='lat' dir='ltr'><em>hoc</em></span> <span class='ocrx_word' id='word_1_528' title='bbox 2332 3032 2417 3083; x_wconf 89' lang='lat' dir='ltr'><em>est</em></span> <span class='ocrx_word' id='word_1_529' title='bbox 2464 3027 2652 3095; x_wconf 89' lang='lat' dir='ltr'><em>tertio,</em></span> <span class='ocrx_word' id='word_1_530' title='bbox 2687 3027 2836 3101; x_wconf 92' lang='lat' dir='ltr'><em>quod</em></span> <span class='ocrx_word' id='word_1_531' title='bbox 2885 3027 2957 3082; x_wconf 89' lang='lat' dir='ltr'><em>ad</em></span> <span class='ocrx_word' id='word_1_532' title='bbox 3003 3044 3097 3083; x_wconf 91' lang='lat' dir='ltr'><em>eos</em></span> <span class='ocrx_word' id='word_1_533' title='bbox 3126 3032 3387 3099; x_wconf 88' lang='lat' dir='ltr'><em>paratum</em></span> <span class='ocrx_word' id='word_1_534' title='bbox 3444 3043 3505 3082; x_wconf 88' lang='lat' dir='ltr'><em>se</em></span> <span class='ocrx_word' id='word_1_535' title='bbox 3547 3027 3683 3084; x_wconf 88' lang='lat' dir='ltr'><em>dicit</em></span> 
     </span>
    </p>
   </div>
   <div class='ocr_carea' id='block_1_44' title="bbox 2089 3115 2305 3174">
    <p class='ocr_par' dir='ltr' id='par_1_44' title="bbox 2089 3115 2305 3174">
     <span class='ocr_line' id='line_1_45' title="bbox 2089 3115 2305 3174; baseline 0.023 -5"><span class='ocrx_word' id='word_1_536' title='bbox 2089 3115 2279 3171; x_wconf 88' lang='lat' dir='ltr'><em>venire</em></span> <span class='ocrx_word' id='word_1_537' title='bbox 2291 3160 2305 3174; x_wconf 96' lang='lat'><em>.</em></span> 
     </span>
    </p>
   </div>
   <div class='ocr_carea' id='block_1_45' title="bbox 2165 3202 3680 3273">
    <p class='ocr_par' dir='ltr' id='par_1_45' title="bbox 2165 3202 3680 3273">
     <span class='ocr_line' id='line_1_46' title="bbox 2165 3202 3680 3273; baseline 0 -13"><span class='ocrx_word' id='word_1_538' title='bbox 2165 3202 2249 3261; x_wconf 90' lang='lat'><em>18.</em></span> <span class='ocrx_word' id='word_1_539' title='bbox 2280 3205 2404 3260; x_wconf 84' lang='lat' dir='ltr'><em>Non</em></span> <span class='ocrx_word' id='word_1_540' title='bbox 2431 3220 2523 3259; x_wconf 85' lang='lat' dir='ltr'><em>ero</em></span> <span class='ocrx_word' id='word_1_541' title='bbox 2546 3206 2732 3273; x_wconf 87' lang='lat' dir='ltr'><em>gravis</em></span> <span class='ocrx_word' id='word_1_542' title='bbox 2757 3207 2923 3260; x_wconf 86' lang='lat' dir='ltr'><em>vobis.</em></span> <span class='ocrx_word' id='word_1_543' title='bbox 2949 3205 3034 3260; x_wconf 91' lang='lat' dir='ltr'><em>Ne</em></span> <span class='ocrx_word' id='word_1_544' title='bbox 3067 3205 3350 3260; x_wconf 87' lang='lat' dir='ltr'><em>diceretur</em></span> <span class='ocrx_word' id='word_1_545' title='bbox 3375 3205 3503 3260; x_wconf 91' lang='lat' dir='ltr'><em>ideo</em></span> <span class='ocrx_word' id='word_1_546' title='bbox 3529 3220 3680 3260; x_wconf 91' lang='lat' dir='ltr'><em>nunc</em></span> 
     </span>
    </p>
   </div>
   <div class='ocr_carea' id='block_1_46' title="bbox 2088 3293 3680 3368">
    <p class='ocr_par' dir='ltr' id='par_1_46' title="bbox 2088 3293 3680 3368">
     <span class='ocr_line' id='line_1_47' title="bbox 2088 3293 3680 3368; baseline 0.001 -22"><span class='ocrx_word' id='word_1_547' title='bbox 2088 3293 2296 3360; x_wconf 90' lang='lat' dir='ltr'><em>venire,</em></span> <span class='ocrx_word' id='word_1_548' title='bbox 2319 3298 2384 3348; x_wconf 89' lang='lat' dir='ltr'><em>ut</em></span> <span class='ocrx_word' id='word_1_549' title='bbox 2403 3293 2673 3365; x_wconf 89' lang='lat' dir='ltr'><em>quidquid</em></span> <span class='ocrx_word' id='word_1_550' title='bbox 2694 3294 2828 3348; x_wconf 89' lang='lat' dir='ltr'><em>olim</em></span> <span class='ocrx_word' id='word_1_551' title='bbox 2858 3294 2939 3349; x_wconf 90' lang='lat' dir='ltr'><em>eis</em></span> <span class='ocrx_word' id='word_1_552' title='bbox 2958 3300 3288 3368; x_wconf 88' lang='lat' dir='ltr'><em>pepercerat</em></span> <span class='ocrx_word' id='word_1_553' title='bbox 3306 3294 3471 3350; x_wconf 89' lang='lat' dir='ltr'><em>modo</em></span> <span class='ocrx_word' id='word_1_554' title='bbox 3500 3294 3680 3349; x_wconf 80' lang='lat' dir='ltr'><em>subri-</em></span> 
     </span>
    </p>
   </div>
   <div class='ocr_carea' id='block_1_47' title="bbox 2085 3381 3675 3456">
    <p class='ocr_par' dir='ltr' id='par_1_47' title="bbox 2085 3381 3675 3456">
     <span class='ocr_line' id='line_1_48' title="bbox 2085 3381 3675 3456; baseline 0.001 -20"><span class='ocrx_word' id='word_1_555' title='bbox 2085 3386 2270 3453; x_wconf 89' lang='lat' dir='ltr'><em>peret,</em></span> <span class='ocrx_word' id='word_1_556' title='bbox 2295 3381 2431 3435; x_wconf 89' lang='lat' dir='ltr'><em>dicit</em></span> <span class='ocrx_word' id='word_1_557' title='bbox 2457 3398 2469 3434; x_wconf 90' lang='lat'><strong>:</strong></span> <span class='ocrx_word' id='word_1_558' title='bbox 2502 3382 2624 3436; x_wconf 92' lang='lat' dir='ltr'><em>Non</em></span> <span class='ocrx_word' id='word_1_559' title='bbox 2657 3398 2751 3437; x_wconf 91' lang='lat' dir='ltr'><em>ero</em></span> <span class='ocrx_word' id='word_1_560' title='bbox 2778 3381 2964 3454; x_wconf 86' lang='lat' dir='ltr'><em>gravis</em></span> <span class='ocrx_word' id='word_1_561' title='bbox 2990 3382 3165 3448; x_wconf 88' lang='lat' dir='ltr'><em>vobis,</em></span> <span class='ocrx_word' id='word_1_562' title='bbox 3188 3382 3322 3455; x_wconf 90' lang='lat' dir='ltr'><em>quia</em></span> <span class='ocrx_word' id='word_1_563' title='bbox 3348 3398 3461 3438; x_wconf 91' lang='lat' dir='ltr'><em>non</em></span> <span class='ocrx_word' id='word_1_564' title='bbox 3489 3397 3675 3456; x_wconf 61' lang='lat' dir='ltr'><em>quem</em></span> 
     </span>
    </p>
   </div>
   <div class='ocr_carea' id='block_1_48' title="bbox 2085 3473 3176 3544">
    <p class='ocr_par' dir='ltr' id='par_1_48' title="bbox 2085 3473 3176 3544">
     <span class='ocr_line' id='line_1_49' title="bbox 2085 3473 3176 3544; baseline 0.002 -18"><span class='ocrx_word' id='word_1_565' title='bbox 2085 3478 2289 3541; x_wconf 89' lang='lat' dir='ltr'><em>vestra,</em></span> <span class='ocrx_word' id='word_1_566' title='bbox 2322 3478 2379 3529; x_wconf 92' lang='lat' dir='ltr'><em>et</em></span> <span class='ocrx_word' id='word_1_567' title='bbox 2402 3474 2507 3528; x_wconf 92' lang='lat' dir='ltr'><em>hoc</em></span> <span class='ocrx_word' id='word_1_568' title='bbox 2528 3478 2630 3540; x_wconf 90' lang='lat' dir='ltr'><em>est,</em></span> <span class='ocrx_word' id='word_1_569' title='bbox 2654 3490 2767 3528; x_wconf 93' lang='lat' dir='ltr'><em>non</em></span> <span class='ocrx_word' id='word_1_570' title='bbox 2789 3473 3034 3544; x_wconf 88' lang='lat' dir='ltr'><em>gravabo</em></span> <span class='ocrx_word' id='word_1_571' title='bbox 3061 3490 3176 3528; x_wconf 91' lang='lat' dir='ltr'><em>vos.</em></span> 
     </span>
    </p>
   </div>
   <div class='ocr_carea' id='block_1_49' title="bbox 2162 3561 3676 3630">
    <p class='ocr_par' dir='ltr' id='par_1_49' title="bbox 2162 3561 3676 3630">
     <span class='ocr_line' id='line_1_50' title="bbox 2162 3561 3676 3630; baseline -0.001 -12"><span class='ocrx_word' id='word_1_572' title='bbox 2162 3561 2243 3618; x_wconf 89' lang='grc'>19.</span> <span class='ocrx_word' id='word_1_573' title='bbox 2273 3564 2518 3617; x_wconf 73' lang='lat' dir='ltr'><em>Ansaos.</em></span> <span class='ocrx_word' id='word_1_574' title='bbox 2552 3564 2658 3618; x_wconf 85' lang='lat' dir='ltr'><em>Nec</em></span> <span class='ocrx_word' id='word_1_575' title='bbox 2701 3566 2853 3617; x_wconf 90' lang='lat' dir='ltr'><em>enim</em></span> <span class='ocrx_word' id='word_1_576' title='bbox 2912 3564 3102 3617; x_wconf 89' lang='lat' dir='ltr'><em>debent</em></span> <span class='ocrx_word' id='word_1_577' title='bbox 3148 3563 3275 3630; x_wconf 79' lang='lat' dir='ltr'><em>ﬁlii.</em></span> <span class='ocrx_word' id='word_1_578' title='bbox 3335 3562 3558 3617; x_wconf 87' lang='lat' dir='ltr'><em>Patrem</em></span> <span class='ocrx_word' id='word_1_579' title='bbox 3615 3578 3676 3617; x_wconf 90' lang='lat' dir='ltr'><em>se</em></span> 
     </span>
    </p>
   </div>
   <div class='ocr_carea' id='block_1_50' title="bbox 2086 3650 3672 3723">
    <p class='ocr_par' dir='ltr' id='par_1_50' title="bbox 2086 3650 3672 3723">
     <span class='ocr_line' id='line_1_51' title="bbox 2086 3650 3672 3723; baseline 0 -18"><span class='ocrx_word' id='word_1_580' title='bbox 2086 3667 2280 3706; x_wconf 89' lang='lat' dir='ltr'><em>eorum</em></span> <span class='ocrx_word' id='word_1_581' title='bbox 2309 3651 2606 3723; x_wconf 89' lang='lat' dir='ltr'><em>signiﬁcat.</em></span> <span class='ocrx_word' id='word_1_582' title='bbox 2650 3651 2916 3706; x_wconf 88' lang='lat' dir='ltr'><em>Carnales</em></span> <span class='ocrx_word' id='word_1_583' title='bbox 2962 3655 3154 3706; x_wconf 88' lang='lat' dir='ltr'><em>tamen</em></span> <span class='ocrx_word' id='word_1_584' title='bbox 3195 3656 3385 3723; x_wconf 86' lang='lat' dir='ltr'><em>patres</em></span> <span class='ocrx_word' id='word_1_585' title='bbox 3414 3656 3548 3705; x_wconf 91' lang='lat' dir='ltr'><em>sunt</em></span> <span class='ocrx_word' id='word_1_586' title='bbox 3576 3650 3672 3722; x_wconf 91' lang='lat' dir='ltr'><em>qui</em></span> 
     </span>
    </p>
   </div>
   <div class='ocr_carea' id='block_1_51' title="bbox 2084 3739 3676 3812">
    <p class='ocr_par' dir='ltr' id='par_1_51' title="bbox 2084 3739 3676 3812">
     <span class='ocr_line' id='line_1_52' title="bbox 2084 3739 3676 3812; baseline 0.001 -18"><span class='ocrx_word' id='word_1_587' title='bbox 2084 3740 2213 3794; x_wconf 87' lang='lat' dir='ltr'><em>ﬁliis</em></span> <span class='ocrx_word' id='word_1_588' title='bbox 2235 3740 2635 3795; x_wconf 87' lang='lat' dir='ltr'><em>thesaurizant.</em></span> <span class='ocrx_word' id='word_1_589' title='bbox 2661 3741 2803 3794; x_wconf 90' lang='lat' dir='ltr'><em>Nam</em></span> <span class='ocrx_word' id='word_1_590' title='bbox 2835 3739 3157 3812; x_wconf 91' lang='lat' dir='ltr'><em>spirituales</em></span> <span class='ocrx_word' id='word_1_591' title='bbox 3187 3740 3419 3811; x_wconf 88' lang='lat' dir='ltr'><em>dignum</em></span> <span class='ocrx_word' id='word_1_592' title='bbox 3449 3744 3534 3794; x_wconf 90' lang='lat' dir='ltr'><em>est</em></span> <span class='ocrx_word' id='word_1_593' title='bbox 3560 3745 3624 3794; x_wconf 92' lang='lat' dir='ltr'><em>ut</em></span> <span class='ocrx_word' id='word_1_594' title='bbox 3641 3756 3676 3795; x_wconf 87' lang='lat' dir='ltr'><em>a</em></span> 
     </span>
    </p>
   </div>
   <div class='ocr_carea' id='block_1_52' title="bbox 2083 3828 3673 3901">
    <p class='ocr_par' dir='ltr' id='par_1_52' title="bbox 2083 3828 3673 3901">
     <span class='ocr_line' id='line_1_53' title="bbox 2083 3828 3673 3901; baseline 0 -18"><span class='ocrx_word' id='word_1_595' title='bbox 2083 3828 2213 3883; x_wconf 85' lang='lat' dir='ltr'><em>ﬁliis</em></span> <span class='ocrx_word' id='word_1_596' title='bbox 2262 3830 2540 3901; x_wconf 90' lang='lat' dir='ltr'><em>accipiant</em></span> <span class='ocrx_word' id='word_1_597' title='bbox 2568 3834 2846 3900; x_wconf 89' lang='lat' dir='ltr'><em>sumptus.</em></span> <span class='ocrx_word' id='word_1_598' title='bbox 2887 3829 2991 3884; x_wconf 90' lang='lat' dir='ltr'><em>Hic</em></span> <span class='ocrx_word' id='word_1_599' title='bbox 3025 3835 3216 3884; x_wconf 90' lang='lat' dir='ltr'><em>autem</em></span> <span class='ocrx_word' id='word_1_600' title='bbox 3263 3829 3324 3883; x_wconf 93' lang='lat' dir='ltr'><em>in</em></span> <span class='ocrx_word' id='word_1_601' title='bbox 3353 3832 3574 3884; x_wconf 88' lang='lat' dir='ltr'><em>tantum</em></span> <span class='ocrx_word' id='word_1_602' title='bbox 3614 3844 3673 3883; x_wconf 90' lang='lat' dir='ltr'><em>se</em></span> 
     </span>
    </p>
   </div>
   <div class='ocr_carea' id='block_1_53' title="bbox 2079 3918 3673 3990">
    <p class='ocr_par' dir='ltr' id='par_1_53' title="bbox 2079 3918 3673 3990">
     <span class='ocr_line' id='line_1_54' title="bbox 2079 3918 3673 3990; baseline 0 -18"><span class='ocrx_word' id='word_1_603' title='bbox 2079 3918 2280 3990; x_wconf 88' lang='lat' dir='ltr'><em>probat</em></span> <span class='ocrx_word' id='word_1_604' title='bbox 2308 3919 2457 3974; x_wconf 92' lang='lat' dir='ltr'><em>nolle</em></span> <span class='ocrx_word' id='word_1_605' title='bbox 2486 3919 2736 3990; x_wconf 89' lang='lat' dir='ltr'><em>accipere</em></span> <span class='ocrx_word' id='word_1_606' title='bbox 2766 3924 2831 3973; x_wconf 90' lang='lat' dir='ltr'><em>ut</em></span> <span class='ocrx_word' id='word_1_607' title='bbox 2847 3918 3151 3974; x_wconf 82' lang='lat' dir='ltr'><em>transferat</em></span> <span class='ocrx_word' id='word_1_608' title='bbox 3176 3934 3403 3974; x_wconf 87' lang='lat' dir='ltr'><em>causam</em></span> <span class='ocrx_word' id='word_1_609' title='bbox 3433 3918 3673 3973; x_wconf 87' lang='lat' dir='ltr'><em>carnalis</em></span> 
     </span>
    </p>
   </div>
   <div class='ocr_carea' id='block_1_54' title="bbox 2079 4007 2993 4078">
    <p class='ocr_par' dir='ltr' id='par_1_54' title="bbox 2079 4007 2993 4078">
     <span class='ocr_line' id='line_1_55' title="bbox 2079 4007 2993 4078; baseline 0.001 -17"><span class='ocrx_word' id='word_1_610' title='bbox 2079 4007 2255 4078; x_wconf 90' lang='lat' dir='ltr'><em>patris</em></span> <span class='ocrx_word' id='word_1_611' title='bbox 2283 4008 2355 4062; x_wconf 90' lang='lat' dir='ltr'><em>ad</em></span> <span class='ocrx_word' id='word_1_612' title='bbox 2392 4007 2765 4078; x_wconf 87' lang='lat' dir='ltr'><em>spiritualem.</em></span> <span class='ocrx_word' id='word_1_613' title='bbox 2984 4071 2993 4075; x_wconf 90' lang='lat'><strong>_</strong></span> 
     </span>
    </p>
   </div>
   <div class='ocr_carea' id='block_1_55' title="bbox 2149 4094 3671 4165">
    <p class='ocr_par' dir='ltr' id='par_1_55' title="bbox 2149 4094 3671 4165">
     <span class='ocr_line' id='line_1_56' title="bbox 2149 4094 3671 4165; baseline -0.002 -13"><span class='ocrx_word' id='word_1_614' title='bbox 2149 4094 2246 4153; x_wconf 76' lang='lat'><em>20.</em></span> <span class='ocrx_word' id='word_1_615' title='bbox 2285 4097 2398 4165; x_wconf 88' lang='lat' dir='ltr'><em>Ego</em></span> <span class='ocrx_word' id='word_1_616' title='bbox 2426 4101 2610 4150; x_wconf 87' lang='lat' dir='ltr'><em>autem</em></span> <span class='ocrx_word' id='word_1_617' title='bbox 2638 4097 3015 4151; x_wconf 86' lang='lat' dir='ltr'><em>libentissime.</em></span> <span class='ocrx_word' id='word_1_618' title='bbox 3045 4094 3193 4150; x_wconf 89' lang='lat' dir='ltr'><em>Dicit</em></span> <span class='ocrx_word' id='word_1_619' title='bbox 3221 4109 3334 4150; x_wconf 91' lang='lat' dir='ltr'><em>non</em></span> <span class='ocrx_word' id='word_1_620' title='bbox 3361 4094 3543 4149; x_wconf 90' lang='lat' dir='ltr'><em>solum</em></span> <span class='ocrx_word' id='word_1_621' title='bbox 3568 4110 3671 4149; x_wconf 91' lang='lat' dir='ltr'><em>sua</em></span> 
     </span>
    </p>
   </div>
   <div class='ocr_carea' id='block_1_56' title="bbox 408 4155 3671 4257">
    <p class='ocr_par' dir='ltr' id='par_1_56' title="bbox 408 4155 3671 4257">
     <span class='ocr_line' id='line_1_57' title="bbox 408 4155 3671 4257; baseline 0.001 -23"><span class='ocrx_word' id='word_1_622' title='bbox 408 4155 621 4257; x_wconf 28' lang='lat' dir='ltr'><em>fimi-uid</em></span> <span class='ocrx_word' id='word_1_623' title='bbox 693 4162 1022 4236; x_wconf 70' lang='grc' dir='ltr'><em>είεηίίῑοεις</em></span> <span class='ocrx_word' id='word_1_624' title='bbox 1090 4171 1407 4242; x_wconf 77' lang='lat' dir='ltr'><em>PPOdigium</em></span> <span class='ocrx_word' id='word_1_625' title='bbox 1477 4155 1646 4246; x_wconf 29' lang='lat' dir='ltr'><em>quod“</em></span> <span class='ocrx_word' id='word_1_626' title='bbox 1688 4176 1745 4230; x_wconf 93' lang='lat' dir='ltr'><em>in</em></span> <span class='ocrx_word' id='word_1_627' title='bbox 1809 4155 2062 4232; x_wconf 76' lang='lat' dir='ltr'><em>futuroB</em></span> <span class='ocrx_word' id='word_1_628' title='bbox 2081 4200 2183 4256; x_wconf 89' lang='lat' dir='ltr'><em>pro</em></span> <span class='ocrx_word' id='word_1_629' title='bbox 2233 4155 2413 4239; x_wconf 73' lang='lat' dir='ltr'><em>salute</em></span> <span class='ocrx_word' id='word_1_630' title='bbox 2450 4200 2646 4239; x_wconf 88' lang='lat' dir='ltr'><em>eorum</em></span> <span class='ocrx_word' id='word_1_631' title='bbox 2674 4184 3016 4257; x_wconf 82' lang='lat' dir='ltr'><em>impendere,</em></span> <span class='ocrx_word' id='word_1_632' title='bbox 3065 4184 3165 4240; x_wconf 90' lang='lat' dir='ltr'><em>sed</em></span> <span class='ocrx_word' id='word_1_633' title='bbox 3201 4200 3261 4239; x_wconf 91' lang='lat' dir='ltr'><em>se</em></span> <span class='ocrx_word' id='word_1_634' title='bbox 3309 4183 3481 4239; x_wconf 89' lang='lat' dir='ltr'><em>etiam</em></span> <span class='ocrx_word' id='word_1_635' title='bbox 3528 4184 3671 4238; x_wconf 89' lang='lat' dir='ltr'><em>mori</em></span> 
     </span>
    </p>
   </div>
   <div class='ocr_carea' id='block_1_57' title="bbox 405 4249 647 4305">
    <p class='ocr_par' dir='ltr' id='par_1_57' title="bbox 405 4249 647 4305">
     <span class='ocr_line' id='line_1_58' title="bbox 405 4249 647 4305; baseline 0.017 -4"><span class='ocrx_word' id='word_1_636' title='bbox 405 4249 647 4305; x_wconf 84' lang='lat' dir='ltr'><em>tantum.</em></span> 
     </span>
    </p>
   </div>
   <div class='ocr_carea' id='block_1_58' title="bbox 485 4336 1994 4427">
    <p class='ocr_par' dir='ltr' id='par_1_58' title="bbox 485 4336 1994 4427">
     <span class='ocr_line' id='line_1_59' title="bbox 485 4336 1994 4427; baseline 0.011 -33"><span class='ocrx_word' id='word_1_637' title='bbox 485 4336 566 4427; x_wconf 79' lang='grc'><em>14.</em></span> <span class='ocrx_word' id='word_1_638' title='bbox 596 4341 741 4408; x_wconf 78' lang='lat' dir='ltr'><em>Quid</em></span> <span class='ocrx_word' id='word_1_639' title='bbox 755 4347 831 4397; x_wconf 88' lang='lat' dir='ltr'><em>est</em></span> <span class='ocrx_word' id='word_1_640' title='bbox 849 4347 1020 4402; x_wconf 87' lang='lat' dir='ltr'><em>enim.</em></span> <span class='ocrx_word' id='word_1_641' title='bbox 1041 4347 1399 4420; x_wconf 86' lang='lat' dir='ltr'><em>Superiorem</em></span> <span class='ocrx_word' id='word_1_642' title='bbox 1419 4354 1756 4410; x_wconf 88' lang='lat' dir='ltr'><em>sententiam</em></span> <span class='ocrx_word' id='word_1_643' title='bbox 1774 4355 1994 4427; x_wconf 89' lang='lat' dir='ltr'><em>probat.</em></span> 
     </span>
    </p>
   </div>
   <div class='ocr_carea' id='block_1_59' title="bbox 408 4425 2002 4518">
    <p class='ocr_par' dir='ltr' id='par_1_59' title="bbox 408 4425 2002 4518">
     <span class='ocr_line' id='line_1_60' title="bbox 408 4425 2002 4518; baseline 0.014 -41"><span class='ocrx_word' id='word_1_644' title='bbox 408 4425 773 4518; x_wconf 28' lang='lat' dir='ltr'><em>lVihil-minus</em></span> <span class='ocrx_word' id='word_1_645' title='bbox 788 4435 912 4501; x_wconf 86' lang='lat' dir='ltr'><em>feci,</em></span> <span class='ocrx_word' id='word_1_646' title='bbox 945 4441 1051 4490; x_wconf 89' lang='lat' dir='ltr'><em>etc.</em></span> <span class='ocrx_word' id='word_1_647' title='bbox 1084 4438 1254 4502; x_wconf 88' lang='lat' dir='ltr'><em>Quasi</em></span> <span class='ocrx_word' id='word_1_648' title='bbox 1279 4440 1464 4496; x_wconf 89' lang='lat' dir='ltr'><em>dicere</em></span> <span class='ocrx_word' id='word_1_649' title='bbox 1488 4444 1555 4515; x_wconf 91' lang='lat' dir='ltr'><em>[f.</em></span> <span class='ocrx_word' id='word_1_650' title='bbox 1586 4425 1819 4518; x_wconf 75' lang='lat' dir='ltr'><em>diceret]</em></span> <span class='ocrx_word' id='word_1_651' title='bbox 1851 4464 1862 4498; x_wconf 90' lang='lat'>:</span> <span class='ocrx_word' id='word_1_652' title='bbox 1891 4444 2002 4499; x_wconf 90' lang='lat' dir='ltr'><em>Per</em></span> 
     </span>
    </p>
   </div>
   <div class='ocr_carea' id='block_1_60' title="bbox 407 4511 1995 4604">
    <p class='ocr_par' dir='ltr' id='par_1_60' title="bbox 407 4511 1995 4604">
     <span class='ocr_line' id='line_1_61' title="bbox 407 4511 1995 4604; baseline 0.013 -38"><span class='ocrx_word' id='word_1_653' title='bbox 407 4511 513 4567; x_wconf 91' lang='lat' dir='ltr'><em>hoc</em></span> <span class='ocrx_word' id='word_1_654' title='bbox 541 4515 719 4588; x_wconf 88' lang='lat' dir='ltr'><em>liquet</em></span> <span class='ocrx_word' id='word_1_655' title='bbox 767 4538 858 4578; x_wconf 89' lang='lat' dir='ltr'><em>me</em></span> <span class='ocrx_word' id='word_1_656' title='bbox 894 4525 1036 4581; x_wconf 91' lang='lat' dir='ltr'><em>nihil</em></span> <span class='ocrx_word' id='word_1_657' title='bbox 1082 4528 1270 4584; x_wconf 90' lang='lat' dir='ltr'><em>minus</em></span> <span class='ocrx_word' id='word_1_658' title='bbox 1298 4530 1496 4586; x_wconf 88' lang='lat' dir='ltr'><em>fecisse</em></span> <span class='ocrx_word' id='word_1_659' title='bbox 1542 4532 1668 4587; x_wconf 90' lang='lat' dir='ltr'><em>aliis</em></span> <span class='ocrx_word' id='word_1_660' title='bbox 1708 4511 1995 4604; x_wconf 71' lang='lat' dir='ltr'><em>apostolis,</em></span> 
     </span>
    </p>
   </div>
   <div class='ocr_carea' id='block_1_61' title="bbox 408 4603 1998 4691">
    <p class='ocr_par' dir='ltr' id='par_1_61' title="bbox 408 4603 1998 4691">
     <span class='ocr_line' id='line_1_62' title="bbox 408 4603 1998 4691; baseline 0.013 -34"><span class='ocrx_word' id='word_1_661' title='bbox 408 4603 542 4673; x_wconf 87' lang='lat' dir='ltr'><em>quia</em></span> <span class='ocrx_word' id='word_1_662' title='bbox 567 4623 664 4661; x_wconf 90' lang='lat' dir='ltr'><em>vos</em></span> <span class='ocrx_word' id='word_1_663' title='bbox 704 4609 847 4665; x_wconf 90' lang='lat' dir='ltr'><em>nihil</em></span> <span class='ocrx_word' id='word_1_664' title='bbox 881 4614 1070 4669; x_wconf 89' lang='lat' dir='ltr'><em>minus</em></span> <span class='ocrx_word' id='word_1_665' title='bbox 1113 4616 1333 4672; x_wconf 90' lang='lat' dir='ltr'><em>habetis</em></span> <span class='ocrx_word' id='word_1_666' title='bbox 1366 4636 1535 4691; x_wconf 88' lang='lat' dir='ltr'><em>quam</em></span> <span class='ocrx_word' id='word_1_667' title='bbox 1577 4622 1700 4676; x_wconf 78' lang='lat' dir='ltr'><em>aliae</em></span> <span class='ocrx_word' id='word_1_668' title='bbox 1742 4603 1998 4678; x_wconf 67' lang='lat' dir='ltr'><em>Ecclesiae</em></span> 
     </span>
    </p>
   </div>
   <div class='ocr_carea' id='block_1_62' title="bbox 410 4694 1999 4779">
    <p class='ocr_par' dir='ltr' id='par_1_62' title="bbox 410 4694 1999 4779">
     <span class='ocr_line' id='line_1_63' title="bbox 410 4694 1999 4779; baseline 0.014 -33"><span class='ocrx_word' id='word_1_669' title='bbox 410 4708 533 4762; x_wconf 72' lang='lat' dir='ltr'><em>quae</em></span> <span class='ocrx_word' id='word_1_670' title='bbox 556 4694 841 4754; x_wconf 77' lang='lat' dir='ltr'><em>instructae</em></span> <span class='ocrx_word' id='word_1_671' title='bbox 869 4707 1004 4759; x_wconf 90' lang='lat' dir='ltr'><em>sunt</em></span> <span class='ocrx_word' id='word_1_672' title='bbox 1042 4703 1113 4757; x_wconf 90' lang='lat' dir='ltr'><em>ab</em></span> <span class='ocrx_word' id='word_1_673' title='bbox 1150 4705 1295 4774; x_wconf 85' lang='lat' dir='ltr'><em>illis;</em></span> <span class='ocrx_word' id='word_1_674' title='bbox 1328 4709 1521 4779; x_wconf 88' lang='lat' dir='ltr'><em>quales</em></span> <span class='ocrx_word' id='word_1_675' title='bbox 1552 4710 1702 4763; x_wconf 89' lang='lat' dir='ltr'><em>enim</em></span> <span class='ocrx_word' id='word_1_676' title='bbox 1731 4712 1846 4766; x_wconf 90' lang='lat' dir='ltr'><em>sint</em></span> <span class='ocrx_word' id='word_1_677' title='bbox 1876 4729 1999 4768; x_wconf 89' lang='lat' dir='ltr'><em>ma-</em></span> 
     </span>
    </p>
   </div>
   <div class='ocr_carea' id='block_1_63' title="bbox 405 4781 1997 4870">
    <p class='ocr_par' dir='ltr' id='par_1_63' title="bbox 405 4781 1997 4870">
     <span class='ocr_line' id='line_1_64' title="bbox 405 4781 1997 4870; baseline 0.013 -35"><span class='ocrx_word' id='word_1_678' title='bbox 405 4781 590 4853; x_wconf 90' lang='lat' dir='ltr'><em>gistri,</em></span> <span class='ocrx_word' id='word_1_679' title='bbox 620 4786 859 4857; x_wconf 89' lang='lat' dir='ltr'><em>probant</em></span> <span class='ocrx_word' id='word_1_680' title='bbox 907 4789 1184 4863; x_wconf 89' lang='lat' dir='ltr'><em>discipuli,</em></span> <span class='ocrx_word' id='word_1_681' title='bbox 1215 4793 1361 4849; x_wconf 90' lang='lat' dir='ltr'><em>sicut</em></span> <span class='ocrx_word' id='word_1_682' title='bbox 1389 4797 1581 4852; x_wconf 89' lang='lat' dir='ltr'><em>omnia</em></span> <span class='ocrx_word' id='word_1_683' title='bbox 1609 4814 1732 4870; x_wconf 80' lang='lat' dir='ltr'><em>quae</em></span> <span class='ocrx_word' id='word_1_684' title='bbox 1779 4800 1899 4855; x_wconf 89' lang='lat' dir='ltr'><em>sine</em></span> <span class='ocrx_word' id='word_1_685' title='bbox 1938 4819 1997 4856; x_wconf 89' lang='lat' dir='ltr'><em>se</em></span> 
     </span>
    </p>
   </div>
   <div class='ocr_carea' id='block_1_64' title="bbox 405 4883 948 4947">
    <p class='ocr_par' dir='ltr' id='par_1_64' title="bbox 405 4883 948 4947">
     <span class='ocr_line' id='line_1_65' title="bbox 405 4883 948 4947; baseline 0.015 -21"><span class='ocrx_word' id='word_1_686' title='bbox 405 4886 528 4927; x_wconf 88' lang='lat' dir='ltr'><em>esse</em></span> <span class='ocrx_word' id='word_1_687' title='bbox 557 4890 670 4930; x_wconf 90' lang='lat' dir='ltr'><em>non</em></span> <span class='ocrx_word' id='word_1_688' title='bbox 694 4883 948 4947; x_wconf 89' lang='lat' dir='ltr'><em>possunt.</em></span> 
     </span>
    </p>
   </div>
   <div class='ocr_carea' id='block_1_65' title="bbox 482 4961 1993 5038">
    <p class='ocr_par' dir='ltr' id='par_1_65' title="bbox 482 4961 1993 5038">
     <span class='ocr_line' id='line_1_66' title="bbox 482 4961 1993 5038; baseline 0.011 -20"><span class='ocrx_word' id='word_1_689' title='bbox 482 4961 563 5018; x_wconf 87' lang='lat'><em>15.</em></span> <span class='ocrx_word' id='word_1_690' title='bbox 602 4966 850 5024; x_wconf 73' lang='lat' dir='ltr'><em>AMBROS.</em></span> <span class='ocrx_word' id='word_1_691' title='bbox 883 4970 1027 5038; x_wconf 82' lang='lat' dir='ltr'><em>Quid</em></span> <span class='ocrx_word' id='word_1_692' title='bbox 1054 4976 1127 5026; x_wconf 88' lang='lat' dir='ltr'><em>est</em></span> <span class='ocrx_word' id='word_1_693' title='bbox 1163 4975 1330 5028; x_wconf 91' lang='lat' dir='ltr'><em>enim.</em></span> <span class='ocrx_word' id='word_1_694' title='bbox 1375 4975 1636 5031; x_wconf 87' lang='lat' dir='ltr'><em>Ostendit</em></span> <span class='ocrx_word' id='word_1_695' title='bbox 1667 4994 1778 5032; x_wconf 92' lang='lat' dir='ltr'><em>non</em></span> <span class='ocrx_word' id='word_1_696' title='bbox 1807 4979 1993 5034; x_wconf 91' lang='lat' dir='ltr'><em>minus</em></span> 
     </span>
    </p>
   </div>
   <div class='ocr_carea' id='block_1_66' title="bbox 406 5052 1991 5138">
    <p class='ocr_par' dir='ltr' id='par_1_66' title="bbox 406 5052 1991 5138">
     <span class='ocr_line' id='line_1_67' title="bbox 406 5052 1991 5138; baseline 0.011 -31"><span class='ocrx_word' id='word_1_697' title='bbox 406 5052 552 5116; x_wconf 90' lang='lat' dir='ltr'><em>illos.</em></span> <span class='ocrx_word' id='word_1_698' title='bbox 591 5056 690 5110; x_wconf 90' lang='lat' dir='ltr'><em>sed</em></span> <span class='ocrx_word' id='word_1_699' title='bbox 742 5058 1005 5129; x_wconf 90' lang='lat' dir='ltr'><em>amplius,</em></span> <span class='ocrx_word' id='word_1_700' title='bbox 1066 5063 1215 5133; x_wconf 92' lang='lat' dir='ltr'><em>quod</em></span> <span class='ocrx_word' id='word_1_701' title='bbox 1260 5066 1439 5134; x_wconf 85' lang='lat' dir='ltr'><em>gratis</em></span> <span class='ocrx_word' id='word_1_702' title='bbox 1483 5066 1592 5121; x_wconf 91' lang='lat' dir='ltr'><em>illis</em></span> <span class='ocrx_word' id='word_1_703' title='bbox 1628 5067 1991 5138; x_wconf 87' lang='lat' dir='ltr'><em>Evangelium</em></span> 
     </span>
    </p>
   </div>
   <div class='ocr_carea' id='block_1_67' title="bbox 404 5142 1989 5219">
    <p class='ocr_par' dir='ltr' id='par_1_67' title="bbox 404 5142 1989 5219">
     <span class='ocr_line' id='line_1_68' title="bbox 404 5142 1989 5219; baseline 0.009 -21"><span class='ocrx_word' id='word_1_704' title='bbox 404 5142 794 5217; x_wconf 66' lang='lat' dir='ltr'><em>praedicaverit</em></span> <span class='ocrx_word' id='word_1_705' title='bbox 838 5149 988 5219; x_wconf 89' lang='lat' dir='ltr'><em>quod</em></span> <span class='ocrx_word' id='word_1_706' title='bbox 1036 5151 1320 5207; x_wconf 90' lang='lat' dir='ltr'><em>nonnullis</em></span> <span class='ocrx_word' id='word_1_707' title='bbox 1358 5154 1615 5209; x_wconf 90' lang='lat' dir='ltr'><em>Ecclesiis</em></span> <span class='ocrx_word' id='word_1_708' title='bbox 1665 5172 1989 5214; x_wconf 88' lang='lat' dir='ltr'><em>concessum</em></span> 
     </span>
    </p>
   </div>
   <div class='ocr_carea' id='block_1_68' title="bbox 2078 4277 2365 4344">
    <p class='ocr_par' dir='ltr' id='par_1_68' title="bbox 2078 4277 2365 4344">
     <span class='ocr_line' id='line_1_69' title="bbox 2078 4277 2365 4344; baseline 0.017 -18"><span class='ocrx_word' id='word_1_709' title='bbox 2078 4277 2338 4344; x_wconf 89' lang='lat' dir='ltr'><em>paratum</em></span> <span class='ocrx_word' id='word_1_710' title='bbox 2353 4318 2365 4331; x_wconf 94' lang='lat'><em>.</em></span> 
     </span>
    </p>
   </div>
   <div class='ocr_carea' id='block_1_69' title="bbox 2149 4351 3669 4435">
    <p class='ocr_par' dir='ltr' id='par_1_69' title="bbox 2149 4351 3669 4435">
     <span class='ocr_line' id='line_1_70' title="bbox 2149 4351 3669 4435; baseline -0.002 -18"><span class='ocrx_word' id='word_1_711' title='bbox 2149 4360 2238 4417; x_wconf 82' lang='grc'>21.</span> <span class='ocrx_word' id='word_1_712' title='bbox 2261 4363 2472 4418; x_wconf 69' lang='lat' dir='ltr'><em>LANFR.</em></span> <span class='ocrx_word' id='word_1_713' title='bbox 2495 4364 2768 4435; x_wconf 84' lang='lat' dir='ltr'><em>Nunquid</em></span> <span class='ocrx_word' id='word_1_714' title='bbox 2789 4380 2890 4434; x_wconf 89' lang='lat' dir='ltr'><em>per</em></span> <span class='ocrx_word' id='word_1_715' title='bbox 2917 4366 3178 4434; x_wconf 86' lang='lat' dir='ltr'><em>aliquem.</em></span> <span class='ocrx_word' id='word_1_716' title='bbox 3208 4363 3294 4417; x_wconf 91' lang='lat' dir='ltr'><em>Ne</em></span> <span class='ocrx_word' id='word_1_717' title='bbox 3321 4361 3446 4433; x_wconf 89' lang='lat' dir='ltr'><em>quis</em></span> <span class='ocrx_word' id='word_1_718' title='bbox 3474 4360 3624 4415; x_wconf 88' lang='lat' dir='ltr'><em>dicat</em></span> <span class='ocrx_word' id='word_1_719' title='bbox 3654 4351 3669 4415; x_wconf 82' lang='grc' dir='ltr'>Ξ</span> 
     </span>
    </p>
   </div>
   <div class='ocr_carea' id='block_1_70' title="bbox 2079 4448 3672 4525">
    <p class='ocr_par' dir='ltr' id='par_1_70' title="bbox 2079 4448 3672 4525">
     <span class='ocr_line' id='line_1_71' title="bbox 2079 4448 3672 4525; baseline -0.002 -19"><span class='ocrx_word' id='word_1_720' title='bbox 2079 4452 2163 4506; x_wconf 91' lang='lat' dir='ltr'><em>Tu</em></span> <span class='ocrx_word' id='word_1_721' title='bbox 2190 4452 2416 4522; x_wconf 90' lang='lat' dir='ltr'><em>quidem</em></span> <span class='ocrx_word' id='word_1_722' title='bbox 2437 4469 2538 4525; x_wconf 90' lang='lat' dir='ltr'><em>per</em></span> <span class='ocrx_word' id='word_1_723' title='bbox 2556 4457 2614 4508; x_wconf 87' lang='lat' dir='ltr'><em>te</em></span> <span class='ocrx_word' id='word_1_724' title='bbox 2644 4470 2758 4509; x_wconf 91' lang='lat' dir='ltr'><em>non</em></span> <span class='ocrx_word' id='word_1_725' title='bbox 2783 4452 3031 4524; x_wconf 86' lang='lat' dir='ltr'><em>gravasti</em></span> <span class='ocrx_word' id='word_1_726' title='bbox 3060 4469 3183 4520; x_wconf 92' lang='lat' dir='ltr'><em>nos,</em></span> <span class='ocrx_word' id='word_1_727' title='bbox 3215 4451 3313 4506; x_wconf 89' lang='lat' dir='ltr'><em>sed</em></span> <span class='ocrx_word' id='word_1_728' title='bbox 3343 4448 3543 4506; x_wconf 90' lang='lat' dir='ltr'><em>callide</em></span> <span class='ocrx_word' id='word_1_729' title='bbox 3572 4465 3672 4522; x_wconf 88' lang='lat' dir='ltr'><em>per</em></span> 
     </span>
    </p>
   </div>
   <div class='ocr_carea' id='block_1_71' title="bbox 2078 4541 2662 4608">
    <p class='ocr_par' dir='ltr' id='par_1_71' title="bbox 2078 4541 2662 4608">
     <span class='ocr_line' id='line_1_72' title="bbox 2078 4541 2662 4608; baseline 0.007 -14"><span class='ocrx_word' id='word_1_730' title='bbox 2078 4543 2227 4608; x_wconf 88' lang='lat' dir='ltr'><em>tuos,</em></span> <span class='ocrx_word' id='word_1_731' title='bbox 2259 4541 2364 4596; x_wconf 92' lang='lat' dir='ltr'><em>hoc</em></span> <span class='ocrx_word' id='word_1_732' title='bbox 2390 4547 2662 4598; x_wconf 89' lang='lat' dir='ltr'><em>removet.</em></span> 
     </span>
    </p>
   </div>
   <div class='ocr_carea' id='block_1_72' title="bbox 2150 4623 3671 4702">
    <p class='ocr_par' dir='ltr' id='par_1_72' title="bbox 2150 4623 3671 4702">
     <span class='ocr_line' id='line_1_73' title="bbox 2150 4623 3671 4702; baseline -0.005 -16"><span class='ocrx_word' id='word_1_733' title='bbox 2150 4628 2239 4686; x_wconf 75' lang='grc'><em>22.</em></span> <span class='ocrx_word' id='word_1_734' title='bbox 2272 4630 2409 4696; x_wconf 80' lang='lat' dir='ltr'><em>Quos</em></span> <span class='ocrx_word' id='word_1_735' title='bbox 2433 4633 2566 4685; x_wconf 84' lang='lat' dir='ltr'><em>misi</em></span> <span class='ocrx_word' id='word_1_736' title='bbox 2581 4631 2655 4684; x_wconf 88' lang='lat' dir='ltr'><em>ad</em></span> <span class='ocrx_word' id='word_1_737' title='bbox 2679 4647 2786 4686; x_wconf 90' lang='lat' dir='ltr'><em>vos.</em></span> <span class='ocrx_word' id='word_1_738' title='bbox 2817 4631 2926 4685; x_wconf 89' lang='lat' dir='ltr'><em>Per</em></span> <span class='ocrx_word' id='word_1_739' title='bbox 2954 4629 3194 4695; x_wconf 90' lang='lat' dir='ltr'><em>nullum,</em></span> <span class='ocrx_word' id='word_1_740' title='bbox 3212 4628 3414 4702; x_wconf 87' lang='lat' dir='ltr'><em>inquit,</em></span> <span class='ocrx_word' id='word_1_741' title='bbox 3435 4642 3576 4701; x_wconf 90' lang='lat' dir='ltr'><em>quos</em></span> <span class='ocrx_word' id='word_1_742' title='bbox 3598 4623 3671 4679; x_wconf 87' lang='lat' dir='ltr'><em>ad</em></span> 
     </span>
    </p>
   </div>
   <div class='ocr_carea' id='block_1_73' title="bbox 2080 4714 3667 4789">
    <p class='ocr_par' dir='ltr' id='par_1_73' title="bbox 2080 4714 3667 4789">
     <span class='ocr_line' id='line_1_74' title="bbox 2080 4714 3667 4789; baseline -0.001 -20"><span class='ocrx_word' id='word_1_743' title='bbox 2080 4733 2175 4771; x_wconf 90' lang='lat' dir='ltr'><em>vos</em></span> <span class='ocrx_word' id='word_1_744' title='bbox 2203 4716 2454 4772; x_wconf 88' lang='lat' dir='ltr'><em>miserim</em></span> <span class='ocrx_word' id='word_1_745' title='bbox 2490 4717 2681 4789; x_wconf 88' lang='lat' dir='ltr'><em>decepi</em></span> <span class='ocrx_word' id='word_1_746' title='bbox 2734 4734 2867 4785; x_wconf 90' lang='lat' dir='ltr'><em>vos;</em></span> <span class='ocrx_word' id='word_1_747' title='bbox 2918 4717 3050 4789; x_wconf 88' lang='lat' dir='ltr'><em>quia</em></span> <span class='ocrx_word' id='word_1_748' title='bbox 3078 4734 3261 4789; x_wconf 89' lang='lat' dir='ltr'><em>neque</em></span> <span class='ocrx_word' id='word_1_749' title='bbox 3305 4732 3406 4789; x_wconf 89' lang='lat' dir='ltr'><em>per</em></span> <span class='ocrx_word' id='word_1_750' title='bbox 3457 4714 3667 4779; x_wconf 90' lang='lat' dir='ltr'><em>Titum,</em></span> 
     </span>
    </p>
   </div>
   <div class='ocr_carea' id='block_1_74' title="bbox 2078 4803 3669 4879">
    <p class='ocr_par' dir='ltr' id='par_1_74' title="bbox 2078 4803 3669 4879">
     <span class='ocr_line' id='line_1_75' title="bbox 2078 4803 3669 4879; baseline -0.002 -20"><span class='ocrx_word' id='word_1_751' title='bbox 2078 4821 2262 4876; x_wconf 89' lang='lat' dir='ltr'><em>neque</em></span> <span class='ocrx_word' id='word_1_752' title='bbox 2290 4823 2391 4877; x_wconf 90' lang='lat' dir='ltr'><em>per</em></span> <span class='ocrx_word' id='word_1_753' title='bbox 2428 4805 2762 4874; x_wconf 85' lang='lat' dir='ltr'><em>Barnabam,</em></span> <span class='ocrx_word' id='word_1_754' title='bbox 2796 4822 2978 4878; x_wconf 89' lang='lat' dir='ltr'><em>neque</em></span> <span class='ocrx_word' id='word_1_755' title='bbox 3016 4822 3118 4879; x_wconf 88' lang='lat' dir='ltr'><em>per</em></span> <span class='ocrx_word' id='word_1_756' title='bbox 3146 4805 3455 4878; x_wconf 89' lang='lat' dir='ltr'><em>quemlibet</em></span> <span class='ocrx_word' id='word_1_757' title='bbox 3495 4803 3669 4857; x_wconf 90' lang='lat' dir='ltr'><em>alium</em></span> 
     </span>
    </p>
   </div>
   <div class='ocr_carea' id='block_1_75' title="bbox 2077 4889 3670 4967">
    <p class='ocr_par' dir='ltr' id='par_1_75' title="bbox 2077 4889 3670 4967">
     <span class='ocr_line' id='line_1_76' title="bbox 2077 4889 3670 4967; baseline -0.001 -20"><span class='ocrx_word' id='word_1_758' title='bbox 2077 4893 2270 4964; x_wconf 87' lang='lat' dir='ltr'><em>decepi</em></span> <span class='ocrx_word' id='word_1_759' title='bbox 2300 4909 2415 4959; x_wconf 89' lang='lat' dir='ltr'><em>vos,</em></span> <span class='ocrx_word' id='word_1_760' title='bbox 2446 4910 2577 4949; x_wconf 90' lang='lat' dir='ltr'><em>nam</em></span> <span class='ocrx_word' id='word_1_761' title='bbox 2608 4912 2830 4967; x_wconf 90' lang='lat' dir='ltr'><em>semper</em></span> <span class='ocrx_word' id='word_1_762' title='bbox 2866 4895 3016 4950; x_wconf 88' lang='lat' dir='ltr'><em>idem</em></span> <span class='ocrx_word' id='word_1_763' title='bbox 3045 4893 3144 4962; x_wconf 87' lang='lat' dir='ltr'><em>fui,</em></span> <span class='ocrx_word' id='word_1_764' title='bbox 3178 4899 3236 4950; x_wconf 90' lang='lat' dir='ltr'><em>et</em></span> <span class='ocrx_word' id='word_1_765' title='bbox 3268 4895 3375 4949; x_wconf 89' lang='lat' dir='ltr'><em>hoc</em></span> <span class='ocrx_word' id='word_1_766' title='bbox 3406 4897 3492 4949; x_wconf 88' lang='lat' dir='ltr'><em>est</em></span> <span class='ocrx_word' id='word_1_767' title='bbox 3519 4889 3670 4964; x_wconf 88' lang='lat' dir='ltr'><em>quod</em></span> 
     </span>
    </p>
   </div>
   <div class='ocr_carea' id='block_1_76' title="bbox 2075 4982 3098 5057">
    <p class='ocr_par' dir='ltr' id='par_1_76' title="bbox 2075 4982 3098 5057">
     <span class='ocr_line' id='line_1_77' title="bbox 2075 4982 3098 5057; baseline 0.001 -20"><span class='ocrx_word' id='word_1_768' title='bbox 2075 4982 2226 5050; x_wconf 90' lang='lat' dir='ltr'><em>dicit,</em></span> <span class='ocrx_word' id='word_1_769' title='bbox 2260 4984 2458 5038; x_wconf 90' lang='lat' dir='ltr'><em>Nonne</em></span> <span class='ocrx_word' id='word_1_770' title='bbox 2486 4983 2685 5040; x_wconf 89' lang='lat' dir='ltr'><em>eodem</em></span> <span class='ocrx_word' id='word_1_771' title='bbox 2727 4985 2963 5057; x_wconf 82' lang='lat' dir='ltr'><em>spiritu?</em></span> <span class='ocrx_word' id='word_1_772' title='bbox 2992 4989 3098 5040; x_wconf 87' lang='lat' dir='ltr'><em>etc.</em></span> 
     </span>
    </p>
   </div>
   <div class='ocr_carea' id='block_1_77' title="bbox 2143 5067 3667 5143">
    <p class='ocr_par' dir='ltr' id='par_1_77' title="bbox 2143 5067 3667 5143">
     <span class='ocr_line' id='line_1_78' title="bbox 2143 5067 3667 5143; baseline -0.001 -18"><span class='ocrx_word' id='word_1_773' title='bbox 2143 5070 2232 5128; x_wconf 76' lang='lat'><em>23.</em></span> <span class='ocrx_word' id='word_1_774' title='bbox 2297 5074 2476 5127; x_wconf 89' lang='lat' dir='ltr'><em>Timeo</em></span> <span class='ocrx_word' id='word_1_775' title='bbox 2532 5076 2682 5128; x_wconf 86' lang='lat' dir='ltr'><em>enim</em></span> <span class='ocrx_word' id='word_1_776' title='bbox 2737 5090 2805 5129; x_wconf 91' lang='lat' dir='ltr'><em>ne</em></span> <span class='ocrx_word' id='word_1_777' title='bbox 2863 5076 3023 5143; x_wconf 83' lang='lat' dir='ltr'><em>forte.</em></span> <span class='ocrx_word' id='word_1_778' title='bbox 3094 5070 3335 5128; x_wconf 88' lang='lat' dir='ltr'><em>Facilius</em></span> <span class='ocrx_word' id='word_1_779' title='bbox 3393 5069 3544 5125; x_wconf 88' lang='lat' dir='ltr'><em>enim</em></span> <span class='ocrx_word' id='word_1_780' title='bbox 3595 5067 3667 5122; x_wconf 87' lang='lat' dir='ltr'><em>ad</em></span> 
     </span>
    </p>
   </div>
   <div class='ocr_carea' id='block_1_78' title="bbox 2073 5157 3668 5234">
    <p class='ocr_par' dir='ltr' id='par_1_78' title="bbox 2073 5157 3668 5234">
     <span class='ocr_line' id='line_1_79' title="bbox 2073 5157 3668 5234; baseline -0.001 -23"><span class='ocrx_word' id='word_1_781' title='bbox 2073 5157 2240 5212; x_wconf 84' lang='lat' dir='ltr'><em>fidem</em></span> <span class='ocrx_word' id='word_1_782' title='bbox 2270 5159 2584 5228; x_wconf 88' lang='lat' dir='ltr'><em>veniebant,</em></span> <span class='ocrx_word' id='word_1_783' title='bbox 2618 5162 2768 5234; x_wconf 93' lang='lat' dir='ltr'><em>quod</em></span> <span class='ocrx_word' id='word_1_784' title='bbox 2817 5161 2886 5217; x_wconf 88' lang='lat' dir='ltr'><em>ab</em></span> <span class='ocrx_word' id='word_1_785' title='bbox 2934 5162 3016 5216; x_wconf 91' lang='lat' dir='ltr'><em>eis</em></span> <span class='ocrx_word' id='word_1_786' title='bbox 3062 5159 3203 5215; x_wconf 91' lang='lat' dir='ltr'><em>nihil</em></span> <span class='ocrx_word' id='word_1_787' title='bbox 3241 5157 3567 5231; x_wconf 89' lang='lat' dir='ltr'><em>accipiebat,</em></span> <span class='ocrx_word' id='word_1_788' title='bbox 3609 5158 3668 5210; x_wconf 88' lang='lat' dir='ltr'><em>et</em></span> 
     </span>
    </p>
   </div>
   <div class='ocr_carea' id='block_1_79' title="bbox 404 5234 3663 5324">
    <p class='ocr_par' dir='ltr' id='par_1_79' title="bbox 404 5234 3663 5324">
     <span class='ocr_line' id='line_1_80' title="bbox 404 5234 3663 5324; baseline 0.004 -36"><span class='ocrx_word' id='word_1_789' title='bbox 404 5237 510 5304; x_wconf 87' lang='lat' dir='ltr'><em>est,</em></span> <span class='ocrx_word' id='word_1_790' title='bbox 544 5234 765 5291; x_wconf 83' lang='lat' dir='ltr'><em>dicente</em></span> <span class='ocrx_word' id='word_1_791' title='bbox 792 5237 1032 5294; x_wconf 89' lang='lat' dir='ltr'><em>Domino</em></span> <span class='ocrx_word' id='word_1_792' title='bbox 1064 5256 1079 5295; x_wconf 91' lang='lat'><strong>:</strong></span> <span class='ocrx_word' id='word_1_793' title='bbox 1112 5242 1324 5310; x_wconf 87' lang='lat' dir='ltr'><em>Dignus</em></span> <span class='ocrx_word' id='word_1_794' title='bbox 1349 5248 1426 5297; x_wconf 88' lang='lat' dir='ltr'><em>est</em></span> <span class='ocrx_word' id='word_1_795' title='bbox 1453 5247 1738 5313; x_wconf 87' lang='lat' dir='ltr'><em>operarius</em></span> <span class='ocrx_word' id='word_1_796' title='bbox 1759 5248 1997 5305; x_wconf 85' lang='lat' dir='ltr'><em>mercede</em></span> <span class='ocrx_word' id='word_1_797' title='bbox 2068 5244 2116 5298; x_wconf 90' lang='lat' dir='ltr'><em>si</em></span> <span class='ocrx_word' id='word_1_798' title='bbox 2143 5247 2421 5320; x_wconf 89' lang='lat' dir='ltr'><em>acciperet</em></span> <span class='ocrx_word' id='word_1_799' title='bbox 2448 5251 2627 5307; x_wconf 91' lang='lat' dir='ltr'><em>tutius</em></span> <span class='ocrx_word' id='word_1_800' title='bbox 2655 5255 2967 5324; x_wconf 90' lang='lat' dir='ltr'><em>peccarent,</em></span> <span class='ocrx_word' id='word_1_801' title='bbox 3004 5253 3061 5305; x_wconf 89' lang='lat' dir='ltr'><em>et</em></span> <span class='ocrx_word' id='word_1_802' title='bbox 3089 5249 3214 5304; x_wconf 90' lang='lat' dir='ltr'><em>ideo</em></span> <span class='ocrx_word' id='word_1_803' title='bbox 3253 5248 3391 5304; x_wconf 84' lang='lat' dir='ltr'><em>dicit</em></span> <span class='ocrx_word' id='word_1_804' title='bbox 3424 5266 3437 5303; x_wconf 89' lang='lat'><strong>:</strong></span> <span class='ocrx_word' id='word_1_805' title='bbox 3468 5247 3663 5304; x_wconf 88' lang='lat' dir='ltr'><em>Timeo</em></span> 
     </span>
    </p>
   </div>
   <div class='ocr_carea' id='block_1_80' title="bbox 400 5338 522 5378">
    <p class='ocr_par' dir='ltr' id='par_1_80' title="bbox 400 5338 522 5378">
     <span class='ocr_line' id='line_1_81' title="bbox 400 5338 522 5378; baseline 0 -1"><span class='ocrx_word' id='word_1_806' title='bbox 400 5338 522 5378; x_wconf 88' lang='lat' dir='ltr'><em>sua.</em></span> 
     </span>
    </p>
   </div>
   <div class='ocr_carea' id='block_1_81' title="bbox 477 5415 2051 5502">
    <p class='ocr_par' dir='ltr' id='par_1_81' title="bbox 477 5415 2051 5502">
     <span class='ocr_line' id='line_1_82' title="bbox 477 5415 2051 5502; baseline 0.008 -33"><span class='ocrx_word' id='word_1_807' title='bbox 477 5415 564 5470; x_wconf 84' lang='grc'>16.</span> <span class='ocrx_word' id='word_1_808' title='bbox 597 5417 803 5474; x_wconf 83' lang='lat' dir='ltr'><em>Donate</em></span> <span class='ocrx_word' id='word_1_809' title='bbox 847 5420 997 5474; x_wconf 87' lang='lat' dir='ltr'><em>mihi</em></span> <span class='ocrx_word' id='word_1_810' title='bbox 1024 5421 1187 5475; x_wconf 90' lang='lat' dir='ltr'><em>hanc.</em></span> <span class='ocrx_word' id='word_1_811' title='bbox 1237 5420 1433 5476; x_wconf 91' lang='lat' dir='ltr'><em>Omnis</em></span> <span class='ocrx_word' id='word_1_812' title='bbox 1480 5422 1686 5479; x_wconf 90' lang='lat' dir='ltr'><em>stultus</em></span> <span class='ocrx_word' id='word_1_813' title='bbox 1730 5423 1863 5479; x_wconf 90' lang='lat' dir='ltr'><em>boni</em></span> <span class='ocrx_word' id='word_1_814' title='bbox 1905 5432 2051 5502; x_wconf 76' lang='lat' dir='ltr'><em>estc</em></span> 
     </span>
    </p>
   </div>
   <div class='ocr_carea' id='block_1_82' title="bbox 404 5508 1993 5583">
    <p class='ocr_par' dir='ltr' id='par_1_82' title="bbox 404 5508 1993 5583">
     <span class='ocr_line' id='line_1_83' title="bbox 404 5508 1993 5583; baseline 0.008 -23"><span class='ocrx_word' id='word_1_815' title='bbox 404 5511 712 5562; x_wconf 88' lang='lat' dir='ltr'><em>accusator.</em></span> <span class='ocrx_word' id='word_1_816' title='bbox 744 5508 816 5564; x_wconf 93' lang='lat' dir='ltr'><em>Ut</em></span> <span class='ocrx_word' id='word_1_817' title='bbox 847 5510 950 5565; x_wconf 89' lang='lat' dir='ltr'><em>hos</em></span> <span class='ocrx_word' id='word_1_818' title='bbox 977 5525 1111 5583; x_wconf 88' lang='lat' dir='ltr'><em>ergo</em></span> <span class='ocrx_word' id='word_1_819' title='bbox 1140 5510 1433 5583; x_wconf 87' lang='lat' dir='ltr'><em>imperitos</em></span> <span class='ocrx_word' id='word_1_820' title='bbox 1461 5513 1740 5582; x_wconf 90' lang='lat' dir='ltr'><em>ostendat,</em></span> <span class='ocrx_word' id='word_1_821' title='bbox 1772 5516 1993 5572; x_wconf 89' lang='lat' dir='ltr'><em>veniam</em></span> 
     </span>
    </p>
   </div>
   <div class='ocr_carea' id='block_1_83' title="bbox 404 5593 1919 5674">
    <p class='ocr_par' dir='ltr' id='par_1_83' title="bbox 404 5593 1919 5674">
     <span class='ocr_line' id='line_1_84' title="bbox 404 5593 1919 5674; baseline 0.008 -25"><span class='ocrx_word' id='word_1_822' title='bbox 404 5593 475 5650; x_wconf 88' lang='lat' dir='ltr'><em>ab</em></span> <span class='ocrx_word' id='word_1_823' title='bbox 505 5594 587 5651; x_wconf 76' lang='lat' dir='ltr'><em>eis</em></span> <span class='ocrx_word' id='word_1_824' title='bbox 608 5597 858 5666; x_wconf 85' lang='lat' dir='ltr'><em>postulat</em></span> <span class='ocrx_word' id='word_1_825' title='bbox 877 5598 998 5669; x_wconf 86' lang='lat' dir='ltr'><em>ejus</em></span> <span class='ocrx_word' id='word_1_826' title='bbox 1020 5597 1155 5655; x_wconf 83' lang='lat' dir='ltr'><em>facti</em></span> <span class='ocrx_word' id='word_1_827' title='bbox 1174 5598 1245 5655; x_wconf 88' lang='lat' dir='ltr'><em>de</em></span> <span class='ocrx_word' id='word_1_828' title='bbox 1268 5615 1379 5671; x_wconf 90' lang='lat' dir='ltr'><em>quo</em></span> <span class='ocrx_word' id='word_1_829' title='bbox 1404 5599 1572 5657; x_wconf 88' lang='lat' dir='ltr'><em>laude</em></span> <span class='ocrx_word' id='word_1_830' title='bbox 1589 5601 1792 5674; x_wconf 88' lang='lat' dir='ltr'><em>dignus</em></span> <span class='ocrx_word' id='word_1_831' title='bbox 1816 5609 1919 5661; x_wconf 91' lang='lat' dir='ltr'><em>est.</em></span> 
     </span>
    </p>
   </div>
   <div class='ocr_carea' id='block_1_84' title="bbox 2068 5335 2376 5406">
    <p class='ocr_par' dir='ltr' id='par_1_84' title="bbox 2068 5335 2376 5406">
     <span class='ocr_line' id='line_1_85' title="bbox 2068 5335 2376 5406; baseline 0.032 -19"><span class='ocrx_word' id='word_1_832' title='bbox 2068 5335 2237 5406; x_wconf 89' lang='lat' dir='ltr'><em>enim,</em></span> <span class='ocrx_word' id='word_1_833' title='bbox 2272 5345 2376 5397; x_wconf 87' lang='lat' dir='ltr'><em>etc.</em></span> 
     </span>
    </p>
   </div>
   <div class='ocr_carea' id='block_1_85' title="bbox 2139 5426 3665 5499">
    <p class='ocr_par' dir='ltr' id='par_1_85' title="bbox 2139 5426 3665 5499">
     <span class='ocr_line' id='line_1_86' title="bbox 2139 5426 3665 5499; baseline -0.005 -12"><span class='ocrx_word' id='word_1_834' title='bbox 2139 5427 2236 5487; x_wconf 78' lang='grc'><em>24.</em></span> <span class='ocrx_word' id='word_1_835' title='bbox 2274 5430 2618 5486; x_wconf 71' lang='grc' dir='ltr'><em>ΑΜΒιιοε.Νο</em></span> <span class='ocrx_word' id='word_1_836' title='bbox 2648 5432 2852 5485; x_wconf 87' lang='lat' dir='ltr'><em>iterum</em></span> <span class='ocrx_word' id='word_1_837' title='bbox 2874 5445 3000 5483; x_wconf 89' lang='lat' dir='ltr'><em>cum</em></span> <span class='ocrx_word' id='word_1_838' title='bbox 3038 5445 3255 5484; x_wconf 85' lang='lat' dir='ltr'><em>venero.</em></span> <span class='ocrx_word' id='word_1_839' title='bbox 3286 5426 3405 5485; x_wconf 90' lang='lat' dir='ltr'><em>Illis</em></span> <span class='ocrx_word' id='word_1_840' title='bbox 3435 5440 3665 5499; x_wconf 87' lang='lat' dir='ltr'><em>peccan-</em></span> 
     </span>
    </p>
   </div>
   <div class='ocr_carea' id='block_1_86' title="bbox 2075 5517 3735 5592">
    <p class='ocr_par' dir='ltr' id='par_1_86' title="bbox 2075 5517 3735 5592">
     <span class='ocr_line' id='line_1_87' title="bbox 2075 5517 3735 5592; baseline -0.004 -17"><span class='ocrx_word' id='word_1_841' title='bbox 2075 5517 2224 5575; x_wconf 81' lang='lat' dir='ltr'><em>tibus</em></span> <span class='ocrx_word' id='word_1_842' title='bbox 2264 5534 2325 5573; x_wconf 90' lang='lat' dir='ltr'><em>se</em></span> <span class='ocrx_word' id='word_1_843' title='bbox 2352 5518 2641 5575; x_wconf 90' lang='lat' dir='ltr'><em>humiliari</em></span> <span class='ocrx_word' id='word_1_844' title='bbox 2678 5518 2830 5587; x_wconf 88' lang='lat' dir='ltr'><em>dicit,</em></span> <span class='ocrx_word' id='word_1_845' title='bbox 2875 5518 3008 5592; x_wconf 90' lang='lat' dir='ltr'><em>quia</em></span> <span class='ocrx_word' id='word_1_846' title='bbox 3033 5523 3100 5574; x_wconf 90' lang='lat' dir='ltr'><em>ut</em></span> <span class='ocrx_word' id='word_1_847' title='bbox 3125 5518 3251 5590; x_wconf 89' lang='lat' dir='ltr'><em>pius</em></span> <span class='ocrx_word' id='word_1_848' title='bbox 3279 5522 3441 5591; x_wconf 88' lang='lat' dir='ltr'><em>pater</em></span> <span class='ocrx_word' id='word_1_849' title='bbox 3466 5531 3662 5573; x_wconf 89' lang='lat' dir='ltr'><em>eorum</em></span> <span class='ocrx_word' id='word_1_850' title='bbox 3730 5519 3735 5522; x_wconf 80' lang='grc'><strong>’</strong></span> 
     </span>
    </p>
   </div>
   <div class='ocr_carea' id='block_1_87' title="bbox 2075 5606 3729 5681">
    <p class='ocr_par' dir='ltr' id='par_1_87' title="bbox 2075 5606 3729 5681">
     <span class='ocr_line' id='line_1_88' title="bbox 2075 5606 3729 5681; baseline -0.011 -15"><span class='ocrx_word' id='word_1_851' title='bbox 2075 5612 2299 5681; x_wconf 89' lang='lat' dir='ltr'><em>peccato</em></span> <span class='ocrx_word' id='word_1_852' title='bbox 2322 5606 2510 5663; x_wconf 87' lang='lat' dir='ltr'><em>deﬂet.</em></span> <span class='ocrx_word' id='word_1_853' title='bbox 3724 5608 3729 5611; x_wconf 94' lang='grc'>·</span> 
     </span>
    </p>
   </div>
  </div>
