  <div class='ocr_page' id='page_1' title='image "/cluster/home/n/w/nwhite01/storage/ocr_20150623/150/hvd.32044054760087/134.png"; bbox 0 0 3936 6178; ppageno 0'>
   <div class='ocr_carea' id='block_1_1' title="bbox 246 231 320 286">
    <p class='ocr_par' dir='ltr' id='par_1_1' title="bbox 246 231 320 286">
     <span class='ocr_line' id='line_1_1' title="bbox 246 231 320 286; baseline -0.027 0"><span class='ocrx_word' id='word_1_1' title='bbox 246 231 320 286; x_wconf 74' lang='lat'>257</span> 
     </span>
    </p>
   </div>
   <div class='ocr_carea' id='block_1_2' title="bbox 842 220 2767 283">
    <p class='ocr_par' dir='ltr' id='par_1_2' title="bbox 842 220 2767 283">
     <span class='ocr_line' id='line_1_2' title="bbox 842 220 2767 283; baseline 0.002 -6"><span class='ocrx_word' id='word_1_2' title='bbox 842 224 919 277; x_wconf 85' lang='lat' dir='ltr'>IN</span> <span class='ocrx_word' id='word_1_3' title='bbox 960 223 1024 277; x_wconf 89' lang='lat' dir='ltr'>D.</span> <span class='ocrx_word' id='word_1_4' title='bbox 1067 222 1282 276; x_wconf 88' lang='lat' dir='ltr'>PAULI</span> <span class='ocrx_word' id='word_1_5' title='bbox 1330 221 1552 277; x_wconf 84' lang='lat' dir='ltr'>EPIST.</span> <span class='ocrx_word' id='word_1_6' title='bbox 1594 220 1965 276; x_wconf 87' lang='lat' dir='ltr'>COMMENT.</span> <span class='ocrx_word' id='word_1_7' title='bbox 2008 254 2076 263; x_wconf 89' lang='lat'><strong><em>—</em></strong></span> <span class='ocrx_word' id='word_1_8' title='bbox 2115 225 2337 281; x_wconf 88' lang='lat' dir='ltr'>EPIST.</span> <span class='ocrx_word' id='word_1_9' title='bbox 2380 227 2429 281; x_wconf 87' lang='lat' dir='ltr'><strong>II</strong></span> <span class='ocrx_word' id='word_1_10' title='bbox 2469 228 2564 281; x_wconf 85' lang='lat' dir='ltr'>AD</span> <span class='ocrx_word' id='word_1_11' title='bbox 2603 226 2767 283; x_wconf 85' lang='lat' dir='ltr'>COR.</span> 
     </span>
    </p>
   </div>
   <div class='ocr_carea' id='block_1_3' title="bbox 3333 220 3440 287">
    <p class='ocr_par' dir='ltr' id='par_1_3' title="bbox 3333 220 3440 287">
     <span class='ocr_line' id='line_1_3' title="bbox 3333 220 3440 287; baseline 0.019 -2"><span class='ocrx_word' id='word_1_12' title='bbox 3333 220 3440 287; x_wconf 73' lang='lat'>258‘</span> 
     </span>
    </p>
   </div>
   <div class='ocr_carea' id='block_1_4' title="bbox 250 344 3472 426">
    <p class='ocr_par' dir='ltr' id='par_1_4' title="bbox 250 344 3472 426">
     <span class='ocr_line' id='line_1_4' title="bbox 250 344 3472 426; baseline 0.001 -18"><span class='ocrx_word' id='word_1_13' title='bbox 250 370 311 408; x_wconf 79' lang='lat' dir='ltr'>eos</span> <span class='ocrx_word' id='word_1_14' title='bbox 334 353 622 420; x_wconf 78' lang='lat' dir='ltr'>inrerreptos</span> <span class='ocrx_word' id='word_1_15' title='bbox 658 349 956 416; x_wconf 74' lang='lat' dir='ltr'>inveniret)</span> <span class='ocrx_word' id='word_1_16' title='bbox 989 350 1079 413; x_wconf 63' lang='grc' dir='ltr'>ἒξ»,</span> <span class='ocrx_word' id='word_1_17' title='bbox 1112 351 1170 400; x_wconf 90' lang='lat' dir='ltr'>et</span> <span class='ocrx_word' id='word_1_18' title='bbox 1196 347 1420 417; x_wconf 86' lang='lat' dir='ltr'>lugeam</span> <span class='ocrx_word' id='word_1_19' title='bbox 1452 348 1660 402; x_wconf 89' lang='lat' dir='ltr'>multos</span> <span class='ocrx_word' id='word_1_20' title='bbox 1694 365 1761 401; x_wconf 84' lang='lat' dir='ltr'>ex</span> <span class='ocrx_word' id='word_1_21' title='bbox 1784 348 1872 408; x_wconf 92' lang='lat' dir='ltr'>iis,</span> <span class='ocrx_word' id='word_1_22' title='bbox 1909 344 2003 420; x_wconf 91' lang='lat' dir='ltr'>qui</span> <span class='ocrx_word' id='word_1_23' title='bbox 2026 355 2157 404; x_wconf 86' lang='lat' dir='ltr'>ante</span> <span class='ocrx_word' id='word_1_24' title='bbox 2183 356 2570 421; x_wconf 85' lang='lat' dir='ltr'>peccaverunt,</span> <span class='ocrx_word' id='word_1_25' title='bbox 2601 350 2691 418; x_wconf 70' lang='lat'>26,</span> <span class='ocrx_word' id='word_1_26' title='bbox 2725 357 2782 406; x_wconf 87' lang='lat' dir='ltr'>et</span> <span class='ocrx_word' id='word_1_27' title='bbox 2823 368 2934 407; x_wconf 88' lang='lat' dir='ltr'>non</span> <span class='ocrx_word' id='word_1_28' title='bbox 2982 358 3221 424; x_wconf 86' lang='lat' dir='ltr'>egerunt</span> <span class='ocrx_word' id='word_1_29' title='bbox 3256 355 3435 426; x_wconf 71' lang='lat' dir='ltr'>poeni-</span> <span class='ocrx_word' id='word_1_30' title='bbox 3468 356 3472 361; x_wconf 79' lang='grc'><strong>’</strong></span> 
     </span>
    </p>
   </div>
   <div class='ocr_carea' id='block_1_5' title="bbox 244 434 2540 509">
    <p class='ocr_par' dir='ltr' id='par_1_5' title="bbox 244 434 2540 509">
     <span class='ocr_line' id='line_1_5' title="bbox 244 434 2540 509; baseline 0 -14"><span class='ocrx_word' id='word_1_31' title='bbox 244 441 430 495; x_wconf 77' lang='lat' dir='ltr'>tentiam</span> <span class='ocrx_word' id='word_1_32' title='bbox 457 452 609 509; x_wconf 83' lang='lat' dir='ltr'>super</span> <span class='ocrx_word' id='word_1_33' title='bbox 636 434 1013 500; x_wconf 86' lang='lat' dir='ltr'>immunditia,</span> <span class='ocrx_word' id='word_1_34' title='bbox 1048 440 1104 489; x_wconf 86' lang='lat' dir='ltr'>et</span> <span class='ocrx_word' id='word_1_35' title='bbox 1133 434 1520 503; x_wconf 76' lang='lat' dir='ltr'>fornicatione,</span> <span class='ocrx_word' id='word_1_36' title='bbox 1554 442 1609 490; x_wconf 88' lang='lat' dir='ltr'>et</span> <span class='ocrx_word' id='word_1_37' title='bbox 1647 436 2001 508; x_wconf 81' lang='lat' dir='ltr'>impudicitia</span> <span class='ocrx_word' id='word_1_38' title='bbox 2031 455 2197 509; x_wconf 89' lang='lat' dir='ltr'>quam</span> <span class='ocrx_word' id='word_1_39' title='bbox 2226 446 2540 509; x_wconf 88' lang='lat' dir='ltr'>gesserunt.</span> 
     </span>
    </p>
   </div>
   <div class='ocr_carea' id='block_1_6' title="bbox 1583 579 2003 635">
    <p class='ocr_par' dir='ltr' id='par_1_6' title="bbox 1583 579 2003 635">
     <span class='ocr_line' id='line_1_6' title="bbox 1583 579 2003 635; baseline 0 0"><span class='ocrx_word' id='word_1_40' title='bbox 1583 579 1815 635; x_wconf 82' lang='lat' dir='ltr'>CAPUT</span> <span class='ocrx_word' id='word_1_41' title='bbox 1850 580 2003 635; x_wconf 83' lang='lat' dir='ltr'>XIII.</span> 
     </span>
    </p>
   </div>
   <div class='ocr_carea' id='block_1_7' title="bbox 296 717 3434 804">
    <p class='ocr_par' dir='ltr' id='par_1_7' title="bbox 296 717 3434 804">
     <span class='ocr_line' id='line_1_7' title="bbox 296 717 3434 804; baseline 0.003 -27"><span class='ocrx_word' id='word_1_42' title='bbox 296 722 340 777; x_wconf 79' lang='grc'>1.</span> <span class='ocrx_word' id='word_1_43' title='bbox 370 721 486 776; x_wconf 86' lang='lat' dir='ltr'>Ecce</span> <span class='ocrx_word' id='word_1_44' title='bbox 510 717 675 773; x_wconf 87' lang='lat' dir='ltr'>tertio</span> <span class='ocrx_word' id='word_1_45' title='bbox 693 725 971 790; x_wconf 88' lang='lat' dir='ltr'>apparatu</span> <span class='ocrx_word' id='word_1_46' title='bbox 998 720 1106 775; x_wconf 87' lang='lat' dir='ltr'>hoc</span> <span class='ocrx_word' id='word_1_47' title='bbox 1122 718 1280 776; x_wconf 91' lang='lat' dir='ltr'>venio</span> <span class='ocrx_word' id='word_1_48' title='bbox 1301 719 1374 775; x_wconf 85' lang='lat' dir='ltr'>ad</span> <span class='ocrx_word' id='word_1_49' title='bbox 1395 735 1489 775; x_wconf 92' lang='lat' dir='ltr'>vos</span> <span class='ocrx_word' id='word_1_50' title='bbox 1512 739 1525 775; x_wconf 85' lang='lat'><strong>:</strong></span> <span class='ocrx_word' id='word_1_51' title='bbox 1552 720 1616 776; x_wconf 91' lang='lat' dir='ltr'>In</span> <span class='ocrx_word' id='word_1_52' title='bbox 1640 736 1737 775; x_wconf 91' lang='lat' dir='ltr'>ore</span> <span class='ocrx_word' id='word_1_53' title='bbox 1758 720 2000 777; x_wconf 90' lang='lat' dir='ltr'>duorum</span> <span class='ocrx_word' id='word_1_54' title='bbox 2022 721 2106 775; x_wconf 89' lang='lat' dir='ltr'>vel</span> <span class='ocrx_word' id='word_1_55' title='bbox 2121 721 2291 777; x_wconf 89' lang='lat' dir='ltr'>trium</span> <span class='ocrx_word' id='word_1_56' title='bbox 2332 723 2563 777; x_wconf 83' lang='lat' dir='ltr'>testium</span> <span class='ocrx_word' id='word_1_57' title='bbox 2592 725 2763 781; x_wconf 87' lang='lat' dir='ltr'>stabit</span> <span class='ocrx_word' id='word_1_58' title='bbox 2782 743 2947 782; x_wconf 90' lang='lat' dir='ltr'>omne</span> <span class='ocrx_word' id='word_1_59' title='bbox 2968 727 3218 797; x_wconf 84' lang='lat' dir='ltr'>verbum,</span> <span class='ocrx_word' id='word_1_60' title='bbox 3250 733 3311 785; x_wconf 86' lang='lat' dir='ltr'>in</span> <span class='ocrx_word' id='word_1_61' title='bbox 3326 748 3434 804; x_wconf 88' lang='lat' dir='ltr'>quo</span> 
     </span>
    </p>
   </div>
   <div class='ocr_carea' id='block_1_8' title="bbox 242 809 3432 893">
    <p class='ocr_par' dir='ltr' id='par_1_8' title="bbox 242 809 3432 893">
     <span class='ocr_line' id='line_1_8' title="bbox 242 809 3432 893; baseline 0.004 -30"><span class='ocrx_word' id='word_1_62' title='bbox 242 826 323 864; x_wconf 82' lang='lat' dir='ltr'>non</span> <span class='ocrx_word' id='word_1_63' title='bbox 344 810 529 863; x_wconf 86' lang='lat' dir='ltr'>credam</span> <span class='ocrx_word' id='word_1_64' title='bbox 549 810 747 877; x_wconf 80' lang='lat' dir='ltr'>cuique</span> <span class='ocrx_word' id='word_1_65' title='bbox 761 812 1067 875; x_wconf 64' lang='lat' dir='ltr'>excusanti,</span> <span class='ocrx_word' id='word_1_66' title='bbox 1085 811 1202 862; x_wconf 89' lang='lat' dir='ltr'>nisi</span> <span class='ocrx_word' id='word_1_67' title='bbox 1225 809 1455 875; x_wconf 87' lang='lat' dir='ltr'>duobus,</span> <span class='ocrx_word' id='word_1_68' title='bbox 1481 812 1561 863; x_wconf 81' lang='lat' dir='ltr'>vel</span> <span class='ocrx_word' id='word_1_69' title='bbox 1577 812 1755 864; x_wconf 84' lang='lat' dir='ltr'>tribus</span> <span class='ocrx_word' id='word_1_70' title='bbox 1768 811 1990 864; x_wconf 85' lang='lat' dir='ltr'>testibus</span> <span class='ocrx_word' id='word_1_71' title='bbox 2020 817 2326 865; x_wconf 69' lang='lat' dir='ltr'>excusetur.</span> <span class='ocrx_word' id='word_1_72' title='bbox 2362 812 2621 879; x_wconf 82' lang='lat' dir='ltr'>Praedixi,</span> <span class='ocrx_word' id='word_1_73' title='bbox 2652 820 2709 868; x_wconf 89' lang='lat' dir='ltr'>et</span> <span class='ocrx_word' id='word_1_74' title='bbox 2730 816 2988 887; x_wconf 84' lang='lat' dir='ltr'>praedico,</span> <span class='ocrx_word' id='word_1_75' title='bbox 3010 816 3064 874; x_wconf 77' lang='lat'>2.</span> <span class='ocrx_word' id='word_1_76' title='bbox 3095 822 3159 873; x_wconf 92' lang='lat' dir='ltr'>ut</span> <span class='ocrx_word' id='word_1_77' title='bbox 3184 835 3432 893; x_wconf 82' lang='lat' dir='ltr'>praesens</span> 
     </span>
    </p>
   </div>
   <div class='ocr_carea' id='block_1_9' title="bbox 236 895 3433 980">
    <p class='ocr_par' dir='ltr' id='par_1_9' title="bbox 236 895 3433 980">
     <span class='ocr_line' id='line_1_9' title="bbox 236 895 3433 980; baseline 0.004 -28"><span class='ocrx_word' id='word_1_78' title='bbox 236 900 357 961; x_wconf 68' lang='lat' dir='ltr'>vobis,</span> <span class='ocrx_word' id='word_1_79' title='bbox 384 901 435 951; x_wconf 87' lang='lat' dir='ltr'>et</span> <span class='ocrx_word' id='word_1_80' title='bbox 455 911 598 951; x_wconf 89' lang='lat' dir='ltr'>nunc</span> <span class='ocrx_word' id='word_1_81' title='bbox 628 895 830 951; x_wconf 87' lang='lat' dir='ltr'>absens</span> <span class='ocrx_word' id='word_1_82' title='bbox 859 896 949 963; x_wconf 89' lang='lat' dir='ltr'>iis,</span> <span class='ocrx_word' id='word_1_83' title='bbox 984 896 1082 968; x_wconf 85' lang='lat' dir='ltr'>qui</span> <span class='ocrx_word' id='word_1_84' title='bbox 1113 901 1245 951; x_wconf 85' lang='lat' dir='ltr'><strong>ante</strong></span> <span class='ocrx_word' id='word_1_85' title='bbox 1275 902 1663 967; x_wconf 89' lang='lat' dir='ltr'>peccaverunt,</span> <span class='ocrx_word' id='word_1_86' title='bbox 1692 903 1749 952; x_wconf 91' lang='lat' dir='ltr'>et</span> <span class='ocrx_word' id='word_1_87' title='bbox 1777 899 1993 953; x_wconf 80' lang='lat' dir='ltr'>caeteris</span> <span class='ocrx_word' id='word_1_88' title='bbox 2020 899 2302 963; x_wconf 90' lang='lat' dir='ltr'>omnibus,</span> <span class='ocrx_word' id='word_1_89' title='bbox 2335 902 2601 972; x_wconf 90' lang='lat' dir='ltr'>quoniam</span> <span class='ocrx_word' id='word_1_90' title='bbox 2630 903 2679 957; x_wconf 91' lang='lat' dir='ltr'><strong>si</strong></span> <span class='ocrx_word' id='word_1_91' title='bbox 2705 905 3149 974; x_wconf 89' lang='lat' dir='ltr'>veneroiterum,</span> <span class='ocrx_word' id='word_1_92' title='bbox 3173 923 3286 962; x_wconf 91' lang='lat' dir='ltr'>non</span> <span class='ocrx_word' id='word_1_93' title='bbox 3300 925 3433 980; x_wconf 90' lang='lat' dir='ltr'>par-</span> 
     </span>
    </p>
   </div>
   <div class='ocr_carea' id='block_1_10' title="bbox 236 986 3432 1067">
    <p class='ocr_par' dir='ltr' id='par_1_10' title="bbox 236 986 3432 1067">
     <span class='ocr_line' id='line_1_10' title="bbox 236 986 3432 1067; baseline 0.003 -27"><span class='ocrx_word' id='word_1_94' title='bbox 236 1002 342 1051; x_wconf 83' lang='lat' dir='ltr'>cam,</span> <span class='ocrx_word' id='word_1_95' title='bbox 363 989 406 1039; x_wconf 87' lang='lat' dir='ltr'>si</span> <span class='ocrx_word' id='word_1_96' title='bbox 423 989 533 1039; x_wconf 88' lang='lat' dir='ltr'>sitis</span> <span class='ocrx_word' id='word_1_97' title='bbox 562 988 883 1055; x_wconf 86' lang='lat' dir='ltr'>incorrepti.</span> <span class='ocrx_word' id='word_1_98' title='bbox 912 986 1079 1042; x_wconf 84' lang='lat' dir='ltr'>Scitis</span> <span class='ocrx_word' id='word_1_99' title='bbox 1109 986 1205 1040; x_wconf 83' lang='lat' dir='ltr'>hoc</span> <span class='ocrx_word' id='word_1_100' title='bbox 1231 991 1368 1055; x_wconf 83' lang='lat' dir='ltr'>quia</span> <span class='ocrx_word' id='word_1_101' title='bbox 1395 989 1543 1041; x_wconf 76' lang='lat' dir='ltr'>vobis</span> <span class='ocrx_word' id='word_1_102' title='bbox 1564 1003 1676 1042; x_wconf 89' lang='lat' dir='ltr'>non</span> <span class='ocrx_word' id='word_1_103' title='bbox 1692 1003 1946 1056; x_wconf 89' lang='lat' dir='ltr'>parcam.</span> <span class='ocrx_word' id='word_1_104' title='bbox 1997 986 2049 1054; x_wconf 83' lang='lat'>3,</span> <span class='ocrx_word' id='word_1_105' title='bbox 2093 987 2149 1041; x_wconf 82' lang='lat'>4.</span> <span class='ocrx_word' id='word_1_106' title='bbox 2195 990 2283 1043; x_wconf 87' lang='lat' dir='ltr'>An</span> <span class='ocrx_word' id='word_1_107' title='bbox 2329 991 2773 1061; x_wconf 84' lang='lat' dir='ltr'>experimentum</span> <span class='ocrx_word' id='word_1_108' title='bbox 2805 993 3052 1063; x_wconf 63' lang='lat' dir='ltr'>qumritis</span> <span class='ocrx_word' id='word_1_109' title='bbox 3080 995 3221 1066; x_wconf 88' lang='lat' dir='ltr'>ejus,</span> <span class='ocrx_word' id='word_1_110' title='bbox 3246 996 3342 1067; x_wconf 91' lang='lat' dir='ltr'>qui</span> <span class='ocrx_word' id='word_1_111' title='bbox 3371 996 3432 1051; x_wconf 91' lang='lat' dir='ltr'>in</span> 
     </span>
    </p>
   </div>
   <div class='ocr_carea' id='block_1_11' title="bbox 236 1074 3433 1150">
    <p class='ocr_par' dir='ltr' id='par_1_11' title="bbox 236 1074 3433 1150">
     <span class='ocr_line' id='line_1_11' title="bbox 236 1074 3433 1150; baseline 0.004 -21"><span class='ocrx_word' id='word_1_112' title='bbox 236 1091 300 1130; x_wconf 87' lang='lat' dir='ltr'>me</span> <span class='ocrx_word' id='word_1_113' title='bbox 315 1074 532 1146; x_wconf 89' lang='lat' dir='ltr'>loquitur</span> <span class='ocrx_word' id='word_1_114' title='bbox 549 1074 826 1141; x_wconf 86' lang='lat' dir='ltr'>Christus,</span> <span class='ocrx_word' id='word_1_115' title='bbox 847 1076 1238 1145; x_wconf 67' lang='lat' dir='ltr'>(exaggeratio)</span> <span class='ocrx_word' id='word_1_116' title='bbox 1264 1076 1360 1146; x_wconf 91' lang='lat' dir='ltr'>qui</span> <span class='ocrx_word' id='word_1_117' title='bbox 1388 1075 1447 1129; x_wconf 91' lang='lat' dir='ltr'>in</span> <span class='ocrx_word' id='word_1_118' title='bbox 1474 1075 1628 1130; x_wconf 89' lang='lat' dir='ltr'>vobis</span> <span class='ocrx_word' id='word_1_119' title='bbox 1647 1092 1760 1130; x_wconf 91' lang='lat' dir='ltr'>non</span> <span class='ocrx_word' id='word_1_120' title='bbox 1781 1077 2124 1144; x_wconf 83' lang='lat' dir='ltr'>inﬁrmatur,</span> <span class='ocrx_word' id='word_1_121' title='bbox 2153 1080 2207 1140; x_wconf 78' lang='grc'>5.</span> <span class='ocrx_word' id='word_1_122' title='bbox 2241 1078 2339 1132; x_wconf 90' lang='lat' dir='ltr'>sed</span> <span class='ocrx_word' id='word_1_123' title='bbox 2369 1084 2568 1150; x_wconf 90' lang='lat' dir='ltr'>potens</span> <span class='ocrx_word' id='word_1_124' title='bbox 2597 1085 2685 1134; x_wconf 90' lang='lat' dir='ltr'>est</span> <span class='ocrx_word' id='word_1_125' title='bbox 2704 1082 3007 1149; x_wconf 78' lang='lat' dir='ltr'>vindicare,</span> <span class='ocrx_word' id='word_1_126' title='bbox 3041 1087 3123 1138; x_wconf 85' lang='lat' dir='ltr'>vel</span> <span class='ocrx_word' id='word_1_127' title='bbox 3152 1087 3433 1141; x_wconf 89' lang='lat' dir='ltr'>miracula</span> 
     </span>
    </p>
   </div>
   <div class='ocr_carea' id='block_1_12' title="bbox 233 1161 3434 1239">
    <p class='ocr_par' dir='ltr' id='par_1_12' title="bbox 233 1161 3434 1239">
     <span class='ocr_line' id='line_1_12' title="bbox 233 1161 3434 1239; baseline 0.004 -21"><span class='ocrx_word' id='word_1_128' title='bbox 233 1164 433 1231; x_wconf 76' lang='lat' dir='ltr'>facerein</span> <span class='ocrx_word' id='word_1_129' title='bbox 458 1161 652 1218; x_wconf 80' lang='lat' dir='ltr'>vobis?</span> <span class='ocrx_word' id='word_1_130' title='bbox 675 1163 729 1218; x_wconf 86' lang='lat'>6.</span> <span class='ocrx_word' id='word_1_131' title='bbox 772 1164 919 1219; x_wconf 87' lang='lat' dir='ltr'>Nam</span> <span class='ocrx_word' id='word_1_132' title='bbox 959 1163 1066 1218; x_wconf 88' lang='lat' dir='ltr'>etsi</span> <span class='ocrx_word' id='word_1_133' title='bbox 1091 1164 1387 1220; x_wconf 85' lang='lat' dir='ltr'>cruciﬁxus</span> <span class='ocrx_word' id='word_1_134' title='bbox 1414 1168 1501 1219; x_wconf 90' lang='lat' dir='ltr'>est</span> <span class='ocrx_word' id='word_1_135' title='bbox 1529 1181 1596 1219; x_wconf 85' lang='lat' dir='ltr'>ex</span> <span class='ocrx_word' id='word_1_136' title='bbox 1623 1165 1955 1221; x_wconf 89' lang='lat' dir='ltr'>inﬁrmitate</span> <span class='ocrx_word' id='word_1_137' title='bbox 1984 1169 2203 1231; x_wconf 89' lang='lat' dir='ltr'>carnis;</span> <span class='ocrx_word' id='word_1_138' title='bbox 2240 1168 2293 1221; x_wconf 88' lang='lat'>7.</span> <span class='ocrx_word' id='word_1_139' title='bbox 2338 1167 2437 1221; x_wconf 91' lang='lat' dir='ltr'>sed</span> <span class='ocrx_word' id='word_1_140' title='bbox 2478 1167 2613 1222; x_wconf 87' lang='lat' dir='ltr'>vivit</span> <span class='ocrx_word' id='word_1_141' title='bbox 2651 1185 2725 1239; x_wconf 85' lang='lat' dir='ltr'>ex</span> <span class='ocrx_word' id='word_1_142' title='bbox 2762 1167 2965 1223; x_wconf 89' lang='lat' dir='ltr'>virtute</span> <span class='ocrx_word' id='word_1_143' title='bbox 3008 1171 3130 1238; x_wconf 92' lang='lat' dir='ltr'>Dei,</span> <span class='ocrx_word' id='word_1_144' title='bbox 3171 1175 3434 1230; x_wconf 64' lang='lat' dir='ltr'>eacverbo</span> 
     </span>
    </p>
   </div>
   <div class='ocr_carea' id='block_1_13' title="bbox 233 1253 3430 1331">
    <p class='ocr_par' dir='ltr' id='par_1_13' title="bbox 233 1253 3430 1331">
     <span class='ocr_line' id='line_1_13' title="bbox 233 1253 3430 1331; baseline 0.003 -24"><span class='ocrx_word' id='word_1_145' title='bbox 233 1254 391 1317; x_wconf 75' lang='lat' dir='ltr'>Patris,</span> <span class='ocrx_word' id='word_1_146' title='bbox 410 1268 593 1321; x_wconf 66' lang='lat' dir='ltr'>exque</span> <span class='ocrx_word' id='word_1_147' title='bbox 619 1258 935 1321; x_wconf 83' lang='lat' dir='ltr'>assumptus</span> <span class='ocrx_word' id='word_1_148' title='bbox 963 1258 1059 1306; x_wconf 89' lang='lat' dir='ltr'>est.</span> <span class='ocrx_word' id='word_1_149' title='bbox 1089 1253 1235 1307; x_wconf 88' lang='lat' dir='ltr'>Nam</span> <span class='ocrx_word' id='word_1_150' title='bbox 1268 1255 1475 1321; x_wconf 83' lang='lat' dir='ltr'>(probat</span> <span class='ocrx_word' id='word_1_151' title='bbox 1504 1269 1539 1307; x_wconf 90' lang='lat' dir='ltr'>a</span> <span class='ocrx_word' id='word_1_152' title='bbox 1567 1256 1765 1321; x_wconf 87' lang='lat' dir='ltr'>simili,</span> <span class='ocrx_word' id='word_1_153' title='bbox 1798 1258 1879 1309; x_wconf 79' lang='lat' dir='ltr'>vel</span> <span class='ocrx_word' id='word_1_154' title='bbox 1908 1272 1944 1309; x_wconf 89' lang='lat' dir='ltr'>a</span> <span class='ocrx_word' id='word_1_155' title='bbox 1972 1256 2201 1325; x_wconf 81' lang='lat' dir='ltr'>minori)</span> <span class='ocrx_word' id='word_1_156' title='bbox 2229 1261 2287 1310; x_wconf 88' lang='lat' dir='ltr'>et</span> <span class='ocrx_word' id='word_1_157' title='bbox 2314 1272 2416 1310; x_wconf 92' lang='lat' dir='ltr'>nos</span> <span class='ocrx_word' id='word_1_158' title='bbox 2448 1255 2499 1310; x_wconf 92' lang='lat'>8.</span> <span class='ocrx_word' id='word_1_159' title='bbox 2542 1255 2754 1311; x_wconf 86' lang='lat' dir='ltr'>inﬁrmi</span> <span class='ocrx_word' id='word_1_160' title='bbox 2786 1273 2982 1313; x_wconf 89' lang='lat' dir='ltr'>sumus</span> <span class='ocrx_word' id='word_1_161' title='bbox 3011 1258 3070 1313; x_wconf 87' lang='lat' dir='ltr'>in</span> <span class='ocrx_word' id='word_1_162' title='bbox 3099 1258 3196 1314; x_wconf 90' lang='lat' dir='ltr'>illo</span> <span class='ocrx_word' id='word_1_163' title='bbox 3223 1263 3430 1331; x_wconf 71' lang='lat' dir='ltr'>praedi-</span> 
     </span>
    </p>
   </div>
   <div class='ocr_carea' id='block_1_14' title="bbox 230 1342 3434 1415">
    <p class='ocr_par' dir='ltr' id='par_1_14' title="bbox 230 1342 3434 1415">
     <span class='ocr_line' id='line_1_14' title="bbox 230 1342 3434 1415; baseline 0.003 -21"><span class='ocrx_word' id='word_1_164' title='bbox 230 1343 376 1407; x_wconf 78' lang='lat' dir='ltr'>cando,</span> <span class='ocrx_word' id='word_1_165' title='bbox 405 1342 457 1394; x_wconf 88' lang='lat' dir='ltr'>id</span> <span class='ocrx_word' id='word_1_166' title='bbox 484 1346 576 1408; x_wconf 89' lang='lat' dir='ltr'>est,</span> <span class='ocrx_word' id='word_1_167' title='bbox 609 1358 671 1396; x_wconf 87' lang='lat' dir='ltr'>ea</span> <span class='ocrx_word' id='word_1_168' title='bbox 696 1347 878 1411; x_wconf 89' lang='lat' dir='ltr'>parte,</span> <span class='ocrx_word' id='word_1_169' title='bbox 907 1358 1018 1411; x_wconf 74' lang='lat' dir='ltr'>qua</span> <span class='ocrx_word' id='word_1_170' title='bbox 1048 1345 1201 1413; x_wconf 83' lang='lat' dir='ltr'>ipse;</span> <span class='ocrx_word' id='word_1_171' title='bbox 1231 1342 1331 1397; x_wconf 88' lang='lat' dir='ltr'>sed</span> <span class='ocrx_word' id='word_1_172' title='bbox 1362 1342 1610 1398; x_wconf 80' lang='lat' dir='ltr'>vivemus</span> <span class='ocrx_word' id='word_1_173' title='bbox 1639 1358 1767 1398; x_wconf 89' lang='lat' dir='ltr'>cum</span> <span class='ocrx_word' id='word_1_174' title='bbox 1796 1359 1862 1398; x_wconf 92' lang='lat' dir='ltr'>eo</span> <span class='ocrx_word' id='word_1_175' title='bbox 1887 1359 1953 1415; x_wconf 83' lang='lat' dir='ltr'>ex</span> <span class='ocrx_word' id='word_1_176' title='bbox 1982 1344 2193 1398; x_wconf 87' lang='lat' dir='ltr'>virtute</span> <span class='ocrx_word' id='word_1_177' title='bbox 2222 1344 2323 1398; x_wconf 92' lang='lat' dir='ltr'>Dei</span> <span class='ocrx_word' id='word_1_178' title='bbox 2344 1343 2405 1398; x_wconf 90' lang='lat' dir='ltr'>in</span> <span class='ocrx_word' id='word_1_179' title='bbox 2418 1343 2593 1410; x_wconf 87' lang='lat' dir='ltr'>vobis,</span> <span class='ocrx_word' id='word_1_180' title='bbox 2612 1347 2748 1413; x_wconf 84' lang='lat' dir='ltr'>quia</span> <span class='ocrx_word' id='word_1_181' title='bbox 2778 1362 2875 1399; x_wconf 84' lang='lat' dir='ltr'>nos</span> <span class='ocrx_word' id='word_1_182' title='bbox 2904 1349 3142 1415; x_wconf 78' lang='lat' dir='ltr'>efﬁcaces</span> <span class='ocrx_word' id='word_1_183' title='bbox 3155 1364 3349 1403; x_wconf 87' lang='lat' dir='ltr'>sumus</span> <span class='ocrx_word' id='word_1_184' title='bbox 3368 1351 3434 1403; x_wconf 89' lang='lat' dir='ltr'>in</span> 
     </span>
    </p>
   </div>
   <div class='ocr_carea' id='block_1_15' title="bbox 232 1432 3434 1508">
    <p class='ocr_par' dir='ltr' id='par_1_15' title="bbox 232 1432 3434 1508">
     <span class='ocr_line' id='line_1_15' title="bbox 232 1432 3434 1508; baseline 0.003 -24"><span class='ocrx_word' id='word_1_185' title='bbox 232 1432 473 1485; x_wconf 82' lang='lat' dir='ltr'>miraculis</span> <span class='ocrx_word' id='word_1_186' title='bbox 492 1432 783 1498; x_wconf 82' lang='lat' dir='ltr'>faciendis,</span> <span class='ocrx_word' id='word_1_187' title='bbox 802 1434 885 1485; x_wconf 82' lang='lat' dir='ltr'>vel</span> <span class='ocrx_word' id='word_1_188' title='bbox 907 1432 1212 1500; x_wconf 81' lang='lat' dir='ltr'>puniendis</span> <span class='ocrx_word' id='word_1_189' title='bbox 1236 1432 1403 1497; x_wconf 81' lang='lat' dir='ltr'>vobis,</span> <span class='ocrx_word' id='word_1_190' title='bbox 1418 1433 1560 1485; x_wconf 87' lang='lat' dir='ltr'>sicut</span> <span class='ocrx_word' id='word_1_191' title='bbox 1579 1432 1777 1485; x_wconf 80' lang='lat' dir='ltr'>ilteJn</span> <span class='ocrx_word' id='word_1_192' title='bbox 1799 1433 1964 1497; x_wconf 81' lang='lat' dir='ltr'>vobis,</span> <span class='ocrx_word' id='word_1_193' title='bbox 1996 1435 2057 1487; x_wconf 88' lang='lat' dir='ltr'>id</span> <span class='ocrx_word' id='word_1_194' title='bbox 2085 1438 2177 1498; x_wconf 85' lang='lat' dir='ltr'>est,</span> <span class='ocrx_word' id='word_1_195' title='bbox 2193 1437 2258 1487; x_wconf 87' lang='lat' dir='ltr'>in</span> <span class='ocrx_word' id='word_1_196' title='bbox 2285 1436 2629 1487; x_wconf 85' lang='lat' dir='ltr'>conscientiis</span> <span class='ocrx_word' id='word_1_197' title='bbox 2661 1436 2874 1489; x_wconf 81' lang='lat' dir='ltr'>vestris.</span> <span class='ocrx_word' id='word_1_198' title='bbox 2892 1434 3278 1508; x_wconf 86' lang='lat' dir='ltr'>Vosmetipsos</span> <span class='ocrx_word' id='word_1_199' title='bbox 3306 1441 3434 1492; x_wconf 88' lang='lat' dir='ltr'>ten-</span> 
     </span>
    </p>
   </div>
   <div class='ocr_carea' id='block_1_16' title="bbox 229 1517 3437 1592">
    <p class='ocr_par' dir='ltr' id='par_1_16' title="bbox 229 1517 3437 1592">
     <span class='ocr_line' id='line_1_16' title="bbox 229 1517 3437 1592; baseline 0.002 -18"><span class='ocrx_word' id='word_1_200' title='bbox 229 1524 331 1586; x_wconf 83' lang='lat' dir='ltr'>tate,</span> <span class='ocrx_word' id='word_1_201' title='bbox 354 1519 481 1573; x_wconf 82' lang='lat' dir='ltr'>alter</span> <span class='ocrx_word' id='word_1_202' title='bbox 512 1522 781 1585; x_wconf 81' lang='lat' dir='ltr'>alterum,</span> <span class='ocrx_word' id='word_1_203' title='bbox 808 1520 892 1573; x_wconf 79' lang='lat' dir='ltr'>uel</span> <span class='ocrx_word' id='word_1_204' title='bbox 928 1522 1157 1588; x_wconf 86' lang='lat' dir='ltr'>quisque</span> <span class='ocrx_word' id='word_1_205' title='bbox 1183 1522 1445 1588; x_wconf 84' lang='lat' dir='ltr'>seipsum,</span> <span class='ocrx_word' id='word_1_206' title='bbox 1462 1519 1513 1573; x_wconf 90' lang='lat' dir='ltr'>si</span> <span class='ocrx_word' id='word_1_207' title='bbox 1541 1518 1676 1574; x_wconf 87' lang='lat' dir='ltr'>estis</span> <span class='ocrx_word' id='word_1_208' title='bbox 1694 1519 1755 1573; x_wconf 89' lang='lat' dir='ltr'>in</span> <span class='ocrx_word' id='word_1_209' title='bbox 1773 1519 1884 1574; x_wconf 86' lang='lat' dir='ltr'>ﬁde</span> <span class='ocrx_word' id='word_1_210' title='bbox 1909 1538 1924 1588; x_wconf 93' lang='lat'>;</span> <span class='ocrx_word' id='word_1_211' title='bbox 1947 1520 2055 1592; x_wconf 87' lang='lat' dir='ltr'>ipsi</span> <span class='ocrx_word' id='word_1_212' title='bbox 2074 1538 2168 1576; x_wconf 89' lang='lat' dir='ltr'>vos</span> <span class='ocrx_word' id='word_1_213' title='bbox 2189 1521 2442 1592; x_wconf 86' lang='lat' dir='ltr'>probate,</span> <span class='ocrx_word' id='word_1_214' title='bbox 2481 1522 2556 1575; x_wconf 86' lang='lat' dir='ltr'>ad</span> <span class='ocrx_word' id='word_1_215' title='bbox 2586 1517 2685 1576; x_wconf 84' lang='lat' dir='ltr'>hoc</span> <span class='ocrx_word' id='word_1_216' title='bbox 2710 1524 2915 1579; x_wconf 82' lang='lat' dir='ltr'>scilicet</span> <span class='ocrx_word' id='word_1_217' title='bbox 2936 1523 3190 1579; x_wconf 77' lang='lat' dir='ltr'>Christus</span> <span class='ocrx_word' id='word_1_218' title='bbox 3216 1526 3437 1582; x_wconf 80' lang='lat' dir='ltr'>habitat</span> 
     </span>
    </p>
   </div>
   <div class='ocr_carea' id='block_1_17' title="bbox 230 1606 3428 1686">
    <p class='ocr_par' dir='ltr' id='par_1_17' title="bbox 230 1606 3428 1686">
     <span class='ocr_line' id='line_1_17' title="bbox 230 1606 3428 1686; baseline 0.004 -26"><span class='ocrx_word' id='word_1_219' title='bbox 230 1609 278 1661; x_wconf 85' lang='lat' dir='ltr'>in</span> <span class='ocrx_word' id='word_1_220' title='bbox 297 1608 433 1663; x_wconf 77' lang='lat' dir='ltr'>vobis.</span> <span class='ocrx_word' id='word_1_221' title='bbox 460 1608 545 1662; x_wconf 82' lang='lat' dir='ltr'>An</span> <span class='ocrx_word' id='word_1_222' title='bbox 565 1623 683 1662; x_wconf 91' lang='lat' dir='ltr'>non</span> <span class='ocrx_word' id='word_1_223' title='bbox 712 1606 1045 1679; x_wconf 84' lang='lat' dir='ltr'>cognoscitis</span> <span class='ocrx_word' id='word_1_224' title='bbox 1077 1606 1464 1678; x_wconf 89' lang='lat' dir='ltr'>vosmetipsos,</span> <span class='ocrx_word' id='word_1_225' title='bbox 1486 1610 1551 1662; x_wconf 90' lang='lat' dir='ltr'>in</span> <span class='ocrx_word' id='word_1_226' title='bbox 1582 1610 1696 1674; x_wconf 90' lang='lat' dir='ltr'>hoc,</span> <span class='ocrx_word' id='word_1_227' title='bbox 1719 1606 1853 1679; x_wconf 86' lang='lat' dir='ltr'>quia</span> <span class='ocrx_word' id='word_1_228' title='bbox 1881 1609 2137 1664; x_wconf 89' lang='lat' dir='ltr'>Christus</span> <span class='ocrx_word' id='word_1_229' title='bbox 2157 1611 2186 1665; x_wconf 89' lang='lat' dir='ltr'><strong>J</strong></span> <span class='ocrx_word' id='word_1_230' title='bbox 2191 1627 2320 1665; x_wconf 88' lang='lat' dir='ltr'>esus</span> <span class='ocrx_word' id='word_1_231' title='bbox 2338 1611 2397 1665; x_wconf 90' lang='lat' dir='ltr'>in</span> <span class='ocrx_word' id='word_1_232' title='bbox 2416 1610 2571 1665; x_wconf 86' lang='lat' dir='ltr'>vobis</span> <span class='ocrx_word' id='word_1_233' title='bbox 2586 1612 2710 1666; x_wconf 85' lang='lat' dir='ltr'>est?</span> <span class='ocrx_word' id='word_1_234' title='bbox 2732 1611 2841 1666; x_wconf 89' lang='lat' dir='ltr'>nisi</span> <span class='ocrx_word' id='word_1_235' title='bbox 2861 1611 3005 1667; x_wconf 85' lang='lat' dir='ltr'>forte</span> <span class='ocrx_word' id='word_1_236' title='bbox 3026 1613 3249 1686; x_wconf 86' lang='lat' dir='ltr'>reprobi</span> <span class='ocrx_word' id='word_1_237' title='bbox 3274 1616 3428 1672; x_wconf 83' lang='lat' dir='ltr'>estis.</span> 
     </span>
    </p>
   </div>
   <div class='ocr_carea' id='block_1_18' title="bbox 227 1694 3434 1771">
    <p class='ocr_par' dir='ltr' id='par_1_18' title="bbox 227 1694 3434 1771">
     <span class='ocr_line' id='line_1_18' title="bbox 227 1694 3434 1771; baseline 0.003 -22"><span class='ocrx_word' id='word_1_238' title='bbox 227 1694 450 1751; x_wconf 85' lang='lat' dir='ltr'>Similiter</span> <span class='ocrx_word' id='word_1_239' title='bbox 475 1712 540 1751; x_wconf 88' lang='lat' dir='ltr'>ne</span> <span class='ocrx_word' id='word_1_240' title='bbox 568 1698 850 1753; x_wconf 84' lang='lat' dir='ltr'>diceretur</span> <span class='ocrx_word' id='word_1_241' title='bbox 868 1697 938 1751; x_wconf 92' lang='lat' dir='ltr'>ab</span> <span class='ocrx_word' id='word_1_242' title='bbox 956 1697 1075 1752; x_wconf 79' lang='lat' dir='ltr'>illis</span> <span class='ocrx_word' id='word_1_243' title='bbox 1104 1698 1386 1766; x_wconf 80' lang='lat' dir='ltr'>reprobus,</span> <span class='ocrx_word' id='word_1_244' title='bbox 1432 1703 1469 1763; x_wconf 87' lang='grc'><strong>1</strong></span> <span class='ocrx_word' id='word_1_245' title='bbox 1494 1702 1610 1764; x_wconf 64' lang='grc' dir='ltr'>ιθ</span> <span class='ocrx_word' id='word_1_246' title='bbox 1636 1699 1790 1752; x_wconf 85' lang='lat' dir='ltr'>dicit.</span> <span class='ocrx_word' id='word_1_247' title='bbox 1823 1699 1998 1769; x_wconf 91' lang='lat' dir='ltr'>Spero</span> <span class='ocrx_word' id='word_1_248' title='bbox 2027 1703 2219 1754; x_wconf 89' lang='lat' dir='ltr'>autem</span> <span class='ocrx_word' id='word_1_249' title='bbox 2240 1698 2391 1770; x_wconf 92' lang='lat' dir='ltr'>quod</span> <span class='ocrx_word' id='word_1_250' title='bbox 2407 1699 2770 1770; x_wconf 86' lang='lat' dir='ltr'>cognoscetis,</span> <span class='ocrx_word' id='word_1_251' title='bbox 2804 1700 2936 1771; x_wconf 83' lang='lat' dir='ltr'>quia</span> <span class='ocrx_word' id='word_1_252' title='bbox 2962 1718 3069 1757; x_wconf 85' lang='lat' dir='ltr'>nos</span> <span class='ocrx_word' id='word_1_253' title='bbox 3095 1719 3209 1758; x_wconf 90' lang='lat' dir='ltr'>non</span> <span class='ocrx_word' id='word_1_254' title='bbox 3237 1720 3434 1761; x_wconf 88' lang='lat' dir='ltr'>sumus</span> 
     </span>
    </p>
   </div>
   <div class='ocr_carea' id='block_1_19' title="bbox 229 1784 3435 1856">
    <p class='ocr_par' dir='ltr' id='par_1_19' title="bbox 229 1784 3435 1856">
     <span class='ocr_line' id='line_1_19' title="bbox 229 1784 3435 1856; baseline 0.003 -17"><span class='ocrx_word' id='word_1_255' title='bbox 229 1784 417 1856; x_wconf 87' lang='lat' dir='ltr'>reprobi.</span> <span class='ocrx_word' id='word_1_256' title='bbox 444 1786 717 1841; x_wconf 79' lang='lat' dir='ltr'>Nolumus</span> <span class='ocrx_word' id='word_1_257' title='bbox 745 1802 835 1842; x_wconf 83' lang='lat' dir='ltr'>vos</span> <span class='ocrx_word' id='word_1_258' title='bbox 864 1802 971 1841; x_wconf 89' lang='lat' dir='ltr'>esse</span> <span class='ocrx_word' id='word_1_259' title='bbox 1004 1787 1276 1856; x_wconf 85' lang='lat' dir='ltr'>reprobos,</span> <span class='ocrx_word' id='word_1_260' title='bbox 1309 1787 1401 1839; x_wconf 87' lang='lat' dir='ltr'>sed</span> <span class='ocrx_word' id='word_1_261' title='bbox 1429 1784 1672 1840; x_wconf 86' lang='lat' dir='ltr'>Oramus</span> <span class='ocrx_word' id='word_1_262' title='bbox 1714 1790 1906 1841; x_wconf 90' lang='lat' dir='ltr'>autem</span> <span class='ocrx_word' id='word_1_263' title='bbox 1945 1787 2124 1842; x_wconf 92' lang='lat' dir='ltr'>Deum</span> <span class='ocrx_word' id='word_1_264' title='bbox 2169 1792 2234 1842; x_wconf 92' lang='lat' dir='ltr'>ut</span> <span class='ocrx_word' id='word_1_265' title='bbox 2280 1788 2422 1842; x_wconf 89' lang='lat' dir='ltr'>nihil</span> <span class='ocrx_word' id='word_1_266' title='bbox 2474 1788 2610 1843; x_wconf 90' lang='lat' dir='ltr'>mali</span> <span class='ocrx_word' id='word_1_267' title='bbox 2654 1788 2892 1854; x_wconf 85' lang='lat' dir='ltr'>faciatis,</span> <span class='ocrx_word' id='word_1_268' title='bbox 2933 1807 3047 1845; x_wconf 90' lang='lat' dir='ltr'>non</span> <span class='ocrx_word' id='word_1_269' title='bbox 3100 1793 3215 1846; x_wconf 84' lang='lat' dir='ltr'>ideo</span> <span class='ocrx_word' id='word_1_270' title='bbox 3243 1797 3306 1847; x_wconf 90' lang='lat' dir='ltr'>ut</span> <span class='ocrx_word' id='word_1_271' title='bbox 3331 1809 3435 1850; x_wconf 91' lang='lat' dir='ltr'>nos</span> 
     </span>
    </p>
   </div>
   <div class='ocr_carea' id='block_1_20' title="bbox 225 1875 3429 1950">
    <p class='ocr_par' dir='ltr' id='par_1_20' title="bbox 225 1875 3429 1950">
     <span class='ocr_line' id='line_1_20' title="bbox 225 1875 3429 1950; baseline 0.002 -20"><span class='ocrx_word' id='word_1_272' title='bbox 225 1875 399 1946; x_wconf 81' lang='lat' dir='ltr'>probati</span> <span class='ocrx_word' id='word_1_273' title='bbox 423 1892 819 1948; x_wconf 84' lang='lat' dir='ltr'>appareamus,</span> <span class='ocrx_word' id='word_1_274' title='bbox 849 1878 911 1932; x_wconf 88' lang='lat' dir='ltr'>id</span> <span class='ocrx_word' id='word_1_275' title='bbox 936 1880 1033 1941; x_wconf 87' lang='lat' dir='ltr'>est,</span> <span class='ocrx_word' id='word_1_276' title='bbox 1061 1877 1358 1930; x_wconf 83' lang='lat' dir='ltr'>habeamus</span> <span class='ocrx_word' id='word_1_277' title='bbox 1387 1875 1525 1944; x_wconf 88' lang='lat' dir='ltr'>quid</span> <span class='ocrx_word' id='word_1_278' title='bbox 1547 1878 1612 1929; x_wconf 87' lang='lat' dir='ltr'>in</span> <span class='ocrx_word' id='word_1_279' title='bbox 1640 1876 1787 1929; x_wconf 71' lang='lat' dir='ltr'>nobis</span> <span class='ocrx_word' id='word_1_280' title='bbox 1811 1879 2178 1944; x_wconf 82' lang='lat' dir='ltr'>corrigamus,</span> <span class='ocrx_word' id='word_1_281' title='bbox 2215 1875 2314 1931; x_wconf 89' lang='lat' dir='ltr'>sed</span> <span class='ocrx_word' id='word_1_282' title='bbox 2341 1881 2406 1931; x_wconf 89' lang='lat' dir='ltr'>ut</span> <span class='ocrx_word' id='word_1_283' title='bbox 2441 1875 2494 1930; x_wconf 87' lang='lat'>9.</span> <span class='ocrx_word' id='word_1_284' title='bbox 2525 1892 2623 1932; x_wconf 86' lang='lat' dir='ltr'>vos</span> <span class='ocrx_word' id='word_1_285' title='bbox 2652 1878 2801 1947; x_wconf 93' lang='lat' dir='ltr'>quod</span> <span class='ocrx_word' id='word_1_286' title='bbox 2841 1877 3050 1933; x_wconf 89' lang='lat' dir='ltr'>bonum</span> <span class='ocrx_word' id='word_1_287' title='bbox 3080 1884 3166 1935; x_wconf 87' lang='lat' dir='ltr'>est</span> <span class='ocrx_word' id='word_1_288' title='bbox 3191 1880 3429 1950; x_wconf 86' lang='lat' dir='ltr'>faciatis,</span> 
     </span>
    </p>
   </div>
   <div class='ocr_carea' id='block_1_21' title="bbox 228 1962 3424 2036">
    <p class='ocr_par' dir='ltr' id='par_1_21' title="bbox 228 1962 3424 2036">
     <span class='ocr_line' id='line_1_21' title="bbox 228 1962 3424 2036; baseline 0.003 -19"><span class='ocrx_word' id='word_1_289' title='bbox 228 1966 329 2032; x_wconf 83' lang='lat' dir='ltr'>quid</span> <span class='ocrx_word' id='word_1_290' title='bbox 339 1967 391 2019; x_wconf 87' lang='lat' dir='ltr'>in</span> <span class='ocrx_word' id='word_1_291' title='bbox 408 1967 547 2020; x_wconf 76' lang='lat' dir='ltr'>vobis</span> <span class='ocrx_word' id='word_1_292' title='bbox 562 1970 916 2036; x_wconf 81' lang='lat' dir='ltr'>corrigamus</span> <span class='ocrx_word' id='word_1_293' title='bbox 928 1981 1043 2021; x_wconf 86' lang='lat' dir='ltr'>non</span> <span class='ocrx_word' id='word_1_294' title='bbox 1068 1966 1341 2029; x_wconf 85' lang='lat' dir='ltr'>habentes,</span> <span class='ocrx_word' id='word_1_295' title='bbox 1369 1962 1459 2021; x_wconf 89' lang='grc'>10.</span> <span class='ocrx_word' id='word_1_296' title='bbox 1474 1980 1577 2018; x_wconf 90' lang='lat' dir='ltr'>nos</span> <span class='ocrx_word' id='word_1_297' title='bbox 1598 1968 1791 2019; x_wconf 89' lang='lat' dir='ltr'>autem</span> <span class='ocrx_word' id='word_1_298' title='bbox 1811 1969 1875 2019; x_wconf 90' lang='lat' dir='ltr'>ut</span> <span class='ocrx_word' id='word_1_299' title='bbox 1888 1965 2113 2036; x_wconf 87' lang='lat' dir='ltr'>reprobi</span> <span class='ocrx_word' id='word_1_300' title='bbox 2134 1965 2312 2019; x_wconf 90' lang='lat' dir='ltr'>simus</span> <span class='ocrx_word' id='word_1_301' title='bbox 2332 1966 2494 2034; x_wconf 89' lang='lat' dir='ltr'>quasi</span> <span class='ocrx_word' id='word_1_302' title='bbox 2515 1967 2667 2031; x_wconf 80' lang='lat' dir='ltr'>vites,</span> <span class='ocrx_word' id='word_1_303' title='bbox 2693 1969 3075 2034; x_wconf 84' lang='lat' dir='ltr'>magisterium</span> <span class='ocrx_word' id='word_1_304' title='bbox 3093 1972 3424 2025; x_wconf 85' lang='lat' dir='ltr'>amittentes.</span> 
     </span>
    </p>
   </div>
   <div class='ocr_carea' id='block_1_22' title="bbox 229 2049 3420 2127">
    <p class='ocr_par' dir='ltr' id='par_1_22' title="bbox 229 2049 3420 2127">
     <span class='ocr_line' id='line_1_22' title="bbox 229 2049 3420 2127; baseline 0.001 -19"><span class='ocrx_word' id='word_1_305' title='bbox 229 2049 286 2117; x_wconf 78' lang='lat' dir='ltr'>li,</span> <span class='ocrx_word' id='word_1_306' title='bbox 310 2052 388 2110; x_wconf 80' lang='lat' dir='ltr'>i2.</span> <span class='ocrx_word' id='word_1_307' title='bbox 413 2054 532 2108; x_wconf 89' lang='lat' dir='ltr'>Non</span> <span class='ocrx_word' id='word_1_308' title='bbox 545 2055 701 2109; x_wconf 88' lang='lat' dir='ltr'>enim</span> <span class='ocrx_word' id='word_1_309' title='bbox 721 2071 1021 2127; x_wconf 88' lang='lat' dir='ltr'>possumus</span> <span class='ocrx_word' id='word_1_310' title='bbox 1036 2054 1251 2126; x_wconf 89' lang='lat' dir='ltr'>aliquid</span> <span class='ocrx_word' id='word_1_311' title='bbox 1273 2052 1350 2110; x_wconf 75' lang='lat'>[3.</span> <span class='ocrx_word' id='word_1_312' title='bbox 1374 2053 1643 2108; x_wconf 88' lang='lat' dir='ltr'>adversus</span> <span class='ocrx_word' id='word_1_313' title='bbox 1665 2053 1961 2108; x_wconf 83' lang='lat' dir='ltr'>veritatem</span> <span class='ocrx_word' id='word_1_314' title='bbox 1982 2055 2326 2119; x_wconf 88' lang='lat' dir='ltr'>edocendam,</span> <span class='ocrx_word' id='word_1_315' title='bbox 2346 2052 2444 2107; x_wconf 92' lang='lat' dir='ltr'>sed</span> <span class='ocrx_word' id='word_1_316' title='bbox 2465 2069 2566 2123; x_wconf 91' lang='lat' dir='ltr'>pro</span> <span class='ocrx_word' id='word_1_317' title='bbox 2584 2052 2838 2107; x_wconf 87' lang='lat' dir='ltr'>veritate.</span> <span class='ocrx_word' id='word_1_318' title='bbox 2854 2051 2947 2121; x_wconf 81' lang='grc'>14,</span> <span class='ocrx_word' id='word_1_319' title='bbox 2983 2055 3059 2108; x_wconf 81' lang='lat' dir='ltr'>t5.</span> <span class='ocrx_word' id='word_1_320' title='bbox 3074 2055 3420 2124; x_wconf 86' lang='lat' dir='ltr'>Gaudemus,</span> 
     </span>
    </p>
   </div>
   <div class='ocr_carea' id='block_1_23' title="bbox 222 2128 3433 2214">
    <p class='ocr_par' dir='ltr' id='par_1_23' title="bbox 222 2128 3433 2214">
     <span class='ocr_line' id='line_1_23' title="bbox 222 2128 3433 2214; baseline 0.002 -20"><span class='ocrx_word' id='word_1_321' title='bbox 222 2141 622 2214; x_wconf 86' lang='lat' dir='ltr'>enim,quoniam</span> <span class='ocrx_word' id='word_1_322' title='bbox 639 2128 742 2199; x_wconf 88' lang='lat' dir='ltr'>nos</span> <span class='ocrx_word' id='word_1_323' title='bbox 762 2143 1184 2198; x_wconf 89' lang='lat' dir='ltr'>inﬁrmisumus</span> <span class='ocrx_word' id='word_1_324' title='bbox 1206 2159 1319 2197; x_wconf 89' lang='lat' dir='ltr'>non</span> <span class='ocrx_word' id='word_1_325' title='bbox 1338 2146 1664 2211; x_wconf 85' lang='lat' dir='ltr'>reperientes</span> <span class='ocrx_word' id='word_1_326' title='bbox 1691 2144 1829 2212; x_wconf 85' lang='lat' dir='ltr'>quid</span> <span class='ocrx_word' id='word_1_327' title='bbox 1854 2145 1917 2197; x_wconf 84' lang='lat' dir='ltr'>in</span> <span class='ocrx_word' id='word_1_328' title='bbox 1946 2144 2094 2196; x_wconf 79' lang='lat' dir='ltr'>vobis</span> <span class='ocrx_word' id='word_1_329' title='bbox 2117 2144 2457 2212; x_wconf 86' lang='lat' dir='ltr'>puniamus;</span> <span class='ocrx_word' id='word_1_330' title='bbox 2485 2157 2581 2196; x_wconf 89' lang='lat' dir='ltr'>vos</span> <span class='ocrx_word' id='word_1_331' title='bbox 2609 2146 2798 2196; x_wconf 88' lang='lat' dir='ltr'>autem</span> <span class='ocrx_word' id='word_1_332' title='bbox 2827 2147 3084 2214; x_wconf 87' lang='lat' dir='ltr'>potentes</span> <span class='ocrx_word' id='word_1_333' title='bbox 3113 2144 3268 2213; x_wconf 84' lang='lat' dir='ltr'>estis,</span> <span class='ocrx_word' id='word_1_334' title='bbox 3303 2147 3433 2202; x_wconf 85' lang='lat' dir='ltr'>bene</span> 
     </span>
    </p>
   </div>
   <div class='ocr_carea' id='block_1_24' title="bbox 1485 2285 2077 2342">
    <p class='ocr_par' dir='ltr' id='par_1_24' title="bbox 1485 2285 2077 2342">
     <span class='ocr_line' id='line_1_24' title="bbox 1485 2285 2077 2342; baseline 0.003 -2"><span class='ocrx_word' id='word_1_335' title='bbox 1485 2285 2077 2342; x_wconf 82' lang='lat' dir='ltr'>COMMENTARIUS.</span> 
     </span>
    </p>
   </div>
   <div class='ocr_carea' id='block_1_25' title="bbox 268 2405 3431 2480">
    <p class='ocr_par' dir='ltr' id='par_1_25' title="bbox 268 2405 3431 2480">
     <span class='ocr_line' id='line_1_25' title="bbox 268 2405 3431 2480; baseline 0.003 -17"><span class='ocrx_word' id='word_1_336' title='bbox 268 2405 337 2463; x_wconf 77' lang='grc'>25.</span> <span class='ocrx_word' id='word_1_337' title='bbox 367 2408 425 2462; x_wconf 82' lang='lat' dir='ltr'>Et</span> <span class='ocrx_word' id='word_1_338' title='bbox 460 2412 685 2478; x_wconf 86' lang='lat' dir='ltr'>lugeam</span> <span class='ocrx_word' id='word_1_339' title='bbox 700 2413 922 2466; x_wconf 89' lang='lat' dir='ltr'>multos.</span> <span class='ocrx_word' id='word_1_340' title='bbox 946 2410 1089 2465; x_wconf 89' lang='lat' dir='ltr'>Cum</span> <span class='ocrx_word' id='word_1_341' title='bbox 1105 2408 1243 2464; x_wconf 83' lang='lat' dir='ltr'>dicit</span> <span class='ocrx_word' id='word_1_342' title='bbox 1270 2412 1337 2462; x_wconf 89' lang='lat' dir='ltr'>ut</span> <span class='ocrx_word' id='word_1_343' title='bbox 1356 2407 1581 2478; x_wconf 80' lang='lat' dir='ltr'>lugeam</span> <span class='ocrx_word' id='word_1_344' title='bbox 1606 2406 1755 2462; x_wconf 84' lang='lat' dir='ltr'>mul-</span> <span class='ocrx_word' id='word_1_345' title='bbox 1774 2406 1894 2468; x_wconf 83' lang='lat' dir='ltr'>Ain</span> <span class='ocrx_word' id='word_1_346' title='bbox 1917 2407 2016 2463; x_wconf 87' lang='lat' dir='ltr'>illa</span> <span class='ocrx_word' id='word_1_347' title='bbox 2033 2424 2095 2462; x_wconf 92' lang='lat' dir='ltr'>re</span> <span class='ocrx_word' id='word_1_348' title='bbox 2117 2408 2178 2463; x_wconf 93' lang='lat' dir='ltr'>in</span> <span class='ocrx_word' id='word_1_349' title='bbox 2206 2424 2318 2479; x_wconf 88' lang='lat' dir='ltr'>qua</span> <span class='ocrx_word' id='word_1_350' title='bbox 2352 2407 2474 2480; x_wconf 88' lang='lat' dir='ltr'>ipse</span> <span class='ocrx_word' id='word_1_351' title='bbox 2514 2407 2774 2467; x_wconf 85' lang='lat' dir='ltr'>inﬁrmus</span> <span class='ocrx_word' id='word_1_352' title='bbox 2794 2410 2887 2479; x_wconf 88' lang='lat' dir='ltr'>sit,</span> <span class='ocrx_word' id='word_1_353' title='bbox 2919 2410 2978 2466; x_wconf 92' lang='lat' dir='ltr'>id</span> <span class='ocrx_word' id='word_1_354' title='bbox 3002 2416 3105 2480; x_wconf 91' lang='lat' dir='ltr'>est,</span> <span class='ocrx_word' id='word_1_355' title='bbox 3138 2413 3199 2469; x_wconf 90' lang='lat' dir='ltr'>in</span> <span class='ocrx_word' id='word_1_356' title='bbox 3228 2430 3394 2471; x_wconf 87' lang='lat' dir='ltr'>carne</span> <span class='ocrx_word' id='word_1_357' title='bbox 3417 2426 3431 2476; x_wconf 83' lang='lat'><strong>;</strong></span> 
     </span>
    </p>
   </div>
   <div class='ocr_carea' id='block_1_26' title="bbox 214 2497 1757 2571">
    <p class='ocr_par' dir='ltr' id='par_1_26' title="bbox 214 2497 1757 2571">
     <span class='ocr_line' id='line_1_26' title="bbox 214 2497 1757 2571; baseline 0.001 -23"><span class='ocrx_word' id='word_1_358' title='bbox 214 2498 291 2559; x_wconf 86' lang='lat' dir='ltr'>tos,</span> <span class='ocrx_word' id='word_1_359' title='bbox 314 2498 383 2551; x_wconf 88' lang='lat' dir='ltr'>eis</span> <span class='ocrx_word' id='word_1_360' title='bbox 400 2497 601 2569; x_wconf 84' lang='lat' dir='ltr'>probat</span> <span class='ocrx_word' id='word_1_361' title='bbox 627 2499 901 2571; x_wconf 88' lang='lat' dir='ltr'>quosdam</span> <span class='ocrx_word' id='word_1_362' title='bbox 921 2515 989 2554; x_wconf 86' lang='lat' dir='ltr'>ex</span> <span class='ocrx_word' id='word_1_363' title='bbox 1016 2498 1105 2553; x_wconf 91' lang='lat' dir='ltr'>his</span> <span class='ocrx_word' id='word_1_364' title='bbox 1133 2497 1313 2568; x_wconf 81' lang='lat' dir='ltr'>egisse</span> <span class='ocrx_word' id='word_1_365' title='bbox 1343 2497 1757 2568; x_wconf 80' lang='lat' dir='ltr'>pcenitentiam,</span> 
     </span>
    </p>
   </div>
   <div class='ocr_carea' id='block_1_27' title="bbox 215 2578 1760 2658">
    <p class='ocr_par' dir='ltr' id='par_1_27' title="bbox 215 2578 1760 2658">
     <span class='ocr_line' id='line_1_27' title="bbox 215 2578 1760 2658; baseline -0.001 -19"><span class='ocrx_word' id='word_1_366' title='bbox 215 2585 435 2654; x_wconf 86' lang='lat' dir='ltr'>quosdam</span> <span class='ocrx_word' id='word_1_367' title='bbox 462 2578 580 2642; x_wconf 88' lang='lat' dir='ltr'>non</span> <span class='ocrx_word' id='word_1_368' title='bbox 606 2586 803 2658; x_wconf 88' lang='lat' dir='ltr'>egisse.</span> <span class='ocrx_word' id='word_1_369' title='bbox 823 2588 983 2652; x_wconf 87' lang='lat' dir='ltr'>Quod</span> <span class='ocrx_word' id='word_1_370' title='bbox 996 2587 1307 2642; x_wconf 89' lang='lat' dir='ltr'>Novatiano</span> <span class='ocrx_word' id='word_1_371' title='bbox 1335 2585 1632 2641; x_wconf 88' lang='lat' dir='ltr'>adversum</span> <span class='ocrx_word' id='word_1_372' title='bbox 1652 2588 1760 2654; x_wconf 88' lang='lat' dir='ltr'>est,</span> 
     </span>
    </p>
   </div>
   <div class='ocr_carea' id='block_1_28' title="bbox 214 2673 1763 2749">
    <p class='ocr_par' dir='ltr' id='par_1_28' title="bbox 214 2673 1763 2749">
     <span class='ocr_line' id='line_1_28' title="bbox 214 2673 1763 2749; baseline -0.001 -21"><span class='ocrx_word' id='word_1_373' title='bbox 214 2674 286 2742; x_wconf 87' lang='lat' dir='ltr'>qui</span> <span class='ocrx_word' id='word_1_374' title='bbox 308 2675 431 2731; x_wconf 88' lang='lat' dir='ltr'>dicit</span> <span class='ocrx_word' id='word_1_375' title='bbox 450 2676 821 2732; x_wconf 85' lang='lat' dir='ltr'>fornicatores</span> <span class='ocrx_word' id='word_1_376' title='bbox 858 2692 973 2732; x_wconf 92' lang='lat' dir='ltr'>non</span> <span class='ocrx_word' id='word_1_377' title='bbox 1001 2692 1165 2749; x_wconf 91' lang='lat' dir='ltr'>posse</span> <span class='ocrx_word' id='word_1_378' title='bbox 1193 2691 1464 2747; x_wconf 85' lang='lat' dir='ltr'>peragere</span> <span class='ocrx_word' id='word_1_379' title='bbox 1490 2673 1763 2747; x_wconf 87' lang='lat' dir='ltr'>poeniten-</span> 
     </span>
    </p>
   </div>
   <div class='ocr_carea' id='block_1_29' title="bbox 212 2762 337 2817">
    <p class='ocr_par' dir='ltr' id='par_1_29' title="bbox 212 2762 337 2817">
     <span class='ocr_line' id='line_1_29' title="bbox 212 2762 337 2817; baseline -0.008 0"><span class='ocrx_word' id='word_1_380' title='bbox 212 2762 337 2817; x_wconf 80' lang='lat' dir='ltr'>tiam.</span> 
     </span>
    </p>
   </div>
   <div class='ocr_carea' id='block_1_30' title="bbox 260 2852 1763 2922">
    <p class='ocr_par' dir='ltr' id='par_1_30' title="bbox 260 2852 1763 2922">
     <span class='ocr_line' id='line_1_30' title="bbox 260 2852 1763 2922; baseline -0.001 -14"><span class='ocrx_word' id='word_1_381' title='bbox 260 2854 333 2908; x_wconf 74' lang='lat'>26.</span> <span class='ocrx_word' id='word_1_382' title='bbox 368 2855 579 2910; x_wconf 73' lang='lat' dir='ltr'><strong>LANFR.</strong></span> <span class='ocrx_word' id='word_1_383' title='bbox 631 2855 699 2909; x_wconf 80' lang='lat' dir='ltr'>Et</span> <span class='ocrx_word' id='word_1_384' title='bbox 743 2870 858 2909; x_wconf 85' lang='lat' dir='ltr'>non</span> <span class='ocrx_word' id='word_1_385' title='bbox 912 2858 1142 2922; x_wconf 88' lang='lat' dir='ltr'>egerunt</span> <span class='ocrx_word' id='word_1_386' title='bbox 1172 2855 1576 2922; x_wconf 70' lang='lat' dir='ltr'>panitentiam.</span> <span class='ocrx_word' id='word_1_387' title='bbox 1618 2852 1763 2907; x_wconf 89' lang='lat' dir='ltr'>Hinc</span> 
     </span>
    </p>
   </div>
   <div class='ocr_carea' id='block_1_31' title="bbox 209 2940 1762 3013">
    <p class='ocr_par' dir='ltr' id='par_1_31' title="bbox 209 2940 1762 3013">
     <span class='ocr_line' id='line_1_31' title="bbox 209 2940 1762 3013; baseline 0.001 -19"><span class='ocrx_word' id='word_1_388' title='bbox 209 2943 560 3013; x_wconf 80' lang='lat' dir='ltr'>comprobatur</span> <span class='ocrx_word' id='word_1_389' title='bbox 575 2943 780 2998; x_wconf 87' lang='lat' dir='ltr'>falsum</span> <span class='ocrx_word' id='word_1_390' title='bbox 804 2959 923 2997; x_wconf 89' lang='lat' dir='ltr'>esse</span> <span class='ocrx_word' id='word_1_391' title='bbox 940 2943 1088 3013; x_wconf 88' lang='lat' dir='ltr'>quod</span> <span class='ocrx_word' id='word_1_392' title='bbox 1107 2957 1368 3013; x_wconf 86' lang='lat' dir='ltr'>perverse</span> <span class='ocrx_word' id='word_1_393' title='bbox 1383 2940 1762 3012; x_wconf 88' lang='lat' dir='ltr'>intelligentes</span> 
     </span>
    </p>
   </div>
   <div class='ocr_carea' id='block_1_32' title="bbox 204 3027 1761 3102">
    <p class='ocr_par' dir='ltr' id='par_1_32' title="bbox 204 3027 1761 3102">
     <span class='ocr_line' id='line_1_32' title="bbox 204 3027 1761 3102; baseline 0.002 -19"><span class='ocrx_word' id='word_1_394' title='bbox 204 3027 575 3088; x_wconf 82' lang='lat' dir='ltr'>inconsiderate</span> <span class='ocrx_word' id='word_1_395' title='bbox 602 3036 947 3088; x_wconf 86' lang='lat' dir='ltr'>attestantur</span> <span class='ocrx_word' id='word_1_396' title='bbox 965 3031 1293 3102; x_wconf 84' lang='lat' dir='ltr'>Apostolum</span> <span class='ocrx_word' id='word_1_397' title='bbox 1313 3030 1373 3084; x_wconf 91' lang='lat' dir='ltr'>in</span> <span class='ocrx_word' id='word_1_398' title='bbox 1388 3030 1640 3101; x_wconf 86' lang='lat' dir='ltr'>Epistola</span> <span class='ocrx_word' id='word_1_399' title='bbox 1658 3047 1761 3086; x_wconf 88' lang='lat' dir='ltr'>sua</span> 
     </span>
    </p>
   </div>
   <div class='ocr_carea' id='block_1_33' title="bbox 205 3118 1761 3194">
    <p class='ocr_par' dir='ltr' id='par_1_33' title="bbox 205 3118 1761 3194">
     <span class='ocr_line' id='line_1_33' title="bbox 205 3118 1761 3194; baseline 0 -21"><span class='ocrx_word' id='word_1_400' title='bbox 205 3119 260 3173; x_wconf 82' lang='lat' dir='ltr'>ad</span> <span class='ocrx_word' id='word_1_401' title='bbox 283 3121 522 3177; x_wconf 76' lang='lat' dir='ltr'>Hebraeos</span> <span class='ocrx_word' id='word_1_402' title='bbox 551 3122 848 3194; x_wconf 72' lang='lat' dir='ltr'>scripsisse</span> <span class='ocrx_word' id='word_1_403' title='bbox 877 3122 1062 3193; x_wconf 89' lang='lat' dir='ltr'>lapsos</span> <span class='ocrx_word' id='word_1_404' title='bbox 1100 3119 1358 3175; x_wconf 89' lang='lat' dir='ltr'>renovari</span> <span class='ocrx_word' id='word_1_405' title='bbox 1388 3120 1458 3173; x_wconf 91' lang='lat' dir='ltr'>ad</span> <span class='ocrx_word' id='word_1_406' title='bbox 1487 3118 1761 3191; x_wconf 65' lang='lat' dir='ltr'>paeniten-</span> 
     </span>
    </p>
   </div>
   <div class='ocr_carea' id='block_1_34' title="bbox 201 3206 651 3282">
    <p class='ocr_par' dir='ltr' id='par_1_34' title="bbox 201 3206 651 3282">
     <span class='ocr_line' id='line_1_34' title="bbox 201 3206 651 3282; baseline 0.011 -21"><span class='ocrx_word' id='word_1_407' title='bbox 201 3206 307 3262; x_wconf 82' lang='lat' dir='ltr'>tiam</span> <span class='ocrx_word' id='word_1_408' title='bbox 330 3226 432 3265; x_wconf 90' lang='lat' dir='ltr'>non</span> <span class='ocrx_word' id='word_1_409' title='bbox 461 3226 651 3282; x_wconf 89' lang='lat' dir='ltr'>posse.</span> 
     </span>
    </p>
   </div>
   <div class='ocr_carea' id='block_1_35' title="bbox 251 3297 1760 3355">
    <p class='ocr_par' dir='ltr' id='par_1_35' title="bbox 251 3297 1760 3355">
     <span class='ocr_line' id='line_1_35' title="bbox 251 3297 1760 3355; baseline 0.001 -4"><span class='ocrx_word' id='word_1_410' title='bbox 251 3298 383 3353; x_wconf 79' lang='lat' dir='ltr'>CAP.</span> <span class='ocrx_word' id='word_1_411' title='bbox 414 3299 570 3355; x_wconf 83' lang='lat' dir='ltr'>XIII.</span> <span class='ocrx_word' id='word_1_412' title='bbox 611 3329 681 3342; x_wconf 94' lang='lat'>—-</span> <span class='ocrx_word' id='word_1_413' title='bbox 714 3297 762 3355; x_wconf 85' lang='lat'>1.</span> <span class='ocrx_word' id='word_1_414' title='bbox 795 3300 1002 3354; x_wconf 79' lang='lat' dir='ltr'>LANFR.</span> <span class='ocrx_word' id='word_1_415' title='bbox 1035 3299 1162 3355; x_wconf 88' lang='lat' dir='ltr'>Ecce</span> <span class='ocrx_word' id='word_1_416' title='bbox 1191 3301 1350 3354; x_wconf 88' lang='lat' dir='ltr'>tertio</span> <span class='ocrx_word' id='word_1_417' title='bbox 1374 3298 1489 3353; x_wconf 79' lang='lat' dir='ltr'>hoc.</span> <span class='ocrx_word' id='word_1_418' title='bbox 1521 3297 1648 3353; x_wconf 89' lang='lat' dir='ltr'>Non</span> <span class='ocrx_word' id='word_1_419' title='bbox 1681 3297 1760 3352; x_wconf 88' lang='lat' dir='ltr'>di-</span> 
     </span>
    </p>
   </div>
   <div class='ocr_carea' id='block_1_36' title="bbox 197 3383 1758 3458">
    <p class='ocr_par' dir='ltr' id='par_1_36' title="bbox 197 3383 1758 3458">
     <span class='ocr_line' id='line_1_36' title="bbox 197 3383 1758 3458; baseline 0.001 -19"><span class='ocrx_word' id='word_1_420' title='bbox 197 3383 253 3439; x_wconf 85' lang='lat' dir='ltr'>cit</span> <span class='ocrx_word' id='word_1_421' title='bbox 276 3388 406 3458; x_wconf 90' lang='lat' dir='ltr'>quod</span> <span class='ocrx_word' id='word_1_422' title='bbox 433 3389 521 3444; x_wconf 87' lang='lat' dir='ltr'>bis</span> <span class='ocrx_word' id='word_1_423' title='bbox 551 3388 792 3455; x_wconf 80' lang='lat' dir='ltr'>venerit,</span> <span class='ocrx_word' id='word_1_424' title='bbox 827 3394 884 3443; x_wconf 91' lang='lat' dir='ltr'>et</span> <span class='ocrx_word' id='word_1_425' title='bbox 910 3387 1083 3443; x_wconf 88' lang='lat' dir='ltr'>tertia</span> <span class='ocrx_word' id='word_1_426' title='bbox 1108 3387 1226 3442; x_wconf 86' lang='lat' dir='ltr'>vice</span> <span class='ocrx_word' id='word_1_427' title='bbox 1258 3391 1529 3442; x_wconf 84' lang='lat' dir='ltr'>venturus</span> <span class='ocrx_word' id='word_1_428' title='bbox 1549 3387 1642 3454; x_wconf 90' lang='lat' dir='ltr'>sit,</span> <span class='ocrx_word' id='word_1_429' title='bbox 1661 3387 1758 3441; x_wconf 87' lang='lat' dir='ltr'>sed</span> 
     </span>
    </p>
   </div>
   <div class='ocr_carea' id='block_1_37' title="bbox 198 3475 1758 3550">
    <p class='ocr_par' dir='ltr' id='par_1_37' title="bbox 198 3475 1758 3550">
     <span class='ocr_line' id='line_1_37' title="bbox 198 3475 1758 3550; baseline 0.001 -22"><span class='ocrx_word' id='word_1_430' title='bbox 198 3475 312 3544; x_wconf 85' lang='lat' dir='ltr'>quod</span> <span class='ocrx_word' id='word_1_431' title='bbox 336 3475 416 3532; x_wconf 86' lang='lat' dir='ltr'>bis</span> <span class='ocrx_word' id='word_1_432' title='bbox 455 3494 518 3533; x_wconf 89' lang='lat' dir='ltr'>se</span> <span class='ocrx_word' id='word_1_433' title='bbox 564 3478 921 3550; x_wconf 67' lang='lat' dir='ltr'>praeparavit,</span> <span class='ocrx_word' id='word_1_434' title='bbox 967 3484 1025 3532; x_wconf 88' lang='lat' dir='ltr'>et</span> <span class='ocrx_word' id='word_1_435' title='bbox 1059 3478 1250 3532; x_wconf 89' lang='lat' dir='ltr'>venire</span> <span class='ocrx_word' id='word_1_436' title='bbox 1279 3493 1393 3532; x_wconf 91' lang='lat' dir='ltr'>non</span> <span class='ocrx_word' id='word_1_437' title='bbox 1434 3476 1637 3549; x_wconf 90' lang='lat' dir='ltr'>potuit,</span> <span class='ocrx_word' id='word_1_438' title='bbox 1660 3476 1758 3531; x_wconf 91' lang='lat' dir='ltr'>sed</span> 
     </span>
    </p>
   </div>
   <div class='ocr_carea' id='block_1_38' title="bbox 198 3560 1170 3640">
    <p class='ocr_par' dir='ltr' id='par_1_38' title="bbox 198 3560 1170 3640">
     <span class='ocr_line' id='line_1_38' title="bbox 198 3560 1170 3640; baseline 0.005 -25"><span class='ocrx_word' id='word_1_439' title='bbox 198 3560 276 3617; x_wconf 84' lang='lat' dir='ltr'>hoc</span> <span class='ocrx_word' id='word_1_440' title='bbox 289 3566 443 3621; x_wconf 78' lang='lat' dir='ltr'>tertio</span> <span class='ocrx_word' id='word_1_441' title='bbox 470 3573 755 3640; x_wconf 86' lang='lat' dir='ltr'>apparatu</span> <span class='ocrx_word' id='word_1_442' title='bbox 782 3572 1051 3622; x_wconf 88' lang='lat' dir='ltr'>venturus</span> <span class='ocrx_word' id='word_1_443' title='bbox 1079 3565 1170 3621; x_wconf 91' lang='lat' dir='ltr'>sit.</span> 
     </span>
    </p>
   </div>
   <div class='ocr_carea' id='block_1_39' title="bbox 246 3651 1761 3734">
    <p class='ocr_par' dir='ltr' id='par_1_39' title="bbox 246 3651 1761 3734">
     <span class='ocr_line' id='line_1_39' title="bbox 246 3651 1761 3734; baseline 0 -24"><span class='ocrx_word' id='word_1_444' title='bbox 246 3651 292 3710; x_wconf 78' lang='grc'>2.</span> <span class='ocrx_word' id='word_1_445' title='bbox 314 3656 371 3709; x_wconf 85' lang='lat' dir='ltr'>Ut</span> <span class='ocrx_word' id='word_1_446' title='bbox 391 3672 635 3725; x_wconf 60' lang='lat' dir='ltr'>prrsens</span> <span class='ocrx_word' id='word_1_447' title='bbox 653 3658 818 3734; x_wconf 68' lang='lat' dir='ltr'>nobis.</span> <span class='ocrx_word' id='word_1_448' title='bbox 849 3657 910 3711; x_wconf 86' lang='lat' dir='ltr'>In</span> <span class='ocrx_word' id='word_1_449' title='bbox 940 3656 1124 3728; x_wconf 89' lang='lat' dir='ltr'>primo</span> <span class='ocrx_word' id='word_1_450' title='bbox 1143 3656 1386 3710; x_wconf 89' lang='lat' dir='ltr'>adventu</span> <span class='ocrx_word' id='word_1_451' title='bbox 1413 3670 1515 3710; x_wconf 89' lang='lat' dir='ltr'>suo</span> <span class='ocrx_word' id='word_1_452' title='bbox 1535 3654 1594 3709; x_wconf 86' lang='lat' dir='ltr'>in</span> <span class='ocrx_word' id='word_1_453' title='bbox 1612 3670 1761 3727; x_wconf 72' lang='lat' dir='ltr'>prae-</span> 
     </span>
    </p>
   </div>
   <div class='ocr_carea' id='block_1_40' title="bbox 199 3743 1604 3818">
    <p class='ocr_par' dir='ltr' id='par_1_40' title="bbox 199 3743 1604 3818">
     <span class='ocr_line' id='line_1_40' title="bbox 199 3743 1604 3818; baseline 0.004 -24"><span class='ocrx_word' id='word_1_454' title='bbox 199 3743 344 3798; x_wconf 78' lang='lat' dir='ltr'>sentia</span> <span class='ocrx_word' id='word_1_455' title='bbox 367 3746 625 3802; x_wconf 86' lang='lat' dir='ltr'>omnium</span> <span class='ocrx_word' id='word_1_456' title='bbox 655 3746 740 3801; x_wconf 87' lang='lat' dir='ltr'>bis</span> <span class='ocrx_word' id='word_1_457' title='bbox 766 3745 1025 3818; x_wconf 65' lang='lat' dir='ltr'>praedixit</span> <span class='ocrx_word' id='word_1_458' title='bbox 1046 3745 1195 3817; x_wconf 90' lang='lat' dir='ltr'>quod</span> <span class='ocrx_word' id='word_1_459' title='bbox 1221 3744 1604 3816; x_wconf 89' lang='lat' dir='ltr'>subsequitur.</span> 
     </span>
    </p>
   </div>
   <div class='ocr_carea' id='block_1_41' title="bbox 249 3829 1760 3905">
    <p class='ocr_par' dir='ltr' id='par_1_41' title="bbox 249 3829 1760 3905">
     <span class='ocr_line' id='line_1_41' title="bbox 249 3829 1760 3905; baseline 0.002 -18"><span class='ocrx_word' id='word_1_460' title='bbox 249 3829 290 3887; x_wconf 85' lang='lat'>3.</span> <span class='ocrx_word' id='word_1_461' title='bbox 316 3836 567 3892; x_wconf 57' lang='lat' dir='ltr'>nanos.</span> <span class='ocrx_word' id='word_1_462' title='bbox 594 3839 683 3891; x_wconf 82' lang='lat' dir='ltr'>An</span> <span class='ocrx_word' id='word_1_463' title='bbox 702 3833 1582 3905; x_wconf 67' lang='lat' dir='ltr'>experimentum?Probationem</span> <span class='ocrx_word' id='word_1_464' title='bbox 1613 3850 1760 3905; x_wconf 63' lang='lat' dir='ltr'>quas-</span> 
     </span>
    </p>
   </div>
   <div class='ocr_carea' id='block_1_42' title="bbox 198 3923 1759 3997">
    <p class='ocr_par' dir='ltr' id='par_1_42' title="bbox 198 3923 1759 3997">
     <span class='ocr_line' id='line_1_42' title="bbox 198 3923 1759 3997; baseline 0.003 -23"><span class='ocrx_word' id='word_1_465' title='bbox 198 3928 302 3976; x_wconf 83' lang='lat' dir='ltr'>rnnt</span> <span class='ocrx_word' id='word_1_466' title='bbox 323 3924 524 3981; x_wconf 86' lang='lat' dir='ltr'>Christi</span> <span class='ocrx_word' id='word_1_467' title='bbox 552 3924 840 3997; x_wconf 86' lang='lat' dir='ltr'>loquentis</span> <span class='ocrx_word' id='word_1_468' title='bbox 868 3924 926 3979; x_wconf 91' lang='lat' dir='ltr'>in</span> <span class='ocrx_word' id='word_1_469' title='bbox 953 3924 1243 3996; x_wconf 85' lang='lat' dir='ltr'>Apostolo,</span> <span class='ocrx_word' id='word_1_470' title='bbox 1288 3924 1424 3979; x_wconf 87' lang='lat' dir='ltr'>dum</span> <span class='ocrx_word' id='word_1_471' title='bbox 1466 3923 1759 3996; x_wconf 65' lang='lat' dir='ltr'>praeceptis</span> 
     </span>
    </p>
   </div>
   <div class='ocr_carea' id='block_1_43' title="bbox 197 4013 1759 4087">
    <p class='ocr_par' dir='ltr' id='par_1_43' title="bbox 197 4013 1759 4087">
     <span class='ocr_line' id='line_1_43' title="bbox 197 4013 1759 4087; baseline 0.004 -24"><span class='ocrx_word' id='word_1_472' title='bbox 197 4024 285 4066; x_wconf 88' lang='lat' dir='ltr'>non</span> <span class='ocrx_word' id='word_1_473' title='bbox 306 4013 592 4083; x_wconf 87' lang='lat' dir='ltr'>obediunt,</span> <span class='ocrx_word' id='word_1_474' title='bbox 622 4015 873 4070; x_wconf 89' lang='lat' dir='ltr'>volentes</span> <span class='ocrx_word' id='word_1_475' title='bbox 901 4013 1139 4087; x_wconf 88' lang='lat' dir='ltr'>probare</span> <span class='ocrx_word' id='word_1_476' title='bbox 1166 4014 1214 4069; x_wconf 91' lang='lat' dir='ltr'>si</span> <span class='ocrx_word' id='word_1_477' title='bbox 1243 4013 1416 4069; x_wconf 87' lang='lat' dir='ltr'>audet</span> <span class='ocrx_word' id='word_1_478' title='bbox 1454 4013 1759 4069; x_wconf 88' lang='lat' dir='ltr'>vindicare.</span> 
     </span>
    </p>
   </div>
   <div class='ocr_carea' id='block_1_44' title="bbox 256 4098 1762 4175">
    <p class='ocr_par' dir='ltr' id='par_1_44' title="bbox 256 4098 1762 4175">
     <span class='ocr_line' id='line_1_44' title="bbox 256 4098 1762 4175; baseline 0.001 -15"><span class='ocrx_word' id='word_1_479' title='bbox 256 4098 299 4155; x_wconf 69' lang='grc'>4.</span> <span class='ocrx_word' id='word_1_480' title='bbox 328 4103 530 4161; x_wconf 61' lang='lat' dir='ltr'>Larem.</span> <span class='ocrx_word' id='word_1_481' title='bbox 596 4108 685 4162; x_wconf 79' lang='lat' dir='ltr'>An</span> <span class='ocrx_word' id='word_1_482' title='bbox 740 4107 1180 4175; x_wconf 64' lang='lat' dir='ltr'>experimentum</span> <span class='ocrx_word' id='word_1_483' title='bbox 1231 4108 1503 4174; x_wconf 49' lang='lat' dir='ltr'>quaeritis,</span> <span class='ocrx_word' id='word_1_484' title='bbox 1550 4105 1610 4159; x_wconf 92' lang='lat' dir='ltr'>id</span> <span class='ocrx_word' id='word_1_485' title='bbox 1658 4108 1762 4162; x_wconf 63' lang='lat' dir='ltr'>est,</span> 
     </span>
    </p>
   </div>
   <div class='ocr_carea' id='block_1_45' title="bbox 200 4188 1768 4266">
    <p class='ocr_par' dir='ltr' id='par_1_45' title="bbox 200 4188 1768 4266">
     <span class='ocr_line' id='line_1_45' title="bbox 200 4188 1768 4266; baseline 0.002 -21"><span class='ocrx_word' id='word_1_486' title='bbox 200 4188 334 4245; x_wconf 65' lang='lat' dir='ltr'>Vultis</span> <span class='ocrx_word' id='word_1_487' title='bbox 357 4194 606 4266; x_wconf 85' lang='lat' dir='ltr'>experiri</span> <span class='ocrx_word' id='word_1_488' title='bbox 654 4194 927 4249; x_wconf 62' lang='lat' dir='ltr'>saevitiam</span> <span class='ocrx_word' id='word_1_489' title='bbox 970 4210 1156 4249; x_wconf 89' lang='lat' dir='ltr'>meam</span> <span class='ocrx_word' id='word_1_490' title='bbox 1195 4192 1607 4249; x_wconf 87' lang='lat' dir='ltr'>vindicandoin</span> <span class='ocrx_word' id='word_1_491' title='bbox 1633 4194 1768 4249; x_wconf 80' lang='lat' dir='ltr'>vos?</span> 
     </span>
    </p>
   </div>
   <div class='ocr_carea' id='block_1_46' title="bbox 204 4275 1529 4354">
    <p class='ocr_par' dir='ltr' id='par_1_46' title="bbox 204 4275 1529 4354">
     <span class='ocr_line' id='line_1_46' title="bbox 204 4275 1529 4354; baseline 0.008 -25"><span class='ocrx_word' id='word_1_492' title='bbox 204 4275 414 4337; x_wconf 78' lang='lat' dir='ltr'>Christus</span> <span class='ocrx_word' id='word_1_493' title='bbox 443 4285 722 4354; x_wconf 86' lang='lat' dir='ltr'>loquitur,</span> <span class='ocrx_word' id='word_1_494' title='bbox 750 4283 890 4338; x_wconf 89' lang='lat' dir='ltr'>dicit</span> <span class='ocrx_word' id='word_1_495' title='bbox 912 4283 983 4338; x_wconf 90' lang='lat' dir='ltr'>ad</span> <span class='ocrx_word' id='word_1_496' title='bbox 1009 4282 1529 4354; x_wconf 87' lang='lat' dir='ltr'>exaggerationem.</span> 
     </span>
    </p>
   </div>
   <div class='ocr_carea' id='block_1_47' title="bbox 252 4365 1765 4443">
    <p class='ocr_par' dir='ltr' id='par_1_47' title="bbox 252 4365 1765 4443">
     <span class='ocr_line' id='line_1_47' title="bbox 252 4365 1765 4443; baseline -0.001 -15"><span class='ocrx_word' id='word_1_497' title='bbox 252 4365 297 4423; x_wconf 82' lang='lat'>5.</span> <span class='ocrx_word' id='word_1_498' title='bbox 332 4371 594 4432; x_wconf 69' lang='lat' dir='ltr'>Asianos.</span> <span class='ocrx_word' id='word_1_499' title='bbox 649 4372 755 4429; x_wconf 86' lang='lat' dir='ltr'>Sed</span> <span class='ocrx_word' id='word_1_500' title='bbox 800 4377 988 4443; x_wconf 87' lang='lat' dir='ltr'>potens</span> <span class='ocrx_word' id='word_1_501' title='bbox 1042 4378 1135 4428; x_wconf 86' lang='lat' dir='ltr'>est.</span> <span class='ocrx_word' id='word_1_502' title='bbox 1178 4373 1385 4428; x_wconf 89' lang='lat' dir='ltr'>Potens</span> <span class='ocrx_word' id='word_1_503' title='bbox 1430 4377 1519 4427; x_wconf 89' lang='lat' dir='ltr'>est</span> <span class='ocrx_word' id='word_1_504' title='bbox 1566 4372 1627 4427; x_wconf 89' lang='lat' dir='ltr'>in</span> <span class='ocrx_word' id='word_1_505' title='bbox 1677 4371 1765 4427; x_wconf 86' lang='lat' dir='ltr'>his</span> 
     </span>
    </p>
   </div>
   <div class='ocr_carea' id='block_1_48' title="bbox 200 4454 1764 4535">
    <p class='ocr_par' dir='ltr' id='par_1_48' title="bbox 200 4454 1764 4535">
     <span class='ocr_line' id='line_1_48' title="bbox 200 4454 1764 4535; baseline 0.004 -24"><span class='ocrx_word' id='word_1_506' title='bbox 200 4454 440 4528; x_wconf 83' lang='lat' dir='ltr'>Christus,</span> <span class='ocrx_word' id='word_1_507' title='bbox 468 4464 610 4535; x_wconf 87' lang='lat' dir='ltr'>quia</span> <span class='ocrx_word' id='word_1_508' title='bbox 655 4461 917 4517; x_wconf 90' lang='lat' dir='ltr'>viderunt</span> <span class='ocrx_word' id='word_1_509' title='bbox 970 4461 1030 4517; x_wconf 92' lang='lat' dir='ltr'>in</span> <span class='ocrx_word' id='word_1_510' title='bbox 1073 4461 1301 4517; x_wconf 90' lang='lat' dir='ltr'>nomine</span> <span class='ocrx_word' id='word_1_511' title='bbox 1344 4463 1468 4534; x_wconf 88' lang='lat' dir='ltr'>ejus</span> <span class='ocrx_word' id='word_1_512' title='bbox 1511 4466 1764 4517; x_wconf 87' lang='lat' dir='ltr'>mortuos</span> 
     </span>
    </p>
   </div>
   <div class='ocr_carea' id='block_1_49' title="bbox 196 4547 1764 4625">
    <p class='ocr_par' dir='ltr' id='par_1_49' title="bbox 196 4547 1764 4625">
     <span class='ocr_line' id='line_1_49' title="bbox 196 4547 1764 4625; baseline 0.001 -21"><span class='ocrx_word' id='word_1_513' title='bbox 196 4547 478 4619; x_wconf 73' lang='lat' dir='ltr'>suscitatos,</span> <span class='ocrx_word' id='word_1_514' title='bbox 512 4552 801 4608; x_wconf 68' lang='lat' dir='ltr'>daemones</span> <span class='ocrx_word' id='word_1_515' title='bbox 840 4551 1088 4625; x_wconf 77' lang='lat' dir='ltr'>fugatos;</span> <span class='ocrx_word' id='word_1_516' title='bbox 1137 4552 1256 4608; x_wconf 67' lang='lat' dir='ltr'>haec</span> <span class='ocrx_word' id='word_1_517' title='bbox 1306 4551 1498 4608; x_wconf 91' lang='lat' dir='ltr'>omnia</span> <span class='ocrx_word' id='word_1_518' title='bbox 1540 4550 1764 4607; x_wconf 90' lang='lat' dir='ltr'>virtutis</span> 
     </span>
    </p>
   </div>
   <div class='ocr_carea' id='block_1_50' title="bbox 197 4641 857 4704">
    <p class='ocr_par' dir='ltr' id='par_1_50' title="bbox 197 4641 857 4704">
     <span class='ocr_line' id='line_1_50' title="bbox 197 4641 857 4704; baseline 0.011 -13"><span class='ocrx_word' id='word_1_519' title='bbox 197 4643 319 4704; x_wconf 76' lang='lat' dir='ltr'>amt,</span> <span class='ocrx_word' id='word_1_520' title='bbox 344 4656 455 4697; x_wconf 87' lang='lat' dir='ltr'>non</span> <span class='ocrx_word' id='word_1_521' title='bbox 482 4641 857 4698; x_wconf 87' lang='lat' dir='ltr'>inﬁrmitatis.</span> 
     </span>
    </p>
   </div>
   <div class='ocr_carea' id='block_1_51' title="bbox 248 4728 1766 4802">
    <p class='ocr_par' dir='ltr' id='par_1_51' title="bbox 248 4728 1766 4802">
     <span class='ocr_line' id='line_1_51' title="bbox 248 4728 1766 4802; baseline 0 -16"><span class='ocrx_word' id='word_1_522' title='bbox 248 4728 292 4783; x_wconf 86' lang='lat'>6.</span> <span class='ocrx_word' id='word_1_523' title='bbox 323 4729 527 4789; x_wconf 64' lang='lat' dir='ltr'>Lassa.</span> <span class='ocrx_word' id='word_1_524' title='bbox 560 4732 709 4789; x_wconf 78' lang='lat' dir='ltr'>Nam</span> <span class='ocrx_word' id='word_1_525' title='bbox 737 4733 841 4786; x_wconf 88' lang='lat' dir='ltr'>etsi</span> <span class='ocrx_word' id='word_1_526' title='bbox 866 4733 1168 4800; x_wconf 74' lang='lat' dir='ltr'>cruciﬁxus</span> <span class='ocrx_word' id='word_1_527' title='bbox 1208 4735 1302 4787; x_wconf 90' lang='lat' dir='ltr'>est.</span> <span class='ocrx_word' id='word_1_528' title='bbox 1351 4730 1521 4796; x_wconf 83' lang='lat' dir='ltr'>Quasi</span> <span class='ocrx_word' id='word_1_529' title='bbox 1561 4729 1766 4802; x_wconf 87' lang='lat' dir='ltr'>aliquis</span> 
     </span>
    </p>
   </div>
   <div class='ocr_carea' id='block_1_52' title="bbox 194 4813 1766 4887">
    <p class='ocr_par' dir='ltr' id='par_1_52' title="bbox 194 4813 1766 4887">
     <span class='ocr_line' id='line_1_52' title="bbox 194 4813 1766 4887; baseline 0.003 -16"><span class='ocrx_word' id='word_1_530' title='bbox 194 4813 373 4875; x_wconf 82' lang='lat' dir='ltr'>diceret</span> <span class='ocrx_word' id='word_1_531' title='bbox 402 4840 417 4876; x_wconf 87' lang='lat'>:</span> <span class='ocrx_word' id='word_1_532' title='bbox 451 4821 750 4887; x_wconf 86' lang='lat' dir='ltr'>Quomodo</span> <span class='ocrx_word' id='word_1_533' title='bbox 778 4837 907 4877; x_wconf 91' lang='lat' dir='ltr'>eum</span> <span class='ocrx_word' id='word_1_534' title='bbox 957 4837 1071 4876; x_wconf 90' lang='lat' dir='ltr'>non</span> <span class='ocrx_word' id='word_1_535' title='bbox 1115 4820 1393 4875; x_wconf 80' lang='lat' dir='ltr'>inﬁrmari</span> <span class='ocrx_word' id='word_1_536' title='bbox 1430 4819 1634 4885; x_wconf 90' lang='lat' dir='ltr'>dicitis,</span> <span class='ocrx_word' id='word_1_537' title='bbox 1667 4819 1766 4876; x_wconf 87' lang='lat' dir='ltr'>sed</span> 
     </span>
    </p>
   </div>
   <div class='ocr_carea' id='block_1_53' title="bbox 191 4909 1625 4983">
    <p class='ocr_par' dir='ltr' id='par_1_53' title="bbox 191 4909 1625 4983">
     <span class='ocr_line' id='line_1_53' title="bbox 191 4909 1625 4983; baseline -0.001 -18"><span class='ocrx_word' id='word_1_538' title='bbox 191 4911 447 4977; x_wconf 79' lang='lat' dir='ltr'>potentem</span> <span class='ocrx_word' id='word_1_539' title='bbox 478 4929 628 4982; x_wconf 87' lang='lat' dir='ltr'>esse,</span> <span class='ocrx_word' id='word_1_540' title='bbox 659 4927 828 4983; x_wconf 90' lang='lat' dir='ltr'>quem</span> <span class='ocrx_word' id='word_1_541' title='bbox 866 4915 1087 4966; x_wconf 89' lang='lat' dir='ltr'>constat</span> <span class='ocrx_word' id='word_1_542' title='bbox 1109 4926 1231 4965; x_wconf 90' lang='lat' dir='ltr'>esse</span> <span class='ocrx_word' id='word_1_543' title='bbox 1253 4909 1581 4965; x_wconf 81' lang='lat' dir='ltr'>cruciﬁxum</span> <span class='ocrx_word' id='word_1_544' title='bbox 1599 4909 1625 4963; x_wconf 88' lang='lat'><strong>?</strong></span> 
     </span>
    </p>
   </div>
   <div class='ocr_carea' id='block_1_54' title="bbox 245 4994 1767 5069">
    <p class='ocr_par' dir='ltr' id='par_1_54' title="bbox 245 4994 1767 5069">
     <span class='ocr_line' id='line_1_54' title="bbox 245 4994 1767 5069; baseline 0.001 -19"><span class='ocrx_word' id='word_1_545' title='bbox 245 4994 292 5051; x_wconf 88' lang='lat'>7.</span> <span class='ocrx_word' id='word_1_546' title='bbox 319 5000 420 5055; x_wconf 86' lang='lat' dir='ltr'>Sed</span> <span class='ocrx_word' id='word_1_547' title='bbox 434 5003 581 5056; x_wconf 73' lang='lat' dir='ltr'>vivit</span> <span class='ocrx_word' id='word_1_548' title='bbox 606 5004 896 5055; x_wconf 67' lang='lat' dir='ltr'>ewuirtute</span> <span class='ocrx_word' id='word_1_549' title='bbox 926 5002 1042 5055; x_wconf 89' lang='lat' dir='ltr'>Dei.</span> <span class='ocrx_word' id='word_1_550' title='bbox 1074 4999 1243 5065; x_wconf 84' lang='lat' dir='ltr'>Vivit,</span> <span class='ocrx_word' id='word_1_551' title='bbox 1276 4998 1334 5053; x_wconf 90' lang='lat' dir='ltr'>id</span> <span class='ocrx_word' id='word_1_552' title='bbox 1356 5003 1463 5068; x_wconf 89' lang='lat' dir='ltr'>est,</span> <span class='ocrx_word' id='word_1_553' title='bbox 1486 4997 1679 5069; x_wconf 86' lang='lat' dir='ltr'>vigore</span> <span class='ocrx_word' id='word_1_554' title='bbox 1708 5001 1767 5051; x_wconf 92' lang='lat' dir='ltr'>et</span> 
     </span>
    </p>
   </div>
   <div class='ocr_carea' id='block_1_55' title="bbox 1841 2497 3280 2571">
    <p class='ocr_par' dir='ltr' id='par_1_55' title="bbox 1841 2497 3280 2571">
     <span class='ocr_line' id='line_1_55' title="bbox 1841 2497 3280 2571; baseline 0.006 -19"><span class='ocrx_word' id='word_1_555' title='bbox 1841 2502 2027 2568; x_wconf 89' lang='lat' dir='ltr'>potest</span> <span class='ocrx_word' id='word_1_556' title='bbox 2054 2497 2292 2568; x_wconf 90' lang='lat' dir='ltr'>intelligi</span> <span class='ocrx_word' id='word_1_557' title='bbox 2336 2501 2399 2552; x_wconf 90' lang='lat' dir='ltr'>in</span> <span class='ocrx_word' id='word_1_558' title='bbox 2423 2500 2541 2565; x_wconf 88' lang='lat' dir='ltr'>illo,</span> <span class='ocrx_word' id='word_1_559' title='bbox 2560 2498 2618 2553; x_wconf 92' lang='lat' dir='ltr'>id</span> <span class='ocrx_word' id='word_1_560' title='bbox 2648 2504 2751 2566; x_wconf 90' lang='lat' dir='ltr'>est,</span> <span class='ocrx_word' id='word_1_561' title='bbox 2777 2500 2835 2554; x_wconf 91' lang='lat' dir='ltr'>in</span> <span class='ocrx_word' id='word_1_562' title='bbox 2858 2501 3280 2571; x_wconf 77' lang='lat' dir='ltr'>praedicatione.</span> 
     </span>
    </p>
   </div>
   <div class='ocr_carea' id='block_1_56' title="bbox 1911 2588 3435 2655">
    <p class='ocr_par' dir='ltr' id='par_1_56' title="bbox 1911 2588 3435 2655">
     <span class='ocr_line' id='line_1_56' title="bbox 1911 2588 3435 2655; baseline 0.007 -15"><span class='ocrx_word' id='word_1_563' title='bbox 1911 2588 1965 2640; x_wconf 85' lang='lat'>9.</span> <span class='ocrx_word' id='word_1_564' title='bbox 1996 2588 2239 2642; x_wconf 73' lang='lat' dir='ltr'>AMBROS.</span> <span class='ocrx_word' id='word_1_565' title='bbox 2285 2588 2374 2641; x_wconf 81' lang='lat' dir='ltr'>Vos</span> <span class='ocrx_word' id='word_1_566' title='bbox 2400 2589 2544 2655; x_wconf 87' lang='lat' dir='ltr'>quod</span> <span class='ocrx_word' id='word_1_567' title='bbox 2573 2589 2778 2644; x_wconf 87' lang='lat' dir='ltr'>bonum</span> <span class='ocrx_word' id='word_1_568' title='bbox 2805 2595 2900 2644; x_wconf 84' lang='lat' dir='ltr'>est.</span> <span class='ocrx_word' id='word_1_569' title='bbox 2918 2590 3059 2645; x_wconf 81' lang='lat' dir='ltr'>Orat</span> <span class='ocrx_word' id='word_1_570' title='bbox 3085 2597 3150 2647; x_wconf 84' lang='lat' dir='ltr'>ut</span> <span class='ocrx_word' id='word_1_571' title='bbox 3175 2592 3263 2648; x_wconf 85' lang='lat' dir='ltr'>his</span> <span class='ocrx_word' id='word_1_572' title='bbox 3290 2591 3435 2650; x_wconf 85' lang='lat' dir='ltr'>bene</span> 
     </span>
    </p>
   </div>
   <div class='ocr_carea' id='block_1_57' title="bbox 1842 2662 3435 2751">
    <p class='ocr_par' dir='ltr' id='par_1_57' title="bbox 1842 2662 3435 2751">
     <span class='ocr_line' id='line_1_57' title="bbox 1842 2662 3435 2751; baseline 0.006 -22"><span class='ocrx_word' id='word_1_573' title='bbox 1842 2675 2156 2746; x_wconf 89' lang='lat' dir='ltr'>agentibus,</span> <span class='ocrx_word' id='word_1_574' title='bbox 2184 2675 2320 2730; x_wconf 91' lang='lat' dir='ltr'>dum</span> <span class='ocrx_word' id='word_1_575' title='bbox 2352 2693 2465 2730; x_wconf 91' lang='lat' dir='ltr'>non</span> <span class='ocrx_word' id='word_1_576' title='bbox 2495 2677 2770 2732; x_wconf 88' lang='lat' dir='ltr'>auderent</span> <span class='ocrx_word' id='word_1_577' title='bbox 2811 2662 3111 2751; x_wconf 59' lang='lat' dir='ltr'>corripere:</span> <span class='ocrx_word' id='word_1_578' title='bbox 3153 2688 3219 2737; x_wconf 88' lang='lat' dir='ltr'>ut</span> <span class='ocrx_word' id='word_1_579' title='bbox 3244 2681 3435 2738; x_wconf 88' lang='lat' dir='ltr'>humi-</span> 
     </span>
    </p>
   </div>
   <div class='ocr_carea' id='block_1_58' title="bbox 1841 2763 3434 2839">
    <p class='ocr_par' dir='ltr' id='par_1_58' title="bbox 1841 2763 3434 2839">
     <span class='ocr_line' id='line_1_58' title="bbox 1841 2763 3434 2839; baseline 0.006 -22"><span class='ocrx_word' id='word_1_580' title='bbox 1841 2764 1982 2828; x_wconf 88' lang='lat' dir='ltr'>liati,</span> <span class='ocrx_word' id='word_1_581' title='bbox 2012 2765 2098 2819; x_wconf 91' lang='lat' dir='ltr'>vel</span> <span class='ocrx_word' id='word_1_582' title='bbox 2123 2763 2347 2836; x_wconf 81' lang='lat' dir='ltr'>reprobi</span> <span class='ocrx_word' id='word_1_583' title='bbox 2379 2771 2725 2836; x_wconf 87' lang='lat' dir='ltr'>appareant;</span> <span class='ocrx_word' id='word_1_584' title='bbox 2754 2766 2978 2839; x_wconf 86' lang='lat' dir='ltr'>probati</span> <span class='ocrx_word' id='word_1_585' title='bbox 3013 2774 3209 2825; x_wconf 84' lang='lat' dir='ltr'>autem</span> <span class='ocrx_word' id='word_1_586' title='bbox 3243 2786 3277 2825; x_wconf 90' lang='lat' dir='ltr'>a</span> <span class='ocrx_word' id='word_1_587' title='bbox 3319 2771 3434 2826; x_wconf 78' lang='lat' dir='ltr'>Deo</span> 
     </span>
    </p>
   </div>
   <div class='ocr_carea' id='block_1_59' title="bbox 1841 2853 3437 2926">
    <p class='ocr_par' dir='ltr' id='par_1_59' title="bbox 1841 2853 3437 2926">
     <span class='ocr_line' id='line_1_59' title="bbox 1841 2853 3437 2926; baseline 0.005 -19"><span class='ocrx_word' id='word_1_588' title='bbox 1841 2853 2117 2920; x_wconf 84' lang='lat' dir='ltr'>videntur,</span> <span class='ocrx_word' id='word_1_589' title='bbox 2147 2854 2282 2908; x_wconf 87' lang='lat' dir='ltr'>dum</span> <span class='ocrx_word' id='word_1_590' title='bbox 2306 2854 2566 2924; x_wconf 77' lang='lat' dir='ltr'>judicent</span> <span class='ocrx_word' id='word_1_591' title='bbox 2588 2860 2907 2926; x_wconf 87' lang='lat' dir='ltr'>peccatores</span> <span class='ocrx_word' id='word_1_592' title='bbox 2945 2858 3280 2914; x_wconf 82' lang='lat' dir='ltr'>auctoritate</span> <span class='ocrx_word' id='word_1_593' title='bbox 3308 2875 3437 2915; x_wconf 87' lang='lat' dir='ltr'>con-</span> 
     </span>
    </p>
   </div>
   <div class='ocr_carea' id='block_1_60' title="bbox 1842 2943 3427 3014">
    <p class='ocr_par' dir='ltr' id='par_1_60' title="bbox 1842 2943 3427 3014">
     <span class='ocr_line' id='line_1_60' title="bbox 1842 2943 3427 3014; baseline 0.005 -18"><span class='ocrx_word' id='word_1_594' title='bbox 1842 2959 2017 2997; x_wconf 89' lang='lat' dir='ltr'>cessa.</span> <span class='ocrx_word' id='word_1_595' title='bbox 2055 2943 2115 2997; x_wconf 91' lang='lat' dir='ltr'>Si</span> <span class='ocrx_word' id='word_1_596' title='bbox 2138 2959 2271 3013; x_wconf 87' lang='lat' dir='ltr'>ergo</span> <span class='ocrx_word' id='word_1_597' title='bbox 2305 2960 2443 3014; x_wconf 89' lang='lat' dir='ltr'>quos</span> <span class='ocrx_word' id='word_1_598' title='bbox 2467 2944 2722 3014; x_wconf 83' lang='lat' dir='ltr'>judicent</span> <span class='ocrx_word' id='word_1_599' title='bbox 2765 2961 2880 3001; x_wconf 91' lang='lat' dir='ltr'>non</span> <span class='ocrx_word' id='word_1_600' title='bbox 2907 2946 3038 3013; x_wconf 90' lang='lat' dir='ltr'>sint,</span> <span class='ocrx_word' id='word_1_601' title='bbox 3072 2952 3326 3003; x_wconf 65' lang='lat' dir='ltr'>cessante</span> <span class='ocrx_word' id='word_1_602' title='bbox 3368 2948 3427 3004; x_wconf 88' lang='lat' dir='ltr'>in</span> 
     </span>
    </p>
   </div>
   <div class='ocr_carea' id='block_1_61' title="bbox 1841 3031 3058 3105">
    <p class='ocr_par' dir='ltr' id='par_1_61' title="bbox 1841 3031 3058 3105">
     <span class='ocr_line' id='line_1_61' title="bbox 1841 3031 3058 3105; baseline 0.004 -19"><span class='ocrx_word' id='word_1_603' title='bbox 1841 3031 1930 3087; x_wconf 90' lang='lat' dir='ltr'>his</span> <span class='ocrx_word' id='word_1_604' title='bbox 1959 3033 2312 3099; x_wconf 88' lang='lat' dir='ltr'>auctoritate,</span> <span class='ocrx_word' id='word_1_605' title='bbox 2344 3033 2505 3104; x_wconf 87' lang='lat' dir='ltr'>quasi</span> <span class='ocrx_word' id='word_1_606' title='bbox 2532 3033 2756 3105; x_wconf 87' lang='lat' dir='ltr'>reprobi</span> <span class='ocrx_word' id='word_1_607' title='bbox 2780 3034 3058 3091; x_wconf 82' lang='lat' dir='ltr'>videntur.</span> 
     </span>
    </p>
   </div>
   <div class='ocr_carea' id='block_1_62' title="bbox 1921 3119 3433 3192">
    <p class='ocr_par' dir='ltr' id='par_1_62' title="bbox 1921 3119 3433 3192">
     <span class='ocr_line' id='line_1_62' title="bbox 1921 3119 3433 3192; baseline 0.005 -17"><span class='ocrx_word' id='word_1_608' title='bbox 1921 3119 2000 3177; x_wconf 85' lang='lat' dir='ltr'>t0.</span> <span class='ocrx_word' id='word_1_609' title='bbox 2031 3122 2241 3176; x_wconf 76' lang='lat' dir='ltr'>LANFR.</span> <span class='ocrx_word' id='word_1_610' title='bbox 2274 3124 2382 3176; x_wconf 88' lang='lat' dir='ltr'>Nos</span> <span class='ocrx_word' id='word_1_611' title='bbox 2400 3128 2585 3177; x_wconf 89' lang='lat' dir='ltr'>autem</span> <span class='ocrx_word' id='word_1_612' title='bbox 2604 3128 2665 3177; x_wconf 86' lang='lat' dir='ltr'>ut</span> <span class='ocrx_word' id='word_1_613' title='bbox 2696 3126 2932 3192; x_wconf 82' lang='lat' dir='ltr'>reprobi.</span> <span class='ocrx_word' id='word_1_614' title='bbox 2967 3125 3139 3189; x_wconf 88' lang='lat' dir='ltr'>Quasi</span> <span class='ocrx_word' id='word_1_615' title='bbox 3165 3125 3377 3182; x_wconf 87' lang='lat' dir='ltr'>diceret</span> <span class='ocrx_word' id='word_1_616' title='bbox 3421 3146 3433 3183; x_wconf 91' lang='lat'><strong>:</strong></span> 
     </span>
    </p>
   </div>
   <div class='ocr_carea' id='block_1_63' title="bbox 1840 3210 3436 3283">
    <p class='ocr_par' dir='ltr' id='par_1_63' title="bbox 1840 3210 3436 3283">
     <span class='ocr_line' id='line_1_63' title="bbox 1840 3210 3436 3283; baseline 0.004 -19"><span class='ocrx_word' id='word_1_617' title='bbox 1840 3211 1957 3265; x_wconf 90' lang='lat' dir='ltr'>Nos</span> <span class='ocrx_word' id='word_1_618' title='bbox 1992 3210 2273 3283; x_wconf 89' lang='lat' dir='ltr'>patienter</span> <span class='ocrx_word' id='word_1_619' title='bbox 2317 3217 2627 3283; x_wconf 88' lang='lat' dir='ltr'>portamus,</span> <span class='ocrx_word' id='word_1_620' title='bbox 2661 3210 2708 3266; x_wconf 92' lang='lat' dir='ltr'>si</span> <span class='ocrx_word' id='word_1_621' title='bbox 2735 3211 2795 3266; x_wconf 92' lang='lat' dir='ltr'>in</span> <span class='ocrx_word' id='word_1_622' title='bbox 2833 3214 3191 3269; x_wconf 90' lang='lat' dir='ltr'>conscientiis</span> <span class='ocrx_word' id='word_1_623' title='bbox 3234 3215 3436 3271; x_wconf 84' lang='lat' dir='ltr'>vestris</span> 
     </span>
    </p>
   </div>
   <div class='ocr_carea' id='block_1_64' title="bbox 1840 3299 3436 3373">
    <p class='ocr_par' dir='ltr' id='par_1_64' title="bbox 1840 3299 3436 3373">
     <span class='ocr_line' id='line_1_64' title="bbox 1840 3299 3436 3373; baseline 0.004 -19"><span class='ocrx_word' id='word_1_624' title='bbox 1840 3299 2065 3371; x_wconf 81' lang='lat' dir='ltr'>reprobi</span> <span class='ocrx_word' id='word_1_625' title='bbox 2097 3316 2293 3355; x_wconf 90' lang='lat' dir='ltr'>sumus</span> <span class='ocrx_word' id='word_1_626' title='bbox 2323 3305 2569 3367; x_wconf 87' lang='lat' dir='ltr'>tantum,</span> <span class='ocrx_word' id='word_1_627' title='bbox 2611 3306 2677 3356; x_wconf 91' lang='lat' dir='ltr'>ut</span> <span class='ocrx_word' id='word_1_628' title='bbox 2704 3317 2800 3357; x_wconf 87' lang='lat' dir='ltr'>vos</span> <span class='ocrx_word' id='word_1_629' title='bbox 2829 3300 2888 3356; x_wconf 93' lang='lat' dir='ltr'>id</span> <span class='ocrx_word' id='word_1_630' title='bbox 2919 3303 3069 3373; x_wconf 91' lang='lat' dir='ltr'>quod</span> <span class='ocrx_word' id='word_1_631' title='bbox 3106 3302 3314 3359; x_wconf 92' lang='lat' dir='ltr'>bonum</span> <span class='ocrx_word' id='word_1_632' title='bbox 3349 3309 3436 3361; x_wconf 91' lang='lat' dir='ltr'>est</span> 
     </span>
    </p>
   </div>
   <div class='ocr_carea' id='block_1_65' title="bbox 1842 3387 3044 3443">
    <p class='ocr_par' dir='ltr' id='par_1_65' title="bbox 1842 3387 3044 3443">
     <span class='ocr_line' id='line_1_65' title="bbox 1842 3387 3044 3443; baseline 0.002 0"><span class='ocrx_word' id='word_1_633' title='bbox 1842 3387 2079 3443; x_wconf 86' lang='lat' dir='ltr'>faciatis.</span> <span class='ocrx_word' id='word_1_634' title='bbox 3041 3428 3044 3431; x_wconf 60' lang='grc' dir='ltr'><em>η</em></span> 
     </span>
    </p>
   </div>
   <div class='ocr_carea' id='block_1_66' title="bbox 1917 3476 3438 3553">
    <p class='ocr_par' dir='ltr' id='par_1_66' title="bbox 1917 3476 3438 3553">
     <span class='ocr_line' id='line_1_66' title="bbox 1917 3476 3438 3553; baseline 0.002 -18"><span class='ocrx_word' id='word_1_635' title='bbox 1917 3477 2000 3534; x_wconf 82' lang='grc' dir='ltr'>ιι.</span> <span class='ocrx_word' id='word_1_636' title='bbox 2028 3479 2274 3533; x_wconf 58' lang='grc' dir='ltr'>Αδωιιοε.</span> <span class='ocrx_word' id='word_1_637' title='bbox 2306 3476 2429 3533; x_wconf 83' lang='lat' dir='ltr'>Non</span> <span class='ocrx_word' id='word_1_638' title='bbox 2458 3479 2609 3532; x_wconf 87' lang='lat' dir='ltr'>enim</span> <span class='ocrx_word' id='word_1_639' title='bbox 2633 3494 2943 3547; x_wconf 86' lang='lat' dir='ltr'>possumus.</span> <span class='ocrx_word' id='word_1_640' title='bbox 2977 3480 3095 3536; x_wconf 87' lang='lat' dir='ltr'>Hoc</span> <span class='ocrx_word' id='word_1_641' title='bbox 3121 3480 3273 3549; x_wconf 86' lang='lat' dir='ltr'>dicit,</span> <span class='ocrx_word' id='word_1_642' title='bbox 3303 3483 3438 3553; x_wconf 88' lang='lat' dir='ltr'>quia</span> 
     </span>
    </p>
   </div>
   <div class='ocr_carea' id='block_1_67' title="bbox 1840 3566 3441 3644">
    <p class='ocr_par' dir='ltr' id='par_1_67' title="bbox 1840 3566 3441 3644">
     <span class='ocr_line' id='line_1_67' title="bbox 1840 3566 3441 3644; baseline 0.004 -23"><span class='ocrx_word' id='word_1_643' title='bbox 1840 3571 2089 3638; x_wconf 87' lang='lat' dir='ltr'>potestas</span> <span class='ocrx_word' id='word_1_644' title='bbox 2116 3583 2232 3621; x_wconf 90' lang='lat' dir='ltr'>non</span> <span class='ocrx_word' id='word_1_645' title='bbox 2259 3570 2347 3621; x_wconf 90' lang='lat' dir='ltr'>est</span> <span class='ocrx_word' id='word_1_646' title='bbox 2371 3566 2506 3621; x_wconf 87' lang='lat' dir='ltr'>data</span> <span class='ocrx_word' id='word_1_647' title='bbox 2533 3572 2731 3622; x_wconf 87' lang='lat' dir='ltr'>contra</span> <span class='ocrx_word' id='word_1_648' title='bbox 2756 3569 3071 3636; x_wconf 88' lang='lat' dir='ltr'>veritatem,</span> <span class='ocrx_word' id='word_1_649' title='bbox 3104 3576 3171 3626; x_wconf 86' lang='lat' dir='ltr'>ut</span> <span class='ocrx_word' id='word_1_650' title='bbox 3197 3577 3441 3644; x_wconf 84' lang='lat' dir='ltr'>arguant</span> 
     </span>
    </p>
   </div>
   <div class='ocr_carea' id='block_1_68' title="bbox 1840 3655 3438 3727">
    <p class='ocr_par' dir='ltr' id='par_1_68' title="bbox 1840 3655 3438 3727">
     <span class='ocr_line' id='line_1_68' title="bbox 1840 3655 3438 3727; baseline 0.005 -18"><span class='ocrx_word' id='word_1_651' title='bbox 1840 3655 1985 3710; x_wconf 88' lang='lat' dir='ltr'>bene</span> <span class='ocrx_word' id='word_1_652' title='bbox 2025 3656 2307 3723; x_wconf 88' lang='lat' dir='ltr'>viventes;</span> <span class='ocrx_word' id='word_1_653' title='bbox 2348 3655 2447 3710; x_wconf 83' lang='lat' dir='ltr'>sed</span> <span class='ocrx_word' id='word_1_654' title='bbox 2493 3672 2594 3727; x_wconf 91' lang='lat' dir='ltr'>pro</span> <span class='ocrx_word' id='word_1_655' title='bbox 2638 3656 2894 3726; x_wconf 83' lang='lat' dir='ltr'>veritate,</span> <span class='ocrx_word' id='word_1_656' title='bbox 2940 3664 3006 3715; x_wconf 86' lang='lat' dir='ltr'>ut</span> <span class='ocrx_word' id='word_1_657' title='bbox 3047 3660 3345 3716; x_wconf 72' lang='lat' dir='ltr'>vindicent</span> <span class='ocrx_word' id='word_1_658' title='bbox 3375 3661 3438 3717; x_wconf 89' lang='lat' dir='ltr'>in</span> 
     </span>
    </p>
   </div>
   <div class='ocr_carea' id='block_1_69' title="bbox 1778 3744 2709 3828">
    <p class='ocr_par' dir='ltr' id='par_1_69' title="bbox 1778 3744 2709 3828">
     <span class='ocr_line' id='line_1_69' title="bbox 1778 3744 2709 3828; baseline -0.002 -27"><span class='ocrx_word' id='word_1_659' title='bbox 1778 3762 1990 3828; x_wconf 82' lang='lat' dir='ltr'>Beum,</span> <span class='ocrx_word' id='word_1_660' title='bbox 2028 3745 2124 3817; x_wconf 90' lang='lat' dir='ltr'>qui</span> <span class='ocrx_word' id='word_1_661' title='bbox 2148 3744 2410 3800; x_wconf 89' lang='lat' dir='ltr'>inimicus</span> <span class='ocrx_word' id='word_1_662' title='bbox 2438 3749 2525 3800; x_wconf 92' lang='lat' dir='ltr'>est</span> <span class='ocrx_word' id='word_1_663' title='bbox 2546 3745 2709 3815; x_wconf 89' lang='lat' dir='ltr'>legis.</span> 
     </span>
    </p>
   </div>
   <div class='ocr_carea' id='block_1_70' title="bbox 1911 3834 3440 3911">
    <p class='ocr_par' dir='ltr' id='par_1_70' title="bbox 1911 3834 3440 3911">
     <span class='ocr_line' id='line_1_70' title="bbox 1911 3834 3440 3911; baseline 0.004 -22"><span class='ocrx_word' id='word_1_664' title='bbox 1911 3835 1983 3891; x_wconf 78' lang='grc'>12</span> <span class='ocrx_word' id='word_1_665' title='bbox 2027 3835 2235 3890; x_wconf 67' lang='lat' dir='ltr'>Lmen.</span> <span class='ocrx_word' id='word_1_666' title='bbox 2266 3834 2391 3889; x_wconf 85' lang='lat' dir='ltr'>Non</span> <span class='ocrx_word' id='word_1_667' title='bbox 2418 3836 2567 3889; x_wconf 88' lang='lat' dir='ltr'>enim</span> <span class='ocrx_word' id='word_1_668' title='bbox 2594 3850 2885 3903; x_wconf 79' lang='lat' dir='ltr'>possumus</span> <span class='ocrx_word' id='word_1_669' title='bbox 2920 3838 3159 3907; x_wconf 86' lang='lat' dir='ltr'>aliquid.</span> <span class='ocrx_word' id='word_1_670' title='bbox 3196 3837 3440 3911; x_wconf 82' lang='lat' dir='ltr'>Reprobi</span> 
     </span>
    </p>
   </div>
   <div class='ocr_carea' id='block_1_71' title="bbox 1841 3921 3440 3994">
    <p class='ocr_par' dir='ltr' id='par_1_71' title="bbox 1841 3921 3440 3994">
     <span class='ocr_line' id='line_1_71' title="bbox 1841 3921 3440 3994; baseline 0.003 -15"><span class='ocrx_word' id='word_1_671' title='bbox 1841 3924 2098 3979; x_wconf 89' lang='lat' dir='ltr'>volumus</span> <span class='ocrx_word' id='word_1_672' title='bbox 2127 3939 2248 3977; x_wconf 88' lang='lat' dir='ltr'>esse</span> <span class='ocrx_word' id='word_1_673' title='bbox 2278 3921 2434 3978; x_wconf 88' lang='lat' dir='ltr'>vobis</span> <span class='ocrx_word' id='word_1_674' title='bbox 2478 3923 2990 3994; x_wconf 84' lang='lat' dir='ltr'>benefacientibus;</span> <span class='ocrx_word' id='word_1_675' title='bbox 3026 3942 3139 3981; x_wconf 91' lang='lat' dir='ltr'>non</span> <span class='ocrx_word' id='word_1_676' title='bbox 3169 3929 3322 3983; x_wconf 86' lang='lat' dir='ltr'>enim</span> <span class='ocrx_word' id='word_1_677' title='bbox 3348 3945 3440 3984; x_wconf 83' lang='lat' dir='ltr'>vo-</span> 
     </span>
    </p>
   </div>
   <div class='ocr_carea' id='block_1_72' title="bbox 1847 4011 3439 4085">
    <p class='ocr_par' dir='ltr' id='par_1_72' title="bbox 1847 4011 3439 4085">
     <span class='ocr_line' id='line_1_72' title="bbox 1847 4011 3439 4085; baseline 0.004 -19"><span class='ocrx_word' id='word_1_678' title='bbox 1847 4013 2036 4068; x_wconf 88' lang='lat' dir='ltr'>lumus</span> <span class='ocrx_word' id='word_1_679' title='bbox 2064 4028 2185 4067; x_wconf 91' lang='lat' dir='ltr'>esse</span> <span class='ocrx_word' id='word_1_680' title='bbox 2213 4011 2392 4083; x_wconf 91' lang='lat' dir='ltr'>probi,</span> <span class='ocrx_word' id='word_1_681' title='bbox 2438 4016 2698 4084; x_wconf 87' lang='lat' dir='ltr'>potentes</span> <span class='ocrx_word' id='word_1_682' title='bbox 2741 4013 3008 4069; x_wconf 87' lang='lat' dir='ltr'>adversus</span> <span class='ocrx_word' id='word_1_683' title='bbox 3036 4017 3351 4085; x_wconf 79' lang='lat' dir='ltr'>veritatem,</span> <span class='ocrx_word' id='word_1_684' title='bbox 3384 4018 3439 4073; x_wconf 89' lang='lat' dir='ltr'>id</span> 
     </span>
    </p>
   </div>
   <div class='ocr_carea' id='block_1_73' title="bbox 1849 4101 3441 4175">
    <p class='ocr_par' dir='ltr' id='par_1_73' title="bbox 1849 4101 3441 4175">
     <span class='ocr_line' id='line_1_73' title="bbox 1849 4101 3441 4175; baseline 0.003 -18"><span class='ocrx_word' id='word_1_685' title='bbox 1849 4106 1953 4172; x_wconf 82' lang='lat' dir='ltr'>est,</span> <span class='ocrx_word' id='word_1_686' title='bbox 1983 4108 2179 4158; x_wconf 85' lang='lat' dir='ltr'>contra</span> <span class='ocrx_word' id='word_1_687' title='bbox 2206 4101 2647 4160; x_wconf 85' lang='lat' dir='ltr'>benefacientes.</span> <span class='ocrx_word' id='word_1_688' title='bbox 2687 4101 2782 4157; x_wconf 86' lang='lat' dir='ltr'>Vel</span> <span class='ocrx_word' id='word_1_689' title='bbox 2813 4103 2897 4158; x_wconf 86' lang='lat' dir='ltr'>ita</span> <span class='ocrx_word' id='word_1_690' title='bbox 2925 4118 2938 4154; x_wconf 89' lang='lat'><strong>:</strong></span> <span class='ocrx_word' id='word_1_691' title='bbox 2967 4106 3093 4160; x_wconf 85' lang='lat' dir='ltr'>Non</span> <span class='ocrx_word' id='word_1_692' title='bbox 3130 4109 3282 4161; x_wconf 86' lang='lat' dir='ltr'>enim</span> <span class='ocrx_word' id='word_1_693' title='bbox 3319 4122 3441 4175; x_wconf 88' lang='lat' dir='ltr'>pos-</span> 
     </span>
    </p>
   </div>
   <div class='ocr_carea' id='block_1_74' title="bbox 1847 4193 3439 4266">
    <p class='ocr_par' dir='ltr' id='par_1_74' title="bbox 1847 4193 3439 4266">
     <span class='ocr_line' id='line_1_74' title="bbox 1847 4193 3439 4266; baseline 0.001 -19"><span class='ocrx_word' id='word_1_694' title='bbox 1847 4209 2041 4247; x_wconf 88' lang='lat' dir='ltr'>sumus</span> <span class='ocrx_word' id='word_1_695' title='bbox 2070 4193 2290 4260; x_wconf 87' lang='lat' dir='ltr'>aliquid</span> <span class='ocrx_word' id='word_1_696' title='bbox 2313 4193 2571 4245; x_wconf 83' lang='lat' dir='ltr'>adversus</span> <span class='ocrx_word' id='word_1_697' title='bbox 2580 4194 2887 4259; x_wconf 79' lang='lat' dir='ltr'>veritatem,</span> <span class='ocrx_word' id='word_1_698' title='bbox 2912 4193 2971 4247; x_wconf 90' lang='lat' dir='ltr'>id</span> <span class='ocrx_word' id='word_1_699' title='bbox 2991 4198 3093 4260; x_wconf 90' lang='lat' dir='ltr'>est,</span> <span class='ocrx_word' id='word_1_700' title='bbox 3117 4209 3232 4248; x_wconf 87' lang='lat' dir='ltr'>non</span> <span class='ocrx_word' id='word_1_701' title='bbox 3245 4203 3439 4266; x_wconf 86' lang='lat' dir='ltr'>repre-</span> 
     </span>
    </p>
   </div>
   <div class='ocr_carea' id='block_1_75' title="bbox 1848 4279 3439 4353">
    <p class='ocr_par' dir='ltr' id='par_1_75' title="bbox 1848 4279 3439 4353">
     <span class='ocr_line' id='line_1_75' title="bbox 1848 4279 3439 4353; baseline 0 -15"><span class='ocrx_word' id='word_1_702' title='bbox 1848 4281 2167 4345; x_wconf 88' lang='lat' dir='ltr'>hendimus,</span> <span class='ocrx_word' id='word_1_703' title='bbox 2198 4297 2301 4335; x_wconf 90' lang='lat' dir='ltr'>nec</span> <span class='ocrx_word' id='word_1_704' title='bbox 2336 4280 2671 4335; x_wconf 89' lang='lat' dir='ltr'>damnamus</span> <span class='ocrx_word' id='word_1_705' title='bbox 2697 4279 2758 4334; x_wconf 90' lang='lat' dir='ltr'>in</span> <span class='ocrx_word' id='word_1_706' title='bbox 2794 4280 2883 4335; x_wconf 90' lang='lat' dir='ltr'>his</span> <span class='ocrx_word' id='word_1_707' title='bbox 2924 4282 3022 4353; x_wconf 90' lang='lat' dir='ltr'>qui</span> <span class='ocrx_word' id='word_1_708' title='bbox 3051 4282 3167 4337; x_wconf 88' lang='lat' dir='ltr'>veri</span> <span class='ocrx_word' id='word_1_709' title='bbox 3197 4286 3347 4351; x_wconf 86' lang='lat' dir='ltr'>sunt,</span> <span class='ocrx_word' id='word_1_710' title='bbox 3379 4283 3439 4338; x_wconf 87' lang='lat' dir='ltr'>id</span> 
     </span>
    </p>
   </div>
   <div class='ocr_carea' id='block_1_76' title="bbox 1847 4364 3258 4442">
    <p class='ocr_par' dir='ltr' id='par_1_76' title="bbox 1847 4364 3258 4442">
     <span class='ocr_line' id='line_1_76' title="bbox 1847 4364 3258 4442; baseline 0 -15"><span class='ocrx_word' id='word_1_711' title='bbox 1847 4377 1952 4438; x_wconf 89' lang='lat' dir='ltr'>est,</span> <span class='ocrx_word' id='word_1_712' title='bbox 1983 4370 2080 4442; x_wconf 85' lang='lat' dir='ltr'>qui</span> <span class='ocrx_word' id='word_1_713' title='bbox 2108 4369 2251 4424; x_wconf 90' lang='lat' dir='ltr'>bene</span> <span class='ocrx_word' id='word_1_714' title='bbox 2279 4369 2512 4436; x_wconf 84' lang='lat' dir='ltr'>faciunt,</span> <span class='ocrx_word' id='word_1_715' title='bbox 2535 4374 2593 4423; x_wconf 90' lang='lat' dir='ltr'>et</span> <span class='ocrx_word' id='word_1_716' title='bbox 2610 4364 3077 4441; x_wconf 88' lang='lat' dir='ltr'>reprehensibiles</span> <span class='ocrx_word' id='word_1_717' title='bbox 3103 4377 3258 4427; x_wconf 89' lang='lat' dir='ltr'>sunt.</span> 
     </span>
    </p>
   </div>
   <div class='ocr_carea' id='block_1_77' title="bbox 1920 4456 3439 4532">
    <p class='ocr_par' dir='ltr' id='par_1_77' title="bbox 1920 4456 3439 4532">
     <span class='ocr_line' id='line_1_77' title="bbox 1920 4456 3439 4532; baseline 0.003 -17"><span class='ocrx_word' id='word_1_718' title='bbox 1920 4456 2006 4515; x_wconf 88' lang='grc'>13.</span> <span class='ocrx_word' id='word_1_719' title='bbox 2033 4460 2305 4514; x_wconf 83' lang='lat' dir='ltr'>Adversus</span> <span class='ocrx_word' id='word_1_720' title='bbox 2336 4460 2643 4513; x_wconf 78' lang='lat' dir='ltr'>veritatem.</span> <span class='ocrx_word' id='word_1_721' title='bbox 2678 4459 2887 4514; x_wconf 84' lang='lat' dir='ltr'>Contra</span> <span class='ocrx_word' id='word_1_722' title='bbox 2908 4460 3210 4531; x_wconf 80' lang='lat' dir='ltr'>justitiam,</span> <span class='ocrx_word' id='word_1_723' title='bbox 3243 4459 3303 4517; x_wconf 90' lang='lat' dir='ltr'>id</span> <span class='ocrx_word' id='word_1_724' title='bbox 3331 4466 3439 4532; x_wconf 80' lang='lat' dir='ltr'>est,</span> 
     </span>
    </p>
   </div>
   <div class='ocr_carea' id='block_1_78' title="bbox 1845 4546 3444 4621">
    <p class='ocr_par' dir='ltr' id='par_1_78' title="bbox 1845 4546 3444 4621">
     <span class='ocr_line' id='line_1_78' title="bbox 1845 4546 3444 4621; baseline 0.004 -19"><span class='ocrx_word' id='word_1_725' title='bbox 1845 4547 2160 4615; x_wconf 81' lang='lat' dir='ltr'>veritatem,</span> <span class='ocrx_word' id='word_1_726' title='bbox 2193 4547 2399 4602; x_wconf 89' lang='lat' dir='ltr'>mando</span> <span class='ocrx_word' id='word_1_727' title='bbox 2430 4547 2518 4618; x_wconf 81' lang='lat' dir='ltr'>[f.,</span> <span class='ocrx_word' id='word_1_728' title='bbox 2554 4546 2799 4621; x_wconf 85' lang='lat' dir='ltr'>quando]</span> <span class='ocrx_word' id='word_1_729' title='bbox 2824 4554 3013 4620; x_wconf 86' lang='lat' dir='ltr'>posset</span> <span class='ocrx_word' id='word_1_730' title='bbox 3046 4550 3095 4606; x_wconf 89' lang='lat' dir='ltr'>si</span> <span class='ocrx_word' id='word_1_731' title='bbox 3136 4550 3253 4606; x_wconf 86' lang='lat' dir='ltr'>illis</span> <span class='ocrx_word' id='word_1_732' title='bbox 3298 4550 3444 4608; x_wconf 85' lang='lat' dir='ltr'>bona</span> 
     </span>
    </p>
   </div>
   <div class='ocr_carea' id='block_1_79' title="bbox 1845 4635 3441 4709">
    <p class='ocr_par' dir='ltr' id='par_1_79' title="bbox 1845 4635 3441 4709">
     <span class='ocr_line' id='line_1_79' title="bbox 1845 4635 3441 4709; baseline 0.003 -18"><span class='ocrx_word' id='word_1_733' title='bbox 1845 4636 2200 4705; x_wconf 77' lang='lat' dir='ltr'>facientibus,</span> <span class='ocrx_word' id='word_1_734' title='bbox 2232 4635 2580 4692; x_wconf 88' lang='lat' dir='ltr'>orationibus</span> <span class='ocrx_word' id='word_1_735' title='bbox 2626 4638 2943 4709; x_wconf 83' lang='lat' dir='ltr'>proﬁceret,</span> <span class='ocrx_word' id='word_1_736' title='bbox 2973 4644 3040 4694; x_wconf 90' lang='lat' dir='ltr'>ut</span> <span class='ocrx_word' id='word_1_737' title='bbox 3064 4639 3125 4695; x_wconf 92' lang='lat' dir='ltr'>in</span> <span class='ocrx_word' id='word_1_738' title='bbox 3149 4639 3441 4696; x_wconf 83' lang='lat' dir='ltr'>conscien-</span> 
     </span>
    </p>
   </div>
   <div class='ocr_carea' id='block_1_80' title="bbox 1846 4725 3442 4800">
    <p class='ocr_par' dir='ltr' id='par_1_80' title="bbox 1846 4725 3442 4800">
     <span class='ocr_line' id='line_1_80' title="bbox 1846 4725 3442 4800; baseline 0.004 -20"><span class='ocrx_word' id='word_1_739' title='bbox 1846 4725 1941 4781; x_wconf 89' lang='lat' dir='ltr'>tiis</span> <span class='ocrx_word' id='word_1_740' title='bbox 1971 4743 2168 4782; x_wconf 91' lang='lat' dir='ltr'>eorum</span> <span class='ocrx_word' id='word_1_741' title='bbox 2191 4726 2399 4799; x_wconf 90' lang='lat' dir='ltr'>probus</span> <span class='ocrx_word' id='word_1_742' title='bbox 2425 4731 2740 4800; x_wconf 89' lang='lat' dir='ltr'>appareret.</span> <span class='ocrx_word' id='word_1_743' title='bbox 2782 4728 2909 4782; x_wconf 87' lang='lat' dir='ltr'>Non</span> <span class='ocrx_word' id='word_1_744' title='bbox 2930 4728 3148 4798; x_wconf 88' lang='lat' dir='ltr'>justum</span> <span class='ocrx_word' id='word_1_745' title='bbox 3192 4735 3297 4795; x_wconf 87' lang='lat' dir='ltr'>est,</span> <span class='ocrx_word' id='word_1_746' title='bbox 3337 4745 3442 4786; x_wconf 86' lang='lat' dir='ltr'>nec</span> 
     </span>
    </p>
   </div>
   <div class='ocr_carea' id='block_1_81' title="bbox 1847 4816 3444 4891">
    <p class='ocr_par' dir='ltr' id='par_1_81' title="bbox 1847 4816 3444 4891">
     <span class='ocr_line' id='line_1_81' title="bbox 1847 4816 3444 4891; baseline 0.003 -21"><span class='ocrx_word' id='word_1_747' title='bbox 1847 4816 2030 4889; x_wconf 86' lang='lat' dir='ltr'>placet</span> <span class='ocrx_word' id='word_1_748' title='bbox 2048 4817 2185 4886; x_wconf 90' lang='lat' dir='ltr'>Deo,</span> <span class='ocrx_word' id='word_1_749' title='bbox 2212 4823 2278 4872; x_wconf 91' lang='lat' dir='ltr'>ut</span> <span class='ocrx_word' id='word_1_750' title='bbox 2304 4817 2471 4873; x_wconf 89' lang='lat' dir='ltr'>homo</span> <span class='ocrx_word' id='word_1_751' title='bbox 2499 4821 2727 4871; x_wconf 87' lang='lat' dir='ltr'>sanctus</span> <span class='ocrx_word' id='word_1_752' title='bbox 2763 4832 3037 4887; x_wconf 88' lang='lat' dir='ltr'>apparere</span> <span class='ocrx_word' id='word_1_753' title='bbox 3066 4823 3300 4891; x_wconf 62' lang='lat' dir='ltr'>queret,</span> <span class='ocrx_word' id='word_1_754' title='bbox 3331 4818 3444 4875; x_wconf 86' lang='lat' dir='ltr'>nisi</span> 
     </span>
    </p>
   </div>
   <div class='ocr_carea' id='block_1_82' title="bbox 1847 4905 3444 4983">
    <p class='ocr_par' dir='ltr' id='par_1_82' title="bbox 1847 4905 3444 4983">
     <span class='ocr_line' id='line_1_82' title="bbox 1847 4905 3444 4983; baseline 0.003 -23"><span class='ocrx_word' id='word_1_755' title='bbox 1847 4911 2079 4978; x_wconf 88' lang='lat' dir='ltr'>propter</span> <span class='ocrx_word' id='word_1_756' title='bbox 2103 4907 2161 4961; x_wconf 92' lang='lat' dir='ltr'>id</span> <span class='ocrx_word' id='word_1_757' title='bbox 2188 4911 2430 4973; x_wconf 89' lang='lat' dir='ltr'>tantum,</span> <span class='ocrx_word' id='word_1_758' title='bbox 2476 4910 2541 4961; x_wconf 92' lang='lat' dir='ltr'>ut</span> <span class='ocrx_word' id='word_1_759' title='bbox 2582 4905 2837 4961; x_wconf 87' lang='lat' dir='ltr'>videntes</span> <span class='ocrx_word' id='word_1_760' title='bbox 2875 4905 3086 4963; x_wconf 89' lang='lat' dir='ltr'>bonum</span> <span class='ocrx_word' id='word_1_761' title='bbox 3123 4909 3444 4983; x_wconf 83' lang='lat' dir='ltr'>exemplum</span> 
     </span>
    </p>
   </div>
   <div class='ocr_carea' id='block_1_83' title="bbox 1848 4995 2148 5067">
    <p class='ocr_par' dir='ltr' id='par_1_83' title="bbox 1848 4995 2148 5067">
     <span class='ocr_line' id='line_1_83' title="bbox 1848 4995 2148 5067; baseline 0.007 -16"><span class='ocrx_word' id='word_1_762' title='bbox 1848 4995 2148 5067; x_wconf 84' lang='lat' dir='ltr'>accipiant.</span> 
     </span>
    </p>
   </div>
   <div class='ocr_carea' id='block_1_84' title="bbox 192 5082 3442 5163">
    <p class='ocr_par' dir='ltr' id='par_1_84' title="bbox 192 5082 3442 5163">
     <span class='ocr_line' id='line_1_84' title="bbox 192 5082 3442 5163; baseline -0.001 -19"><span class='ocrx_word' id='word_1_763' title='bbox 192 5082 492 5145; x_wconf 66' lang='lat' dir='ltr'>iolﬁtndine</span> <span class='ocrx_word' id='word_1_764' title='bbox 524 5089 728 5163; x_wconf 91' lang='lat' dir='ltr'>plenus</span> <span class='ocrx_word' id='word_1_765' title='bbox 751 5095 855 5146; x_wconf 89' lang='lat' dir='ltr'>est.</span> <span class='ocrx_word' id='word_1_766' title='bbox 890 5089 1049 5145; x_wconf 90' lang='lat' dir='ltr'>Sicut</span> <span class='ocrx_word' id='word_1_767' title='bbox 1062 5088 1134 5143; x_wconf 91' lang='lat' dir='ltr'>ad</span> <span class='ocrx_word' id='word_1_768' title='bbox 1156 5087 1448 5143; x_wconf 67' lang='lat' dir='ltr'>Hebraeos:</span> <span class='ocrx_word' id='word_1_769' title='bbox 1484 5089 1672 5144; x_wconf 84' lang='lat' dir='ltr'>Vivens</span> <span class='ocrx_word' id='word_1_770' title='bbox 1692 5091 1767 5141; x_wconf 90' lang='lat' dir='ltr'>est</span> <span class='ocrx_word' id='word_1_771' title='bbox 1788 5086 1832 5148; x_wconf 79' lang='grc' dir='ltr'>α</span> <span class='ocrx_word' id='word_1_772' title='bbox 1925 5084 2012 5139; x_wconf 78' lang='grc'>14.</span> <span class='ocrx_word' id='word_1_773' title='bbox 2043 5084 2356 5143; x_wconf 86' lang='lat' dir='ltr'>Gaudemus</span> <span class='ocrx_word' id='word_1_774' title='bbox 2382 5086 2551 5139; x_wconf 89' lang='lat' dir='ltr'>enim.</span> <span class='ocrx_word' id='word_1_775' title='bbox 2570 5084 2698 5139; x_wconf 85' lang='lat' dir='ltr'>Alia</span> <span class='ocrx_word' id='word_1_776' title='bbox 2719 5083 2864 5140; x_wconf 89' lang='lat' dir='ltr'>ratio</span> <span class='ocrx_word' id='word_1_777' title='bbox 2890 5099 2993 5141; x_wconf 90' lang='lat' dir='ltr'>cur</span> <span class='ocrx_word' id='word_1_778' title='bbox 3008 5084 3152 5141; x_wconf 90' lang='lat' dir='ltr'>nolit</span> <span class='ocrx_word' id='word_1_779' title='bbox 3169 5101 3442 5158; x_wconf 86' lang='lat' dir='ltr'>apparere</span> 
     </span>
    </p>
   </div>
   <div class='ocr_carea' id='block_1_85' title="bbox 193 5178 1765 5249">
    <p class='ocr_par' dir='ltr' id='par_1_85' title="bbox 193 5178 1765 5249">
     <span class='ocr_line' id='line_1_85' title="bbox 193 5178 1765 5249; baseline 0.001 -20"><span class='ocrx_word' id='word_1_780' title='bbox 193 5180 313 5231; x_wconf 74' lang='grc' dir='ltr'>ενιίηι</span> <span class='ocrx_word' id='word_1_781' title='bbox 333 5197 515 5235; x_wconf 80' lang='lat' dir='ltr'>sermo</span> <span class='ocrx_word' id='word_1_782' title='bbox 538 5180 637 5235; x_wconf 87' lang='lat' dir='ltr'>Dei</span> <span class='ocrx_word' id='word_1_783' title='bbox 663 5185 711 5235; x_wconf 85' lang='lat' dir='ltr'>et</span> <span class='ocrx_word' id='word_1_784' title='bbox 730 5182 927 5249; x_wconf 65' lang='lat' dir='ltr'>efﬁcax</span> <span class='ocrx_word' id='word_1_785' title='bbox 945 5196 1010 5235; x_wconf 80' lang='lat' dir='ltr'>ea:</span> <span class='ocrx_word' id='word_1_786' title='bbox 1036 5181 1242 5234; x_wconf 80' lang='lat' dir='ltr'>virtute</span> <span class='ocrx_word' id='word_1_787' title='bbox 1261 5179 1377 5245; x_wconf 89' lang='lat' dir='ltr'>Dei,</span> <span class='ocrx_word' id='word_1_788' title='bbox 1393 5193 1461 5232; x_wconf 75' lang='lat' dir='ltr'>ea:</span> <span class='ocrx_word' id='word_1_789' title='bbox 1477 5178 1635 5232; x_wconf 85' lang='lat' dir='ltr'>verba</span> <span class='ocrx_word' id='word_1_790' title='bbox 1656 5178 1765 5231; x_wconf 87' lang='lat' dir='ltr'>Pa-</span> 
     </span>
    </p>
   </div>
   <div class='ocr_carea' id='block_1_86' title="bbox 196 5265 978 5340">
    <p class='ocr_par' dir='ltr' id='par_1_86' title="bbox 196 5265 978 5340">
     <span class='ocr_line' id='line_1_86' title="bbox 196 5265 978 5340; baseline 0.004 -20"><span class='ocrx_word' id='word_1_791' title='bbox 196 5265 293 5333; x_wconf 77' lang='lat' dir='ltr'>tris,</span> <span class='ocrx_word' id='word_1_792' title='bbox 320 5285 387 5324; x_wconf 72' lang='lat' dir='ltr'>ea:</span> <span class='ocrx_word' id='word_1_793' title='bbox 412 5286 526 5340; x_wconf 85' lang='lat' dir='ltr'>quo</span> <span class='ocrx_word' id='word_1_794' title='bbox 549 5273 865 5340; x_wconf 87' lang='lat' dir='ltr'>assumptus</span> <span class='ocrx_word' id='word_1_795' title='bbox 886 5273 978 5323; x_wconf 88' lang='lat' dir='ltr'>est.</span> 
     </span>
    </p>
   </div>
   <div class='ocr_carea' id='block_1_87' title="bbox 246 5356 1771 5437">
    <p class='ocr_par' dir='ltr' id='par_1_87' title="bbox 246 5356 1771 5437">
     <span class='ocr_line' id='line_1_87' title="bbox 246 5356 1771 5437; baseline 0 -26"><span class='ocrx_word' id='word_1_796' title='bbox 246 5356 290 5411; x_wconf 85' lang='lat'>8.</span> <span class='ocrx_word' id='word_1_797' title='bbox 315 5360 553 5437; x_wconf 76' lang='lat' dir='ltr'>Inﬁrmi</span> <span class='ocrx_word' id='word_1_798' title='bbox 582 5375 789 5415; x_wconf 84' lang='lat' dir='ltr'>sumus.</span> <span class='ocrx_word' id='word_1_799' title='bbox 807 5359 935 5415; x_wconf 88' lang='lat' dir='ltr'>Non</span> <span class='ocrx_word' id='word_1_800' title='bbox 950 5362 1056 5427; x_wconf 86' lang='lat' dir='ltr'>est,</span> <span class='ocrx_word' id='word_1_801' title='bbox 1080 5357 1283 5430; x_wconf 89' lang='lat' dir='ltr'>inquit,</span> <span class='ocrx_word' id='word_1_802' title='bbox 1313 5358 1521 5412; x_wconf 89' lang='lat' dir='ltr'>mirum</span> <span class='ocrx_word' id='word_1_803' title='bbox 1542 5356 1591 5412; x_wconf 90' lang='lat' dir='ltr'>si</span> <span class='ocrx_word' id='word_1_804' title='bbox 1612 5356 1771 5412; x_wconf 90' lang='lat' dir='ltr'>Chri-</span> 
     </span>
    </p>
   </div>
   <div class='ocr_carea' id='block_1_88' title="bbox 195 5446 1767 5522">
    <p class='ocr_par' dir='ltr' id='par_1_88' title="bbox 195 5446 1767 5522">
     <span class='ocr_line' id='line_1_88' title="bbox 195 5446 1767 5522; baseline 0 -21"><span class='ocrx_word' id='word_1_805' title='bbox 195 5448 291 5501; x_wconf 72' lang='lat' dir='ltr'>stus</span> <span class='ocrx_word' id='word_1_806' title='bbox 315 5463 378 5502; x_wconf 78' lang='lat' dir='ltr'><strong>ex</strong></span> <span class='ocrx_word' id='word_1_807' title='bbox 405 5449 625 5505; x_wconf 83' lang='lat' dir='ltr'>virtute</span> <span class='ocrx_word' id='word_1_808' title='bbox 652 5448 964 5504; x_wconf 88' lang='lat' dir='ltr'>divinitatis</span> <span class='ocrx_word' id='word_1_809' title='bbox 991 5454 1191 5522; x_wconf 89' lang='lat' dir='ltr'>potens</span> <span class='ocrx_word' id='word_1_810' title='bbox 1220 5452 1305 5504; x_wconf 88' lang='lat' dir='ltr'>est</span> <span class='ocrx_word' id='word_1_811' title='bbox 1331 5466 1344 5516; x_wconf 83' lang='lat'>;</span> <span class='ocrx_word' id='word_1_812' title='bbox 1376 5463 1505 5503; x_wconf 89' lang='lat' dir='ltr'>cum</span> <span class='ocrx_word' id='word_1_813' title='bbox 1544 5462 1649 5501; x_wconf 89' lang='lat' dir='ltr'>nos</span> <span class='ocrx_word' id='word_1_814' title='bbox 1678 5446 1767 5501; x_wconf 91' lang='lat' dir='ltr'>in-</span> 
     </span>
    </p>
   </div>
   <div class='ocr_carea' id='block_1_89' title="bbox 190 5533 1766 5608">
    <p class='ocr_par' dir='ltr' id='par_1_89' title="bbox 190 5533 1766 5608">
     <span class='ocr_line' id='line_1_89' title="bbox 190 5533 1766 5608; baseline -0.001 -15"><span class='ocrx_word' id='word_1_815' title='bbox 190 5533 313 5593; x_wconf 78' lang='lat' dir='ltr'>ﬁrmi</span> <span class='ocrx_word' id='word_1_816' title='bbox 334 5554 403 5595; x_wconf 79' lang='lat' dir='ltr'><strong>ex</strong></span> <span class='ocrx_word' id='word_1_817' title='bbox 433 5539 643 5596; x_wconf 85' lang='lat' dir='ltr'>eadem</span> <span class='ocrx_word' id='word_1_818' title='bbox 670 5539 878 5598; x_wconf 84' lang='lat' dir='ltr'>virtute</span> <span class='ocrx_word' id='word_1_819' title='bbox 903 5539 1076 5597; x_wconf 73' lang='lat' dir='ltr'>fortes</span> <span class='ocrx_word' id='word_1_820' title='bbox 1105 5538 1299 5596; x_wconf 80' lang='lat' dir='ltr'>simus.</span> <span class='ocrx_word' id='word_1_821' title='bbox 1331 5536 1400 5593; x_wconf 91' lang='lat' dir='ltr'>In</span> <span class='ocrx_word' id='word_1_822' title='bbox 1419 5537 1543 5608; x_wconf 89' lang='lat' dir='ltr'>illo,</span> <span class='ocrx_word' id='word_1_823' title='bbox 1576 5535 1634 5592; x_wconf 90' lang='lat' dir='ltr'>id</span> <span class='ocrx_word' id='word_1_824' title='bbox 1662 5541 1766 5608; x_wconf 86' lang='lat' dir='ltr'>est,</span> 
     </span>
    </p>
   </div>
   <div class='ocr_carea' id='block_1_90' title="bbox 1847 5174 2134 5247">
    <p class='ocr_par' dir='ltr' id='par_1_90' title="bbox 1847 5174 2134 5247">
     <span class='ocr_line' id='line_1_90' title="bbox 1847 5174 2134 5247; baseline 0.003 -19"><span class='ocrx_word' id='word_1_825' title='bbox 1847 5174 2134 5247; x_wconf 86' lang='lat' dir='ltr'>probatus.</span> 
     </span>
    </p>
   </div>
   <div class='ocr_carea' id='block_1_91' title="bbox 1923 5261 3440 5331">
    <p class='ocr_par' dir='ltr' id='par_1_91' title="bbox 1923 5261 3440 5331">
     <span class='ocr_line' id='line_1_91' title="bbox 1923 5261 3440 5331; baseline -0.003 -9"><span class='ocrx_word' id='word_1_826' title='bbox 1923 5263 2009 5322; x_wconf 85' lang='grc'>15.</span> <span class='ocrx_word' id='word_1_827' title='bbox 2040 5265 2285 5319; x_wconf 78' lang='lat' dir='ltr'>AMBROS.</span> <span class='ocrx_word' id='word_1_828' title='bbox 2319 5263 2629 5319; x_wconf 85' lang='lat' dir='ltr'>Gaudemus</span> <span class='ocrx_word' id='word_1_829' title='bbox 2669 5265 2843 5318; x_wconf 90' lang='lat' dir='ltr'>enim.</span> <span class='ocrx_word' id='word_1_830' title='bbox 2887 5264 3007 5318; x_wconf 89' lang='lat' dir='ltr'>Hoc</span> <span class='ocrx_word' id='word_1_831' title='bbox 3034 5267 3121 5318; x_wconf 90' lang='lat' dir='ltr'>est</span> <span class='ocrx_word' id='word_1_832' title='bbox 3144 5261 3440 5331; x_wconf 84' lang='lat' dir='ltr'>inﬁrmari,</span> 
     </span>
    </p>
   </div>
   <div class='ocr_carea' id='block_1_92' title="bbox 1848 5353 3442 5426">
    <p class='ocr_par' dir='ltr' id='par_1_92' title="bbox 1848 5353 3442 5426">
     <span class='ocr_line' id='line_1_92' title="bbox 1848 5353 3442 5426; baseline 0 -17"><span class='ocrx_word' id='word_1_833' title='bbox 1848 5369 1964 5410; x_wconf 89' lang='lat' dir='ltr'>non</span> <span class='ocrx_word' id='word_1_834' title='bbox 1989 5368 2251 5409; x_wconf 85' lang='lat' dir='ltr'>exercere</span> <span class='ocrx_word' id='word_1_835' title='bbox 2277 5358 2633 5426; x_wconf 86' lang='lat' dir='ltr'>potestatem.</span> <span class='ocrx_word' id='word_1_836' title='bbox 2676 5353 2792 5407; x_wconf 88' lang='lat' dir='ltr'>Hos</span> <span class='ocrx_word' id='word_1_837' title='bbox 2834 5357 3025 5407; x_wconf 89' lang='lat' dir='ltr'>autem</span> <span class='ocrx_word' id='word_1_838' title='bbox 3070 5357 3229 5423; x_wconf 86' lang='lat' dir='ltr'>optat</span> <span class='ocrx_word' id='word_1_839' title='bbox 3269 5353 3442 5409; x_wconf 83' lang='lat' dir='ltr'>fortes</span> 
     </span>
    </p>
   </div>
   <div class='ocr_carea' id='block_1_93' title="bbox 1850 5439 3445 5513">
    <p class='ocr_par' dir='ltr' id='par_1_93' title="bbox 1850 5439 3445 5513">
     <span class='ocr_line' id='line_1_93' title="bbox 1850 5439 3445 5513; baseline -0.002 -13"><span class='ocrx_word' id='word_1_840' title='bbox 1850 5460 1992 5510; x_wconf 88' lang='lat' dir='ltr'>esse,</span> <span class='ocrx_word' id='word_1_841' title='bbox 2018 5449 2083 5498; x_wconf 89' lang='lat' dir='ltr'>ut</span> <span class='ocrx_word' id='word_1_842' title='bbox 2109 5442 2252 5498; x_wconf 90' lang='lat' dir='ltr'>bene</span> <span class='ocrx_word' id='word_1_843' title='bbox 2281 5443 2547 5510; x_wconf 89' lang='lat' dir='ltr'>viventes,</span> <span class='ocrx_word' id='word_1_844' title='bbox 2576 5441 2713 5496; x_wconf 87' lang='lat' dir='ltr'>vitia</span> <span class='ocrx_word' id='word_1_845' title='bbox 2745 5440 3000 5513; x_wconf 88' lang='lat' dir='ltr'>vincant;</span> <span class='ocrx_word' id='word_1_846' title='bbox 3027 5445 3085 5496; x_wconf 91' lang='lat' dir='ltr'>et</span> <span class='ocrx_word' id='word_1_847' title='bbox 3110 5439 3445 5512; x_wconf 81' lang='lat' dir='ltr'>prohibeant</span> 
     </span>
    </p>
   </div>
   <div class='ocr_carea' id='block_1_94' title="bbox 1851 5530 2881 5604">
    <p class='ocr_par' dir='ltr' id='par_1_94' title="bbox 1851 5530 2881 5604">
     <span class='ocr_line' id='line_1_94' title="bbox 1851 5530 2881 5604; baseline -0.003 -13"><span class='ocrx_word' id='word_1_848' title='bbox 1851 5552 1887 5591; x_wconf 87' lang='lat' dir='ltr'>a</span> <span class='ocrx_word' id='word_1_849' title='bbox 1912 5550 1973 5590; x_wconf 91' lang='lat' dir='ltr'>se</span> <span class='ocrx_word' id='word_1_850' title='bbox 1991 5532 2295 5590; x_wconf 87' lang='lat' dir='ltr'>vindictam</span> <span class='ocrx_word' id='word_1_851' title='bbox 2323 5537 2424 5589; x_wconf 90' lang='lat' dir='ltr'>aut</span> <span class='ocrx_word' id='word_1_852' title='bbox 2449 5530 2881 5604; x_wconf 87' lang='lat' dir='ltr'>correptionem.</span> 
     </span>
    </p>
   </div>
  </div>
