3936 6178
495 292 601 348 259

1476 281 1536 344 B.
1584 279 1995 334 LANFRANCI
2032 280 2391 336 CANTUAR.
2437 282 2778 339 ARCHIEP.

3644 286 3737 347 260

491 417 719 486 agendo.
749 416 866 470 Hoc
892 417 950 468 et
973 414 1140 466 etiam
1171 424 1416 473 oramus,
1448 412 1691 461 vestram
1721 407 2284 471 consummationem,
2326 412 2730 476 per/ectionem.
2766 409 2898 464 Ideo
2925 410 3043 464 haec
3073 409 3273 465 absens
3312 411 3514 478 scribo,
3550 419 3610 469 ut
3636 431 3736 471 non

491 521 738 578 praesens
753 502 948 558 durius
963 516 1147 570 agam,
1165 497 1469 552 secundum
1492 501 1827 566 potestatem
1846 500 2198 563 apostolatus.
2216 513 2382 566 quam
2407 497 2678 552 Dominus
2697 499 2854 553 dedit
2873 500 3009 554 mihi
3026 499 3083 553 in
3099 500 3548 565 aedificationem,
3567 509 3620 556 et
3637 519 3739 557 non

488 593 547 649 in
576 592 1032 648 destructionem.
1076 588 1157 642 De
1193 591 1415 650 caetero,
1453 585 1675 648 fratres,
1711 584 1974 654 gaudete,
2010 584 2239 654 perfecti
2261 591 2461 649 estote,
2486 587 2880 653 exhortamini,
2905 588 3058 643 idem
3077 589 3277 660 sapite,
3305 607 3500 661 pacem
3524 591 3731 658 habete,

491 688 548 737 et
564 683 711 737 Deus
741 679 891 752 pacis
911 684 968 733 et
987 675 1300 732 dilectionis
1318 674 1428 727 erit
1450 673 1749 726 vobiscum.
1779 673 2036 728 Salutate
2057 673 2289 727 invicem
2320 674 2380 728 in
2410 675 2598 729 osculo
2616 682 2826 730 sancto.
2853 676 3114 731 Salutant
3132 693 3229 732 vos
3244 693 3438 733 omnes
3456 679 3648 735 sancti.
3661 677 3734 736 16.

488 770 704 836 Gratia,
739 769 1052 834 redemptio,
1081 763 1306 818 Domini
1326 761 1502 816 nostri
1527 763 1555 815 J
1561 778 1660 816 esu
1689 762 1920 828 Christi,
1947 765 2003 815 et
2026 761 2271 816 Charitas
2289 762 2410 828 Dei,
2434 765 2651 818 dilectio
2683 766 2780 818 Dei
2796 767 3001 831 Patris,
3034 769 3134 835 qui
3150 770 3305 820 misit
3334 768 3488 822 nobis
3511 769 3742 824 Salvato-

486 875 624 926 rem,
659 862 717 912 et
743 852 1173 910 communicatio
1201 851 1379 906 sancti
1407 851 1652 923 Spiritus
1682 851 1760 905 sit
1786 867 1915 906 cum
1940 850 2200 906 omnibus
2229 850 2404 906 vobis.

1836 1030 2428 1088 COMMENTARIUS.

559 1201 642 1261 l6.
681 1204 876 1260 Gratia
907 1204 1133 1258 Domini
1152 1202 1350 1257 nostri.
1379 1198 1613 1255 Dilectio
1630 1198 1733 1255 Dei
1753 1199 1906 1254 misit
1920 1199 2082 1254 nobis
2097 1203 2145 1262 Α
2166 1198 2427 1270 Spiritus.
2461 1198 2592 1253 Haec
2617 1195 2743 1272 [al.,
2763 1198 2887 1270 Hic]
2909 1199 3058 1254 enim
3089 1199 3321 1256 dilectos
3347 1217 3381 1256 a
3408 1185 3543 1268 Deo,
3567 1205 3620 1256 et
3635 1201 3742 1257 sal-

483 1294 831 1348 Salvatorem
857 1291 1070 1356 Jesum,
1091 1290 1250 1358 cujus
1268 1289 1452 1359 gratia
1469 1288 1666 1342 salvati
1695 1304 1909 1353 sumus,
1933 1294 1989 1342 et
2016 1292 2082 1342 ut
2159 1293 2316 1342 vatos
2359 1304 2394 1341 a
2429 1288 2615 1358 gratia
2643 1289 2850 1343 Christi
2891 1294 3104 1355 tuetur,
3143 1294 3207 1344 ut
3243 1289 3416 1344 trium
3467 1289 3737 1361 perfectio,

481 1381 866 1452 possideamus
907 1381 1054 1434 hanc
1095 1379 1338 1449 gratiam
1365 1377 1500 1432 facit
1527 1377 1962 1431 communicatio
2019 1377 2074 1432 S.
2159 1377 2572 1432 consummatio
2599 1376 2673 1432 sit
2700 1377 2942 1432 hominis
2970 1378 3028 1432 in
3058 1377 3318 1433 salutem.

475 1552 3720 1590 ,ἔτ-ΕΜ

727 1697 1316 1794 EPISTULA
1390 1697 1483 1790 Β.
1568 1697 1966 1792 PAULI
2049 1695 2619 1842 APOSTQLI
2697 1699 2865 1790 AD
2939 1695 3491 1792 GALATAS

1108 1873 1297 1938 CUM
1330 1872 1906 1938 INTERJECTIS
1947 1876 2026 1937 B.
2075 1873 2595 1938 LANFIIANCI
2634 1875 3126 1940 GLOSSULIS.

553 2123 595 2184 ι
618 2122 736 2184 19
763 2129 1162 2173 ΛΒΩΠΜΕΝΤυΜσ
1196 2115 1426 2181 Galatae,
1459 2121 1595 2170 sunt
1624 2115 1819 2170 Graeci.
1852 2115 1923 2170 Hi
1953 2131 2073 2170 ver-

2153 2120 2219 2172 ut
2262 2117 2320 2170 in
2363 2116 2568 2188 Legem
2596 2120 2654 2171 et
2689 2116 3172 2173 circumcisionem
3211 2123 3585 2175 verterentur.
3633 2119 3750 2175 Hos

470 2207 606 2262 bum
625 2206 876 2261 veritatis
913 2205 1158 2277 primum
1188 2205 1258 2259 ab
1289 2205 1558 2276 Apostolo
1586 2211 1941 2276 acceperunt,
1972 2205 2070 2260 sed
2151 2206 2450 2277 Apostolus
2488 2211 2710 2261 revocat
2745 2205 2816 2261 ad
2864 2207 3034 2262 ﬁdem
3069 2207 3342 2276 veritatis,
3386 2208 3636 2266 scribens
3664 2209 3748 2264 eis

471 2300 598 2388 post
620 2296 930 2351 discessum
961 2295 1102 2366 ejus,
1144 2294 1348 2349 tentati
1382 2299 1514 2349 sunt
1548 2311 1582 2349 a
1619 2294 1772 2349 falsis
1799 2293 2070 2366 apostolis
2151 2294 2223 2349 ab
2252 2295 2490 2367 Epheso.

1805 2447 2041 2503 CAPUT
2086 2446 2374 2502 PRIMUM
2387 2495 2400 2507 .

545 2591 592 2648 1.
625 2591 834 2670 Paulus
857 2590 1158 2663 Apostolus
1177 2589 1231 2656 2,
1257 2589 1373 2656 3,4.
1402 2605 1513 2643 non
1533 2587 1602 2642 ab
1618 2588 1961 2653 hominibus,
1976 2591 2045 2642 ab
2063 2592 2195 2643 aliis
2210 2591 2467 2658 apostolis
2484 2589 2702 2656 electus,
2721 2606 2905 2662 neque
2925 2606 3027 2662 per
3045 2590 3352 2659 hominem,
3376 2607 3478 2661 per
3501 2592 3594 2646 hos
3614 2594 3748 2652 mis-

468 2696 561 2734 sus
591 2685 672 2735 vel
700 2683 1006 2746 Ananiam,
1039 2683 1120 2734 vel
1147 2679 1429 2733 Christum
1449 2680 1725 2732 hominem
1748 2683 1990 2743 tantum,
2009 2678 2107 2732 sed
2138 2694 2238 2748 per
2264 2679 2458 2732 Jesum
2490 2678 2798 2746 Christum,
2824 2686 2881 2734 et
2903 2680 3084 2734 Deum
3097 2681 3344 2748 Patrem,
3377 2680 3474 2752 qui
3499 2680 3740 2736 suscita-

466 2768 546 2822 vit
564 2785 693 2823 eum
711 2786 748 2823 a
761 2769 1000 2824 mortuis
1020 2788 1032 2836 ;
1054 2776 1112 2822 et
1131 2768 1227 2839 qui
1252 2784 1475 2821 mecum
1493 2774 1630 2821 sunt
1648 2783 1847 2820 omnes
1865 2767 2087 2834 fratres,
2116 2767 2377 2821 Ecclesiis
2390 2767 2644 2822 Galatiae.
2664 2769 2716 2824 5.
2741 2769 2938 2822 Gratia
2965 2768 3120 2823 vobis
3153 2775 3210 2823 et
3231 2785 3338 2840 pax
3357 2785 3392 2824 a
3414 2770 3528 2824 Deo
3551 2770 3738 2831 Patre.

466 2857 781 2912 etDomino
817 2864 1010 2912 nostro
1039 2859 1172 2912 Jesu
1212 2855 1570 2926 Christo,qui
1592 2855 1746 2910 dedit
1781 2857 2148 2928 semetipsum
2196 2857 2557 2928 (commendat
2583 2857 2882 2922 Christum]
2911 2874 3012 2929 pro
3052 2858 3295 2929 peccatis
3329 2859 3558 2926 nostris,
3593 2857 3644 2916 6.
3675 2863 3748 2915 ut

465 2945 709 3016 eriperet
739 2963 842 3001 nos
871 2945 929 3004 7.
969 2947 1038 3001 de
1066 2945 1328 3018 praesenti
1356 2945 1557 2999 saeculo
1585 2961 1850 3016 nequam,
1871 2947 2057 3000 saeculi
2081 2949 2353 3015 nequitia,
2385 2945 2691 3000 secundum
2724 2945 3068 3002 voluntatem
3088 2947 3210 3014 Dei,
3238 2953 3296 3002 et
3319 2948 3507 3002 Patris
3535 2947 3738 3015 nostri,

464 3035 554 3090 cui
585 3042 671 3091 est
695 3037 878 3107 gloria
897 3037 958 3092 in
985 3036 1189 3092 saecula
1213 3035 1571 3105 saeculorum,
1600 3035 1798 3090 Amen.
1829 3034 1880 3089 8.
1919 3034 2091 3090 Miror
2129 3040 2311 3101 ιω
2339 3034 2489 3106 quod
2517 3034 2598 3090 sic
2623 3040 2742 3093 tam
2764 3035 2876 3091 cito
2901 3037 2954 3104 9,
2977 3036 3066 3094 10.
3105 3036 3515 3093 transierimini
3533 3036 3597 3092 11
3615 3080 3630 3095 .
3667 3034 3746 3091 ab

1799 3204 2390 3262 COMMENTARIUS.

534 3379 691 3434 CAP.
723 3380 767 3434 Ι.
803 3409 863 3419 -—
895 3379 946 3432 l.
975 3377 1184 3432 LANFR.
1220 3379 1426 3431 Paulus
1449 3392 1558 3430 non
1598 3377 1668 3430 ab
1715 3375 2052 3440 homin-ibus,
2070 3376 2118 3436 B
2139 3373 2271 3428 Deo.
2299 3373 2413 3428 Pax
2444 3381 2636 3430 autem
2661 3391 2774 3448 qua
2800 3375 3232 3431 reconciliamur
3249 3375 3386 3431 Deo.

461 3473 566 3522 etc.
604 3469 670 3523 In
697 3467 824 3521 aliis
853 3465 1112 3538 Epistolis
1156 3465 1290 3519 data
1330 3465 1531 3530 salute,
1571 3465 1765 3519 statim
1797 3463 1994 3534 incipit
2019 3478 2053 3516 a

457 3557 772 3627 gratiarum
796 3555 1047 3622 actione;
1069 3554 1160 3609 hic
1179 3561 1367 3610 autem
1391 3571 1524 3622 non,
1543 3570 1726 3626 neque
1739 3553 1888 3608 enim
1909 3553 2051 3607 tales

458 3652 640 3710 erant,
672 3645 821 3701 unde
852 3645 1130 3700 redderet.

523 3737 579 3789 2.
610 3737 856 3792 Auous'r.
893 3733 1157 3806 (Erposit.
1208 3736 1401 3802 capitis
1447 3735 1624 3801 primi
1667 3735 1729 3786 in
1777 3733 1948 3801 Epist.
1977 3731 2052 3788 ad

451 3823 658 3888 Galat.,
687 3828 806 3876 tom
835 3822 952 3889 IV).
972 3822 1090 3875 Non
1120 3822 1188 3874 ab
1217 3821 1552 3875 hominibus.
1572 3819 1680 3884 Qui
1705 3818 1776 3872 ab
1804 3817 2050 3873 homini-

451 3911 556 3966 bus
587 3911 854 3977 mittitur,
889 3910 1129 3964 mendax
1158 3915 1278 3974 est;
1311 3909 1406 3980 qui
1445 3925 1546 3980 per
1581 3908 1865 3962 hominem
1897 3907 2046 3978 [add.

450 4000 717 4074 mittitur]
746 4016 909 4054 verax
934 4016 1056 4054 esse
1080 4004 1266 4070 potest
1295 4018 1306 4052 :
1342 3998 1477 4068 quia
1502 3999 1652 4052 Deus
1682 4013 1846 4052 verax
1868 4001 2053 4068 potest

451 4107 552 4161 per
579 4090 863 4144 hominem
901 4089 1145 4143 mittere.
1185 4087 1406 4142 Priores
1436 4103 1569 4158 ergo
1598 4087 1836 4158 apostoli
1867 4103 1902 4140 a
1930 4086 2046 4140 Deo

446 4195 548 4250 per
568 4179 857 4235 hominem
885 4177 1043 4232 missi
1065 4182 1216 4244 sunt,
1254 4193 1355 4248 per
1400 4177 1594 4230 Jesum
1625 4174 1838 4229 scilicet
1863 4173 2046 4227 adhuc

447 4269 759 4322 mortalem.
791 4266 1140 4322 Novissimus
1160 4264 1463 4338 Apostolus
1478 4281 1579 4335 per
1603 4264 1907 4329 Christum,
1926 4263 2046 4332 jam

445 4361 632 4412 totum
658 4359 856 4422 Deum,
872 4355 928 4410 id
947 4360 1051 4424 est,
1076 4354 1230 4410 omni
1255 4371 1320 4409 ex
1351 4361 1511 4425 parte
1537 4352 1934 4407 immortalem.
1963 4350 2047 4406 Sit

446 4462 580 4516 ergo
603 4447 652 4517 ej
660 4463 726 4500 us
741 4445 975 4516 aequalis
990 4444 1296 4499 auctoritas
1315 4443 1375 4497 in
1391 4445 1549 4513 cujus
1559 4443 1828 4496 honorem
1849 4440 2048 4512 implet

444 4534 770 4589 clariﬁcatio
801 4534 1057 4600 Domini;
1089 4533 1136 4587 si
1166 4532 1301 4603 quid
1344 4531 1549 4586 habeat
1585 4531 1721 4586 ordo
1755 4529 2047 4603 temporis,

445 4622 633 4676 minus
685 4623 832 4688 ideo,
866 4639 996 4677 cum
1041 4602 1273 4676 dixisset
1318 4626 1367 4674 et
1413 4621 1607 4688 Deum,
1657 4602 1916 4674 addidit:
1951 4622 2051 4689 qui

441 4714 729 4767 suscitavit
748 4713 938 4766 illum.

2206 3466 2257 3515 (ἶ.
2297 3464 2541 3519 Αιωειοε.
2576 3466 2638 3520 Ut
2668 3469 2918 3534 eriperet.
2965 3464 3247 3520 Liberavit
3273 3480 3376 3518 nos
3407 3462 3665 3519 Christus
3705 3478 3750 3518 α

2134 3553 2424 3622 praesentis
2447 3553 2633 3608 seculi
2662 3554 2794 3621 vita,
2819 3554 2879 3608 in
2901 3569 3013 3626 qua
3033 3554 3211 3609 multa
3228 3553 3298 3608 de
3331 3553 3445 3607 illis
3477 3568 3601 3624 quas
3622 3568 3749 3607 non

2133 3641 2555 3710 conveniebant,
2606 3642 2835 3698 fiebant.
2879 3643 3298 3714 Constituitque
3324 3643 3383 3697 in
3410 3657 3507 3714 spe
3533 3641 3750 3696 future

2132 3731 2275 3796 vitae,
2313 3731 2460 3802 quod
2491 3732 2645 3787 nullo
2677 3732 2842 3787 modo
2871 3738 3139 3804 praestare
3158 3731 3318 3787 nobis
3349 3732 3433 3786 lex
3459 3730 3660 3786 valuit.

2202 3821 2253 3874 7.
2285 3822 2533 3876 AvoUs'r.
2572 3824 2778 3892 (ibid.).
2820 3830 2888 3877 lle
2915 3825 3175 3892 presenti
3211 3827 3416 3876 saeculo
3457 3821 3750 3878 Saeculum

2132 3927 2377 3983 praesens
2416 3910 2724 3982 malignum
2754 3918 2984 3984 propter
3024 3912 3300 3982 malignos
3330 3911 3606 3977 homines,
3640 3912 3750 3982 qui

2133 4001 2190 4054 in
2221 4016 2286 4054 eo
2307 4005 2458 4064 sunt,
2496 4006 2674 4056 vocat.
2704 4000 2860 4055 Sicut
2888 4000 3195 4070 malignam
3225 4001 3452 4055 domum
3499 4003 3748 4072 propter

2133 4089 2409 4158 malignos
2435 4088 2819 4144 inhabitantes
2847 4090 3103 4144 dicimus.

2200 4179 2249 4232 8.
2284 4180 2527 4233 AMBROS.
2581 4179 2758 4232 Miror
2798 4181 2941 4247 quod
2990 4181 3086 4232 sic.
3127 4177 3476 4232 Conveniens
3523 4175 3752 4247 princi-

2128 4266 2286 4338 pium
2315 4267 2549 4321 novitati
2595 4268 2894 4322 factorum.
2936 4267 3027 4321 Sic
3071 4267 3224 4322 enim
3275 4266 3482 4337 posuit,
3530 4265 3741 4334 miror,

2129 4355 2291 4427 quasi
2321 4355 2453 4426 quia
2477 4361 2534 4411 et
2558 4373 2649 4412 res
2680 4357 2912 4422 accedit,
2934 4372 3056 4428 quae
3083 4372 3377 4428 nunquam
3400 4355 3523 4409 fieri
3544 4355 3752 4411 crede-

2130 4443 2312 4500 batur.

2202 4533 2254 4588 9.
2280 4533 2489 4588 LANFR-
2530 4533 2979 4602 Transferimini.
3007 4532 3225 4588 Galatae
3252 4531 3510 4604 isti,pars
3540 4549 3608 4586 ex
3631 4531 3753 4588 Ju-

2131 4621 2286 4689 daeis,
2321 4637 2454 4693 pars
2476 4638 2540 4675 ex
2561 4621 2826 4692 gentibus
2842 4623 2912 4677 ad
2929 4623 3095 4677 fidem
3128 4623 3336 4677 Christi
3367 4620 3437 4676 ab
3461 4619 3755 4692 Apostolo

2064 4697 2108 4757 C
2128 4710 2356 4765 fuerant
2383 4709 2665 4770 conversi;
2693 4711 2788 4765 sed
2818 4715 2947 4782 post
2969 4710 3276 4766 discessum
3298 4712 3419 4781 ejus
3449 4716 3756 4766 venerunt

515 4799 566 4858 3.
617 4802 866 4855 Aunnos.
913 4798 1036 4854 Non
1070 4800 1140 4852 ab
1171 4798 1510 4852 hominibus.
1558 4797 1807 4869 Idipsum
1850 4797 2043 4852 dicens
2125 4797 2753 4872 pseudoprzedicatores,
2784 4799 2879 4870 qui
2906 4817 3002 4854 eos
3031 4800 3128 4871 qui
3153 4816 3219 4854 ex
3247 4799 3454 4855 Judaeis
3477 4799 3761 4856 conversi

441 4889 660 4956 dividit,
706 4894 771 4944 ut
798 4887 1060 4942 ostendat
1099 4887 1222 4957 ipsa
1267 4887 1630 4942 multitudine
1681 4885 2039 4953 narrationis,
2124 4888 2370 4954 fuerant,
2405 4886 2680 4958 cogebant
2702 4888 3021 4958 judaizare:
3047 4905 3142 4943 eos
3161 4905 3292 4943 vero
3321 4888 3417 4960 qui
3449 4905 3514 4942 ex
3539 4887 3760 4958 genti-

440 4979 594 5034 nullo
634 4978 799 5033 modo
829 4978 955 5032 illos
985 4993 1178 5031 verum
1209 4975 1412 5030 dicere.

509 5069 562 5123 4.
595 5069 803 5124 LANFR.
836 5068 960 5122 Non
998 5068 1068 5120 ab
1103 5066 1439 5120 hominibus.
1485 5065 1724 5130 Quidam
1769 5063 2047 5137 putabant

435 5157 596 5213 illum
621 5172 735 5213 non
762 5173 885 5212 esse
910 5155 1241 5227 Apostolum
1273 5153 1507 5208 missum
1530 5171 1564 5208 a
1585 5155 1828 5220 Christo,
1851 5154 1949 5209 sed
1972 5153 2044 5209 ab

2125 4977 2231 5032 bus
2263 4977 2335 5032 ad
2365 4977 2533 5031 tidem
2559 4983 2849 5043 venerant,
2894 4978 3173 5034 elementa
3215 4979 3413 5033 mundi
3462 4977 3752 5046 adorare,

2128 5067 2248 5122 dies
2279 5071 2338 5121 et
2356 5083 2533 5122 annos
2560 5067 2875 5122 observare.

2202 5154 2284 5212 10.
2315 5158 2560 5211 Αδωιξοε.
2602 5158 3056 5225 Trans/crimini.
3079 5155 3206 5212 Non
3233 5153 3390 5221 dicit,
3413 5153 3764 5211 transduci-

440 5247 568 5302 aliis
595 5247 883 5319 apostolis,
907 5249 1008 5300 aut
1034 5243 1105 5298 ab
1127 5242 1381 5310 Anania;
1404 5243 1510 5298 hoc
1540 5242 1802 5316 abnegat,
1832 5249 1898 5298 ut
1927 5260 2045 5298 ma-
2125 5245 2286 5308 mini,
2312 5245 2408 5299 sed
2439 5245 2865 5311 transferimini,
2894 5245 3057 5316 quasi
3087 5244 3374 5299 exanimes
3403 5245 3652 5315 aliquos,
3683 5253 3764 5302 et

430 5337 573 5410 joris
601 5334 954 5394 auctoritatis
991 5334 1067 5388 sit
1106 5333 1256 5404 apud
1295 5348 1410 5400 eos,
1443 5333 1646 5404 quibus
1678 5332 1912 5388 verbum
1934 5333 2036 5388 Dei
2119 5335 2214 5406 qui
2245 5334 2418 5388 animi
2448 5340 2665 5390 motum
2693 5351 2803 5390 non
2823 5333 3087 5390 habeant.

435 5425 795 5498 praedicabat.

2195 5424 2278 5478 11.
2305 5426 2385 5479 Ab
2429 5441 2486 5478 eo
2529 5427 2629 5494 qui
2667 5441 2774 5479 vos.
2809 5423 2886 5480 Ut
2916 5440 3030 5479 non
3071 5421 3396 5480 viderentur
3424 5438 3459 5478 a
3495 5423 3762 5481 Christo

509 5515 560 5573 5.
593 5518 845 5573 Ancus'r.
870 5511 1076 5585 (ibid.).
1100 5511 1294 5568 Gratia
1322 5511 1468 5566 vobis
1497 5515 1545 5565 et
1562 5527 1696 5580 pax.
1721 5511 1918 5567 Gratia
1936 5511 2038 5567 Dei
2119 5518 2343 5570 tantum
2370 5513 2678 5578 discedere,
2710 5511 2916 5585 adjecit
2940 5530 2975 5567 ει
3003 5513 3139 5568 Deo.

436 5609 540 5674 est,
570 5620 682 5676 qua
709 5603 871 5660 nobis
899 5603 1184 5658 donantur
1212 5604 1460 5673 peccata,
1501 5605 1567 5656 ut
1610 5600 2039 5658 reconciliemur
