3936 6178
274 242 347 299 261

858 240 935 293 ΙΝ
972 239 1039 293 Ι).
1082 236 1297 292 PAULI
1337 236 1559 292 EPIST.
1603 235 1803 293 COMM

1911 235 1976 290 T.
2028 266 2073 275 εσυ
2127 232 2328 289 EPlS'I‘
2390 234 2485 287 AD
2525 234 2781 288 GALAT.

3356 231 3460 293 262

272 384 334 431 eo,
356 365 433 438 qui
450 378 533 417 vos
560 362 775 417 vocavit
804 363 861 416 in
883 363 1125 433 gratiam
1159 361 1386 427 Christi,
1420 362 1479 415 in
1506 361 1597 427 12,
1638 360 1720 423 13,
1758 360 1841 414 14.
1889 358 2041 413 aliud
2079 359 2437 428 Evangelium
2463 377 2475 425 ;
2500 358 2647 430 quod
2667 374 2780 412 non
2835 366 2921 412 est
2963 358 3135 424 aliud,
3182 359 3289 414 nisi
3328 363 3462 415 sunt

270 454 418 525 aliqui,
445 453 662 505 dicentes
682 453 845 505 aliud
873 467 977 504 esse
997 452 1379 517 Evangelium,
1411 449 1498 505 15.
1524 450 1621 520 qui
1639 466 1734 504 vos
1760 449 2117 514 conturbant,
2141 451 2220 501 vel
2240 449 2303 500 de
2325 450 2647 501 carnalibus
2662 449 3041 513 observanliis,
3065 465 3182 517 quae
3202 464 3313 503 non
3328 454 3463 505 sunt

267 544 392 599 aliud
408 541 765 609 spiritualiter
796 542 1098 605 intellecta,
1131 542 1189 591 et
1214 539 1414 593 volunt
1438 548 1763 594 convertere
1794 536 2152 608 Evangelium
2173 535 2404 600 Christi,
2440 536 2523 592 16.
2559 535 2667 590 Sed
2695 536 2826 590 licet
2846 552 2966 604 nos,
3010 536 3087 592 17.
3110 542 3211 593 aut
3228 537 3463 609 angelus

270 636 320 697 (si
339 647 404 685 eos
421 630 629 683 dixisset
644 631 885 692 tantum,
919 629 1144 681 invidiae
1171 643 1339 681 causa
1368 629 1644 681 diceretur
1673 614 1887 691 dixisse)
1922 625 1992 679 de
2019 623 2155 680 coelo
2182 623 2523 694 evangelizet
2542 623 2695 677 vobis
2724 629 3097 696 praeterquam
3131 625 3279 697 quod
3301 641 3464 680 evan-

264 717 561 791 gelizavimus
580 715 754 781 vobis,
782 716 1084 769 anathema
1107 716 1199 769 sit.
1244 714 1400 770 Sicut
1427 715 1803 787 praediximus,
1828 718 1885 768 et
1921 730 2071 768 nunc
2107 712 2312 767 iterum
2359 712 2513 765 dico:
2550 712 2607 766 Si
2639 712 2763 783 quis
2807 711 2960 767 vobis
3002 714 3464 784 evangelizaverit

266 812 425 879 praeter
442 804 492 858 id
519 803 669 873 quod
698 803 1011 874 accepistis,
1035 804 1340 858 anathema
1368 804 1460 858 sit.
1494 803 2447 864 Pramittitanathematizalionem,
2470 805 2528 853 ut
2555 801 2781 867 facilius
2811 804 3088 857 credatur.
3132 802 3211 869 18,
3254 802 3335 869 19,
3363 799 3455 860 20.

262 895 388 951 Modo
403 893 539 948 enim
564 892 653 946 21.
684 891 1265 963 hominibus‘suadeo,
1295 910 1368 947 an
1388 894 1539 947 Deo?
1570 894 1657 946 An
1692 905 1880 963 quaero
1904 888 2227 943 hominibus
2256 887 2508 957 placere?
2537 893 2599 941 ut
2624 890 2846 955 pseudo,
2876 895 2976 943 aut
3011 906 3354 959 persequens,
3397 896 3464 946 ut

259 988 383 1055 prius
398 1000 418 1050 ;
433 983 516 1036 sed
546 997 679 1047 non,
712 986 762 1035 et
777 983 961 1036 subdit
979 998 1100 1035 cur.
1123 982 1182 1036 Si
1201 981 1385 1037 adhuc
1399 981 1722 1036 hominibus
1744 981 2044 1049 placerem,
2071 978 2279 1032 Christi
2298 994 2491 1032 servus
2513 993 2627 1030 non
2643 993 2845 1031 essem.
2860 976 2949 1033 22.
2965 979 3173 1033 Notum
3202 978 3350 1033 enim
3365 979 3464 1050 [ad

260 1073 332 1126 hoc
353 1072 475 1140 quod
498 1068 662 1135 dixit,
689 1085 800 1124 non
816 1071 885 1123 ab
904 1070 1244 1140 hominibus)
1269 1069 1421 1125 vobis
1443 1069 1602 1135 facio,
1627 1068 1849 1133 fratres,
1871 1067 2254 1137 Evangelium,
2283 1066 2432 1137 quod
2452 1066 2898 1136 evangelizatum
2916 1071 3003 1121 est
3016 1083 3052 1121 a
3070 1084 3178 1133 me,
3195 1067 3329 1138 quia
3348 1084 3463 1123 non

261 1166 324 1215 est
341 1158 622 1214 secundum
646 1158 950 1224 hominem,
984 1160 1298 1213 humanam
1315 1160 1632 1212 doctrinam
1651 1175 1674 1225 ;
1705 1156 1794 1213 23.
1820 1172 2004 1227 neque
2034 1156 2183 1210 enim
2194 1172 2297 1225 ego
2313 1153 2384 1209 ab
2401 1154 2629 1209 homine
2639 1157 2801 1223 quasi
2816 1158 3085 1224 scriptum
3096 1156 3283 1227 accepi
3296 1156 3458 1223 illud,

258 1264 401 1320 neque
424 1246 604 1311 didici,
632 1246 733 1301 sed
761 1262 863 1317 per
886 1246 1285 1317 revelationem
1312 1245 1446 1301 Iesu
1476 1244 1705 1301 Christi.
1748 1243 1837 1312 2'4,
1887 1243 1976 1300 25.
2018 1242 2268 1297 Audistis
2318 1242 2470 1297 enim
2525 1242 3006 1297 conversationem
3062 1250 3226 1309 Ιωι
3275 1260 3464 1299 meam

258 1336 505 1408 aliquando
536 1336 595 1390 in
618 1335 922 1405 judaismo,
956 1335 1223 1406 quoniam
1255 1350 1429 1404 supra
1458 1333 1687 1389 modum
1708 1332 2087 1405 persequebar
2117 1331 2421 1386 Ecclesiam
2442 1331 2561 1389 Dei.
2579 1336 2638 1385 et
2659 1331 3047 1402 expugnabam
3064 1328 3242 1397 illam,
3261 1337 3317 1386 et
3335 1348 3464 1404 pro-

257 1424 460 1480 ﬁciebam
479 1423 838 1494 injudaismo
858 1422 947 1491 26,
962 1440 1135 1495 supra
1165 1423 1371 1478 multos
1399 1427 1712 1477 coaetaneos
1741 1438 1914 1485 meos,
1944 1422 2130 1474 eadem
2157 1420 2396 1486 zlate,in
2407 1434 2615 1488 genere
2641 1422 3140 1489 meo,Judzorum,
3163 1418 3460 1475 abundan-

254 1516 356 1581 tius,
380 1512 459 1570 ‘27.
488 1514 787 1568 emulator
818 1513 1058 1567 existens
1085 1508 1451 1584 paternarum
1480 1528 1734 1567 mearum
1763 1507 2262 1574 traditionum.28,
2295 1507 2383 1564 29.
2409 1508 2551 1563 Cum
2589 1514 2780 1563 autem
2811 1509 3020 1579 placuit
3046 1509 3098 1563 ei
3128 1509 3225 1580 qui
3256 1526 3346 1564 me
3374 1525 3466 1565 se-

255 1602 463 1674 gregavit
484 1618 549 1655 ex
583 1607 743 1656 utero
765 1602 961 1655 matris
987 1618 1146 1666 meas,
1170 1604 1241 1656 ab
1262 1600 1606 1669 inﬁdelitate,
1641 1616 1947 1668 synagogas,
1988 1601 2071 1651 uel
2112 1601 2336 1652 carnali
2383 1600 2692 1665 parentela,
2733 1603 2792 1651 et
2825 1598 3040 1653 vocavit
3086 1615 3186 1668 per
3219 1599 3467 1669 gratiam

252 1708 393 1758 suam,
421 1696 481 1745 ut
505 1680 785 1745 revelaret
808 1690 1011 1745 Filium
1042 1707 1206 1745 suum
1234 1689 1292 1744 in
1324 1706 1433 1754 me,
1468 1694 1530 1743 ut
1551 1688 1990 1759 evangelizarem
2010 1686 2169 1741 illum
2206 1685 2266 1739 in
2307 1685 2592 1757 gentibus,
2623 1686 2887 1742 continuo
2935 1685 3024 1743 30.
3063 1704 3177 1742 non
3212 1685 3467 1759 acquievi

254 1781 373 1834 anni
389 1786 439 1834 et
462 1779 742 1849 sanguini,
774 1782 857 1833 vel
872 1781 1198 1847 parentibus
1228 1781 1382 1844 meis,
1407 1794 1592 1848 neque
1610 1778 1737 1832 veni
1764 1775 2210 1846 Hierosolymam
2242 1774 2310 1827 ad
2333 1779 2713 1828 antecessores
2736 1790 2889 1829 meos
2908 1775 3206 1845 apostolos,
3232 1775 3330 1829 sed
3349 1774 3463 1829 abii

252 1869 296 1924 in
314 1868 574 1935 Arabiam,
602 1873 660 1922 et
680 1868 889 1923 iterum
917 1884 1173 1923 reversus
1191 1883 1317 1923 sum
1342 1867 1704 1921 Damascum.
1733 1863 1948 1920 Deinde
1978 1867 2105 1935 post
2133 1879 2312 1917 annos
2341 1867 2457 1917 tres
2490 1863 2612 1918 veni
2641 1862 3091 1934 Hierosolymam
3126 1863 3319 1919 videre
3361 1863 3463 1918 Pe-

1536 2067 2132 2130 COMMENTARIUS.

304 2243 373 2302 12.
398 2245 604 2307 ΒΑΜ-Ἤ.
636 2248 705 2303 In
723 2248 889 2303 aliud
918 2247 1302 2318 Evangelium.
1329 2249 1862 2323 Evangelium'estA
1882 2265 2003 2305 esse
2030 2247 2381 2321 participem,
2415 2247 2900 2320 velpersuasorem
2914 2248 3367 2318 circumcisionis,
3408 2256 3475 2308 ut

244 2330 361 2387 bona
375 2335 752 2405 annuntiatio;
786 2336 1104 2407 praedicatio
1129 2355 1265 2409 ergo
1287 2338 1513 2394 illorum
1534 2355 1648 2395 non
1677 2343 1802 2393 erat

226 2418 595 2493 ‘Evangelium,
619 2426 752 2496 quia
788 2424 936 2480 bona
951 2427 1307 2483 annuntiatio
1336 2445 1450 2483 non
1461 2429 1801 2484 erat.Potest

244 2510 380 2565 etiam
400 2512 637 2584 intelligi
658 2514 811 2569 aliud
848 2514 1229 2584 Evangelium,
1272 2516 1584 2572 observatio
1617 2516 1801 2587 judai-

241 2612 300 2652 ae
321 2599 463 2671 legis,
494 2619 622 2673 qua:
649 2601 720 2657 ab
748 2603 1048 2673 Evangelia
1087 2604 1296 2660 Christi
1343 2623 1455 2660 non
1492 2606 1792 2671 discordat,

239 2686 275 2738 si
297 2687 652 2757 Spiritualiter
673 2690 1023 2762 intelligatur
1045 2709 1060 2759 ;
1082 2691 1188 2746 hoc
1218 2698 1304 2747 est
1332 2693 1483 2748 enim
1516 2694 1665 2765 quod
1692 2693 1791 2747 ait:

239 2775 336 2829 Non
354 2780 455 2832 sint
478 2782 685 2847 aliqui,
718 2779 776 2833 id
807 2786 909 2846 est,
941 2797 1054 2835 non
1083 2781 1289 2837 desunt
1310 2781 1391 2837 illi
1432 2782 1529 2854 qui
1566 2782 1799 2837 ramali-

238 2873 311 2917 ter
332 2871 381 2919 et
403 2882 663 2937 perverse
685 2885 809 2923 eam
835 2868 1174 2940 intelligunt.

298 2952 368 3009 13.
396 2957 566 3010 Aliud
587 2958 969 3025 Evangelium.
999 2958 1360 3029 Evangelium
1391 2976 1503 3013 non
1523 2964 1609 3014 est
1623 2959 1801 3014 diver-

236 3057 336 3095 sum
360 3044 461 3098 nisi
490 3045 583 3098 his
608 3045 704 3115 qui
734 3046 1105 3117 spiritualiter
1122 3046 1435 3119 intelligere
1464 3048 1683 3102 nolunt.
1698 3047 1800 3102 Vel

238 3129 349 3184 Illud
374 3148 479 3186 non
494 3142 587 3188 est
599 3135 981 3205 Evangelium,
1004 3136 1113 3190 nisi
1131 3135 1244 3191 illis
1257 3138 1350 3208 qui
1372 3152 1468 3191 vos
1489 3136 1797 3209 decipiunt,

235 3218 371 3273 etilli
389 3220 529 3275 tales
556 3222 1189 3279 anathematizarentur.
1222 3225 1291 3279 Et
1334 3226 1441 3281 hoc
1487 3242 1601 3281 non
1642 3225 1795 3293 dicit,

235 3306 314 3360 sed
337 3314 397 3361 ut
418 3316 739 3381 exaggeret,
771 3313 1020 3384 apponit.

294 3395 362 3452 t4.
391 3400 643 3454 Acacs'r.
678 3402 881 3469 (ibid.).
912 3404 980 3457 In
1005 3405 1168 3458 aliud
1202 3405 1585 3473 Evangelium.
1620 3401 1802 3459 Evan-

232 3480 409 3552 gelidm
446 3489 494 3541 si
521 3495 617 3543 est
653 3489 803 3543 aliud
835 3496 1039 3561 praeter
1058 3492 1116 3545 id
1146 3493 1293 3563 quod
1324 3492 1438 3546 sive
1460 3509 1563 3563 per
1582 3510 1663 3560 se,
1688 3492 1803 3547 sive

1880 2338 2353 2410 pseudoapostoli.
2396 2337 2499 2392 Vel
2546 2338 2672 2392 ideo
2703 2337 3133 2406 anathematizo,
3178 2340 3312 2411 quia
3357 2356 3472 2397 non

1881 2426 2108 2491 suadeo,
2156 2431 2222 2479 ut
2256 2424 2580 2480 hominibus
2619 2425 2782 2479 velim
2820 2425 3076 2496 placere:
3128 2433 3186 2482 et
3229 2428 3333 2484 hoc
3368 2428 3474 2486 sub

1881 2513 2324 2585 interrogatione
2346 2514 2460 2569 ita:
2492 2515 2580 2568 An
2599 2530 2782 2583 quaero
2810 2515 3129 2570 hominibus
3154 2520 3406 2585 placere?

1951 2601 2040 2659 22.
2074 2605 2277 2658 Notum
2308 2605 2457 2656 enim
2483 2603 2645 2656 vobis.
2677 2600 2765 2655 Ad
2806 2601 2913 2657 hoc
2955 2605 3276 2676 respondet,
3326 2606 3476 2678 quod

1878 2691 2138 2762 superius
2168 2691 2308 2746 dixit
2345 2709 2356 2744 :
2389 2693 2515 2745 Non
2557 2692 2627 2746 ab
2674 2692 3014 2760 hominibus,
3052 2710 3223 2763 neque
3259 2711 3359 2765 per
3385 2696 3477 2751 ho-

1878 2794 1955 2831 m2
1964 2795 2108 2833 nem.

1950 2864 2039 2923 23.
2084 2870 2266 2936 Neque
2302 2871 2453 2921 enim
2495 2884 2607 2935 ego.
2648 2868 2822 2933 Quasi
2871 2867 3109 2923 diceret:
3156 2869 3338 2925 Homo
3383 2886 3478 2927 me

1880 2971 1993 3009 non
2013 2955 2219 3021 docuit,
2254 2955 2387 3027 quia
2415 2973 2522 3026 ego
2551 2973 2665 3011 non
2692 2956 2862 3011 didici
2887 2956 2957 3010 ab
2986 2957 3230 3012 homine.

1950 3042 2040 3100 24.
2068 3046 2317 3099 Audistis
2348 3047 2518 3099 enim.
2553 3045 2792 3116 Exponit
2827 3045 3068 3116 qualiter
3113 3046 3477 3119 Evangelium

1880 3132 2158 3203 acceperit
2184 3149 2286 3204 per
2308 3133 2706 3188 revelationem
2733 3135 2866 3189 Jesu
2894 3134 3121 3189 Christi.

1949 3219 2039 3276 25.
2062 3223 2319 3277 AMBROS.
2353 3225 2598 3278 Audistis
2629 3226 2798 3277 enim.
2829 3223 3076 3278 Dicendo
3101 3223 3171 3278 de
3189 3223 3315 3296 lege
3335 3241 3479 3297 qua-

1883 3310 2013 3364 liter
2040 3310 2428 3376 desudaverat,
2454 3312 2699 3366 ostendit
2722 3312 2987 3383 quoniam
3001 3312 3182 3383 legem
3201 3329 3314 3368 non
3327 3330 3481 3385 spre-

1884 3399 1979 3464 vit,
2009 3400 2105 3454 sed
2136 3400 2285 3471 quod
2317 3399 2516 3454 melius
2538 3406 2626 3454 est
2661 3401 2921 3472 cognovit
2950 3405 3008 3456 et
3038 3401 3226 3472 elegit.

1954 3484 2043 3543 26.
2094 3488 2283 3557 Supra
2322 3493 2541 3543 multos.
2582 3490 2731 3544 Bene
2768 3495 3098 3545 coaetaneos.
3141 3491 3263 3546 Hoc
3329 3491 3483 3548 enim

232 3575 460 3643 peralios
484 3577 763 3632 Dominus
786 3579 959 3647 dedit,
986 3581 1108 3650 jam
1136 3598 1239 3635 nec
1258 3587 1408 3637 recte
1438 3581 1803 3652 Evangelium
1820 3567 1866 3626 B
1887 3577 2069 3646 majus
2094 3577 2140 3631 si
2165 3577 2464 3648 juvenibus
2496 3577 2881 3633 vehementior
2916 3578 3232 3635 videbatur.

232 3661 320 3716 dici
334 3672 532 3735 potest,

286 3752 363 3808 15.
390 3756 643 3811 Anausr.
675 3757 877 3823 (ibid.).
911 3759 1019 3827 Qui
1040 3776 1128 3813 vos
1155 3760 1515 3815 conturbant.
1549 3759 1689 3814 Cum
1722 3759 1803 3814 di-

234 3839 375 3896 xisset
412 3844 760 3900 conturbant
797 3861 920 3915 vos,
962 3864 1075 3902 non
1116 3847 1290 3904 dixit:
1341 3853 1399 3903 et
1432 3853 1801 3917 convertunt;

232 3929 312 3983 sed
328 3931 512 3987 volunt
537 3936 871 3989 convertere
898 3933 1269 4007 Evangelium
1294 3954 1305 3990 :
1338 3936 1436 3992 sed
1476 3943 1671 3992 manet
1704 3937 1807 3992 ﬁr-

231 4018 536 4091 missimum,
560 4029 760 4078 etnon
789 4038 1144 4080 conversum.

292 4108 367 4164 16.
395 4114 651 4167 Annos.
684 4114 787 4168 Sed
813 4115 943 4168 licet
962 4130 1078 4169 nos.
1111 4115 1372 4169 Ostendit
1407 4114 1556 4187 quod
1596 4131 1709 4170 non
1746 4131 1808 4170 se

232 4193 322 4250 illis
345 4207 672 4272 preponat;
702 4202 800 4256 sed
827 4206 893 4256 ut
921 4203 1211 4257 veritatem
1241 4203 1504 4258 vindicat.

294 4285 365 4341 17.
398 4289 511 4345 Aut
549 4294 806 4358 angelus.
860 4290 978 4345 Hoc
1014 4292 1237 4362 adjecit,
1282 4292 1431 4364 quod
1474 4308 1656 4364 neque
1702 4291 1809 4347 loci

234 4374 467 4446 dignitas,
502 4394 694 4450 neque
731 4392 985 4450 personae
1016 4380 1239 4435 veritati
1273 4388 1682 4452 exaequaretur.

288 4465 369 4520 48.
399 4467 553 4521 Μοάο
583 4470 758 4521 enim.
791 4468 911 4523 Hoc
935 4468 1089 4533 dicit,
1121 4474 1187 4524 ut
1223 4470 1546 4525 ostenderet
1592 4488 1670 4539 se,
1716 4471 1811 4543 qui

228 4552 574 4622 proveritate
618 4555 948 4626 hujusmodi
979 4556 1148 4611 verba
1197 4558 1561 4630 deprompsit,
1603 4558 1813 4613 nullius

230 4645 476 4698 momenti
503 4659 604 4698 eos
627 4644 724 4715 qui
754 4644 862 4699 sibi
891 4644 1301 4716 derogaverant
1325 4645 1667 4703 existimans.

1956 3663 2047 3721 27.
2073 3668 2326 3721 AUGUST.
2361 3668 2568 3737 (ibid).
2609 3669 2921 3722 Ai‘mulalor
2975 3671 3227 3737 existens,
3271 3668 3331 3724 id
3374 3674 3479 3736 est,

1887 3753 2140 3809 imitator
2151 3752 2542 3823 traditionum,
2562 3773 2685 3828 quae
2709 3761 2872 3811 erant
2880 3756 3175 3812 contrariae
3189 3757 3449 3813 Ecclesiae
3460 3800 3477 3817 .

1888 3842 2001 3896 Lex
2031 3843 2177 3897 enim
2210 3843 2523 3914 spiritualis
2552 3850 2637 3899 est
2661 3863 2674 3913 ;
2709 3846 2889 3900 multa
2915 3851 3106 3900 autem
3133 3847 3488 3902 tradiderant

1889 3931 2257 3987 dissolventes
2288 3934 2556 3988 mandata
2584 3933 2686 3988 Dei
2718 3940 2949 4005 propter
2965 3935 3299 3991 traditiones
3328 3952 3482 3992 suas.

1958 4021 2048 4079 28.
2083 4023 2293 4077 LANFR.
2328 4023 2466 4078 Cum
2494 4029 2682 4078 autem
2698 4026 2934 4093 placuit.
2972 4025 3178 4079 Probat
3210 4025 3346 4095 quia
3372 4041 3487 4081 non

1888 4111 2103 4183 accepit
2138 4111 2499 4183 Evangelium
2544 4110 2615 4165 ab
2666 4112 2926 4179 homine;
2975 4129 3107 4167 nam
3144 4129 3327 4183 neque
3362 4119 3492 4186 post

1888 4200 2328 4267 conversionem,
2353 4217 2457 4255 nec
2484 4206 2616 4255 ante
2643 4200 3081 4255 conversionem.
3098 4203 3244 4255 Ante
3263 4218 3490 4257 conver-

1890 4289 2105 4343 sionem
2135 4305 2248 4343 non
2269 4290 2455 4360 accepi
2485 4289 2556 4343 ab
2596 4289 2840 4353 homine,
2898 4289 3032 4361 quia
3084 4289 3491 4362 impugnabam

1891 4377 2031 4432 illud
2061 4377 2211 4449 quod
2232 4377 2486 4432 audistis.
2510 4378 2646 4432 Post
2676 4378 3096 4434 conversionem
3124 4396 3239 4435 non
3279 4381 3488 4453 accepi,

1896 4467 2029 4538 quia
2052 4482 2236 4538 neque
2263 4466 2473 4535 statim,
2503 4467 2650 4539 quod
2676 4472 2788 4536 est;
2819 4484 2933 4523 non
2960 4471 3228 4537 acquievi,
3260 4485 3365 4537 nec
3371 4475 3495 4540 post

1898 4562 2005 4611 tres
2033 4572 2229 4623 annos,
2254 4572 2358 4610 nec
2381 4562 2507 4628 post
2534 4558 2985 4626 qualuordecim;
3010 4563 3139 4630 post
3164 4558 3318 4614 aliud
3354 4562 3497 4616 tem-

1895 4661 2000 4717 pus
2029 4649 2269 4700 constat;
2302 4644 2573 4701 Removet
2600 4643 2726 4701 illas
2753 4650 2944 4719 partes
2968 4646 3039 4701 de
3060 4647 3263 4719 quibus
3307 4649 3495 4722 suspi-

288 4727 367 4787 19.
396 4732 658 4788 Αοαυετ.
697 4734 899 4805 (ibid).
919 4736 1074 4789 Modo
1089 4738 1241 4789 enim
1262 4736 1803 4792 hominibus.Sensus

1911 4734 2149 4790 :abatur.

227 4816 317 4873 iste
339 4828 454 4876 est:
490 4820 836 4877 Hominibus
865 4824 1093 4890 suadeo,
1129 4830 1187 4878 et
1207 4838 1320 4878 non
1349 4824 1482 4881 Deo.
1515 4825 1631 4881 Deo
1660 4826 1811 4881 enim

1966 4823 2053 4880 29.
2086 4825 2331 4881 Aueus'r.
2361 4826 2562 4896 (ibid).
2590 4824 2727 4880 Cum
2749 4830 2935 4881 autem
2959 4828 3196 4895 placuit.
3227 4828 3497 4901 Segrega-

228 4908 553 4966 manifestati
575 4927 790 4981 sumus,
814 4918 872 4967 et
894 4913 1027 4984 quia
1049 4913 1368 4969 hominibus
1389 4914 1814 4986 suadeo,quaero
1834 4890 1877 4951 ο
1898 4915 1990 4967 tus
2015 4913 2083 4968 de
2106 4917 2267 4968 utero
2310 4890 2533 4967 matris.
2556 4914 2968 4985 quodammodo
3010 4916 3262 4989 quisquis
3297 4890 3333 4972 5
3377 4890 3497 4974 car-

230 4995 535 5055 bominibus
568 5001 827 5073 placere?
852 5002 901 5056 si
930 5001 1251 5057 hominibus
1278 4996 1579 5074 placerem,
1610 5003 1667 5058 id
1710 5008 1814 5071 est,

230 5085 429 5155 placere
460 5106 805 5161 qumrercm,
831 5090 1041 5146 Christi
1072 5106 1265 5146 servus
1292 5106 1405 5146 non
1435 5107 1635 5147 essem.

286 5174 370 5232 20.
402 5178 621 5233 Lam.
652 5180 807 5235 Hodo
827 5182 978 5234 enim
1010 5180 1348 5235 hominibus.
1367 5179 1539 5244 Quasi
1568 5179 1810 5237 diceret:

230 5260 337 5319 Non
363 5266 658 5321 adulando
686 5268 904 5340 loquor,
932 5273 998 5322 ut
1024 5269 1276 5341 placeam
1308 5268 1483 5336 vobis,
1522 5269 1620 5325 sed
1640 5269 1818 5326 incre-

231 5354 395 5419 pando
422 5356 717 5411 levitatem
747 5361 1010 5425 vestram,
1042 5364 1106 5413 ut
1130 5358 1380 5430 placeam
1400 5356 1541 5414 Deo.

1900 5002 2117 5058 nalium
2167 5007 2469 5074 parentum
2521 5003 2928 5059 consuetudine
2975 5021 3121 5061 caeca
3176 5011 3491 5080 separatur.

1899 5091 2218 5164 Acquiescit
2240 5096 2428 5147 autem
2457 5092 2613 5147 carni
2652 5097 2709 5147 et
2735 5093 2997 5164 sanguini
3028 5095 3281 5167 quisquis
3304 5090 3499 5151 carna-

1900 5178 2046 5236 libus
2076 5179 2403 5254 propinquis
2432 5181 2736 5238 carnaliter
2758 5182 3123 5239 suadentibus
3154 5183 3488 5245 assentitur.

1978 5268 2066 5327 30.
2098 5272 2344 5325 AMBROS.
2382 5272 2503 5326 Non
2531 5275 2800 5341 acquievi.
2831 5272 2957 5326 Non
2985 5272 3119 5325 dicit
3145 5272 3446 5343 Apostolus
3477 5291 3492 5329 :

1904 5359 2002 5415 sed
2024 5376 2207 5432 neque
2236 5358 2580 5428 hominibus,
2612 5358 2746 5415 sed:
2780 5360 2934 5417 carni
2989 5365 3045 5414 et
3086 5361 3386 5431 sanguini;
3440 5366 3497 5417 et

289 5442 375 5499 21.
399 5446 743 5500 Hominibus
762 5447 963 5500 suadeo
988 5463 1065 5501 an
1089 5447 1234 5531 Deo?
1254 5446 1483 5503 Diceret
1510 5447 1634 5520 quis
1660 5466 1671 5503 :
1708 5449 1824 5504 Cur
1904 5448 2074 5504 dixit:
2114 5449 2303 5506 statim
2332 5466 2446 5507 non
2471 5448 2699 5524 exposui
2723 5467 2737 5518 ;
2786 5447 3043 5521 exposuit
3099 5449 3252 5507 enim
3304 5454 3501 5527 postea

236 5528 303 5587 ita
319 5534 774 5592 anathematizas
792 5534 985 5607 tldeo,
1009 5528 1210 5611 inquit,
1232 5542 1297 5594 ut
1310 5537 1580 5596 suadeam
1600 5552 1690 5595 me
1709 5552 1823 5595 non
1904 5536 2037 5598 illis.
