4040 6186
471 245 575 305 263
1454 244 1513 298 Β.
1557 242 1974 298 LANFRANCI
2013 244 2062 298 C.

2157 243 2370 300 TUAR.
2414 243 2754 303 ARCHIEP.
3627 243 3724 302 264

463 376 638 435 trum,
668 385 783 424 non
810 384 976 424 causa
995 367 1262 432 discendi,
1284 369 1374 421 sed
1399 374 1622 421 tantum
1643 370 1887 434 videndi,
1919 372 1976 422 et
2002 369 2183 424 mansi
2214 369 2365 440 apud
2393 385 2524 424 eum
2553 367 2751 423 diebus
2781 367 3102 440 quindecim
3127 372 3368 434 tantum,
3395 357 3596 438 quibus
3617 385 3727 424 non

466 461 652 515 videor
677 475 821 528 posse
852 459 1104 511 didicisse
1126 475 1142 520 ;
1166 456 1340 510 alium
1370 463 1560 510 autem
1582 456 1963 527 apostolorum
1995 457 2106 512 vidi
2139 463 2270 514 tunc
2291 460 2594 525 neminem,
2630 459 2739 514 nisi
2769 459 3040 514 Jacobum
3067 459 3300 514 fratrem
3327 458 3570 514 Domini.
3597 461 3728 524 Quae

471 553 660 604 autem
689 545 869 602 scribo
899 545 1070 610 vobis,
1111 544 1198 602 31.
1232 560 1357 600 ecce
1385 562 1573 599 coram
1604 545 1738 610 Deo,
1771 551 1893 599 teste
1921 547 2048 615 Deo,
2070 547 2201 618 quia
2224 564 2337 603 non
2363 548 2624 603 mentior.
2658 547 2870 603 Deinde
2890 546 3014 602 veni
3053 547 3112 602 in
3139 552 3328 620 partes
3354 546 3530 618 Syriae
3559 553 3617 603 et
3639 549 3730 604 Ci'

465 637 624 692 liciae.
662 635 749 692 32.
783 636 948 689 Eram
981 639 1172 689 autem
1201 634 1425 706 ignotus
1448 634 1588 688 facie
1618 634 1875 689 Ecclesiis
1895 634 2120 701 Iudaeae,
2145 652 2266 707 quae
2299 641 2464 691 erant
2495 636 2554 690 in
2585 635 2841 702 Christo;
2879 640 3100 690 tantum
3125 640 3315 690 autem
3345 635 3601 690 auditum
3629 637 3730 691 ha-

466 724 699 790 bebant,
729 723 994 794 quoniam
1015 729 1127 791 (ego
1163 722 1390 792 Paulus)
1418 722 1512 794 qui
1548 721 1990 794 persequebatur
2016 739 2118 777 nos
2143 724 2467 796 aliquando,
2499 741 2649 781 nunc
2675 724 3020 796 evangelizat
3065 724 3236 779 fidem
3288 725 3514 791 Christi,
3564 741 3729 796 quam

467 814 776 886 aliquando
806 811 1194 884 expugnabat;
1227 817 1285 866 et
1310 811 1370 866 in
1402 828 1491 866 me
1522 811 1908 867 clariﬁcabant
1934 814 2135 868 Deum.

1925 928 2159 984 CAPUT
2196 925 2272 982 II.

535 1033 752 1091 Deinde
779 1037 909 1104 post
936 1048 1113 1087 annos
1137 1031 1562 1103 quatuordecim
1587 1032 1795 1087 iterum
1828 1030 1874 1088 1.
1908 1034 2132 1088 escendi
2147 1031 2594 1105 Hierosolymam
2608 1049 2734 1088 cum
2757 1031 3037 1100 Barnaba,
3066 1035 3180 1100 (sed
3197 1049 3368 1103 neque
3385 1037 3518 1089 tunc
3530 1036 3727 1105 accepi)

463 1129 754 1198 assumpto
776 1127 834 1178 et
859 1121 1006 1176 Tito.
1028 1120 1267 1175 Ascendi
1308 1126 1350 1186 ι
1365 1127 1489 1187 ειη
1519 1127 1708 1176 autem
1729 1123 2038 1178 secundum
2065 1122 2484 1189 revelationem,
2507 1126 2640 1177 etut
2659 1125 2877 1188 scirem,
2898 1125 2949 1177 si
2955 1124 3023 1177 ab
3044 1125 3120 1176 eis
3132 1125 3196 1176 in
3218 1124 3512 1192 Evangelia
3534 1124 3734 1179 discre-

456 1231 672 1286 parem,
699 1212 912 1268 contuli
938 1228 1066 1267 cum
1095 1212 1206 1266 illis
1243 1212 1624 1282 Evangelium,
1659 1214 1808 1284 quod
1829 1212 2068 1285 praedico
2092 1211 2152 1265 in
2180 1210 2461 1282 gentibus,
2495 1210 2550 1267 2.
2581 1227 2834 1266 seorsum
2865 1211 3068 1278 tantem
3111 1214 3324 1266 contuli
3363 1211 3727 1279 Evangelium

464 1322 593 1360 cum
622 1305 713 1368 iis,
746 1304 840 1376 qui
861 1304 914 1358 3.
951 1301 1286 1357 videbantur
1305 1303 1518 1374 aliquid
1549 1319 1704 1358 esse:
1732 1302 1786 1369 4,
1835 1305 1886 1359 5.
1928 1319 2000 1357 ne
2037 1302 2184 1356 forte
2244 1301 2304 1355 in
2351 1303 2587 1354 vacuum
2641 1315 2944 1363 currerem,
2993 1303 3094 1354 aut
3146 1299 3537 1365 cucurrissem,
3590 1300 3736 1369 quod

465 1400 615 1460 esset,
655 1398 705 1447 si
733 1394 895 1447 aliud
915 1407 1086 1460 quam
1115 1395 1206 1445 illi
1228 1392 1624 1459 praedicassem.
1659 1390 1710 1446 6.
1745 1391 1854 1447 Sed
1891 1406 2074 1460 neque
2104 1388 2154 1445 7.
2208 1389 2388 1454 Titus,
2439 1387 2534 1459 qui
2564 1403 2783 1442 mecum
2828 1393 2969 1455 erat,
3012 1403 3140 1442 cum
3197 1392 3344 1442 esset
3387 1387 3616 1458 gentilis
3666 1389 3738 1442 ab

463 1483 740 1550 apostolis,
771 1479 1093 1550 compulsus
1117 1485 1202 1533 est
1229 1478 1571 1545 circumcidi,
1615 1497 1726 1534 non
1785 1481 1882 1534 hoc
1908 1496 1972 1534 em
2007 1480 2359 1547 arrogantia,
2397 1477 2494 1532 sed
2542 1481 2774 1548 propter
2818 1475 3272 1533 subintroductos
3306 1476 3476 1532 falsos
3509 1476 3736 1556 fratres,

466 1570 564 1642 qui
591 1569 1039 1625 subintroierunt
1064 1568 1354 1639 explorare
1385 1567 1701 1622 libertatem
1746 1572 2018 1633 nostram,
2083 1569 2316 1621 liberam
2353 1567 2803 1636 praedicationem
2841 1573 3110 1632 nostram,
3157 1581 3328 1638 quam
3368 1565 3642 1621 habemus
3676 1565 3740 1621 in

463 1659 686 1713 Christo
715 1659 868 1724 Jesu,
899 1657 957 1710 8.
986 1661 1052 1711 ut
1079 1673 1182 1711 nos
1207 1658 1265 1710 in
1308 1657 1638 1711 servitutem
1684 1657 2025 1728 redigerent.
2076 1656 2289 1721 Quibus
2329 1672 2513 1727 neque
2547 1656 2620 1710 ad
2652 1655 2849 1711 horam
2894 1657 3166 1712 cessimus
3210 1655 3576 1728 subjectione,
3623 1671 3739 1710 non

464 1753 816 1817 arroganter,
849 1748 939 1801 sed
962 1751 1027 1801 ut
1053 1744 1106 1813 9,
1139 1743 1222 1803 10.
1255 1746 1462 1801 veritas
1491 1746 1777 1819 Evangelii
1805 1751 2135 1819 permaneat
2171 1745 2321 1816 apud
2345 1763 2462 1801 vos.
2508 1746 2597 1814 11,
2635 1746 2726 1804 1‘2.
2756 1745 2861 1814 Ab,
2901 1749 2986 1802 vel
3021 1748 3104 1814 de,
3150 1746 3220 1802 iis
3266 1752 3476 1814 autem,
3525 1744 3605 1804 13.
3641 1745 3741 1818 qni

1809 1862 2404 1920 COMMENTARIUS.

537 1969 626 2024 31-
649 1971 896 2026 AUGUST.
937 1971 1138 2039 (ibid),
1187 1971 1316 2025 Ecce
1367 1987 1553 2026 coram
1591 1972 1714 2024 Deo.
1745 1946 1908 2024 J'urat
1950 1970 2282 2030 ita-Aclam
2311 1969 2788 2026 conversabantur
2814 1969 2964 2024 inter
2994 1970 3205 2036 ﬁdeles,
3260 1975 3325 2024 ut
3371 1969 3743 2040 explorarent

465 2077 593 2132 que.
626 2061 841 2114 Juratio
864 2077 985 2131 quae
1017 2077 1050 2114 a
1078 2061 1226 2115 malo
1252 2067 1356 2128 est,
1414 2077 1526 2116 non
1557 2061 1800 2131 jurantis
1829 2062 1927 2116 sed
1980 2061 2064 2115 in-

463 2149 810 2203 credulitatis
831 2151 953 2220 ejus
979 2166 1104 2220 quae
1130 2151 1324 2219 jurare
1353 2151 1522 2220 cogit.
1561 2151 1704 2204 Nam
1731 2150 1812 2204 ita
1853 2151 2062 2204 intelli-

461 2237 616 2309 gitur
638 2238 940 2292 Dominum
965 2238 1347 2309 prohibuissse
1368 2256 1402 2293 a
1415 2239 1766 2310 jurando,ut,
1787 2244 2063 2309 quantum

467 2327 529 2381 in
557 2327 680 2397 ipso
711 2332 815 2392 est,
849 2327 1084 2398 quisque
1104 2343 1215 2381 non
1235 2329 1410 2398 juret.
1434 2327 1593 2392 Quod
1641 2327 1854 2382 faciunt
1900 2328 2063 2383 multi

465 2415 738 2471 habentes
762 2416 820 2469 in
848 2432 944 2470 ore
969 2416 1314 2488 jurationem
1344 2421 1616 2488 tanquam
1666 2432 1934 2488 magnum
1963 2421 2064 2472 aut

467 2521 637 2560 suave
665 2505 899 2576 aliquid.

538 2593 626 2652 32.
657 2594 874 2651 LANFR.
900 2595 1071 2649 Eram
1119 2600 1305 2650 autem
1327 2597 1566 2664 ignotus.
1599 2594 1684 2650 Ab
1707 2595 1787 2649 eis
1805 2609 1919 2649 non
1969 2609 2065 2648 ac-

465 2683 606 2755 cepi,
640 2683 772 2755 quia
802 2698 931 2737 cum
959 2689 1182 2738 constet
1211 2700 1300 2738 me
1321 2685 1440 2754 jam
1491 2684 1839 2756 praedicasse,
1911 2699 2066 2737 eram

464 2770 577 2826 illis
605 2772 830 2842 ignotus
859 2772 1020 2836 facie,
1050 2773 1182 2842 quia
1207 2788 1364 2826 eram
1401 2779 1622 2828 tantum
1649 2778 1816 2828 notus
1843 2771 2063 2828 auditu.

536 2861 689 2916 CAP.
717 2862 789 2915 II.
840 2892 906 2903 —
969 2861 1016 2918 1.
1063 2861 1276 2918 LANFR.
1328 2865 1561 2917 Ascendi
1600 2864 2059 2930 Hierosolymam.

463 2949 732 3005 Ascendit
747 2950 995 3021 quidem,
1013 2966 1125 3005 non
1136 2956 1201 3005 ut
1215 2950 1593 3019 disceret;imo
1615 2951 1746 3022 quia
1759 2950 2064 3022 putabatur

465 3037 831 3110 Evangelium
857 3056 1022 3094 suum
1053 3039 1123 3094 ab
1144 3041 1412 3112 apostolis
1440 3040 1701 3108 divisum,
1717 3045 1945 3112 propter
1960 3039 2066 3094 hoc

465 3128 598 3200 quia
623 3143 735 3183 non
759 3129 866 3184 fuit
893 3145 1018 3184 cum
1050 3130 1266 3185 caeteris
1308 3130 1538 3196 electus,
1593 3147 1695 3184 nec
1732 3129 1990 3184 audierat
2027 3145 2061 3182 a

463 3217 706 3272 Christo.
734 3218 866 3272 Ideo
895 3217 1030 3272 dicit
1049 3235 1108 3272 se
1137 3218 1326 3273 divina
1367 3219 1708 3273 revelatione
1732 3217 1968 3284 venisse,
1999 3223 2064 3271 ut

2142 2057 2460 2112 libertatem
2491 2074 2708 2123 eorum,
2743 2075 2850 2129 qua
2873 2058 3354 2113 circumcisionem
3382 2063 3439 2112 et
3458 2055 3595 2112 alias
3617 2073 3740 2111 car-

2144 2147 2300 2201 nales
2325 2145 2712 2202 observantias
2734 2164 2846 2202 non
2869 2147 3162 2203 curabant.
3207 2147 3292 2202 Ad
3334 2147 3440 2202 hoc
3481 2145 3740 2217 explora-

2143 2234 2303 2302 bant,
2337 2241 2400 2290 ut
2429 2253 2554 2291 eam
2574 2235 2893 2292 libertatem
2921 2253 3050 2292 cum
3078 2236 3269 2308 aliqua
3293 2235 3597 2291 calliditate
3637 2235 3741 2290 de-

2143 2330 2431 2380 struerent
2460 2330 2518 2380 et
2545 2325 2753 2397 legales
2782 2325 3167 2380 observantiae
3191 2325 3614 2397 persuaderent.

2215 2413 2267 2468 7.
2302 2415 2455 2469 Titus
2488 2418 2588 2484 qui
2607 2431 2820 2469 mecum
2849 2420 2988 2471 erat.
3021 2413 3130 2470 Sed
3149 2431 3332 2487 neque
3350 2411 3485 2470 tunc
3505 2403 3747 2488 accepit.

2145 2502 2214 2557 Et
2238 2502 2343 2557 hoc
2361 2505 2448 2558 est
2474 2501 2623 2574 quod
2643 2502 2777 2558 dicit
2803 2521 2815 2558 :
2844 2505 2970 2559 Non
2989 2505 3080 2572 fui
3107 2504 3359 2558 subditus
3405 2503 3544 2570 illis,
3604 2502 3745 2576 quia

2145 2605 2248 2645 nec
2267 2591 2438 2645 etiam
2466 2590 2644 2646 Titus.
2681 2594 2734 2661 (a
2758 2592 2982 2659 minori)
3015 2590 3124 2646 Sed
3153 2597 3342 2647 tamen
3368 2608 3482 2647 non
3512 2591 3618 2646 fuit
3633 2591 3745 2647 hoc

2147 2695 2212 2734 ex
2230 2679 2572 2751 arrogantia,
2607 2681 2704 2735 sed
2752 2686 2983 2753 propter
3031 2679 3198 2736 falsos
3227 2681 3448 2738 fratres.
3483 2679 3743 2736 Liberta-

2147 2773 2262 2824 tem
2291 2785 2422 2824 vero
2451 2769 2605 2837 dicit,
2647 2769 2781 2842 quia
2821 2769 2996 2825 libere
3038 2769 3396 2843 praedicabat,
3447 2769 3745 2840 negligens

2144 2859 2396 2914 carnales
2451 2861 2853 2916 observantius.
2900 2862 3142 2927 Quidam
3184 2867 3374 2916 autem
3410 2858 3537 2914 falsi
3577 2874 3745 2914 vene-

2144 2954 2297 3014 runt,
2333 2955 2398 3004 ut
2427 2949 2679 3005 viderent
2707 2967 2780 3006 an
2809 2950 2928 3022 ipse
2959 2950 3360 3023 Hierosolymis
3396 2949 3744 3005 consentiret

2145 3037 2286 3108 legis
2305 3037 2691 3094 observantiis.
3029 3057 3036 3067 '

2213 3126 2272 3184 8.
2313 3127 2565 3184 AUGUS'I‘.
2587 3129 2869 3198 (ibid.).Ut
2892 3147 2987 3185 nos
3015 3132 3080 3183 in
3104 3132 3441 3196 servitutem,
3473 3117 3529 3183 id
3550 3117 3653 3192 est,
3673 3133 3744 3182 ut

2141 3215 2260 3286 jam
2278 3215 2760 3272 circumcisionem
2781 3217 3154 3290 ipsius,etiam
3179 3218 3337 3274 Pauli
3355 3217 3739 3284 attestatione,

462 3305 741 3360 conferret
766 3323 892 3360 cum
925 3306 1004 3361 eis
1027 3307 1388 3378 Evangelium
1418 3323 1605 3372 suum,
1661 3323 1764 3362 nec
1817 3306 2059 3376 amplius
2077 3308 2125 3368 B
2145 3307 2415 3376 tanquam
2444 3305 2612 3360 saluti
2631 3308 3003 3362 necessariam
3035 3307 3428 3380 praedicarent.

456 3394 612 3464 juste
640 3400 830 3464 posset
859 3395 1172 3466 reprobari.

531 3483 586 3539 ‘2.
617 3485 873 3538 Avens'r.
895 3485 1115 3553 (Expos.
1145 3486 1220 3539 ad
1239 3485 1442 3552 Galat.,
1465 3501 1584 3558 cap.
1612 3483 1952 3554 2).Seorsum
1964 3499 2062 3537 au-

465 3574 589 3624 tem.
619 3571 737 3625 Hoc
759 3588 872 3626 non
900 3573 1025 3627 ideo
1049 3572 1372 3628 factum‘est
1392 3575 1539 3646 quod
1578 3574 1768 3645 aliqua
1795 3573 1936 3628 falsa
1972 3572 2059 3626 di-

461 3659 625 3725 xerit,
650 3675 714 3715 ut
740 3661 975 3716 seorsim
1006 3663 1362 3734 paucioribus
1391 3679 1523 3718 vera
1559 3663 1771 3717 diceret
1797 3681 1809 3730 ;
1838 3662 1935 3716 sed
1951 3660 2056 3716 ali-

463 3763 576 3818 qua
611 3755 888 3818 tacuerat,
920 3768 1042 3823 quae
1063 3752 1279 3822 parvuli
1335 3758 1561 3824 portare
1610 3768 1723 3807 non
1770 3757 2051 3824 poterant.

459 3835 866 3895 Perfectionem
889 3857 1020 3911 ergo
1041 3841 1192 3897 illius
1215 3857 1354 3914 opus
1386 3845 1509 3896 erat
1539 3847 1604 3898 ut
1633 3841 1842 3898 scirent
1867 3841 2055 3898 caeteri

461 3928 720 3998 apostoli.

534 4015 587 4074 3.
618 4019 831 4090 (Ibid).
871 4018 1223 4074 Videbantur.
1255 4019 1588 4074 Camalibus
1609 4019 1930 4075 hominibus
1978 4019 2060 4074 vi-

460 4108 668 4164 dentur
697 4125 818 4164 esse
861 4108 1103 4182 aliquid;
1161 4126 1293 4165 nam
1331 4127 1442 4165 non
1476 4116 1614 4166 sunt
1661 4111 1765 4183 ipsi
1795 4110 2009 4182 aliquid
2043 4129 2055 4165 :

461 4199 568 4254 etsi
597 4200 747 4255 enim
775 4197 907 4254 boni
936 4199 1182 4254 ministri
1238 4199 1360 4257 Dei.
1412 4201 1667 4256 Christus
1714 4201 1774 4256 in
1811 4199 1923 4255 illis
1977 4206 2063 4256 est

462 4286 678 4360 aliquid
692 4334 704 4346 .

529 4375 592 4436 4.
633 4378 832 4447 (Ibid.).
865 4378 944 4432 Ne
969 4379 1111 4446 forte
1126 4380 1190 4432 in
1211 4379 1572 4436 vacuum.Ne
1589 4379 1732 4434 forte
1755 4379 2061 4436 invacuum

460 4480 646 4533 curro,
677 4473 776 4522 aut
826 4467 1044 4522 cucurri
1059 4467 1085 4521 ’ἲ
1115 4468 1286 4532 Quasi
1316 4485 1416 4539 per
1444 4468 1943 4540 interrogationem
1984 4469 2066 4526 di-

459 4559 614 4611 ctum
665 4556 1116 4626 intelligendum,
1151 4562 1218 4612 ut
1245 4574 1310 4612 ex
1349 4574 1414 4613 eo
1447 4564 1748 4630 appareret
1777 4576 1887 4614 non
1928 4577 2060 4615 eum

2215 3391 2269 3449 9.
2291 3396 2547 3450 AMBROS.
2583 3396 2785 3449 Veritas
2816 3397 3123 3466 Evangelii,
3142 3395 3200 3452 id
3225 3403 3329 3464 est,
3347 3396 3494 3452 utsit
3513 3393 3743 3450 evidens

2143 3480 2400 3553 probatio
2418 3483 2781 3554 Evangelium
2810 3493 3064 3541 nostrum
3085 3486 3449 3558 praedicatum
3461 3499 3740 3555 esse,cum

2141 3570 2490 3626 adversarios
2521 3574 2725 3646 [neque
2750 3576 2973 3646 quando
3013 3576 3163 3648 apud
3191 3575 3318 3631 illos
3346 3574 3592 3645 eramus]
3621 3587 3736 3630 non

2142 3659 2556 3731 pertimuimus.

2206 3748 2297 3807 40.
2328 3751 2542 3809 ΒΑΝΙἮ.
2605 3755 2809 3808 Veritas
2840 3755 3148 3823 Evangelii.
3184 3753 3400 3810 Veritas
3447 3749 3738 3822 Evangelii

2141 3843 2242 3904 est,
2276 3837 2395 3894 sine
2424 3841 2849 3898 circumcisione
2876 3850 2933 3899 et
2957 3844 3084 3899 aliis
3117 3843 3392 3915 legalibus
3433 3842 3738 3898 observan-

2140 3927 2254 3995 tiis,
2278 3930 2517 3986 moralia
2553 3933 2655 3988 Dei
2684 3940 2965 4006 praecepta
2990 3952 3118 3990 cum
3137 3935 3245 3989 fide
3275 3934 3592 3990 observare.

2215 4017 2297 4072 11.
2339 4020 2418 4074 Ab
2468 4021 2553 4075 his
2589 4027 2795 4078 autem.
2844 4021 2962 4078 Hoc
3001 4024 3154 4090 dicit,
3200 4041 3271 4079 ne
3311 4039 3450 4077 vane
3483 4022 3740 4076 videatur

2142 4111 2340 4162 contra
2365 4111 2607 4181 majores
2628 4129 2688 4166 se
2713 4113 3000 4183 extollere,
3033 4118 3090 4168 et
3134 4118 3221 4168 est
3266 4113 3625 4182 interiacens,
3665 4108 3738 4164 ab

2147 4210 2212 4249 eo
2241 4195 2362 4252 loco
2391 4197 2486 4252 ubi
2515 4199 2747 4257 dicitur:
2780 4201 2882 4258 Sed
2904 4219 3074 4272 neque
3105 4204 3275 4267 Titus,
3325 4216 3502 4273 usque
3543 4199 3614 4254 ad
3657 4198 3740 4252 lo-

2143 4309 2271 4347 cum
2295 4309 2307 4344 :
2340 4289 2479 4344 Mihi
2506 4297 2688 4345 autem
2719 4293 3053 4345 videbantur
3077 4307 3180 4345 esse
3208 4291 3447 4360 aliquid.

2221 4379 2306 4438 12.
2337 4383 2416 4436 Ab
2437 4381 2522 4434 his
2545 4385 2749 4434 autem.
2769 4379 2920 4435 Ordo
2947 4397 2958 4433 :
2984 4379 3091 4444 Qui
3107 4384 3298 4434 autem
3317 4376 3649 4432 videbantur
3665 4373 3737 4430 ab

2145 4469 2232 4525 his
2261 4487 2384 4525 esse
2422 4468 2652 4541 aliquid,
2676 4461 2904 4524 Petrum
2926 4475 2983 4524 et
3037 4471 3313 4525 Joannem
3362 4473 3420 4522 et
3467 4465 3737 4521 Jacobum

2143 4559 2441 4631 significat,
2465 4558 2596 4631 quia
2620 4558 2852 4630 majoris
2895 4558 3045 4614 inter
3071 4564 3301 4614 caeteros
3336 4555 3617 4628 apostolos
3647 4555 3738 4610 di-

459 4643 521 4700 in
559 4661 788 4700 vacuum
818 4660 1064 4712 currere,
1097 4651 1196 4700 aut
1219 4647 1548 4715 cucurrisse,
1581 4647 1714 4720 quia
1736 4649 1876 4720 jam,
1907 4654 2060 4704 atte-
2079 4669 2121 4729 ο
2141 4649 2375 4720 gnitatis
2405 4653 2587 4714 erant,
2621 4663 2760 4718 quos
2788 4647 2955 4719 paulo
2985 4653 3112 4720 post
3129 4648 3417 4702 columnas
3429 4651 3608 4700 vocat.
3642 4633 3739 4699 Dio

459 4733 704 4790 statione
725 4738 1057 4790 ceterorum
1087 4777 1104 4806 ,
1135 4735 1276 4790 nihil
1300 4735 1370 4791 ab
1393 4737 1679 4809 Evangelii
1699 4738 1934 4794 veritate
1952 4738 2061 4794 dis-

460 4821 671 4878 sentire
693 4822 1060 4896 approbatur.

530 4909 593 4969 5.
621 4912 877 4966 Aunaos.
902 4912 982 4967 Ne
1001 4914 1143 4980 forte
1162 4915 1227 4968 in
1251 4929 1510 4981 vacuum,
1546 4914 1602 4969 id
1627 4919 1729 4982 est,
1759 4915 2058 4987 nequando

461 4999 816 5056 existimarer
837 5001 1148 5073 proprium,
1181 5002 1328 5074 quod
1355 5003 1464 5058 iter
1493 5004 1739 5077 exsequi,
1761 5009 1818 5060 et
1842 5005 2058 5061 caeteris

463 5089 734 5163 apostolis
753 5089 1151 5147 inconveniens
1165 5135 1178 5149 .

530 5177 587 5235 6.
609 5179 818 5235 ΒΑΜ-Β.
841 5179 948 5236 Sed
975 5195 1144 5252 neque
1187 5181 1361 5238 Titus.
1412 5181 1727 5238 Voluerunt
1779 5183 1876 5238 alii
1922 5199 2059 5255 apo-

463 5267 594 5324 stoli
644 5273 710 5325 ut
771 5269 930 5325 Titus
979 5268 1474 5326 circumcideretur
1513 5275 1744 5343 propter
1769 5271 2057 5328 vitandum

462 5358 790 5414 scandalum
821 5359 1193 5430 quorumdam
1237 5359 1486 5415 ﬁdelium
1535 5360 1631 5431 qui
1664 5376 1730 5414 ex
1768 5361 2055 5418 circumci-

467 5447 624 5502 sione
648 5448 1004 5503 crediderant
1032 5450 1156 5516 ;sed
1180 5465 1290 5504 non
1319 5449 1576 5520 permisit
1597 5451 1896 5522 Apostolus
1926 5469 2055 5508 eum

464 5535 791 5592 circumcidi
808 5543 1039 5610 propter
1067 5538 1338 5610 quosdam
1360 5537 1528 5594 falsos
1567 5539 1916 5598 Christianos
1965 5543 2062 5614 qui

2141 4738 2220 4792 cit
2243 4754 2377 4809 ergo
2408 4736 2549 4792 nihil
2578 4736 2650 4790 ad
2678 4753 2738 4791 se
2774 4737 3077 4808 pertinere,
3111 4737 3406 4793 ostendere
3444 4734 3640 4810 quales
3677 4741 3738 4790 et

2140 4825 2261 4882 loco
2288 4831 2345 4882 et
2381 4825 2614 4881 scientia
2633 4831 2765 4880 ante
2790 4826 3137 4882 vocationem
3174 4826 3403 4882 fuerint.
3444 4826 3571 4880 Non
3609 4823 3737 4880 aliis

2141 4915 2411 4989 apostolis
2439 4915 2690 4986 derogat,
2723 4915 2822 4970 sed
2843 4916 2975 4987 quia
3001 4917 3217 4972 Galatea
3259 4915 3398 4972 alios
3452 4914 3738 4988 apostolos

2139 5006 2292 5060 ultra
2331 5004 2561 5060 modum
2590 5004 3027 5076 magniﬁcabant
3062 5005 3193 5061 huic
3220 5022 3315 5061 eos
3352 5004 3732 5077 praeferentes,

2139 5100 2308 5167 atque
2346 5094 2471 5149 ideo
2500 5094 2892 5150 auctoritatem
2947 5096 3117 5166 hujus
3139 5095 3390 5150 viliorem
3437 5093 3733 5159 habentes,

2139 5182 2385 5239 ostendit
2411 5199 2472 5237 se
2499 5182 2770 5254 aequalem
2798 5199 2919 5238 esse
2940 5183 3041 5250 eis,
3063 5189 3122 5240 et
3141 5183 3454 5238 doctrinam
3474 5182 3734 5253 Evange-

2140 5273 2201 5328 lii
2231 5271 2300 5327 ab
2331 5271 2411 5327 eis
2440 5288 2554 5326 non
2578 5272 2875 5344 accepisse.
3655 5335 3666 5342 θ

2214 5361 2300 5416 13.
2338 5363 2443 5428 Qui
2470 5363 2801 5416 videbantur
2829 5367 2935 5418 esse
2959 5363 3198 5433 aliquid.
3231 5363 3315 5419 Ne
3359 5362 3482 5436 quis
3519 5360 3732 5416 diceret

2141 5467 2270 5508 eum
2307 5450 2511 5506 debere
2559 5450 2640 5506 eis
2683 5453 3019 5521 consentire,
3050 5454 3184 5525 quia
3218 5456 3478 5510 meliores
3510 5470 3576 5509 eo
3614 5451 3733 5506 fue-

2144 5546 2298 5607 runt,
2331 5539 2466 5612 quia
2488 5556 2600 5596 non
2629 5542 2909 5613 persecuti
2927 5548 3062 5599 sunt
3089 5543 3413 5613 Ecclesiam,
3436 5543 3582 5599 sicut
3609 5541 3724 5599 ille.
