4040 6186
296 227 406 284 265
958 227 1036 283 ΙΝ
1072 226 1138 282 D.
1181 224 1397 279 PAULI
1437 223 1660 279 EPIST.
1702 222 2072 279 COMMENT.
2115 255 2180 267 —
2224 225 2455 285 EPIST.
2495 229 2593 284 AD
2633 229 2889 287 GALAT.
3461 237 3569 296 266

294 352 636 408 videbantur
664 367 784 406 esse
821 351 1054 423 aliquid,
1076 352 1278 420 (quales
1307 352 1490 421 [servi,
1517 366 1799 420 pauperes,
1827 351 2155 428 peccatores]
2200 354 2502 427 aliquando
2532 357 2760 424 fuerint,
2796 360 2937 415 nihil
2964 362 3143 415 dicere
3165 377 3291 416 mea
3335 361 3574 419 interest

305 449 345 508 ι
363 447 490 507 23
528 439 607 497 14.
634 442 781 495 Deus
818 440 969 495 enim
993 456 1289 511 personam
1320 439 1563 494 hominis
1590 456 1702 494 non
1722 441 1957 512 accipit;
1990 444 2079 496 sed
2103 460 2166 516 ea:
2188 447 2444 499 omnibus
2472 450 2669 516 accipit
2702 449 2997 517 credentes)
3030 449 3358 516 mihienim,
3382 451 3574 523 ‘15.qui

295 529 635 584 videbantur
654 545 774 583 esse
798 528 1032 598 aliquid.
1060 527 1201 582 nihil
1230 528 1608 590 contulerunt,
1633 530 1994 596 pro/uerunt.
2027 527 2113 587 16.
2150 530 2262 586 Sed
2282 539 2511 588 econtra
2549 550 2677 589 cum
2706 535 2976 591 vidissent
3006 537 3156 608 quod
3183 539 3458 594 creditum
3490 548 3576 595 est

295 619 439 673 mihi
459 618 823 687 Evangelium
857 615 1140 688 praeputii,
1166 619 1439 683 gentium.
1462 615 1609 670 sicut
1622 616 1788 670 Petro
1806 616 2264 684 circumcisionis,
2289 622 2404 692 (qui
2432 622 2580 676 enim
2612 628 2876 694 operatus
2906 630 2993 679 est
3008 626 3174 679 Petro
3205 626 3263 681 in
3291 629 3575 697 apostola-

296 714 423 762 tum
443 707 1255 771 circumcisionis,Jud.eorum,
1278 713 1541 775 operatus
1562 711 1648 759 est
1667 711 1724 759 et
1741 707 1875 760 mihi
1893 707 2043 762 inter
2063 710 2276 779 gentes)
2311 714 2367 764 et
2393 726 2522 765 cum
2551 712 2941 781 cognovissent
2984 714 3247 783 gratiam,
3283 732 3406 786 qua;
3444 717 3579 771 data

294 803 381 850 est
407 795 842 859 mihi,Jacobus,
863 801 920 850 et
937 796 1175 866 Cephas,
1196 795 1527 859 etJoannes,
1553 796 1647 864 qui
1674 794 2009 849 videbantur
2035 796 2307 852 columnae
2330 815 2453 853 esse
2484 800 2570 855 17.
2615 800 2839 857 dextras
2861 801 3137 856 dederunt
3164 803 3320 869 mihi,
3359 810 3416 858 et
3445 805 3579 859 Bar-

292 885 457 939 nabas
481 885 575 941 18.
602 883 904 949 societatis,
926 886 1152 951 signum
1171 884 1459 947 societatis,
1490 885 1570 935 vel
1599 884 1898 937 concordia:
1925 888 2280 952 evangelicae:
2309 893 2375 941 ut
2402 904 2505 941 nos
2552 888 2609 942 in
2647 894 2846 957 gentes
2875 892 3104 956 iremus,
3137 891 3243 962 ipsi
3288 898 3479 948 autem
3516 894 3578 949 in

295 972 804 1037 circumcisionem,
830 973 1111 1035 Judaeam;
1142 976 1365 1025 tantum
1396 971 1495 1024 hoc
1523 971 1860 1024 addiderunt
1890 976 1952 1027 ut
1979 989 2283 1043 pauperem
2314 978 2571 1037 euntium
2606 977 2954 1031 Hierusalem
2985 994 3260 1034 memores
3297 996 3575 1046 essemus,

294 1061 450 1132 quod
478 1061 653 1115 etiam
683 1059 953 1114 sollicitus
971 1060 1072 1124 fui,
1105 1076 1231 1114 cum
1258 1062 1421 1128 prius
1449 1060 1678 1125 fuissem
1703 1062 1992 1125 sollicitus,
2025 1061 2130 1114 hoc
2160 1061 2341 1132 ipsum
2372 1062 2573 1127 facere.
2593 1062 2728 1118 Alia
2760 1066 3180 1120 commendatio.
3216 1065 3299 1133 19,
3321 1066 3411 1125 20.
3436 1070 3578 1125 Cum

296 1155 493 1204 autem
515 1149 759 1203 venisset
774 1148 992 1219 Cephas
1010 1148 1387 1210 Antiochiam,
1415 1146 1446 1201 9
1463 1146 1503 1202 l.
1540 1147 1599 1200 in
1619 1145 1837 1211 faciem,
1865 1149 2078 1213 palam,
2103 1146 2153 1200 ei
2183 1147 2384 1219 restiti,
2411 1148 2544 1219 quia
2563 1149 3020 1221 reprehensibilis
3039 1156 3187 1209 erat.
3203 1154 3445 1209 Ostendit
3465 1172 3580 1211 non

295 1255 405 1293 esse
433 1240 544 1292 sibi
571 1240 926 1305 magistrum,
960 1253 1086 1291 cum
1111 1240 1333 1291 restitit.
1366 1235 1530 1306 Prius
1560 1235 1710 1289 enim
1734 1236 1969 1302 (exponit
1998 1237 2142 1288 unde
2162 1237 2623 1303 reprehensibilis,
2653 1240 2790 1306 quia
2812 1240 3027 1307 cogebat
3053 1244 3234 1306 gentes
3252 1243 3574 1310 judaizare,

297 1330 361 1382 in
382 1343 444 1381 eo
471 1328 619 1395 quod
648 1329 825 1395 magis
852 1326 1386 1391 inharebatJudzis)
1420 1340 1587 1394 quam
1617 1323 1878 1377 venirent
1899 1323 2129 1393 quidam
2171 1340 2234 1378 ea:
2273 1326 2475 1395 Judaeis
2519 1330 2791 1395 conversis
2839 1343 2874 1380 a
2902 1326 3128 1390 Jacobo.
3165 1345 3291 1383 cum
3318 1329 3582 1399 gentibus

296 1419 579 1470 conversis
600 1415 805 1469 edebat
815 1417 1029 1468 Petrus.
1054 1412 1193 1468 Cum
1211 1418 1398 1466 autem
1420 1414 1665 1466 conversi
1692 1428 1726 1463 a
1744 1414 1940 1477 Jacobo
1962 1412 2245 1465 venissent
2271 1414 2643 1481 Antiochiam,
2676 1413 3066 1480 subtrahebat,
3085 1422 3140 1471 et
3160 1417 3495 1487 segregabat
3521 1433 3584 1472 se

295 1507 499 1558 Petrus
521 1520 557 1557 α
577 1505 846 1571 gentibus,
870 1503 1078 1556 timens
1095 1518 1207 1557 eos.
1227 1501 1323 1571 qui
1340 1517 1401 1553 ex
1416 1500 1836 1554 circumcisione
1856 1505 2019 1552 erant
2052 1501 2197 1561 (Non
2217 1503 2367 1553 enim
2398 1504 2478 1554 ita
2497 1502 2748 1556 credebat
2765 1506 3105 1571 faciendum,
3131 1507 3191 1557 id
3213 1512 3307 1569 est,
3336 1509 3580 1561 circum-

298 1594 437 1658 cidi,
464 1594 556 1645 sed
578 1609 642 1644 ne
664 1596 813 1658 ﬁeret
838 1596 899 1643 in
929 1592 1167 1644 Ecclesia
1185 1590 1506 1656 discordia.)
1530 1588 1599 1642 Et
1620 1586 1961 1641 simulationi
1980 1587 2101 1655 ejus
2138 1587 2454 1659 (simulabat
2482 1592 2632 1643 enim
2676 1593 2868 1645 Petrus
2912 1607 3025 1645 non
3064 1608 3169 1645 esse
3192 1595 3583 1649 comedendum

301 1698 431 1736 cum
462 1682 736 1746 gentibus)
763 1683 1168 1732 consenserunt
1194 1676 1380 1730 caeteri
1409 1677 1604 1739 Judaei,
1626 1677 1704 1729 ita
1734 1682 1798 1729 ut
1822 1680 1878 1728 et
1906 1674 2191 1729 Barnabas
2220 1675 2540 1740 duceretur,
2571 1680 2921 1740 consentiret,
2950 1678 3019 1732 ab
3040 1679 3121 1733 eis
3147 1679 3207 1732 in
3232 1680 3389 1735 illam
3405 1681 3582 1736 simu-

298 1769 599 1830 lationem.
627 1774 688 1821 ut
714 1770 925 1822 nollent
947 1769 1358 1821 communicare
1389 1782 1514 1819 cum
1541 1767 1815 1832 gentibus.
1841 1763 1947 1817 Sed
1969 1780 2096 1817 cum
2130 1763 2389 1817 vidissem
2425 1764 2572 1833 quod
2589 1780 2700 1818 non
2723 1771 2873 1819 recte
2895 1766 3251 1822 ambularent
3279 1768 3350 1822 ad
3379 1769 3585 1823 verita-

304 1862 424 1911 tem
453 1856 761 1926 Evangelii,
786 1855 901 1909 dixi
932 1854 1132 1924 Cephas
1175 1858 1352 1919 I24
1378 1868 1566 1907 coram
1596 1851 1879 1907 omnibus.
1917 1850 2007 1907 ‘22.
2042 1852 2100 1906 Si
2149 1858 2231 1915 tu,
2273 1868 2399 1904 cum
2451 1852 2677 1906 Judaeus
2708 1853 2806 1918 sis,
2853 1855 3140 1923 gentiliter
3176 1856 3334 1933 vivis,
3378 1863 3434 1911 et
3472 1874 3587 1912 non

304 1946 558 2009 Judaice,
589 1944 867 2016 quomodo
891 1950 1089 2014 gentes
1113 1941 1202 1999 ‘23.
1236 1942 1386 2012 cogis
1407 1940 1740 2012 judaizare?
1770 1941 2224 2009 assumptioNos
2245 1944 2448 1993 natura
2470 1939 2666 2007 Judazi,
2695 1946 2776 2007 tu,
2809 1948 2857 1995 et
2883 1959 2995 2009 ego,
3026 1943 3115 1999 ‘24.
3150 1949 3208 1998 et
3235 1960 3349 1998 non
3362 1962 3429 1999 ex
3444 1961 3585 2016 geu-

305 2033 464 2089 tibus
496 2036 720 2100 (scilicet
744 2048 958 2100 sumus,
988 2037 1037 2084 et
1063 2033 1345 2098 gentiliter
1372 2032 1612 2083 vivimus
1629 2045 1649 2096 ;
1677 2029 1820 2098 quod
1847 2034 1939 2093 est,
1977 2034 2023 2081 et
2055 2044 2149 2081 nos
2171 2031 2233 2081 in
2257 2029 2468 2083 Christo
2491 2027 2796 2098 credimus)
2836 2027 2924 2084 25.
2956 2037 3298 2102 peccatores,
3336 2035 3438 2102 qui
3461 2049 3587 2102 pec—

1657 2116 2239 2171 COMMENTARIUS.

306 2211 395 2266 Ad
426 2211 535 2265 hoc
552 2209 871 2280 respondet,
897 2224 1009 2262 non
1061 2223 1127 2261 ex
1148 2270 1151 2273 Ἴ
1174 2206 1404 2275 invidia,
1433 2205 1532 2259 sed
1582 2210 1646 2259 ut
1674 2221 1734 2258 se
1763 2221 1909 2258 com-
1926 2208 1979 2265 A
1995 2204 2294 2275 gebantur,
2320 2204 2610 2275 arguebat.
2626 2206 2751 2261 Non
2766 2206 2835 2261 ob
2852 2207 3124 2263 aliudnisi
3151 2209 3593 2281 quiaillaomnia

308 2300 565 2363 mendet,
599 2298 654 2352 id
690 2304 794 2363 est,
824 2314 983 2351 suam
1015 2295 1488 2366 praedicationem,
1525 2293 1770 2363 dicitque
1804 2310 1815 2344 :
1844 2295 1913 2346 ab
1996 2293 2075 2346 sic
2103 2293 2455 2347 simulatoria
2499 2293 2860 2363 gerebantur,
2900 2302 3168 2367 tanquam
3214 2315 3407 2353 verum
3446 2306 3595 2355 esset

310 2391 401 2442 his
429 2393 621 2441 autem
650 2390 751 2455 qui
770 2387 1102 2439 ridebantur
1122 2401 1227 2437 esse
1246 2383 1483 2452 aliquid,
1517 2382 1570 2435 id
1603 2388 1706 2447 est,
1733 2382 1789 2434 hi
1819 2381 1914 2452 qui
1998 2380 2145 2450 quod
2177 2379 2437 2434 dicebant
2459 2379 2542 2434 illi
2567 2381 2664 2451 qui
2712 2381 2833 2436 sine
2872 2383 3296 2440 circumcisione
3315 2387 3594 2458 prmputﬁ,

311 2476 653 2531 videbantur
682 2492 803 2529 esse
823 2474 1053 2544 aliquid,
1086 2473 1218 2526 licet
1240 2488 1459 2542 possem
1489 2472 1675 2525 dicere
1702 2470 1913 2541 quales,
1999 2473 2168 2538 atque
2191 2468 2315 2522 aliis
2335 2468 2816 2525 observationibus
2847 2471 3058 2527 umbrae
3085 2472 3423 2542 futurorum,
3439 2480 3599 2547 puta-

312 2567 533 2620 scilicet
552 2566 709 2627 viles,
740 2569 816 2628 et,
851 2569 911 2616 ut
944 2579 1066 2632 ego,
1087 2566 1407 2633 peccatores
1437 2566 1643 2627 essent,
1676 2559 1818 2614 nihil
1838 2564 1920 2613 ta-
2000 2556 2136 2611 bant
2163 2557 2454 2612 credentes
2482 2559 2670 2613 salvos
2700 2575 2819 2613 esse
2845 2576 2959 2615 non
2983 2549 3165 2633 posse.

314 2672 448 2709 men
484 2653 623 2707 mihi
652 2651 1029 2706 contulerunt.
2072 2642 2159 2701 20.
2186 2646 2393 2702 Laure.
2425 2647 2560 2702 Cum
2586 2653 2774 2702 autem
2802 2652 3047 2717 venisset,
3082 2656 3186 2706 etc.
3231 2651 3374 2707 Item
3398 2652 3602 2725 probat

392 2743 480 2799 14.
506 2744 648 2796 Deus
676 2756 970 2809 personam
1002 2740 1244 2792 hominis
1274 2754 1383 2791 non
1412 2740 1633 2805 accipit.
1654 2737 1771 2790 Hoc
1795 2735 1920 2788 ideo
2005 2734 2137 2805 quia
2163 2750 2266 2789 nec
2283 2734 2592 2791 Antiochiae
2612 2737 2827 2791 aPetro
2842 2738 3204 2809 Evangelium
3226 2742 3601 2812 accepit,quia

313 2832 476 2895 dicit,
511 2830 646 2900 quia
684 2827 1204 2900 reprehendebatur
1255 2826 1403 2897 quod
1433 2826 1567 2896 quid
1598 2829 1922 2896 persecutus
2004 2823 2213 2877 restitit
2231 2824 2314 2891 ei;
2349 2828 2472 2877 erat
2498 2824 2648 2878 enim
2677 2826 3152 2896 reprehensibilis.

316 2921 514 2975 fuerat
549 2918 878 2979 Ecclesiam,
915 2917 1072 2986 quasi
1100 2916 1158 2969 hi
1188 2915 1283 2986 qui
1322 2915 1484 2968 modo
1505 2921 1638 2968 sunt
1668 2913 1827 2984 justi,
1870 2916 1927 2966 et
2076 2909 2164 2967 21.
2197 2914 2259 2966 In
2291 2914 2489 2980 faciem
2510 2915 2562 2967 ei
2581 2917 2776 2968 restiti.
2797 2913 2945 2968 Utile
2961 2931 3073 2969 non
3093 2918 3400 2988 essetquod
3414 2919 3602 2990 palam

314 3010 505 3065 sancti
535 3014 592 3062 et
616 3007 803 3076 magni
824 3005 971 3077 apud
1008 3022 1222 3070 omnes,
1240 3020 1349 3058 non
1382 3003 1611 3067 fuerint,
1635 3003 1780 3056 sicut
1799 3018 1921 3072 ego,
2008 2997 2245 3054 nocebat
2263 2999 2469 3070 corrigi
2488 3000 2547 3055 in
2575 3002 2792 3056 occulto
2818 3021 2831 3068 ;
2866 3003 3317 3073 praesumendum
3358 3023 3603 3080 namque

315 3104 666 3172 peccatores.
703 3096 770 3149 Et
793 3095 899 3148 hoc
928 3094 1217 3163 inde,quia
1246 3093 1395 3147 Deus
1424 3108 1535 3146 non
1556 3096 1642 3145 est
1670 3096 1929 3161 acceptor
2011 3094 2133 3141 erat
2160 3088 2229 3142 de
2274 3089 2564 3142 charitatis
2619 3088 2948 3145 infirmitate
3000 3092 3088 3161 υἱ,
3124 3093 3413 3166 ﬁrmitate]
3460 3098 3605 3152 tanti

316 3203 719 3260 personarum.
750 3184 1022 3238 Similiter
1049 3199 1170 3252 ego,
1200 3181 1454 3253 quamvis
1474 3184 1797 3252 persecutor
1815 3179 1930 3233 fue-
2011 3176 2267 3246 apostoli.
2303 3176 2401 3231 Vel
2431 3177 2556 3231 ideo
2577 3178 2725 3249 quod
2752 3178 2982 3249 quidam
3011 3179 3332 3237 subinducti
3374 3183 3605 3239 insidia-

316 3276 456 3337 rim,
487 3292 601 3329 non
628 3273 802 3328 debeo
832 3289 865 3326 a
893 3271 1048 3326 vobis
1077 3270 1359 3342 vilipendi.
2010 3263 2234 3321 bantur.
2261 3266 2356 3336 qui
2387 3266 2662 3319 referrent
2690 3267 2926 3321 Paulum
2958 3285 3069 3323 non
3114 3286 3235 3324 esse
3282 3287 3481 3327 ausum
3513 3290 3607 3328 ar-

394 3364 489 3419 15.
512 3362 991 3430 AUGUST.(E:I‘1)OS.
1025 3362 1098 3413 ad
1134 3361 1271 3425 Gal.)
1307 3359 1412 3424 Qui
1436 3360 1790 3413 ridebantur.
1831 3358 1929 3411 Pe-
2009 3370 2182 3423 guere
2214 3354 2473 3419 Petrum;
2510 3360 2568 3408 et
2597 3355 3144 3412 circumciderentur.

320 3458 449 3507 trus
465 3460 528 3507 et
545 3451 785 3506 Jacobus
801 3452 1101 3504 etJoannes
1118 3447 1504 3503 honoratiores
1523 3446 1737 3500 caeteris
1748 3450 1928 3506 erant,
1947 3514 1991 3523 Ἀ
2083 3441 2170 3495 22.
2205 3442 2269 3496 Si
2297 3446 2352 3495 tu
2382 3459 2505 3495 cum
2565 3444 2803 3496 Judaeus.
2855 3444 3156 3500 Gentiliter
3184 3447 3436 3518 vivebat;
3478 3451 3612 3523 quia

326 3544 461 3614 quia
491 3542 633 3611 ipsis
653 3557 712 3595 se
740 3539 795 3593 in
820 3544 1009 3592 monte
1031 3538 1303 3592 Dominus
1333 3535 1598 3599 extendit,
1632 3534 1689 3611 in
1727 3514 1995 3603 signiﬁ-B
2019 3529 2317 3583 indiscrete
2330 3545 2456 3583 cum
2478 3529 2967 3599 omnibusedebat,
2993 3538 3051 3587 et
3070 3536 3350 3591 neminem
3370 3538 3614 3595 immun-

325 3631 553 3686 catione
572 3629 733 3699 regni
764 3628 850 3681 sui
876 3643 1002 3680 cum
1050 3630 1181 3679 ante
1208 3642 1303 3679 sex
1331 3624 1450 3678 dies
1491 3623 1724 3677 dixisset
1755 3640 1765 3673 :
1794 3622 1939 3675 Sunt
2018 3618 2150 3671 dum
2177 3618 2426 3687 putabat.
2460 3618 2667 3673 Probat
2693 3629 2881 3674 autem
2909 3620 3041 3692 quia
3089 3640 3216 3678 cum
3247 3625 3320 3679 sit
3363 3626 3610 3699 Iudaeus,

325 3720 560 3791 quidam
600 3718 671 3771 de
698 3716 784 3771 his
812 3714 1090 3769 stantibus
1118 3715 1212 3785 qui
1242 3730 1351 3767 non
1373 3711 1683 3781 gustabunt
1699 3715 1936 3764 mortem
2019 3712 2075 3759 et
2102 3712 2293 3761 tamen
2320 3708 2606 3777 gentiliter
2650 3709 2814 3775 vivat,
2864 3726 2974 3765 non
3005 3711 3171 3768 debet
3194 3722 3394 3784 gentes
3424 3717 3496 3772 ad
3518 3719 3613 3789 ju-

326 3808 513 3862 donec
541 3806 770 3859 videant
812 3804 1017 3858 Filium
1057 3802 1302 3857 hominis
1333 3801 1390 3855 in
1432 3816 1606 3871 regno
1633 3798 1819 3853 Patris
1847 3798 1933 3852 sui
2017 3794 2294 3849 daismum
2325 3812 2541 3865 cogere.
2572 3797 2670 3851 Est
2697 3804 2887 3852 autem
2917 3798 2976 3854 in
3003 3800 3143 3854 libro
3172 3807 3325 3858 totus
3353 3806 3614 3878 syllogis-

328 3897 553 3963 (Matth.
584 3898 719 3961 XVI).

2018 3900 2141 3938 mus
2164 3890 2367 3954 praeter
2386 3885 2818 3941 conclusionem.

398 3983 491 4040 16.
516 3984 693 4055 (ibid.)
714 3982 818 4039 Sed
838 3986 1061 4035 econtra
1090 3996 1214 4034 cum
1235 3980 1513 4041 vidissent,
1548 3975 1602 4031 id
1627 3982 1731 4039 est,
1767 3992 1935 4030 econ-
2085 3971 2177 4029 ‘23.
2205 3973 2357 4041 Cogis
2375 3975 2696 4042 judaizare.
2715 3974 2978 4048 Exemplo
2996 3995 3099 4032 suo
3117 3982 3613 4052 gentesjudaizare

324 4074 508 4129 trario
530 4088 632 4143 pro
646 4067 1141 4141 reprehensoribus
1161 4067 1561 4138 approbatores
1579 4062 1935 4135 perfectionis
2015 4061 2250 4131 cogebat
2280 4063 2496 4128 Petrus,
2533 4067 2591 4116 et
2615 4062 2787 4117 ritum
2815 4065 3134 4121 Judaiorum
3173 4070 3352 4139 sequi,
3385 4073 3613 4141 quando

325 4158 582 4213 fuerunt.
612 4156 806 4210 Potest
830 4161 887 4208 et
913 4153 991 4208 sic
1020 4169 1140 4207 esse
1169 4151 1324 4217 ordo,
1349 4150 1446 4204 sed
1476 4154 1703 4203 econtra
1740 4154 1806 4202 ut
1831 4164 1935 4201 nos
2016 4148 2135 4220 ipse
2171 4150 2231 4203 in
2270 4151 2628 4221 praesentiam
2678 4168 2872 4206 eorum
2913 4154 3009 4224 qui
3041 4146 3105 4209 ex
3135 4156 3343 4211 Iudaeis
3367 4159 3614 4213 credide-

327 4246 561 4317 quidem
590 4246 651 4298 in
677 4248 873 4314 gentes
904 4242 1134 4307 iremus,
1159 4256 1281 4310 quae
1324 4242 1455 4293 sunt
1503 4236 1796 4291 contrariae
1834 4237 1937 4291 cir-
2016 4244 2164 4304 rant,
2189 4255 2222 4292 a
2249 4239 2530 4293 consortio
2547 4239 2844 4310 gentilium
2860 4257 3017 4297 more
3046 4244 3279 4299 Judaico
3307 4262 3366 4301 se
3386 4246 3610 4304 subtra-

328 4333 680 4390 cumcisioni.
2015 4326 2204 4382 hebat.

410 4423 495 4479 l7.
530 4423 700 4491 (apud
721 4419 872 4489 Red.)
894 4421 1130 4475 Dextras
1160 4419 1428 4472 dederunt
1455 4417 1620 4472 mihi.
1660 4414 1807 4470 Dicit
1852 4429 1936 4467 ve-
2091 4414 2177 4471 24.
2205 4416 2455 4470 Auausr.
2499 4416 2763 4484 (Emposit.
2793 4420 2857 4471 in
2894 4418 3065 4487 Epist.
3095 4421 3169 4475 ad
3201 4423 3408 4487 Galat.,
3440 4442 3490 4479 c.
3520 4432 3607 4499 ῐι.)

326 4514 485 4569 uisse
516 4528 577 4565 se
599 4510 1066 4581 Hierosolymam,
1099 4512 1157 4562 et
1184 4505 1544 4577 Evangelium
1566 4521 1692 4559 cum
1717 4509 1937 4575 aposto-
2016 4504 2083 4558 Et
2129 4520 2242 4558 non
2293 4522 2355 4558 esr
2384 4507 2654 4572 gentibus.
2690 4507 3050 4561 Peccatorum
3094 4526 3300 4565 nomen
3345 4514 3609 4583 gentibus

327 4602 402 4658 lis
423 4600 750 4666 contulisse,
778 4599 1001 4653 dextras
1026 4596 1132 4651 sibi
1161 4597 1322 4650 datas
1347 4595 1537 4659 fuisse,
1567 4594 1621 4648 id
1663 4598 1766 4658 est,
1800 4609 1936 4647 con-
2015 4592 2401 4664 imposuerant
2427 4593 2623 4658 Judaei,
2651 4594 2766 4664 jam
2791 4600 3007 4651 vetusta
3052 4600 3294 4668 quadam
3323 4586 3607 4676 superbia,

330 4690 536 4747 cordia;
567 4689 788 4759 signum
817 4686 1213 4749 consonantiae,
1241 4685 1388 4755 quod
1445 4683 1515 4738 ab
1550 4683 1631 4738 eis
1669 4698 1791 4754 quae
1829 4681 1988 4759 sibi"
2014 4686 2283 4753 tanquam
2302 4682 2409 4753 ipsi
2423 4682 2561 4753 justi
2591 4688 2795 4747 essent,
2817 4684 3065 4740 videntes
3081 4688 3345 4759 stipulam
3360 4691 3417 4746 in
3448 4695 3608 4751 oculo

330 4744 668 4841 didicerant,
691 4777 748 4831 in
771 4776 945 4831 nihilo
973 4744 1341 4845 discrepabat.
1685 4744 1705 4754 -
1946 4744 1989 4804 Ο
2015 4744 2218 4837 alieno,
2247 4779 2304 4825 et
2327 4744 2446 4826 non
2484 4771 2702 4826 trabem
2745 4772 2804 4827 in
2848 4789 2980 4836 suo;
3017 4744 3174 4829 sicut
3193 4762 3430 4835 interest
3459 4782 3611 4838 inter

408 4867 494 4924 18.
514 4868 722 4923 Lmra.
751 4868 1015 4920 Barnaba:
1034 4865 1321 4918 societatis.
1355 4862 1464 4916 Per
1488 4862 1593 4915 hoc
1614 4860 1856 4915 ostendit
1875 4876 1934 4913 se
2013 4859 2313 4914 irridentes
2342 4868 2398 4913 et
2425 4860 2700 4923 irrisores,
2731 4861 2881 4915 inter
2905 4872 3341 4929 murmurantes,
3374 4875 3431 4923 et
3452 4886 3609 4926 mur-

332 4957 742 5028 discipulorum
788 4954 995 5009 Christi
1049 4968 1159 5006 non
1189 4950 1361 5005 fuisse
1390 4949 1763 5021 discipulum;
1794 4947 1934 5003 alio-
2015 4955 2350 5014 muratores,
2380 4948 2526 5002 inter
2552 4949 2859 5004 scribentes
2887 4957 2944 5005 et
2966 4953 3283 5023 scriptores.
3319 4963 3375 5011 et
3407 4966 3610 5015 caetera

334 5046 473 5117 quin
502 5060 616 5100 non
633 5061 695 5098 se
722 5043 934 5098 socium
955 5046 1195 5095 vocaret.
2016 5037 2256 5105 similia;
2320 5039 2399 5092 ita
2451 5039 2740 5108 Scriptura
2768 5047 3086 5110 peccatores
3142 5046 3424 5114 appellare
3472 5065 3606 5102 con-

414 5134 498 5191 19.
528 5136 785 5188 Auousr.
812 5132 998 5201 (epist.
1030 5127 1098 5185 l0
1116 5131 1191 5183 ad
1213 5131 1418 5183 Hieron
1448 5167 1462 5194 ,
1495 5131 1629 5181 tom.
1671 5124 1770 5195 II).
1798 5127 1933 5181 Cum
2014 5126 2195 5180 suevit
2215 5127 2373 5181 valde
2403 5126 2647 5197 iniquos,
2677 5133 2733 5181 et
2761 5137 3119 5198 peccatorum
3144 5132 3379 5188 sarcinis
3402 5150 3604 5191 onera-

335 5228 568 5278 venisset
598 5222 818 5290 Cephas.
843 5221 1038 5290 Neque
1051 5219 1197 5272 enim
1214 5233 1485 5287 negamus
1516 5216 1569 5269 in
1582 5216 1685 5269 hac
1712 5219 1934 5269 senten—
2014 5218 2120 5269 tos.

337 5314 421 5368 tia
440 5311 612 5366 fuisse
636 5308 753 5380 jam
788 5309 1042 5373 Petrum,
1072 5308 1127 5361 in
1160 5324 1272 5377 qua
1304 5310 1363 5359 et
1409 5305 1616 5359 Paulus
1644 5304 1777 5371 fuit;
1819 5321 1932 5358 non
2082 5302 2169 5359 ‘25.
2200 5305 2396 5360 LANFR
2448 5306 2765 5359 Peccatores.
2803 5308 3060 5366 Generali
3106 5310 3371 5368 vocabulo
3402 5332 3598 5388 pecca-

339 5404 530 5473 itaque
546 5407 821 5455 tunceum
849 5397 981 5469 quid
996 5398 1055 5451 in
1084 5412 1151 5449 ea
1171 5412 1232 5449 re
1264 5410 1455 5449 verum
1490 5398 1653 5459 esset,
1674 5392 1928 5457 docebat,
2013 5395 2162 5447 tores
2185 5398 2344 5447 vocat
2374 5392 2718 5449 idololatras.

339 5491 440 5547 sed
470 5492 597 5562 ejus
618 5486 1147 5552 dissimulationem,
1177 5500 1292 5556 qua
1318 5488 1515 5555 gentes
1538 5482 1826 5555 judaizare
1846 5496 1933 5535 co-

625 5588 889 5679 PAnOL.
918 5581 1036 5648 CL.
3335 5595 3373 5685 il
