3936 6178
496 249 600 307 267

1475 248 1542 301 ιΒ.
1575 237 1997 306 'LANFRANCI
2037 249 2394 306 CANTUAR.
2437 250 2770 305 ARCHIEP.

3647 250 3745 307 268

495 379 702 428 calores
727 372 1353 428 weabantur.Scientes
1364 373 1551 426 autem
1565 374 1712 443 quod
1735 391 1845 429 non
1859 377 2202 446 justiﬁcatur
2226 375 2394 429 homo
2416 373 2504 429 96.
2529 392 2594 428 ex
2617 374 2875 445 operibus
2903 373 3061 443 legis,
3077 371 3181 426 nisi
3206 391 3306 444 per
3331 374 3494 428 fidem
3513 369 3737 428 ’t‘a‘h‘tum

491 460 626 515 Iesu
646 460 878 527 Christi;
919 465 976 514 et
1005 476 1108 514 nos
1136 460 1194 514 in
1210 460 1434 514 Christo
1463 461 1596 514 Jesu
1616 463 1919 527 credimus,
1951 470 2016 517 ut
2029 464 2404 534 justiﬁcemur
2429 480 2494 516 ex
2520 464 2627 516 fide
2657 463 2882 526 Christi,
2923 468 2978 516 et
3005 478 3138 515 non
3167 479 3230 515 ex
3283 463 3544 533 operibus
3577 463 3742 533 legis;

491 548 882 620 propterquod
897 549 1056 618 (quia
1081 565 1149 602 ex
1173 550 1276 616 ﬁde
1306 549 1514 603 Christi
1542 553 1788 620 tantum)
1815 568 1878 605 ex
1899 553 2160 621 operibus
2186 553 2326 622 legis
2355 569 2466 606 non
2489 551 2893 620 justiﬁcabitur
2922 551 3104 603 omnis
3124 567 3280 606 caro.
3332 552 3450 604 Huc
3471 568 3634 620 usque
3661 555 3748 604 in-

490 637 786 705 terpositio,
815 642 864 692 et
888 639 1050 692 verba
1087 639 1332 706 Apostoli
1352 639 1428 691 ad
1455 639 1712 693 Petrum.
1745 638 1834 706 27,
1868 639 1956 696 28.
1993 641 2151 704 Quod
2184 642 2230 695 si
2254 644 2565 712 quaerentes
2587 640 2888 710 justiﬁcari
2924 640 2981 693 in
3013 640 3234 694 Christo
3261 645 3499 704 tantum,
3537 639 3745 694 inventi

485 741 683 781 sumus
699 732 757 780 et
773 726 881 798 ipsi
904 732 1242 798 peccatores,
1261 726 1352 789 29,
1377 727 1632 799 nunquid
1656 729 1918 784 Christus
1930 730 2410 800 peccatiminister
2438 730 2562 784 est?
2588 731 2678 783 Est
2701 733 2911 798 utique,
2948 731 3000 781 si
3025 733 3097 782 sit
3129 731 3274 782 illud
3309 729 3471 783 Absit
3500 736 3561 782 ut
3590 731 3748 786 Chri-

482 819 600 868 stus
628 818 890 869 minister
913 819 985 870 sit
999 819 1208 886 peccati
1224 821 1242 868 I
1275 814 1361 881 30,
1387 814 1474 872 31.
1505 814 1566 871 Si
1596 817 1746 871 enim
1778 834 1904 888 quae
1925 819 2192 882 destruxi,
2221 822 2284 872 in
2313 821 2422 886 lege
2446 836 2552 872 esse
2565 821 3048 886 justiﬁcationem,
3073 818 3276 870 iterum
3308 817 3424 872 haec
3453 819 3744 885 reaediﬁco;

480 903 966 975 praevaricatorem
1007 921 1100 958 me
1143 904 1443 970 constituo,
1479 921 1590 960 non
1615 908 1835 960 credens
1861 909 2004 975 quod
2031 909 2170 972 dico,
2198 908 2258 959 id
2287 913 2378 967 est.
2403 923 2502 974 per
2531 911 2697 974 legem
2711 909 3042 975 justiﬁcare.
3073 907 3371 960 Undchoc?
3407 908 3696 975 Respondet
3730 926 3746 960 :

478 998 621 1045 cur!
647 995 786 1060 quia
811 1009 930 1060 qua
949 994 1218 1056 destrusci,
1253 997 1539 1047 constituo.
1567 993 1654 1059 32,
1689 993 1776 1059 33,
1802 993 1889 1050 34.
1907 995 2022 1065 Ego
2052 993 2200 1049 enim
2218 1011 2318 1065 per
2339 996 2517 1064 legem
2536 996 2907 1062 spiritualem,
2935 993 3040 1062 legi
3076 1000 3331 1047 mortuus
3369 1010 3518 1062 sum,
3544 1000 3606 1048 ut
3628 995 3741 1048 Deo

474 1077 791 1147 vivam;35.
813 1080 1056 1144 Christo,
1078 1083 1344 1148 sequendo
1366 1085 1482 1150 ejus
1512 1085 1761 1149 vestigia,
1783 1085 2033 1138 conﬁxus
2049 1101 2173 1138 sum
2205 1082 2374 1136 cruci.
2403 1079 2492 1138 36.
2528 1082 2666 1136 Vivo
2697 1087 2907 1146 autem,
2937 1083 3056 1150 jam
3095 1096 3208 1135 non
3235 1098 3337 1152 ego
3364 1087 3423 1135 ut
3451 1086 3628 1149 prius,
3663 1087 3746 1137 vel

472 1171 574 1236 qui
600 1170 692 1235 fui
712 1187 728 1222 :
753 1166 840 1234 37,
877 1166 1117 1225 38.vivit
1132 1185 1263 1223 vero
1291 1169 1350 1223 in
1377 1186 1468 1224 me
1497 1171 1775 1237 Christus,
1801 1177 2067 1240 quoniam
2093 1176 2266 1226 vitam
2292 1173 2452 1225 illius
2478 1173 2855 1224 immortalem
2885 1175 3084 1237 sperat.
3114 1169 3538 1237 Erponit.Quod
3555 1175 3741 1225 autem

471 1271 622 1310 nunc
649 1256 857 1310 vivoin
887 1273 1074 1323 carne,
1101 1257 1160 1311 in
1189 1258 1298 1312 ﬁde
1313 1258 1436 1312 vivo
1467 1258 1590 1313 Filii
1612 1260 1731 1325 Dei,
1764 1261 1860 1330 qui
1887 1261 2082 1315 dilexit
2112 1278 2220 1326 me,
2238 1261 2624 1328 (commendat)
2652 1265 2710 1312 ct
2738 1257 2973 1312 tradidit
3001 1258 3361 1328 semetipsum
3387 1276 3486 1328 pro
3507 1261 3737 1315 me.Ideo

469 1342 555 1408 39,
590 1342 678 1400 40.
707 1344 1062 1415 Non-abjicio
1088 1347 1332 1416 gratiam
1352 1347 1474 1406 Dei.
1505 1347 1597 1415 41,
1620 1347 1710 1405 42.
1739 1348 1797 1403 Si
1829 1349 1979 1404 enim
2007 1367 2107 1420 per
2132 1351 2312 1419 legem
2331 1349 2576 1419 justitia,
2613 1364 2724 1402 non
2742 1363 2840 1416 per
2859 1352 3088 1401 mortem
3113 1349 3336 1412 Christi,
3362 1364 3494 1417 ergo
3522 1346 3738 1418 ἁλεκ-

464 1431 540 1486 tis
567 1432 826 1489 Christus
844 1438 1103 1490 mortuus
1126 1440 1230 1490 est.

1802 1536 2394 1591 COMMENTARIUS.

530 1624 721 1685 26.‘E:r
741 1629 996 1699 operibus
1015 1631 1166 1698 tegis.
1192 1629 1268 1684 Ex
1281 1630 1542 1702 operibus
1557 1630 1717 1702 legis,
1739 1647 1852 1687 non
1877 1652 1889 1699 ;
1920 1650 2051 1687 nam
2069 1639 2119 1698 Α
2138 1633 2259 1704 lege
2274 1633 2636 1705 praedicatum
2654 1632 2840 1686 inveni
2863 1631 3170 1700 Christum,
3194 1633 3284 1688 cui
3316 1632 3564 1700 credens,
3590 1649 3733 1688 mor-

456 1717 506 1772 si
533 1717 639 1771 hoc
666 1722 834 1784 esset,
849 1717 1030 1771 nonin
1050 1717 1275 1772 Christo
1292 1724 1514 1774 tantum
1534 1725 1682 1774 esset
1702 1720 2053 1791 justiﬁcatio,

451 1805 551 1860 sed
573 1805 630 1859 in
651 1805 877 1861 Christo
894 1811 1116 1861 tantum
1148 1813 1250 1861 est.
1268 1807 1327 1862 Si
1350 1808 1409 1862 in
1439 1807 1662 1864 Christo
1691 1814 1911 1864 tantum
1942 1828 2055 1866 non

447 1900 535 1950 est
565 1895 913 1965 justiﬁcatio,
943 1908 1241 1966 peccamus
1289 1899 1407 1968 qui,
1471 1898 1790 1954 deserentes
1847 1901 2047 1971 legem,

2139 1729 2268 1777 tuus
2290 1739 2414 1777 sum
2442 1721 2570 1792 legi.
3383 1803 3385 1805 ι

2210 1809 2296 1867 33.
2315 1812 2562 1864 AUGUST.
2585 1811 2756 1878 (ibid)
2775 1811 2884 1878 Ego
2897 1812 3044 1864 enim
3053 1826 3153 1878 per
3163 1812 3349 1877 legem.
3370 1809 3513 1874 Quia
3540 1805 3592 1876 Ἐ
3607 1816 3729 1876 25

2132 1899 2357 1954 Iudaeus
2372 1900 2573 1964 fuerat,
2583 1903 2639 1952 et
2649 1904 2915 1969 tanquam
2931 1897 3296 1969 paedagogum
3313 1898 3493 1968 legem
3509 1914 3728 1970 accepe-

448 1982 752 2055 quzerimus
775 1989 1001 2038 tantum
1016 1983 1074 2038 in
1088 1983 1312 2040 Christo
1325 1985 1640 2056 justificari;
1670 1989 1768 2043 sed
1813 1989 1919 2042 hoc
1937 2006 2047 2042 non
2133 1993 2240 2042 rat.
2277 1988 2394 2042 Hoc
2414 1993 2601 2041 autem
2635 1986 2824 2056 agitur
2870 2003 2970 2056 per
3016 1986 3403 2057 paedagogum,
3435 1993 3498 2041 ut
3527 2003 3637 2040 non
3651 1985 3728 2041 sit

447 2077 535 2126 est
559 2091 571 2139 ;
599 2078 735 2126 nam
764 2072 812 2126 si
834 2072 939 2127 hoc
967 2078 1132 2140 esset,
1170 2075 1318 2145 quod
1346 2092 1708 2146 peccaremus
1737 2084 2050 2148 quaerentes
2132 2091 2272 2145 opus
2300 2075 2637 2146 paedagogo:
2668 2074 2812 2128 sicut
2838 2091 2937 2144 per
2964 2073 3138 2128 ubera
3166 2072 3416 2127 nutritur
3439 2073 3644 2140 infans,
3663 2081 3728 2128 ut

440 2164 664 2216 tantum
685 2161 984 2231 justiﬁcari
1011 2178 1114 2234 per
1141 2163 1448 2229 Christum,
1483 2165 1741 2220 Christus
1793 2166 2050 2219 minister
2125 2165 2244 2234 jam
2275 2164 2544 2218 uberibus
2572 2179 2684 2216 non
2706 2161 2975 2233 indigeat.

441 2254 590 2304 esset
607 2249 849 2320 peccati;
885 2251 982 2305 sed
1003 2250 1108 2305 hoc
1138 2250 1286 2306 absit
1314 2258 1380 2307 ut
1409 2254 1666 2309 Christus
1686 2255 1761 2309 sit
1787 2255 2046 2309 minister

2198 2252 2516 2306 34.LANFR.
2556 2252 2661 2319 Ego
2719 2254 2865 2304 enim
2919 2267 3022 2319 per
3053 2254 3239 2318 legerr.
3288 2249 3375 2303 Ad
3433 2250 3724 2321 superiora

434 2337 682 2409 peccati!
717 2353 850 2408 ergo
887 2354 1000 2392 non
1045 2354 1342 2410 peccamus
1374 2346 1688 2412 quaerentes
1718 2341 1776 2396 in
1817 2343 2041 2396 Christo
2123 2340 2411 2411 probanda
2431 2339 2602 2395 redit.
2638 2339 2787 2393 Dixit
2807 2338 3066 2409 superius
3081 2339 3227 2409 quod
3254 2355 3318 2392 ex
3340 2339 3724 2409 operibusnon

429 2429 653 2480 tantum
670 2426 989 2496 justiﬁcari.
1025 2427 1184 2491 Quod
1206 2427 1253 2482 si
1285 2445 1480 2484 verum
1510 2436 1613 2493 est,
1661 2447 1793 2501 ergo
1817 2449 1882 2484 ex
1914 2446 2039 2502 ope-

428 2513 584 2569 ribus
605 2515 744 2586 legis
775 2531 887 2569 non
911 2515 1316 2584 justiﬁcabitur
1334 2518 1517 2573 omnis
1547 2535 1696 2584 caro;
1725 2536 1853 2574 nam
1868 2519 2037 2574 sihoc

430 2602 641 2668 dixero,
663 2603 1148 2675 praevaricatorem
1168 2622 1258 2660 me
1273 2608 1572 2674 constituo,
1618 2608 1714 2679 qui
1729 2608 1909 2678 legem
1938 2609 2032 2662 de-

429 2692 726 2759 seruerim,
760 2709 930 2764 quam
949 2692 1354 2764 justiticantem
1383 2697 1646 2751 concedo.

2115 2429 2459 2499 justilicatur
2470 2429 2651 2482 omnis
2673 2445 2834 2494 caro;
2871 2435 2926 2480 et
2954 2428 3056 2481 hoc
3080 2426 3278 2498 probat
3290 2427 3479 2481 dicens
3495 2444 3554 2481 se
3573 2444 3724 2482 mor-

2118 2523 2279 2571 tuum
2333 2517 2443 2586 legi
2509 2534 2624 2571 sua:
2669 2533 2769 2587 per
2811 2517 2991 2586 legem
3022 2515 3252 2577 Christi,
3304 2523 3367 2569 ut
3395 2515 3509 2569 Deo
3533 2516 3717 2583 vivat;

2115 2607 2324 2660 frustra
2353 2605 2501 2659 enim
2526 2611 2847 2659 moreretur
2875 2604 2983 2673 legi
3019 2620 3133 2658 suae
3160 2610 3223 2657 ut
3251 2605 3365 2657 Deo
3411 2603 3637 2669 viveret,
3671 2604 3720 2658 si

2110 2711 2211 2766 per
2241 2711 2364 2747 eam
2395 2693 2694 2763 justiﬁcari
2736 2699 2942 2763 posset,
2991 2709 3117 2746 cum
3155 2692 3295 2745 nihil
3325 2691 3399 2745 sit
3423 2692 3574 2746 aliud
3598 2692 3720 2747 Deo

500 2779 590 2838 27.
623 2782 871 2836 AMBROS.
908 2783 1060 2850 Quod
1095 2786 1146 2837 si
1188 2791 1504 2854 querentes.
1537 2786 1636 2839 Est
1687 2785 2026 2840 obscuritate
2107 2783 2288 2836 vivere
2319 2798 2487 2853 quam
2507 2781 2566 2835 in
2592 2788 2888 2852 conspectu
2921 2781 3022 2834 Dei
3048 2782 3266 2851 justum
3296 2797 3435 2834 esse.

431 2870 716 2926 involutus
745 2870 1083 2927 intellectus.
1119 2873 1254 2926 Vult
1291 2879 1481 2928 autem
1535 2873 1740 2939 dicere,
1769 2876 1917 2946 quod
1937 2892 2027 2929 se-

2185 2870 2271 2926 35.
2298 2871 2510 2926 Christo
2548 2875 2819 2938 con/Ltus,
2853 2871 2908 2924 id
2940 2877 3044 2933 est,
3076 2887 3204 2924 cum
3240 2871 3462 2925 Christo
3494 2865 3719 2924 cruciﬁ-

429 2958 676 3015 cundum
732 2959 916 3030 legem
965 2977 1080 3016 non
1111 2962 1522 3032 justiﬁcemur:
1583 2964 1916 3018 accessimus
1954 2965 2025 3019 ad
2047 2973 2090 3031 Β
2113 2976 2214 3012 xus
2239 2975 2364 3012 sum
2395 2959 2540 3013 sicut
2565 2959 2660 3013 ille
2699 2975 2891 3024 came,
2921 2959 3001 3012 ita
3022 2975 3124 3029 εεο
3175 2958 3325 3012 νίῑίίε
3365 2964 3421 3012 et
3449 2960 3719 3032 concupi-

430 3047 720 3104 Christum
739 3049 901 3119 quasi
930 3065 1032 3121 per
1067 3067 1197 3105 eum
1223 3050 1589 3122 justiﬁcandi.
1625 3053 1683 3106 Si
1709 3059 1896 3106 autem
1925 3053 2030 3106 hac

429 3153 528 3209 spe
561 3137 620 3192 in
643 3153 772 3192 eum
815 3138 1105 3193 credentes
1157 3139 1478 3194 invenimur
1517 3147 1858 3210 peccatores,
1901 3141 2032 3211 quia

429 3225 611 3297 legem
631 3242 747 3280 non
775 3227 1148 3294 custodimus,
1173 3227 1394 3282 videtur
1421 3228 1662 3284 adventu
1693 3246 1795 3285 suo
1819 3230 2032 3302 peccati

428 3313 715 3369 exstitisse
733 3314 1007 3384 provisor.

500 3401 588 3459 28.
616 3404 866 3456 Auaus'r.
887 3403 1100 3473 (Expos.
1134 3405 1198 3458 in
1227 3404 1400 3473 Epist.
1433 3407 1508 3458 ad
1531 3405 1652 3460 Gal.
1676 3421 1725 3458 c.
1767 3407 1850 3475 II.)
1883 3407 2036 3473 Quod

430 3493 482 3546 si
509 3496 827 3560 quaerentes.
850 3491 938 3544 An
958 3489 1101 3546 forte
1130 3493 1262 3563 quia
1280 3492 1338 3546 in
1361 3493 1584 3548 Christo
1614 3493 1910 3548 voluerunt
1921 3495 2038 3564 jus-

429 3578 652 3647 tiﬁcari,
683 3580 1100 3650 peccaverunt?
1156 3580 1300 3645 Quia
1347 3581 1395 3634 si
1444 3582 1585 3652 justi
1637 3585 2035 3654 erant,utique

427 3667 586 3723 aliud
617 3667 917 3739 quaerendo
965 3675 1353 3740 peccaverunt.
1391 3670 1500 3725 Sed
1555 3670 1604 3725 si
1654 3671 1734 3725 ita
1762 3677 1866 3736 est,
1899 3687 2031 3740 ergo

432 3756 688 3813 Christus
708 3757 968 3811 minister
979 3764 1066 3812 est
1093 3759 1325 3830 peccati.

501 3843 590 3902 29.
639 3846 846 3901 Lassa.
890 3847 1164 3916 Nunquid
1191 3848 1466 3903 Christus.
1499 3846 1576 3901 Ex
1607 3862 1847 3918 persona
1874 3847 2032 3900 infir-

432 3949 656 3989 morum
683 3934 789 3988 hoc
819 3933 926 3988 sibi
955 3934 1112 3991 dicit.
1162 3935 1312 3990 Dixit
1359 3934 1581 3989 Judaeos
1626 3935 1884 4006 superius
1921 3950 2033 3988 non

430 4039 552 4079 esse
582 4029 946 4095 peccatores;
997 4029 1055 4078 et
1098 4030 1294 4096 postea
1344 4022 1642 4078 subintulit
1677 4023 1825 4094 quod
1863 4023 2034 4077 etiam

427 4111 536 4183 ipsi
567 4112 954 4182 justiticantur
972 4128 1036 4166 ex
1066 4113 1174 4166 ﬁde
1193 4113 1221 4166 J
1227 4129 1324 4166 esu
1351 4111 1693 4178 Christi;sed
1719 4111 1900 4165 omnis
1939 4110 2037 4182 qui

423 4201 786 4272 justiﬁcatur,
818 4201 876 4255 in
935 4206 1160 4272 peccato
1211 4200 1336 4256 fuit.
1369 4200 1678 4254 Videbatur
1716 4217 1848 4271 ergo
1887 4200 2035 4253 male

2113 3047 2341 3102 scentiis
2356 3093 2367 3104 .

2186 3134 2272 3192 36.
2305 3138 2554 3192 AMBROS.
2586 3137 2706 3190 Vivo
2737 3141 2940 3201 autem,
2965 3134 3096 3206 quia
3111 3135 3169 3189 in
3198 3135 3534 3206 baptismate
3560 3152 3719 3189 mor-

2115 3225 2187 3278 tis
2209 3231 2266 3278 et
2293 3217 2718 3278 resurrectionis
2747 3222 2929 3278 forma
2966 3223 3251 3296 impletur.
3308 3224 3386 3278 Ea
3437 3241 3558 3296 qua;
3588 3224 3722 3295 ipsa

2116 3329 2177 3367 re
2201 3314 2393 3368 futura
2419 3319 2568 3380 sunt,
2602 3312 2749 3366 facta
2794 3313 2914 3382 jam
2951 3312 3104 3380 dicit,
3149 3311 3282 3384 quia
3325 3330 3518 3367 eorum
3544 3312 3722 3368 habet

2117 3417 2296 3472 spem.

2190 3487 2276 3545 37.
2321 3490 2455 3543 Vivit
2481 3504 2604 3542 vero
2640 3493 2700 3542 in
2725 3505 2814 3541 me.
2847 3488 3117 3556 Christus,
3146 3489 3413 3560 quoniam
3459 3485 3610 3543 illius
3629 3489 3719 3543 vi-

2117 3583 2231 3633 tam
2259 3579 2554 3632 mortalem
2578 3595 2678 3649 spe
2711 3575 2860 3632 vivit.

2185 3665 2273 3724 38.
2295 3669 2545 3721 Auansr.
2582 3668 2759 3736 (ibid.)
2807 3669 2939 3720 Vivit
2968 3682 3093 3720 vero
3119 3669 3181 3720 in
3212 3683 3296 3720 me
3327 3665 3598 3722 Christus.
3621 3664 3724 3720 Vi-

2113 3755 2194 3810 vit
2220 3772 2347 3810 vero
2390 3755 2448 3808 in
2479 3772 2568 3808 me
2606 3755 2882 3821 Christus,
2917 3754 3050 3826 quid
3097 3754 3266 3826 ergo?
3309 3756 3466 3825 Nega
3495 3761 3570 3818 te,
3594 3754 3720 3810 noli

2113 3849 2176 3897 tu
2207 3844 2324 3914 ipse
2352 3843 2534 3896 vivere
2561 3843 2619 3896 in
2641 3849 2716 3896 te.
2752 3842 2896 3906 Quid
2927 3848 3014 3896 est
3042 3843 3156 3896 noli
3203 3849 3268 3896 tu
3311 3842 3494 3897 vivere
3543 3843 3601 3896 in
3634 3849 3716 3910 te,

2115 3929 2222 3982 nisi
2253 3927 2432 3982 facere
2463 3929 2808 3982 voluntatem
2841 3933 3020 3992 tuam,
3053 3927 3151 3982 sed
3185 3927 3338 3983 illius
3369 3928 3465 4000 qui
3487 3926 3722 3982 habitat

2114 4017 2173 4071 in
2204 4017 2298 4070 te?

2185 4102 2274 4160 39.
2309 4105 2489 4171 (ibid.)
2521 4106 2646 4159 Non
2673 4106 2892 4174 abjieio.
2928 4103 2986 4158 Si
3013 4120 3146 4175 ergo
3180 4121 3268 4159 me
3297 4105 3553 4160 Christus
3573 4104 3717 4160 dile-

2115 4198 2212 4264 xit,
2246 4203 2304 4251 et
2329 4196 2564 4251 tradidit
2585 4197 2950 4269 semetipsum
2979 4214 3080 4268 pro
3100 4215 3211 4266 me,
3239 4215 3352 4253 non
3382 4199 3602 4253 irritam
3623 4199 3716 4252 fa-

427 4289 767 4360 intelligenti
795 4289 881 4360 [f.,
914 4289 1196 4360 intelligi],
1229 4294 1294 4343 ut
1320 4287 1577 4343 Christus
1624 4295 1853 4360 peccata
1879 4287 2195 4360 priuchio
2224 4287 2468 4358 gratiam
2490 4287 2609 4353 Dei,
2643 4293 2708 4340 ut
2735 4286 2917 4341 dicam
2941 4303 3042 4358 per
3059 4287 3242 4358 legem
3259 4305 3380 4342 esse
3402 4288 3712 4358 justitiam.

428 4377 800 4445 ministraret,
832 4382 897 4432 ut
922 4394 1024 4449 per
1052 4378 1222 4432 fidem
1277 4382 1336 4432 et
1377 4377 1620 4448 gratiam
1647 4394 1810 4432 suam
1837 4383 2031 4449 postea

428 4464 751 4521 viviﬁcaret.

501 4552 590 4608 30.
630 4554 694 4610 Si
715 4555 866 4608 enim
915 4569 1032 4623 qua
1075 4554 1342 4609 destruri.
1378 4553 1550 4618 Quasi
1603 4554 1850 4609 diceret:
1875 4555 2032 4609 Hanc

431 4642 796 4714 questionem
816 4658 963 4714 saepe
985 4641 1124 4696 mihi
1152 4641 1466 4714 oppositam
1486 4643 1766 4711 destruxi;
1790 4660 1959 4714 quam
1982 4644 2030 4699 si

427 4731 640 4786 iterum
665 4730 895 4798 aedifico,
930 4731 1258 4787 mendacem
1306 4737 1364 4786 et
1412 4733 1896 4803 praevaricatorem
1940 4751 2031 4789 me

427 4821 730 4877 constituo.

501 4909 1032 4980 31.Auaus'r.(ibid.)
1053 4910 1117 4966 Si
1134 4913 1285 4964 enim
1312 4926 1428 4978 quae
1447 4911 1714 4964 destruri.
1746 4909 2033 4965 Destruxit

427 5005 617 5055 autem
643 4999 962 5070 superbiam
979 4998 1319 5070 gloriantem
1336 4999 1406 5052 de
1451 4997 1712 5070 operibus
1740 4999 1878 5069 legis
1907 5016 2031 5070 quae

425 5087 638 5144 destrui
669 5094 725 5141 et
753 5088 984 5143 deberet
1003 5093 1060 5142 et
1084 5093 1290 5160 posset,
1326 5104 1397 5141 ne
1445 5087 1630 5158 gratia
1654 5087 1784 5142 ﬁdei
1813 5088 2030 5142 videre-

420 5183 519 5234 tur
537 5194 651 5232 non
682 5176 1020 5244 necessaria;
1047 5184 1105 5230 et
1127 5177 1250 5230 ideo
1275 5176 1666 5247 praevaricator
1687 5183 1792 5239 est,
1824 5176 1871 5230 si
1900 5193 2028 5230 rur-

421 5284 519 5322 sus
551 5267 648 5320 illa
669 5266 928 5332 aediﬁcat,
959 5266 1148 5320 dicens
1182 5266 1330 5336 quod
1353 5282 1526 5337 opera
1555 5265 1723 5319 etiam
1747 5265 1885 5335 legis
1910 5265 2030 5320 sine

417 5355 604 5428 gratia
620 5355 954 5426 justiticant,
986 5361 1052 5410 ut
1071 5354 1325 5410 Christus
1353 5353 1567 5426 peccati
1594 5354 1854 5410 minister
1882 5355 2032 5410 inve-

418 5445 630 5499 niatur.

490 5531 578 5590 32.
607 5533 857 5588 AIBROS.
887 5532 997 5600 Ego
1023 5533 1176 5587 enim
1221 5547 1322 5601 per
1369 5533 1558 5602 legem.
1593 5532 1658 5588 In
1711 5532 1836 5604 ipsa
1866 5532 2018 5589 enim

2184 4376 2273 4432 40.
2302 4377 2511 4431 Lsnrn.
2545 4377 2665 4431 Non
2684 4377 2902 4445 abjicio.
2943 4376 3227 4442 Quamvis,
3245 4377 3448 4448 inquit,
3482 4377 3719 4432 Iudaeus

2112 4465 2239 4533 sim,
2271 4472 2328 4520 et
2343 4465 2695 4519 observantia
2716 4465 2857 4535 legis
2890 4464 3082 4519 videar
3108 4482 3229 4520 esse
3247 4467 3452 4536 justus,
3486 4482 3599 4520 non
3630 4471 3721 4520 ta-

2113 4572 2242 4609 men
2265 4554 2463 4625 abjicio
2483 4554 2726 4625 gratiam
2755 4553 2877 4622 Dei,
2908 4554 2966 4610 id
2986 4559 3090 4622 est,
3104 4554 3492 4610 remissionem
3519 4571 3722 4626 pecca-

2111 4651 2297 4700 torum
2326 4661 2428 4715 per
2464 4643 2631 4698 ﬁdem
2652 4642 2878 4698 Christi.

2184 4732 2246 4788 41
2268 4776 2280 4790 .
2313 4733 2377 4788 Si
2398 4735 2549 4786 enim
2564 4749 2667 4802 per
2685 4735 2870 4802 legem.
2896 4729 2981 4786 Ad
2998 4730 3289 4802 superiora
3312 4731 3450 4787 item
3468 4731 3718 4805 proban-

2113 4821 2185 4876 da
2207 4819 2372 4888 redit,
2386 4825 2520 4890 quia
2538 4838 2601 4875 ea:
2615 4822 2864 4891 operibus
2887 4823 3018 4890 legis
3040 4837 3147 4874 non
3156 4824 3508 4889 justiﬁcatur
3523 4825 3718 4877 omnis

2112 4928 2263 4975 caro,
2282 4916 2386 4965 etc.
2417 4909 2770 4965 Contrariam
2788 4917 3004 4982 partem
3021 4909 3092 4963 ad
3113 4909 3504 4964 inconveniens
3532 4910 3716 4968 ducit.

2184 4999 2274 5056 4'2.
2302 4999 2365 5054 Si
2390 5003 2538 5054 enim
2564 5015 2662 5069 per
2689 5003 2856 5069 legem
2878 5001 3123 5068 justitia.
3157 5005 3263 5054 etc.
3293 5000 3489 5054 Adhuc
3509 4999 3724 5071 probat

2113 5105 2215 5160 per
2244 5089 2423 5160 legem
2452 5105 2565 5144 non
2600 5105 2722 5144 esse
2763 5088 3080 5160 justitiam;
3133 5105 3266 5142 nam
3316 5089 3363 5143 si
3403 5089 3506 5143 hoc
3537 5093 3713 5155 esset,

2110 5194 2222 5232 non
2248 5184 2395 5232 esset
2451 5195 2552 5248 per
2581 5177 2896 5244 Christum;
2948 5177 3054 5230 etsi
3105 5194 3217 5230 non
3246 5183 3396 5232 esset
3420 5195 3522 5248 per
3544 5178 3720 5232 Chri-

2111 5274 2281 5333 stum,
2316 5283 2467 5320 mors
2497 5266 2701 5320 Christi
2730 5266 2907 5336 gratis
2951 5265 3077 5336 fuit,
3108 5266 3164 5318 id
3211 5272 3315 5330 est,
3355 5283 3532 5335 cassa,
3576 5283 3718 5321 cum

2111 5356 2328 5410 nullum
2358 5357 2600 5411 fructum
2632 5355 2905 5410 attulerit.
2928 5354 3083 5410 Inter
3109 5354 3502 5410 difﬁnitionem
3523 5361 3580 5410 et
3607 5355 3720 5410 dif-

2106 5443 2328 5500 ﬁnitum
2339 5483 2351 5500 .

2173 5532 2262 5590 43.
2297 5534 2549 5590 Christus
2576 5536 2753 5602 gratis
2791 5537 3044 5587 mortuus
3081 5537 3174 5587 est.
3200 5531 3287 5586 Ad
3315 5533 3421 5588 hoc
3446 5531 3714 5589 Christus
