3936 6178
219 293 295 353 269

812 293 890 347 1N
926 293 992 349 D.
1033 292 1249 349 PAULI
1287 293 1509 349 EPIST.
1551 293 1917 353 COMMENT.
1957 322 2029 336 -
2065 293 2286 350 EPIST.
2325 294 2422 351 AD
2458 294 2715 351 GALAT.

3287 293 3394 354 270

1566 470 1800 528 CAPUT
1825 472 1926 530 III.

261 614 299 665 1.
315 609 352 665 Ο
371 607 607 664 insensati
620 607 848 670 Galatae,
871 607 996 678 quis
1019 623 1115 662 vos
1130 605 1425 662 fascinavit
1440 604 1658 676 {tenerap
1674 624 1760 662 res
1780 613 1829 662 et
1851 608 2145 662 imbecilles
2159 608 2432 662 dicuntur
2450 607 2743 677 fascinari)
2762 622 2877 663 non
2890 606 3119 664 obedire
3139 608 3383 678 veritati,

208 703 247 767 ‘2,
264 702 309 767 3,
330 699 373 763 4,
397 702 509 753 ante
533 714 766 769 quorum
792 697 980 751 oculos
1010 695 1061 752 5.
1092 697 1254 751 Jesus
1284 696 1540 751 Christus
1560 697 1917 768 praescriptus
1944 702 2050 762 est,
2071 699 2374 752 damnatus
2404 702 2498 763 est,
2533 698 2669 752 dum
2693 713 2782 752 vos
2810 699 3099 754 hereditas
3127 716 3231 755 sua
3258 703 3396 756 sub-

212 791 443 845 trohimini
464 789 579 853 sibi,
609 786 667 840 in
689 784 844 840 vobis
871 785 1207 841 cruciﬁxus?
1252 791 1301 840 et
1340 789 1452 855 ipse
1496 788 1922 841 exhareditatur
1948 788 2251 854 cruciﬁcus
2276 801 2380 855 pro
2409 787 2577 853 vobis,
2614 788 2697 841 uel
2724 786 2977 842 habentes
3021 790 3087 842 in
3115 792 3387 845 memoria

209 886 443 948 ipsumam
459 892 673 945 passum
692 891 792 944 pro
820 877 985 930 vobis.
1013 874 1071 931 6.
1112 876 1230 929 Hoc
1247 875 1428 929 solum
1459 891 1493 929 a
1530 875 1682 930 vobis
1718 876 1841 931 volo
1876 875 2108 929 discere.
2146 876 2200 928 7.
2234 875 2312 929 Ex
2341 874 2605 946 operibus
2627 875 2681 929 8.
2713 875 2856 945 legis
2874 876 3137 947 spiritum
3166 877 3388 949 accepi-

209 967 294 1031 stis,
316 983 377 1020 an
399 982 456 1020 ex
472 964 660 1020 auditu
689 963 858 1018 ﬁdei?
886 965 969 1018 Ea:
988 965 1086 1018 hoc
1105 965 1415 1033 utique.Sic
1438 964 1597 1019 stulti
1627 964 1763 1019 estis
1789 964 1844 1019 9.
1874 968 1939 1019 ut
1962 979 2092 1018 cum
2115 962 2317 1035 spiritu
2341 963 2642 1034 coeperitis,
2663 979 2815 1018 nunc
2842 981 3009 1020 carne
3038 982 3389 1022 consumme-

208 1055 343 1110 mini?
364 1055 728 1124 Spirituatiter
754 1056 934 1107 vivere
961 1055 1279 1122 incepistis,
1310 1054 1384 1107 ad
1412 1054 1665 1108 carnales
1710 1053 2082 1107 observantia:
2120 1054 2376 1107 redeatis.
2422 1054 2568 1121 Ergo
2606 1056 2747 1121 quia
2793 1055 2954 1121 ﬁdem
2999 1071 3113 1110 non
3159 1052 3387 1111 habetis.

207 1141 478 1215 Tantapassi
506 1143 636 1197 estis
664 1140 751 1199 l0.
780 1141 902 1197 sine
925 1143 1129 1198 causa?
1150 1143 1198 1197 si
1215 1149 1407 1197 tamen
1436 1141 1557 1196 sine
1584 1156 1755 1195 causa
1770 1143 1981 1210 (repetit
1998 1158 2116 1210 quae
2135 1143 2298 1208 dixit,
2326 1158 2391 1196 ea:
2411 1143 2663 1210 operibus
2693 1143 2825 1210 legis
2860 1145 3132 1211 spiritum
3151 1160 3264 1199 non
3288 1146 3392 1199 ha-

205 1234 301 1296 bere,
320 1236 398 1287 sed
417 1251 475 1288 ea
498 1234 616 1300 ﬁde,
643 1234 777 1301 quia
807 1232 1108 1297 Abraham,
1131 1237 1264 1296 etc.)
1288 1231 1396 1295 Qui
1425 1247 1558 1302 ergo
1585 1230 1787 1285 tribuit
1815 1230 1969 1285 vobis
1997 1230 2279 1303 spiritum,
2303 1235 2362 1286 et
2378 1235 2644 1303 operatur
2663 1231 2900 1287 virtutes
2916 1232 2979 1286 in
2992 1232 3167 1299 vobis,
3186 1250 3253 1288 ex
3267 1250 3397 1304 ope-

204 1322 331 1389 libus,
354 1328 553 1392 propter
581 1338 765 1391 opera,
786 1321 947 1392 legis,
977 1338 1049 1375 an
1069 1337 1133 1375 ex
1163 1321 1381 1385 auditu,
1411 1326 1636 1390 propter
1651 1323 1932 1385 auditum,
1948 1319 2080 1375 ﬁdei
2103 1322 2302 1374 tribuit
2322 1320 2421 1374 hoc
2437 1325 2462 1373 Ρ
2488 1319 2644 1375 Sicut
2662 1319 2934 1391 scriptum
2953 1325 3075 1376 est:
3104 1322 3318 1392 (probat
3344 1324 3396 1377 si

200 1412 417 1466 Abraham
432 1428 525 1481 per
542 1412 725 1478 ﬁdem)
743 1410 1026 1464 Abraham
1048 1409 1285 1466 credidit
1312 1410 1446 1470 Deo,
1463 1409 1527 1462 id
1554 1415 1650 1475 est,
1670 1411 1832 1476 ﬁdem
1853 1411 2066 1469 habuit.
2081 1414 2131 1463 et
2149 1424 2295 1463 eaea
2314 1410 2624 1478 justitiam,
2644 1415 2703 1463 et
2727 1414 3050 1480 reputatum
3080 1414 3168 1465 est
3207 1410 3290 1465 illi
3316 1410 3391 1465 ad

198 1501 412 1569 justitiam
439 1500 517 1555 11.
541 1500 871 1570 Cognoscite
889 1516 1024 1571 ergo
1052 1499 1185 1570 quia
1213 1499 1309 1570 qui
1337 1516 1402 1553 ex
1423 1499 1532 1554 ﬁde
1550 1503 1701 1561 sunt,
1730 1498 1769 1551 ii
1799 1503 1935 1552 sunt
1961 1498 2060 1551 ﬁlii
2078 1497 2336 1551 Abrahe.
2356 1497 2660 1552 ProVidens
2678 1503 2869 1553 autem
2891 1499 3396 1570 Scriptura,e:cﬁde

193 1592 301 1657 justi
320 1595 449 1654 sunt,
477 1606 603 1642 nam
635 1588 932 1657 Scriptura
962 1589 1136 1654 dicit;
1155 1587 1403 1642 Geneseos
1432 1599 1528 1643 xu.
1561 1588 1695 1658 quia
1721 1604 1787 1641 ex
1816 1587 1925 1640 ﬁde
1959 1585 2234 1656 justiﬁcat
2258 1590 2456 1655 gentes
2485 1585 2654 1650 Deus,
2710 1587 3107 1657 praenuntiavit
3152 1586 3392 1643 Abrahm

200 1677 326 1747 quia:
350 1676 428 1743 i2,
455 1676 855 1731 benedicentur
880 1675 938 1729 in
966 1680 1047 1744 te,
1076 1677 1141 1728 in
1166 1680 1271 1728 tum
1298 1675 1426 1741 ﬁdei
1454 1677 1802 1741 imitatione;
1826 1678 1906 1727 net
1930 1677 1990 1727 in
2012 1691 2088 1739 eo,
2120 1677 2219 1743 qui
2248 1678 2505 1729 nascetur
2531 1690 2596 1728 es:
2618 1679 2682 1738 te,
2717 1676 2778 1728 id
2807 1679 2901 1741 est,
2930 1675 3162 1739 Christo,
3197 1691 3393 1731 omnes

197 1773 360 1836 gentes.
379 1768 705 1837 lgitur,quia
724 1765 1017 1833 Scriptura
1046 1769 1295 1827 testatur,
1322 1763 1417 1834 qui
1447 1780 1513 1817 ex
1541 1763 1650 1817 fide
1680 1770 1814 1817 sunt
1837 1762 2257 1828 benedicentur,
2272 1764 2437 1822 idest,
2445 1763 2932 1831 justiﬁcabuntur,
2956 1780 3084 1818 cum
3115 1764 3267 1818 fideli
3284 1765 3395 1819 sic-

197 1864 245 1908 ut
263 1856 410 1910 ﬁdelis
425 1855 725 1909 Abraham.
749 1854 836 1907 13.
863 1852 1194 1922 Quicunque
1213 1851 1361 1906 enim
1378 1868 1442 1905 ex
1456 1850 1718 1921 cperibus
1738 1852 1878 1922 legis
1904 1857 2052 1917 sunt,
2074 1850 2179 1906 sub
2200 1851 2494 1905 maledicto
2517 1855 2668 1906 sunt.
2701 1851 2984 1922 Scriptum
3013 1858 3101 1907 est
3127 1853 3298 1919 enim,
3331 1855 3397 1907 in

107 1956 117 1969 θ
199 1945 544 1997 Deuteronomio
571 1957 723 1997 xxvii
747 1960 759 1994 :
787 1942 976 2009 (hujus
995 1942 1385 2009 propositionis
1406 1942 1691 2008 praemissa
1720 1928 1893 1995 est'ab
1919 1942 2266 2005 auctoritate)
2305 1938 2387 1994 14.
2419 1938 2750 1997 Maledictus
2784 1939 2968 1994 omnis
2997 1940 3095 2010 qui
3121 1956 3239 1996 non
3263 1957 3398 2013 per—

194 2032 407 2086 manserit
426 2032 482 2085 in
513 2031 776 2085 omnibus
819 2032 1156 2098 (assumptio.
1190 2033 1239 2083 et
1262 2031 1555 2096 conclusio)
1591 2046 1714 2099 quae
1748 2029 1957 2101 scripta
1984 2032 2116 2083 sunt
2140 2045 2201 2083 in
2227 2028 2371 2087 libro
2392 2029 2575 2100 Legis,
2610 2034 2675 2083 ut
2700 2029 2870 2084 faciat
2896 2046 2965 2084 ea
3001 2035 3040 2096 ﬂ
3056 2035 3256 2103 ωσι
3272 2035 3397 2098 π

196 2118 308 2187 Ergo
329 2123 389 2189 (et
406 2123 590 2190 repetit
623 2122 807 2174 locum
834 2136 870 2172 a
896 2119 1224 2185 contrario.)
1250 2117 1529 2181 Quoniam
1558 2122 1747 2172 autem
1779 2117 1837 2172 in
1865 2118 1990 2188 lege
2018 2133 2184 2172 nemo
2207 2117 2557 2187 justiﬁcatur
2574 2154 2591 2172 ,ι
2602 2118 2753 2190 apud
2770 2164 2773 2169 .
2790 2118 2990 2185 Deum,
3029 2119 3399 2185 manifestum

191 2214 268 2274 est,
291 2209 409 2281 quia
426 2210 610 2281 justus
648 2208 732 2265 15.
752 2225 819 2263 ex
846 2208 957 2263 ﬁde
983 2207 1137 2262 vivit.
1150 2209 1364 2261 Diceret
1389 2209 1600 2277 aliquis
1630 2226 1647 2261 :
1680 2208 1789 2262 Lex
1805 2212 1882 2261 est
1904 2208 2053 2275 ﬁdes,
2076 2212 2126 2261 et
2152 2209 2233 2262 sic
2251 2208 2564 2277 justitiaea:
2582 2209 2710 2277 lege.
2734 2205 2817 2262 16.
2832 2207 2946 2262 Lex
2973 2213 3167 2263 autem
3182 2224 3297 2266 non
3314 2214 3403 2264 est

1467 2318 2059 2413 co'uMENTARIUS.

190 2502 393 2597 mortuus
419 2518 501 2568 est
518 2518 585 2568 ut
612 2491 906 2567 eradentss
933 2508 1002 2565 in
1029 2527 1090 2565 se
1115 2511 1299 2580 justos
1324 2509 1550 2586 faceret.
1584 2510 1721 2564 Gra—
1738 2514 1862 2582 Aet
1888 2500 2014 2564 ideo
2035 2508 2171 2597 dicit
2194 2528 2206 2564 :
2226 2510 2372 2582 Ergo
2400 2511 2637 2597 virtutes
2650 2509 2870 2568 habetis
2897 2530 2964 2568 ex
2984 2508 3245 2595 ﬁde,quae
3268 2506 3402 2574 sunt

183 2602 236 2680 tis
258 2620 373 2674 ergo
407 2609 667 2658 mortuus
705 2606 809 2668 est,
850 2600 898 2656 si
933 2599 1129 2671 legalis
1166 2598 1519 2655 observantia
1541 2598 1726 2670 justos

184 2678 326 2745 facere
342 2678 547 2771 (posset.
1176 2756 1181 2763 η

231 2782 362 2840 CAP.
383 2781 484 2839 III.
533 2811 595 2822 -
645 2781 697 2835 1.
725 2776 968 2835 Asianos.
997 2780 1038 2834 0
1061 2778 1335 2832 insensati
1366 2778 1570 2833 Galatze
1593 2780 1612 2830 Ι
1639 2775 1727 2831 In-

180 2872 426 2941 terjectum
456 2878 564 2934 est,
597 2869 763 2941 abeo
788 2868 931 2931 loco,
955 2883 1134 2939 usque
1163 2866 1234 2919 ad
1263 2866 1431 2932 hunc,
1465 2867 1649 2919 solum
1690 2881 1726 2919 a

179 2961 290 3032 robii
316 2963 439 3025 volo,
466 2964 573 3014 etc.
596 2961 830 3014 Poterat
851 2955 1002 3011 enim
1017 2955 1200 3010 dicere
1221 2973 1232 3007 :
1256 2954 1376 3009 Hoc
1396 2954 1579 3009 solum
1607 2953 1726 3007 volo

178 3049 344 3104 avobis
376 3050 609 3104 discere.

226 3135 269 3193 ‘2.
297 3138 429 3193 Ante
448 3129 696 3208 quorum
712 3137 909 3205 oculos.
932 3132 1298 3202 Prsescriptus
1319 3136 1405 3186 est
1421 3135 1478 3185 et
1497 3130 1553 3185 in
1574 3129 1726 3184 vobis

169 3226 463 3281 cruciﬁxus:
502 3228 628 3280 vult
672 3224 898 3296 quidem
942 3222 1126 3276 dicere
1171 3220 1338 3292 quod,
1389 3237 1513 3274 cum
1546 3219 1726 3275 multo

172 3301 333 3371 adiectu
354 3316 519 3369 verba
547 3315 735 3389 crucis
764 3312 1019 3375 audistis,
1054 3311 1135 3364 ita
1167 3316 1231 3364 ut
1257 3315 1387 3363 ante
1405 3309 1593 3363 oculos
1622 3326 1725 3362 no-

169 3411 281 3459 stros
301 3388 682 3481 depingeretis
704 3403 883 3489 ipsam
904 3398 1321 3471 crucem,paulo
1343 3398 1526 3452 minus
1548 3403 1605 3452 et
1629 3396 1726 3451 illa

171 3486 263 3564 qua
285 3512 344 3549 eo
370 3478 630 3568 tempore
662 3478 816 3548 facta
851 3478 1002 3544 sunt.
1037 3490 1160 3553 Qua
1187 3504 1322 3558 ergo
1357 3486 1722 3541 faScinatione

166 3589 341 3641 tantum
367 3586 661 3659 abjecistis
712 3585 993 3648 aﬁ‘ectum,
1038 3595 1204 3650 quem
1252 3593 1387 3647 erga
1434 3574 1723 3631 Christum

168 3671 328 3731 habere
354 3673 744 3730 videbamini?

213 3762 255 3820 3.
283 3754 522 3823 Accusa
550 3767 647 3829 (In
670 3763 891 3831 exposit.
917 3762 980 3812 in
1000 3757 1170 3826 Epist.
1193 3757 1266 3808 ad
1283 3754 1488 3820 Galat.,
1508 3767 1719 3824 cap.m,

1807 2614 1973 2652 causa
1989 2596 2242 2670 justitize,
2256 2600 2314 2654 id
2337 2604 2440 2664 est,
2458 2592 2638 2672 ipsam
2653 2601 2935 2672 justitiam
2955 2592 3176 2660 habetis
3191 2622 3257 2662 ex
3269 2607 3398 2677 ﬁde;

1808 2687 2040 2742 sed'hoc
2065 2693 2170 2757 est,
2217 2690 2350 2760 ergo
2380 2689 2538 2744 illud.
2585 2684 2703 2745 Illis
2731 2696 2865 2745 sunt
2906 2692 3142 2747 virtutes
3173 2711 3239 2748 ex
3268 2692 3397 2764 ﬁde,

1809 2776 1941 2847 quia
1963 2777 2183 2847 justitia
2207 2776 2563 2833 fuitAbrahae
2580 2795 2649 2834 ex
2672 2778 2782 2833 ﬁde
2813 2796 2826 2833 :
2852 2796 2984 2834 nam
3006 2781 3277 2852 scriptum
3291 2789 3396 2851 est,

1809 2869 1914 2918 etc.
1946 2862 2133 2919 Habet
2160 2871 2349 2921 autem
2381 2883 2480 2939 pro
2501 2866 2728 2938 paribus
2752 2868 2985 2924 virtutes
3015 2878 3072 2923 et
3094 2868 3395 2941 justitiam,

1810 2970 2046 3024 quorum
2066 2955 2307 3009 alterum
2337 2955 2568 3009 alterius
2596 2972 2765 3010 causa
2792 2961 2895 3011 est.

1879 3039 1932 3097 8.
1965 3042 2247 3112 Spiritum
2275 3046 2572 3113 accepistis.
2607 3043 2938 3116 Spirituales
2983 3047 3197 3118 gratias
3233 3050 3401 3104 acce-

1810 3136 2014 3202 perunt
2037 3130 2347 3198 credentes,
2382 3150 2495 3187 non
2522 3128 2694 3205 opera
2723 3134 2861 3205 legis
2883 3134 3170 3191 facientes.

1877 3216 1929 3273 9.
1964 3221 2026 3275 Ut
2044 3238 2170 3275 cum
2200 3215 2405 3291 spiritu
2430 3220 2716 3292 cmperitis.
2750 3225 2892 3278 Cum
2923 3223 3127 3296 spiritu
3160 3226 3398 3298 coeperi-

1806 3309 1880 3365 tis
1901 3312 2053 3365 velut
2075 3309 2163 3383 [[2,
2186 3304 2417 3383 vivere],
2449 3310 2840 3381 spiritualiter,
2881 3314 2966 3373 vel
2993 3314 3175 3385 legem
3227 3302 3397 3388 spiri-

1807 3401 2035 3454 tualiter
2053 3400 2366 3470 intelligere
2393 3416 2543 3455 nunc
2571 3417 2757 3466 carne,
2781 3401 2839 3455 id
2880 3408 2986 3470 est,
3023 3403 3236 3458 carnali
3262 3402 3397 3473 vita,

1810 3489 1898 3542 vel
1926 3488 2047 3560 lege
2075 3487 2376 3543 carnaliter
2416 3488 2739 3561 intellecta.
2763 3489 3205 3559 Consumamini,
3260 3509 3397 3548 con-

1799 3578 2113 3649 junctivum
2137 3596 2172 3632 a
2198 3595 2508 3645 consumar,
2535 3574 2894 3647 consumeris,
2918 3578 2974 3634 id
3000 3582 3105 3646 est,
3130 3564 3396 3652 pereatis.

1806 3652 2308 3729 Consummamini,
2324 3662 2689 3722 indicativum
2701 3660 3118 3735 aconsummor,
3139 3686 3398 3725 consum-

1804 3760 1981 3810 maris
2013 3774 2024 3809 :
2058 3755 2114 3810 id
2141 3760 2244 3823 est,
2277 3755 2448 3809 vitam
2478 3755 2688 3825 ﬁnitis;
2721 3752 2963 3829 utraque
3004 3757 3157 3813 enim
3197 3758 3258 3814 in
3292 3750 3398 3815 hoc

164 3858 269 3908 tom.
295 3855 407 3924 IV.)
435 3858 586 3931 Ante
610 3867 873 3927 quorum,
911 3849 1013 3902 hoc
1045 3850 1152 3914 est,
1183 3842 1384 3915 quibus
1404 3842 1723 3933 videntibus
1742 3882 1786 3939 Β
1804 3844 1923 3899 loco
1941 3845 2231 3916 Scriptura
2248 3831 2549 3916 reperitur.

161 3941 374 4000 Christus
399 3928 570 4000 Iesus
595 3924 989 3995 haereditatem
1008 3951 1166 3989 suam
1197 3926 1721 4004 possessionemque

161 4033 312 4087 amisit
341 4052 352 4087 :
382 4034 471 4088 his
499 4020 709 4102 utique
733 4024 1115 4081 auferentibus
1141 4038 1284 4086 eam,
1311 4019 1721 4090 Dominumque

158 4120 260 4176 inde
285 4110 723 4203 expellentibus,
748 4116 817 4171 ad
859 4115 999 4185 legis
1035 4127 1320 4203 opera-eos
1346 4109 1440 4179 qui
1469 4106 1719 4203 credide-

158 4217 260 4264 rant
286 4194 626 4277 revocando,
691 4194 750 4261 et
805 4201 1107 4258 auferendo
1165 4198 1246 4252 illi
1310 4196 1719 4269 possessionem

152 4316 301 4363 suam.
330 4292 382 4357 id
403 4306 513 4363 est,
529 4316 633 4355 eos
655 4299 715 4352 in
734 4293 935 4367 quibus
945 4290 1132 4363 gratia
1150 4289 1402 4358 ﬁdesque
1418 4284 1714 4340 inhabitat.

206 4392 249 4443 t.
277 4388 478 4446 LANPB.
513 4388 661 4445 Ante
691 4398 930 4456 quorum
952 4383 1150 4435 oculos.
1172 4379 1318 4432 Ante
1343 4375 1531 4430 oculos
1564 4389 1721 4427 men-

152 4477 207 4533 tis
249 4496 431 4536 eorum
476 4480 653 4536 Iesus
703 4474 960 4530 Christus
994 4467 1340 4542 proscriptus
1372 4468 1476 4527 est,
1525 4462 1582 4517 id
1613 4467 1717 4528 est,

150 4567 412 4625 damnabis
440 4574 501 4625 et
541 4564 846 4622 cruciﬁxus
875 4565 1016 4626 erat,
1038 4558 1096 4613 id
1127 4561 1231 4617 est,
1254 4551 1599 4623 contemptui
1627 4551 1723 4605 ha-

152 4654 641 4731 bitus,putantibus
662 4654 747 4709 eis
774 4668 877 4724 per
896 4650 1063 4705 ﬁdem
1094 4646 1269 4718 ipsius
1296 4659 1408 4699 non
1425 4639 1722 4713 justiﬁcari

446 4747 558 4802 sed
600 4758 703 4817 per
722 4737 1135 4798 observantiam
1165 4733 1325 4805 legis.

196 4835 241 4893 5.
281 4840 539 4893 Aeousr.
603 4833 788 4906 (ibid.)
830 4833 985 4886 Iesus
1042 4827 1293 4884 Christus
1338 4822 1715 4891 praescriptus.

142 4922 472 4986 Aliteslesus
498 4926 771 4984 Christus
813 4919 1171 4995 prascriptus
1228 4921 1317 4972 est
1365 4911 1665 4999 cpuciﬁxus
1699 4929 1715 4978 ;

143 5017 324 5075 addidit
371 5020 710 5086 crucifixus,
757 5018 823 5069 ut
869 5012 1001 5066 hinc
1047 5026 1141 5063 eos
1186 5004 1437 5073 maxime
1467 5005 1720 5056 moneret

1875 3932 1960 3987 10.
1979 3933 2111 3989 Sine
2133 3949 2316 3987 causa.
2345 3933 2478 3988 Sine
2506 3950 2694 4002 causa,
2727 3933 2787 4009 id
2814 3939 2920 4002 est,
2952 3935 3229 3991 inutiliter
3256 3937 3399 4009 pati-

1803 4027 1898 4076 tur
1923 4021 2017 4093 qui
2045 4022 2210 4095 ﬁd'em
2242 4021 2455 4081 Christi
2467 4038 2580 4077 non
2607 4005 2794 4078 habet.

1879 4110 1962 4167 ll.
1998 4112 2304 4179 Cognoscite
2323 4106 2466 4179 ergo.
2490 4108 2635 4175 Quia
2659 4111 2945 4167 Abraham
2972 4112 3037 4167 e'x
3058 4110 3167 4168 ﬁde
3180 4106 3388 4185 justus;

1802 4205 1859 4254 et
1885 4216 2080 4254 omnes
2099 4216 2164 4253 ex
2188 4199 2298 4253 ﬁde
2317 4203 2540 4254 tantum
2555 4196 2712 4271 justi,
2732 4196 2892 4272 quod
2921 4206 3006 4255 est
3028 4186 3392 4273 aequipollens

1799 4288 1858 4343 hi
1887 4290 2021 4343 sunt
2047 4287 2146 4341 ﬁlii
2174 4286 2432 4343 Abrahae.
3038 4360 3041 4363 ν
3368 4360 3371 4363 Ἴ

1876 4376 1959 4434 12.
1980 4379 2223 4432 Αλωκος.
2243 4378 2640 4432 Benedicentur
2660 4380 2809 4435 inte.
2844 4380 2960 4435 Hoc
2983 4360 3068 4436 est
3094 4370 3302 4451 tabum,
3335 4360 3393 4439 et

1802 4462 2297 4520 communicabunt
2323 4462 2425 4517 tibi
2455 4463 2924 4539 benedictionem.
3096 4538 3097 4541 η

1876 4552 1941 4609 13
1982 4553 2186 4607 LANFR.
2214 4552 2534 4623 Quicunque
2552 4538 2702 4608 enim
2739 4550 2910 4620 Quasi
2932 4538 3143 4614 diceret
3170 4578 3182 4613 :
3209 4566 3309 4617 aut
3328 4538 3395 4618 ex

1805 4642 1913 4696 ﬁde
1933 4647 2020 4695 est
2038 4640 2373 4705 benedictio,
2400 4647 2499 4696 aut
2518 4659 2583 4696 ex
2608 4644 2901 4714 operibus;
2922 4647 3019 4700 sed
3046 4650 3112 4702 ex
3132 4648 3395 4721 operibus

1801 4747 1915 4786 non
1936 4736 2022 4784 est
2053 4734 2133 4797 (ex
2158 4731 2256 4784 illa
2288 4728 2437 4784 enim
2470 4724 2804 4803 benedictio)
2834 4750 2900 4788 ex
2926 4724 3039 4790 ﬁde
3066 4734 3262 4807 igitur.

1876 4819 1958 4876 14.
1994 4806 2241 4874 ᾹΜιιιιοε.
2274 4818 2594 4874 Maledictus
2629 4824 2833 4901 omnis.
2868 4805 3265 4896 Lerom—n‘em,

1801 4926 1974 4980 super
1992 4909 2206 4979 lignum
2230 4907 2744 4979 pendet,existimat
2762 4900 3147 4985 maledictum;
3166 4934 3231 4972 eo
3244 4900 3393 4990 quod

1800 4998 2123 5069 hujusmodi
2149 5014 2316 5070 paena
2344 4998 2453 5052 illis
2482 5004 2700 5054 statuta
2735 5000 2831 5071 qui
2874 4996 3068 5058 multis
3107 5004 3188 5060 rei
3237 5007 3394 5062 inve-

138 5104 199 5173 [αι
222 5148 237 5175 ,
266 5105 575 5176 moveret],
609 5120 735 5185 cum
770 5100 1194 5185 considerarent
1223 5110 1333 5166 quo
1358 5086 1540 5164 pretio
1564 5106 1778 5177 eme-C
1801 5086 2052 5185 niuntur.

142 5193 199 5249 ﬁt
214 5198 664 5268 pomessionem,
691 5180 859 5271 quam
881 5191 939 5269 in
961 5189 1051 5273 eis
1076 5183 1393 5271 amittebat.
1501 5244 1505 5250 Δ

1876 5176 1939 5233 15
1976 5172 2281 5231 ΙλΑΝιτειἙω
2296 5177 2399 5244 ﬁde
2428 5170 2585 5232 ‘vivit.
2611 5172 2670 5233 Si
2704 5170 2930 5249 iustitia
2959 5158 3073 5236 non
3105 5158 3192 5237 est
3220 5168 3285 5238 ‘ex
3314 5164 3390 5239 1i;

188 5246 427 5359 67(ibid.)
468 5288 597 5360 Hoc
624 5246 801 5365 solum
822 5268 865 5336 Ia
891 5252 1056 5337 nobis.
1089 5268 1235 5357 Hinc
1264 5270 1456 5361 incipit
1482 5246 1717 5365 demo-5n:-
1796 5282 1892 5365 ge,
1909 5271 2090 5365 est-ex
2112 5265 2233 5322 sola
2260 5265 2387 5320 ﬁde.

140 5346 591 5448 mregratiarn,
614 5350 1084 5449 quemadmodum
1103 5346 1290 5449 gratia
1322 5346 1453 5416 ﬁdei
1468 5346 1717 5415 sufﬁciat

135 5465 187 5519 ad
205 5464 651 5536 justiﬁcandum
672 5461 794 5515 sine
821 5455 1084 5530 operibus
1108 5452 1268 5524 legis.
1538 5536 1543 5539 ⁷

186 5554 233 5607 Ἰ.
258 5558 471 5611 Lutea.
511 5553 608 5607 Ea:
631 5550 882 5619 operibus
928 5548 1057 5614 legis
1091 5545 1355 5613 spiritum
1400 5538 1708 5607 accepistis.

1876 5352 1958 5413 16.
1992 5357 2094 5410 Lex
2118 5359 2306 5427 autem
2348 5360 2459 5409 non
2490 5350 2590 5424 ’est,
2626 5355 2684 5411 id
2714 5369 2817 5423 est,
2869 5357 3006 5413 ﬁdes
3032 5344 3246 5417 Christi
3270 5362 3391 5427 non

1800 5430 2079 5515 permittit
2096 5428 2279 5515 legem
2301 5444 2625 5500 Judaaorum
2656 5443 2886 5513 servari,
2921 5444 3010 5503 vel
3034 5436 3124 5505 lex
3153 5434 3210 5505 et
3254 5426 3394 5510 ﬁdes

1797 5549 1910 5587 non
1930 5528 2271 5587 concordant
2317 5528 2425 5587 Sed
2451 5533 2540 5587 lex
2568 5530 2732 5588 dicit:
2766 5525 2873 5598 Qui
2895 5524 3123 5607 fecerit;
3168 5534 3281 5596 non
3311 5528 3393 5599 di;

133 5640 176 5696 Ξ
196 5645 459 5721 spiritum
492 5638 724 5697 habetis
759 5653 827 5693 ex
855 5634 984 5703 ﬁde,
1031 5632 1179 5705 quod
1210 5632 1330 5702 jam
1359 5628 1715 5701 probaverat,
1796 5622 1873 5676 cit
1900 5639 1911 5674 :
1944 5621 2053 5686 Qui
2078 5620 2399 5676 crediderit.
