4040 6186
555 294 651 353 271
1544 293 1609 349 B.
1650 293 2059 348 LANFRANCI
2102 296 2455 351 CANTUAR.
2499 298 2829 353 ARCHIEP.
3716 308 3809 366 27-3

556 439 620 478 ex
650 422 777 490 ﬁde,
810 422 870 476 id
893 426 985 488 est,
1020 421 1107 475 lea:
1129 434 1243 474 non
1265 420 1513 488 praecipit
1548 420 1781 484 credere,
1803 421 1893 474 sed
1919 421 2097 487 facere
2118 438 2138 487 ,ο
2171 422 2264 474 sed
2287 430 2369 482 (ex
2394 432 2467 491 re)
2484 424 2578 494 qui
2609 424 2801 478 fecerit
2816 441 2902 489 ea,
2922 444 3040 494 qua;
3054 434 3185 481 sunt
3209 432 3270 482 in
3293 433 3424 495 lege,
3452 430 3594 484 vivet
3612 430 3669 485 in
3685 431 3807 484 illis.

562 508 624 568 l7
652 509 909 567 Christus
938 525 1040 565 nos
1073 506 1316 563 redemit
1339 507 1409 562 de
1438 506 1737 562 maledicto
1769 508 1928 579 legis,
1962 506 2042 563 18.
2078 508 2256 563 factus
2282 528 2382 581 pro
2420 511 2578 566 nobis
2604 514 2987 578 maledictum,
3010 517 3178 580 idest,
3203 520 3525 572 ma!ediclus
3543 535 3579 572 a
3597 522 3810 583 Juda‘is,

554 605 633 657 vel
662 603 847 669 factus
874 601 1128 653 mortalis
1156 614 1172 649 :
1197 603 1247 652 et
1270 601 1428 666 ponit
1466 612 1689 651 causam
1716 614 1819 665 pro
1841 601 2045 665 e/fectu,
2083 600 2233 668 (quia
2263 600 2532 670 scriptum
2560 607 2647 655 est
2672 620 2682 653 :
2705 605 2896 669 probat
2931 605 3210 658 Christum
3234 608 3404 672 fuisse
3436 610 3812 676 maledictum;

552 705 687 745 nam
714 690 894 742 omnis
916 689 1016 756 qui
1038 688 1236 756 pendet
1265 688 1330 740 in
1352 688 1524 753 ligno,
1555 686 1653 739 hoc
1673 702 1785 739 non
1807 688 2080 754 scriptum
2105 693 2195 741 est.
2236 688 2567 742 Maledictus
2598 690 2800 755 omnis,
2831 692 2927 761 qui
2955 692 3163 762 pendet
3191 694 3249 746 in
3270 693 3467 764 ligno.)
3494 698 3684 750 adhoc
3704 699 3811 765 fuit

551 777 801 831 Christus
822 776 1178 829 maledictum
1202 779 1265 828 ut
1292 773 1353 828 in
1383 772 1656 828 Gentibus
1692 773 1770 828 19.
1797 773 2130 841 benedictio,
2143 776 2737 846 justi/icatio,Abrahie
2750 796 2847 847 per
2867 782 3029 847 ﬁdem
3052 782 3213 835 ﬁeret
3242 782 3298 835 in
3329 783 3551 837 Christo
3570 785 3720 849 Jesu,
3752 792 3813 840 ut

547 862 639 922 20.
670 863 1129 936 pollicitationem
1162 862 1423 933 Spiritus,
1450 864 1510 915 id
1533 867 1628 922 est.
1649 865 2105 931 justi/lectionem
2136 881 2169 918 (ι
2212 867 2433 934 Spiritu
2458 871 2808 935 promissam,
2843 869 3181 939 accipiamus
3223 887 3323 941 per
3353 872 3540 926 ﬁdem.
3588 873 3808 928 Fratres

546 954 854 1010 secundum
875 952 1161 1007 hominem
1192 951 1332 1016 dico)
1360 957 1554 1005 tamen
1582 960 1639 1017 (a
1668 954 1866 1021 simili)
1899 952 2143 1006 hominis
2164 950 2193 1004 Ξ)
2210 951 2221 1006 Ι
2239 952 2651 1006 .conﬁrmatum
2677 956 2839 1021 prius
2854 960 3253 1009 testamentum
3278 973 3442 1011 nemo
3464 958 3698 1028 spernit,
3721 960 3809 1012 de-

547 1045 740 1108 struit,
761 1049 862 1098 aut
888 1041 1285 1114 superordinat
1302 1042 1482 1095 aliud.
1501 1042 1595 1095 Est
1615 1046 1748 1095 tunc
1771 1044 2000 1109 aliquod
2017 1046 2403 1096 testamentum
2415 1043 2593 1095 alicui
2606 1058 2640 1093 a
2654 1042 2757 1094 Deo
2779 1046 3167 1110 conﬁrmatum
3195 1050 3325 1108 ?est,
3339 1048 3543 1114 inquit,
3563 1049 3807 1115 Abralw,

544 1138 595 1188 et
621 1134 828 1187 semini
854 1136 990 1200 eius.
1018 1130 1256 1185 Abrahae
1275 1129 1441 1185 dicte
1469 1136 1603 1184 sunt
1622 1130 2041 1201 promissiones,
2057 1135 2115 1185 et
2136 1128 2337 1183 semini
2362 1129 2503 1199 ejus.
2526 1127 2616 1184 2‘2.
2636 1128 2761 1183 Non
2789 1130 2925 1184 dicit
2957 1150 2969 1185 :
3001 1137 3058 1184 et
3076 1132 3387 1188 seminibus
3406 1136 3567 1204 quasi
3587 1135 3646 1189 in
3674 1137 3813 1190 mul-

542 1220 637 1289 tis,
669 1222 814 1292 quod
839 1222 977 1275 dicit
993 1223 1196 1273 semini
1222 1225 1272 1273 et
1290 1235 1402 1274 non
1430 1221 1751 1283 seminibus,
1778 1224 1935 1272 notat
1952 1218 2495 1278 uni'tatemEcclesiae.
2522 1220 2615 1272 cui
2620 1222 2915 1286 promissio
2928 1221 3079 1289 facta
3095 1227 3208 1288 est;
3230 1227 3278 1274 et
3300 1223 3395 1276 hoc
3415 1226 3549 1278 dicit
3595 1230 3815 1294 propter

543 1325 629 1364 eos
658 1313 761 1379 qui
786 1310 1085 1364 schismata
1107 1308 1513 1376 faciebant,Sed
1542 1307 1704 1377 quasi
1730 1306 1789 1360 in
1816 1323 1947 1371 uno,
1972 1307 2060 1372 23,
2082 1306 2173 1362 24.
2197 1307 2283 1371 Et,
2301 1310 2524 1372 scilicet,
2548 1307 2749 1360 semini
2769 1313 2888 1374 tuo,
2919 1309 3014 1379 qui
3036 1315 3123 1363 est
3142 1310 3421 1380 Christus,
3448 1310 3536 1368 25.
3569 1314 3686 1367 Hoc
3717 1329 3812 1368 au-

538 1400 679 1461 tem.
711 1400 893 1467 ﬁdem,
918 1402 999 1453 vel
1028 1401 1207 1467 ipsam
1233 1399 1671 1465 promissionem,
1690 1403 1726 1461 ι
1743 1401 1867 1461 28
1892 1396 2447 1461 dico,testamentum
2468 1396 2861 1450 conﬁrmatum
2892 1414 2927 1450 a
2954 1397 3090 1462 Deo,
3110 1402 3230 1467 ipsa
3260 1401 3350 1453 De:
3377 1404 3810 1456 immutabitita-

544 1491 616 1555 te;
626 1492 747 1556 post
775 1489 982 1555 factam
999 1502 1036 1540 a
1054 1487 1153 1540 Deo
1172 1488 1794 1554 promissionem,quam
1812 1486 1950 1538 dicit
1962 1487 2125 1553 prius
2143 1488 2547 1551 testamentum;
2564 1499 2687 1554 quae
2706 1490 2833 1554 post
2848 1486 3290 1555 quadringentos
3306 1494 3363 1541 et
3379 1488 3616 1559 triginta
3633 1505 3810 1544 annos

538 1572 690 1629 facta
717 1579 801 1628 est
822 1575 931 1641 lex,
954 1590 1067 1629 non
1087 1574 1313 1628 irritum
1343 1573 1474 1627 facit
1502 1574 1574 1627 ad
1601 1574 1979 1629 evacuandam
1997 1572 2446 1644 promissionem,
2472 1577 2532 1625 ut
2557 1579 2848 1626 evacuatur
2863 1576 2991 1640 ﬁdei
3021 1580 3577 1647 testamentum,un
3597 1584 3749 1643 esset,
3764 1581 3811 1631 si

540 1663 832 1718 hereditas
851 1665 1035 1731 gloria
1051 1678 1163 1716 non
1178 1666 1307 1716 esset
1322 1666 1388 1717 in
1415 1663 1685 1716 charitate
1713 1659 1802 1717 26.
1823 1662 1966 1716 Nam
1995 1661 2245 1731 (probat)
2263 1661 2311 1714 si
2342 1677 2407 1714 ex
2440 1660 2562 1731 lege
2587 1662 2901 1717 hereditas.
2936 1665 3022 1718 '27.
3050 1666 3170 1734 jam
3202 1681 3314 1719 non
3344 1682 3409 1719 ex
3442 1666 3808 1737 promissione

535 1749 1127 1821 (assumptio)Abrahee
1143 1756 1332 1807 autem
1348 1767 1451 1824 per
1464 1750 2079 1824 repromissionem,per
2089 1750 2501 1817 ﬂdem,donavit
2518 1750 2895 1818 Deus,scilicet
2907 1753 3109 1807 heredi
3113 1759 3298 1808 tatem.
3309 1752 3806 1824 0bjectio.28.Quid

1868 1890 2462 1948 COMMENTARIUS.

607 2018 695 2076 17.
716 2020 966 2077 Christus
993 2035 1091 2074 nos
1113 2019 1346 2074 redemit
1381 2020 1445 2074 de
1483 2019 1795 2073 maledicto.
1820 2018 1970 2072 Dicis
1990 2016 2125 2088 quia
2142 2020 2189 2076 A
2212 2016 2459 2071 certius?
2487 2016 2632 2081 Quid
2662 2018 2944 2089 apertius?

534 2107 717 2164 omnis
741 2108 840 2181 qui
866 2125 981 2164 non
1000 2108 1378 2180 permanserit
1402 2108 1462 2162 in
1492 2108 1581 2162 his
1610 2124 1733 2179 quae
1762 2112 1895 2162 sunt
1918 2106 2126 2176 scripta

529 2196 593 2252 in
613 2196 756 2251 libro
776 2197 962 2268 Legis,
986 2202 1072 2252 est
1093 2196 1459 2264 maledictus;
1491 2196 1573 2251 ita
1599 2202 1657 2251 et
1683 2202 1748 2251 tu
1778 2196 1876 2267 qui
1904 2212 2120 2252 manes.

536 2285 624 2341 Ad
653 2286 759 2341 hoc
783 2286 1086 2357 respondet
1114 2302 1127 2338 :
1157 2286 1410 2341 Christus
1436 2303 1532 2341 nos
1561 2288 1814 2354 redemit,
1843 2290 1950 2344 etc.

601 2373 687 2431 18.
736 2376 983 2429 Αῠρυετ.
1044 2375 1254 2445 (Eapos.
1311 2378 1375 2429 in
1424 2375 1597 2443 Epist.
1642 2376 1715 2427 ad
1762 2374 1881 2429 Gal.
1926 2389 1975 2428 c.
2020 2376 2126 2439 III.)

524 2462 721 2517 Factus
759 2479 865 2533 pro
922 2464 1096 2518 nobis.
1148 2462 1229 2516 Ea
1280 2467 1442 2533 parte
1493 2461 1719 2517 mortali
1763 2461 2027 2533 pependit
2065 2462 2121 2515 in

526 2550 703 2622 ligno.
729 2550 1043 2606 Mortalitas
1066 2556 1253 2605 autem
1276 2550 1427 2605 unde
1455 2550 1529 2605 sit
1548 2556 1747 2605 notum
1776 2555 1863 2604 est
1889 2550 2123 2604 creden-

527 2638 699 2698 tibus.
732 2641 811 2695 Ex
833 2656 1000 2712 poena
1023 2639 1229 2711 quippe
1259 2644 1362 2705 est,
1398 2644 1455 2693 et
1494 2639 1884 2694 maledictione
1908 2640 2121 2711 peccati

521 2729 692 2802 primi
714 2729 980 2796 hominis,
1006 2745 1173 2800 quam
1206 2728 1480 2783 Dominus
1509 2728 1774 2799 suscepit,
1808 2734 1864 2782 et
1893 2735 2119 2800 peccata

518 2824 715 2873 nostra
745 2818 977 2890 pertulit
1005 2816 1063 2872 in
1084 2833 1316 2888 corpore
1344 2833 1445 2872 suo
1471 2833 1643 2888 super
1672 2817 1907 2888 lignum.

586 2907 671 2964 19.
710 2907 919 2964 LANFR.
945 2907 1249 2962 Benedictio
1267 2904 1503 2962 Abrahz
1527 2908 1695 2973 ﬁeret.
1738 2904 1950 2960 Probat
1982 2905 2113 2976 quia

515 2994 675 3060 ﬁdes,
697 3012 812 3051 non
833 2996 942 3061 lex,
975 2995 1074 3049 dat
1100 2994 1402 3066 justitiam.
1437 2994 1585 3049 Nam
1628 2994 1676 3048 si
1724 2995 1810 3048 lex
1834 2995 2113 3065 justitiam

521 3084 703 3151 daret,
729 3101 796 3139 ea
824 3089 1227 3139 testamentum
1255 3082 1389 3138 ﬁdei
1410 3082 1649 3138 Abrahae
1671 3083 1741 3137 ad
1770 3100 1872 3138 nos
1903 3083 2113 3137 factum

515 3172 850 3230 destrueret.
867 3172 1074 3228 Sedlex
1101 3172 1241 3227 illud
1260 3172 1551 3226 destruere
1572 3187 1684 3226 non
1705 3172 1870 3239 valet;
1893 3173 2110 3225 nullum

513 3261 664 3317 enim
684 3261 964 3333 posterius
992 3264 1397 3315 testamentum
1420 3259 1663 3314 destruit
1692 3260 1970 3331 primum;
2014 3261 2112 3314 sed

2278 2103 2366 2161 24.
2403 2108 2645 2161 Auens'r.
2680 2108 2783 2178 (Ea:
2818 2111 3053 2162 Tractat.
3080 2110 3613 2178 Evang.seeundum
3636 2114 3801 2167 Joan.

2206 2190 2316 2262 39.)
2339 2194 2412 2248 In
2438 2197 2645 2249 semine
2670 2201 2784 2250 tuo.
2805 2197 2873 2251 Et
2893 2197 3025 2268 quia
3053 2202 3111 2251 et
3129 2214 3232 2252 nos
3253 2199 3324 2252 ad
3351 2198 3407 2253 id
3429 2201 3803 2270 pertinemus,

2207 2282 2355 2354 quod
2389 2288 2476 2337 est
2503 2283 2760 2338 Christus
2807 2284 2967 2339 nobis
3015 2286 3183 2340 simul
3230 2287 3599 2358 incorporatis
3627 2289 3806 2362 etilli

2204 2371 2374 2442 capiti
2404 2371 2833 2438 cohaerentibus,
2872 2390 3017 2428 unus
3066 2382 3152 2429 est
3179 2375 3457 2439 Christus,
3488 2383 3546 2431 et
3572 2377 3707 2447 quia
3751 2383 3809 2431 et

2204 2459 2366 2514 nobis
2406 2460 2583 2514 dicit:
2626 2463 2770 2528 Ergo
2809 2464 3037 2517 Abrahw
3079 2480 3259 2517 semen
3311 2467 3455 2527 estis,
3496 2468 3802 2520 secundum

2198 2552 2623 2616 promissionem
2680 2550 2912 2603 hzredes
2986 2551 3237 2629 Si_enim
3268 2569 3443 2607 unum
3491 2560 3576 2607 est
3608 2571 3803 2609 semen

2203 2635 2460 2699 Abrahae,
2481 2642 2536 2690 et
2565 2638 2701 2691 illud
2735 2655 2906 2692 unum
2948 2656 3137 2694 semen
3156 2639 3413 2709 Abrahae,
3444 2659 3555 2696 non
3594 2642 3804 2697 intelli-

2199 2725 2355 2795 gitur
2384 2725 2490 2779 nisi
2521 2726 2809 2793 Christus;
2845 2728 2946 2781 hoc
2975 2745 3166 2783 semen
3190 2729 3426 2784 Abrahae
3447 2748 3642 2785 sumus
3663 2748 3798 2797 nos;

2199 2814 2303 2868 hoc
2342 2831 2473 2885 ergo
2504 2820 2705 2880 totum,
2738 2814 2795 2869 id
2826 2824 2928 2880 est,
2961 2823 3131 2888 caput
3158 2824 3213 2871 et
3250 2835 3470 2889 corpus,
3506 2836 3685 2874 unum
3718 2825 3802 2874 est

2199 2903 2471 2956 Christus.

2268 2990 2362 3049 25.
2401 2993 2609 3047 LANFI.
2634 2994 2743 3047 Hoc
2762 2998 2943 3046 autem
2966 2995 3103 3047 dico.
3139 2994 3322 3049 Ordo:
3358 2996 3480 3049 dico
3511 3003 3704 3051 autem
3734 3015 3797 3052 ex

2198 3097 2319 3151 qua:
2346 3087 2470 3150 post
2494 3081 2932 3151 quadringentos
2963 3089 3020 3135 et
3046 3082 3279 3153 triginta
3308 3101 3484 3138 annos
3508 3085 3654 3140 facta
3685 3098 3791 3153 est,

2196 3185 2305 3221 non
2329 3169 2462 3222 facit
2480 3169 2704 3223 irritum
2724 3170 2827 3224 hoc
2843 3176 3261 3225 testamentum.
3283 3173 3339 3226 Si
3369 3173 3517 3227 enim
3548 3175 3653 3228 soli
3686 3175 3790 3229 ob-

2194 3264 2479 3310 servantes
2497 3258 2814 3312 Judaeorum
2847 3260 3027 3330 legem
3046 3260 3102 3313 in
3120 3261 3330 3314 semine
3350 3261 3589 3316 Abrahae
3614 3262 3791 3317 bene-

508 3332 914 3405 testamentum
934 3349 1063 3403 ﬁdei
1086 3353 1172 3403 est
1197 3348 1375 3419 prius,
1406 3348 1494 3402 lex
1524 3347 1823 3419 posterius.
1855 3349 1982 3402 Haec
2014 3366 2106 3402 as-
2134 3332 2529 3412 Bdicerentur,
2555 3363 2619 3400 ex
2652 3349 2892 3417 quadam
2925 3353 3083 3418 parte
3106 3348 3346 3403 irritum
3392 3351 3600 3404 factum
3641 3357 3794 3407 esset

509 3437 756 3510 sumptio
780 3441 868 3493 est
894 3437 952 3491 in
980 3436 1124 3492 libro
1152 3436 1234 3490 ita
1264 3455 1275 3489 :
1311 3438 1422 3491 Hoc
1447 3442 1637 3490 autem
1663 3438 1783 3491 dico
1813 3432 2103 3491 testamen-

512 3530 631 3580 tum
650 3528 1044 3594 conﬁrmatum
1071 3541 1107 3578 a
1132 3527 1369 3591 Deo,etc.
1395 3524 1601 3579 Probat
1624 3541 1658 3579 a
1684 3524 1855 3579 simili
1875 3524 1933 3578 in
1962 3524 2103 3579 libro

509 3613 642 3683 quia
656 3613 873 3668 nullum
889 3613 1167 3684 posterius
1178 3617 1579 3668 testamentum
1595 3612 1837 3667 destruit
1856 3613 2101 3684 primum

508 3700 645 3774 quia
673 3701 733 3756 in
758 3702 1008 3757 humana
1022 3701 1426 3757 consuetudine
1450 3700 1531 3755 ita
1552 3707 1639 3756 est
1657 3702 1804 3773 quod
1818 3708 1976 3773 poste
1984 3702 2099 3756 rius

505 3794 910 3846 testamentum
940 3807 1053 3845 non
1082 3790 1322 3846 destruit
1364 3790 1626 3861 primum,
1658 3796 1880 3845 mortuo
1907 3791 2097 3862 coqui

505 3878 728 3949 fecerit;
761 3886 819 3935 et
843 3880 950 3934 hoc
976 3884 1080 3947 est,
1117 3879 1425 3934 secundum
1452 3878 1739 3933 hominem
1768 3880 1911 3934 dico.
1937 3880 2097 3943 Quod

505 3974 699 4025 autem
728 3967 1056 4041 interponit,
1102 3969 1324 4023 Abraha
1351 3970 1507 4023 dictae
1534 3973 1667 4023 sunt
1680 3971 2092 4038 promissiones,

503 4057 576 4113 ad
609 4058 716 4112 hoc
751 4057 1055 4130 respondet
1073 4058 1223 4129 quod
1240 4061 1533 4128 quaereret,
1554 4056 1601 4110 si
1630 4057 1778 4127 quod
1798 4063 2099 4110 testamen-

502 4151 625 4203 tum
655 4165 691 4203 ει
714 4148 831 4204 Deo
850 4147 926 4202 sit
949 4146 1117 4202 alicui
1146 4147 1560 4210 conﬁrmatum,
1583 4145 1773 4199 dicens
1793 4146 1898 4200 hoc
1927 4146 2099 4200 Abra-

498 4236 587 4294 hae
613 4237 823 4293 factum
852 4253 975 4292 esse
998 4246 1057 4292 et
1079 4235 1281 4291 semini
1310 4235 1449 4307 ejus,
1484 4234 1581 4306 qui
1607 4240 1694 4289 est
1719 4234 1987 4292 Christus.

573 4325 664 4383 20.
683 4328 1142 4381 Pollicitationem
1158 4323 1425 4394 Spiritus,
1444 4323 1503 4378 id
1532 4330 1643 4388 est,
1667 4322 2095 4394 promissionem

502 4413 766 4486 Spiritus,
817 4430 986 4485 quem
1015 4430 1075 4468 se
1103 4413 1371 4469 daturum
1406 4412 1667 4484 promisit
1692 4412 2050 4467 credentibus
2076 4432 2088 4480 ;

500 4501 588 4558 vel
610 4501 1090 4574 justiﬁcationem,
1121 4518 1293 4574 quam
1338 4501 1583 4573 Spiritus
1610 4507 1837 4556 sanctus
1866 4502 2094 4557 creden-

499 4588 653 4646 tibus
681 4589 961 4662 pollicitus
986 4595 1091 4657 est,
1114 4589 1304 4644 dicens
1337 4607 1348 4643 :
1384 4592 1452 4645 In
1477 4592 1683 4644 semine
1715 4595 1827 4659 tuo,
1855 4596 1962 4645 etc.

568 4677 660 4734 21.
690 4680 1094 4747 Con/innatum
1125 4683 1531 4733 testamentum.
1550 4680 1995 4748 Testamentum,
2011 4680 2095 4734 in-

501 4767 645 4841 quit,
669 4766 913 4822 hominis
933 4767 1003 4822 de
1029 4766 1197 4822 rebus
1216 4767 1333 4823 suis
1346 4784 1511 4823 nemo
1540 4768 1775 4840 spernit,
1799 4769 1976 4823 multo
1992 4769 2093 4840 igi-

496 4862 596 4914 tur
611 4856 797 4912 minus
812 4861 1211 4913 testamentum
1234 4857 1354 4923 Dei,
1386 4874 1488 4929 per
1506 4859 1653 4929 quod
1687 4874 1883 4913 omnes
1900 4865 2098 4928 gentes

495 4945 559 5002 in
585 4944 798 5001 semine
826 4944 1064 5002 Abrahae
1109 4945 1519 5001 benedicendas
1555 4962 1676 5001 esse
1704 4952 1943 5000 testatus
1989 4952 2091 5013 est,

493 5034 877 5109 spernendum
902 5042 1005 5091 est.

566 5124 656 5182 22.
701 5125 827 5180 Non
861 5125 999 5179 dicit
1036 5130 1086 5181 et
1113 5127 1437 5181 seminibus.
1476 5122 1543 5179 In
1573 5123 1951 5196 promittendo
1979 5139 2091 5178 non

494 5209 630 5267 dicit
650 5209 807 5266 Deus
836 5227 847 5264 :
876 5210 942 5265 In
980 5210 1289 5266 seminibus
1330 5211 1444 5265 tuis
1485 5211 1870 5265 benedicentur
1907 5226 2091 5265 omnes

492 5306 695 5370 gentes,
728 5300 827 5355 sed
856 5302 923 5355 in
950 5304 1155 5354 semine
1180 5306 1291 5354 tuo.

565 5389 655 5448 23.
678 5389 1006 5445 Anaus'r.Et
1032 5390 1236 5443 semini
1267 5393 1379 5442 tuo.
1414 5386 1499 5441 De
1520 5386 1724 5458 populo
1752 5385 1928 5441 Israel
1957 5392 2092 5442 nata

491 5483 581 5534 est
608 5478 800 5552 Virgo,
834 5481 892 5532 et
918 5478 1137 5551 peperit
1163 5475 1447 5532 Christum
1481 5493 1493 5528 :
1527 5476 1597 5530 Et
1622 5492 1746 5531 ecce
1772 5475 1831 5530 in
1869 5476 2088 5532 Christo

491 5566 901 5626 benedicuntur
944 5582 1141 5622 omnes
1184 5569 1400 5636 gentes.
1458 5564 1605 5629 Quid
1664 5565 1899 5621 verius?
1941 5566 2086 5631 Quid

2188 3438 2589 3487 testamentum
2621 3435 2741 3502 Dei,
2777 3442 2834 3489 et
2871 3443 3137 3490 evacuate
3165 3438 3460 3508 promissio
3506 3440 3643 3509 ejus,
3681 3456 3796 3511 qua

2186 3538 2381 3576 omnes
2408 3529 2607 3593 gentes
2631 3524 2690 3578 in
2721 3526 2937 3580 semine
2964 3524 3202 3581 Abrahae
3232 3525 3636 3582 benedicendas
3668 3546 3793 3584 esse

2185 3610 2463 3680 promisit.

2251 3713 2340 3773 26.
2374 3716 2517 3769 Nam
2546 3719 2596 3769 si
2615 3734 2679 3770 ea:
2708 3718 2817 3784 lege
2859 3719 3167 3773 hereditas.
3212 3720 3529 3775 Benedictio
3561 3721 3643 3775 vel
3673 3721 3791 3777 hie-

2180 3803 2391 3857 reditas
2416 3821 2515 3875 per
2540 3805 2707 3860 ﬁdem
2748 3811 2968 3861 tantum
2994 3808 3292 3878 accipitur;
3341 3826 3452 3864 non
3499 3810 3647 3865 enim
3687 3828 3790 3884 per

2178 3892 2378 3961 legem,
2411 3894 2543 3964 quia
2594 3894 2679 3948 lex
2710 3901 3111 3951 testamentum
3141 3898 3268 3951 ﬁdei
3299 3915 3329 3951 a
3362 3899 3477 3953 Deo
3506 3899 3578 3954 ad
3606 3899 3784 3954 Abra-

2178 3980 2309 4034 ham
2341 3981 2497 4051 prius
2525 3983 2917 4037 conﬁrmatum
2947 4001 3059 4039 non
3098 3986 3356 4039 destruit.
3403 3986 3547 4057 Ergo
3595 3987 3642 4041 si
3690 3988 3782 4042 lex

2179 4085 2293 4123 non
2312 4069 2554 4124 destruit
2566 4076 2964 4126 testamentum
2995 4074 3143 4137 ﬁdei,
3176 4090 3289 4128 non
3318 4074 3416 4129 dat
3436 4075 3779 4130 benedictio-

2180 4174 2307 4212 nem
2375 4159 2458 4213 vel
2508 4160 2910 4215 baareditatem.
2959 4161 3064 4216 Sed
3105 4179 3219 4216 non
3255 4163 3494 4217 destruit
3532 4164 3780 4219 hominis

2182 4252 2583 4302 testamentum
2619 4250 3032 4316 conﬁrmatum,
3064 4250 3219 4305 aliud
3248 4257 3648 4307 testamentum
3681 4270 3782 4324 po-

2180 4336 2383 4390 sterius
2411 4336 2639 4404 factum,
2665 4354 2699 4391 a
2718 4338 2907 4405 simili,
2930 4339 3035 4393 hoc
3065 4338 3248 4394 simile
3270 4341 3633 4411 praemittitur
3650 4359 3778 4413 pro-

2175 4433 2437 4503 positioni
2462 4432 2780 4504 probandaa,
2799 4434 2949 4503 quod
2968 4433 3054 4487 lex
3078 4450 3191 4488 non
3213 4434 3453 4489 destruit
3470 4439 3779 4489 testamen-

2176 4527 2316 4588 tum,
2345 4522 2493 4592 quod
2530 4522 2612 4576 ita
2648 4527 2734 4575 est
2765 4521 2824 4575 in
2866 4521 3009 4576 libro
3043 4539 3055 4574 :
3097 4524 3206 4576 Hoc
3242 4529 3429 4578 autem
3468 4525 3587 4578 dico
3617 4529 3780 4577 testa-

2107 4608 2150 4668 C
2173 4616 2421 4665 mentum
2452 4613 2842 4678 conﬁrmatum
2861 4627 2897 4664 a
2926 4611 3050 4677 Deo,
3078 4617 3184 4666 etc.

2243 4730 2332 4789 27.
2359 4735 2487 4787 Jam
2519 4748 2632 4787 non
2660 4748 2728 4785 ex
2746 4735 3136 4803 promissione,
3163 4734 3220 4788 id
3252 4738 3359 4800 est,
3390 4733 3436 4789 si
3460 4734 3518 4789 hi
3543 4736 3649 4790 soli
3675 4736 3778 4808 qui

2178 4822 2360 4892 legem
2385 4822 2703 4875 Judaaorum
2725 4823 3040 4887 observant,
3065 4822 3310 4877 heredes
3338 4830 3488 4887 sunt,
3508 4826 3629 4895 jam
3658 4841 3779 4880 non

2178 4909 2346 4963 datur
2370 4909 2667 4963 hereditas
2692 4909 2998 4964 secundum
3028 4911 3455 4981 promissionem
3491 4912 3614 4980 Dei,
3646 4929 3780 4985 qua:

2178 4998 2247 5052 de
2265 4997 2524 5052 omnibus
2552 4998 2703 5053 dicit.

2245 5121 2333 5179 28.
2367 5123 2609 5177 Arausr.
2643 5124 2728 5191 (ea:
2753 5139 2918 5178 serm.
2954 5121 3018 5178 13
3047 5125 3110 5178 de
3135 5125 3279 5178 verb.
3320 5126 3481 5194 Apost
3510 5164 3525 5192 ,
3556 5141 3681 5195 cap.
3717 5123 3774 5193 4,

2173 5215 2311 5264 tom.
2345 5212 2408 5280 X)
2482 5212 2632 5278 Quid
2658 5213 2837 5278 igitur
2866 5216 2956 5267 lea:
2976 5218 3000 5265 Ρ
3030 5212 3172 5276 Quid
3205 5212 3381 5283 igitur
3406 5213 3538 5267 lex?
3570 5213 3775 5279 Quasi,

2174 5316 2296 5370 qua:
2327 5299 2537 5353 utilitas
2565 5298 2740 5370 legis?
2761 5299 3229 5370 praevaricationis
3251 5301 3437 5372 gratia
3454 5301 3637 5372 posita
3658 5306 3773 5369 est;

2173 5387 2279 5441 hoc
2306 5394 2392 5442 est
2422 5387 2568 5457 quod
2599 5387 2732 5441 alibi
2755 5387 2961 5442 dicitur
2987 5408 2997 5442 :
3024 5389 3115 5442 lex
3137 5388 3288 5442 enim
3310 5388 3664 5453 subintravit,
3708 5396 3780 5445 ut

2172 5474 2487 5531 abundaret
2524 5476 2807 5543 delictum,
2849 5476 3322 5547 praevaricationis
3358 5477 3543 5548 gratia
3580 5476 3780 5548 posita

2170 5572 2275 5621 est.
2299 5565 2457 5621 Unde
2486 5564 2880 5621 humiliaretur
2918 5565 3099 5621 cervix
3127 5564 3495 5637 superborum
3518 5564 3773 5621 multum
