3936 6178
1218 194 1247 210 θ

239 286 313 345 ‘273
808 289 885 343 IN
926 288 991 343 D.
1034 289 1250 345 PAULI
1290 290 1513 347 EPIST.
1557 291 1930 347 COMMENT.
1977 323 2035 333 --
2080 291 2300 349 EPIST.
2342 293 2438 349 AD
2478 292 2735 349 GALAT.
3308 288 3416 350 274

233 416 285 470 ad
300 413 422 482 quid,
451 410 613 482 igitur
642 411 729 465 lex
758 418 837 466 est
866 415 1045 481 posita
1062 419 1086 467 Ρ
1111 416 1394 483 Responsio
1441 415 1532 471 29.
1565 417 1801 487 Propter
1826 416 2330 486 transgressionem
2365 417 2450 487 (ne
2470 420 2594 486 quis
2620 418 2823 485 faceret
2848 416 3007 471 ultra
3034 417 3180 486 quod
3207 418 3422 485 facien'

231 505 326 557 dum
355 504 472 562 esset)
500 500 677 570 posita
702 506 807 567 est,
839 506 1043 555 scilicet
1093 506 1196 567 lex,
1228 501 1297 559 30
1324 505 1501 559 donec
1530 506 1746 560 veniret
1772 505 1835 562 3l
1892 521 2102 571 semen,
2144 506 2234 560 cui
2264 505 2622 577 promiserat.
2654 506 2794 560 Deus
2812 508 3126 574 justitiam,
3156 509 3238 559 uel
3269 507 3421 562 bene-

231 593 471 654 dictionem,
502 588 758 642 ordinata
789 593 875 644 leo:
915 607 1017 661 per
1045 592 1273 662 angelos
1317 592 1372 646 in
1408 610 1576 648 manu
1602 599 1859 663 potestate
1890 593 2231 659 Mediatoris,
2279 596 2505 662 Christi,
2538 592 2625 650 32.
2665 592 2939 648 Mediator
2974 598 3184 661 autem,
3216 610 3283 649 ne
3310 596 3420 649 duo

232 681 616 746 intelligerentur,
645 680 848 742 subdit,
882 679 1049 734 unius
1074 696 1185 734 non
1211 686 1324 747 est;
1351 679 1436 737 33.
1462 683 1609 736 Deus
1634 688 1823 737 autem
1846 700 1992 738 unus
2018 688 2122 738 est.
2150 682 2239 749 34,
2266 681 2354 740 35.
2388 683 2497 737 Lex
2525 697 2658 752 ergo
2685 682 2953 736 adversus
2974 681 3252 752 promissa
3274 683 3420 738 Dei?

225 768 369 823 Absit!
407 765 480 822 36.
511 766 568 820 Si
613 767 764 821 enim
795 767 928 821 data
957 774 1108 822 esset
1148 769 1253 834 lex,
1298 787 1423 840 quae
1453 777 1641 841 posset
1668 771 1964 833 vivilicare,
2019 778 2197 837 I29
2219 788 2349 827 vere
2380 789 2444 826 ex
2474 772 2598 842 lege
2626 776 2773 825 esset
2801 770 3038 841 justitia.
3071 769 3158 837 37,
3187 770 3275 827 38.
3308 771 3421 826 Sed

226 856 431 911 conclusit
450 856 733 927 Scriptura
764 858 952 912 omnia
985 858 1088 912 sub
1123 865 1367 927 peccato,
1400 866 1464 914 ut
1493 860 1790 931 promissio
1819 877 1888 915 ex
1921 861 2029 914 ﬁde
2057 862 2084 915 J
2091 877 2188 915 esu
2219 860 2426 915 Christi
2465 860 2696 914 daretur
2724 859 3095 913 credentibus.
3132 860 3365 929 Objectio
3398 879 3416 916 :

223 946 352 999 alicui
366 960 473 1011 ergo
495 944 626 997 data
648 949 726 997 est
748 948 868 998 lex?
891 945 1054 1000 Prius
1073 952 1262 1001 autem
1288 964 1458 1018 quam
1480 948 1694 1003 veniret
1714 949 1870 1014 ﬁdes,
1894 954 2023 1003 ante
2046 950 2253 1004 Christi
2281 952 2545 1015 natalem,
2568 948 2672 1003 sub
2700 949 2823 1020 lege
2845 947 3300 1004 custodiebamur
3322 949 3412 1005 39.

223 1034 422 1098 conclusi,
440 1033 525 1100 (ne
549 1035 704 1086 ultra
726 1050 893 1103 quam
909 1036 1050 1089 decet
1064 1036 1394 1104 faceremus)
1412 1053 1509 1090 nos
1530 1039 1676 1090 ituri
1694 1036 1752 1091 in
1778 1053 1901 1091 eam
1930 1038 2098 1091 ﬁdem
2128 1054 2251 1108 quae
2280 1037 2582 1092 revelanda
2610 1042 2756 1095 erat.
2796 1036 2994 1108 Itaque
3022 1037 3130 1104 lex,
3159 1039 3413 1109 paedago-

219 1139 291 1194 gus
326 1127 488 1176 noster
505 1123 661 1191 (quia
682 1124 746 1176 in
777 1126 899 1192 ipsa
919 1124 1380 1189 custodiebamur,
1404 1126 1547 1194 quod
1575 1131 1649 1179 est
1670 1128 1916 1194 ofﬁcium
1939 1122 2234 1196 padagogo
2255 1126 2435 1181 fuitin
2458 1126 2700 1191 Christo,
2723 1130 2788 1181 ut
2802 1142 2866 1180 ex
2886 1126 2997 1181 ﬁde
3014 1126 3410 1197 justiﬁcemur.

219 1213 268 1266 At
285 1210 374 1273 ubi,
403 1216 518 1264 nato
550 1210 782 1276 Christo,
814 1212 962 1266 venit
990 1212 1145 1278 ﬁdes,
1168 1215 1287 1284 jam
1314 1230 1425 1268 non
1454 1231 1650 1269 sumus
1678 1218 1964 1269 constricti
1993 1214 2096 1269 sub
2126 1216 2446 1287 paedagogo,
2484 1221 2543 1270 ut
2569 1218 2732 1270 servi.
2773 1211 2862 1281 40,
2892 1214 2983 1271 41.
3017 1215 3227 1270 Omnes
3256 1217 3410 1271 enim

216 1300 284 1354 lilii
306 1299 385 1354 Dei
405 1299 527 1353 estis
547 1316 648 1371 per
676 1300 864 1365 ﬁdem,
886 1318 1008 1372 quae
1029 1307 1114 1355 est
1140 1302 1196 1356 in
1215 1302 1436 1357 Christo
1458 1304 1485 1357 J
1493 1320 1610 1358 esu.
1637 1304 1881 1358 Ostendit
1908 1321 2010 1357 cur
2032 1306 2210 1372 fideles
2234 1307 2344 1371 ﬁlii
2361 1306 2461 1358 Dei
2478 1307 2611 1358 sint.
2636 1303 2967 1375 Quicunque
2992 1303 3142 1358 enim
3167 1304 3225 1358 in
3246 1305 3411 1359 Chri-
3472 1315 3479 1323 '

214 1388 511 1458 stoleptizati
533 1389 686 1453 estis,
712 1389 998 1444 Christum
1018 1390 1296 1445 induistis.
1316 1390 1404 1448 42.
1433 1393 1556 1446 Νοη
1586 1397 1673 1446 est
1690 1392 1935 1458 Judaeus,
1963 1410 2148 1464 neque
2173 1392 2399 1447 Graecus
2425 1410 2435 1444 :
2471 1393 2601 1461 (non
2620 1399 2695 1446 est
2725 1394 3042 1460 differentia
3064 1393 3264 1462 gentis)
3296 1409 3411 1447 non

214 1482 273 1530 est
292 1492 466 1543 servus,
498 1492 683 1547 neque
712 1477 885 1544 liber;
916 1480 1022 1549 (vel
1050 1481 1433 1549 conditionis);
1464 1495 1577 1534 non
1608 1486 1694 1534 est
1725 1482 2024 1547 masculus,
2058 1498 2239 1553 neque
2276 1480 2503 1536 femina.
2538 1482 2640 1552 [vel
2675 1480 2859 1554 sexus]
2888 1479 2978 1535 43.
3014 1481 3223 1537 Omnes
3261 1482 3413 1537 enim

210 1582 278 1618 vos
298 1581 441 1619 unum
468 1566 599 1619 estis
620 1565 680 1619 in
710 1567 932 1621 Christo
959 1569 1091 1622 Jesu
1116 1566 1202 1623 44.
1230 1569 1288 1623 Si
1309 1574 1501 1623 autem
1528 1585 1622 1622 vos
1638 1569 1882 1635 Christi;
1916 1573 1965 1623 si
1991 1573 2053 1623 in
2085 1569 2388 1636 Christum,
2418 1572 2625 1641 inquit,
2644 1571 2898 1636 credatis,
2922 1572 3412 1639 spirituatesemen

210 1655 384 1707 Abruhz
405 1658 537 1719 estis,
570 1656 849 1713 imitando
873 1671 1016 1717 eunt,
1052 1658 1106 1716 (a
1125 1659 1275 1724 pari)
1302 1655 1395 1727 45,
1424 1652 1515 1715 46.
1558 1672 1691 1732 ergo
1721 1674 1911 1716 semen
1936 1657 2174 1716 Abrahae
2204 1657 2359 1724 estis,
2392 1659 2654 1716 credendo
2691 1659 2835 1715 sicut
2871 1659 2985 1728 ipse
3026 1658 3077 1728 (a
3098 1660 3252 1729 pars)
3282 1673 3407 1728 ergo

209 1742 448 1797 secundum
473 1743 906 1816 promissionem
935 1744 1201 1802 haeredes.

1496 1872 2091 1929 COMMENTARIUS.
2198 1868 2201 1871 ’

204 1965 280 2020 sibi
294 1966 647 2033 tribuentium,
671 1973 738 2023 ut
758 1967 997 2023 liberum
1021 1967 1319 2023 arbitrium
1336 1968 1442 2023 sibi
1464 1972 1794 2040 putarentA
1884 1968 1973 2027 37.
2005 1972 2254 2025 AMBROS.
2277 1968 2382 2025 Sed
2401 1970 2685 2025 conclusit.
2711 1967 3007 2023 Conclusio
3034 1982 3233 2023 eorum
3259 1971 3407 2038 erat,

201 2071 321 2125 posse
344 2056 577 2110 sufﬁcere
610 2057 683 2111 ad
704 2056 1007 2127 justitiam.
1809 2058 1982 2113 timor
2007 2059 2177 2113 unius
2214 2059 2337 2114 Dei.

248 2145 316 2199 '29.
341 2147 578 2200 Alanos.
603 2149 835 2215 Propter
867 2148 1346 2215 transgressiones.
1373 2146 1729 2217 Superbienti
1882 2145 1970 2202 38.
2006 2145 2214 2202 Lmen.
2248 2148 2353 2204 Sed
2378 2151 2644 2203 conclusit
2670 2145 2984 2216 Scriptura.
3010 2145 3297 2201 Conclusit
3318 2146 3407 2201 lex

199 2234 354 2303 populo
372 2233 447 2287 lex
469 2235 651 2306 posita
677 2241 781 2297 est.
801 2242 864 2290 ut
884 2236 1146 2306 quoniam
1165 2235 1408 2304 gratiam
1436 2235 1729 2290 charitatis
1811 2234 2002 2290 omnia
2030 2236 2135 2291 sub
2162 2242 2407 2308 peccato,
2426 2238 2513 2292 vel
2535 2237 2667 2309 quia
2685 2234 2927 2306 perfecte
2946 2234 3165 2290 nullum
3191 2235 3402 2291 malum

196 2321 273 2375 nisi
295 2322 597 2379 humiliatus
622 2324 876 2395 accipere
905 2341 1017 2379 non
1046 2331 1254 2395 posset,
1278 2325 1727 2395 transgressione
1809 2322 2066 2379 liberavit
2084 2341 2118 2379 a
2141 2330 2389 2396 peccato,
2412 2326 2498 2380 vel
2518 2325 2652 2397 quia
2669 2331 2858 2378 tamen
2880 2322 3124 2379 diﬂicilis
3143 2323 3278 2378 data
3293 2328 3397 2389 est,

196 2409 539 2479 humiliaretur,
563 2419 633 2468 ut
660 2419 937 2484 quaereret
963 2414 1227 2483 gratiam.
1808 2418 1872 2466 ut
1905 2429 2031 2468 cum
2076 2413 2299 2485 impleri
2328 2429 2442 2482 non
2469 2420 2677 2487 posset,
2714 2412 3167 2485 praevaricatores
3205 2429 3403 2469 omnes

241 2497 309 2555 30.
334 2501 520 2557 Lssrn.
552 2504 736 2557 Donec
763 2505 971 2558 veniret
997 2519 1179 2557 semen
1222 2506 1315 2557 cui
1326 2546 1339 2559 .
1373 2501 1529 2556 Deus
1557 2503 1727 2558 Pater
1807 2502 2191 2558 constitueret.

191 2587 508 2643 hereditatem
536 2590 717 2645 totius
737 2591 931 2646 mundi
960 2591 1299 2663 promiserat
1318 2591 1562 2659 Christo,
1579 2593 1726 2669 sicut
1879 2588 1968 2647 39.
2000 2592 2257 2647 Conclusi
2284 2594 2349 2647 in
2376 2608 2498 2646 eam
2526 2593 2712 2660 ﬁdem.
2733 2589 3010 2657 Conclusi,
3039 2588 3098 2644 id
3133 2594 3238 2656 est,
3267 2605 3403 2645 con-

187 2675 228 2729 in
248 2677 462 2747 psalmo:
493 2681 722 2734 Postuta
749 2696 785 2734 a
816 2697 921 2745 me,
953 2685 1002 2734 et
1021 2682 1160 2735 dabo
1187 2683 1290 2735 tibi
1317 2686 1519 2749 gentes,
1553 2687 1657 2736 etc.
1710 2683 1731 2701 ‘
1805 2678 1985 2738 stricti
2020 2682 2225 2735 timore
2269 2680 2422 2735 velut
2450 2680 2595 2735 servi
2637 2695 2883 2742 eramus,
2917 2678 2975 2733 in
3014 2678 3402 2750 expectatione

235 2763 303 2819 3i.
329 2767 557 2822 Aueusr.
591 2769 813 2838 (Expos.
867 2770 1038 2837 Epist.
1077 2771 1170 2823 ad.
1217 2769 1420 2835 (κιαι,
1468 2786 1589 2841 cap.
1638 2785 1719 2838 m,
1806 2768 1925 2838 ejus
1954 2769 2107 2835 ﬁdei,
2143 2786 2265 2840 qua;
2296 2769 2595 2823 revelanda
2618 2773 2742 2823 erat
2767 2767 2827 2822 in
2853 2767 3097 2822 adventu
3124 2767 3352 2822 Christi.

184 2856 282 2908 tom.
301 2854 615 2923 lV.)Semen
636 2859 731 2910 cui
746 2861 1024 2926 promisit.
1040 2859 1244 2913 Semen
1265 2858 1354 2913 cui
1379 2859 1721 2929 promissum
1873 2854 1962 2913 40.
1997 2858 2192 2913 Omnes
2218 2861 2368 2912 enim
2396 2860 2508 2925 ﬁlii
2526 2859 2644 2911 Dei.
2667 2854 2876 2910 Probat
2902 2856 3036 2925 quia
3064 2870 3177 2909 non
3203 2871 3400 2911 sumus

183 2945 497 3014 estpopulum
529 2946 817 3015 signiﬁcat
840 2947 1206 3001 credentium.
1801 2945 1943 2999 servi
1988 2945 2091 3000 sub
2139 2946 2442 3017 padagogo
2482 2946 2636 3016 lege;
2683 2960 2815 2998 nam
2856 2942 3040 3008 liberi,
3073 2942 3131 2997 id
3159 2948 3264 3010 est,
3295 2943 3399 2998 ﬁlii

230 3027 537 3090 32.AxBnos.
566 3036 841 3089 Mediator
855 3042 1058 3090 autem.
1081 3036 1137 3091 Si
1156 3036 1332 3091 Filius
1349 3037 1449 3091 Dei
1472 3038 1714 3092 naturali
1800 3034 1953 3101 estis,
1978 3034 2113 3105 quia
2140 3035 2425 3089 Christum
2454 3032 2734 3096 induistis,
2768 3032 2825 3087 id
2856 3037 2942 3087 est
2969 3032 3089 3101 ejus
3116 3047 3288 3103 opera
3310 3032 3397 3087 fa-

177 3121 439 3189 equalitate
466 3140 701 3178 manere
732 3124 914 3181 vellet.
951 3141 1021 3179 ne
1047 3141 1107 3178 se
1135 3124 1451 3180 exinaniret
1476 3127 1714 3180 formam
1798 3122 1940 3178 citis.
1976 3124 2184 3179 Omnes
2212 3122 2364 3177 enim
2390 3121 2657 3193 baptizati
2679 3120 2967 3176 Christum
2987 3120 3263 3188 induunt;
3298 3121 3397 3176 sed

177 3209 283 3262 servi
296 3212 573 3282 accipiens,
588 3229 702 3267 non
723 3227 871 3267 esset
887 3213 1163 3268 Mediator
1183 3214 1286 3268 Dei
1308 3220 1365 3268 et
1390 3215 1710 3281 hominum;
1796 3228 1893 3265 vos
1928 3213 2062 3266 estis
2091 3212 2371 3283 baptizati.
2402 3212 2547 3282 Ergo
2587 3210 2875 3265 Christum
2907 3208 3189 3266 induistis.
3229 3210 3392 3278 Item,

176 3297 274 3363 quia
292 3300 400 3369 ipsa
426 3302 679 3356 Trinitas
710 3318 857 3356 unus
884 3308 969 3356 est
993 3303 1161 3356 Deus.
1184 3303 1275 3357 Sic
1303 3302 1492 3371 itaque
1519 3302 1716 3357 unicus
1732 3293 1777 3351 Β
1798 3302 1946 3372 quod
1966 3318 2160 3357 omnes
2179 3301 2440 3373 baptizati
2458 3299 2747 3356 Christum
2761 3299 3023 3366 induunt;
3043 3298 3231 3353 nullus
3245 3297 3396 3352 enim

175 3382 306 3440 Filius
322 3388 410 3443 Dei
430 3391 713 3445 Mediator
732 3391 834 3445 Dei
863 3398 920 3445 et
946 3391 1235 3445 hominum
1258 3390 1435 3446 factus
1464 3398 1570 3458 est,
1587 3408 1713 3446 cum
1798 3391 2092 3462 excipitur,
2114 3397 2172 3445 et
2198 3392 2304 3445 hoc
2327 3396 2429 3456 est,
2456 3407 2571 3445 non
2595 3391 2835 3455 Judzus,
2871 3386 3085 3442 scilicet
3109 3390 3391 3457 exceptus,

171 3472 363 3531 Verbum
392 3479 485 3532 Dei
522 3480 681 3534 Deus
709 3480 856 3551 apud
891 3481 1064 3534 Deum
1094 3486 1151 3533 et
1180 3480 1527 3549 majestatem
1555 3497 1714 3535 suam
1800 3496 1969 3549 neque
1998 3480 2231 3545 Graecus,
2255 3485 2361 3534 etc.
2412 3479 2558 3549 Ergo
2595 3477 2693 3548 qui
2718 3475 2985 3548 baptizati
3013 3475 3168 3541 estis,
3200 3474 3394 3529 Chris-

173 3575 305 3633 nsque
322 3566 390 3620 ad
409 3567 723 3622 humanam
742 3568 1019 3637 deposuit,
1041 3574 1096 3622 et
1126 3568 1503 3623 humilitatem
1520 3571 1715 3624 huma-
1796 3574 1917 3624 tum
1931 3569 2215 3635 induistis,
2239 3569 2344 3623 hoc
2354 3573 2456 3634 est,
2482 3583 2666 3623 omnes
2679 3568 2829 3620 enim
2840 3581 2930 3620 vos
2941 3580 3123 3618 unum
3136 3565 3281 3617 estis.

169 3666 262 3705 nam
286 3671 447 3726 usque
473 3658 543 3711 ad
585 3657 836 3712 divinam
867 3657 1121 3712 subvexit
1155 3662 1221 3712 ut
1256 3658 1530 3713 Mediator
1565 3658 1715 3713 inter
1866 3657 1956 3714 41.
1983 3661 2236 3713 Auavs'r.
2273 3658 2453 3725 (ibid.)
2482 3656 2676 3712 Omnes
2695 3657 2847 3708 enim
2866 3656 2994 3722 ﬁlii.
3022 3651 3183 3717 Quod
3198 3656 3390 3708 autem

168 3737 302 3796 Deum
325 3751 378 3798 et
402 3746 667 3800 homines
687 3748 874 3801 homo.
1793 3747 1931 3801 dicit
1952 3748 2053 3801 Dei
2083 3747 2227 3801 ﬁlios
2257 3763 2381 3801 esse
2407 3762 2507 3817 per
2525 3744 2712 3809 ﬁdem,
2734 3742 2867 3814 quia
2893 3741 3201 3797 induerunt
3222 3741 3386 3796 Chri-

215 3827 282 3885 33.
318 3833 511 3889 LANFB.
548 3838 693 3890 Deus
730 3841 915 3889 autem
946 3852 1094 3890 unus
1122 3842 1216 3889 est.
1249 3835 1392 3899 Quia
1421 3836 1705 3891 Christum
1788 3841 1939 3890 stum
1989 3836 2308 3907 quicunque
2345 3834 2404 3889 in
2435 3833 2657 3889 Christo
2699 3830 2965 3902 baptizati
2997 3835 3149 3897 sunt,
3182 3830 3253 3885 ad
3282 3830 3388 3886 hoc

165 3916 268 3972 dixit
290 3921 439 3990 [sup.,
469 3924 868 3994 Mediatorem]
903 3925 995 3977 Dei
1024 3924 1281 3979 videlicet
1304 3934 1361 3979 et
1392 3925 1702 3992 hominum,
1787 3925 1936 3979 valet
1963 3941 2034 3979 ne
2050 3931 2248 3995 gentes
2266 3924 2337 3978 de
2363 3940 2423 3979 se
2443 3924 2824 3994 desperarent,
2850 3920 2947 3991 qui
2971 3936 3085 3975 non
3105 3919 3386 3976 custodie-

164 4013 205 4059 et
228 4008 455 4066 Christus
484 4018 595 4080 est,
628 4012 963 4066 videbantur
991 4030 1113 4067 esse
1143 4013 1254 4067 duo
1275 4013 1371 4076 dii,
1405 4014 1503 4068 sed
1530 4014 1705 4069 absit!
1790 4014 1996 4069 bantur
2022 4013 2125 4068 sub
2150 4014 2472 4085 paedagogo.

164 4092 282 4150 Unus
294 4100 428 4154 enim
445 4102 616 4167 Deus,
632 4102 822 4168 Pater,
840 4108 896 4156 et
911 4102 1102 4166 Filius,
1124 4108 1181 4156 et
1202 4102 1701 4172 Spiritussanctus.
1858 4102 1946 4159 42.
1978 4104 2225 4158 AMBROS.
2258 4102 2381 4157 Νοη
2420 4106 2495 4155 est
2520 4101 2760 4155 Judaeus.
2791 4095 3119 4152 Diﬁ'erentia
3154 4095 3265 4150 ista
3294 4097 3380 4152 vel

207 4182 277 4242 34.
299 4189 393 4242 ια·
415 4207 545 4259 ergo
569 4193 838 4245 adversus
855 4194 1129 4259 promissa
1160 4192 1276 4245 Dei.
1318 4193 1481 4256 ltem,
1504 4191 1706 4262 probat
1783 4194 2057 4263 gentium,
2086 4192 2171 4246 vel
2192 4190 2552 4258 conditionis,
2580 4188 2661 4243 vel
2684 4203 2866 4249 sexus,
2892 4186 3013 4256 jam
3032 4183 3258 4255 quidem
3284 4182 3380 4239 ab-

160 4275 271 4341 quod
293 4277 367 4331 lex
409 4295 521 4333 non
548 4281 653 4333 dat
691 4279 1099 4343 hereditatem,
1137 4280 1219 4332 vel
1251 4279 1696 4349 promissionem,
1784 4282 1900 4335 lata
1926 4287 2013 4335 est
2035 4279 2105 4334 ab
2129 4280 2346 4335 unitate
2367 4278 2518 4345 ﬁdei,
2537 4277 2636 4333 sed
2654 4280 2847 4331 manet
2872 4273 2931 4328 in
2957 4273 3376 4329 conversatione

156 4362 216 4414 τε]
241 4361 665 4422 benedictionem
690 4386 705 4432 ;
739 4383 868 4421 nam
897 4367 945 4421 si
971 4367 1056 4421 lex
1087 4367 1267 4434 daret,
1296 4368 1612 4439 promissio,
1643 4369 1699 4423 id
1782 4370 2003 4424 morali.

153 4453 368 4521 estﬁdes,
400 4473 514 4510 non
557 4457 765 4526 daret;
812 4456 908 4510 sed
944 4456 1239 4527 promissio
1288 4462 1508 4511 tantum
1547 4458 1701 4513 dedit
1852 4457 1940 4515 43.
1971 4460 2220 4513 Auevsr.
2258 4457 2435 4526 (ibid.)
2465 4456 2658 4511 Omnes
2685 4457 2836 4508 enim
2865 4470 2973 4509 vos.
3004 4454 3071 4509 In
3100 4457 3375 4524 quantum

150 4536 338 4598 Abrahz
375 4545 791 4601 hereditatem.
826 4546 970 4616 Ergo
1009 4545 1094 4599 lex
1124 4562 1236 4600 non
1265 4547 1361 4599 dat
1400 4547 1699 4602 haeredita-
1732 4613 1749 4616 Α
1781 4549 1912 4603 enin
1933 4548 2127 4602 ﬁdeles
2146 4553 2280 4602 sunt
2300 4562 2517 4612 omnes,
2540 4560 2715 4599 unum
2739 4543 2957 4598 suntin
2976 4543 3198 4598 Christo
3218 4543 3371 4598 Jesu.

150 4632 249 4695 lem,
270 4634 404 4703 quod
423 4640 527 4700 est,
555 4639 651 4689 lea:
677 4650 805 4703 ergo
828 4613 1089 4688 aduersus
1119 4638 1395 4706 promissa
1422 4636 1520 4690 Dei
1541 4642 1565 4689 ?
1718 4613 1761 4673 Ο
1779 4637 1895 4691 Etsi
1924 4638 2029 4691 hoc
2052 4637 2191 4692 ﬁdes
2218 4636 2369 4702 facit,
2402 4651 2502 4707 per
2530 4650 2699 4705 quam
2727 4632 2786 4688 in
2811 4635 2911 4687 hac
2939 4632 3051 4687 vita
3072 4632 3226 4703 juste
3255 4647 3371 4686 am-

198 4714 267 4773 35.
291 4722 534 4778 AueUs'r.
573 4724 683 4778 Lee:
716 4739 843 4790 ergo
886 4725 1166 4778 adversus.
1216 4723 1470 4795 Replicat
1514 4725 1695 4797 ipsam
1778 4725 2020 4792 bulatur,
2047 4733 2257 4797 quanto
2280 4724 2579 4797 perfectius
2598 4728 2768 4795 atque
2790 4721 3129 4778 cumulatius
3156 4720 3216 4776 id
3239 4737 3368 4793 spes

148 4810 478 4872 inﬂationem.
1777 4814 1900 4886 ipsa
1925 4815 2143 4870 factura
2165 4820 2268 4881 est,
2294 4830 2422 4869 cum
2445 4812 2759 4867 videbimus
2789 4811 2932 4866 facie
2955 4811 3029 4865 ad
3059 4810 3277 4865 faciem.

196 4891 265 4949 36.
291 4899 494 4954 Lassa.
526 4900 596 4956 Si
644 4903 794 4955 enim
823 4902 955 4955 data
993 4906 1119 4954 esset
1155 4905 1262 4955 leae.
1300 4900 1440 4955 Item
1472 4900 1690 4972 probat.
1848 4903 1935 4960 44.
1974 4906 2150 4971 (ibid.)
2179 4903 2242 4960 Si
2269 4907 2456 4957 autem
2497 4918 2587 4956 vos
2619 4902 2842 4957 Christi.
2878 4900 2939 4956 Si
2967 4905 3160 4957 autem
3188 4904 3255 4955 ut
3279 4899 3371 4956 hic

146 4979 224 5037 Lex
244 5002 341 5042 non
360 4990 460 5045 dat
488 4989 906 5055 hereditatem,
939 4988 1071 5060 quia
1089 5006 1199 5044 non
1226 4990 1325 5053 dat
1352 4990 1541 5055 vitam,
1563 4990 1695 5060 quia
1776 4992 2284 5063 subdistinguatur,
2324 4996 2384 5048 et
2418 4990 2791 5046 subaudiatur
2828 5008 2840 5044 :
2893 4991 2984 5045 Vos
3021 5005 3204 5045 unum
3242 4992 3369 5044 estis

147 5068 178 5121 ἀ
196 5071 264 5127 lex
287 5077 441 5133 daret
467 5079 673 5143 vitam,
711 5079 872 5133 daret
912 5084 971 5132 et
992 5079 1273 5149 justitiam
1315 5082 1369 5147 (a
1405 5079 1570 5150 pari),
1594 5080 1691 5133 sed
1776 5085 1839 5136 in
1869 5083 2081 5137 Christo
2107 5084 2261 5147 Jesu;
2294 5096 2360 5135 ac
2386 5079 2589 5136 deinde
2616 5080 2928 5135 inferatur;
2959 5079 3105 5147 Ergo
3134 5078 3369 5135 Abrahae

144 5173 225 5215 non
255 5164 343 5220 dat
382 5167 696 5238 justitiam,
730 5168 863 5239 quia
908 5168 1098 5221 omnia
1145 5174 1280 5222 sunt
1323 5168 1427 5223 sub
1466 5174 1693 5239 peccato
1774 5186 1953 5224 semen
1977 5173 2119 5224 estis.

144 5251 253 5319 πρωὶ
287 5255 528 5320 Judaeos,
560 5256 699 5327 quia
744 5256 1031 5327 Scriptura
1079 5256 1214 5311 dicit
1244 5275 1256 5309 :
1292 5258 1436 5327 Ergo
1465 5257 1551 5311 lex
1581 5274 1691 5311 non
1843 5259 1931 5313 4.3.
1955 5261 2139 5327 (ibid.)
2163 5259 2300 5326 Ergo
2317 5258 2546 5312 Abrahz
2564 5273 2764 5312 semen.
2792 5256 2896 5311 Hic
2923 5253 3168 5311 ostendit
3188 5269 3364 5309 unum

144 5336 490 5412 liniustitiam
528 5356 586 5410 (τι
617 5345 924 5416 relatione).
942 5347 1086 5416 Ergo
1118 5363 1217 5401 nec
1238 5347 1408 5401 vitam
1445 5349 1495 5415 (tl
1523 5346 1688 5416 pari).
1774 5364 1968 5403 semen
1987 5347 2292 5414 Christum,
2317 5363 2430 5402 non
2448 5352 2668 5402 tantum
2691 5346 2874 5416 ipsum
2896 5344 3262 5399 Mediatorem
3281 5342 3364 5398 in-

145 5424 250 5499 Ergo
273 5450 369 5488 nec
396 5434 791 5490 hereditatem
823 5434 922 5489 dat
947 5436 1052 5489 lex.
1084 5436 1228 5506 Ergo
1252 5454 1352 5506 per
1376 5436 1542 5490 ﬁdem
1573 5442 1693 5489 tan-
1774 5436 2138 5507 telligendum
2180 5453 2319 5504 esse,
2360 5436 2457 5492 sed
2503 5436 2673 5491 etiam
2717 5432 3038 5500 Ecclesium,
3080 5432 3241 5503 cujus
3270 5432 3366 5487 ille

142 5520 228 5574 tum
252 5521 413 5579 datur
436 5522 767 5591 hereditas,
796 5524 880 5578 vel
903 5523 1216 5595 promissio,
1245 5526 1331 5579 vel
1361 5524 1690 5590 benedictio,
1774 5526 2025 5597 corporis
2053 5531 2221 5598 caput
2248 5532 2353 5581 est.

144 5607 649 5681 Velvita;omnibus
674 5612 762 5668 his
791 5612 997 5669 etenim
1018 5614 1199 5669 utitur
1224 5621 1289 5670 ut
1317 5613 1563 5686 paribus.
1846 5612 1935 5671 46.
1983 5617 2226 5672 Αλωιιοε.
2265 5617 2409 5686 Ergo
2457 5630 2655 5670 semen.
2711 5613 2771 5669 Si
2818 5628 2996 5670 unum
3040 5618 3125 5669 est
3171 5628 3362 5672 semen
