4040 6186
444 183 551 240 275
1427 185 1492 238 B:
1532 183 1948 240 LANFRANCI
1988 182 2349 238 CANTUAR.
2389 168 2726 278 suculae

1720 314 1904 376 ιω
1943 309 2176 364 CAPUT
2219 307 2372 366 VIII.

520 420 570 474 1.
604 419 740 475 Dico
770 424 958 474 autem
982 436 994 471 :
1022 416 1076 483 2,
1099 417 1152 472 3.
1189 418 1410 484 Quanto
1437 420 1690 487 tempore
1719 416 1894 470 haeres
1924 412 2188 488 parvulus
2231 421 2340 482 est,
2371 414 2511 468 nihil
2547 413 2734 468 diﬁ‘ert
2761 429 2796 466 a
2829 429 3006 480 servo,
3037 430 3164 468 cum
3191 414 3272 498 sit
3294 415 3565 498 Dominus
3592 431 3705 469 om-

446 509 604 564 nium
628 526 641 561 :
667 507 722 562 4.
747 507 844 561 sed
862 503 980 559 'sub
1007 504 1286 559 tutoribus
1311 510 1367 559 et
1391 501 1670 558 actoribus
1694 507 1785 558 est
1809 505 2127 572 placitando
2146 519 2323 574 usque
2344 499 2414 557 ad
2437 503 2774 574 praeﬁnitum
2798 507 3018 573 tempus
3043 519 3075 556 a
3103 494 3284 572 patre,
3309 494 3474 586 5.."ita
3494 507 3552 556 et
3579 520 3699 570 nos,

447 599 776 666 (interponit
803 611 878 659 se,
900 593 1077 646 totum
1096 591 1214 662 pro'
1225 597 1406 662 parte)
1426 609 1552 648 cum
1573 597 1822 666 essemus
1851 593 2065 664 parvuli
2085 607 2265 654 sensu,
2289 593 2417 644 ante
2441 587 2620 657 ﬁdem,
2650 589 2752 644 sub
2779 585 3068 645 elementis
3087 589 3302 654 mundi,
3325 585 3466 644 sicut
3495 593 3588 644 ille
3607 593 3705 645 sub

449 660 742 748 tutori-bus,
767 698 990 736 eramus
1019 660 1342 736 servientes.
1372 660 1454 736 At
1481 682 1576 736 ubi
1595 660 1748 736 venit
1776 660 2060 752 plebitudo
2082 679 2370 751 temporis,
2396 680 2550 734 misit
2573 680 2717 734 Deus
2746 680 2946 734 Filium
2967 696 3152 740 suum.
3176 675 3229 746 6'.
3263 681 3469 752 factum
3499 697 3564 758 ex
3591 697 3707 734 mu-

445 774 599 838 liere,
633 769 692 828 7.
730 771 938 824 factum
960 769 1063 824 sub
1091 771 1235 840 lege,
1261 771 1504 840 (singula
1531 773 1770 838 singulis
1802 772 2235 839 respondentj‘ut
2263 785 2375 832 eos,
2404 768 2502 839 qui
2519 766 2572 835 8,
2596 767 2698 822 sub
2729 769 2851 839 lege
2879 763 3059 834 erant,
3092 767 3412 834 redimeret,
3443 765 3492 825 9'.
3529 777 3592 824 ut
3613 769 3707 824 ad-

447 861 732 932 optionem
762 860 1005 913 ﬁliorum
1032 859 1426 930 reciperemus,
1447 864 1510 912 ut
1534 875 1766 913 essemus
1797 862 2040 927 adoptivi
2069 860 2196 926 ﬁlii.
2237 857 2510 921 Quoniam
2541 863 2727 912 autem
2759 858 2891 912 estis
2921 857 3041 921 ﬁlii,
3081 859 3231 913 misit
3258 857 3407 913 Deus
3436 859 3706 930 Spiritum

446 949 571 1006 Filii
599 949 685 1003 sui
723 949 781 1002 in
810 948 978 1001 corda
1001 952 1203 1013 vestra,
1241 943 1302 1002 lO
1353 947 1710 1013 clamantem,
1740 951 1982 1001 clamare
2016 964 2112 1001 nos
2135 949 2446 1014 facientem,
2474 946 2650 1011 Abba,
2680 946 2862 1000 Pater.
2895 948 2958 1001 Id
2983 950 3116 1001 dicit
3143 947 3388 1015 Syriace,
3421 953 3470 1001 et
3497 949 3705 1002 Latine.

449 1039 534 1099 11.
568 1039 782 1109 Itaque,
807 1040 942 1106 quia
975 1040 1142 1104 ﬁlius,
1165 1037 1285 1107 jam
1314 1053 1426 1090 non
1457 1042 1542 1090 est
1565 1051 1759 1090 servus
1782 1039 1904 1105 quis
1931 1041 2192 1098 vestrum,
2217 1035 2313 1088 sed
2339 1035 2489 1088 ﬁlius
2542 1035 2700 1100 Quod
2729 1037 2777 1090 si
2809 1037 2957 1090 ﬁlius
2990 1056 3001 1089 :
3047 1044 3101 1103 (a
3135 1037 3292 1106 pari)
3318 1042 3376 1090 et
3402 1037 3580 1120 haeres
3609 1035 3712 1120 per

443 1131 644 1194 Deum,
669 1144 769 1197 per
786 1128 1031 1196 gratiam
1052 1129 1168 1180 Dei.
1194 1127 1298 1181 Sed
1329 1131 1464 1180 tunc
1487 1125 1710 1196 quidem
1733 1125 2057 1194 ignorantes
2091 1131 2122 1188 ι
2142 1128 2206 1190 8
2221 1132 2253 1188 ι
2285 1124 2486 1186 Deum,
2508 1141 2636 1177 cum
2657 1126 2971 1178 scrviebatis
2991 1128 3288 1190 elementis,
3316 1129 3505 1179 minus
3524 1129 3710 1206 culpa-

445 1222 594 1284 biles,
619 1218 706 1283 iis,
730 1216 826 1287 qui
849 1221 1054 1270 natura
1075 1231 1186 1268 non
1211 1221 1346 1269 sunt
1364 1215 1461 1280 dii,
1477 1215 1569 1268 sed
1586 1217 1861 1268 voluntate
1885 1215 2196 1277 hominum,
2217 1211 2563 1267 serviebatis.
2590 1214 2753 1268 Nunc
2771 1221 2958 1269 autem
2986 1231 3112 1268 cum
3135 1215 3508 1285 cognoveritis
3528 1213 3711 1300 Deum

441 1307 532 1362 12.
558 1305 671 1359 imo
705 1303 913 1374 cogniti
933 1303 1105 1357 sitisa
1125 1303 1258 1368 Deo,
1287 1302 1370 1356 l3.
1399 1301 1678 1374 quomodo
1705 1301 1789 1356 14.
1812 1301 2200 1355 convertimini
2227 1301 2431 1355 iterum
2461 1301 2538 1358 15.
2569 1303 2639 1357 ad
2665 1303 2892 1357 inﬁrma
2912 1311 2968 1357 et
2993 1304 3070 1359 16.
3101 1321 3295 1377 egena,
3318 1322 3427 1359 non
3450 1307 3709 1359 habentia

445 1396 592 1448 unde
618 1397 825 1457 vivant,
852 1391 913 1447 17
937 1392 1214 1445 elementa
1233 1393 1477 1458 colenda,
1503 1390 1704 1462 quibus
1721 1391 1904 1444 denuo
1934 1389 2141 1444 servire
2165 1389 2332 1444 vultis
2350 1391 2373 1443 7
2391 1390 2478 1445 18.
2502 1391 2630 1445 Dies
2647 1393 3012 1448 Sabbatorum
3034 1391 3359 1458 observatis,
3385 1399 3442 1448 et
3465 1391 3724 1461 menses,

444 1485 777 1548 neomenias,
795 1486 852 1535 et
870 1485 1125 1552 tempora
1147 1495 1449 1546 annorum,
1466 1484 1524 1534 et
1542 1495 1738 1546 annos,
1751 1481 2070 1544 Jubilzum,
2085 1483 2133 1531 et
2154 1479 2252 1546 qui
2273 1478 2417 1532 nihil
2433 1485 2712 1547 operatur.
2731 1481 2798 1534 Et
2814 1484 2948 1550 quia
2966 1485 3133 1536 vultis
3153 1486 3358 1536 iterum
3377 1485 3698 1572 Judaisare,

1754 1572 1766 1584 ’
1781 1581 2372 1642 COMMENTARIUS.

440 1677 698 1739 Abrahae,
731 1679 788 1728 et
833 1674 971 1728 illud
1020 1689 1132 1727 non
1170 1672 1507 1744 intelligitur
1543 1672 1653 1728 nisi
1685 1672 1744 1726 in
1787 1672 2030 1726 Christo.
2051 1674 2103 1732 Α
2122 1671 2225 1725 sub
2255 1674 2381 1743 lege
2410 1691 2522 1729 non
2547 1681 2739 1744 erant;
2771 1677 2868 1730 sed
2888 1677 2957 1730 de
2975 1677 3063 1731 bis
3091 1683 3312 1748 poterat
3339 1695 3461 1733 esse
3490 1678 3711 1760 dubita-

443 1768 560 1822 Hoc
578 1770 766 1820 autem
781 1779 972 1816 semen
983 1761 1223 1816 Abrahae
1238 1778 1340 1816 nos
1360 1779 1574 1829 sumus;
1599 1762 1703 1816 hoc
1723 1767 1809 1815 est
1825 1766 2027 1826 totum,
2111 1761 2210 1828 tio,
2243 1762 2364 1816 sine
2393 1780 2563 1818 causa
2589 1781 2701 1820 non
2727 1765 2948 1820 deserui
2981 1763 3074 1839 [f.,
3107 1767 3331 1837 deseri].
3413 1777 3416 1780 '

439 1856 497 1910 id
525 1860 628 1919 est,
653 1858 821 1924 caput
852 1857 909 1904 et
935 1868 1154 1922 corpus,
1194 1867 1342 1905 unus
1372 1857 1457 1906 est
1485 1852 1757 1906 Christus.
2183 1849 2236 1903 9.
2269 1853 2514 1907 AMBROS.
2553 1852 2667 1924 (53)
2699 1855 2760 1908 Ut
2781 1858 3144 1923 adoptionem.
3177 1856 3548 1927 Adoptionem
3577 1873 3706 1928 pro-

3602 181 3716 280 279

511 1943 668 1997 CAP.
701 1941 775 1995 IV
807 1969 871 1981 —-
900 1938 946 1995 1.
973 1940 1182 1995 Lmen.
1217 1943 1346 1994 [)ico
1373 1946 1577 1994 autem.
1605 1939 1827 1994 Diceret
1856 1938 1980 2008 quis
2012 1957 2024 1992 :

440 2032 596 2087 Servi
630 2030 856 2094 fuimus,
887 2033 952 2082 ut
978 2027 1136 2094 dicis,
1155 2033 1212 2081 et
1239 2028 1404 2082 modo
1428 2029 1565 2082 dicis
1589 2046 1600 2082 :
1634 2029 1897 2082 Hieredes
1925 2026 2030 2080 eri-

438 2136 583 2185 mus,
613 2135 726 2173 non
754 2124 941 2189 potest
967 2134 1108 2172 esse.
1141 2118 1300 2181 Quod
1337 2118 1537 2188 probat
1576 2133 1676 2189 per
1703 2115 2029 2171 similitudi-

437 2226 567 2264 nem
595 2207 944 2280 praemissam
973 2207 1042 2261 de
1071 2207 1156 2262 his
1196 2209 1292 2279 qui
1320 2207 1425 2262 sub
1454 2206 1708 2262 custodia
1733 2211 1884 2260 sunt.

505 2297 560 2352 2.
591 2300 838 2354 Anaus'r.
859 2298 1078 2366 (Expos.
1098 2297 1270 2366 Epist.
1294 2299 1366 2351 ad
1389 2297 1592 2361 Galat.,
1614 2313 1669 2354 c.
1699 2294 1794 2365 Iv).
1815 2297 2030 2362 Quanto

437 2394 690 2458 tempore.
723 2389 865 2443 Cum
907 2388 1164 2459 superius
1193 2389 1373 2458 legem
1405 2387 1777 2460 padagogum
1814 2385 2029 2446 fecerit,

434 2478 539 2533 sub
560 2494 670 2550 quo
695 2483 819 2531 erat
837 2478 1076 2549 populus
1093 2477 1412 2532 Judaaorum
1433 2495 1446 2544 ;
1473 2493 1622 2530 nunc
1643 2481 2030 2547 procuratores

434 2568 572 2622 dicit
599 2568 897 2632 elementa,
921 2567 1024 2621 sub
1049 2567 1252 2637 quibus
1272 2564 1589 2620 serviebant
1607 2570 1823 2635 gentes,
1851 2570 1915 2618 ut
1934 2579 2028 2634 po-

433 2657 600 2728 pulus
621 2657 803 2710 ﬁdelis
821 2656 1027 2727 partim
1051 2655 1154 2709 sub
1183 2656 1305 2725 lege
1331 2655 1655 2726 padagogo,
1687 2653 1894 2724 partim
1923 2651 2027 2706 sub

435 2747 727 2801 elementis
748 2751 1000 2816 tempore
1026 2761 1140 2799 sua:
1162 2743 1415 2816 pueritia:
1444 2743 1629 2798 fuerit.
1644 2745 1732 2796 Ad
1758 2743 1862 2796 hoc
1878 2741 2027 2812 quod

431 2835 650 2890 dixerat
695 2836 753 2890 in
791 2835 1093 2889 adventum
1139 2833 1270 2888 ﬁdei
1297 2839 1567 2904 tanquam
1595 2832 1697 2886 sub
1727 2832 2028 2903 paedagogo

428 2925 695 2980 custodiri
715 2927 984 2996 populum
1014 2940 1194 2996 usque
1222 2923 1293 2978 ad
1316 2923 1496 2978 aetatis
1519 2923 2015 2994 opportunitatem,

2113 1944 2307 2008 pterea
2321 1941 2472 2006 dicit,
2493 1948 2558 1996 ut
2577 1941 2838 1997 distincte
2853 1944 3236 2014 intelligamus
3256 1946 3482 2000 unicum
3499 1945 3704 2001 Filium

2111 2027 2231 2081 Dei.
2257 2029 2366 2082 Vos
2389 2030 2538 2084 enim
2573 2031 2836 2086 beneﬁcio
2869 2039 2924 2086 ct
2953 2033 3278 2103 dignatione
3311 2035 3708 2090 misericordia:

2113 2117 2234 2186 ejus
2268 2117 2369 2170 ﬁlii
2393 2119 2493 2172 Dei
2523 2136 2734 2175 sumus.
2772 2122 2895 2176 Non
2938 2123 3099 2190 dixit,
3135 2123 3492 2194 accipiamus,
3525 2131 3589 2179 ut
3625 2124 3708 2178 si-

2110 2206 2403 2275 gniﬁcaret
2431 2208 2534 2262 hoc
2564 2225 2666 2264 nos
2697 2211 2951 2266 amisisse
2979 2211 3038 2266 in
3066 2213 3266 2279 Adam,
3307 2230 3374 2267 ex
3411 2230 3520 2284 quo
3550 2230 3708 2268 mor-

2113 2294 2255 2347 tales
2285 2311 2499 2352 sumus.

2187 2383 2272 2438 10.
2302 2385 2543 2438 Αυουετ.
2573 2387 2660 2454 (in
2690 2387 2964 2455 Epist.-ad
2981 2389 3120 2455 Gal.)
3141 2389 3503 2456 Glamantem,
3529 2393 3705 2446 Abba.

2113 2472 2295 2528 Pater.
2350 2473 2652 2544 Eleganter
2692 2476 3024 2547 intelligitur
3061 2495 3173 2532 non
3215 2479 3426 2533 frustra
3461 2480 3706 2534 duarum

2111 2559 2433 2629 linguarum
2465 2563 2628 2618 verba
2673 2566 2926 2635 posuisse
2963 2567 3112 2621 idem
3145 2569 3536 2638 signiﬁcantia,
3569 2585 3710 2639 pro-

2109 2654 2236 2718 pter
2255 2649 2574 2706 universum
2596 2655 2862 2724 populum
2885 2656 3003 2726 qui,
3019 2657 3088 2710 de
3108 2657 3316 2711 Judaeis
3339 2663 3397 2711 et
3415 2657 3702 2727 gentibus,

2109 2737 2165 2790 in
2192 2739 2465 2794 unitatem
2497 2742 2626 2796 ﬁdei
2663 2752 2889 2798 vocatus
2923 2753 3028 2811 est,
3052 2752 3115 2799 ut
3143 2745 3438 2800 Hebraeum
3471 2745 3706 2800 verbum

2111 2827 2180 2880 ad
2210 2828 2473 2883 Hebraeos
2510 2831 2604 2901 [αι.
2636 2833 2898 2903 ,1υάωο81,
2933 2835 3184 2889 Grecum
3213 2835 3283 2888 ad
3313 2836 3532 2890 Graecos
3567 2833 3699 2907 [al.,

2111 2917 2348 2986 gentes].
2369 2919 2669 2990 Utriusque
2685 2927 2876 2976 tamen
2894 2923 3044 2976 verbi
3065 2925 3259 2977 eadem
3277 2924 3612 2994 signiﬁcatio
3627 2925 3702 2979 ad

431 3031 542 3086 qua
560 3014 621 3068 in
651 2987 971 3069 libertatem
1001 2987 1233 3068 vocandi
1267 3018 1448 3078 erant,
1470 2987 1758 3083 adjunxit:
1786 3014 1911 3066 Ilico
1929 2987 2086 3064 au-B
2110 3007 2364 3075 ejusdem
2393 3008 2520 3062 ﬁdei
2550 2987 2890 3082 spiritusque
2922 3012 3194 3067 unitatem
3225 2987 3524 3084 pertineat.

431 3108 574 3157 tem:
605 3105 820 3171 Quanto
851 3109 1088 3172 tempore
1116 3105 1282 3157 haeres
1307 3105 1578 3170 parvulus
1608 3107 1708 3158 est.

501 3190 554 3248 3.
586 3193 794 3246 Lucra.
824 3195 1039 3260 Quanto
1079 3198 1333 3261 tempore.
1367 3189 1853 3261 Comparationem
1887 3190 2030 3242 hanc

426 3286 649 3336 tantum
679 3282 752 3336 ad
771 3298 866 3336 eos
903 3281 1000 3352 qui
1025 3298 1090 3337 ex
1113 3281 1376 3352 gentibus
1401 3279 1777 3335 crediderunt.
1812 3279 2023 3344 Haeres,

427 3371 710 3441 parvulus,
744 3376 802 3423 et
841 3386 1050 3435 servus,
1099 3371 1180 3424 ita
1221 3370 1615 3440 intelliguntur
1659 3368 1805 3422 sicut
1834 3367 2026 3421 multi-

429 3458 566 3512 tudo
588 3458 1156 3529 hominum,quorum
1186 3458 1283 3512 alii
1300 3457 1568 3512 credituri
1591 3460 1742 3521 sunt,
1772 3455 1868 3508 alii
1891 3471 2024 3508 non.

497 3545 550 3602 4.
593 3547 708 3602 Sub
735 3549 1028 3612 tutoribus,
1058 3548 1115 3602 id
1145 3553 1250 3614 est,
1285 3551 1419 3601 sunt
1445 3551 1660 3600 tutores
1681 3552 1739 3600 et
1766 3551 2026 3599 auctores

429 3633 531 3707 [vel
563 3636 829 3705 actores];
863 3635 960 3688 sed
1001 3652 1100 3706 pro
1130 3635 1452 3690 diversitate
1480 3649 1778 3688 causarum
1807 3633 2028 3686 diversa

423 3724 656 3778 nomina
697 3724 1028 3779 sortiuntur.
1061 3725 1297 3779 Tutores
1337 3724 1619 3789 dicuntur,
1653 3722 1786 3794 quia
1826 3737 2019 3793 perso-

425 3828 557 3867 nam
586 3813 803 3884 pupilli,
833 3819 890 3867 et
917 3830 1008 3867 res
1052 3815 1170 3884 ejus
1201 3819 1396 3868 contra
1429 3812 1739 3867 calumnias
1767 3816 2021 3865 tuentur.

2187 3094 2269 3150 11.
2307 3097 2484 3165 (ibid.)
2516 3100 2704 3168 Itaque
2721 3104 2846 3168 jam
2876 3117 2988 3155 non
3014 3108 3106 3156 est.
3162 3104 3398 3174 Propter
3424 3104 3526 3157 hoc
3551 3103 3707 3174 quod

2109 3183 2360 3238 dixerat:
2393 3188 2553 3240 Nihil
2572 3191 2757 3256 diﬂ‘ert
2779 3208 2815 3245 α
2845 3209 3015 3246 servo.

2180 3273 2268 3328 1‘2.
2304 3275 2547 3331 AMBROS.
2600 3281 2716 3334 Imo
2753 3285 2977 3349 cogniti.
3028 3284 3154 3338 Non
3201 3283 3350 3338 enim
3398 3283 3704 3339 scientibus

2110 3361 2282 3428 vobis,
2334 3371 2434 3418 aut
2475 3367 2813 3436 videntibus,
2866 3371 3054 3426 divina
3096 3373 3248 3428 vobis
3289 3373 3705 3444 quodammodo

2110 3451 2294 3506 illuxit
2313 3454 2566 3510 scientia.

2186 3540 2268 3597 13.
2300 3545 2557 3600 AUGUS'I'.
2595 3550 2865 3615 Quomodo
2913 3555 3308 3606 convertimini
3334 3557 3560 3615 iterum,
3589 3559 3700 3609 etc.

2108 3629 2235 3700 Ipsa
2261 3637 2452 3688 tamen
2482 3636 2746 3692 nolebant
2773 3639 2956 3693 redire
2983 3641 3052 3694 ad
3073 3642 3472 3711 gentilitatem.
3500 3643 3598 3697 sed
3627 3643 3701 3697 ad

2105 3718 2604 3779 circumcisionem.
2622 3727 2729 3780 Sed
2752 3745 2852 3798 pro
2873 3729 3069 3782 eodem
3091 3731 3354 3801 deputat;
3390 3732 3514 3786 ideo
3535 3732 3697 3800 dicit;

2107 3807 2312 3863 iterum
2341 3820 2400 3865 et
2425 3813 2628 3880 denuo,
2659 3817 2790 3886 quia
2819 3817 2967 3872 idem
2997 3825 3084 3872 est
3115 3820 3174 3873 in
3215 3837 3440 3889 genere,
3478 3821 3536 3875 in
3579 3839 3702 3877 ser-

422 3902 694 3956 Auctores
738 3902 835 3973 qui
877 3901 1102 3972 injuriis
1137 3903 1347 3974 pupillo
1376 3901 1462 3956 vel
1491 3901 1659 3956 rebus
1689 3901 1813 3970 ejus
1854 3899 2086 3965 illatisc
2107 3896 2266 3955 vitio.

497 3995 616 4045 unt.

497 4005 616 4045 unt.

423 4005 547 4136 a85.
581 4083 668 4135 Ita
700 4087 748 4136 et
779 4099 894 4138 nos.
933 4084 1138 4138 Totum
1168 4100 1269 4155 pro
1297 4088 1454 4155 parte
1493 4083 1668 4156 ponit,
1700 4083 1844 4138 sicut
1881 4098 2028 4154 saepe

423 4175 640 4242 partem
673 4189 772 4243 pro
801 4178 938 4228 toto.
973 4174 1099 4228 Non
1129 4173 1278 4228 enim
1311 4190 1557 4246 unquam
1592 4174 1696 4228 sub
1737 4173 1844 4227 diis
1880 4190 2021 4244 gen-

2191 3988 2267 4043 15.
2309 3992 2557 4049 Auauos.
2590 3995 2994 4053 Convertimini
3034 4001 3258 4053 iterum.
3293 4000 3438 4064 Quid
3470 4000 3699 4072 prodest

2109 4095 2205 4133 vos
2229 4083 2468 4138 evasisse
2494 4086 2839 4152 servitutem,
2875 4104 2987 4159 qua
3026 4090 3390 4156 tenebamini,
3430 4107 3558 4144 cum
3585 4106 3700 4144 ser-

2108 4167 2296 4224 viretis
2323 4172 2616 4228 elementis
2646 4177 2858 4242 mundi,
2891 4179 3114 4248 quando
3145 4196 3340 4235 rursus
3378 4180 3488 4234 alia
3521 4179 3590 4252 [/2
3625 4169 3718 4234 ad-

421 4260 584 4326 tium,
617 4278 758 4331 quos
782 4263 872 4316 hic
896 4263 1175 4318 elementa
1197 4269 1378 4328 vocat,
1407 4264 1580 4318 solem
1603 4263 1772 4327 enim,
1803 4264 2016 4328 lunam,
2100 4257 2200 4311 illa
2229 4264 2306 4314 vel
2336 4261 2406 4314 ad
2437 4263 2567 4334 alia]
2599 4265 2812 4319 reditis.

422 4365 632 4414 aerem,
678 4367 854 4421 aquas
893 4353 1222 4408 adorabant.
1268 4353 1507 4417 Quidam
1552 4354 1874 4424 intelligunt
1903 4354 2019 4407 ele-

421 4444 632 4501 menta,
657 4441 909 4492 carnales
933 4440 1342 4508 observantias;
1368 4443 1465 4496 sed
1483 4459 1724 4513 sequens
1743 4443 2024 4498 sententia

423 4542 535 4580 non
565 4527 686 4580 vult
719 4545 732 4581 :
766 4526 870 4581 Sed
901 4532 1034 4583 tunc
1069 4532 1308 4598 quidem,
1345 4537 1450 4584 etc.

497 4614 548 4668 6.
595 4616 840 4671 AUGUST.
882 4616 1064 4685 (ibid.)
1122 4619 1346 4672 Factum
1389 4636 1457 4674 ea;
1494 4624 1748 4675 muliere.
1791 4622 2022 4676 Factum

426 4710 658 4776 propter
677 4706 1088 4776 susceptionem
1117 4713 1407 4764 creaturae.

499 4790 551 4848 7.
575 4792 730 4860 (ibid.
745 4793 767 4864 )
781 4793 1012 4848 Factum
1041 4797 1140 4849 sub
1160 4801 1268 4865 lege
1282 4841 1294 4854 .
1318 4797 1549 4852 Factum
1571 4804 1760 4853 autem
1781 4798 1884 4853 sub
1903 4800 2024 4869 lege

427 4883 584 4947 dixit,
601 4883 734 4954 quia
761 4888 819 4937 et
846 4883 1206 4941 circumcisus
1235 4892 1338 4954 est,
1364 4894 1422 4942 et
1444 4889 1628 4945 hostia
1656 4888 1908 4958 legitima
1923 4904 2024 4960 pro

425 4990 492 5028 eo
515 4973 703 5028 oblata
723 4977 826 5028 est.
855 4973 970 5028 Nec
989 4974 1195 5030 mirum
1222 4977 1269 5030 si
1294 4976 1433 5048 legis
1455 4996 1628 5051 opera
1646 4980 1928 5042 sustinuit.
1956 4998 2022 5036 ex

427 5062 632 5136 quibus
650 5061 936 5131 liberaret,
969 5065 1065 5136 qui
1097 5066 1178 5120 eis
1207 5067 1485 5122 serviliter
1510 5069 1846 5125 tenebantur
1880 5090 1892 5125 :
1927 5072 2023 5144 qui

423 5153 592 5208 etiam
617 5158 857 5208 mortem
884 5153 1173 5223 sustinuit,
1204 5161 1270 5211 ut
1291 5173 1358 5212 ex
1387 5157 1487 5212 illa
1517 5157 1782 5214 liberaret
1811 5176 1904 5215 eos
1927 5161 2023 5233 qui

424 5242 769 5298 mortalitate
797 5243 1156 5299 tenebantur.

492 5328 547 5387 8.
579 5331 785 5388 Lupa.
811 5331 926 5387 Sub
946 5336 1056 5401 lege
1083 5339 1266 5389 erant.
1291 5334 1554 5390 Redemit
1579 5335 1749 5391 etiam
1791 5353 1905 5406 eos,
1929 5339 2024 5410 qui

497 5435 606 5507 (53)
638 5440 736 5496 Est
762 5440 908 5518 Aug.
935 5441 996 5499 in
1022 5457 1145 5515 cap.
1178 5455 1243 5498 III
1271 5441 1344 5498 ad
1375 5442 1524 5510 ϐαι,
1557 5446 1696 5498 tom.
1730 5443 1823 5498 IV.

2183 4348 2246 4404 15
2298 4351 2548 4407 AUGUST.
2583 4357 2755 4423 (ibid)
2801 4355 2887 4411 Ad
2922 4359 3173 4425 inﬁrma.
3217 4358 3360 4422 Quia
3387 4359 3611 4414 inﬁrma
3641 4367 3699 4415 et

2105 4440 2352 4497 instabili
2374 4445 2558 4515 specie
2583 4446 2890 4500 variantur.

2183 4531 2263 4588 16.
2311 4535 2485 4603 (ibid)
2528 4535 2731 4603 Egena,
2786 4537 2916 4607 quia
2966 4537 3151 4592 stabili
3199 4538 3383 4610 specie
3428 4544 3700 4596 creatura:

2105 4628 2289 4691 egent.

2178 4713 2264 4764 47.
2296 4713 2539 4767 AMBROS-
2572 4715 2872 4781 Elementa,
2915 4715 2972 4770 id
3002 4721 3106 4778 est,
3139 4717 3486 4789 temporibus
3523 4718 3699 4772 servi-

2104 4800 2259 4854 tutis.
2287 4801 2646 4856 Manifestum
2668 4810 2754 4858 est
2781 4805 2930 4858 enim
2955 4806 3240 4860 volumina
3259 4813 3575 4878 temporum
3597 4823 3700 4878 per

2105 4890 2383 4944 elementa
2401 4891 2623 4960 mundi,
2645 4892 2749 4946 hoc
2769 4899 2855 4947 est
2882 4894 3082 4948 crelum
3105 4901 3162 4950 et
3185 4901 3416 4962 terram,
3435 4901 3492 4951 et
3511 4901 3698 4951 motus

2104 4984 2272 5050 atque
2303 4979 2557 5034 ordinem
2585 4981 2833 5037 siderum
2859 4982 3260 5039 administrari.
3649 4981 3653 4984 ’
3715 4978 3718 4980 ’

2185 5068 2263 5124 18.
2296 5069 2500 5124 ΙιΑΝΙ-ἐι.
2529 5072 2651 5125 Dies
2686 5074 2998 5127 observatis.
3031 5073 3180 5138 Dies,
3214 5075 3401 5130 suasio
3439 5075 3694 5147 quaedam

2105 5162 2221 5224 est;
2245 5174 2356 5213 non
2376 5159 2524 5214 enim
2541 5159 2660 5215 dies
2681 5160 3066 5231 observabant,
3087 5164 3196 5219 nisi
3211 5165 3425 5236 gratias
3439 5165 3694 5238 agentes,
3711 5157 3719 5184 ³

2104 5252 2170 5303 ut
2191 5263 2313 5303 nos.
3695 5265 3698 5268 ‘
