3936 6178
168 259 261 316 277

829 259 909 314 IN
946 261 1013 315 D.
1055 260 1288 324 PAULI.
1307 261 1530 336 EPJST.
1571 262 1940 322 COMMENT.
1984 294 2050 306 -
2092 262 2313 322 EPIST.
2351 262 2449 328 AD
2468 261 2745 317 .GALAT.

3313 265 3440 340 27s..

166 384 352 440 Timeo
372 401 492 449 vos,
525 400 596 440 ne
624 383 768 438 forte
795 383 916 437 sine
936 399 1124 449 causa,
1141 387 1442 452 inutiliter,
1470 385 1842 442 laboraverim
1867 388 1925 441 in
1943 386 2097 442 vobis
2117 386 2142 440 ’ἲ
2155 387 2298 456 quod
2318 402 2385 440 ne
2413 387 2530 452 ﬁat.
2560 382 2649 441 19.
2671 381 2760 441 20.
2794 385 2984 440 Estote
2997 391 3246 444 conversi
3263 389 3420 447 sicut

165 490 278 542 ego.
297 476 460 528 modo
481 490 788 537 conversus,
821 471 911 528 21.
947 473 1077 542 quia
1107 480 1163 526 et
1189 490 1290 542 ego
1321 473 1466 528 sicut
1486 492 1580 528 vos
1606 478 1696 542 fui
1714 479 1868 538 olim,
1893 477 2112 540 fratres,
2159 491 2224 528 ne
2251 476 2574 542 judaizelis,
2607 472 2834 529 obsecro
2862 491 2978 529 vos.
3012 473 3101 531 22.
3133 477 3287 534 Nihil
3317 495 3410 534 me

162 561 521 626 laesististo
535 563 1209 630 profuislis,sicutangelu
1219 564 1398 616 m.Dei
1408 563 1776 632 suscipientes.
1799 565 1961 619 Scitis
1978 570 2167 618 autem
2187 562 2318 633 quia
2336 560 2531 632 23.per
2546 561 2932 617 inﬁrmitatem
2945 564 3127 620 carnis
3143 569 3409 637 afﬂictus,

163 649 233 701 vel
262 651 555 715 inﬁrmus,
591 649 958 720 evangelizavi
988 649 1141 703 vobis
1157 651 1279 720 jam
1300 650 1517 720 pridem
1548 670 1560 715 ;
1592 657 1647 704 et
1672 649 1758 716 24,
1785 653 1871 707 25.
1902 653 2272 707 tentationem
2305 655 2567 714 vestram,
2595 666 2697 718 pro
2729 653 2873 704 vobis
2903 652 3132 719 factam,
3164 653 3224 708 in
3250 671 3421 710 carne

161 753 279 790 mea
308 737 399 792 :26.
430 754 543 790 non
571 738 1069 810 sprevistis,neque
1099 739 1516 809 respuistis,sed
1534 739 1680 794 sicut
1692 742 1954 812 angelum
1979 743 2078 795 Dei
2097 741 2398 812 excepistis
2423 757 2531 806 me,
2546 740 2692 793 sicut
2715 742 3099 810 (exaggeratio)
3124 743 3413 800 Christum

159 826 365 890 Iesum,
398 835 448 879 et
483 830 562 879 ita
597 833 730 880 tunc
759 829 901 880 beati
928 844 1034 880 vos.
1055 827 1159 881 Ubi
1187 833 1274 881 est
1297 829 1381 881 27.
1399 844 1552 897 ergo,
1575 845 1726 882 nunc
1745 835 1950 886 autem.
1966 833 2064 883 ubi
2087 829 2374 884 beatitudo
2396 833 2583 882 vestra
2591 831 2839 895 pristina
2858 835 2882 882 ?
2907 845 3123 886 nonme
3148 835 3369 887 lassistis
3394 853 3411 888 :

159 919 230 968 rel
243 917 454 968 bonum
472 917 617 968 mihi
640 915 1274 982 fecistis.Testimonium
1299 916 1450 970 enim
1464 917 1731 988 perhibeo
1748 918 1900 972 vobis
1917 919 2121 990 quia,si
2141 919 2262 974 ﬁeri
2276 921 2504 988 posset,l
2511 919 2897 983 benevolentia,
2912 923 2975 971 ut
2991 922 3098 975 sibi
3111 923 3416 992 obedianti)

158 1006 339 1060 oculos
360 1012 576 1060 vestros
591 1006 961 1072 eruissetis,et
980 1006 1277 1060 dedissetis
1299 1007 1580 1077 mihi.Ego
1597 1007 1859 1062 inimicus
1881 1007 2032 1062 vobis
2051 1008 2229 1062 factus
2242 1023 2366 1062 sum
2383 1013 2422 1074 ι
2440 1003 2663 1078 82,28.
2692 1021 2888 1058 verum
2912 1006 3101 1062 dicens
3122 1009 3302 1064 vobis?
3320 1013 3422 1068 Illi

159 1097 245 1163 qui
271 1096 612 1161 persuadent
635 1111 718 1148 me
751 1097 1048 1149 inimicum
1069 1097 1212 1148 vobis
1230 1112 1354 1159 esse,
1377 1097 1458 1148 vel
1476 1111 1564 1148 vos
1571 1097 1891 1162 judaizare.
1926 1095 1996 1152 29
2014 1141 2026 1154 .
2065 1097 2425 1152 [Emulantur
2442 1111 2538 1148 vos
2563 1087 2679 1148 non
2694 1092 2836 1149 bene
2861 1112 2871 1148 :
2893 1095 2991 1150 sed
3011 1097 3304 1152 excludere
3318 1116 3436 1153 vos.

156 1183 364 1250 volunt,
383 1201 418 1238 a
446 1186 665 1253 ﬁde,vel
693 1202 728 1238 a
756 1202 876 1238 mea
905 1185 1423 1250 dilectione,utillos
1437 1183 2361 1246 aemulemini,imiteminiBonum
2381 1187 2572 1236 autem
2593 1185 2655 1235 in
2677 1183 3242 1248 illos,aamulaminiin
3257 1185 3413 1244 bono

159 1289 395 1344 semper.
430 1278 490 1326 et
515 1290 626 1326 non
656 1279 878 1332 tantum
910 1291 1035 1328 cum
1069 1291 1312 1346 praesens
1330 1291 1456 1328 sum
1477 1274 1624 1345 apud
1655 1289 1770 1326 vos.
1805 1271 1892 1328 30.
1923 1273 2105 1327 Filioli
2139 1272 2266 1336 mei,
2291 1287 2431 1341 quos
2449 1270 2658 1324 iterum
2687 1268 2775 1324 31.
2797 1271 3206 1340 parturio,cum
3225 1276 3431 1330 labore.

157 1377 365 1429 remeo,
387 1359 477 1418 3'2.
507 1361 684 1415 donec
705 1361 978 1416 formetur
996 1361 1254 1419 Christus
1277 1362 1336 1415 in
1361 1361 1518 1415 vobis
1545 1362 2229 1428 resipiscentibusNellem
2259 1366 2449 1414 autem
2479 1375 2602 1413 esse
2619 1359 2770 1429 apud
2798 1375 2892 1413 vos
2914 1361 3098 1426 modo,
3123 1377 3253 1430 quos
3279 1379 3402 1417 voco

153 1452 570 1515 ﬁlios,vocarem
591 1454 870 1518 pessimos,
886 1452 967 1503 vel
991 1467 1122 1518 quos
1148 1453 1409 1504 admoneo
1432 1451 1782 1514 blandiendo,
1799 1455 1855 1502 et
1875 1446 1960 1504 33.
1977 1453 2195 1502 mutare
2212 1463 2399 1502 vocem
2423 1449 3035 1511 meam,comminarem
3054 1451 3400 1516 imperando,

153 1538 424 1610 quoniam
453 1538 767 1592 confundor
786 1538 842 1592 in
872 1538 1044 1592 vobis.
1079 1537 1364 1594 3i.Dicite
1386 1538 1544 1602 mihi,
1577 1538 1674 1608 qui
1697 1538 1800 1594 sub
1835 1539 1961 1608 lege
1991 1539 2156 1593 vultis
2185 1553 2325 1603 esse,
2359 1537 2542 1607 legem
2572 1552 2685 1590 non
2722 1535 2983 1605 legistis?
3011 1536 3292 1607 Scriptum
3319 1541 3409 1592 est

150 1629 295 1682 enim
339 1646 354 1680 :
388 1628 479 1683 35.
512 1627 789 1694 Quoniam
809 1627 1091 1682 Abraham
1113 1627 1254 1681 duos
1276 1627 1418 1681 ﬁlios
1435 1627 1633 1681 habuit
1663 1645 1674 1679 :
1720 1644 1892 1682 unum
1915 1629 2111 1681 lsmael
2130 1627 2200 1681 de
2229 1626 2432 1680 ancilla
2458 1627 2629 1692 Agar,
2661 1629 2718 1679 et
2739 1641 2913 1679 unum
2946 1627 3100 1681 Isaac
3122 1626 3193 1680 de
3235 1625 3416 1682 libera

149 1717 311 1772 Sara.
342 1717 456 1772 Sed
487 1717 581 1790 qui
603 1716 674 1772 de
702 1716 925 1782 ancilla,
955 1717 1043 1772 56.
1078 1715 1388 1771 secundum
1420 1731 1650 1770 carnem
1679 1721 1847 1770 natus
1886 1722 1998 1782 est;
2027 1715 2122 1787 qui
2144 1720 2336 1770 autem
2365 1715 2435 1768 de
2453 1713 2632 1770 libera
2660 1719 2826 1769 natus
2855 1719 2949 1782 est,
2979 1730 3081 1786 per
3108 1715 3414 1786 repromis-

1492 1873 2085 1932 COMMENTARIUS.

205 2009 303 2064 ‘l9.
342 2010 599 2066 AKBROS.
623 2011 801 2064 Eslote
820 2013 962 2064 sicut
992 2027 1101 2078 ego.
1134 2008 1306 2064 Eram
1346 2009 1549 2080 inquit,
1572 2013 1630 2063 et
1647 2013 1824 2078 egoA.
1895 2007 1984 2062 29.
2021 2007 2202 2077 (ibid.)
2250 2007 2633 2073 (Emulantur,
2681 2005 2739 2060 id
2779 2009 2884 2073 est,
2933 2004 3186 2060 invident
3238 2003 3415 2072 vobis,

145 2098 244 2152 sub
276 2099 440 2168 lege;
477 2098 570 2152 sed
595 2105 722 2170 post
752 2099 894 2170 elegi
911 2104 1066 2153 extra
1101 2100 1282 2170 legem
1313 2098 1667 2162 vivere,sicut
1691 2101 1748 2150 et

145 2203 394 2258 vesper,
437 2203 561 2242 eam
593 2204 720 2258 quae
756 2189 816 2243 in
867 2189 1090 2252 Christo
1128 2194 1230 2253 est,
1254 2187 1424 2244 fidem
1459 2185 1744 2240 vivebatis.

488 2293 617 2347 ergo
640 2284 700 2334 et
725 2295 821 2332 vos
869 2294 976 2343 me
1003 2294 1130 2332 cum
1171 2277 1269 2330 illa
1289 2293 1412 2347 qua;
1439 2275 1499 2330 in
1528 2274 1749 2330 Christo

1827 2096 1922 2167 qui
1950 2112 2047 2149 vos
2073 2095 2326 2149 carnales
2357 2095 2426 2149 de
2453 2094 2836 2167 spiritualibus
2856 2095 3051 2150 volunt
3077 2095 3258 2148 facere
3278 2112 3293 2162 ;
3315 2093 3422 2148 hoc

1830 2192 1915 2240 est
1940 2185 2281 2241 aemulantur
2301 2201 2416 2241 non
2442 2184 2603 2240 bene.

1903 2274 1991 2333 30.
2027 2276 2218 2343 (ibid.)
2257 2278 2447 2330 Filioli
2485 2279 2612 2331 mei.
2667 2272 3102 2330 Parturitionem
3138 2273 3288 2328 hanc
3320 2288 3440 2345 peo-

143 2373 222 2420 est
246 2365 886 2432 ﬁde,a.conversatione
914 2366 1168 2437 legitima
1181 2366 1546 2436 vosmetipsos
1561 2368 1743 2418 extra-
1822 2381 2085 2421 curarum
2116 2364 2420 2434 angoribus
2447 2364 2689 2436 positam
2718 2363 3120 2434 intelligamus.

142 2471 277 2511 neos
310 2455 605 2519 facientes.

203 2544 302 2600 28.
335 2544 550 2600 Las".
581 2545 754 2598 Estote
781 2548 922 2598 sicut
949 2561 1058 2612 ego,
1096 2543 1154 2598 id
1179 2548 1281 2609 est,
1314 2540 1746 2597 conformamini

140 2633 282 2690 meis
311 2631 589 2698 moribus,
615 2632 749 2703 quia
768 2649 872 2703 ego
885 2633 1204 2686 contormor
1221 2631 1549 2686 vestris.Vel
1567 2633 1746 2685 estote

141 2723 362 2788 ﬁdeles,
393 2723 543 2776 sicut
568 2738 671 2792 ego
694 2739 840 2788 sum,
862 2721 992 2792 quia
1020 2737 1124 2792 ego
1152 2721 1396 2776 inﬁdelis
1425 2721 1507 2775 fui
1527 2719 1672 2774 sicut
1692 2723 1750 2772 et

138 2829 227 2867 vos
263 2831 277 2878 ;
321 2827 389 2865 ac
411 2828 518 2882 per
559 2811 662 2866 hoc
704 2827 796 2864 me
842 2809 1163 2876 imitamini,
1210 2808 1343 2880 quia
1371 2825 1474 2879 ego
1504 2808 1748 2879 priorem

141 2901 312 2954 ﬁdem
345 2917 460 2954 non
485 2900 605 2952 sine
633 2916 802 2953 causa
829 2898 1071 2954 deserui.

204 2989 302 3045 2i.
342 2991 560 3056 Quiaet
587 3005 679 3056 ego
697 2991 840 3047 sicut
868 3005 975 3042 vos.
1007 2988 1227 3041 Diceret
1255 2986 1380 3057 quis
1408 3004 1420 3040 :
1457 2985 1748 3050 Quomodo

1891 2453 1981 2516 ,3l.
2013 2456 2229 2512 LANFR.
2262 2457 2548 2510 Parturio.
2580 2454 2713 2510 Nati
2754 2458 2811 2509 et
2839 2453 2988 2526 parti
3026 2456 3189 2507 erant
3229 2449 3292 2506 in
3318 2450 3429 2506 ﬁde

1827 2544 2034 2599 Christi
2061 2563 2075 2612 ;
2107 2544 2205 2599 sed
2231 2544 2366 2616 quia
2383 2543 2613 2616 quidam
2643 2544 2871 2599 illorum
2899 2539 3070 2598 ﬁdem
3093 2541 3454 2596 dimiserant.

1827 2632 2081 2705 pariendi
2110 2633 2314 2688 iterum
2346 2632 2416 2686 ab
2444 2633 2714 2704 Apostolo
2733 2637 2914 2700 erant,
2937 2629 3088 2704 quod
3103 2646 3294 2703 usque
3307 2630 3428 2685 for.-

1829 2727 2082 2776 maretur
2105 2720 2364 2776 Christus
2382 2722 2444 2775 in
2469 2721 2570 2776 eis.

1901 2809 1990 2867 32.
2021 2813 2270 2867 Aunus'r.
2324 2811 2505 2880 (ibid.)
2554 2811 2732 2865 Donec
2776 2811 3076 2878 formetur.
3125 2809 3444 2864 Formatur.

1831 2900 2088 2954 Christus
2116 2900 2175 2954 in
2205 2916 2292 2965 eo,
2319 2915 2449 2953 cum
2475 2898 2716 2954 formam
2747 2897 2959 2954 Christi
2987 2896 3214 2968 accipit.

1899 2987 1986 3045 33.
2018 2990 2199 3057 (ibid)
2226 2989 2445 3042 Mutare
2460 3004 2658 3042 vocem.
2690 2985 2836 3052 Quid
2867 2986 3022 3041 aliud
3043 2985 3288 3052 dicatur,
3314 2983 3446 3040 nisi.

140 3095 450 3148 possumus
487 3093 614 3130 esse
633 3135 637 3138 ,
655 3082 730 3142 ut.
754 3078 864 3132 tu?
914 3076 1236 3147 Respondet
1265 3094 1276 3128 :
1324 3075 1585 3139 Potestis,
1617 3073 1752 3144 quia
1832 3078 1967 3149 quia
1993 3077 2138 3130 ﬁlios
2163 3092 2294 3131 suos
2317 3075 2536 3132 dixerat
2562 3091 2948 3146 esse,parcens
2967 3073 3048 3129 eis
3069 3074 3425 3145 perlitteras,

139 3167 290 3222 simt
309 3183 512 3220 sumus
539 3166 690 3224 idem
707 3165 766 3219 in
795 3165 1151 3219 substantiali
1168 3164 1430 3228 essentia,
1446 3178 1747 3234 possumus

141 3271 260 3324 esse
290 3256 352 3310 in
380 3254 737 3321 accidentali,
764 3254 823 3307 id
843 3260 947 3320 est,
980 3253 1038 3308 in
1057 3253 1379 3309 sanctitate.

1765 3307 1812 3366 B

1829 3185 1917 3231 ne,
1943 3166 2221 3222 severiore
2250 3164 2645 3236 objurgatione
2670 3163 2958 3226 commoti,
3002 3162 3164 3217 facile
3199 3162 3260 3216 in
3298 3163 3426 3233 ejus

1834 3256 2024 3311 odium
2053 3256 2501 3310 traducerentur.
2525 3253 2738 3307 Vellem
2754 3269 2911 3324 ergo,
2937 3251 3139 3323 inquit,
3157 3268 3308 3306 nunc
3323 3252 3429 3306 ad-

205 3344 302 3402 22.
339 3345 500 3398 Nihil
541 3360 623 3396 me
649 3345 879 3396 lasistis.
909 3343 993 3396 Ne
1033 3342 1157 3412 quis
1177 3342 1387 3396 diceret
1413 3341 1745 3412 Apostolum
1765 3339 1812 3366 ”
1834 3362 1956 3400 esse
1983 3345 2131 3416 apud
2151 3361 2248 3398 vos
2270 3348 2330 3398 et
2356 3347 2578 3398 mutare
2597 3359 2788 3397 vocem
2818 3358 3024 3409 meam,
3047 3339 3104 3395 id
3135 3346 3240 3406 est,
3263 3357 3433 3413 nega.

146 3450 207 3486 ex
225 3432 448 3487 invidia
473 3448 572 3486 eos
597 3448 854 3501 arguere,
878 3437 1128 3485 removet
1155 3431 1235 3484 sic
1259 3449 1268 3484 :
1304 3431 1429 3484 Non
1458 3447 1549 3485 me
1576 3429 1750 3484 lassis-

142 3521 232 3586 tis,
263 3521 418 3592 quod
457 3519 696 3574 debeam
725 3519 974 3573 invidere
1020 3519 1174 3572 vobis
1203 3537 1216 3586 ;
1258 3519 1354 3572 sed
1388 3518 1576 3572 omnia
1602 3519 1751 3573 bona

148 3610 278 3664 mihi
297 3609 538 3675 fecistis,
572 3608 704 3678 quia
728 3609 943 3662 amicus
973 3609 1170 3662 factus.
1203 3609 1319 3662 Hoc
1347 3607 1545 3679 loquor
1567 3607 1742 3672 vobis,

151 3700 278 3768 quia
301 3699 526 3754 amicus
555 3714 680 3751 sum
713 3696 886 3762 vobis,
909 3703 968 3751 et
1004 3697 1137 3767 quia
1167 3713 1357 3751 verum
1389 3703 1499 3753 est.

330 3789 436 3840 Per
469 3787 878 3852 inﬁrmitatem,
919 3785 976 3838 id
1016 3790 1102 3838 est
1136 3785 1196 3838 in
1226 3784 1570 3849 inﬁrmitate,
1599 3783 1746 3838 sicut

145 3881 197 3926 et
221 3891 318 3945 per
343 3874 491 3928 illud
517 3880 763 3945 tempus,
797 3875 852 3926 id
875 3879 976 3937 est,
1012 3874 1069 3926 in
1097 3873 1190 3926 illo
1220 3879 1492 3943 tempore.

337 3963 936 4017 Tentationem.Tanta
985 3962 1096 4015 fuit
1131 3961 1430 4016 inﬁrmitas
1476 3962 1660 4016 carnis
1689 3961 1744 4016 in

141 4052 428 4118 Apostolo,
471 4058 534 4104 ut
587 4051 873 4105 auditores
919 4051 1125 4105 tentari
1175 4056 1421 4121 possent,
1453 4057 1510 4105 et
1546 4056 1743 4121 putare

143 4141 287 4208 quod
315 4139 622 4209 Apostolus
651 4140 860 4194 Christi
898 4156 1010 4194 non
1035 4145 1200 4204 esset,
1243 4140 1338 4210 qui
1367 4140 1447 4193 ita
1470 4145 1742 4210 aegrotare

144 4229 511 4298 permitteret.

215 4315 300 4371 ‘25).
331 4321 591 4372 Auavsr.
617 4319 697 4384 (in
717 4316 886 4385 Epist.
911 4318 982 4369 ad
1010 4317 1148 4387 Gal.)
1188 4319 1578 4371 Tentationem.
1601 4317 1742 4370 Ten-

148 4407 249 4459 tati
273 4414 426 4468 sunt,
459 4421 587 4458 cum
610 4405 1058 4475 persecutionem
1091 4412 1380 4475 pateretur
1395 4407 1694 4477 Apostolus
1719 4425 1732 4473 ;

139 4501 324 4547 utrum
345 4496 553 4548 timore
581 4493 906 4548 desererent
927 4511 1076 4559 eum,
1094 4511 1167 4548 an
1187 4495 1462 4549 charitate
1496 4495 1737 4566 amplec-

143 4588 412 4637 terentur.

1833 3451 1894 3488 re
1924 3450 2019 3487 vos
2049 3433 2195 3488 ﬁlios
2215 3449 2391 3496 meos,
2424 3433 2560 3503 quia
2590 3431 2912 3486 confundor.
2930 3431 2988 3485 in
3024 3430 3199 3484 vobis.

1902 3522 1991 3578 54.
2036 3522 2248 3578 LANPR.
2292 3524 2466 3577 Dicite
2499 3523 2664 3587 mihi,
2708 3523 2808 3590 qui
2835 3522 2936 3574 sub
2965 3524 3075 3587 lege
3097 3522 3270 3573 vultis
3299 3534 3425 3579 esse.

1829 3613 1955 3666 Non
1981 3611 2194 3666 debetis
2222 3611 2361 3666 velle
2387 3611 2494 3666 sub
2518 3611 2641 3681 lege
2658 3609 2903 3672 esse,sed
2920 3608 3023 3663 sub
3048 3607 3427 3663 ecclesiastica

1824 3700 2005 3769 gratia
2033 3718 2046 3766 ;
2080 3701 2167 3754 lex
2205 3700 2356 3754 enim
2389 3716 2580 3753 servos
2607 3703 2864 3769 generat,
2904 3697 3148 3752 Ecclesia
3194 3696 3429 3752 liberos.

1827 3788 1986 3852 Quod
2019 3789 2318 3860 Scriptum
2338 3788 2673 3844 auctoritate
2702 3787 2783 3841 sic
2801 3785 3020 3858 probat,
3035 3785 3226 3840 dicens
3255 3785 3428 3839 ancilo

1827 3878 1940 3931 lam
1970 3880 2123 3948 Agar
2151 3878 2390 3933 Abrahae
2417 3893 2638 3932 servum
2667 3876 2950 3946 genuisse,
2983 3875 3182 3929 Saram
3205 3891 3337 3929 vero
3358 3873 3426 3927 li-

1829 3965 2017 4020 beram
2039 3966 2279 4020 liberum
2305 3966 2484 4020 ﬁlium
2497 3964 2837 4019 edidisse.Et
2855 3979 2926 4018 ne
2943 3963 3098 4018 dicas
3116 3963 3266 4034 quod
3285 3963 3427 4018 Sara

1827 4059 1884 4107 et
1915 4056 2069 4124 Agar
2097 4055 2167 4108 ad
2197 4055 2378 4125 legem
2415 4059 2473 4108 et
2501 4053 2806 4107 Ecclesiam
2837 4053 2979 4122 (sup.
3006 4052 3334 4123 pertinent],
3367 4057 3425 4106 et

1826 4143 1972 4214 quod
2003 4159 2196 4197 earum
2227 4143 2347 4208 ﬁlii,
2373 4143 2441 4196 ad
2457 4149 2761 4212 utrumque
2780 4140 3160 4212 populum.Et
3182 4156 3418 4210 respon-

1824 4233 1920 4286 det
1936 4232 2236 4302 Apostolus
2267 4231 2416 4302 quod
2447 4231 2662 4285 dictum
2691 4235 2776 4284 est
2803 4230 2874 4283 de
2901 4228 3118 4283 duabus
3143 4227 3419 4284 matribus
3443 4255 3445 4260 ·

1824 4326 1880 4374 et
1899 4337 2092 4375 earum
2123 4320 2273 4379 ﬁliis,
2305 4335 2405 4390 per
2426 4318 2774 4388 allegoriam,
2797 4318 2866 4372 de
2887 4318 3014 4387 lege
3035 4322 3091 4371 et
3102 4317 3290 4388 gratia
3318 4318 3419 4372 de-

1824 4409 1952 4464 bere
1983 4408 2241 4480 intelligi.
2281 4408 2442 4473 Quod
2482 4407 2702 4478 plenius
2733 4407 2982 4461 invenies
3019 4405 3098 4461 ibi
3128 4424 3140 4460 :
3174 4406 3279 4463 Sed
3314 4410 3414 4476 qui

1818 4499 1882 4552 de
1910 4501 2141 4561 ancilla,
2174 4503 2277 4552 etc-

1888 4585 1975 4642 35.
2002 4588 2276 4653 Quoniam
2305 4587 2608 4640 Abraham.
2635 4584 2944 4640 Ostendere
2972 4585 3092 4640 vult
3119 4584 3410 4640 honestius

213 4671 302 4729 26.
319 4673 533 4726 LAMB.
566 4670 685 4723 Non
709 4672 1007 4739 sprcvislis,
1029 4675 1141 4726 etc.
1178 4671 1502 4726 Potuissent
1529 4671 1630 4732 illi,
1660 4671 1737 4725 Vi-
1759 4665 1799 4723 Ο
1815 4675 1919 4732 sub
1945 4677 2131 4746 gratia
2159 4676 2300 4730 Novi
2318 4675 2665 4730 Testamenti
2694 4691 2816 4730 esse
2832 4691 3003 4746 quam
3031 4674 3136 4729 sub
3163 4675 3286 4746 lege
3304 4676 3407 4730 Ju.

142 4758 330 4817 dentes
357 4758 693 4831 Apostolum
739 4758 938 4828 afﬂigi,
971 4776 1235 4830 spernere
1279 4761 1733 4830 praedicationem

141 4851 274 4918 ejus,
308 4850 406 4904 sed
429 4864 550 4912 non
587 4853 934 4917 spreverunt,
969 4854 1024 4902 et
1069 4854 1268 4919 putare
1295 4850 1471 4904 Deum
1501 4866 1610 4904 non
1642 4866 1736 4904 cu-

141 4953 266 4992 rare
301 4937 460 4992 illum
486 4936 584 5007 qui
611 4935 690 4990 sic
719 4935 1094 5006 aﬂligebatur.

213 5027 298 5081 εἴ.
341 5027 486 5094 Ergo
539 5027 812 5080 beatitudo
859 5031 1058 5079 vestra.
1106 5026 1402 5082 Beatitudo
1445 5026 1558 5082 illis
1611 5033 1736 5082 erat

141 5117 466 5185 Apostolum
510 5114 767 5185 diligere,
805 5121 864 5169 et
901 5115 1190 5186 praeceptis
1218 5117 1340 5186 ejus
1382 5116 1441 5170 in
1475 5115 1735 5171 omnibus

145 5203 401 5272 obedire,
455 5204 554 5260 sed
604 5204 745 5266 hanc
786 5204 1192 5259 beatitudinem
1227 5205 1455 5276 quidam
1503 5205 1726 5260 illorum

145 5296 516 5365 perdiderant,
553 5297 649 5366 qui
687 5296 760 5349 ad
795 5297 1076 5351 culturam
1116 5295 1430 5352 daemonum
1461 5297 1644 5352 redire
1673 5302 1730 5351 ct

147 5385 230 5436 eis
255 5387 455 5439 servire
482 5385 760 5440 volebant.

221 5471 308 5528 ‘28.
341 5476 586 5532 Auavsr.
634 5476 800 5542 (ibid.
847 5475 927 5535 Β.)
993 5476 1184 5529 Ver-um
1230 5477 1430 5529 dicens.
1463 5475 1570 5533 Sed
1595 5476 1729 5546 quid

155 5579 335 5617 serum
365 5565 690 5636 prmdicans,
719 5565 828 5619 nisi
859 5571 922 5618 ut
948 5581 1055 5619 non
1087 5565 1660 5622 circumciderentur?

1817 4765 2084 4820 decorum.
2135 4765 2440 4827 Abraham,
2488 4763 2638 4819 Deus
2678 4765 2847 4818 Pater
2877 4764 3248 4835 intelligitur;
3297 4765 3410 4820 duo

1816 4853 1936 4918 ﬁlii,
1965 4854 2120 4925 plebs
2147 4855 2470 4909 Judaaorum
2497 4858 2554 4907 et
2581 4853 2820 4924 populus
2855 4853 3113 4923 gentium
3137 4871 3150 4921 ;
3183 4853 3405 4919 ancilla,

1817 4941 1907 4995 lex
1926 4959 2047 5013 quae
2077 4959 2262 4997 servos
2283 4941 2779 5013 gignebat,timore
2809 4957 3015 5012 cogens
3029 4957 3144 5009 eos,
3169 4942 3362 4998 dicens
3387 4959 3401 4996 :

1817 5031 1875 5086 Si
1905 5032 2029 5102 quis
2059 5033 2162 5086 hoc
2190 5032 2274 5086 vel
2295 5031 2432 5086 illud
2457 5030 2869 5096 fecerit,morte
2898 5031 3194 5099 moriatur;
3210 5031 3406 5099 libera,

1817 5121 2136 5190 praedicatio
2178 5120 2318 5176 Novi
2358 5120 2722 5187 Testamenti,
2754 5137 2876 5191 quae
2919 5120 3124 5174 liberos
3149 5126 3406 5191 generat,

1811 5214 2050 5282 paterna
2077 5209 2377 5264 dilectione
2398 5209 2706 5263 admonens
2727 5225 2822 5263 eos
2850 5209 3043 5264 dicens
3071 5227 3083 5261 :
3128 5210 3304 5262 Venite
3331 5210 3406 5262 ad

1811 5316 1913 5363 me,
1946 5316 2129 5352 omnes
2163 5302 2261 5368 qui
2309 5299 2592 5365 laboratis,
2624 5304 2672 5352 et
2702 5301 2920 5352 onerati
2947 5301 3090 5362 estis,
3123 5301 3172 5350 et
3199 5313 3292 5364 ego
3317 5313 3406 5350 vos

1813 5392 2140 5456 rcqm'r-sccrc
2163 5389 2372 5455 faciam
2390 5406 2406 5452 ;
2423 5392 2629 5457 jugum
2661 5389 2809 5441 enim
2834 5403 3018 5440 meum
3047 5400 3212 5439 suave
3233 5389 3328 5451 est,
3352 5391 3404 5440 et

1812 5493 1950 5530 onus
1977 5493 2156 5530 meum
2188 5479 2294 5531 leve
2327 5482 2405 5530 est
2428 5476 2641 5542 (Matth.
2675 5475 2770 5542 χι).

1886 5564 1971 5619 38.
2005 5566 2315 5620 S'Ctlilfilltll
2335 5581 2581 5628 carnem,
2605 5565 2661 5619 id
2672 5569 2775 5627 est,
2795 5563 3078 5618 carnalem
3103 5567 3402 5618 consuetu.
