3936 6178
399 274 506 333 279
1380 270 1443 327 B.
1487 273 1902 331 LANFRANCI
1940 271 2296 330 CANTUAR.
2336 271 2673 328 ARCHIEP.
3561 264 3672 323 280

413 398 630 457 sionem
664 415 677 453 :
710 413 833 471 qum
847 396 1106 467 praedicto
1131 396 1289 450 modo
1316 401 1450 452 sunt
1474 414 1577 470 per
1593 398 1919 472 allegoriam
1934 395 2252 463 dicta.0uid
2264 395 2373 449 haec
2389 396 2462 448 ad
2474 398 2671 462 legem?
2691 393 2820 448 Haec
2841 392 2990 448 enim
3012 398 3145 448 sunt
3160 394 3274 447 duo
3294 396 3664 458 testamenta,

414 502 549 544 nam
564 488 727 541 aliud
740 488 954 549 dicunt,
977 488 1027 539 et
1040 485 1203 538 aliud
1219 487 1485 553 signant;
1511 490 1645 555 quia
1663 488 1859 541 dicunt
1886 488 2050 552 ﬁlios,
2075 486 2366 551 etsignant
2385 485 2493 536 duo
2514 487 2857 535 testamenta.
2885 479 2971 536 37.
3001 482 3187 537 Unum
3219 482 3446 552 quidem
3471 482 3670 535 datum

414 576 473 631 in
491 580 683 629 monte
707 574 858 636 Sina,
892 572 951 626 in
982 572 1307 627 servitutem
1336 590 1634 643 generans,
1663 574 1752 630 38.
1789 592 1911 645 quae
1932 579 2017 627 est
2044 574 2214 642 Agar,
2247 587 2364 639 qua:
2381 573 2567 639 signat
2598 572 2776 638 Agar;
2802 571 3188 639 (parenthesis)
3215 577 3250 634 Ι
3269 576 3392 634 :53
3422 566 3511 625 39.
3536 569 3676 623 Sina

416 664 587 731 enim,
629 665 865 731 (eaponit
891 662 1032 730 quid
1050 661 1213 723 Sina)
1243 678 1404 716 mons
1434 669 1519 717 est
1538 664 1596 717 in
1627 663 1855 726 Arabia,
1888 661 1974 719 40.
2009 661 2103 732 qui
2134 661 2465 729 conjunctus
2494 663 2581 713 est
2606 659 2655 711 ei
2678 675 2802 729 qum
2822 675 2970 713 nunc
2990 663 3077 712 est
3101 659 3473 721 Hierusalem,
3500 663 3559 711 et
3576 655 3668 721 41,

415 752 589 808 servit
609 766 736 805 cum
767 748 916 813 ﬁliis,
937 751 1152 815 incolis,
1176 749 1312 804 suis.
1340 749 1555 808 42.111a
1579 757 1789 815 autem,
1824 769 1947 822 quae
1976 765 2197 804 sursum
2233 754 2318 802 est
2341 747 2716 811 Hierusalem,
2741 746 2828 802 44.
2871 747 3046 801 libera
3071 752 3176 813 est,
3210 764 3331 819 quae
3371 753 3456 801 est
3480 750 3665 799 mater

414 844 627 896 nostra.
662 839 750 893 44.
782 838 1062 910 Scriptum
1095 842 1181 891 est
1200 838 1348 891 enim
1383 856 1394 890 :
1433 837 1762 903 “Laetare,
1789 839 2032 893 sterilis!
2057 855 2180 909 quae
2208 853 2319 890 non
2348 836 2537 906 paris;
2569 852 2801 906 erumpe
2817 840 2874 889 et
2900 836 3232 907 clama,quae
3257 851 3367 889 non
3399 833 3671 906 parturis,

417 928 548 999 quia
575 926 664 982 46.
700 928 864 982 multi
889 926 987 980 ﬁlii
1008 926 1242 980 desertae
1267 927 1511 979 Ecclesia:
1531 929 1606 980 ad
1635 934 1865 995 tempus,
1895 930 2029 980 dum
2057 929 2169 993 fuit
2199 928 2284 978 lea:
2312 924 2491 995 magis
2509 941 2676 996 quam
2704 925 2842 994 ejus,
2875 925 3193 993 Synagogw,
3228 923 3314 980 47.
3344 940 3466 995 quae
3497 922 3669 977 habet

418 1016 841 1072 virum.Diceret
867 1017 1021 1084 quis:
1046 1015 1190 1081 Quid
1215 1015 1289 1067 ad
1309 1030 1404 1067 nos
1415 1031 1533 1082 quae
1553 1016 1709 1068 modo
1724 1016 1923 1068 dixisti
1944 1021 1967 1067 ?
1993 1015 2107 1068 Nos
2133 1019 2344 1079 autem,
2372 1014 2595 1078 fratres,
2624 1013 2932 1067 secundum
2966 1015 3123 1067 Isaac
3155 1013 3544 1085 promissionis
3569 1012 3675 1066 ﬁlii

418 1122 634 1161 sumus.
667 1107 811 1171 Ergo
838 1106 1020 1157 liberi.
1056 1104 1266 1156 Diceret
1287 1106 1410 1172 quis
1442 1122 1458 1156 :
1482 1105 1590 1157 Nos
1609 1106 1747 1157 dicis
1771 1106 1985 1170 liberos,
2011 1106 2110 1173 qui
2131 1104 2371 1172 quotidie
2396 1104 2736 1172 affligimur.
2772 1102 2881 1156 Sed
2910 1102 3189 1173 quomodo
3215 1107 3351 1156 tunc
3379 1101 3428 1155 is
3459 1100 3554 1172 qui
3583 1116 3678 1154 se-

418 1194 665 1248 cundum
696 1191 958 1263 spiritum
985 1188 1193 1263 (Isaac),
1225 1190 1305 1245 ita
1328 1196 1387 1245 et
1409 1207 1577 1245 nunc.
1598 1192 1722 1245 'Sed
1754 1191 1888 1261 quid
1918 1191 2056 1245 dicit
2084 1190 2405 1261 Scriptura?
2435 1190 2581 1259 Ejice
2613 1190 2894 1254 ancillam,
2923 1196 2981 1245 et
3002 1190 3181 1244 ﬁlium
3213 1191 3366 1260 ejus;
3391 1205 3500 1243 non
3521 1188 3678 1243 enim

420 1283 599 1337 haeres
628 1280 737 1335 erit
764 1279 914 1334 ﬁlius
949 1278 1169 1333 ancillae
1192 1295 1319 1333 cum
1349 1279 1464 1333 ﬁlio
1494 1279 1698 1333 libera).
1734 1280 1950 1349 Itaque,
1984 1279 2205 1345 fratres,
2238 1296 2348 1333 non
2380 1296 2576 1333 sumus
2610 1280 2834 1340 ancillae
2878 1280 2996 1344 ﬁlii,
3040 1281 3137 1335 sed
3176 1280 3403 1346 liberae;
3438 1281 3546 1347 ipsi
3578 1282 3682 1348 eji-

374 1404 389 1417 ι
421 1373 661 1435 cientur,
694 1384 791 1422 nos
809 1372 997 1422 autem
1022 1368 1625 1436 hereditabimusguia
1646 1382 1759 1421 non
1779 1383 1971 1420 sumus
1991 1370 2155 1432 servi,
2185 1370 2275 1423 sed
2305 1366 2560 1435 liberi,48
2587 1368 2974 1440 qualibertate
2996 1369 3251 1424 Christus
3272 1384 3373 1422 nos
3394 1366 3674 1421 liberavit.

1793 1532 1833 1591 Ι
1848 1530 1969 1591 34
2012 1526 2245 1582 CAPUT
2283 1525 2344 1580 V.

491 1671 637 1737 Ergo
665 1670 799 1738 quia
817 1667 980 1722 liberi
1003 1666 1180 1733 State,
1204 1669 1261 1721 et
1286 1664 1394 1732 1,2.
1410 1665 1585 1722 nolite
1614 1666 1819 1720 iterum
1839 1668 1977 1737 jugo
2003 1668 2761 1735 servitutis,circumcidendo
2783 1668 3191 1735 vos,contineri,
3214 1669 3549 1736 supradictis
3566 1672 3681 1721 ter-

421 1761 561 1824 ruit,
594 1774 746 1811 nunc
757 1773 859 1826 per
870 1773 924 1809 se
943 1757 1236 1820 dissuadet,
1263 1772 1328 1809 ne
1351 1757 1999 1810 circumcidanturEcce
2020 1773 2123 1825 ego
2150 1757 2376 1823 Paulus,
2396 1762 2494 1826 qui
2505 1759 2597 1825 fui
2618 1760 3003 1819 circumcisus,
3027 1757 3148 1811 dico
3171 1756 3327 1811 vobis
3342 1756 3607 1827 quoniam
3628 1757 3679 1810 si

420 1845 920 1913 circumcidamini,
944 1843 1199 1901 Christus
1228 1860 1376 1898 mors
1408 1844 1791 1912 0hristi,vobis
1818 1831 1896 1903 nil
1927 1844 2197 1923 proderit,
2209 1842 2349 1919 quin
2362 1849 2483 1900 sitis
2502 1848 2664 1901 servi.
2686 1847 2828 1919 (alia
2846 1847 3160 1915 dissuasio.)
3181 1845 3472 1903 Testiﬁcor
3484 1850 3679 1901 autem

1730 2018 2318 2076 COMMENTARIUS.

411 2170 624 2238 dinem,
655 2170 789 2242 quia
810 2170 1032 2241 juvenis
1061 2170 1264 2225 mulier
1310 2185 1378 2225 ex
1421 2184 1554 2224 sene
1589 2168 1816 2223 homine
1862 2166 2005 2223 solet
2023 2173 2266 2230 Amater
2294 2176 2488 2225 nostra
2509 2172 2817 2227 secundum
2849 2176 3086 2243 partem,
3134 2169 3191 2223 id
3226 2173 3330 2231 est,
3369 2166 3683 2222 secundum

412 2275 722 2330 concipere.

485 2347 913 2419 37.Auausr.(in
931 2350 1100 2418 Epist.
1124 2350 1198 2403 ad
1216 2347 1361 2417 Gal.)
1384 2350 1561 2403 Unum
1585 2348 1824 2417 quidem.
1851 2348 2003 2416 Agar

412 2438 683 2510 populum
712 2438 930 2492 Veteris
965 2439 1311 2493 Testamenti
1348 2442 1577 2508 propter
1592 2437 1791 2507 jugum
1809 2436 2000 2489 obser-

412 2527 700 2581 vationum
724 2525 883 2580 Isaac
911 2531 1079 2581 natus
1097 2526 1167 2580 de
1196 2524 1374 2579 libera
1387 2541 1485 2597 per
1511 2525 2001 2595 repromissionem

411 2615 682 2686 populum
694 2614 835 2669 Novi
845 2614 1191 2669 Testamenti
1202 2614 1501 2684 signiﬁcat.
1517 2614 1784 2668 Senectus
1813 2619 2001 2667 autem

412 2692 712 2774 parentum
746 2703 904 2757 Isaac
945 2703 1015 2757 ad
1057 2702 1310 2756 eamdem
1337 2700 1803 2771 signiﬁcationem
1839 2701 2002 2766 valet,

412 2791 681 2863 quoniam
710 2792 948 2863 papulus
974 2791 1114 2846 Novi
1138 2791 1502 2855 Testamenti,
1536 2789 1786 2861 quamvis
1815 2789 1889 2843 sit
1910 2805 2006 2842 no-

408 2895 532 2947 vus,
562 2879 978 2952 praedestinatio
1017 2884 1209 2934 tamen
1238 2881 1362 2950 ejus
1389 2879 1539 2949 apud
1569 2879 1766 2943 Deum,
1800 2882 1858 2931 et
1885 2877 2006 2948 ipsa

408 2968 722 3023 Jerusalem
744 2968 986 3023 caelestis
1015 2968 1250 3039 antiqua
1275 2972 1381 3022 est.

482 3056 569 3114 38.
591 3058 848 3112 Aunnos.
876 3059 1001 3125 Quae
1028 3063 1104 3111 est
1130 3060 1307 3125 Agar.
1345 3058 1498 3126 Agar
1524 3055 1746 3123 ancilla,
1778 3055 2003 3126 pariens

410 3147 718 3204 secundum
749 3162 916 3201 usum
946 3151 1182 3210 naturae,
1212 3145 1493 3215 signiﬁcat
1511 3146 1896 3216 legem,quam
1923 3152 2003 3199 te-

412 3252 550 3290 nere
576 3235 788 3290 habent
812 3234 985 3306 quiin
1004 3234 1109 3288 hac
1132 3234 1247 3287 vita
1267 3240 1574 3288 nascuntur
1594 3234 1899 3287 secundum
1923 3250 2006 3287 se-

412 3325 701 3397 quentium
732 3327 967 3388 naturae,
997 3323 1093 3393 qui
1113 3322 1280 3376 etiam
1302 3321 1405 3376 sub
1419 3323 1541 3392 lege
1562 3322 1929 3376 versabantur
1947 3323 2005 3376 in

416 3413 613 3468 ordine
641 3427 959 3478 servorum;
993 3412 1133 3465 Sara
1161 3416 1374 3480 autem,
1397 3428 1519 3483 quae
1534 3428 1634 3482 per
1656 3412 1896 3482 gratiam
1916 3427 2008 3482 pe-

2084 2259 2228 2313 hanc
2256 2266 2590 2330 praesentem
2634 2262 2956 2323 Ecclesiam,
2984 2276 3107 2331 quae
3133 2262 3370 2329 generat
3398 2255 3556 2310 nobis
3576 2256 3686 2311 Dei

2084 2348 2246 2401 ﬁlios.
2283 2349 2350 2402 Et
2368 2348 2571 2419 probat
2592 2350 2724 2419 quia
2751 2349 2926 2403 libera
2949 2354 3053 2406 est.
3083 2364 3213 2402 nam
3244 2347 3486 2411 la:tatur;
3520 2345 3687 2411 (εσθ-

2082 2442 2193 2503 tus)
2227 2438 2427 2508 probat
2451 2439 2583 2508 quia
2613 2444 2795 2492 mater
2823 2444 2925 2506 est,
2949 2454 3080 2491 nam
3101 2437 3251 2508 parit
3272 2435 3416 2489 ﬁlios
3451 2451 3463 2487 :
3495 2432 3689 2502 Scrip-

2087 2531 2206 2579 tum
2236 2531 2311 2579 est
2339 2530 2508 2592 enim,
2542 2533 2649 2581 etc.

2154 2614 2244 2671 43.
2278 2618 2468 2669 Libera
2497 2623 2589 2671 est.
2614 2616 2813 2672 Libera
2836 2621 2922 2671 est
2950 2618 3082 2689 quia
3102 2616 3290 2671 liberae
3315 2615 3465 2675 ﬁliae,
3492 2614 3548 2668 id
3570 2619 3681 2676 est,

2084 2705 2280 2775 gratia:
2316 2706 2455 2759 Novi
2498 2706 2863 2769 Testamenti,
2903 2712 2952 2760 et
2996 2705 3404 2777 praedicationis
3450 2704 3684 2771 Christi,

2088 2810 2210 2863 quae
2256 2799 2342 2848 est
2386 2780 2566 2848 mater
2608 2800 2821 2860 nostra,
2851 2795 2983 2865 quia
3013 2795 3406 2866 praedicatores
3427 2793 3503 2847 ibi
3525 2798 3684 2859 sunt,

2087 2881 2182 2952 qui
2212 2899 2315 2936 nos
2337 2900 2437 2953 per
2465 2884 2823 2955 Evangelium
2860 2870 3197 2956 genuerunt.

2158 2968 2247 3026 44.
2282 2972 2563 3040 Scriptum
2594 2980 2669 3027 est
2704 2976 2872 3027 enim.
2910 2975 3021 3028 Hoc
3052 2971 3249 3044 probat
3280 2971 3413 3042 quia
3460 2969 3639 3024 libera
3667 2989 3685 3036 ;

2086 3058 2386 3114 liberorum
2418 3061 2566 3114 enim
2594 3067 2681 3116 est
2708 3061 2902 3127 laetari,
2937 3077 3224 3115 servorum
3254 3076 3382 3114 vero
3410 3060 3632 3115 timere.

2156 3150 2241 3203 45.
2274 3152 2515 3205 Αυουετ.
2546 3152 2688 3220 (ibid
2714 3153 2735 3221 )
2760 3153 2981 3215 Latare,
3004 3152 3230 3204 sterilis.
3262 3149 3556 3203 Cratestem
3585 3149 3694 3203 Je-

2088 3238 2329 3291 rusalem
2359 3239 2608 3293 sterilem
2648 3245 2808 3294 vocat
2836 3239 3143 3309 Scriptura,
3173 3238 3422 3308 quandiu
3451 3236 3595 3291 ﬁlios
3624 3236 3694 3291 in

2087 3331 2240 3380 terra
2261 3344 2369 3381 non
2400 3328 2614 3397 genuit,
2648 3344 2770 3398 quae
2799 3329 3021 3382 deserta
3052 3327 3221 3381 etiam
3252 3327 3403 3380 dicta
3441 3332 3541 3390 est,
3569 3342 3693 3380 caa-

2089 3404 2282 3467 lestern
2325 3416 2604 3484 justitiam
2656 3416 3044 3471 deserentibus
3072 3414 3415 3481 hominibus,
3457 3420 3698 3469 terrena

413 3499 582 3571 perit,
604 3499 728 3553 illos
762 3498 857 3570 qui
888 3498 945 3552 in
970 3498 1192 3553 Christo
1232 3498 1601 3552 resurrexisse
1624 3498 1884 3552 videntur
1911 3514 2010 3568 per
2031 3498 2452 3558 Bsectantibus.

410 3588 674 3659 gratiam,
709 3587 806 3659 qui
835 3587 1004 3641 etiam
1033 3592 1237 3658 praeter
1272 3603 1429 3657 spem
1457 3592 1673 3641 natura:
1703 3586 2005 3655 secundam

413 3683 737 3748 exspectant
766 3675 1136 3739 nativitatem,
1171 3673 1372 3745 quibus
1401 3676 1522 3745 jam
1550 3675 1920 3741 circumcisio,
1951 3680 2009 3729 et

413 3765 620 3822 oblatio
643 3767 1046 3822 sacriﬁciorum
1076 3782 1423 3837 supervacua
1443 3771 1548 3820 est.

489 3854 577 3912 39.
608 3857 751 3913 Sina
779 3860 929 3910 enim
957 3871 1114 3910 mons
1144 3860 1238 3909 est.
1288 3854 1490 3909 Arabia
1518 3855 1764 3925 antiquis
1793 3861 2006 3927 tempo-

407 3942 587 4011 ribus,
606 3962 718 4000 non
743 3945 842 4000 illa
870 3961 994 4017 quae
1022 3960 1171 4000 nunc
1199 3945 1540 4009 nominatur,
1574 3945 1696 3999 sola
1723 3952 1879 4012 erat;
1908 3946 2005 3999 sed

412 4039 471 4089 et
500 4034 743 4090 solitudo
785 4040 844 4089 et
882 4051 1013 4106 pars
1063 4051 1175 4089 non
1215 4034 1436 4088 modica
1484 4034 1736 4105 Egypti,
1787 4034 1882 4088 ubi
1921 4040 2006 4089 est

412 4141 574 4180 mons
623 4125 775 4191 Sina,
835 4125 894 4179 in
950 4141 1060 4196 quo
1101 4125 1235 4179 data
1265 4125 1466 4178 est'lex
1518 4124 1679 4178 Unde
1718 4130 1776 4177 et
1825 4125 2010 4178 fuerat

409 4214 583 4284 Agar,
601 4231 724 4286 qum
753 4213 1033 4285 signiﬁcat
1052 4214 1225 4268 Vetus
1238 4214 1682 4277 Testamentum,
1703 4229 1828 4283 quas
1843 4230 2010 4283 gene-

409 4308 505 4357 rat
527 4302 585 4357 in
613 4302 961 4369 servitutem,
984 4319 1109 4373 quae
1137 4302 1306 4357 etiam
1327 4301 1687 4371 conjungitur
1716 4318 1815 4372 per
1841 4302 2010 4372 signi-

412 4391 731 4446 ﬁcationem
772 4392 823 4445 ei
850 4392 1160 4446 Jerusalem
1200 4407 1323 4461 quas
1360 4397 1445 4444 est
1473 4391 1532 4444 in
1564 4391 1666 4445 hoc
1696 4391 1916 4455 saeculo,
1948 4391 2004 4444 in

414 4496 524 4551 quo
553 4480 877 4534 testamenti
903 4479 1154 4549 legitima
1174 4479 1460 4549 impletur.

484 4566 572 4625 40.
593 4568 799 4621 Laure.
836 4567 943 4633 Qui
967 4569 1292 4637 coniunctus
1321 4573 1397 4621 est
1423 4570 1491 4632 ei,
1520 4567 1575 4621 id
1605 4572 1708 4633 est,
1741 4583 1808 4621 ex
1840 4567 2009 4621 hono-

414 4670 477 4710 re
525 4657 646 4727 ejus
684 4661 788 4709 est.
829 4655 931 4709 Vel
965 4671 1087 4726 quae
1127 4656 1281 4725 Agar
1325 4656 1625 4725 conjuncta
1658 4661 1761 4719 est,
1795 4657 1851 4709 id
1898 4662 2002 4720 est,

410 4744 586 4799 Vetus
638 4745 1058 4799 Testamentum
1111 4744 1474 4814 conjungitur
1515 4745 1690 4810 Novo,
1721 4751 1778 4799 et
1832 4746 2005 4800 servit

2159 3590 2248 3648 46.
2278 3595 2532 3649 AMBROS.
2558 3596 2725 3648 Multi
2752 3595 2880 3661 ﬁlii.
2913 3594 3030 3647 Hoc
3059 3592 3128 3647 de
3157 3592 3565 3647 resurrectione
3595 3591 3697 3646 di-

2090 3684 2240 3734 ctum
2270 3686 2372 3734 est.
2404 3683 2516 3735 Nos
2527 3687 2613 3736 est
2632 3680 2782 3735 enim
2803 3682 2899 3752 qui
2919 3680 3383 3735 resurrectionem
3418 3680 3691 3747 assecuti,

2089 3785 2153 3823 ex
2181 3771 2340 3823 omni
2384 3777 2554 3840 gente
2582 3786 2795 3837 sumus,
2840 3770 2923 3824 illi
2950 3786 3080 3824 vero
3111 3770 3206 3841 qui
3237 3768 3341 3824 sub
3371 3769 3491 3840 lege
3528 3774 3693 3835 sunt,

2087 3874 2201 3913 una
2218 3875 2357 3928 gens
2388 3864 2491 3913 est.

2157 3948 2244 4002 47.
2278 3951 2520 4003 AUGUST.
2557 3949 2733 4016 (ibid.)
2767 3950 2892 4016 Quae
2920 3949 3075 4001 habet
3103 3949 3313 4013 virum,
3350 3946 3404 3999 id
3433 3949 3535 4009 est,
3566 3949 3698 3998 ter—

2088 4052 2226 4090 rena
2253 4037 2562 4091 Jerusalem
2587 4053 2709 4108 quia
2738 4038 2920 4107 legem
2946 4040 3267 4107 acceperat;
3314 4038 3372 4088 et
3413 4033 3538 4088 ideo
3579 4049 3703 4087 cce-

2090 4125 2285 4179 lestem
2316 4126 2626 4179 Jerusalem
2666 4126 2805 4180 Sara
2845 4126 3142 4195 signiﬁcat,
3175 4140 3298 4195 qua:
3327 4123 3423 4176 diu
3461 4122 3703 4176 deserta

2090 4220 2177 4268 est
2204 4231 2238 4267 a
2262 4214 2561 4269 concubitu
2585 4214 2709 4279 viri,
2734 4219 2965 4286 propter
2989 4213 3277 4284 cognitam
3307 4211 3661 4266 sterilitatem
3676 4252 3692 4265 .

2160 4302 2247 4358 48.
2280 4303 2488 4357 LANFR.
2525 4303 2643 4369 Qua
2682 4306 2931 4357 libertate
2970 4303 3220 4358 Christus
3268 4317 3365 4355 nos
3407 4302 3693 4354 liberavit.

2088 4391 2171 4445 Ne
2197 4397 2522 4462 putaremus
2537 4408 2638 4445 nos
2664 4392 2999 4446 naturaliter
3026 4391 3231 4446 liberos
3252 4405 3392 4455 esse,
3424 4390 3703 4444 determi-

2088 4484 2188 4534 nat
2209 4480 2389 4550 ipsam
2418 4479 2737 4534 libertatem
2780 4499 2791 4534 :
2822 4497 2931 4550 qua
2961 4482 3229 4548 libertate,
3264 4486 3368 4535 etc.

2163 4568 2320 4622 CAP.
2352 4568 2487 4621 V.--
2504 4569 2549 4624 l.
2583 4569 2785 4623 Lamia.
2815 4571 2995 4623 Nolite
3014 4572 3223 4624 iterum
3240 4574 3378 4640 jugo
3401 4570 3701 4625 servitutis

2088 4660 2389 4714 contineri.
2428 4657 2571 4720 Quia
2598 4657 3038 4724 continebimini,
3073 4658 3120 4713 si
3167 4657 3648 4713 circumcidamini
3678 4678 3696 4724 ;

2087 4745 2295 4800 dictum
2329 4751 2416 4800 est
2441 4746 2611 4800 enim.
2647 4746 2791 4811 Quia
2817 4747 2997 4801 omnis
3026 4748 3124 4819 qui
3150 4747 3254 4803 sub
3284 4748 3408 4817 lege
3435 4752 3538 4807 est,
3570 4762 3705 4800 ser-

414 4833 548 4905 quia
565 4833 624 4888 in
651 4834 755 4887 hac
776 4833 1040 4905 praesenti
1064 4832 1176 4887 vita
1213 4813 1383 4888 servit
1414 4833 1785 4888 Ecclesia.Vel
1809 4834 1997 4899 servit,
2023 4813 2065 4871 Ο
2088 4852 2214 4900 vus;
2248 4835 2341 4905 qui
2371 4840 2561 4889 autem
2588 4813 3081 4901 circumciduntur,
3105 4836 3210 4892 sub
3238 4813 3367 4907 lege
3387 4842 3536 4890 sunt.

414 4924 713 4994 conjuncta
743 4922 793 4976 ei
815 4939 936 4993 quae
964 4938 1115 4976 nunc
1156 4928 1242 4976 est
1268 4924 1600 4986 Jerusalem,
1640 4922 1696 4976 id
1729 4928 1833 4983 est,
1867 4924 2005 4994 legis

413 5011 662 5068 carnalia
684 5016 882 5066 tenens
911 5012 969 5066 in
1016 5012 1346 5066 Jerusalem.
1398 5012 1499 5065 Vel
1545 5012 1710 5065 modo
1747 5018 1833 5065 est
1871 5029 2007 5066 con-

406 5103 604 5173 juncta
634 5099 909 5167 Ecclesiae,
933 5104 991 5154 et
1016 5100 1172 5171 prius
1199 5098 1391 5154 serviit
1408 5100 1513 5153 sub
1542 5099 1689 5169 lege.

479 5189 509 5247 4
527 5190 541 5246 l
559 5191 759 5247 .Servit
786 5206 912 5244 cum
941 5190 1099 5257 ﬁliis.
1126 5189 1346 5243 Servire
1371 5189 1509 5242 dicit
1536 5196 1818 5243 terrenam
1850 5190 2006 5242 Jeru-

410 5279 604 5347 salem,
644 5278 731 5333 vel
761 5277 866 5334 sub
895 5278 1107 5332 carnali
1136 5279 1276 5348 lege,
1308 5294 1431 5348 quae
1460 5278 1661 5332 timore
1692 5277 1890 5331 mortis
1911 5294 2004 5331 co-

405 5368 573 5439 gebat
594 5369 680 5422 vel
700 5367 803 5422 sub
825 5368 962 5438 jugo
993 5366 1230 5421 Romani
1260 5366 1501 5437 imperii.

2155 4922 2209 4976 2.
2242 4926 2470 4977 Ausus'r
2516 4927 2603 4991 (In
2628 4940 2725 4992 cap
2767 4942 2800 4977 ν
2820 4927 2893 4978 ad
2912 4926 3055 4994 Gal.)
3087 4927 3266 4980 Nolite
3288 4930 3513 4979 iterum.
3537 4923 3703 4987 Quo-

2088 5013 2253 5065 modo
2282 5013 2563 5083 accepturi
2592 5030 2787 5067 sumus
2816 5015 2965 5084 quod
3000 5015 3165 5080 dicit;
3197 5031 3268 5068 ne
3311 5014 3515 5067 iterum
3538 5013 3692 5082 jugo

2087 5100 2372 5154 servitutis
2402 5100 2776 5163 attineamini,
2801 5118 2924 5155 cum
2948 5102 3015 5155 ad
3035 5119 3127 5156 eos
3153 5101 3361 5156 scribat
3383 5100 3478 5170 qui
3497 5101 3691 5155 Judaei

2087 5204 2374 5259 nunquam
2400 5190 2663 5243 fuerant?
2691 5191 2833 5253 Quid
2865 5191 3014 5245 aliud
3046 5191 3150 5244 hoc
3177 5191 3298 5244 loco
3329 5189 3476 5244 dicat
3501 5190 3699 5259 genti-

2088 5276 2190 5331 bus
2221 5294 2332 5331 non
2363 5278 2725 5343 invenio,nisi
2744 5284 2809 5332 ut
2835 5280 3012 5349 prosit
3035 5279 3166 5337 illis.
3188 5279 3338 5348 quod
3358 5295 3392 5331 a
3412 5277 3693 5333 servitute

2084 5367 2499 5437 superstitionis
2528 5384 2661 5433 sure,
2696 5385 2797 5438 per
2822 5368 2986 5422 ﬁdem
3035 5367 3243 5421 Christi
3276 5366 3499 5421 liberati
3523 5372 3687 5431 sunt,

476 5456 566 5514 4?.
616 5459 724 5512 Illa
767 5463 978 5511 autem'
997 5473 1116 5525 qua:
1142 5472 1367 5510 sursum
1392 5460 1466 5510 est
1492 5456 1796 5511 Jerusalem
1826 5457 1998 5509 libera
2080 5471 2151 5508 ne
2179 5454 2383 5511 iterum
2410 5455 2554 5510 servi
2582 5471 2701 5510 esse
2730 5456 2903 5510 velint
2931 5455 3034 5511 sub
3064 5455 3449 5512 observatione
3484 5470 3693 5509 carna-

405 5550 498 5613 est,
525 5545 581 5600 id
612 5554 716 5613 est,
748 5547 889 5600 Sara
906 5545 1093 5616 signat
1109 5544 1420 5601 Jerusalem
1438 5545 1740 5610 caelestem,
1761 5559 1885 5615 quae
1914 5548 2000 5599 est
2078 5542 2216 5598 lium
2250 5543 2719 5599 Observationum.
