3936 6178
273 277 365 336 281
925 280 1002 334 IN
1040 280 1106 334 D.
1149 278 1363 335 PAULI
1407 278 1634 334 EPIST.
1678 277 2047 333 COMMENT.
2094 309 2156 319 -—
2198 278 2420 333 EPIST.
2460 276 2558 331 AD
2598 274 2855 331 GALAT.
3426 271 3531 330 Q82

265 418 457 458 rursus
477 404 631 459 omni
647 402 885 470 homini,
902 402 952 459 3.
971 402 1394 459 circumcidenti
1414 419 1493 470 se,
1518 402 1786 476 quoniam
1804 398 2025 458 debitor
2047 404 2132 458 est
2158 401 2433 457 universae
2450 399 2591 471 legis
2624 397 2908 453 faciendae.
2928 397 2992 453 Si
3009 399 3158 452 debet
3178 401 3527 463 circumcidi,

265 494 527 546 similiter
553 497 627 545 est
646 494 911 545 obnoxius
936 494 1209 544 universis
1226 494 1514 559 legalibus.
1540 492 1804 547 Evacuati
1835 491 1974 546 estis
2003 509 2036 546 a
2061 491 2304 554 Christo,
2336 493 2454 543 sine
2470 491 2687 546 Christo
2712 490 2857 551 estis,
2892 486 2986 558 qui
3019 486 3077 540 in
3104 488 3229 557 lege
3251 488 3529 559 justiﬂca-

263 578 417 642 mini,
441 583 752 647 justiﬁeari
777 581 1032 639 creditis;
1066 579 1112 632 si
1132 585 1319 633 autem
1338 584 1458 634 sine
1491 581 1724 644 Christo,
1758 596 1791 633 a
1814 580 2000 650 gratia
2030 580 2331 634 excidistis.
2370 590 2485 646 (per
2525 580 2917 642 contrarium.)
2965 577 3080 629 Nos
3124 577 3272 630 enim
3310 583 3527 631 tantum

261 668 483 738 spiritu,
509 676 744 737 sumpto,
765 685 834 723 ex
856 668 985 739 ﬁde,
1010 685 1165 739 spem
1190 668 1442 739 justitiae,
1467 672 1638 722 vitam
1658 676 1940 735 aeternam,
1974 686 2142 738 quam.
2161 669 2535 735 habentjusti,
2561 671 2950 736 exspectamus
2979 664 3098 734 (per
3129 668 3527 736 contrarium.)

261 755 305 809 4.
338 757 486 811 Nam
511 758 569 810 in
597 757 819 811 Christo
849 758 1000 818 Jesu,
1032 773 1214 827 neque
1235 758 1583 812 circumcisio
1598 758 1811 829 aliquid
1833 759 1996 823 valet,
2016 775 2196 829 neque
2211 757 2578 829 praeputium;
2607 755 2703 808 sed
2733 755 2783 809 5.
2822 755 2981 817 ﬁdes,
3006 770 3128 824 quae
3164 771 3265 825 per
3284 753 3529 809 Charita-

256 849 392 903 tem.
413 849 613 900 nonin
627 847 923 914 hypocrisi,
945 846 1561 917 operatur,Currebatis
1582 847 1723 901 bene
1738 892 1748 903 .
1763 846 1898 910 Quis
1923 862 2015 900 vos
2032 846 2323 916 impedivit
2345 844 2563 897 veritati
2586 859 2696 896 non
2716 842 2981 896 obedire?
3001 842 3293 896 Persuasio
3306 843 3423 897 haec
3444 860 3529 897 ro-

258 934 331 985 bis
364 935 519 1001 facta
545 950 657 987 non
686 940 771 989 est
799 951 865 988 ex
893 951 976 999 eo,
999 938 1122 1002 Deo,
1152 936 1248 1003 qui
1279 941 1435 990 vocat
1461 952 1579 1002 vos,
1611 952 1646 989 a
1676 951 1842 990 causa
1862 940 1910 988 et
1939 937 2187 987 asimiti.
2223 934 2273 997 6,
2307 933 2359 986 7.
2394 933 2671 986 Modicum
2702 931 3039 985 fermentum
3071 936 3248 985 totam
3279 948 3524 986 massam

255 1024 587 1093 corrumpit.
620 1023 734 1093 Ego
765 1028 948 1078 tamen
969 1025 1185 1079 confido
1205 1026 1564 1095 (consolatur)
1596 1024 1676 1089 in,
1706 1026 1787 1089 de,
1822 1023 1978 1077 vobis
2006 1024 2066 1077 in
2095 1023 2351 1089 Domino,
2394 1022 2540 1093 quod
2570 1020 2711 1075 nihil
2743 1020 2918 1083 aliud,
2952 1036 3120 1087 quam
3150 1022 3311 1087 decet,
3343 1021 3526 1092 sapie-

253 1110 359 1176 tis;
395 1111 497 1181 qui
527 1117 714 1164 autem
741 1114 1017 1166 suadendo
1046 1116 1521 1168 circumcisionem
1551 1110 1851 1167 conturbat
1876 1127 1991 1176 vos,
2016 1111 2263 1181 portabit
2285 1111 2581 1182 judicium,
2612 1108 2929 1180 quicunque
2950 1110 3037 1161 est
3055 1107 3170 1173 ille,
3202 1111 3311 1161 sive
3340 1114 3525 1177 potens

252 1196 301 1253 8.
333 1196 393 1256 9.
424 1199 542 1269 Ego
572 1207 781 1265 autem,
817 1200 1041 1264 fratres,
1076 1202 1123 1256 si
1151 1201 1632 1256 circumcisionem
1666 1202 1825 1271 (quod
1855 1200 2166 1269 dicebatur)
2203 1201 2385 1254 adhuc
2415 1199 2672 1270 praedico,
2706 1198 2836 1269 quid
2873 1198 3055 1251 adhuc
3082 1197 3528 1267 persecutionem

249 1287 482 1357 patior?
505 1285 584 1343 10.
619 1288 788 1359 Ergo,
824 1293 874 1342 si
899 1294 1376 1345 circumcisionem
1390 1291 1969 1360 przdico,utdicitur,
1992 1294 2319 1343 evacuatum
2350 1294 2455 1355 est,
2488 1305 2598 1342 esse
2627 1290 2792 1353 debet,
2834 1285 2919 1343 11.
2960 1285 3284 1339 scandalum
3320 1286 3524 1350 crucis,

243 1382 484 1444 propter
504 1392 715 1435 crucem
741 1383 922 1444 [35
941 1381 1188 1434 illatum.
1207 1379 1293 1437 1'2.
1325 1379 1554 1434 Utinam
1585 1383 1644 1433 et
1669 1395 1705 1433 a
1735 1384 1909 1433 vestro
1931 1380 2203 1432 consortio
2234 1376 2313 1433 13.
2333 1377 2735 1431 abscindantur
2749 1374 2845 1446 qui
2869 1391 2904 1428 a
2928 1376 3178 1429 libertate
3210 1378 3271 1426 in
3291 1377 3528 1427 cireum-

248 1466 522 1518 cisionem
550 1481 643 1518 vos
671 1465 1009 1521 conturbant
1036 1467 1048 1520 !
1087 1466 1164 1523 14.
1191 1468 1304 1522 Vos
1335 1468 1483 1522 enim
1511 1468 1767 1537 [ostendit
1809 1483 1845 1520 a
1891 1482 1997 1534 quo
2042 1468 2214 1520 velint
2243 1483 2324 1519 eos
2353 1462 2706 1537 conturbari]
2733 1465 2790 1517 in
2815 1463 3131 1516 libertatem
3159 1461 3340 1515 vocati
3370 1461 3522 1526 estis,

245 1552 484 1619 fratres,
515 1559 733 1608 tantum
748 1556 891 1624 (nisi
900 1560 1106 1624 putetis
1127 1574 1247 1611 eam
1270 1560 1579 1611 libertatem
1606 1573 1641 1612 a
1664 1561 1773 1624 tege
1793 1556 2005 1623 haberi)
2036 1554 2120 1611 14.
2148 1570 2220 1607 ne
2233 1553 2553 1608 libertatem
2572 1553 2629 1606 in
2655 1552 3000 1625 occasionem
3024 1550 3168 1604 detis
3185 1550 3389 1613 carnis,
3410 1566 3530 1604 car-

246 1645 405 1695 nalis
432 1644 804 1709 observantia,
831 1645 929 1699 sed
948 1642 1157 1717 16.per
1181 1647 1515 1701 charitatem
1545 1645 1775 1716 spiritus
1808 1643 2013 1698 servite
2045 1643 2302 1708 invicem,
2327 1644 2471 1712 quod
2502 1644 2660 1696 decet.
2693 1642 2780 1696 17.
2817 1641 3012 1696 Omnis
3045 1641 3192 1694 enim
3215 1641 3303 1693 lex
3326 1639 3385 1694 in
3415 1637 3527 1694 uno

246 1730 550 1784 alacritatis
563 1748 819 1787 sermone
845 1733 1128 1805 impletur,
1148 1739 1249 1789 isto
1269 1737 1509 1789 scilicet:
1529 1734 1740 1805 Diliges
1762 1732 2075 1803 proximum
2105 1737 2269 1786 tuum
2288 1731 2431 1785 sicut
2443 1731 2711 1803 teipsum.
2738 1730 2897 1794 Quod
2918 1730 2960 1783 si
2979 1729 3213 1783 invicem
3236 1728 3523 1793 mordetis,

245 1820 608 1885 detrahendo,
628 1825 683 1874 et
706 1822 1017 1889 comeditis,
1055 1826 1224 1878 nolite
1250 1825 1498 1877 mordere
1528 1825 1892 1888 alterutrum,
1915 1824 2050 1890 quia
2078 1823 2129 1874 si
2158 1822 2256 1875 hoc
2284 1823 2491 1887 facitis,
2514 1822 2881 1874 destruemini
2900 1839 2914 1873 :
2936 1820 3078 1887 quod
3098 1835 3163 1872 ne
3191 1820 3307 1885 ﬁat,
3341 1816 3522 1870 videte

243 1922 312 1961 ne
348 1906 425 1960 ab
457 1907 691 1962 invicem
722 1911 1152 1979 consumamini,
1177 1913 1571 1966 destruamini.
1602 1910 1736 1965 Dico
1776 1914 1966 1963 autem
1998 1913 2058 1963 in
2096 1912 2340 1966 Christo:
2379 1910 2695 1981 18.Spiritu
2714 1909 3090 1970 ambulate,et
3108 1906 3389 1962 desideria
3407 1924 3525 1961 car-

244 1996 333 2051 nis
350 2012 471 2051 non
487 1997 912 2069 perﬁcietis.‘i9.
933 1998 1020 2056 20.
1048 2001 1192 2056 Caro
1216 2001 1367 2055 enim
1379 2000 1720 2071 concupiscit
1739 1999 2006 2053 adversus
2024 1999 2283 2071 spiritum
2309 2019 2322 2067 ;
2355 2001 2587 2072 spiritus
2615 2005 2804 2055 autem
2835 1998 3100 2053 adversus
3125 2013 3374 2052 carnem.
3395 1998 3525 2052 Haec

1602 2096 2189 2153 COMMENTARIUS.

310 2181 377 2240 3.
430 2185 530 2253 (In
572 2202 688 2255 cap.
721 2203 753 2238 v
788 2188 864 2241 ad
906 2186 1056 2256 Gal.)
1115 2189 1548 2243 Circumcidenti
1605 2204 1675 2250 se,
1729 2191 1840 2248 etc,
1866 2186 2152 2252 Actionis,
2194 2188 2395 2258 adjecit
2414 2188 2878 2244 benedictionem.
2916 2187 3040 2241 Non
3061 2183 3519 2255 tantum,inquit,

241 2272 411 2336 Quod
437 2273 566 2328 ideo
595 2274 744 2338 dicit,
778 2281 842 2329 ut
861 2276 945 2329 vel
962 2282 1176 2331 terrore
1203 2283 1320 2331 tam
1352 2274 1845 2331 innumerabilium
1931 2276 2422 2343 circumciduntur,
2457 2278 2553 2332 sed
2593 2276 3024 2341 abscinduntur;
3057 2275 3136 2329 sic
3184 2274 3334 2329 enim
3381 2273 3526 2327 fiunt

238 2360 701 2417 Observationum
734 2364 1084 2421 abstinerent
1110 2383 1170 2420 se
1194 2366 1263 2420 ab
1294 2366 1380 2420 his
1403 2364 1605 2436 quibus
1634 2381 1729 2418 eos
1753 2348 1847 2418 isti
1932 2365 2205 2436 spadones
2227 2373 2455 2437 propter
2486 2382 2724 2437 regnum
2754 2367 3040 2429 caelorum,
3074 2368 3132 2417 et
3159 2362 3411 2417 carnalia
3442 2378 3525 2416 se-

238 2450 556 2522 subjugare
575 2453 892 2523 cupiebant.
1930 2453 2148 2507 minare
2176 2455 2490 2510 cessabunt.

302 2538 374 2597 4.
416 2541 629 2595 ΒΑΜ-Β.
660 2543 805 2595 Nam
818 2545 881 2596 in
904 2542 1115 2597 Christo
1131 2546 1257 2597 Jesu
1283 2560 1455 2613 neque
1476 2545 1843 2597 circumcisio.
2002 2543 2087 2596 13.
2112 2543 2316 2598 Lmen.
2349 2546 2784 2608 Abscindantur,
2814 2543 2871 2597 id
2902 2547 3005 2607 est,
3031 2541 3474 2597 eunuchizentur
3491 2559 3527 2597 a

239 2628 318 2682 EI
349 2629 475 2682 ﬁde
504 2634 721 2683 tantum
732 2630 1093 2700 justiﬁcatur,
1118 2632 1249 2702 quia
1264 2649 1376 2686 non
1400 2648 1502 2703 per
1525 2631 1697 2695 aliud;
1714 2647 1845 2684 nam
1927 2631 2092 2684 malis
2112 2632 2384 2691 moribus.
2400 2649 2470 2686 ne
2482 2633 2726 2703 amplius
2744 2637 3018 2704 generant
3036 2631 3093 2685 in
3126 2632 3335 2686 malum
3361 2649 3374 2698 ;
3410 2647 3524 2686 non

235 2732 429 2787 neque
461 2733 565 2787 per
610 2718 1110 2782 circumcisionem,
1144 2737 1326 2791 neque
1356 2737 1456 2791 per
1484 2719 1842 2792 praeputium.
1928 2719 2077 2773 enim
2112 2726 2308 2774 vocant
2337 2738 2433 2775 vos
2466 2722 2537 2775 ad
2564 2721 2622 2775 id
2663 2721 2733 2775 ad
2771 2720 2918 2793 quod
2948 2719 3128 2774 vocati
3150 2720 3304 2785 estis,
3329 2719 3385 2773 id
3415 2724 3524 2788 est,

304 2805 360 2861 5.
384 2806 551 2859 Fides
569 2823 686 2874 qua
720 2823 822 2875 per
869 2809 1235 2862 dilectionem.
1269 2810 1339 2864 Et
1359 2809 1447 2862 hic
1471 2809 1609 2863 illud
1635 2807 1843 2878 tetigit,
1928 2808 1995 2861 ad
2026 2808 2364 2875 libertatem,
2397 2811 2494 2865 sed
2512 2810 2584 2864 ad
2622 2810 2969 2864 servitutem.

234 2894 331 2965 qui
355 2893 494 2965 [at.,
527 2891 684 2967 quia]
706 2895 812 2950 sub
843 2896 966 2967 lege
994 2896 1278 2951 servitutis
1308 2898 1444 2969 [at.,
1465 2898 1724 2967 servitus]
1747 2913 1849 2968 per
2003 2895 2093 2953 ‘14.
2144 2899 2234 2951 Vos
2263 2901 2408 2952 enim
2444 2901 2772 2963 libertatem,
2823 2898 2954 2969 quia
2997 2913 3101 2952 nec
3149 2896 3518 2963 circumcisio,

236 2982 517 3037 timorem
550 2989 839 3054 operatur.
1925 3003 2028 3041 nec
2054 2987 2178 3041 aliae
2209 2988 2417 3057 legales
2455 2987 2869 3042 observationes
2894 2991 3180 3041 curantur.

303 3070 360 3127 6.
391 3073 677 3126 Alodicum
695 3074 1163 3140 fermentum,etc.
1188 3076 1274 3129 Ne
1289 3074 1540 3130 dicerent
1560 3093 1571 3129 :
1599 3074 1846 3130 Circum-
2000 3074 2084 3132 15.
2111 3075 2369 3130 AucUs'r.
2389 3079 2569 3143 (ibid)
2595 3077 2670 3131 Ne
2694 3079 3020 3136 libertatem,
3043 3074 3098 3128 id
3116 3079 3221 3139 est,
3245 3090 3316 3128 ne
3330 3072 3522 3128 audito

233 3160 344 3213 cidi
374 3164 608 3214 tantum
632 3178 933 3231 possumus
962 3179 1079 3217 nos.
1116 3164 1218 3217 Vel
1245 3163 1473 3235 quidam
1498 3163 1725 3218 illorum
1748 3180 1844 3217 vo-
1926 3165 2153 3219 nomine
2174 3164 2448 3219 libertatis
2478 3164 2633 3219 vobis
2653 3164 2883 3236 impune
2906 3164 3250 3235 peccandum
3274 3178 3396 3217 esse
3425 3178 3520 3216 ar-

231 3246 434 3301 lebant
456 3247 799 3315 circumcidi,
830 3251 889 3304 id
916 3257 1018 3317 est,
1053 3252 1355 3306 modicum.
1925 3252 2229 3308 bitremini.

304 3335 358 3389 '7.
379 3341 636 3393 Aususr.
657 3337 1131 3408 (ibid.)Modicum
1147 3342 1634 3410 fermentum.Eos
1654 3346 1843 3396 autem
1999 3346 2085 3396 Νι.
2127 3344 2339 3399 ΙιΑΝιθ-ιι.
2399 3345 2497 3397 Per
2522 3344 2868 3397 charitatem.
2904 3340 3076 3406 Quasi
3116 3340 3327 3395 diceret
3360 3359 3371 3393 '.
3404 3340 3524 3395 sola

233 3440 474 3495 paucos,
511 3425 610 3496 qui
632 3426 703 3480 ad
725 3427 853 3481 illos
876 3428 1193 3495 veniebant,
1223 3435 1281 3484 et
1304 3430 1398 3484 isti
1449 3431 1573 3501 [al.,
1612 3436 1675 3485 ut
1712 3430 1840 3501 ista]
1860 3497 1900 3503 _
1927 3432 2169 3487 charitas
2198 3436 2383 3503 potest
2404 3449 2506 3486 nos
2535 3432 2767 3498 salvare,
2812 3436 2997 3502 spreta
3027 3429 3240 3485 carnali
3269 3429 3524 3484 observa-

233 3513 568 3578 sﬁaderent,
602 3515 736 3585 quia
772 3517 1164 3587 cooperatione
1193 3518 1314 3590 [at.,
1346 3519 1405 3572 in
1426 3497 2080 3590 comparationeBtione
2114 3540 2126 3589 ;
2170 3529 2227 3576 et
2254 3522 2440 3577 reddit
2483 3539 2709 3577 causam
2771 3521 2961 3575 dicens
2993 3538 3004 3573 :
3039 3520 3171 3591 quia
3210 3518 3390 3574 omnis
3436 3519 3526 3573 lex

234 3602 650 3676 multitudinis]
711 3604 1037 3660 Galatarum
1084 3607 1433 3661 credentium
1482 3608 1666 3679 exigui
1712 3606 1842 3680 [at.,
1928 3611 2226 3665 dilectione
2252 3611 2547 3682 impletur;
2581 3617 2638 3665 et
2666 3611 2770 3664 hac
2799 3610 3089 3664 occasione
3107 3608 3347 3663 breviter
3362 3624 3526 3679 expo-

234 3693 467 3762 exiguo]
498 3708 738 3747 numero
776 3700 957 3755 erant,
980 3694 1320 3749 fermentum
1347 3697 1611 3767 appellat.
1928 3699 2015 3753 nit
2043 3717 2164 3770 quae
2196 3701 2372 3755 vitare
2415 3706 2472 3755 et
2517 3716 2639 3771 quae
2677 3716 2899 3754 servare
2933 3699 3177 3753 debeant
3215 3696 3523 3758 Christiani

306 3778 362 3838 8,
430 3783 613 3849 (ibid)
672 3782 783 3849 Ego
833 3788 1038 3837 autem.
1098 3783 1531 3855 Intelligendum
1562 3791 1647 3840 est
1675 3785 1845 3840 fuisse
1927 3805 2028 3860 pro
2051 3789 2325 3843 servanda
2354 3789 2648 3843 charitate.
2694 3787 2909 3852 Quibus
2957 3786 3208 3858 expletis,
3242 3787 3314 3840 ad
3356 3801 3523 3857 supe-

239 3869 519 3940 quosdam
550 3869 650 3940 qui
677 3870 930 3925 dicerent
949 3872 1119 3926 etiam
1151 3872 1334 3944 ipsum
1362 3873 1599 3929 Paulum
1629 3875 1686 3929 id
1714 3891 1844 3930 sen-
1924 3878 2133 3932 riorem
2159 3877 2594 3932 circumcisionis
2612 3878 2757 3931 redit
2776 3881 3102 3932 tractatum.

234 3958 368 4013 tire.
1993 3967 2080 4021 17.
2107 3967 2346 4021 AUGUST.
2373 3968 2515 4034 (ibid
2542 3965 2555 4035 )
2576 3966 2768 4021 Omnis
2786 3970 2889 4020 lex.
2912 3966 3150 4020 Omnem
3169 3966 3353 4036 legem
3374 3980 3524 4020 nunc

308 4046 362 4100 9.
384 4048 597 4102 Lucra.
631 4049 740 4116 Ego
770 4054 981 4106 autem.
1020 4050 1323 4105 Dicebatur
1353 4051 1568 4107 Galatis
1612 4069 1646 4106 a
1686 4052 1842 4107 falsis
1926 4056 2065 4110 dicit
2093 4072 2158 4109 ex
2186 4056 2274 4109 his
2304 4055 2566 4127 operibus
2584 4072 2706 4126 quae
2732 4055 2799 4108 ad
2819 4054 2993 4108 bonos
3011 4070 3195 4107 mores
3216 4054 3520 4125 pertinent.

235 4136 724 4206 praedicatoribus,
781 4139 929 4208 quod
970 4139 1178 4193 Paulus
1202 4140 1371 4193 etiam
1409 4141 1711 4212 Apostolus
1740 4142 1843 4194 cir-
2001 4143 2084 4200 18.
2108 4146 2293 4199 LANFR
2334 4145 2552 4213 Spiritu
2575 4145 2875 4197 ambulate.
2911 4143 2980 4196 Et
3000 4142 3132 4213 quia
3167 4158 3279 4196 non
3315 4142 3524 4196 sufﬁcit

236 4225 641 4279 cumcisionem
664 4227 1009 4297 praedicaret,
1046 4234 1104 4281 et
1136 4228 1281 4282 hanc
1313 4228 1685 4299 suspicionem
1717 4247 1751 4284 a
1781 4247 1842 4284 se
1925 4232 2210 4287 abstinere
2239 4249 2271 4287 a
2304 4234 2471 4297 malo,
2505 4231 2611 4286 nisi
2643 4233 2741 4285 ﬂat
2771 4231 3000 4294 bonum,
3028 4230 3285 4301 sequitur
3309 4233 3519 4297 spiritu

236 4321 515 4380 removet;
558 4314 687 4368 ideo
713 4316 861 4368 enim
890 4332 924 4369 a
950 4317 1157 4370 Judaeis
1198 4317 1639 4388 persecutionem
1671 4320 1841 4373 susti-
1924 4323 2220 4386 ambulate,
2256 4327 2313 4375 et
2336 4320 2610 4375 habebitis
2625 4317 3522 4391 hocproﬁcuum,quoddesideria
3576 4372 3581 4377 ,

236 4402 422 4462 nebat.
450 4403 589 4474 quia
602 4404 1461 4476 circumcisionemimprobabat,
1489 4412 1656 4477 etper
1675 4409 1840 4462 ﬁdem
1923 4410 2107 4464 carnis
2138 4426 2250 4464 non
2288 4409 2606 4481 perﬁcietis.
2651 4409 2719 4463 Et
2747 4408 2937 4463 subdit
2960 4426 3062 4463 cur
3087 4398 3518 4464 contraria'non

232 4492 418 4545 crucis
434 4492 740 4563 justiﬁcari
762 4493 1043 4547 hominem
1066 4494 1369 4549 asserebat.
1409 4496 1569 4550 Unde
1589 4500 1647 4550 et
1664 4497 1841 4551 Judaei
1923 4505 2075 4565 sunt,
2108 4504 2166 4553 et
2183 4499 2343 4570 ponit
2363 4498 2810 4569 designationem
2830 4497 2888 4551 in
2912 4497 3057 4551 libro
3083 4517 3096 4556 ε
3120 4497 3232 4552 hoc
3243 4497 3391 4552 enim
3414 4497 3519 4552 sibi

232 4580 506 4635 adversus
546 4598 676 4635 eum
721 4582 1282 4651 scandalizabantur;
1332 4584 1479 4655 quod
1513 4585 1837 4641 scandalum
1921 4587 2196 4642 invicem:
2231 4594 2287 4641 et
2318 4586 2533 4658 probat,
2583 4586 2714 4657 quia
2767 4586 3170 4657 concupiscunt
3222 4586 3519 4641 adversum

230 4676 575 4724 evacuatum
612 4676 779 4735 esset,
813 4670 861 4725 si
889 4671 1211 4727 circumcidi
1241 4672 1448 4727 debere
1474 4673 1666 4729 fideles
1694 4692 1839 4746 prae-
1921 4693 1999 4744 se,
2026 4693 2057 4730 a
2083 4676 2265 4748 specie

230 4757 469 4812 dicaret.
1996 4763 2079 4822 19.
2106 4765 2460 4836 Anaus'r.(De
2474 4764 2667 4820 Genesi
2680 4767 2756 4818 ad
2776 4767 3045 4827 litteram,
3071 4781 3201 4835 cap.
3239 4762 3345 4832 l2.)
3377 4764 3516 4819 Caro

318 4847 401 4902 10.
432 4850 681 4903 Aususr.
719 4851 905 4920 (ibid)
956 4852 1099 4921 Ergo
1144 4857 1471 4906 evacuatum
1519 4858 1613 4920 est,
1645 4853 1839 4919 idest,
1863 4848 2275 4924 Cconcupiseit.
2299 4854 2537 4908 Carnem
2566 4855 2758 4925 itaque
2791 4853 3275 4925 concupiscentem
3323 4853 3514 4908 adver-

228 4934 357 4989 sine
384 4951 561 4990 causa
588 4934 893 5006 Christum,
927 4955 1054 4994 cum
1099 4939 1210 4994 ista
1246 4944 1648 5008 contemneret,
1672 4957 1835 4996 scan-
1918 4961 2015 4999 sus
2043 4944 2303 5015 spiritum
2340 4943 2476 4996 dicit
2497 4943 2833 5014 Apostolus;
2876 4946 3159 4998 carnalem
3190 4944 3385 5015 procul
3416 4944 3517 4999 du-

226 5022 458 5078 dalizati
488 5025 671 5080 Judaei
700 5027 1098 5082 cruciﬁxerunt
1127 5029 1174 5082 si
1204 5030 1387 5084 adhuc
1441 5029 1540 5097 eis,
1581 5047 1682 5101 pro
1708 5032 1834 5103 qui-
1918 5033 2009 5087 bio
2028 5033 2474 5096 delectationem,
2495 5048 2662 5102 quam
2683 5033 2752 5086 de
2772 5048 2939 5087 carne
2955 5038 3152 5087 etcum
3174 5049 3341 5087 carne
3357 5032 3519 5103 spiri-

228 5110 342 5165 bns
364 5113 662 5168 cruciﬁxus
681 5121 784 5180 est,
810 5116 948 5171 talia
974 5117 1301 5176 suadentur.
1916 5127 2009 5177 tus
2029 5121 2200 5176 habet
2217 5122 2484 5198 adversus
2496 5121 2945 5184 delectationem,
2967 5139 3133 5193 quam
3150 5122 3302 5175 solus
3314 5120 3514 5186 habet;

308 5200 391 5255 11.
436 5202 641 5257 LAnrs.
675 5203 1017 5260 Scandatum
1054 5210 1251 5263 crucis.
1288 5209 1448 5273 Quod
1487 5216 1716 5281 propter
1736 5227 1831 5266 vos
1913 5211 2064 5265 solus
2093 5211 2299 5281 quippe
2318 5209 2527 5274 habet,”
2541 5209 2599 5263 ni
2627 5210 2812 5276 fallor,
2858 5210 2999 5264 illud
3030 5208 3369 5263 desiderium
3400 5223 3515 5261 non

225 5291 467 5359 pertulit
494 5292 772 5360 Christus,
796 5293 937 5348 nihil
960 5295 1190 5366 prodest
1220 5296 1392 5364 vobis,
1429 5297 1476 5353 si
1507 5298 1829 5355 circumcidi
1911 5317 2039 5355 cum
2068 5299 2255 5354 carnis
2294 5299 2598 5370 voluptate,
2630 5300 2716 5353 vel
2747 5298 3055 5353 carnalium
3086 5313 3275 5351 rerum
3306 5296 3519 5367 cupidi-

226 5378 436 5433 'elitis-
1908 5395 2026 5445 tate
2053 5387 2407 5455 commistum
2432 5407 2445 5456 ;
2486 5388 2635 5460 quod
2662 5387 2944 5443 desiderat
2968 5386 3176 5451 anima,
3217 5389 3276 5440 et
3302 5384 3519 5441 deside-

312 5466 400 5526 12.
428 5470 672 5527 Anausr.
709 5472 892 5541 (ibid)
914 5476 1139 5529 utinam
1163 5480 1213 5530 et
1241 5478 1663 5533 abscindantur.
1699 5479 1830 5534 Ele-
1908 5485 2000 5535 rat
2024 5478 2084 5534 in
2112 5479 2259 5534 atria
2286 5476 2531 5534 Domini.

221 5557 562 5626 potissima
588 5558 975 5629 ambiguitate,
1032 5564 1192 5634 quasi
1246 5564 1351 5620 sub
1379 5565 1561 5638 specie
1599 5568 1828 5623 maledi-
1976 5567 2073 5626 20.
2110 5569 2316 5625 Lmen.
2339 5569 2478 5624 σαν-ο
2504 5567 2856 5634 concupiscit.
2880 5564 3295 5630 Quasi-diceret
3324 5585 3338 5621 :
3378 5565 3511 5622 Ideo
