3936 6178
208 237 305 318 23.5
875 236 953 291 IN
989 234 1058 289 D.
1099 231 1315 288 PAULI
1356 228 1580 322 sris'r.
1618 225 1773 316 coni

1886 224 1988 280 Ἣ·
2033 253 2098 303 ’τ
2139 221 2359 316 Εξῗίδτο
2402 219 2794 312 ΑΡᾸΞΑῙΑἯ
3354 207 3475 300 ἳδῤ

201 332 454 418 omnibus
481 363 658 416 bonis.
688 359 737 417 9.
763 357 952 414 Nolite
982 373 1172 411 errare
1204 375 1216 409 τ
1253 357 1508 419 dicentes,
1549 369 1661 406 non
1683 352 1878 405 habere
1907 350 2041 418 quid
2072 351 2147 402 eis
2184 345 2596 400 communicetis
2623 360 2638 394 :
2675 336 2757 395 ‘10.
2805 337 2956 392 Deus
2986 349 3100 389 non
3143 332 3414 387 irridetur
3443 350 3456 398 ;

202 451 277 507 ll.
301 453 702 511 Commum‘cet,
727 451 932 516 inquit,
958 463 1079 516 quae
1109 444 1259 497 enim
1288 440 1649 497 seminaverit
1675 440 1842 493 homo
1869 442 1933 492 in
1953 439 2050 491 hoc
2068 436 2279 499 sacculo,
2306 435 2422 488 haec
2447 438 2503 487 et
2521 435 2584 485 in
2605 431 2801 497 futuro
2830 429 3020 522 metet,
3055 422 3141 478 l2.
3171 422 3451 522 Quoniam

201 540 284 610 qui
315 541 561 594 seminat
595 538 675 595 l3.
709 538 767 592 in
791 515 960 590 carne
988 551 1108 598 sua,
1145 534 1287 587 male
1329 531 1621 599 operando,
1652 529 1722 583 de
1749 544 1917 581 carne
1958 532 2017 580 et
2053 529 2230 578 metet
2266 521 2682 594 corruptionem
2712 535 2724 576 :
2759 516 2854 588 qui
2891 519 3082 602 autem
3129 515 3372 611 seminat
3398 515 3457 564 in

200 608 415 698 spiritu,
447 629 516 682 de
547 626 751 699 spiritu
779 629 956 678 metet
981 623 1153 677 vitam
1193 627 1479 676 aeternam.
1520 619 1737 673 Bonum
1784 621 1974 670 autem
2015 614 2302 677 iacientes,
2335 627 2446 665 non
2473 608 2795 663 deﬁciamus
2815 611 3115 699 ;_teinpore
3153 608 3304 655 enim
3334 614 3454 667 suo,

199 693 516 783 opportuno,
552 693 850 779 metemus,
876 729 987 765 non
1008 711 1351 765 deficientes.
1385 710 1527 780 Quia
1558 712 1820 760 metemus
1836 705 2230 778 indeficz'enter.
2251 700 2421 777 Ergo,
2441 699 2571 752 dum
2589 703 2812 768 tempus
2843 693 3140 783 habemus,
3160 704 3459 783 operemur

200 781 400 857 bonum
431 804 502 856 ad
535 819 748 866 omnes,
780 801 1020 855 maxime
1051 807 1241 853 autem
1277 796 1357 853 14.
1394 797 1465 850 ad
1506 794 1841 849 domesticos
1869 791 2014 857 ﬁdei
2050 791 2408 845 Christianos.
2435 786 2632 840 Videte
2657 788 2742 856 (ne
2776 786 3058 851 epistolam
3085 781 3319 835 alterius
3352 793 3458 830 esse

194 898 406 961 putetis)
431 893 694 963 qualibus
722 890 925 945 litteris
945 888 1144 959 scripsi
1170 886 1326 940 vobis
1356 901 1484 939 mea
1514 900 1687 937 manu
1715 882 1805 937 15.
1833 882 2165 950 Quicunque
2189 878 2340 933 enim
2366 878 2560 930 volunt
2585 876 2804 945 placere
2838 872 2896 925 in
2925 886 3114 963 carne,
3143 868 3454 963 carnaliter

197 959 628 1050 circumcisione,
659 981 718 1034 hi
746 984 953 1050 cogunt
977 995 1072 1031 vos
1103 974 1444 1041 circumcidi,
1472 977 1800 1048 tantumvut
1819 972 2001 1025 crucis
2025 969 2230 1024 Christi
2253 966 2694 1053 persecutionem
2727 979 2838 1016 non
2869 959 3175 1053 patiantur,
3211 960 3452 1053 tantum,

199 1087 292 1123 non
322 1076 387 1122 ut
413 1045 524 1138 ipsi
546 1073 710 1136 legem
739 1069 1067 1121 custodiant.
1099 1067 1294 1136 Neque
1312 1053 1462 1149 enim
1490 1061 1586 1132 qui
1610 1046 2278 1135 circumcidunturlegem
2296 1047 2637 1136 Custodiunt,
2662 1049 2758 1136 sed
2781 1042 3468 1148 voluntvoscircumcidit

196 1165 247 1213 ut
262 1159 325 1212 in
362 1135 625 1212 truncata
649 1173 816 1211 carne
847 1161 1031 1209 vestra
1057 1155 1207 1222 apud
1238 1135 1449 1207 Judaios
1476 1143 1810 1221 glorientur.
1855 1146 1939 1205 16.
1960 1141 2110 1203 ’Μίὴί
2141 1153 2331 1201 autem
2366 1145 2512 1199 absit
2543 1140 2796 1214 gloriari,
2819 1138 2925 1192 nisi
2955 1135 3013 1190 in
3057 1151 3239 1197 cruce,
3275 1135 3453 1222 crucis

194 1249 604 1316 pradicatione,
635 1245 858 1299 Domini
885 1243 1062 1298 nostri
1092 1243 1119 1296 J
1126 1257 1226 1295 esu
1248 1239 1480 1306 Christi,
1505 1239 1588 1293 17.
1613 1255 1713 1310 per
1735 1254 1901 1309 quem
1923 1237 2082 1302 mihi,
2114 1243 2177 1290 ut
2208 1253 2290 1288 me
2323 1251 2432 1288 non
2459 1235 2697 1296 teneant,
2719 1222 3304 1316 munduscrucifixus,
3329 1221 3457 1316 vitis

199 1308 373 1401 iactus
399 1340 507 1399 est,
539 1308 615 1399 et,
650 1340 731 1398 (ut
763 1350 888 1388 eum
910 1349 1025 1386 non
1051 1333 1314 1396 teneant),
1337 1343 1440 1397 ego
1462 1308 1708 1383 mundo!
1747 1308 1812 1382 ln
1843 1326 2065 1381 Christo
2093 1325 2243 1379 enim
2275 1325 2302 1378 J
2310 1339 2428 1387 esu,
2462 1335 2645 1391 neque
2673 1314 3018 1372 circumcisio
3053 1310 3267 1381 aliquid
3313 1308 3459 1366 valet

197 1440 374 1494 neque
405 1423 764 1494 praeputium,
791 1420 854 1478 18
900 1421 1004 1476 Sed
1023 1436 1172 1474 nova
1198 1423 1475 1483 creatura,
1508 1419 1797 1471 innovatio
1816 1418 2036 1479 mentis,
2059 1419 2109 1467 et
2133 1414 2395 1482 corporis.
2423 1410 2491 1464 Et
2519 1408 2840 1479 quicunque
2867 1405 3013 1494 hanc
3035 1401 3310 1494 regulam,
3343 1412 3459 1494 non

201 1490 657 1575 σίν-ξωηξιέίδηίε,
672 1513 764 1565 sed
791 1512 936 1578 ﬁdei,
956 1508 1132 1563 secuti
1143 1507 1375 1568 fuerint,
1398 1521 1504 1576 pax
1521 1520 1690 1576 super
1716 1503 1864 1574 illos,
1885 1508 1942 1557 et
1963 1500 2368 1558 misericordia.
2400 1496 2482 1554 l9.
2501 1504 2560 1551 et
2579 1511 2748 1566 super
2778 1493 2954 1550 Israel
2978 1490 3104 1556 Dei,
3131 1505 3242 1578 ηοῖι
3279 1493 3316 1551 Ι
3332 1490 3458 1578 38

201 1603 507 1654 carnaliter
524 1575 816 1656 viventem.
833 1598 920 1661 20.
942 1597 1030 1654 ‘21.
1050 1598 1130 1652 De
1141 1601 1340 1652 caetero
1378 1575 1545 1650 nemo
1568 1575 1904 1665 inobediens,
1913 1598 2121 1663 putans
2138 1607 2222 1644 me
2242 1605 2352 1643 non
2372 1604 2477 1641 esse
2495 1588 2811 1654 Apostotum
2835 1582 3061 1642 Christi,
3081 1577 3221 1632 mihi
3258 1575 3456 1630 moles-

199 1692 276 1752 tus
288 1687 474 1742 sit2‘2.
495 1689 609 1757 Ego
629 1688 781 1742 enim
797 1686 883 1747 ‘23.
907 1687 1174 1757 stigmata
1192 1685 1420 1742 Domini
1439 1685 1468 1738 J
1474 1700 1592 1750 esu,
1618 1687 1774 1737 notas
1793 1685 2116 1751 passionum
2151 1679 2374 1741 Christi,
2402 1679 2483 1730 vel
2513 1675 2792 1729 cicatrices
2817 1673 3138 1732 vulnerum,
3165 1668 3249 1757 cet
3276 1667 3460 1730 virga.

199 1793 339 1845 rum,
362 1776 454 1838 24.
494 1756 562 1830 in,
579 1793 814 1847 corpore
831 1792 956 1830 meo
984 1756 1166 1846 porto.
1201 1773 1397 1832 Gratia
1419 1771 1651 1830 Domini
1679 1770 1858 1825 nostri
1886 1770 1914 1823 J
1920 1786 2019 1824 esu
2045 1766 2253 1822 Christi
2283 1781 2411 1820 cum
2441 1763 2644 1835 spiritu
2675 1764 2858 1814 vestro
2886 1758 3108 1812 fratres.
3145 1756 3345 1808 Amen.

1525 1894 2115 1951 COMMENTARIUS.

254 2003 301 2061 9.
339 2005 527 2073 Nolite
574 2020 785 2079 errare.
815 2004 1002 2079 Quasi
1035 2005 1291 2079 diceret:
1328 2002 1665 2074 Sidixeritis
1695 2001 1928 2076 vosAIn
1957 2016 2118 2053 cruce
2151 1997 2357 2052 Christi
2376 1993 2660 2067 gloriabor
2674 1997 2915 2062 tantum,
2935 1986 3192 2079 quiahoc
3216 1985 3478 2079 tantum.
3545 1991 3550 1998 '

193 2085 292 2146 non
314 2091 534 2146 habere
579 2073 1123 2163 quedf'praedicatori
1170 2073 1452 2159 tribuatis,
1497 2073 1782 2145 hominem
1866 2090 2013 2144 valet
2038 2089 2108 2142 ad
2135 2087 2343 2142 Christi
2373 2086 2613 2142 salutem
2653 2078 3117 2159 promerendam;
3150 2088 3265 2163 non
3304 2073 3454 2152 enim

192 2169 667 2256 quidemﬁyip'otestis
687 2167 1084 2246 iallere,l)eum
1101 2181 1416 2252 autem,qui
1437 2180 1781 2234 occultorum
1863 2179 2037 2243 aliud,
2060 2177 2191 2249 quia
2214 2193 2396 2248 neque
2420 2172 2783 2233 circumcisio,
2809 2184 2991 2240 neque
3022 2161 3414 2260 praeputium.”
3447 2249 3458 2260 .

190 2247 451 2345 cognito;
469 2273 574 2346 est,
603 2286 716 2324 non
745 2271 979 2342 potestis
1009 2271 1263 2337 irridere,
1297 2247 1473 2334 idest,
1499 2263 1775 2339 decipere.
1940 2267 2020 2323 17.
2052 2247 2319 2321 Ᾰυαυετ.
2348 2265 2562 2335 (Expos.
2613 2262 2683 2314 ad
2741 2259 2904 2336 Gai.).
2950 2258 3058 2330 Per
3101 2247 3260 2328 quem
3306 2247 3455 2346 inihi

252 2356 329 2416 10.
372 2361 517 2413 Deus
549 2355 658 2434 non
679 2357 1149 2417 irridetur.Tunc
1176 2358 1337 2430 quasi
1357 2347 1706 2421 irrideretur,
1731 2357 1778 2411 si

189 2447 255 2500 illi
280 2449 380 2519 qui
415 2433 819 2520 non'laborant
847 2441 914 2502 in
936 2449 1096 2503 vinea
1119 2447 1410 2502 denarium
1442 2447 1776 2518 acciperent.

244 2534 329 2610 11.
357 2529 496 2603 Quae
522 2521 673 2589 enim
713 2522 1068 2591 seminaverit
1096 2539 1271 2591 homo.
1297 2531 1542 2598 Debetis,
1576 2535 1778 2606 inquit,

185 2611 640 2695 pmdicatoribus
691 2630 750 2678 et
800 2609 1065 2696 proximis
1115 2632 1301 2700 vestra
1345 2623 1778 2690 communicare,

181 2729 298 2767 nam
326 2706 488 2784 quod
515 2713 864 2767 seminabitis
904 2714 1163 2781 metetis;
1207 2712 1390 2767 omnis
1427 2712 1578 2786 enim
1617 2712 1793 2781 homo.

182 2801 274 2855 hoc
301 2801 462 2872 quod
488 2801 851 2856 seminaverit
877 2810 1066 2866 metet,
1090 2803 1223 2873 quia
1245 2785 1412 2855 et'ille
1428 2785 1523 2871 qui
1539 2799 1782 2854 seminat

181 2889 231 2943 in
255 2907 437 2946 carne
461 2891 762 2944 carnaliter
789 2892 1094 2963 operando,
1117 2897 1175 2945 et
1197 2891 1288 2944 ille
1326 2889 1420 2960 qui
1461 2889 1704 2943 seminat
1722 2889 1781 2943 in

177 2980 394 3049 spiritu,
428 2979 803 3050 spiritualiter
840 2981 1161 3052 operando;
1193 2979 1298 3033 iste
1336 2979 1579 3053 quidem
1605 2979 1777 3034 vitam

174 3074 461 3133 εδει-οδω,
487 3069 580 3122 ille
608 3085 738 3123 vero
758 3070 1189 3140 correptionem.

241 3155 326 3220 12.
359 3157 642 3224 Quoniam
667 3161 767 3225 qui
792 3161 1048 3212 seminat.
1078 3158 1258 3215 Omne
1278 3161 1427 3231 quod
1444 3159 1774 3223 seminatur,

179 3252 269 3298 aut
289 3245 352 3307 in
381 3262 574 3311 carne,
609 3252 707 3300 aut
735 3245 796 3300 in
825 3246 1046 3317 spiritu,
1078 3247 1196 3307 haec
1218 3255 1410 3306 autem
1440 3247 1631 3304 omnia
1666 3263 1780 3308 me-

177 3338 382 3388 tentur.
1792 3328 1843 3388 Β

243 3420 326 3478 13.
363 3424 435 3475 In
457 3439 647 3486 carne,
687 3422 747 3476 id
773 3427 880 3487 est,
903 3424 999 3496 qui
1029 3425 1161 3482 facit
1178 3425 1301 3496 ipsa
1316 3425 1566 3481 carnalia
1583 3442 1775 3498 opera,

173 3509 398 3567 habebit
423 3511 765 3581 gehennam,
795 3529 918 3584 quia
947 3520 1034 3568 est
1060 3520 1333 3586 perpetua
1359 3519 1668 3586 corruptio.

243 3599 688 3668 14,Auousr.(in
702 3602 875 3670 Epist.
889 3605 962 3656 ad
981 3603 1283 3673 Galat.)Ad
1301 3605 1615 3666 domesticos
1630 3605 1777 3671 ﬁdei.

176 3687 316 3752 Quos
325 3705 462 3752 eum
470 3690 834 3754 ,credendum
847 3696 949 3755 est,
958 3691 1065 3760 nisi
1077 3693 1426 3748 Christianos
1436 3693 1782 3763 signiﬁcare?

243 3777 329 3832 15.
357 3779 584 3834 ΒΑΜ-Ἦ.
621 3781 942 3848 Quicunque
967 3785 1118 3835 enim
1147 3783 1385 3836 voluerit
1406 3783 1642 3850 placere,
1666 3787 1772 3836 etc.

178 3864 532 3938 Praeceptum
554 3873 643 3921 est
673 3867 731 3921 in
757 3868 1038 3923 rhetorica
1050 3875 1132 3934 ut,
1151 3886 1279 3924 cum
1300 3869 1504 3941 aliquis
1525 3871 1641 3925 vult
1656 3887 1778 3941 per-

175 3956 410 4014 suadere
445 3957 685 4027 aliquid,
721 3957 779 4011 in
829 3957 1101 4029 principio
1127 3965 1184 4012 et
1211 3959 1270 4012 in
1292 3959 1401 4012 fine
1433 3959 1775 4013 mentionem

172 4041 354 4106 ﬁniat,
400 4045 555 4115 quod
595 4045 730 4102 facit
767 4047 1068 4116 Apostolus
1105 4047 1296 4101 dicens
1331 4065 1342 4100 :
1374 4048 1546 4102 nolite
1595 4047 1776 4102 facere

172 4132 317 4200 quod
339 4133 501 4187 vobis
531 4135 742 4204 pseudo
770 4135 1028 4199 suadent,
1062 4134 1119 4189 id
1143 4141 1246 4200 est,
1275 4136 1617 4202 circumcidi,
1641 4137 1776 4207 quia

171 4228 401 4292 propter
448 4224 557 4276 hoc
606 4224 818 4280 faciunt
855 4230 921 4278 ut
956 4225 1214 4296 placeant
1250 4226 1456 4281 Judaais
1497 4227 1557 4280 in
1607 4242 1774 4282 carne

170 4316 353 4364 vestra
401 4319 686 4378 truncata,
731 4319 788 4366 et
825 4329 937 4367 non
979 4313 1268 4384 patiantur
1297 4314 1366 4368 ab
1396 4313 1476 4368 eis
1513 4331 1774 4386 persecu-

171 4397 381 4454 tionem
415 4401 472 4453 in
508 4401 903 4470 praedicatione
944 4402 1143 4456 crucis.
1180 4403 1249 4456 Et
1277 4408 1364 4457 est
1407 4405 1782 4459 convertenda

1864 2359 2124 2422 mundus,
2158 2356 2213 2410 id
2243 2361 2345 2421 est,
2365 2360 2429 2409 ut
2451 2369 2562 2407 non
2579 2367 2668 2404 me
2698 2351 2919 2410 teneat;
2953 2349 3001 2398 et
3030 2358 3121 2410 ego
3150 2338 3459 2410 mundo,ut

1863 2465 1990 2504 eum
2019 2463 2135 2513 non.
2159 2451 2402 2514 teneam,
2435 2431 2492 2496 id
2535 2446 2638 2505 est,
2688 2446 2753 2492 ut
2797 2450 2979 2506 neque
3029 2428 3168 2500 mihi
3210 2425 3456 2481 mundus

1862 2553 2063 2592 nocere
2093 2521 2286 2608 possit,
2319 2547 2622 2614 neque'ego
2651 2527 2720 2581 de
2734 2521 2950 2580 mundo
2974 2517 3185 2606 aliquid
3204 2515 3470 2606 cupiamq

1942 2623 2024 2692 18.
2064 2626 2240 2694 (lbidJ
2282 2623 2384 2678 Sed
2415 2611 2555 2676 noua
2586 2623 2862 2684 creatura.
2897 2613 3109 2667 Novam
3138 2611 3486 2694 creaturam"

1865 2715 2000 2775 dicit
2027 2714 2198 2767 vitam
2235 2728 2432 2792 novam
2466 2725 2566 2784 per
2589 2707 2754 2792 fidem
2779 2705 2912 2758 Jesu

1934 2803 2023 2858 l9.
2054 2803 2233 2870 (Ibid)
2265 2785 2440 2868 Super
2468 2780 2658 2861 Eruci,
2700 2795 2757 2848 id
2800 2798 2904 2853 est,
2931 2780 3247 2860 qui-vivere
3275 2782 3341 2836 ad
3368 2780 3455 2870 rvi-

1862 2894 2076 2948 sionem
2099 2895 2517 2962 praeparantur;
2540 2903 2652 2940 non
2679 2884 2774 2955 qui
2800 2885 3068 2935 vocantur
3095 2877 3200 2929 hoc
3228 2869 3454 2926 nomine

1859 2988 1916 3038 et
1946 2981 2156 3048 carnali
2188 2978 2436 3033 caecitate
2469 2977 2650 3030 Deum
2680 2973 2866 3026 videre
2892 2969 3114 3022 nolunt.

1929 3069 2020 3126 20.
2051 3071 2258 3130 Lmen.
2300 3069 2373 3122 De
2411 3071 2622 3121 caetero.
2667 3064 2751 3117 De
2791 3064 3013 3121 caetero,
3053 3052 3256 3123 inquit,
3289 3063 3474 3108 nemo.

1860 3166 2106 3214 vestrum
2125 3173 2392 3212 onerosus
2417 3161 2474 3210 et
2499 3151 2830 3209 inobediens
2855 3146 2993 3202 mihi
3013 3145 3108 3210 sit,
3140 3146 3345 3213 putans
3365 3153 3456 3196 me

1860 3266 1974 3304 non
2002 3265 2124 3304 esse
2148 3247 2480 3320 Apostolum
2507 3241 2736 3299 Christi.

1928 3337 2017 3394 21.
2056 3340 2302 3392 AUGUST.
2332 3336 2465 3399 (ibid
2491 3335 2529 3403 ).
2562 3335 2634 3387 De
2665 3335 2866 3385 caetero.
2900 3327 3026 3380 Non
3055 3321 3176 3375 vult
3204 3333 3305 3390 per
3329 3320 3455 3386 tur,-

1861 3427 2118 3482 bulentas
2148 3424 2533 3481 contentiones
2563 3419 2794 3476 taedium
2812 3415 2919 3471 sibi
2942 3412 3064 3468 ﬁeri
3086 3411 3156 3464 de
3179 3425 3260 3472 re,
3285 3420 3458 3477 quan-

1861 3523 1983 3571 tum
2018 3516 2156 3570 satis
2176 3521 2318 3576 erat,
2351 3512 2621 3584 exposita.

1933 3604 2022 3658 22.
2062 3606 2246 3674 (ibid)
2274 3604 2383 3670 Ego
2422 3582 2572 3656 enim
2596 3601 2877 3667 stigmata,
2906 3593 2965 3648 id
2997 3586 3298 3644 esthabeo
3317 3582 3479 3639 alios.

1863 3693 2150 3748 conﬂictus
2175 3697 2233 3747 et
2259 3690 2570 3746 certamina
2592 3704 2718 3743 cum
2745 3700 2911 3740 carne
2932 3697 3072 3744 mea,
3105 3693 3234 3748 quae.
3247 3674 3308 3730 in
3334 3687 3458 3744 per:

1857 3782 2238 3837 secutionibus
2248 3798 2388 3852 quas
2405 3779 2606 3851 patior,
2629 3792 2847 3832 mecum
2868 3771 3156 3827 dimicant.
3177 3764 3459 3834 Stigmata

1857 3872 1989 3926 Jesu
2019 3871 2285 3926 dicuntur
2313 3870 2570 3941 quaedam
2610 3873 2758 3922 notae
2803 3876 3097 3936 poenarum
3145 3853 3454 3912 servilium.

1857 3963 2098 4032 Propter
2123 3961 2345 4031 culpam
2378 3959 2527 4014 enim
2558 3954 2979 4031 persecutionis,
3006 3966 3115 4022 qua
3129 3947 3458 4020 persecutus
3481 3989 3484 3994 .

1857 4054 1944 4104 est
1971 4050 2276 4104 Ecclesium
2310 4049 2430 4128 Dei,
2459 4049 2577 4102 haec
2602 4047 2709 4101 sibi
2737 4042 2975 4098 retribui
3001 4040 3353 4128 cognoverat.

1927 4138 2014 4192 23.
2043 4139 2246 4192 LANI-‘R.
2281 4121 2575 4205 Stigmata.
2620 4135 2837 4204 Stigma
2876 4129 3101 4203 praprie
3135 4131 3270 4180 nota
3310 4121 3458 4191 fugi-

1854 4227 1968 4281 tivo
1989 4243 2147 4281 servo
2163 4227 2462 4297 impressa;
2478 4226 2626 4296 quod
2649 4224 2947 4294 Apostolus
2965 4237 3024 4275 se
3041 4223 3267 4290 portare
3296 4211 3450 4270 dicit,

1861 4329 1927 4368 eo
1957 4315 2106 4384 quod
2130 4315 2286 4386 prius
2312 4315 2612 4369 Dominum
2639 4313 2868 4384 fugerit.

1930 4401 2019 4458 24.
2039 4406 2108 4458 In
2126 4419 2344 4472 corpore
2369 4419 2502 4457 meo.
2533 4405 2596 4458 In
2626 4418 2859 4473 corpore
2888 4417 2990 4456 suo
3019 4398 3282 4472 portabat
3315 4397 3459 4451 cica-

167 4488 486 4558 propositio
532 4489 612 4543 ita
643 4505 655 4542 :
684 4489 1016 4561 Quicunque
1053 4492 1250 4546 volunt
1284 4509 1380 4547 vos
1431 4493 1778 4561 circumcidi,
1861 4491 2030 4546 trices
2058 4491 2349 4546 vulnerum
2388 4497 2446 4545 et
2481 4491 2786 4562 virgarum,
2819 4491 2877 4545 in
2906 4491 3047 4544 collo
3093 4494 3150 4542 et
3196 4479 3456 4542 manibus

168 4572 291 4628 ideo
317 4576 547 4631 faciunt
565 4584 786 4634 tantum
817 4585 882 4634 ut
906 4579 1087 4634 crucis
1103 4579 1310 4636 Christi
1335 4581 1781 4652 persecutionem
1863 4586 2127 4647 catenas;
2178 4597 2300 4651 quae
2343 4580 2533 4634 omnia
2578 4581 2738 4652 signa
2783 4586 2946 4634 erant
2981 4595 3042 4633 se
3079 4595 3200 4633 esse
3229 4571 3456 4633 Domini

164 4679 272 4718 non
303 4667 639 4736 patiantur;
672 4685 856 4738 neque
886 4669 1039 4723 enim
1065 4669 1298 4738 faciunt,
1315 4671 1574 4742 utlegem
1596 4676 1779 4726 custo-
1861 4668 2040 4725 nostri
2091 4669 2223 4723 Jesu
2272 4668 2497 4723 Christi.
2552 4669 2828 4740 Stigmata
2862 4671 3051 4725 autem
3093 4672 3258 4723 erant
3293 4666 3457 4738 signa

166 4750 344 4817 diam,
375 4755 469 4811 vel
501 4762 726 4827 prOpter
755 4757 932 4812 aliud.
1858 4759 2133 4832 quaedam,
2168 4775 2290 4829 quae
2321 4758 2380 4814 in
2413 4759 2670 4814 manibus
2701 4759 3065 4815 militantium
3093 4759 3320 4823 ﬂebant,
3357 4776 3457 4831 per

236 4837 325 4900 16.
353 4844 508 4900 sum
523 4850 708 4901 autem
731 4848 875 4904 absit
910 4847 1173 4915 gloriari,
1203 4849 1319 4902 nisi
1349 4849 1414 4902 in
1450 4863 1630 4916 cruce,
1665 4853 1770 4905 etc.
1858 4866 1981 4922 quia
2009 4847 2493 4919 cognoscebantur
2520 4865 2642 4904 esse
2670 4849 2741 4904 de
2762 4849 2962 4905 militia
2985 4849 3360 4922 imperatoris.
3390 4859 3394 4864 ‘
