4040 6186
1395 288 1457 341 B.
1498 284 1910 341 LANFRANCI
1949 283 2308 341 CANTUAR.
2346 264 2686 340 VARCHIEP.

556 648 563 651 -
671 576 1257 671 EPISTULA
1341 578 1439 669 B.
1477 579 1875 674 PAULI
1948 576 2518 675 APOSTOLI
2592 577 2761 669 AD
2836 573 3434 673 EPHESIOS

1046 752 1230 820 CUM
1266 753 1842 823 INTERJECTIS
1883 757 1960 823 Β.
2010 755 2530 825 LANFIIANCI
2572 754 3061 821 GLOSSULIS.

1885 901 2247 919 ῃ

490 995 903 1051 ARGUMENTUM.
932 998 1235 1069 -Ephesii
1256 1004 1390 1054 sunt
1407 999 1618 1055 Asiani.
1657 1001 1748 1066 Hi,
1791 1006 2016 1074 accepto
2098 1002 2419 1073 Apostolus,
2473 1001 2722 1056 scribens
2760 1001 2842 1055 eis
2888 1017 2920 1053 a
2963 1002 3158 1067 Roma,
3201 1000 3272 1057 de
3309 1015 3549 1068 carcere,
3590 1015 3691 1074 per

419 1082 586 1137 verbo
606 1083 877 1149 veritatis,
912 1086 1280 1156 perstiterunt
1317 1087 1375 1142 in
1415 1089 1542 1144 ﬁde.
1578 1088 1693 1144 Hos
1736 1089 2019 1147 collaudat
2097 1091 2403 1167 Tychicum
2433 1090 2747 1147 diaconum.

1755 1209 1987 1264 CAPUT
2033 1210 2321 1265 PRIMUM
2333 1255 2348 1272 .

494 1315 542 1372 1.
564 1317 772 1371 Paulus
791 1319 1092 1390 Apostolus
1111 1321 1141 1375 J
1145 1336 1244 1375 esu
1257 1321 1487 1387 Christi,
1515 1338 1626 1376 non
1642 1324 1682 1377 Α
1694 1328 1898 1389 ηαηίιτ,
1923 1342 2022 1396 per
2036 1327 2378 1380 voluntatem
2391 1326 2513 1391 Dei,
2534 1341 2646 1379 non
2664 1328 2878 1380 meritis
2893 1328 3024 1390 suis,
3047 1326 3474 1392 velhominibus,
3500 1327 3682 1381 omni-

424 1404 529 1459 bus
549 1406 776 1472 sanctis,
804 1409 1114 1475 baptizatis,
1140 1410 1236 1481 qui
1258 1415 1392 1464 sunt
1406 1410 1626 1481 Ephesi,
1654 1417 1711 1465 et
1725 1413 1999 1478 ﬁdelibus,
2018 1415 2441 1479 catechumenis,
2466 1414 2525 1468 in
2547 1414 2768 1469 Christo
2782 1416 2811 1468 J
2816 1430 2935 1480 esu,
2949 1418 3014 1469 in
3040 1416 3160 1483 ﬁde.
3195 1414 3410 1480 Gratia,
3434 1419 3688 1469 remissio

423 1500 792 1562 peccatorum,
814 1495 968 1550 vobis
986 1503 1044 1551 et
1063 1514 1187 1568 pax,
1207 1515 1319 1567 qua
1341 1504 1771 1554 reconcitiamur
1791 1505 1894 1556 Deo
1911 1506 2086 1570 Patri,
2106 1506 2190 1558 vel
2212 1506 2558 1558 observantia
2590 1505 2858 1557 bonorum
2881 1520 3129 1572 operum,
3159 1520 3276 1573 qua
3301 1519 3412 1571 pax
3440 1510 3515 1557 est
3537 1508 3689 1558 inter

423 1584 596 1638 Deum
620 1589 668 1636 et
696 1585 964 1649 homines,
990 1602 1025 1639 a
1048 1587 1161 1639 Deo
1185 1588 1350 1641 Patre
1371 1594 1562 1642 nostro
1576 1596 1633 1642 et
1646 1591 1883 1645 Domino
1914 1598 1950 1656 ι
1971 1597 2103 1658 39
2120 1595 2148 1648 J
2153 1610 2255 1648 esu
2277 1593 2519 1647 Christo.
2540 1592 2570 1649 2
2590 1592 2943 1652 Benedictus.
2977 1594 3258 1657 laudetur,
3278 1592 3427 1646 Deus
3447 1597 3504 1646 et
3520 1593 3690 1646 Pater

425 1671 650 1725 Domini
665 1673 843 1727 nostri
861 1674 889 1727 J
895 1691 994 1728 esu
1016 1676 1244 1742 Christi,
1263 1679 1358 1746 qui
1376 1676 1678 1743 benedixit,
1697 1684 1972 1746 auxit,vel
1995 1684 2210 1743 ditavit,
2229 1683 2401 1736 nosin
2424 1681 2975 1737 omnibenedictione
2995 1681 3293 1752 spirituali,
3314 1697 3420 1735 non
3440 1684 3681 1746 carnali,

418 1761 569 1813 sicut
601 1763 849 1829 priorem
871 1768 1159 1831 populum,
1182 1767 1271 1818 sed
1290 1769 1604 1834 spirituali,
1632 1770 1689 1820 id
1710 1773 1804 1833 est,
1829 1772 2044 1836 catesti,
2070 1774 2352 1836 existente,
2375 1775 2430 1839 3,
2451 1772 2506 1833 4,
2525 1772 2578 1824 5.
2605 1770 2666 1824 in
2694 1770 3033 1837 ccelestibus,
3066 1772 3126 1823 id
3144 1777 3239 1831 est,
3269 1786 3438 1839 quam
3468 1772 3531 1823 in
3555 1771 3682 1825 calo

418 1852 850 1918 participamus,
879 1851 938 1905 in
965 1853 1207 1918 Christo,
1235 1854 1383 1908 sicut
1406 1856 1575 1926 elegit
1604 1872 1725 1916 nos,
1750 1860 1830 1909 ita
1850 1860 2147 1920 benedixit,
2174 1864 2235 1912 ut
2262 1862 2691 1929 praedestinavit.
2717 1857 2771 1916 6.
2803 1859 2863 1913 in
2887 1859 3026 1931 ipso.
3064 1859 3296 1925 Christo,
3325 1863 3457 1913 ante
3486 1860 3682 1915 mundi

420 1939 901 2004 constitutionem,
936 1943 1008 1994 ad
1034 1942 1131 1995 hoc
1158 1946 1336 2010 elegit,
1361 1949 1425 1997 ut
1444 1960 1695 1999 essemus
1716 1946 1895 2000 sancti
1918 1952 1975 1999 et
1998 1947 2347 2002 immaculati
2373 1949 2433 2002 in
2462 1954 2761 2018 conspectu
2786 1949 2927 2017 ejus,
2960 1964 3074 2002 non
3107 1950 3321 2002 meritis
3351 1950 3571 2011 nostris,
3595 1949 3688 2001 sed

427 2028 480 2081 '7.
513 2028 571 2081 in
602 2028 874 2084 charitate
902 2048 1023 2084 sua.
1046 2033 1169 2086 Ecce
1189 2035 1333 2101 quod
1354 2036 1519 2099 dixit,
1555 2038 1732 2103 elegit.
1757 2035 1806 2091 8.
1844 2036 1949 2100 Qui
1980 2036 2399 2106 praedestinavit
2430 2053 2535 2091 nos
2564 2037 2623 2091 in
2654 2037 3014 2108 adoptionem
3054 2036 3318 2101 ﬁliorum,
3357 2042 3419 2090 ut
3450 2052 3685 2089 essemus

428 2120 629 2180 sancti,
663 2118 982 2188 per‘Jesum
1011 2120 1294 2175 Christum
1325 2122 1376 2177 9.
1401 2122 1457 2177 in
1481 2123 1694 2194 ipsum;
1730 2127 1876 2178 idem
1907 2127 2051 2193 quod
2071 2128 2133 2179 in
2150 2128 2286 2194 ipso,
2318 2128 2522 2179 scilicet
2541 2126 2864 2187 credituros,
2893 2124 2969 2179 lO.
2997 2122 3306 2177 secundum
3328 2121 3678 2193 propositum

428 2204 731 2259 voluntatis
749 2222 882 2267 suae,
902 2209 1045 2261 idem
1060 2211 1204 2276 quod
1218 2212 1281 2263 in
1297 2211 1584 2275 charitate,
1611 2211 1669 2265 in
1699 2213 1926 2266 laudem
1945 2213 2138 2283 gloriae
2162 2214 2360 2284 gratiae
2378 2231 2511 2278 suae,
2526 2218 2589 2266 ut
2606 2214 2867 2267 laudetur
2884 2215 3127 2281 gloriosa
3156 2213 3345 2280 gratia
3358 2227 3478 2275 sua,
3496 2210 3555 2263 in
3574 2226 3686 2281 qua

425 2294 763 2364 gratiﬁcavit
796 2312 899 2349 nos
926 2299 1035 2349 sibi
1049 2297 1106 2350 in
1126 2298 1328 2353 dilecto
1341 2300 1480 2354 Filio
1498 2318 1617 2367 suo,
1652 2305 1715 2355 in
1743 2302 1850 2372 ﬁde
1886 2304 2074 2356 dilecti
2099 2305 2235 2357 Filii
2256 2306 2348 2356 sui
2356 2344 2365 2355 .
2396 2294 2461 2357 In
2482 2320 2613 2374 quo,
2643 2304 2703 2356 id
2724 2307 2816 2367 est,
2843 2318 2942 2371 per
2962 2318 3144 2371 quem,
3168 2299 3440 2354 habemus
3462 2298 3676 2354 redem-

427 2382 805 2453 ptionem(hoc
820 2387 1064 2451 effectum
1090 2391 1382 2455 posterius)
1406 2406 1506 2459 per
1531 2390 1859 2460 sanguinem
1883 2391 1953 2458 (et
1973 2394 2156 2459 prius)
2182 2392 2304 2460 ejus
2337 2393 2459 2459 (haec
2487 2399 2558 2445 est
2593 2407 2759 2445 causa
2791 2389 3046 2461 prioris),
3078 2390 3466 2444 remissionem
3491 2404 3679 2459 pecca-

424 2475 633 2537 torum,
660 2473 962 2527 secundum
996 2473 1049 2530 ll
1099 2475 1322 2530 divitias
1336 2478 1533 2547 gratiae
1554 2480 1695 2550 ejus,
1720 2496 1843 2551 qua:
1862 2478 2340 2549 superabundavit
2360 2480 2418 2534 in
2447 2480 2628 2545 nobis,
2648 2479 2728 2535 12.
2763 2479 2823 2533 in
2850 2479 3004 2533 omni
3033 2478 3329 2549 sapientia,
3348 2483 3405 2531 et
3434 2476 3673 2547 pruden-

417 2559 519 2624 tia,
555 2566 618 2614 ut
647 2568 840 2616 notum
873 2563 1083 2617 faceret
1098 2564 1258 2617 nobis
1274 2574 1692 2621 sacramentum
1706 2567 2009 2621 voluntatis
2038 2585 2173 2632 suae,
2206 2571 2351 2637 quod
2365 2586 2537 2636 genus
2563 2571 2877 2623 humanum
2904 2569 3116 2623 salvare
3148 2571 3340 2631 voluit,
3363 2566 3675 2621 secundum

422 2647 833 2720 beneplacitum
856 2653 997 2720 ejus,
1032 2669 1143 2706 non
1174 2654 1402 2708 meritis
1422 2657 1706 2721 humanis,
1738 2656 1816 2709 l3.
1854 2657 2001 2727 quod
2022 2664 2435 2711 sacramentum
2458 2658 2750 2729 proposuit
2765 2659 2822 2711 in
2837 2674 2921 2722 eo,
2943 2660 3003 2711 in
3018 2659 3177 2722 Filio,
3201 2656 3285 2711 14.
3310 2656 3370 2710 in
3385 2656 3676 2727 dispensa-

419 2736 574 2793 tione
588 2739 676 2794 15.
698 2740 1067 2811 plenitudinis
1084 2746 1424 2814 temporum,
1448 2760 1557 2797 ecce
1574 2747 1717 2815 quod
1720 2749 2023 2815 proposuit,
2046 2744 2365 2800 instaurare
2376 2746 2564 2801 omnia
2574 2747 2633 2800 in
2651 2746 3023 2817 Christo,quaa
3040 2745 3099 2800 in
3118 2745 3294 2812 caelis,
3310 2747 3683 2799 imminutum

1771 2862 2359 2918 COMMENTARIUS.

491 2973 648 3029 CAP.
682 2972 735 3031 Ι.
778 3005 836 3017 -
876 2972 930 3032 1.
968 2976 1299 3031 AMBROSIUS.
1332 2977 1507 3030 Docet
1551 2975 1649 3030 illa
1694 2976 1841 3030 bona
1887 2992 2009 3046 quae
2023 2981 2067 3038 A
2088 2991 2215 3029 rum
2245 2975 2623 3047 adoptionem,
2674 2975 2744 3030 ab
2793 2992 2859 3030 eo
2911 2975 3060 3046 quod
3108 2974 3327 3029 dixerat
3373 2978 3595 3028 sanctos
3627 2976 3686 3025 et

416 3062 672 3117 Christus
690 3062 849 3117 nobis
877 3080 978 3118 suo
1002 3065 1245 3118 adventu
1267 3064 1525 3135 praestitit
1550 3081 1676 3119 cum
1696 3065 2010 3135 gratiarum
2093 3064 2501 3119 immaculatos.

414 3151 652 3206 actione.
691 3153 892 3207 Postea
920 3152 1126 3206 transit
1162 3153 1232 3207 ad
1272 3154 1511 3207 ethicam
1543 3154 2008 3215 exhortationem,
2164 3154 2221 3208 9.
2254 3155 2315 3207 In
2355 3157 2556 3222 ipsum.
2598 3153 2876 3217 Quoniam
2923 3152 3063 3205 dixit
3108 3170 3118 3205 :
3164 3149 3580 3222 praedestinavit
3627 3148 3686 3202 in

413 3238 494 3293 sic
519 3240 788 3295 inchoans
824 3260 834 3294 :
880 3241 1101 3295 Obsecro
1138 3258 1247 3306 vos,
1287 3257 1380 3309 ego
1426 3246 1643 3295 vinctus
1672 3246 1736 3297 in
1782 3244 2011 3296 Domino
2092 3242 2449 3311 adoptionem
2490 3243 2754 3307 ﬁliorum,
2796 3242 3070 3295 incertum
3117 3246 3241 3294 erat
3277 3240 3439 3310 cujus
3475 3238 3688 3292 diceret

418 3328 618 3395 (ίηΐναο
647 3338 739 3391 IVl-
2092 3330 2235 3384 ﬁlios
2263 3347 2385 3384 esse
2414 3331 2722 3401 adoptivos,
2766 3330 2974 3400 adjecit
3000 3347 3011 3382 :
3044 3329 3103 3383 in
3139 3329 3348 3399 ipsum,
3379 3328 3485 3381 hoc
3513 3331 3598 3380 est
3625 3326 3682 3380 in

482 3414 535 3474 2.
580 3418 894 3471 Benedictus
936 3420 1095 3472 Deus.
1140 3418 1461 3472 Benedictio
1499 3436 1622 3490 quae
1660 3420 1724 3472 ﬁt
1764 3419 1823 3473 in
1868 3420 2003 3482 Deo,
2088 3418 2175 3473 sui
2204 3419 2397 3489 ipsius,
2431 3424 2494 3473 ut
2515 3419 2666 3474 illius
2695 3419 2794 3473 filii
2824 3434 3229 3489 nuncupemur.

411 3504 684 3558 confessio
715 3506 833 3559 sola
861 3512 947 3559 est
973 3506 1245 3562 bonorum
1263 3525 1386 3579 qua:
1412 3508 1666 3579 praestita
1685 3509 1902 3562 suntab
1917 3524 2004 3565 eo.
2166 3505 2245 3564 ‘10.
2274 3506 2587 3562 Secundum
2617 3511 2973 3577 propositum.
3006 3507 3211 3560 Volens
3240 3522 3306 3559 ex
3333 3505 3487 3559 omni
3527 3510 3684 3575 parte

413 3592 736 3648 Benedictio
777 3611 900 3665 quia
934 3596 1053 3649 ﬁta
1080 3599 1216 3663 Deo,
1248 3597 1307 3651 in
1345 3596 1505 3651 nobis
1539 3597 1826 3667 impletur,
1870 3598 2005 3651 dum
2089 3595 2196 3650 ista
2253 3596 2516 3650 extollere
2562 3597 2709 3666 quod
2763 3597 2943 3651 multa
2992 3596 3163 3665 digna
3217 3594 3332 3648 sint
3373 3593 3681 3664 gratiarum

410 3681 533 3751 ejus
561 3682 845 3737 beneﬁciis
872 3684 1189 3755 implemur.
2085 3684 2321 3749 actione,
2356 3686 2681 3756 frequenter
2707 3684 2844 3739 dicit
2887 3700 2989 3755 per
3028 3682 3460 3746 ordinationem,
3496 3686 3555 3735 et
3583 3679 3683 3733 bo-

485 3768 535 3826 3.
569 3773 636 3825 In
662 3774 974 3827 calestibus.
1010 3774 1128 3827 Hoc
1158 3779 1245 3827 est
1281 3789 1447 3844 quam
1491 3773 1549 3826 in
1595 3773 1733 3827 coelo
1773 3774 2003 3844 partici-

410 3856 670 3927 pabimus
698 3878 711 3926 ;
744 3859 880 3913 dicit
904 3860 1055 3914 enim
1086 3862 1552 3916 resurrectionem
1576 3878 1697 3932 quae
1727 3878 1828 3932 per
1845 3863 2006 3933 spiri-

410 3950 533 3999 tum
563 3946 723 4001 nobis
750 3949 949 4013 aderit,
982 3954 1040 4003 et
1075 3966 1146 4004 ne
1182 3950 1306 4021 ipsa
1345 3950 1561 4004 novitas
1612 3956 1856 4005 mentem
1886 3957 2004 4006 tur-

411 4033 605 4103 baret;
641 4037 907 4108 quoniam
957 4055 1069 4092 non
1115 4046 1247 4094 ante
1283 4045 1443 4093 tanta
1498 4039 1778 4125 donasset,
1821 4056 2002 4110 neque

410 4130 603 4195 aperte
633 4124 901 4194 dixisset;
950 4144 1071 4198 quae
1112 4127 1227 4182 sint
1263 4128 1371 4181 illa:
1412 4127 1735 4199 spirituales
1782 4128 2005 4183 benedi-

408 4212 639 4279 ctiones,
672 4215 897 4286 utrique
940 4215 1242 4287 respondet
1285 4215 1474 4270 dicens
1506 4234 1518 4269 :
1553 4216 1643 4270 Sic
1685 4216 1856 4286 elegit
1902 4233 2004 4271 nos

2085 3789 2218 3826 num
2248 3773 2531 3844 placitum,
2566 3778 2623 3827 et
2643 3773 3005 3827 voluntatem.

2160 3860 2244 3917 11.
2275 3862 2481 3916 Laure.
2529 3863 2727 3915 Divitis
2773 3864 2970 3928 gratias
3018 3876 3147 3913 suae.
3202 3859 3311 3912 Per
3357 3872 3526 3928 quam
3556 3870 3681 3926 gra-

2085 3950 2223 4003 tiam
2257 3966 2368 4003 non
2393 3950 2573 4003 solum
2604 3948 2858 4003 remissio
2877 3954 2935 4003 et
2948 3947 3280 4018 redemptio,
3296 3946 3393 4000 sed
3407 3943 3683 4016 sapientia
3722 3973 3733 3979 ο

2084 4046 2219 4109 (qua
2245 4038 2471 4104 dicitur,
2497 4037 2730 4109 sapitur)
2765 4043 2823 4091 et
2849 4036 3149 4107 prudentia
3173 4050 3413 4089 morum.

2163 4128 2252 4183 l2.
2289 4128 2354 4180 In
2375 4129 2531 4180 omni
2558 4128 2852 4195 sapientia,
2876 4125 2933 4179 id
2964 4129 3069 4189 est,
3100 4124 3241 4178 dans
3267 4122 3426 4177 nobis
3456 4136 3678 4176 omnem

2087 4215 2439 4287 sapientiam,
2472 4216 2531 4269 in
2554 4214 2839 4285 agnitione
2863 4214 2973 4277 sui,
3002 4218 3059 4268 et
3087 4212 3443 4284 prudentiam
3461 4225 3677 4293 morum

410 4318 477 4356 ex
529 4303 651 4374 ipso
696 4310 827 4358 ante
879 4305 1073 4359 mundi
1112 4305 1567 4359 constitutionem
1608 4321 1731 4359 esse
1779 4308 2423 4367 sanctoanostrorum.

410 4405 598 4445 coram
630 4408 696 4445 ΒΟ
705 4432 715 4444 .

479 4479 533 4533 4.
564 4482 809 4537 Ausus'r.
848 4481 914 4533 In
935 4483 1249 4535 caleslibus.
1284 4482 1348 4535 In
1377 4481 1712 4547 cmiestibus,
1745 4481 1903 4552 quasi
1932 4482 2002 4535 de

409 4566 740 4621 caelestibus.
787 4567 932 4632 Quia
960 4585 1127 4622 omne
1172 4569 1367 4623 datum
1410 4570 1704 4641 optimum,
1743 4577 1799 4625 et
1837 4586 2002 4624 omne

410 4654 621 4711 donum
648 4657 953 4727 perfectum
980 4658 1273 4713 desursum
1298 4665 1401 4713 est.

483 4742 535 4799 5.
577 4745 785 4800 Lsnra.
820 4748 887 4801 In
915 4749 1227 4802 caelestibus.
1270 4748 1531 4803 Caelestia
1558 4756 1718 4803 vocat
1743 4748 1995 4810 virtutes,

408 4849 511 4905 per
538 4850 777 4905 quarum
806 4834 1217 4890 observantiam
1245 4836 1361 4891 itur
1387 4838 1454 4891 ad
1489 4838 1710 4901 cmlum,
1728 4837 1785 4892 in
1800 4836 2001 4908 quibus

408 4920 546 4977 dicit
571 4938 631 4976 se
658 4922 865 4978 habere
896 4941 1121 4979 omnem
1152 4924 1502 4996 spiritualem
1550 4926 1766 4997 cOpiam
1800 4927 1857 4980 in
1890 4926 1999 4979 ﬁde

411 5010 643 5067 Christi.

476 5098 530 5157 6.
562 5103 632 5157 1η
652 5104 784 5171 ipsa.
816 5102 880 5156 In
910 5102 1048 5173 ipso.
1087 5101 1540 5157 subaudiendum
1568 5107 1654 5155 est
1676 5110 2003 5172 permanéu-

2160 4392 2243 4449 13.
2278 4393 2428 4461 Quod
2477 4394 2779 4462 proposuit.
2834 4392 3051 4446 Bonum
3095 4390 3365 4461 placitum
3407 4403 3573 4442 suum
3621 4386 3679 4439 in

2083 4482 2306 4536 Christo
2334 4483 2481 4536 Deus
2514 4481 2678 4535 Pater
2706 4480 3016 4552 proposuit,
3047 4478 3104 4532 id
3124 4485 3229 4545 est,
3253 4478 3438 4549 palam
3467 4474 3680 4530 mundo

2084 4571 2349 4636 ostendit,
2377 4570 2611 4625 dicens:
2648 4571 2747 4624 Hic
2792 4574 2867 4622 est
2912 4569 3091 4622 Filius
3144 4584 3295 4621 meus
3338 4569 3567 4619 dilectus
3617 4566 3682 4616 in

2084 4675 2191 4728 quo
2218 4660 2363 4713 mihi
2397 4661 2523 4713 bene
2552 4659 2881 4726 complacui.

2164 4747 2241 4803 lt.
2275 4750 2343 4803 In
2369 4748 2774 4816 dispensatione
2802 4745 3194 4814 plenitudinis.
3220 4741 3321 4795 Vel
3374 4745 3508 4795 tunc
3552 4755 3678 4795 cum

2082 4834 2415 4907 disponebat
2439 4835 2632 4889 omnia
2654 4840 2913 4905 tempora
2937 4833 3025 4888 vel
3053 4832 3110 4886 in
3131 4831 3253 4902 ipso
3284 4828 3548 4883 milliario
3567 4845 3682 4900 quo

2082 4930 2248 4978 natus
2276 4930 2363 4978 est
2385 4924 2659 4990 Christus,
2694 4923 2842 4994 quod
2887 4922 2996 4977 fuit
3043 4919 3429 4993 plenitudinis,
3462 4917 3596 4989 quia
3622 4918 3682 4972 in

2082 5028 2147 5067 eo
2176 5013 2455 5084 completa
2494 5017 2626 5067 sunt
2660 5012 2951 5083 promissa.
2982 5010 3085 5064 Vel
3115 5009 3245 5081 quia
3275 5008 3387 5062 alia
3424 5011 3681 5077 tempora

2081 5117 2255 5155 vacua
2274 5100 2502 5156 fuerunt
2529 5117 2563 5155 a
2592 5101 2794 5155 salute.

406 5206 501 5245 ros
526 5209 539 5259 ;
564 5190 648 5245 vel
674 5190 733 5244 in
760 5191 884 5261 ipso
913 5191 1100 5261 elegit,
1116 5191 1249 5261 quia
1266 5192 1456 5245 omnia
1474 5192 1532 5244 in
1552 5190 1830 5261 sapientia
1848 5190 1996 5257 fecit,
2022 5181 2065 5241 C
2148 5189 2238 5245 15.
2272 5192 2664 5245 Plenitudinis.
2690 5190 2755 5244 In
2775 5188 3211 5260 dispensatione,
3244 5185 3303 5239 id
3333 5191 3438 5251 est,
3470 5186 3527 5238 in
3554 5200 3683 5237 con-

405 5295 526 5348 que
554 5285 640 5333 est
667 5279 942 5334 Christus.

477 5370 530 5422 7.
562 5370 809 5424 AMBROS.
832 5371 900 5424 In
914 5369 1201 5424 charitale.
1225 5369 1302 5424 Ex
1332 5370 1436 5424 hoc
1468 5368 1795 5438 magnitudo
1821 5375 2003 5424 osten-

408 5456 563 5513 ditur
589 5456 963 5513 liberalitatis.

475 5546 528 5601 8.
558 5547 665 5613 Qui
685 5548 1115 5616 praedestinavit.
1167 5546 1343 5616 Majus
1383 5551 1469 5600 est
1514 5545 1660 5617 quod
1691 5545 1825 5600 dicit
1867 5545 2005 5601 ﬁlio-

2086 5278 2480 5333 summatione.
2507 5277 2744 5350 Exponit
2762 5276 2893 5347 quid
2914 5275 3134 5331 sitillud
3165 5273 3373 5329 bonum
3413 5272 3677 5345 placitum

2086 5366 2208 5431 Dei,
2236 5366 2490 5423 videlicet
2512 5367 2742 5438 impleto
2773 5372 3028 5435 tempore
3053 5362 3423 5418 ordinationis
3452 5378 3566 5416 suae
3591 5360 3680 5415 in-

2085 5464 2340 5513 staurare
2367 5457 2426 5511 in
2458 5458 2624 5512 ﬁdem
2656 5455 2867 5510 Christi
2894 5454 2990 5526 qui
3016 5454 3076 5508 in
3117 5454 3270 5507 caelis
3300 5458 3450 5517 sunt,
3485 5451 3542 5506 id
3572 5455 3676 5515 est,

2086 5563 2386 5602 numerum
2431 5545 2760 5615 angelorum
2791 5542 2887 5615 qui
2915 5543 3228 5597 diminutus
3261 5546 3404 5607 erat,
3453 5545 3510 5597 et
3556 5554 3680 5612 que
