4040 6186
352 263 460 317 289
1037 259 1111 312 ΙΝ
1154 260 1217 311 Ι).
1262 258 1470 313 PAULI
1514 260 1736 314 EPIST.
1777 259 2150 315 COMMENT.
2194 290 2257 302 --
2302 258 2523 313 EPIST.
2564 259 2659 312 AD
2701 255 2952 312 EPHES.
3530 255 3636 313 290

349 386 608 440 ordinem
631 386 981 455 angelorum,
1014 386 1073 435 et
1101 396 1224 452 quae
1252 381 1310 437 in
1340 388 1492 438 terra
1516 390 1665 447 sunt,
1699 388 2025 451 corruptum
2054 398 2226 450 genus
2256 382 2591 444 humanum,
2609 380 2666 435 in
2688 381 2826 451 ipso,
2850 383 2913 434 in
2935 381 3169 436 Christo.
3204 380 3292 447 16,
3324 379 3403 438 l7.
3438 383 3502 438 In
3525 399 3635 453 quo

348 478 429 528 vel
477 490 607 544 qua,
646 472 815 527 etiam
856 476 915 526 et
950 487 1054 524 nos
1098 475 1268 534 sorte,
1314 489 1425 526 non
1472 476 1683 533 merito,
1728 471 1904 526 vocati
1957 487 2171 535 sumus,
2217 469 2595 541 praedestinati
2638 469 2942 523 secundum
2991 470 3338 539 propositum
3382 472 3501 541 ejus
3539 473 3635 543 qui

346 570 619 635 operatur
636 561 825 616 omnia
844 560 1153 615 secundum
1172 560 1463 615 consilium
1487 562 1788 615 voluntatis
1830 577 1969 624 suae,
1984 566 2048 613 ut
2067 560 2243 613 simus
2264 559 2318 611 in
2341 558 2565 611 laudem
2584 557 2775 627 gloriae
2796 559 2935 627 ejus,
2951 559 3239 611 laudemus
3255 562 3497 627 gloriam
3519 565 3636 628 ejus

346 668 471 716 nos,
505 653 600 722 qui
633 656 765 706 ante
793 650 1142 721 speravimus
1169 650 1225 703 in
1257 648 1512 715 Christo;
1546 650 1603 704 in
1636 666 1745 721 quo
1768 657 1824 704 et
1850 666 1965 714 vos,
1998 651 2175 703 vocati
2201 651 2345 710 estis,
2383 664 2446 699 ea:
2476 663 2600 715 quo,
2639 644 2721 701 18.
2763 662 2887 700 cum
2921 646 3221 700 audissetis
3249 647 3477 703 verbum
3498 650 3639 704 veri-

349 741 508 805 tatis,
541 744 746 794 scilicet
773 738 1154 809 (Evangelium
1188 738 1389 793 salutis
1411 746 1606 794 vestra;
1642 740 1701 793 in
1732 757 1842 811 quo
1875 740 2108 800 Christo,
2137 741 2193 790 et
2218 735 2507 789 credentes
2542 734 2621 790 19.
2657 735 2863 803 signati
2892 735 3026 788 estis
3052 733 3140 790 20.
3168 736 3377 806 Spiritu
3405 739 3638 808 promis-

351 829 531 884 sionis
560 834 776 891 sancto,
796 829 996 899 quiest
1022 828 1112 881 21.
1143 827 1344 899 pignus
1369 834 1636 897 perpetua
1665 828 2006 884 hereditatis
2034 831 2259 888 nostrae,
2277 823 2366 881 22.
2391 825 2447 877 in
2471 823 2912 894 redemptionem
2939 824 3339 893 acquisitionis,
3369 827 3635 895 redempti

348 922 412 971 ut
436 919 541 973 Deo
570 919 973 987 acquiramini,
997 915 1057 969 in
1089 916 1309 970 laudem
1339 916 1531 986 gloria:
1563 918 1758 989 ipsius.
1784 919 2089 990 Propterea
2118 919 2269 986 (quia
2298 917 2626 976 credidistis,
2658 921 2707 968 et
2737 918 2964 982 signati,
2999 920 3048 968 et
3076 920 3252 970 vocati
3279 920 3420 980 estis)
3448 923 3505 972 et
3529 935 3632 990 ego

350 1006 588 1061 audiens
617 1006 784 1060 ﬁdem
814 1011 1081 1072 vestram,
1108 1021 1231 1076 quae
1258 1012 1347 1059 est
1373 1005 1433 1059 in
1451 1007 1689 1061 Domino
1719 1008 1746 1062 J
1753 1024 1870 1073 esu,
1896 1015 1953 1061 et
1972 1006 2329 1061 dilectionem
2359 1004 2417 1057 in
2447 1020 2642 1057 omnes
2663 1009 2904 1063 sanctos,
2925 1019 3036 1057 non
3054 1021 3208 1057 cesso
3229 1006 3441 1075 gratias
3462 1023 3635 1078 agens

350 1112 453 1167 pro
480 1093 662 1159 vobis,
705 1094 1035 1147 memoriam
1069 1093 1238 1147 vestri
1276 1094 1487 1149 faciens
1524 1096 1580 1149 in
1620 1095 1966 1151 orationibus
2001 1096 2159 1159 meis,
2188 1093 2278 1151 23.
2325 1098 2389 1147 ut
2420 1094 2567 1147 Deus
2608 1092 2830 1146 Domini
2860 1092 3038 1146 nostri
3066 1094 3197 1147 Jesu
3227 1095 3433 1150 Christi
3463 1096 3634 1152 Pater

348 1183 566 1253 glorias,
590 1182 688 1237 det
714 1181 870 1236 vobis
900 1182 1165 1253 spiritum
1192 1183 1485 1253 sapientiae
1507 1190 1565 1238 et
1587 1185 1958 1251 revelationis,
1984 1186 2041 1239 in
2067 1183 2353 1254 agnitione
2375 1183 2511 1251 ejus,
2534 1187 2580 1234 et
2603 1182 2688 1233 det
2709 1182 2853 1233 vobis
2874 1180 3218 1235 illuminatos
3238 1184 3428 1238 oculos
3447 1186 3631 1241 cordis

350 1272 542 1336 vestri,
571 1277 636 1325 ut
664 1270 856 1325 sciatis
887 1288 1011 1342 qum
1040 1271 1112 1325 sit
1150 1287 1277 1341 spes
1304 1273 1607 1326 vocationis
1635 1275 1777 1343 ejus,
1810 1290 1929 1342 qua
1963 1279 2011 1327 et
2030 1279 2308 1341 quantum
2334 1273 2560 1339 speretis
2586 1273 2781 1329 vocati,
2814 1274 2871 1323 et
2900 1285 3023 1339 quae
3052 1270 3255 1325 divitiae
3275 1273 3484 1341 gloriae,
3515 1278 3634 1342 glo-

352 1363 512 1414 riosa
537 1359 884 1414 hereditatis
906 1360 1027 1430 ejus
1053 1359 1110 1413 in
1136 1362 1363 1425 sanctis,
1388 1367 1446 1415 et
1471 1360 1561 1417 2i.
1591 1379 1713 1432 quae
1742 1362 1817 1416 sit
1844 1361 2275 1434 supereminens
2297 1357 2626 1429 magnitudo
2655 1358 2878 1411 virtutis
2906 1359 3027 1426 ejus
3055 1358 3114 1412 in
3142 1375 3383 1427 nos,quo
3398 1362 3634 1417 daturus

355 1457 433 1505 est
460 1450 616 1503 nobis
646 1451 1141 1517 incorruptionem,
1174 1449 1264 1502 25.
1298 1449 1392 1519 qui
1414 1450 1695 1504 credimus
1725 1451 2032 1505 secundum
2062 1448 2448 1519 operationem
2478 1446 2739 1517 potentiae
2762 1447 2986 1501 virtutis
3007 1447 3150 1516 ejus,
3182 1464 3349 1518 quam
3373 1456 3637 1520 operatus

356 1539 522 1592 estin
555 1537 802 1601 Christo,
836 1537 1112 1591 suscitans
1149 1537 1304 1591 illum
1337 1555 1368 1592 a
1400 1539 1655 1605 mortuis,
1685 1545 1744 1593 et
1770 1539 1855 1596 26.
1893 1538 2241 1593 constituens
2267 1536 2335 1588 ad
2367 1534 2654 1588 dexteram
2685 1551 2844 1587 suam
2894 1534 2952 1587 in
2986 1535 3304 1590 coelestibus
3339 1536 3428 1590 27.
3463 1554 3636 1609 supra

355 1642 582 1680 omnem
611 1625 1011 1697 principatum,
1044 1632 1101 1680 et
1129 1631 1488 1697 potestatem,
1532 1633 1590 1681 et
1621 1627 1910 1690 virtutem,
1957 1633 2014 1681 et
2041 1623 2504 1685 dominationem,
2548 1619 2637 1678 28.
2682 1627 2737 1675 et
2769 1638 2937 1676 omne
2978 1629 3172 1688 l40-
3202 1628 3365 1691 141
3407 1641 3633 1693 nomen.

357 1713 508 1786 quod
532 1713 861 1767 nominatur
887 1729 1001 1767 non
1028 1714 1207 1768 solum
1238 1715 1297 1768 in
1337 1715 1441 1768 hoc
1468 1716 1690 1781 saeculo,
1722 1717 1821 1769 sed
1860 1714 2028 1768 etiam
2058 1713 2117 1767 in
2153 1712 2362 1766 futuro.
2396 1710 2464 1763 Et
2498 1710 2687 1763 omnia
2724 1711 2961 1780 subjecit
2991 1711 3095 1765 sub
3127 1711 3360 1783 pedibus
3392 1715 3546 1784 ejus;
3580 1720 3638 1769 et

357 1803 541 1874 ipsum
556 1802 716 1856 dedit
734 1808 903 1873 caput
926 1819 1096 1873 supra
1115 1819 1341 1858 omnem
1365 1804 1691 1871 Ecclesiam,
1715 1802 1804 1860 29.
1830 1820 1953 1876 quae
1975 1807 2061 1857 est
2088 1816 2290 1871 corpus
2311 1798 2504 1869 ipsius,
2524 1804 2582 1853 et
2600 1796 2688 1855 30.
2721 1799 3009 1870 plenitudo
3039 1802 3178 1870 ejus,
3208 1800 3301 1872 qui
3330 1802 3521 1856 omnia
3542 1799 3629 1858 31.

358 1891 419 1945 in
444 1889 707 1945 omnibus
746 1889 1108 1961 adimpletur.

1832 1962 2068 2018 CAPUT
2091 1960 2163 2019 ΙΙ.

429 2060 502 2116 Et
531 2077 628 2116 vos
648 2077 779 2117 cum
800 2060 996 2117 essetis
1015 2063 1181 2131 prius
1205 2060 1414 2116 mortui
1439 2060 1657 2115 delictis
1676 2063 2009 2127 actuatibus,
2036 2067 2095 2116 et
2121 2062 2360 2132 peccatis
2384 2061 2756 2130 originatibus
2784 2060 3001 2121 vestris,
3026 2059 3085 2114 in
3109 2058 3311 2130 quibus
3334 2058 3637 2131 aliquando

1707 2185 2301 2243 COMMENTARIUS.

359 2281 449 2354 υἱ,
482 2282 581 2355 qui
610 2280 671 2337 in
690 2281 872 2354 terra]
897 2287 1047 2350 sunt,
1073 2279 1334 2338 homines
1358 2283 1616 2338 videlicet
1638 2279 1736 2355 qui
1754 2300 1960 2354 magna
1976 2292 2026 2345 Α
2043 2301 2246 2356 magna
2275 2301 2410 2355 erga
2425 2301 2526 2339 nos
2546 2285 2641 2355 qui
2672 2284 2729 2338 in
2762 2300 2890 2338 eum
2910 2282 3193 2339 credimus
3218 2281 3289 2338 ab
3313 2300 3381 2339 eo
3397 2282 3643 2340 efﬁciens

360 2387 425 2425 ex
453 2378 618 2443 parte
644 2372 951 2443 perierant.
2049 2379 2179 2441 tur;
2216 2381 2273 2428 et
2303 2373 2407 2427 hoc
2443 2374 2705 2444 explanat
2758 2372 3123 2427 metr-oranda
3168 2390 3292 2444 quae
3318 2373 3377 2427 in
3420 2374 3641 2429 Christo

433 2459 798 2527 16.(Auous'r.
819 2462 994 2514 Tract.
1008 2476 1152 2529 psa..
1170 2478 1292 2528 xxx,
1311 2465 1554 2521 concion.
1571 2463 1621 2528 '2,
1636 2467 1774 2516 tom.
1789 2462 1962 2526 V111).

359 2550 427 2603 In
462 2566 570 2617 quo
599 2554 649 2602 et
680 2565 778 2602 nos
804 2554 969 2602 sorte.
1018 2548 1181 2603 Sorte
1210 2549 1353 2604 dixit
1378 2550 1645 2621 gratiam,
1690 2567 1797 2621 qua
1829 2551 1966 2604 salvi

364 2635 497 2690 facti
538 2653 761 2690 sumus.
820 2637 1005 2700 Quare
1062 2638 1232 2691 sortis
1289 2637 1516 2692 nomine
1554 2640 1799 2709 appellat
1842 2656 1961 2709 gra~

362 2724 499 2779 tiam
523 2731 545 2776 ?
576 2725 720 2789 Quia
757 2725 815 2779 in
844 2731 994 2780 sorte
1024 2742 1136 2781 non
1168 2732 1254 2780 est
1303 2727 1520 2793 electio,
1562 2727 1658 2781 sed
1708 2728 1967 2782 voluntas

366 2814 487 2870 Dei.
540 2814 686 2868 Nam
722 2813 819 2868 ubi
853 2814 1058 2869 dicitur
1090 2833 1102 2868 :
1152 2815 1259 2869 iste
1314 2815 1468 2875 facit,
1501 2815 1609 2870 iste
1660 2832 1773 2870 non
1812 2816 1963 2880 facit,

366 2903 570 2957 merito
600 2902 1048 2969 considerantur,
1081 2912 1138 2957 et
1162 2903 1256 2958 ubi
1285 2905 1488 2958 merita
1516 2904 1961 2972 considerantur,

367 2991 566 3046 electio
587 3008 698 3045 non
718 2998 802 3046 est
831 3009 971 3046 sors.
1002 2992 1237 3057 Quando
1262 2998 1450 3046 autem
1474 2993 1630 3047 nulla
1654 2994 1856 3048 merita
1872 3010 1969 3048 nov-

368 3085 486 3134 stra
527 3080 758 3143 invenit,
798 3087 949 3135 sorte
981 3082 1283 3135 voluntatis
1322 3098 1435 3135 suae
1466 3098 1567 3135 nos
1605 3082 1785 3136 salvos
1812 3083 1963 3148 facit,

370 3168 505 3238 quia
537 3169 732 3232 voluit,
757 3185 867 3223 non
907 3170 1039 3239 quia
1068 3171 1223 3240 digni
1267 3170 1512 3235 fuimus;
1556 3170 1670 3224 haec
1700 3177 1786 3225 est
1824 3189 1964 3226 sors.

440 3255 527 3312 l7.
549 3258 753 3310 Lamia.
782 3259 849 3311 In
877 3274 983 3326 quo
1006 3264 1053 3311 et
1114 3275 1228 3313 nos.
1250 3259 1576 3313 Immutatio
1596 3276 1827 3314 casuum
1860 3266 1964 3326 est,

367 3345 530 3416 quasi
557 3344 769 3400 diceret
803 3364 813 3398 :
849 3346 907 3399 in
936 3363 1122 3417 quem,
1148 3347 1205 3401 id
1237 3349 1419 3413 est,in
1448 3349 1608 3417 cujus
1634 3348 1840 3419 ﬁdem;
1883 3349 1968 3402 vel

363 3433 423 3487 in
453 3449 587 3503 quo,
616 3434 672 3486 id
712 3440 815 3497 est,
842 3448 942 3503 per
970 3450 1157 3504 quem.

431 3517 526 3576 ‘18.
557 3522 806 3575 AMBROS.
837 3523 975 3577 Cum
1003 3525 1313 3587 audissetis,
1343 3524 1401 3578 in
1427 3525 1547 3596 ipso
1573 3530 1631 3580 et
1660 3542 1753 3581 vos
1796 3524 1964 3578 verba

2048 2464 2196 2517 facta
2210 2468 2359 2517 sunt.
2387 2462 2752 2517 Etconsidera
2771 2461 2904 2532 quia
2925 2478 3033 2515 non
3054 2462 3191 2515 dicit
3207 2462 3445 2533 gloriam
3471 2463 3642 2517 haere-

2048 2551 2239 2606 ditatis
2252 2551 2651 2616 absolutae,sed
2667 2549 2889 2605 divitias
2914 2550 3139 2620 gloriae;
3165 2567 3345 2621 neque
3374 2551 3641 2606 virtutem

2050 2641 2191 2710 ejus,
2224 2640 2321 2694 sed
2354 2656 2535 2710 neque
2585 2638 3031 2710 magnitudinem
3078 2639 3303 2692 virtutis
3332 2640 3457 2709 ejus
3488 2658 3502 2705 ;
3543 2641 3641 2695 sed

2047 2729 2462 2783 vehementius:
2485 2746 2607 2799 quae
2627 2729 2702 2783 sit
2729 2728 3154 2799 supereminens
3181 2728 3508 2798 magnitudo
3539 2729 3643 2782 vir-

2050 2818 2187 2873 tutis
2216 2819 2357 2887 ejus.

2120 2906 2215 2963 25.
2255 2907 2459 2960 Lassa.
2495 2908 2601 2973 Qui
2633 2907 2928 2969 credimus,
2961 2911 3047 2959 etc
3075 2942 3090 2966 ,
3121 2904 3180 2958 id
3207 2910 3312 2969 est,
3344 2905 3440 2975 qui
3468 2905 3642 2959 credi—

2050 3009 2175 3046 mus
2194 2993 2385 3047 omnia
2400 3010 2521 3064 quze
2537 2997 2799 3063 Operatus
2815 2992 2972 3046 estin
2984 2992 3227 3060 Christo,
3234 2993 3411 3063 possit
3421 2994 3643 3066 operari

2052 3081 2111 3136 in
2134 3080 2310 3143 nobis,
2335 3082 2391 3135 id
2418 3086 2522 3147 est,
2546 3081 3030 3136 resurrectionem.

2120 3168 2210 3226 29.
2229 3171 2470 3224 Ausaos.
2497 3170 2867 3234 (Jonstituens,
2892 3170 2995 3223 hoc
3015 3175 3102 3223 est
3128 3170 3456 3241 participem
3482 3170 3641 3226 illum

2049 3258 2276 3312 honoris
2295 3258 2526 3329 accepit,
2555 3259 2624 3312 de
2648 3264 2905 3329 suscepto
2934 3258 3159 3312 homine
3184 3259 3237 3312 id
3270 3258 3479 3327 dicens,
3512 3276 3643 3331 pro-

2050 3352 2176 3416 pter
2194 3346 2601 3401 inhabitantem
2624 3362 2840 3399 mecum
2862 3346 2950 3415 [[1,
2975 3346 3186 3416 secum]
3211 3353 3470 3401 naturam
3492 3346 3644 3402 verbi

2050 3434 2173 3489 Dei.

2114 3521 2209 3580 27.
2235 3523 2438 3577 LANFR.
2464 3522 2649 3591 Supra
2660 3539 2879 3578 omnem
2892 3525 3300 3592 principatum,
3321 3525 3514 3591 etc.,id
3535 3531 3639 3593 est,

368 3609 656 3680 Evangelii
687 3610 942 3675 audistis,
977 3618 1033 3666 et
1060 3613 1129 3665 ad
1162 3612 1327 3666 fidem
1358 3614 1689 3680 accessistis,
1715 3619 1771 3668 et
1798 3601 2217 3684 splri-Bsuper
2265 3609 2594 3680 angelorum
2637 3617 2694 3665 et
2739 3611 3203 3682 archangelorum
3240 3614 3487 3679 nomina,
3523 3630 3647 3685 qua:

366 3703 458 3751 tus
500 3696 905 3769 paticipatione
950 3700 1435 3755 conﬁrmationem
1490 3702 1801 3773 accepistis,
1863 3700 1969 3756 hoc

368 3786 517 3840 enim
546 3786 683 3840 dicit
719 3806 729 3838 :
763 3787 987 3855 Signati
1013 3792 1157 3842 estis.

443 3874 538 3931 19.
577 3875 787 3931 ΙιΑΝιηι.
824 3874 1049 3944 Signati
1073 3880 1218 3931 estis.
1253 3876 1405 3932 Ordo
1434 3882 1521 3932 est
1553 3896 1565 3932 :
1600 3876 1805 3948 signati
1833 3878 1967 3932 estis

370 3963 428 4017 in
456 3963 903 4035 redemptionem
936 3965 1320 4035 acquisitionis
1352 3985 1364 4032 ;
1397 3965 1628 4037 spiritus
1658 3966 1807 4021 enim
1846 3982 1967 4020 cre-

373 4051 570 4106 dentes
598 4052 805 4123 signat,
836 4052 891 4107 id
933 4059 1038 4116 est,
1071 4053 1141 4107 ab
1170 4053 1296 4109 aliis
1333 4054 1653 4109 hominibus
1681 4054 1965 4120 discernit,

374 4147 431 4195 et
457 4147 712 4212 separat;
746 4143 877 4212 quia
896 4157 931 4196 a
959 4142 1200 4213 peccatis
1230 4157 1325 4197 eos
1346 4149 1553 4214 purgat
1577 4150 1631 4198 et
1661 4143 1971 4215 spirituali-

375 4227 479 4284 bus
504 4230 709 4300 gratiis
729 4235 915 4285 ornat.

446 4316 534 4374 20.
564 4320 819 4374 Axnlws.
861 4319 1138 4389 Spiritum
1158 4322 1565 4389 promissionis.
1599 4319 1750 4374 Bene
1778 4325 1971 4375 autem

376 4406 639 4478 spiritum
669 4408 1056 4478 promissionis
1095 4408 1328 4474 vocavit,
1361 4407 1626 4480 quoniam
1664 4407 1812 4463 bona
1850 4425 1973 4479 qua;

378 4502 701 4568 exspectant
720 4497 777 4550 in
801 4497 1010 4566 futuro,
1033 4498 1213 4554 sancti
1226 4497 1469 4570 Spiritus
1484 4497 1973 4569 participationem

377 4591 726 4658 exspectant.

447 4673 541 4729 21.
598 4677 810 4743 Pignus
866 4677 1219 4733 hereditatis.
1283 4674 1745 4748 Redemptionem
1795 4675 1971 4740 illam,

379 4762 726 4831 ﬁnitionem,
762 4781 885 4836 quae
913 4771 1047 4820 tunc
1070 4766 1197 4833 erit,
1218 4771 1394 4833 vocat,
1422 4766 1571 4837 quod
1601 4765 1794 4821 formae
1824 4764 1976 4821 illius

379 4850 612 4905 dabitur
625 4889 638 4903 .

448 4939 540 4997 22.
593 4943 661 4997 In
692 4941 1135 5011 redemptionem.
1169 4941 1636 5013 Redemptionem
1677 4945 1840 4996 vocat
1865 4940 1974 4994 im-

381 5028 809 5093 mortalitatem,
844 5046 965 5100 quae
1001 5030 1110 5083 erit
1136 5046 1237 5101 per
1260 5032 1748 5094 resurrectionem,
1781 5028 1975 5099 acqui-

384 5117 648 5172 sitionem
691 5133 823 5172 vero
873 5117 1317 5173 familiaritatem
1354 5135 1515 5174 suam
1545 5135 1670 5190 quae
1697 5117 1768 5173 ad
1798 5118 1977 5172 Deum

387 5205 513 5261 erit.

458 5291 549 5351 23.
586 5293 650 5349 Ut
679 5293 818 5349 Deus
848 5294 1073 5350 Domini
1100 5298 1296 5351 nostri.
1323 5294 1524 5352 Dicens
1555 5292 1763 5351 Christi
1793 5313 1978 5353 susce-

2051 3699 2215 3753 modo
2256 3700 2527 3760 sciuntur,
2562 3705 2619 3752 et
2664 3716 2833 3771 super
2881 3700 3071 3754 omnia
3110 3718 3235 3771 quae
3293 3702 3363 3756 ad
3402 3719 3646 3773 praesens

2049 3787 2412 3858 ignorantur;
2445 3788 2531 3841 vel
2568 3804 2738 3859 super
2785 3788 3008 3844 caeleste
3037 3796 3094 3844 et
3122 3796 3388 3844 terrestre
3415 3808 3640 3848 nomen.

2119 3873 2208 3932 28.
2240 3877 2305 3931 Et
2335 3893 2493 3930 omne
2531 3892 2750 3931 nomen.
2789 3878 2907 3931 Hoc
2935 3883 3022 3933 est
3064 3878 3180 3932 sive
3207 3879 3421 3951 aliquid
3451 3897 3646 3936 secun-

2051 3963 2185 4019 dum
2219 3971 2550 4036 prmsentem
2583 3965 2755 4020 vitam
2806 3967 3148 4033 nominatur,
3193 3973 3252 4021 et
3295 3969 3650 4038 cognoscitur

2053 4068 2174 4107 esse
2202 4069 2470 4123 magnum
2495 4053 2645 4123 quod
2670 4070 2774 4108 nos
2796 4054 2851 4108 in
2878 4054 3066 4109 futuro
3086 4071 3420 4125 cognoscere
3446 4058 3650 4127 poteri-

2054 4158 2198 4209 mus,
2231 4143 2379 4213 quod
2405 4159 2555 4197 nunc
2573 4143 2762 4198 forsan
2807 4144 3106 4209 nescimus,
3136 4143 3391 4198 omnium
3419 4144 3649 4199 illorum

2053 4230 2401 4301 superiorem
2425 4230 2570 4284 fecit.

2123 4317 2209 4373 27.
2240 4320 2367 4385 Quae
2394 4324 2471 4372 est
2491 4334 2685 4387 corpus
2716 4321 2909 4388 ipsius.
2934 4318 3150 4389 Corpus
3177 4320 3299 4389 ejus
3321 4335 3537 4388 sumus,
3568 4320 3647 4376 si-

2053 4406 2431 4461 militudinem
2462 4412 2698 4473 natum,
2730 4412 2788 4461 et
2831 4407 3161 4479 participem
3197 4408 3430 4479 spiritus
3481 4409 3652 4466 susci-

2053 4494 2290 4565 pientes,
2323 4498 2381 4547 et
2408 4510 2609 4565 corpus
2638 4510 2816 4549 unum
2856 4494 3067 4549 erimus
3091 4511 3306 4562 omnes,
3348 4495 3483 4567 quia
3504 4513 3656 4553 com-

2056 4599 2287 4638 munem
2309 4582 2659 4654 suscepimus
2683 4582 3150 4642 resurrectionem
3174 4582 3233 4639 in
3253 4583 3651 4641 immortalita-

2055 4677 2189 4727 tem.
2221 4672 2286 4727 In
2312 4672 2507 4727 ordine
2543 4689 2670 4727 vero
2700 4678 2868 4744 caput
2898 4672 3059 4727 nobis
3107 4671 3363 4729 Christus
3393 4676 3540 4743 erit;
3587 4692 3655 4731 ex

2060 4780 2169 4834 quo
2212 4762 2394 4817 omnis
2443 4779 2613 4817 causa
2664 4763 2923 4818 secundae
2954 4764 3401 4833 regenerationis
3452 4766 3511 4819 in
3553 4782 3656 4822 nos

1991 4876 2035 4936 ο
2058 4852 2340 4907 derivasse
2371 4851 2612 4910 videtur.

2130 4937 2217 4995 30.
2258 4940 2471 4993 LANPR.
2506 4939 2806 4993 Plenitudo
2834 4943 2971 5007 eius.
3009 4939 3305 4995 Plenitudo
3335 4942 3543 4998 Christi
3570 4950 3657 4998 est

2059 5026 2320 5091 Ecclesia,
2345 5026 2477 5098 quia
2506 5027 2564 5081 in
2593 5043 2659 5081 ea
2686 5033 2743 5081 et
2778 5043 2879 5098 per
2926 5044 3055 5083 eam
3086 5029 3373 5086 adduntur
3402 5032 3658 5087 membra

2058 5115 2301 5180 Christo,
2334 5115 2390 5168 id
2417 5122 2523 5182 est,
2554 5116 2766 5170 fideles.

2131 5203 2218 5259 31.
2249 5205 2491 5258 AMBROS.
2528 5206 2598 5259 1n
2640 5208 2897 5261 omnibus
2926 5209 3284 5275 adimpletur.
3330 5209 3448 5261 Hoc
3473 5213 3560 5262 est
3598 5206 3659 5264 in

2059 5292 2319 5350 omnibus
2340 5292 2537 5363 plenus
2556 5300 2659 5349 est.
2680 5295 3005 5350 Necessario
3024 5301 3210 5349 autem
3227 5295 3295 5348 ad
3296 5295 3655 5365 jecitomnia,

387 5387 549 5454 ptum
587 5383 800 5438 indicat
830 5384 1148 5454 hominem;
1178 5392 1342 5457 pater
1370 5387 1565 5458 gloriae
1603 5383 1852 5457 gloriosa
1894 5392 1981 5442 est
2062 5381 2363 5439 ostendens
2391 5388 2575 5437 totum
2624 5384 2861 5439 existere
2912 5385 2971 5438 in
3004 5383 3282 5447 omnibus,
3337 5392 3500 5455 prout
3532 5387 3658 5458 quis

392 5469 546 5527 enim
569 5471 757 5528 divina
780 5479 1003 5529 natura.

2064 5468 2309 5545 cogitare
2334 5471 2573 5527 voluerit
2616 5473 2730 5528 sive
2757 5473 3019 5542 essentia,
3072 5473 3185 5529 sive
3217 5473 3277 5528 in
3310 5475 3654 5549 Operatione,

461 5558 555 5621 24.
588 5562 714 5632 Qua
738 5566 809 5619 sit
836 5565 1267 5633 supereminens,
1289 5562 1470 5631 idest,
1503 5563 1709 5635 qualia,
1742 5569 1799 5620 et
1814 5579 1984 5637 quam
2066 5560 2180 5619 sive
2209 5562 2267 5620 in
2292 5561 2519 5618 virtute.
