3936 6178
279 301 361 357 293

887 293 962 349 IN
1003 295 1066 348 D.
1111 292 1323 346 PAULI
1365 271 1586 347 EPIST.
1629 265 2000 347 COMMENT.
2043 324 2111 332 —
2149 283 2369 348 EPIST.
2413 294 2508 348 AD
2548 292 2800 349 EPHES.

3303 273 3469 357 W994

281 426 344 481 17.
363 439 505 494 super
525 419 971 484 fundamentum,
1008 420 1383 481 intransitivc,
1418 422 1498 471 vel
1519 421 1698 484 ﬁdem,
1734 414 2112 490 apostolorum
2145 424 2201 472 et
2229 420 2646 489 prophetarum,
2698 417 2776 474 18.
2819 420 2938 490 ipso
2969 409 3189 475 summo
3216 424 3473 493 angulari

276 514 422 584 lapide
447 511 653 566 Christo
674 511 827 574 Jesu,
860 509 917 561 in
945 523 1054 578 quo
1085 506 1269 560 omnis
1307 505 1602 560 aediﬁcatio
1632 512 1950 560 constructa
1971 506 2168 561 crescit
2194 507 2252 560 in
2283 507 2554 576 templum
2585 512 2839 562 sanctum
2870 508 2926 561 in
2957 505 3218 581 Domino,
3247 511 3305 566 in
3337 523 3465 583 qna,

263 609 315 656 et
337 617 416 656 vos
442 597 847 654 coaediﬁcamini
871 594 1355 661 in’habitaculum,
1386 601 1446 648 ut
1471 598 1594 649 sitis
1615 597 2016 663 habitaculum,
2041 596 2139 650 Dei
2171 596 2230 649 in
2259 593 2492 666 Spiritu.

1645 720 1883 776 CAPUT
1913 720 2015 775 III.

323 822 472 891 Hujus
486 819 562 874 rei
582 819 786 891 gratia,
804 823 868 871 ut
885 818 1268 870 habitaculum
1289 817 1387 870 Dei
1403 819 1549 880 sitis,
1571 831 1677 886 ego
1697 816 1904 870 Paulus
1925 815 2142 869 vinctus
2171 816 2377 870 Christi
2403 817 2432 870 J
2437 832 2534 870 esu
2559 822 2624 872 in
2651 835 2884 885 carcere,
2911 837 3012 891 pro
3027 821 3180 876 vobis
3207 822 3470 892 gentibus

265 911 599 979 predicandis,
633 912 685 962 1.
715 908 761 961 si
795 914 982 960 tamen
1013 905 1250 960 audistis
1267 905 1741 975 dispensationem
1757 907 2044 973 Evangelii
2055 908 2252 977 gratiae
2269 908 2519 978 Dei,quaa
2531 909 2663 963 data
2677 916 2763 964 est
2783 911 2920 964 mihi
2940 911 2996 965 in
3023 912 3471 984 vobis,quoniam

267 999 525 1054 secundum
551 997 951 1052 revelationem
1000 997 1095 1049 Dei
1144 1011 1254 1048 non
1281 1010 1381 1062 per
1420 995 1720 1059 hominem,
1754 998 1947 1048 notum
1983 995 2121 1048 mihi
2159 995 2210 1052 ‘2.
2241 996 2445 1050 factum
2469 1003 2554 1050 est
2582 1004 3015 1063 sacramentum,
3042 999 3187 1054 sicut
3215 999 3265 1056 3.
3299 1017 3470 1072 supra

265 1087 418 1158 scripsi
437 1088 487 1141 in
512 1086 681 1149 brevi.
711 1089 881 1156 prout
900 1082 1138 1154 potestis
1165 1082 1416 1152 legentes
1460 1081 1772 1152 intelligere
1803 1083 2157 1152 prudentiam
2206 1101 2388 1138 meam
2434 1085 2489 1138 in
2525 1086 2791 1156 mysterio
2828 1086 3052 1153 Christi,
3083 1089 3228 1163 quod
3255 1090 3383 1144 aliis
3410 1090 3464 1144 4.

262 1173 663 1246 generationibus
691 1189 804 1227 non
830 1177 916 1226 est
941 1171 1219 1241 agnitum,
1251 1173 1472 1232 scilicet,
1501 1168 1630 1221 ﬁliis
1658 1169 1972 1227 hominum.
2002 1172 2148 1225 sicut
2176 1189 2323 1226 nunc
2347 1174 2652 1228 revelatum
2696 1180 2782 1228 est
2807 1175 3012 1228 sanctis
3038 1178 3304 1246 apostolis
3324 1181 3465 1249 ejus,

263 1273 306 1318 et
323 1265 573 1336 prophetis
594 1265 732 1318 Novi
751 1263 1102 1326 Testamenti,
1127 1265 1187 1312 ut
1202 1261 1403 1325 Agabo,
1437 1259 1494 1313 in
1526 1259 1746 1329 Spiritu.
1769 1258 1923 1325 (Ecce
1942 1263 2268 1326 mysterium
2299 1263 2530 1332 Christi)
2547 1269 2743 1332 gentes
2763 1281 2884 1317 esse
2899 1265 3215 1318 coheredes
3243 1268 3464 1334 Judaeis,

261 1355 322 1405 cel
343 1357 545 1421 angelis,
579 1358 637 1405 et
656 1351 1100 1421 concorporales,
1133 1355 1191 1402 et
1215 1347 1643 1417 comparticipes
1673 1345 2058 1416 promissionis
2087 1350 2206 1417 ejus
2237 1350 2292 1403 in
2325 1351 2546 1404 Christo
2579 1353 2710 1405 Jesu
2753 1369 2851 1421 per
2877 1351 3256 1422 Evangelium,
3287 1356 3466 1421 ﬁdem,

259 1442 382 1508 cujus
407 1441 571 1494 factus
601 1457 725 1496 sum
749 1439 1007 1493 minister
1036 1436 1342 1491 secundum
1372 1435 1580 1489 donum
1609 1434 1804 1504 gratim
1823 1435 1942 1491 Dei.
1968 1453 2089 1506 qua:
2106 1438 2238 1492 data
2254 1445 2338 1492 est
2359 1441 2493 1493 mihi
2513 1441 2818 1494 secundum
2845 1439 3226 1511 operationem
3248 1441 3471 1498 virtutis

257 1529 365 1597 ejus.
389 1528 665 1582 Mibienim
681 1528 935 1582 omnium
949 1532 1269 1580 sanctorum
1285 1523 1538 1589 minimo,
1567 1524 1699 1577 data
1729 1529 1816 1577 est
1842 1524 2025 1593 gratia
2055 1525 2188 1590 haec,
2233 1531 2454 1590 scilicet,
2481 1529 2536 1581 in
2559 1529 2821 1598 gentibus
2843 1530 3224 1599 evangelizar'e
3244 1523 3468 1586 investi-

253 1617 424 1686 gabiles
444 1617 658 1672 divitias
676 1617 905 1682 Christi,
931 1623 988 1670 et
1012 1615 1352 1678 illuminare,
1376 1615 1579 1678 docere,
1604 1629 1819 1677 omnes,
1854 1630 1976 1682 quae
2005 1613 2080 1667 sit
2105 1614 2448 1686 dispensatio
2471 1618 2808 1672 sacramenti
2831 1618 3142 1672 absconditi
3164 1636 3197 1672 a
3225 1611 3463 1688 seculis,

220 1773 228 1784 ⁸
254 1723 280 1758 a
298 1710 652 1760 constitutione
679 1708 903 1773 mundi,
932 1709 1012 1760 vel
1043 1723 1077 1759 a
1098 1703 1463 1766 secularibus,
1493 1701 1552 1755 in
1581 1701 1715 1766 Deo,
1741 1701 1836 1772 qui
1867 1701 2054 1755 omnia
2069 1703 2292 1763 creavit,
2330 1706 2379 1768 5.
2414 1703 2466 1769 6,
2497 1706 2545 1756 7.
2573 1712 2637 1758 ut
2655 1705 2968 1759 innotescat
2987 1706 3394 1776 principatibus
3413 1714 3471 1762 et

254 1794 594 1866 potestatibus,
629 1795 686 1848 in
717 1792 1033 1848 caelestibus
1058 1793 1393 1860 degentibus,
1428 1807 1528 1861 per
1553 1790 1857 1845 Ecclesiam
1877 1789 1931 1844 8.
1965 1791 2323 1846 multiformis
2343 1793 2618 1864 sapientia
2643 1795 2764 1857 Dei,
2795 1793 3098 1848 secundum
3143 1789 3467 1865 praeﬁnitio-

252 1900 349 1937 nem
364 1885 873 1955 szeculorum.quam
897 1882 1095 1937 fecitin
1115 1882 1335 1936 Christo
1357 1881 1384 1934 J
1391 1897 1489 1934 esu
1509 1879 1747 1933 Domino
1777 1882 1999 1944 nostro;
2033 1879 2089 1932 in
2122 1895 2231 1948 quo
2251 1880 2522 1934 habemus
2544 1881 2805 1935 ﬁduciam
2839 1889 2896 1936 et
2923 1881 3205 1937 accessum
3222 1885 3280 1938 in
3300 1881 3469 1938 conﬁ-

250 1973 399 2027 dentia
427 1977 677 2039 μεθ-ι
695 1979 816 2038 44
848 1989 948 2044 per
974 1973 1141 2025 ﬁdem
1166 1971 1308 2040 ejus.
1337 1967 1387 2024 9.
1429 1967 1510 2024 10.
1547 1967 1784 2038 Propter
1803 1967 1970 2036 quod.
1995 1970 2127 2036 quia
2166 1970 2428 2034 ﬁduciam
2471 1973 2750 2034 habemus,
2780 1970 2861 2026 11.
2887 1977 3016 2042 peto
3047 1988 3117 2025 ne
3140 1972 3412 2026 deﬁciatis
3431 1990 3467 2027 a

251 2065 325 2129 ﬁde
342 2062 388 2116 in
406 2061 855 2117 tribulationibus
875 2060 1013 2115 meis
1030 2076 1131 2131 pro
1151 2059 1326 2122 vobis,
1349 2074 1472 2128 quia
1493 2062 1578 2110 est
1597 2054 1779 2126 gloria
1788 2061 1990 2107 vestra.
2009 2056 2096 2110 12.
2112 2057 2292 2127 Hujus
2311 2058 2390 2112 rei
2409 2059 2596 2128 gratia
2613 2061 2704 2126 (ne
2719 2061 3004 2126 deﬁciatis,
3029 2064 3110 2114 vel
3132 2064 3468 2130 repetitque

243 2167 378 2219 supra
387 2153 683 2222 dixit;un
698 2155 875 2206 multa
888 2151 1240 2220 interposuit)
1251 2148 1412 2201 ﬂecto
1427 2161 1613 2216 genua
1624 2159 1748 2197 mea
1760 2142 1832 2196 ad
1845 2143 2066 2197 Patrem
2080 2145 2303 2201 Domini
2318 2149 2495 2204 nostri
2507 2149 2534 2202 J
2541 2164 2640 2202 esu
2653 2148 2952 2214 Christi,ex
2963 2165 3074 2220 quo
3089 2147 3467 2222 omnisl3.pa-

1533 2265 2119 2324 COMMENTARIUS.

240 2387 341 2427 cens
372 2389 457 2428 eos
484 2387 709 2445 quoque
751 2371 1225 2438 reconciliatione,
1267 2373 1333 2424 ut
1375 2373 1590 2439 gentes,
1638 2363 1857 2423 indi-A
1937 2368 1990 2421 7.
2021 2366 2222 2420 LANFR.
2261 2369 2321 2423 Ut
2354 2372 2675 2425 innotescat.
2697 2369 2760 2424 In
2785 2371 3228 2441 cognoscendam
3250 2373 3469 2443 sapien-

238 2475 406 2531 gmsse.

295 2549 362 2607 l7.
415 2552 589 2619 Super
629 2552 1080 2618 fundamentum.
1131 2547 1582 2602 Fundamentum
1634 2547 1793 2596 vocat

235 2637 388 2700 ﬁdem,
416 2637 688 2702 eamdem,
722 2637 925 2708 inquit,
956 2637 1124 2690 ﬁdem
1153 2645 1320 2706 quam
1374 2631 1692 2688 habuerunt
1735 2635 1792 2684 et

233 2726 493 2796 prophetas.

284 2814 357 2870 18.
388 2817 496 2884 Ipso
515 2831 734 2868 summa
759 2817 1048 2882 angulari.
1077 2813 1228 2868 Ordo
1261 2825 1515 2866 :summo
1530 2807 1788 2880 angulari

229 2901 379 2973 lapide
402 2905 669 2958 existente
691 2902 914 2957 Christo
941 2904 1091 2957 Jesu.

284 2991 418 3044 CAP.
447 2992 546 3045 III.
582 3021 648 3031 —
694 2991 736 3046 ι.
772 2992 981 3044 Lara.
1021 2990 1085 3044 Si
1115 2996 1299 3043 tamen
1324 2991 1578 3042 audistis.
1612 2986 1788 3042 Inter-

229 3079 383 3148 ruptio
419 3086 501 3134 est
527 3080 822 3134 sententiae
843 3095 1020 3149 usque
1073 3079 1142 3132 ad
1198 3078 1367 3131 aliam
1425 3075 1782 3141 sententiam,

229 3183 324 3236 qua
345 3169 418 3222 sic
440 3169 641 3239 incipit
669 3186 680 3221 :
716 3169 896 3236 Hujus
915 3169 1101 3234 gratia
1129 3170 1297 3236 ﬂecto,
1323 3171 1426 3220 etc.

283 3254 326 3310 '2.
347 3258 557 3311 Factum
585 3263 659 3310 est
687 3262 1116 3310 sacramentum.
1144 3256 1568 3308 Sacramentum
1589 3253 1694 3307 hoc
1719 3252 1788 3306 de

227 3343 506 3413 aequalitate
546 3344 812 3416 gentium
843 3350 946 3411 est,
995 3360 1122 3397 cum
1151 3349 1319 3413 gente
1343 3342 1684 3408 Iudaeorum,
1717 3342 1786 3395 de

230 3448 314 3502 quo
363 3449 526 3504 supra
555 3433 803 3487 breviter
848 3433 1068 3503 scripsit
1098 3431 1285 3486 dicens
1332 3451 1343 3484 :
1398 3431 1513 3500 Ipse
1533 3436 1607 3485 est
1638 3433 1786 3485 enim

222 3536 309 3587 pas
334 3529 532 3588 nostra,
565 3524 670 3591 qui
686 3524 813 3589 fecit
836 3526 1070 3590 utraque
1087 3531 1286 3586 unum,
1311 3525 1443 3587 etc.,
1465 3535 1643 3591 usque
1661 3525 1788 3589 jam

228 3625 314 3662 non
330 3615 444 3664 estis
463 3612 698 3680 hospites
722 3615 770 3664 et
804 3611 1040 3664 advena.

1871 2455 2010 2509 tiam
2063 2451 2162 2506 Dei
2208 2453 2461 2509 caelestes
2505 2455 2735 2526 spiritus
2766 2456 2937 2509 etiam
2983 2449 3471 2527 profecerunt‘per

1873 2543 2196 2606 Ecclesiam,
2229 2544 2381 2614 quia,
2414 2544 2546 2597 dum
2579 2560 2702 2598 eam
2735 2543 2992 2598 Christus
3017 2561 3117 2600 seu
3139 2563 3239 2617 per
3267 2561 3344 2612 se,
3369 2561 3470 2601 seu

1872 2650 1972 2704 per
1999 2633 2278 2704 apostolos
2307 2650 2439 2686 suos
2456 2633 2782 2701 instrueret,
2815 2629 3059 2704 plu’tima
3087 2639 3302 2690 Secreta
3329 2634 3471 2690 didi-

1869 2725 2068 2774 cerunt
2099 2737 2222 2791 quae
2249 2727 2416 2774 antea
2445 2721 2799 2790 ignorabant.

1938 2807 1990 2865 8.
2018 2809 2400 2876 Multi/armis.
2431 2809 2581 2864 Ordo
2615 2827 2626 2862 :
2662 2809 2940 2880 sapientia
2969 2811 3067 2865 Dei
3109 2805 3468 2865 multiformis

1869 2898 2174 2952 secundum
2206 2898 2534 2968 sapientiam
2580 2899 2698 2964 Dei,
2732 2915 2854 2969 quae
2903 2900 2960 2953 in
3013 2900 3241 2970 propria
3264 2891 3469 2953 natura

1867 2985 2102 3057 simplex
2151 2992 2254 3051 est,
2288 2987 2593 3040 secundum
2624 2987 2878 3042 ordinem
2913 2987 3240 3042 saeculorum
3282 2988 3470 3042 multi-

1868 3075 2061 3129 formis
2091 3075 2311 3138 dicitur,
2341 3091 2406 3128 eo
2433 3075 2581 3146 quod
2609 3075 2732 3146 ipsa
2751 3077 2953 3131 saecula
2998 3077 3056 3130 in
3090 3076 3211 3147 ipso
3245 3075 3348 3131 Dei
3373 3069 3466 3131 or-

1870 3165 2000 3218 dine
2025 3163 2447 3217 multiformiter
2471 3164 2776 3218 variantur.

1939 3252 1992 3309 9.
2023 3257 2249 3322 Propter
2293 3255 2435 3321 quod
2461 3259 2599 3322 pcto.
2636 3253 2786 3307 Petit
2833 3267 2902 3308 ne
2940 3251 3240 3324 desperent
3267 3247 3335 3308 de
3366 3251 3468 3308 mi-

1868 3341 2170 3397 sericordia
2215 3341 2314 3396 Dei
2370 3342 2516 3396 circa
2569 3343 2802 3413 seipsos,
2860 3342 3110 3396 videntes
3149 3359 3280 3398 eum
3309 3333 3469 3398 tanta

1868 3432 2005 3504 pati.

1939 3518 2028 3576 10.
2063 3519 2313 3574 Ausnos.
2348 3520 2576 3588 Propter
2607 3521 2753 3588 quod
2792 3519 2930 3588 peto.
2956 3518 3162 3574 Omnia
3191 3508 3472 3591 interiecit

1869 3607 1939 3662 ab
1969 3625 2056 3676 eo,
2092 3611 2302 3664 Paulus
2327 3611 2563 3673 vinctus,
2597 3617 2775 3678 usque
2801 3607 2872 3662 ad
2903 3607 3025 3674 hoc,
3069 3615 3296 3678 propter
3328 3599 3472 3679 quod

277 3696 304 3753 3
345 3701 522 3767 Supra
553 3701 754 3768 scripsi
781 3702 844 3752 in
880 3700 1046 3752 brevi.
1080 3697 1349 3752 Breviter.
1391 3695 1676 3768 Scriptum
1699 3703 1850 3774 estB
1868 3704 2007 3768 peto.

223 3787 460 3855 superius,
505 3794 570 3842 ut
629 3791 820 3841 uotum
847 3787 1050 3854 faceret
1085 3793 1497 3840 sacramentum
1537 3801 1648 3841 sua
1688 3792 1781 3840 vo-

225 3875 441 3942 luntatis,
477 3880 806 3931 instaurare
835 3877 1028 3929 omnia
1056 3891 1174 3944 quas
1195 3877 1268 3929 'in
1297 3875 1458 3942 catis,
1495 3880 1546 3929 et
1577 3891 1696 3945 quae
1719 3876 1783 3929 in

225 3965 362 4016 terra.

276 4050 320 4107 4.
347 4052 820 4109 Generationibus.
851 4049 1180 4107 Revelatnm
1239 4051 1465 4123 quidem
1516 4049 1623 4107 fuit
1663 4065 1787 4123 pro-

223 4139 375 4207 phetis
405 4143 629 4198 Veteris
659 4143 1002 4197 Testamenti
1052 4158 1152 4213 per
1186 4141 1429 4212 gratiam
1460 4141 1556 4196 Dei
1587 4138 1784 4213 gentes

224 4243 320 4283 esse
343 4233 658 4298 salvandas,
690 4232 787 4286 sed
809 4231 957 4302 quod
969 4230 1039 4285 ad
1057 4230 1432 4302 mqualitatem
1463 4231 1783 4285 Iudaeorum

224 4326 377 4374 essent
402 4328 656 4376 venturae
682 4325 748 4375 ut
773 4321 1088 4375 cohaeredes
1125 4326 1182 4374 et
1207 4319 1629 4390 concorporales
1657 4334 1784 4373 cum

223 4406 286 4460 eis
305 4409 509 4478 ﬁerent,
539 4426 722 4466 unam
751 4415 809 4464 et
835 4410 1107 4480 aequalem
1139 4425 1268 4463 cum
1295 4408 1376 4463 eis
1401 4407 1784 4464 haereditatem

221 4495 479 4566 habiturae,
502 4499 804 4572 spirituale
832 4515 1054 4570 corpus,
1081 4497 1139 4552 id
1159 4503 1262 4564 est,
1286 4514 1458 4553 unam
1479 4495 1784 4552 Ecclesiam

220 4600 321 4640 cum
349 4595 514 4660 gente
538 4589 865 4644 Iudaeorum
892 4587 1120 4642 facturae
1148 4587 1439 4659 aequaliter
1460 4587 1785 4659 promissio-

220 4675 287 4729 nis
309 4678 400 4732 Dei
421 4679 750 4752 participes,
781 4677 921 4733 nulli
941 4677 1050 4732 nisi
1075 4677 1135 4731 in
1154 4677 1310 4732 Novo
1323 4675 1681 4732 Testamento
1702 4692 1788 4732 re-

219 4764 431 4820 velatum
459 4768 593 4823 fuit.

270 4852 322 4909 5.
347 4855 406 4908 Ut
427 4856 756 4909 innotescat.
785 4850 1112 4906 Absconditi
1127 4850 1199 4905 ad
1227 4851 1334 4905 huc
1351 4855 1420 4906 ut
1433 4855 1634 4922 postea
1651 4849 1792 4905 mul-

219 4936 428 4996 tiformis
473 4942 757 5013 sapientia
783 4941 862 5007 (in
901 4941 1006 4994 hoc
1055 4940 1203 5012 quod
1253 4939 1524 5011 praemisit
1553 4940 1790 5011 patriar-

1936 3787 2022 3840 H.
2055 3785 2261 3840 LANFR.
2297 3785 2420 3838 Peto
2463 3798 2528 3837 ne
2555 3785 2840 3850 deﬁciatis.
2872 3783 3186 3856 Utruntque
3229 3769 3467 3842 noverat

1864 3877 2138 3933 alterutro
2194 3871 2467 3943 indigere,
2503 3878 2561 3926 et
2599 3872 2838 3943 gloriam
2868 3871 3043 3929 libero
3081 3871 3336 3945 arbitrio,
3372 3868 3471 3931 ubi

1868 3972 2033 4037 rogat
2061 3981 2131 4019 ne
2159 3962 2445 4029 deficiant;
2481 3966 2538 4015 et
2561 3961 2797 4016 liberum
2828 3961 3123 4017 arbitrium
3153 3963 3298 4019 dono
3345 3963 3472 4036 gra-

1867 4058 1978 4121 tiae,
2010 4053 2106 4109 ubi
2141 4053 2319 4107 Deum
2340 4057 2519 4121 rogat.
2542 4056 2608 4104 ut
2631 4050 2726 4104 det
2751 4052 2832 4105 eis
2861 4051 3394 4108 corroborationem'.

1941 4141 2021 4197 l2.
2075 4143 2319 4195 Auansr.
2355 4138 2556 4202 (Serm.
2594 4137 2627 4194 7
2656 4141 2729 4193 De
2780 4142 2924 4194 verb.
2971 4143 3175 4208 Apost,
3200 4146 3340 4198 tom.
3373 4133 3467 4212 Χι)

1866 4233 2046 4301 Hujus
2086 4233 2170 4284 rei
2197 4231 2404 4297 gratia.
2444 4225 2616 4297 Cujus
2647 4227 2728 4281 rei
2755 4225 2959 4297 gratia,
3008 4228 3116 4282 nisi
3147 4245 3269 4300 qua

1867 4319 2102 4384 dixerat,
2139 4323 2287 4390 peto,
2321 4333 2430 4371 non
2459 4316 2737 4370 inﬁrmari
2768 4317 2827 4370 in
2851 4315 3307 4374 tribulationibus
3331 4318 3471 4377 meis

1865 4425 1965 4484 pro
1985 4409 2158 4473 vobis,
2190 4424 2314 4478 quae
2344 4412 2428 4461 est
2445 4406 2626 4477 gloria
2655 4411 2857 4462 vestra.
2882 4407 3026 4472 Quia
3055 4422 3189 4480 ergo
3219 4404 3473 4466 volunta-

1865 4501 1940 4556 tis
1978 4498 2196 4554 habetis
2233 4497 2550 4562 arbitrium,
2579 4500 2727 4566 peto.
2763 4487 2908 4561 Quia
2936 4505 3068 4552 Vero
3092 4493 3248 4554 Vobis
3272 4501 3471 4556 volun's

1866 4589 2001 4646 tatis
2027 4586 2320 4644 arbitrium
2350 4602 2463 4641 non
2501 4584 2708 4640 sufﬁcit
2725 4585 2793 4640 ad
2823 4586 3173 4658 implendum
3203 4589 3350 4660 quod
3371 4587 3472 4662 pel

1866 4682 1926 4733 to
1959 4696 1971 4731 :
2007 4679 2185 4747 Hujus
2216 4678 2300 4730 rei
2345 4677 2533 4742 gratia
2562 4677 2712 4745 ﬂecto
2749 4691 2930 4744 genua
2963 4689 3079 4730 mea
3125 4678 3198 4731 ad
3230 4677 3469 4734 Patrem.

1937 4766 2025 4822 13.
2060 4767 2262 4820 ΙιᾹΝΡΠ.
2288 4765 2602 4819 Paternitas
2627 4766 2692 4818 in
2715 4767 2878 4820 catis.
2904 4764 3085 4822 Coelos
3112 4771 3274 4821 vocat
3301 4767 3470 4839 spiri‘;

1873 4855 2052 4910 tuales
2096 4853 2371 4908 homines.
2423 4851 2657 4907 Terram
2699 4853 2978 4908 carnales.
3007 4856 3092 4909 Ad
3119 4857 3360 4924 Patrem,
3389 4856 3472 4912 in’o

1871 4945 2011 5016 quit.
2040 4943 2196 5012 ﬂecto
2223 4957 2423 5010 genua.
2443 4943 2524 4997 Ea
2549 4959 2674 5012 quo,
2697 4943 2752 4997 id
2782 4949 2885 5008 est,
2913 4959 3014 5014 per
3041 4960 3209 5017 quem
3235 4947 3474 5004 nomini-

217 5027 339 5092 chas,
369 5032 681 5104 prophetas
719 5037 775 5085 et
803 5031 1104 5102 apostolos)
1134 5031 1517 5084 notiﬁca‘retur
1545 5031 1847 5101 caelesti-(3
1869 5041 2079 5089 nantur
2098 5033 2284 5087 caeteri
2311 5037 2499 5103 patres
2524 5047 2622 5086 seu
2653 5032 2993 5104 spirituales,
3044 5049 3145 5090 seu
3192 5029 3467 5092 carnales.

220 5113 300 5170 bus
326 5137 419 5189 per
451 5121 774 5188 Ecclesiam,
808 5120 865 5174 id
904 5125 1007 5186 est,
1031 5135 1132 5190 per
1159 5135 1225 5174 ea
1271 5131 1393 5190 quae
1429 5126 1707 5191 geruntur
1730 5120 1790 5176 in

220 5203 454 5264 Ecclesia.
1675 5229 1681 5235 '

272 5294 319 5350 6.
339 5301 593 5354 Alanos.
621 5299 682 5353 Ut
706 5301 1027 5353 innbtes’cat.
1056 5296 1212 5353 Sicut
1239 5296 1343 5352 hoc
1370 5303 1493 5353 erat
1511 5298 1790 5354 occultum

221 5390 269 5437 ut
290 5402 384 5442 nec
411 5387 723 5442 invisibiles
745 5387 980 5442 virtutes
1000 5387 1315 5458 potuissent
1329 5387 1438 5443 hoc
1448 5388 1612 5443 scire.
1631 5385 1793 5442 Nunc

219 5486 325 5528 vero
347 5476 715 5531 manifestum
741 5472 830 5532 est
856 5482 958 5547 per
983 5487 1052 5531 ea
1078 5493 1202 5548 quae
1231 5492 1366 5548 erga
1391 5476 1692 5534 EccleSiam
1701 5476 1794 5532 fa-

219 5567 458 5621 miunt.

1871 5123 1978 5188 Qui
2011 5123 2160 5177 enim
2186 5121 2315 5176 fecit
2334 5137 2454 5176 esse
2478 5137 2566 5176 res
2589 5122 2737 5192 quod
2761 5127 2912 5190 sunt,
2941 5122 3061 5194 ipse
3091 5139 3260 5179 causa
3291 5127 3376 5180 est
3406 5130 3472 5180 ut

1871 5213 2234 5268 nominentur
2271 5211 2418 5282 quod
2440 5216 2591 5265 sunt.
2629 5210 2832 5265 Aliter:
2854 5228 2918 5266 ea:
2936 5229 3059 5282 quo.
3083 5211 3138 5266 id
3167 5213 3271 5278 est,
3312 5214 3470 5284 cujus

1872 5301 2241 5357 similitudine
2271 5300 2637 5355 nominantur
2654 5305 2845 5371 patres
2865 5301 3204 5371 spirituales,
3238 5301 3320 5356 vel
3346 5313 3471 5357 car-

1873 5392 2046 5446 nales.
2075 5391 2221 5456 Quia
2249 5389 2397 5444 enim
2429 5389 2782 5460 omnipotens
2808 5390 2956 5443 Deus
2986 5405 3086 5459 pro
3116 5405 3179 5443 eo
3202 5389 3372 5446 Pater
3391 5384 3474 5446 cli-

1873 5481 2038 5548 citur,
2077 5480 2164 5534 vel
2206 5480 2354 5553 quod
2393 5479 2596 5534 Filium
2645 5495 2711 5533 ex
2757 5493 2819 5558 se,
2853 5474 3160 5549 generavit,
3204 5479 3289 5534 vel
3316 5475 3470 5558 quod

1874 5562 2311 5642 creatapmprio
2340 5565 2722 5624 moderamine
2738 5557 3018 5638 gubernat
3041 5570 3099 5624 et
3123 5567 3289 5639 regit.
3308 5563 3388 5626 Ex
3403 5587 3473 5629 ea
