4040 6186
488 252 619 329 295
1488 255 1552 308 Β.
1594 252 2006 308 LANFRANCI
2047 252 2403 309 CANTUAR.
2445 252 2782 308 ARCHIEP.
3649 259 3749 316 296

486 382 724 437 ternitas
751 382 809 437 in
829 381 1004 448 ccelis,
1038 387 1093 435 et
1125 380 1183 434 in
1204 384 1359 434 terra
1390 378 1732 443 nominatur,
1757 384 1821 432 ut
1847 379 1943 432 det
1969 376 2144 437 vobis.
2176 378 2482 432 secundum
2513 377 2736 431 divitias
2782 377 2974 447 gloriae
3015 397 3147 447 suae,
3177 381 3381 438 virtute
3408 383 3749 441 corrobOrari

492 488 593 543 per
615 471 885 544 Spiritum
917 471 1038 539 ejus
1068 469 1125 522 in
1149 468 1474 522 interiorem
1496 468 1799 525 hominem.
1837 472 1885 521 et
1916 466 2197 521 Christum
2245 465 2499 520 habitare
2530 481 2629 536 per
2655 466 2824 519 ﬁdem
2846 466 2901 518 in
2927 468 3187 523 cordibus
3231 472 3451 534 vestris,
3481 473 3540 527 in
3578 474 3751 528 chari-

488 565 610 615 tate
642 560 722 617 14.
758 558 1012 622 radicati,
1047 562 1104 611 et
1122 557 1361 619 fundati,
1408 556 1484 612 15.
1512 562 1575 610 ut
1593 557 1820 628 possitis
1849 555 2322 623 comprehendere
2352 570 2475 608 cum
2508 553 2769 608 omnibus
2787 555 3012 621 sanctis,
3034 556 3122 610 16.
3152 574 3273 628 quae
3294 560 3369 614 sit
3386 562 3473 615 17.
3493 561 3747 629 latitudo,

490 666 620 705 vera
651 650 917 707 charitas,
948 654 1005 701 et
1025 644 1119 704 18.
1159 646 1473 715 longitudo,
1501 649 1819 713 exspectatio
1864 647 2138 698 donorum
2183 644 2295 709 Dci,
2329 648 2382 696 et
2420 642 2500 699 19.
2534 643 2849 697 sublimitas
2880 660 3029 711 vera,
3058 648 3119 699 id
3144 653 3236 713 est,
3273 650 3444 703 Deum
3473 653 3672 705 videre.
3696 658 3752 705 et

489 736 577 795 20.
605 736 968 808 profundum,
1003 737 1242 802 cognitio
1262 740 1590 788 secretorum
1618 736 1749 800 Dei;
1775 734 1917 788 scire
1942 734 2109 788 etiam
2151 733 2659 804 supereminentem
2714 733 2961 788 scientiae
3015 734 3344 790 charitatem
3393 738 3619 803 Christi,
3660 738 3748 807 21,

487 825 560 884 22
588 832 651 881 ut
676 824 1028 897 impleamini
1060 825 1365 878 virtutibus
1400 823 1459 876 in
1492 839 1714 877 omnem
1761 823 2165 893 plenitudinem
2207 827 2387 887 .45
2410 822 2511 876 Dei
2541 820 2631 877 23.
2663 822 2725 875 Ei
2747 827 2957 886 autem,
3000 822 3095 893 qui
3123 831 3322 894 potens
3348 833 3434 880 est
3452 827 3640 881 omnia
3667 828 3751 881 fa-

487 931 613 970 cere
636 915 1166 986 superabundanter
1196 929 1364 983 quam
1391 912 1650 982 petimus,
1675 922 1771 966 aut
1799 912 2189 982 intelligimus,
2222 911 2531 965 secundum
2551 911 2837 973 virtutem,
2869 927 2992 981 quae
3021 919 3288 982 operatur
3310 915 3369 969 in
3396 914 3573 982 nobis,
3609 920 3752 985 quod

479 1021 773 1073 possumus
800 1007 940 1057 scire
968 1020 1037 1056 ea:
1066 1004 1164 1056 hoc
1201 1003 1343 1070 quod
1363 1003 1458 1054 dat
1486 1003 1642 1055 nobis
1671 1004 1933 1056 virtutem
1974 1005 2404 1063 miraculorum,
2436 1000 2541 1071 ipsi
2569 1000 2750 1070 gloria
2803 1000 2862 1054 in
2909 1001 3172 1066 Ecclesia,
3199 1007 3259 1057 in
3289 1020 3527 1073 corpore,
3578 1011 3636 1060 et
3689 1006 3751 1061 in

485 1093 713 1149 Christo
733 1093 865 1157 Jesu
887 1097 936 1145 et
966 1095 1029 1145 in
1060 1093 1253 1159 capite,
1287 1090 1344 1143 in
1376 1106 1570 1144 omnes
1596 1091 1988 1160 generationes
2014 1088 2103 1144 24.
2137 1088 2326 1144 saeculi
2348 1089 2537 1158 (hujus
2556 1104 2619 1142 es
2648 1091 2843 1143 multis
2862 1091 3073 1144 saeculis
3101 1090 3172 1143 ab
3186 1093 3352 1146 initio
3376 1082 3751 1148 constantibus

482 1181 570 1250 [f.,
610 1179 962 1249 constantis];
993 1177 1346 1232 saeculorum.
1380 1178 1580 1231 Amen.

1901 1273 2144 1329 CAPUT
2181 1274 2275 1329 IV.

552 1393 799 1451 Obsecro
840 1393 1032 1464 itaque
1055 1410 1150 1447 vos
1179 1391 1370 1459 (ethica
1396 1393 1726 1456 admonitio)
1754 1390 1802 1447 1.
1835 1407 1937 1459 ego
1957 1390 2194 1456 vinctus,
2228 1392 2625 1455 incarceratus,
2646 1391 2725 1456 in,
2738 1407 2863 1460 pro,
2886 1389 3142 1457 Domino,
3175 1396 3240 1444 ut
3256 1391 3425 1461 digne
3446 1392 3749 1448 ambuletis

478 1485 766 1539 vocatione
790 1500 903 1554 qua
935 1482 1116 1536 vocati
1147 1481 1304 1545 estis,
1340 1496 1466 1533 cum
1491 1479 1643 1533 omni
1670 1478 2010 1541 humilitate,
2038 1481 2220 1547 dictis,
2236 1485 2285 1533 et
2300 1481 2482 1547 factis,
2503 1485 2560 1533 et
2576 1478 3024 1545 mansuetudine,
3050 1495 3174 1532 cum
3199 1480 3486 1550 patientia,
3521 1499 3754 1553 suppor-

484 1577 671 1627 tantes
700 1573 933 1626 invicem
956 1572 1015 1626 in
1042 1570 1336 1633 charitate,
1369 1568 1591 1621 solliciti
1618 1584 1840 1621 servare
1868 1567 2163 1635 unitatem,
2201 1570 2569 1634 concordiam,
2596 1568 2826 1638 spiritus
2856 1567 2914 1620 in
2944 1566 3160 1621 vinculo
3189 1569 3340 1638 pacis
3369 1571 3422 1629 (a
3442 1573 3661 1639 simili),
3692 1568 3748 1635 2,

481 1660 532 1717 3.
560 1660 746 1714 Unum
769 1674 988 1728 corpus,
1017 1656 1067 1711 4.
1097 1663 1153 1710 et
1184 1673 1331 1710 unus
1362 1655 1596 1725 spiritus
1623 1658 1778 1719 sitis;
1810 1654 1956 1709 sicut
1985 1661 2041 1709 et
2072 1655 2248 1710 vocati
2270 1656 2402 1712 estis
2421 1657 2479 1710 in
2510 1674 2624 1711 una
2643 1674 2740 1728 spe
2764 1655 3063 1710 vocationis
3082 1662 3298 1710 vestras.
3335 1657 3491 1713 Sicut
3509 1664 3584 1712 est
3603 1661 3751 1712 vobis

476 1763 625 1802 unus
653 1747 948 1811 Dominus,
974 1736 1089 1799 una
1106 1746 1265 1809 ﬁdes,
1300 1761 1474 1799 unum
1507 1743 1803 1815 baptisma,
1830 1747 1911 1797 ita
1941 1745 2137 1798 debetis
2162 1761 2346 1798 unum
2360 1749 2625 1814 spiritum
2640 1746 2849 1799 habere.
2881 1745 3038 1799 Unus
3055 1745 3221 1808 Deus,
3243 1751 3299 1799 et
3317 1747 3484 1800 Pater
3496 1747 3770 1800 omnium’

475 1833 527 1892 5.
558 1836 653 1906 qui
674 1842 760 1889 est
785 1851 955 1906 super
984 1850 1195 1900 omnes,
1233 1840 1294 1887 ut
1325 1834 1596 1887 Dominus
1650 1837 1707 1886 et
1741 1849 1841 1902 per
1866 1831 2073 1897 omnia,
2122 1837 2183 1885 ut
2227 1835 2564 1900 gubernans,
2595 1838 2652 1887 et
2680 1833 2738 1886 in
2769 1832 3030 1887 omnibus
3076 1832 3256 1900 nobis,
3298 1838 3360 1887 ut
3400 1836 3746 1888 inhabitans.

1804 1946 2395 2003 COMMENTARIUS.

474 2065 843 2122 similitudine
872 2071 1102 2137 propter
1118 2063 1374 2120 eamdem
1407 2079 1632 2119 causam
1664 2069 1852 2135 patres
1879 2062 2072 2117 dicun-
2093 2061 2300 2122 Aalias
2325 2061 2531 2117 dicitur
2563 2081 2576 2117 :
2616 2063 2803 2132 Supra
2852 2065 3077 2118 modum
3125 2066 3189 2118 in
3225 2064 3564 2118 sublimitate
3595 2069 3749 2118 ater-

471 2161 586 2221 tur,
640 2156 727 2209 vel
757 2155 889 2226 quia
937 2170 1000 2208 ex
1041 2172 1102 2208 se
1135 2153 1274 2224 ipsis
1320 2153 1464 2206 ﬁlios
1493 2158 1798 2223 generant;
1824 2152 1908 2205 vel
1937 2152 2071 2222 quia

472 2242 750 2313 subjectos
794 2243 888 2313 pio
916 2241 1103 2296 studio
1130 2240 1449 2311 gubernant
1505 2247 1562 2294 et
1605 2246 1827 2311 regunt.
1864 2239 1921 2293 Si
1942 2255 2069 2293 vero

469 2348 573 2404 per
610 2332 778 2385 ccelos
824 2331 1053 2401 angelos
1086 2329 1328 2398 intelligi
1366 2329 1561 2397 voluit,
1603 2328 1942 2389 credendum
1987 2334 2073 2381 est

469 2420 717 2474 minores
747 2420 995 2489 angelos.
1021 2426 1207 2489 patres
1233 2417 1524 2471 nominare
1553 2418 1822 2487 majores;
1847 2433 2070 2487 quoquo

467 2513 661 2563 tamen
692 2508 858 2562 modo
887 2507 1169 2561 sententia
1198 2506 1550 2576 intelligitur,
1582 2505 1729 2559 bona
1762 2505 2071 2576 paternitas

466 2597 705 2668 intelligi
730 2596 926 2662 debet;
968 2612 1152 2667 neque
1176 2596 1328 2649 enim
1349 2612 1415 2648 ex
1442 2595 1560 2649 Deo
1589 2594 1686 2648 illa
1706 2600 1846 2659 erat,
1870 2595 1939 2647 de
1959 2610 2069 2664 qua

468 2687 528 2741 in
565 2685 866 2755 Evangelio
906 2685 1043 2739 dicit
1079 2703 1090 2738 :
1134 2686 1221 2738 Vos
1252 2700 1319 2737 ex
1343 2689 1499 2752 patre
1552 2684 1768 2737 diabolo
1805 2686 1947 2735 estis.
2000 2682 2071 2736 Et

468 2774 603 2829 alibi
638 2793 649 2826 :
679 2773 749 2827 ab
778 2775 945 2827 initio
977 2773 1215 2826 mendas:
1244 2777 1339 2837 est,
1390 2776 1448 2825 et
1501 2776 1663 2842 pater
1700 2770 1820 2840 ejus
1848 2776 2065 2842 patrem

467 2863 767 2928 mendacii,
800 2862 1086 2916 diabolum
1111 2860 1319 2917 dicens.

546 2952 610 3007 14
680 2952 925 3006 Ausus'r.
971 2949 1167 3020 (Epist.
1207 2947 1307 3005 120
1336 2950 1408 3002 De
1433 2951 1621 3017 gratia
1649 2950 1790 3003 Novi
1825 2948 1979 3015 Tesl.,
2012 2964 2059 3003 c.

462 3036 552 3107 26,
588 3045 726 3095 tom.
774 3040 869 3107 II.)
920 3042 1172 3094 Radicati
1190 3039 1505 3106 etfundati.
1551 3037 1805 3091 Radicati
1836 3044 2066 3108 propter

464 3129 871 3200 agriculturam
903 3146 915 3195 ;
974 3127 1192 3181 fundati
1224 3131 1453 3198 propter
1472 3125 1895 3179 aediﬁcationem
1921 3145 1933 3191 ;
1985 3126 2064 3179 di-

465 3217 543 3272 cit
588 3218 739 3273 enim
771 3217 882 3271 alio
914 3217 1034 3270 loco
1062 3235 1072 3269 :
1106 3218 1199 3270 Dei
1221 3219 1598 3282 agricultura,
1642 3215 1740 3267 Dei
1779 3216 2064 3281 aediﬁcatio

462 3310 606 3362 estis.

538 3394 624 3451 15.
670 3396 913 3449 Aueaos.
982 3395 1043 3448 Ut
1089 3395 1323 3462 possitis.
1357 3392 1475 3446 Hoc
1513 3396 1599 3446 est
1625 3396 1691 3445 ut
1719 3391 1777 3445 in
1802 3391 2064 3446 fruitione

460 3485 590 3540 vita:
610 3484 950 3548 consistatis,
976 3482 1123 3553 quod
1155 3480 1399 3535 ostendit
1420 3480 1654 3534 dicendo
1675 3497 1802 3534 cum
1831 3480 2059 3546 sanctis,

461 3589 595 3628 nam
625 3572 1003 3637 latitudinem,
1057 3569 1487 3640 longitudinem,
1521 3570 1883 3640 protundum.
1919 3569 2062 3623 Alti-

460 3662 715 3717 tudinem
738 3661 873 3715 dicit
888 3660 1086 3730 gratiae
1108 3658 1575 3728 magnitudinem,
1608 3674 1672 3712 ex
1702 3656 1789 3712 his
1819 3657 2060 3712 nomini-

458 3751 563 3808 bus
594 3768 716 3823 quaa
735 3749 885 3821 apud
904 3766 1006 3803 nos
1034 3765 1240 3818 magna
1263 3763 1383 3801 esse
1407 3746 1684 3813 videntur,
1714 3764 1832 3811 oro,
1854 3746 2055 3818 inquit,

462 3858 589 3909 cum
622 3839 831 3894 sanctis
858 3839 956 3891 illa
989 3843 1105 3891 tam
1151 3853 1357 3907 magna
1406 3836 1707 3890 donatione
1742 3836 1845 3890 Dei
1887 3853 2057 3906 quam

455 3927 721 4002 praestitit
744 3926 904 3980 nobis
925 3925 1169 3979 charitas
1188 3923 1414 3978 Christi.

534 4017 619 4072 16.
639 4018 894 4072 Auousr.
930 4015 1112 4083 (Ibid.)
1159 4012 1283 4079 Quae
1320 4016 1391 4066 sit
1417 4014 1672 4067 latitudo.
1706 4013 1970 4068 Latitudo
1996 4014 2055 4068 in

456 4104 617 4163 bonis
634 4104 913 4178 operibus,
938 4102 1140 4174 quibus
1153 4101 1542 4156 benevolentia
1559 4101 1867 4172 porrigitur
1877 4119 2055 4173 usque

457 4196 530 4254 ad
558 4194 869 4267 diligendos
895 4190 1178 4258 inimicos;
1211 4196 1269 4244 et
1296 4189 1609 4260 longitudo,
1630 4197 1693 4244 ut
1716 4190 2054 4261 longanimi-

453 4291 544 4342 ter
572 4302 672 4357 pro
702 4285 807 4339 hac
832 4281 1131 4336 latitudine
1157 4280 1427 4335 molestiae.
1456 4280 1798 4348 tolerantur;
1832 4287 1890 4335 et
1916 4280 2047 4336 lati-

454 4374 612 4440 tudo,
661 4380 729 4428 ut
762 4387 863 4443 pro
910 4371 998 4424 his
1049 4375 1341 4427 aeternum.
1376 4369 1523 4439 quod
1555 4367 1615 4424 in
1645 4369 1900 4441 supernis
1939 4375 2043 4437 est,

454 4461 768 4536 praemium,
800 4476 913 4514 non
942 4474 1144 4512 vanum
1165 4456 1378 4528 aliquid
1406 4459 1715 4530 temporale
1743 4465 2000 4530 speretur
2030 4480 2043 4527 ;

452 4558 511 4608 et
525 4549 882 4623 profundum,
891 4547 1169 4618 signiﬁcat
1177 4545 1621 4618 profunditatem
1636 4549 1897 4619 gratuita
1907 4564 2011 4619 gra
2028 4581 2044 4588 -

2150 2174 2291 2212 num
2320 2161 2509 2227 gloria:
2534 2161 2779 2228 pondus.

2220 2244 2309 2303 20.
2334 2249 2705 2314 Profundum.
2729 2247 3074 2303 Profundum
3097 2247 3377 2303 infernum
3408 2253 3583 2303 vocat.
3605 2248 3748 2302 Orat

2152 2350 2285 2405 ergo
2340 2336 2638 2407 Apostolus
2678 2342 2954 2407 quatenus
3008 2337 3125 2391 haec
3152 2343 3393 2407 quatuor
3420 2338 3636 2408 possint
3661 2337 3750 2391 in-

2150 2424 2422 2495 telligere,
2482 2430 2540 2478 et
2585 2424 2887 2507 intellecta,
2942 2426 3054 2479 tria
3110 2431 3393 2497 appetere,
3434 2442 3611 2481 unum
3662 2425 3748 2479 vi-

2150 2517 2273 2567 tare
2287 2558 2298 2569 .
3576 2512 3581 2519 ’

2219 2601 2283 2658 21
2312 2604 2562 2657 AUGUST.
2594 2602 2783 2673 (Epist.
2838 2601 2937 2657 H2
2976 2606 3049 2657 ad
3089 2606 3392 2657 Paulinam
3411 2604 3487 2657 De
3514 2604 3749 2656 videndo

2148 2692 2271 2755 Deo,
2305 2707 2421 2761 cap.
2478 2688 2566 2756 23,
2615 2696 2753 2745 tom.
2800 2692 2896 2760 II.)
2929 2693 2991 2746 Ut
3011 2695 3380 2760 impleamini.
3432 2691 3522 2745 Sic
3549 2690 3751 2761 imple-

2148 2777 2359 2832 buntur
2401 2778 2459 2832 in
2488 2795 2710 2833 omnem
2738 2779 3142 2850 plenitudinem
3180 2779 3300 2840 Dei.
3332 2795 3445 2832 non
3473 2795 3599 2833 cum
3628 2778 3751 2832 fue-

2146 2866 2262 2920 rint
2287 2872 2342 2920 et
2369 2865 2477 2937 ipsi
2506 2866 2704 2937 plenus
2732 2868 2899 2934 Deus,
2943 2867 3041 2921 sed
3080 2884 3209 2921 cum
3252 2866 3463 2922 fuerint
3499 2867 3749 2938 perfecte

2147 2954 2295 3025 pleni
2327 2956 2461 3009 Deo.

2215 3042 2305 3100 22.
2332 3046 2578 3101 AMBBOS.
2606 3047 2667 3100 Ut
2687 3047 3055 3113 impleamini.
3089 3044 3145 3098 id
3172 3050 3276 3110 est,
3308 3049 3372 3098 ut
3399 3044 3582 3115 ipsum
3606 3061 3743 3115 pro-

2145 3133 2401 3203 portione
2426 3133 2736 3188 communis
2763 3133 3011 3205 corporis
3034 3131 3352 3200 videamini,
3374 3133 3433 3186 in
3455 3150 3564 3203 quo
3591 3134 3744 3188 Deus

2146 3220 2445 3278 inhabitat.

2082 3294 2135 3354 Β
2216 3307 2305 3365 23.
2338 3310 2407 3362 Ei
2432 3314 2617 3363 autem
2641 3311 2740 3378 qui
2760 3313 2968 3377 potem.
2991 3309 3124 3363 Post
3140 3308 3336 3379 gratiae
3355 3307 3743 3362 narrationem

2147 3403 2273 3451 orat
2303 3414 2403 3468 pro
2432 3397 2560 3462 illis,
2610 3404 2668 3451 et
2721 3396 2824 3450 sub
2874 3413 3028 3467 spem
3060 3397 3147 3467 υἱ,
3188 3397 3393 3467 specie]
3423 3397 3741 3467 gratiarum

2146 3487 2382 3540 actionis
2432 3485 2768 3541 concludens
2818 3486 3163 3556 dogmaticos
3221 3501 3507 3540 sermones
3545 3485 3746 3555 incipit

2147 3575 2359 3631 ethicos
2372 3623 2384 3634 .

2216 3664 2306 3721 24.
2349 3665 2560 3719 LANFn.
2612 3662 2810 3718 δευουιί
2857 3668 3202 3719 saeculorum.
3247 3664 3524 3718 Saeculum
3574 3680 3749 3719 saecu-

2144 3754 2327 3808 lorum
2349 3759 2433 3808 est
2456 3753 2740 3808 aeternitas
2761 3752 2919 3821 cujus
2956 3757 3144 3822 partes
3199 3758 3332 3806 sunt
3385 3758 3642 3823 tempora
3680 3758 3742 3807 et

2142 3842 2333 3896 omnia
2359 3841 2580 3896 saecula.
2610 3842 2804 3895 Potest
2833 3839 3003 3894 etiam
3023 3840 3261 3910 intelligi
3289 3840 3491 3894 saecula
3510 3840 3741 3894 saeculo-

2138 3947 2285 3995 rum,
2328 3930 2433 3984 hoc
2465 3946 2710 4002 prtesens
2737 3930 3000 3984 seculum
3036 3929 3107 3983 ab
3136 3929 3296 3982 initio
3334 3928 3530 3983 mundi
3559 3945 3741 3999 usque

2137 4019 2210 4073 ad
2237 4020 2406 4073 ﬁnem
2448 4018 2617 4073 simul
2645 4017 3013 4085 intellectum,
3043 4017 3190 4089 quod
3238 4017 3298 4071 in
3326 4017 3507 4071 multa
3533 4018 3740 4072 saecula

2135 4107 2420 4162 dividitur.

2207 4195 2475 4251 CAP.IV.
2506 4226 2569 4236 —
2588 4194 2634 4251 1.
2665 4196 2914 4250 Aunaos.
2955 4195 3065 4262 Ego
3087 4198 3323 4263 uinctus.
3368 4194 3452 4248 Ad
3473 4209 3737 4249 reveren-

2134 4286 2270 4340 tiam
2292 4289 2492 4351 mutat,
2534 4283 2669 4355 quia
2695 4283 2899 4354 adjecit
2925 4302 2937 4336 :
2970 4283 3079 4351 Ego
3104 4287 3321 4337 vinctus
3352 4285 3412 4336 in
3451 4284 3682 4336 Domino
3715 4302 3732 4348 ;

2130 4375 2177 4430 si
2203 4373 2429 4445 quidem
2471 4374 2594 4443 ipsa
2623 4372 2846 4427 vincula
2880 4377 3111 4442 propter
3146 4370 3600 4443 praedicationem
3624 4371 3734 4425 ha-

2128 4462 2261 4518 bere
2290 4462 2532 4519 videtur.

2199 4551 2253 4605 2.
2291 4552 2472 4606 Unum
2505 4566 2721 4619 corpus,
2769 4549 2873 4603 hoc
2918 4553 3024 4613 est,
3054 4549 3200 4602 hanc
3241 4546 3518 4602 unitatem
3550 4546 3736 4603 illiba-

453 4640 565 4705 τίω,
597 4641 657 4694 in
688 4655 801 4711 qua
830 4636 1133 4691 multorum
1157 4635 1385 4707 ingenia
1408 4642 1795 4707 conteruntur,
1828 4635 2246 4710 investi-Gtam
2301 4639 2595 4702 custodite,
2634 4655 2736 4708 per
2779 4653 2976 4708 pacem
3024 4643 3082 4691 et
3118 4637 3448 4691 charitatem
3479 4656 3491 4704 ;
3535 4641 3592 4690 et
3627 4636 3736 4691 hoc

450 4745 587 4803 gare
641 4732 935 4793 conantur,
987 4730 1051 4780 ut
1094 4724 1167 4779 ad
1213 4732 1526 4780 extremum
1575 4726 1656 4781 eis
1700 4726 1921 4781 dicatur
1954 4744 1966 4779 :
2003 4727 2044 4781 0

452 4820 629 4886 homo,
665 4822 724 4872 tu
755 4820 879 4887 quis
898 4832 968 4882 es,
1001 4817 1100 4884 qui
1128 4818 1448 4885 respondeas
1470 4817 1572 4869 Deo
1596 4821 1619 4868 ?

527 4907 613 4965 17.
646 4908 848 4962 Lmen.
882 4906 1155 4959 Latitudo.
1200 4905 1462 4959 Latitudo
1487 4905 1934 4960 Christianorum
1963 4910 2049 4959 est

452 4997 634 5066 cordis
654 4995 982 5068 amplitudo,
1016 4994 1088 5048 ad
1116 4992 1363 5048 dandum
1394 5000 1452 5048 et
1478 4993 1917 5048 subveniendum
1946 5011 2047 5065 pro

450 5089 568 5147 Deo
610 5086 664 5142 in
709 5091 982 5158 quantum
1014 5088 1200 5156 potest
1239 5101 1251 5137 :
1280 5082 1431 5138 unde
1459 5082 1597 5138 alias
1625 5083 1832 5138 dicitur
1858 5102 1870 5138 :
1895 5085 2047 5139 Dila-

451 5180 659 5236 tamini
685 5182 734 5231 et
758 5193 844 5231 vos
858 5220 871 5234 .

528 5267 613 5325 18.
645 5266 966 5334 Longitudo.
999 5260 1333 5335 Longitudo,
1361 5281 1484 5334 quae
1524 5269 1581 5318 et
1621 5263 1761 5319 alias
1789 5263 2045 5335 longani-

450 5356 620 5414 mitas
646 5356 870 5420 dicitur,
906 5353 964 5407 id
997 5360 1101 5419 est,
1128 5354 1464 5424 exspectatio
1483 5353 1919 5425 promissionum
1943 5354 2044 5409 Dei

451 5463 580 5507 cum
601 5445 889 5501 alacritate
917 5440 1140 5498 mentis.

528 5533 613 5599 19.
634 5534 982 5596 Sublimitas.
1020 5530 1347 5591 Sublimitas
1363 5538 1449 5589 est
1470 5532 1582 5591 vita
1598 5531 1856 5591 caelestis.
1886 5533 2045 5591 Unde

2124 4746 2247 4784 esse
2271 4727 2648 4783 necessarium
2668 4725 2860 4780 multis
2886 4724 3067 4779 modis
3088 4726 3383 4779 ostendere
3408 4723 3608 4778 nititur
3626 4741 3734 4795 per

2124 4835 2191 4873 ea
2219 4834 2342 4889 quae
2358 4821 2696 4887 sequuntur.

2202 4904 2251 4964 3.
2280 4907 2484 4960 LANFR.
2552 4906 2731 4959 Unum
2753 4920 2947 4973 corpus
2976 4909 3025 4957 et
3057 4920 3205 4958 unus
3235 4904 3491 4971 spiritus.
3538 4900 3730 4956 Unum

2129 4996 2348 5051 habetis
2377 4995 2657 5067 spiritum,
2704 4994 2849 5049 sicut
2877 4994 3011 5048 estis
3056 5010 3233 5048 unum
3268 5009 3490 5064 corpus,
3520 4998 3586 5048 ut
3612 5009 3728 5047 non

2128 5086 2251 5165 sitis
2268 5084 2625 5139 schismatici.

2198 5173 2253 5231 4.
2276 5176 2526 5230 Amnnos.
2552 5174 2618 5227 Et
2643 5189 2792 5227 unus
2811 5174 3062 5240 spiritus.
3097 5168 3337 5242 Spiritus
3370 5171 3467 5243 qui
3502 5187 3603 5225 nos
3637 5188 3727 5225 re-

2125 5263 2447 5337 generavit;
2476 5278 2698 5333 corpus,
2726 5260 2929 5332 inquit,
2965 5277 3065 5332 per
3091 5260 3575 5331 regenerationem
3594 5276 3727 5314 con-

2124 5357 2320 5410 sistere
2338 5351 2622 5407 videmini.

2197 5442 2248 5500 5.
2274 5445 2380 5511 Qui
2399 5458 2563 5511 super
2591 5457 2794 5495 omnes.
2852 5440 2960 5505 Qui
3014 5438 3274 5495 omnibus
3317 5438 3719 5511 supereminet.

2127 5534 2246 5590 Hoc
2274 5532 2428 5589 enim
2457 5530 2593 5588 dicit
2648 5542 2817 5603 super
2862 5546 3075 5600 omnes,
3135 5529 3232 5601 qui
3280 5534 3339 5584 et
3381 5544 3484 5603 per
3531 5527 3723 5584 omnia
