4040 6186
223 344 334 403 297
769 390 783 405 ,
908 341 987 396 IN
1024 341 1092 396 D.
1134 340 1350 398 PAULI
1393 339 1615 397 EPIST.
1656 339 2029 397 COMMENT.
2073 372 2140 386 —
2180 342 2404 400 EPIST.
2444 342 2543 400 AD
2579 342 2835 401 EPHES.
3405 344 3517 406 298

221 467 279 526 6.
315 468 632 539 Unicuique
655 471 1112 521 autemnostrum
1125 468 1179 521 7.
1203 467 1339 523 data
1350 450 1445 522 est
1460 466 1647 537 gratia
1668 467 1979 522 secundum
2000 483 2324 523 mensuram
2337 467 2656 523 donationis
2675 469 3153 541 Christi.Propter
3170 470 3320 541 quod
3341 470 3501 541 dicit,

220 563 285 614 in
314 560 533 626 psalmo
563 569 707 610 van
738 574 754 608 :
783 553 1108 608 Ascendens
1138 554 1387 610 Christus
1418 555 1477 607 in
1506 554 1706 619 altum,
1732 551 1784 606 8.
1811 554 2090 626 captivam
2129 556 2289 611 duxit
2328 557 2416 625 (re
2448 562 2512 611 in
2540 574 2611 621 se,
2646 574 2735 627 spe
2775 561 2838 612 in
2878 560 3051 627 nobis)
3084 548 3466 630 captivitatem
3493 578 3508 627 ;

222 651 462 699 mortem
492 646 577 702 vel
606 648 792 709 I46
822 644 1087 701 homines.
1120 646 1286 712 prius
1313 660 1349 697 a
1378 644 1595 697 diabolo
1623 645 1920 710 captivatos
1945 661 1956 708 ;
2001 644 2160 699 dedit
2197 646 2348 699 dona
2374 644 2713 699 hominibus.
2741 646 2793 701 9.
2827 646 2986 710 Quod
3016 652 3206 701 autem
3235 648 3509 715 ascendit,

221 734 360 805 quid
392 740 499 797 est,
534 732 642 787 nisi
663 731 797 802 quia
816 738 873 785 et
891 731 1180 786 descendit
1207 731 1455 801 primum
1477 731 1534 784 in
1558 730 1855 785 inferiores
1876 740 2066 802 partes
2084 739 2249 789 terra:
2269 735 2293 787 ?
2312 737 2376 788 in
2397 750 2599 788 manus
2619 741 2987 803 peccatorum,
3010 740 3092 790 vel
3108 740 3171 790 in
3192 738 3509 804 infernum,

222 826 306 878 cel
339 827 401 876 in
440 829 678 876 terram.
723 820 831 885 Qui
876 818 955 885 l0,
991 820 1076 876 t‘l.
1113 820 1424 884 descendit,
1466 819 1585 890 ipse
1614 824 1702 874 est
1745 820 1842 889 qui
1871 822 2126 877 ascendit
2151 839 2325 893 supra
2352 838 2546 877 omnes
2574 823 2761 889 ccelos,
2802 822 2884 879 1‘2.
2918 829 2980 879 ut
3009 824 3274 896 impleret
3299 826 3509 881 omnia.

224 915 430 967 Probat
459 913 681 966 diversa
708 927 813 965 esse
834 912 999 964 dona.
1027 910 1099 964 Et
1124 909 1246 980 ipse
1274 908 1432 963 dedit
1460 908 1731 979 quosdam
1761 909 1988 978 quidem
2019 912 2321 982 apostolos,
2343 912 2616 982 quosdam
2638 917 2825 966 autem
2854 914 3154 984 prophetas
3171 920 3254 982 (ut
3272 916 3310 968 .4
3318 916 3510 983 gabus,

227 1007 273 1055 et
301 1002 436 1069 ﬁlix
465 1002 602 1069 ejus)
630 999 771 1054 alios
800 1015 928 1053 vero
956 997 1347 1068 evangelistas,
1376 996 1458 1060 l3,
1488 996 1570 1053 14.
1603 996 1744 1051 alios
1772 1004 1961 1054 autem
1993 1006 2265 1071 pastores,
2296 1004 2582 1070 episcopos,
2618 1006 2676 1055 et
2701 1002 2977 1067 doctores,
3006 1008 3218 1057 ceteros
3234 1006 3511 1072 przlatos,

230 1091 301 1145 ad
329 1088 878 1144 wnsummationem
899 1093 1225 1141 sanctorum
1248 1088 1336 1156 (ab
1358 1087 1455 1139 hoc
1476 1087 1684 1153 spiritu
1693 1088 1813 1139 alia
1830 1089 2172 1143 charismata
2185 1091 2402 1143 dantur
2411 1092 2505 1153 eis,
2524 1095 2587 1143 ut
2604 1095 3053 1144 consummarent
3074 1094 3137 1145 in
3159 1096 3236 1145 eis
3254 1096 3519 1147 sanctita-

234 1184 357 1239 tem}
388 1179 450 1233 in
468 1195 612 1249 opus
632 1177 950 1240 ministerii,
968 1182 1027 1230 ut
1042 1193 1239 1244 corpus
1254 1175 1482 1239 Christi,
1499 1176 1558 1228 id
1572 1180 1668 1230 est.
1682 1176 1931 1230 Ecclesia
1943 1182 2157 1230 sanctos
2175 1180 2459 1243 aediﬁcent,
2478 1180 2702 1243 scilicet,
2725 1178 2784 1232 in
2795 1178 3220 1233 aedificationem
3244 1179 3515 1251 corporis,

236 1271 502 1332 Ecclesia,
536 1267 746 1324 Christi
775 1268 1106 1334 aedificandi,
1149 1265 1235 1321 15.
1268 1264 1446 1318 donec
1475 1279 1836 1319 occurramus
1866 1281 2062 1319 omnes
2094 1269 2156 1319 in
2185 1267 2274 1319 die
2289 1265 2501 1333 judicii
2532 1272 2661 1320 ante
2688 1269 2858 1321 Deum
2887 1268 2945 1322 in
2976 1268 3251 1323 unitatem
3282 1268 3431 1333 ﬁdei,
3464 1274 3523 1323 et

236 1356 544 1428 agnitionis
560 1356 687 1412 Filii
700 1354 822 1420 Dei,
846 1358 909 1408 in
921 1356 1018 1409 hoc
1039 1357 1234 1408 saeculo
1246 1355 1608 1415 subsistentes,
1649 1353 1732 1409 16.
1754 1353 1813 1407 in
1834 1353 2012 1409 virum
2032 1354 2359 1425 perfectum,
2388 1357 2618 1423 perfecti
2632 1371 2988 1423 resurgamus
3006 1360 3125 1411 sine
3146 1358 3524 1411 membrorum

238 1448 660 1511 imminutione,
698 1443 780 1509 1‘7,
819 1441 902 1500 18.
929 1443 985 1497 in
1016 1457 1344 1497 mensuram
1373 1441 1554 1495 aetatis
1586 1441 1949 1511 plenitudinis
1975 1442 2181 1497 Christi
2206 1461 2219 1509 ;
2266 1444 2341 1497 ad
2369 1443 2467 1497 hoc
2502 1445 2651 1497 dedit
2678 1446 2943 1511 doctores,
2975 1450 3040 1500 ut
3060 1446 3179 1516 jam
3209 1462 3322 1499 non
3348 1445 3526 1500 simus

240 1534 459 1604 parvuli
489 1536 848 1597 ﬂuctuantes,
882 1538 939 1585 et
967 1530 1430 1585 circumferamur
1446 1529 1600 1583 omni
1614 1536 1777 1584 vento
1795 1531 2062 1586 doctrinae
2090 1531 2150 1585 in
2174 1531 2426 1603 nequitia
2448 1533 2761 1599 hominum,
2779 1534 2836 1587 in
2854 1535 3066 1589 astutia
3088 1535 3159 1589 ad
3186 1535 3529 1589 circumven-

240 1622 456 1677 tionem
471 1622 703 1687 erroris,
729 1628 794 1675 ut
808 1623 1083 1675 inducant
1108 1635 1205 1673 nos
1222 1622 1286 1672 in
1308 1633 1552 1672 errorem
1574 1620 1692 1687 (hoc
1714 1636 1882 1688 usque
1893 1622 2007 1687 fuit
2020 1621 2372 1687 digressio,id
2390 1627 2484 1688 est,
2508 1623 2578 1675 ab
2600 1623 2696 1675 hoc
2709 1624 2855 1690 quod
2876 1625 3040 1689 dixit,
3064 1626 3294 1678 solliciti
3309 1638 3530 1678 servare

251 1715 429 1777 I46
465 1711 782 1774 veritatem,
815 1711 1150 1777 (equitatem,
1183 1712 1373 1762 autem
1418 1706 1686 1761 facientes
1726 1707 1786 1762 in
1814 1708 2111 1772 charitate,
2149 1725 2464 1764 crescamus
2494 1709 2553 1763 in
2581 1708 2677 1763 illo
2708 1726 2810 1781 per
2834 1711 3026 1766 omnia
3053 1713 3195 1766 dona
3225 1714 3524 1779 virtutum,

246 1799 343 1870 qui
370 1804 459 1854 est
481 1805 657 1871 caput
695 1799 973 1865 Christus,
1016 1796 1101 1854 19.
1136 1813 1202 1852 ex
1231 1812 1343 1868 quo
1363 1800 1547 1851 totum
1575 1813 1778 1869 corpus
1810 1802 2186 1869 compactum,
2230 1800 2368 1866 facit
2394 1803 2778 1867 augmentum,
2810 1800 2871 1852 id
2898 1805 2975 1853 est
2999 1804 3443 1869 augmentatum,
3475 1804 3534 1855 ct

1590 1966 2181 2023 COMMENTARIUS.

255 2128 418 2167 suam
452 2108 704 2165 ostendit
722 2100 1128 2180 providentiam
1151 2108 1210 2163 in
1238 2108 1517 2172 omnibus,
1542 2124 1864 2181 quanquam
1882 2110 1931 2169 Α
1947 2105 2206 2160 Christus
2238 2105 2470 2163 diversis
2500 2108 2720 2164 diversa
2731 2107 2903 2176 dedit,
2926 2113 2992 2164 ut
3015 2108 3259 2182 perfecte
3283 2107 3538 2182 quisquis
3588 2115 3595 2120 ’

254 2200 420 2255 nobis
444 2205 503 2254 et
532 2216 657 2253 esse
688 2204 745 2252 et
769 2197 1026 2251 habitare
1055 2198 1341 2268 dignatur.

1945 2195 2190 2249 exerceri
2221 2194 2398 2267 possit
2447 2195 2507 2251 in
2550 2214 2691 2269 opus
2717 2198 3016 2252 ministerii
3045 2198 3194 2270 quod
3217 2198 3447 2270 accepit.
3480 2199 3541 2253 Si

321 2287 379 2345 6.
419 2290 727 2357 Unicuique
770 2292 957 2340 autem
1000 2290 1265 2340 vestrum.
1326 2287 1445 2340 Hoc
1489 2286 1609 2340 vult
1653 2284 1858 2352 dicere,
1945 2283 2095 2337 enim
2126 2300 2273 2338 unus
2316 2282 2624 2355 accepisset
2651 2286 2861 2350 omnia,
2912 2302 3027 2340 non
3079 2286 3323 2357 perfecte
3355 2292 3545 2358 posset

258 2379 516 2450 quamvis
540 2393 643 2448 per
660 2375 853 2430 omnia
871 2374 1188 2429 necessaria
1216 2374 1292 2429 sit
1305 2375 1621 2439 concordia,
1644 2374 1865 2429 videtur

258 2474 451 2522 tamen
482 2466 669 2520 inesse
698 2465 759 2519 in
786 2465 868 2519 eis
897 2463 1216 2519 differentia
1241 2463 1311 2517 ob
1341 2464 1654 2535 gratiarum
1685 2463 1865 2517 varie-

263 2563 459 2611 tatem.

332 2647 391 2700 7.
437 2645 651 2700 Lmra.
686 2644 828 2698 Data
865 2647 939 2696 est
969 2645 1158 2710 gratia
1187 2643 1489 2697 secundum
1521 2658 1866 2709 mensuram,

266 2742 373 2789 etc.
426 2732 695 2798 Quamvis
740 2747 887 2786 unus
926 2731 1002 2784 sit
1028 2731 1281 2802 spiritus,
1316 2731 1537 2787 diversa
1566 2737 1699 2786 sunt
1726 2731 1874 2785 dona

269 2823 471 2896 ipsius.
500 2823 570 2877 Et
600 2822 707 2875 hoc
735 2825 820 2875 est
848 2819 994 2891 quod
1021 2820 1194 2874 dicit:
1224 2821 1358 2874 Data
1378 2826 1452 2874 est
1474 2824 1662 2889 gratia
1690 2837 1877 2875 secun-

266 2915 403 2966 dum
434 2926 780 2975 mensuram,
811 2908 868 2962 id
898 2914 1003 2968 est,
1027 2908 1258 2963 diversas
1284 2927 1297 2975 ;
1320 2909 1416 2962 alii
1436 2910 1561 2969 hoc.
1593 2910 1689 2964 alii
1713 2909 1872 2975 illud,

267 3001 362 3055 alii
405 3001 556 3072 plus,
603 2999 702 3054 alii
733 2998 941 3053 minus.
988 2998 1148 3062 Quod
1188 2998 1347 3069 prius
1392 2998 1462 3052 ab
1515 2998 1873 3066 auctoritate,

267 3088 690 3161 posteaprobat
716 3104 754 3141 a
780 3086 1060 3158 partibus.

342 3178 381 3236 8
448 3181 701 3234 Ancus'r.
751 3178 979 3244 (Enarr.
1032 3178 1095 3230 in
1141 3180 1282 3245 psal.
1316 3190 1491 3238 van,
1518 3182 1659 3231 tom.
1688 3177 1863 3245 VIII).

274 3270 567 3337 Captiin
610 3268 793 3320 duxit.
839 3265 1041 3319 Utrum
1093 3265 1227 3335 quia
1278 3265 1407 3320 vicit
1456 3270 1717 3329 mortem,
1759 3282 1883 3337 quae

276 3356 527 3429 captivos
558 3354 804 3414 tenebat,
837 3353 897 3406 in
939 3352 1142 3423 quibus
1185 3355 1474 3425 regnabat,
1508 3372 1581 3410 an
1611 3355 1763 3427 ipsos
1788 3356 1883 3408 ho-

1948 2388 2143 2425 vacare
2173 2372 2243 2425 ad
2285 2371 2526 2443 singula.
2573 2372 2716 2436 Quid
2750 2380 2939 2428 autem
2970 2373 3046 2427 sit
3079 2390 3220 2445 opus
3250 2373 3546 2429 ministerii

1948 2466 2291 2523 sanctorum,
2318 2461 2522 2532 quibus
2548 2462 2872 2533 spirituales
2893 2463 3089 2533 gratiae
3117 2480 3153 2517 u
3181 2462 3404 2518 Christo
3429 2463 3546 2518 col-

1949 2550 2078 2603 latae
2097 2554 2248 2615 sunt,
2273 2550 2563 2622 subjungit
2583 2551 2773 2606 dicens
2798 2570 2809 2605 :
2835 2554 2901 2606 In
2923 2553 3337 2619 zdiﬁcationem
3366 2568 3549 2622 corpo-
3596 2616 3601 2621 ξ

1953 2641 2036 2691 ris
2054 2640 2283 2704 Christi,
2311 2639 2382 2694 ad
2412 2640 2517 2694 hoc
2532 2640 2682 2695 enim
2706 2641 3024 2712 spiritualia
3049 2641 3392 2696 charismata
3415 2642 3552 2696 dan-

1955 2732 2051 2781 tur
2092 2727 2222 2794 illis,
2265 2732 2330 2782 ut
2380 2745 2583 2800 corpus
2630 2729 2858 2795 Christi,
2908 2729 2994 2783 vel
3032 2730 3336 2784 Ecclesium
3382 2730 3554 2784 aedili-

1957 2821 2104 2871 cent.

2035 2922 2119 2980 15.
2154 2926 2329 2978 Donec
2356 2940 2734 2979 occurramus.
2785 2923 2937 2979 Ordo
2963 2942 2975 2977 :
3008 2925 3186 2979 donec
3208 2940 3311 2979 nos
3334 2939 3550 2991 omnes,

1959 3011 2018 3065 in
2047 3012 2322 3067 unitatem
2371 3012 2500 3067 ﬁdei
2553 3018 2610 3067 et
2659 3012 3004 3083 agnitionem
3047 3012 3176 3067 Filii
3208 3012 3309 3068 Dei
3356 3012 3415 3068 in
3450 3012 3557 3068 hoc

1961 3102 2162 3156 saeculo
2186 3099 2941 3164 subsistentes,occurramus
2952 3101 3009 3155 in
3025 3101 3204 3156 virum
3224 3102 3553 3173 perfectum,

1964 3190 2114 3245 diem
2153 3189 2351 3260 judicii
2381 3189 2683 3260 signiﬁcat,
2733 3192 3014 3262 quomodo
3065 3190 3164 3263 [[2,
3204 3188 3335 3265 quo]
3365 3206 3561 3246 omnes

1966 3294 2063 3350 qui
2090 3294 2239 3332 nunc
2260 3276 2533 3332 habemus
2553 3295 2723 3333 unam
2745 3278 2912 3333 ﬁdem
2938 3284 2997 3333 et
3011 3293 3186 3333 unam
3216 3277 3563 3349 agnitionem

1965 3366 2091 3421 Filii
2114 3366 2236 3431 Dei,
2253 3366 2333 3421 sic
2349 3383 2414 3420 ex
2436 3366 2670 3422 diversis
2696 3366 2949 3438 partibus
2979 3366 3175 3422 mundi
3207 3383 3563 3422 occurremus

278 3446 461 3501 minus
488 3443 794 3516 appellavit
814 3440 1219 3513 captivitatem,
1256 3444 1390 3515 quia
1415 3444 1618 3515 captivi
1647 3444 1752 3499 sub
1769 3443 1884 3498 dia-

1980 3455 2222 3522 ,nvicem,
2270 3463 2336 3510 ut
2377 3457 2762 3528 unusquisque
2800 3457 2876 3511 sit
2902 3455 2987 3510 vir
3022 3457 3319 3527 perfectus,
3350 3455 3566 3512 habens

278 3534 405 3589 bolo
430 3533 794 3588 tenebantur.
1444 3584 1451 3589 ,

348 3624 404 3678 9.
430 3624 640 3677 Lmen.
675 3624 828 3690 Quod
844 3628 1032 3678 autem
1053 3624 1316 3677 ascendit.
1344 3620 1551 3676 Probat
1573 3622 1642 3676 de
1662 3620 1885 3676 Christo

285 3713 638 3784 superiorem
683 3728 908 3767 versum
947 3729 1068 3767 esse
1094 3711 1345 3774 dictum;
1376 3711 1498 3782 ipse
1518 3711 1670 3766 enim
1692 3726 1886 3765 ascen-

287 3803 369 3857 dit
387 3802 450 3857 in
472 3803 680 3856 caelum
710 3805 769 3855 et
787 3801 858 3856 de
888 3802 1031 3857 caelo
1061 3800 1368 3856 descendit.

360 3889 451 3948 10.
491 3892 749 3946 Aanos.
793 3892 1096 3945 Descendit.
1131 3889 1432 3945 Inferiores
1475 3893 1665 3960 partes
1709 3888 1890 3960 ipsam

287 3987 499 4034 terram
527 3978 788 4034 nominat
812 3978 872 4033 in
899 3978 1320 4049 comparatione
1349 3978 1493 4032 cmli.
1538 3977 1672 4032 Vult
1700 3982 1892 4031 autem

287 4070 495 4133 dicere,
525 4067 794 4139 quoniam
838 4084 953 4122 non
990 4066 1353 4129 ascendisset,
1394 4065 1504 4120 nisi
1553 4066 1800 4137 primum
1834 4066 1893 4119 in

288 4158 386 4213 illo
415 4158 611 4212 divina
644 4157 954 4211 exstitisset
990 4161 1216 4221 natura,
1260 4155 1349 4211 cui
1379 4156 1717 4226 complacuit
1743 4154 1803 4209 in
1830 4154 1894 4209 il-

287 4246 407 4302 lum
431 4245 711 4311 habitare,
743 4245 838 4317 qui
862 4262 1034 4318 super
1062 4250 1271 4301 terram
1289 4249 1431 4301 erat.

360 4334 455 4392 11.
505 4337 615 4403 Qui
659 4336 951 4389 descendit.
1002 4334 1138 4389 Vult
1180 4339 1372 4389 autem
1412 4332 1598 4388 dicere
1626 4332 1894 4404 quoniam

291 4423 340 4478 is
383 4423 446 4477 in
492 4439 663 4495 quem
701 4423 892 4477 divina
934 4422 1224 4478 descendit
1258 4428 1487 4489 natura,
1527 4438 1699 4492 super
1723 4421 1892 4476 caelos

294 4513 527 4567 eﬂ'ectus
557 4516 663 4575 est,
702 4517 759 4566 et
785 4512 890 4566 hoc
934 4512 1175 4567 inseruit
1221 4512 1413 4566 volens
1443 4510 1740 4565 ostendere
1760 4527 1895 4581 quo-

293 4601 462 4656 modo
488 4600 749 4655 Christus
773 4601 942 4656 homo
975 4601 1100 4656 aliis
1131 4606 1321 4672 posset
1350 4599 1597 4655 tribuere
1622 4598 1896 4671 spiritua-

295 4688 375 4743 les
419 4689 785 4757 donationes;
832 4695 959 4761 post
987 4690 1227 4745 recurrit
1254 4690 1321 4745 ad
1350 4705 1513 4744 suam
1534 4689 1893 4744 sententiam.

369 4778 463 4835 l2.
505 4779 724 4833 Lassa.
752 4780 1009 4848 Impteret
1029 4782 1240 4844 omnia,
1274 4778 1331 4833 id
1350 4783 1454 4841 est,
1483 4794 1678 4832 omnes
1702 4784 1899 4848 gentes
1918 4790 1962 4850 ο

300 4867 522 4922 cultura
588 4866 800 4933 divina,
865 4868 951 4922 vel
1009 4867 1200 4924 omnia
1240 4883 1363 4939 qua
1410 4866 1481 4920 de
1532 4883 1599 4921 eo
1636 4866 1901 4938 pra-dicta

303 4962 483 5011 erant.

377 5044 457 5102 l3.
492 5046 739 5101 Ληουεῖ.
761 5045 957 5115 (Epist.
982 5046 1144 5101 59nd
1169 5048 1415 5111 Paulin.,
1447 5050 1642 5117 quaest.
1674 5043 1725 5109 4,
1757 5049 1896 5099 tom.

304 5134 403 5203 II.)
425 5133 585 5189 Alios
619 5140 880 5203 pastores.
923 5135 1188 5190 Pastores
1226 5140 1285 5190 et
1311 5136 1585 5200 doctores,
1618 5150 1758 5205 quos
1786 5151 1903 5189 ma-

302 5223 450 5278 xime
477 5229 544 5278 ut
577 5223 1026 5279 discerneremus
1057 5223 1297 5291 voluisti,
1338 5225 1564 5280 eosdem
1593 5229 1729 5295 puto
1758 5240 1899 5288 esse,

306 5311 449 5367 sicut
469 5317 530 5366 et
552 5311 655 5367 tibi
683 5312 867 5368 visum
901 5317 1010 5377 est,
1057 5318 1124 5367 ut
1148 5328 1263 5367 non
1290 5313 1431 5367 alios
1459 5317 1730 5384 pastores,
1763 5311 1903 5366 alios

305 5402 562 5458 doctores
608 5402 1031 5473 intelligamus;
1089 5402 1188 5457 sed
1231 5401 1358 5457 ideo
1405 5418 1533 5457 cum
1584 5400 1905 5472 praedixisse

1968 3562 2092 3601 eam
2121 3550 2343 3601 aetatem
2377 3562 2489 3616 qua
2514 3545 2771 3600 Christus
2800 3545 2870 3599 de
2890 3546 2995 3599 hoc
3024 3546 3225 3600 saeculo
3256 3545 3484 3601 transiit
3511 3551 3569 3600 et

1968 3635 2292 3699 resurrexit,
2324 3634 2430 3688 hoc
2467 3640 2554 3689 est
2591 3633 2741 3706 quod
2782 3634 2918 3688 dicit
2944 3634 3003 3688 in
3034 3650 3358 3689 mensuram
3388 3633 3569 3690 artatis

1968 3722 2336 3793 plenitudinis
2373 3723 2602 3787 Christi,
2654 3723 2709 3777 id
2740 3729 2844 3787 est,
2878 3723 2935 3777 in
2967 3740 3080 3794 qua
3116 3730 3284 3778 aetate
3309 3723 3570 3779 Christus

1970 3812 2378 3883 plenitudinem
2433 3827 2709 3867 annorum
2758 3818 2817 3867 et
2848 3812 3097 3884 corporis
3134 3812 3350 3868 habuit.
3380 3812 3574 3868 Potest

1973 3901 2211 3973 intelligi
2241 3919 2569 3958 occursuros
2600 3919 2703 3957 nos
2723 3902 2782 3957 in
2809 3904 2990 3957 virum
3020 3902 3350 3975 perfectum,
3370 3908 3436 3959 ut
3456 3920 3573 3958 om-

1973 4006 2074 4045 nes
2118 3991 2295 4046 simus
2341 4008 2486 4046 unus
2515 3991 2600 4045 vir
2629 3991 2927 4063 perfectus,
2955 3991 3012 4046 id
3042 3998 3129 4047 est
3156 4008 3270 4046 una
3301 3992 3567 4059 Ecclesia,

1975 4080 2066 4134 cui
2088 4079 2227 4134 nihil
2250 4079 2396 4133 desit
2425 4085 2483 4134 et
2510 4080 2597 4134 cui
2628 4079 2769 4133 nihil
2793 4079 2869 4133 sit
2896 4084 3092 4151 postea
3120 4079 3461 4133 addendum.

2053 4183 2132 4242 l6.
2176 4186 2421 4240 AUGUST.
2466 4186 2578 4254 (lib.
2611 4200 2728 4239 χχιι
2759 4187 2829 4239 De
2857 4188 3008 4240 civit.
3050 4187 3185 4250 Dei.,
3218 4202 3267 4239 c.
3306 4184 3391 4251 -15,
3430 4190 3571 4241 tom.

1973 4275 2062 4344 ν.)
2097 4276 2165 4330 In
2195 4276 2383 4327 virum
2408 4275 2739 4342 perfectum.
2774 4273 2865 4327 Sic
2896 4272 3235 4343 accipiamus
3262 4272 3577 4336 dictum,ut

1975 4381 2079 4419 nec
2130 4363 2295 4426 infra,
2326 4378 2429 4417 nec
2466 4362 2617 4416 ultra
2652 4361 2959 4432 juvenilem
2995 4361 3236 4416 formam
3276 4367 3577 4433 resurgant

1974 4468 2209 4524 corpora
2246 4455 2618 4513 mortuorum,
2661 4450 2759 4504 sed
2801 4449 2860 4505 in
2893 4450 3013 4520 ejus
3051 4456 3216 4505 aetate
3256 4457 3313 4506 et
3350 4450 3572 4519 robore,

1974 4557 2154 4614 usque
2187 4540 2257 4595 ad
2287 4556 2456 4611 quam
2504 4538 2789 4594 Christum
2833 4539 3153 4611 pervenisse
3191 4538 3573 4612 cognovimus.

2053 4647 2137 4705 17.
2170 4648 2543 4715 (lbid.,ante.)
2577 4648 2646 4702 In
2668 4663 3012 4702 mensuram.
3047 4648 3129 4704 De
3159 4652 3578 4705 mensuraeta-

1979 4737 2052 4791 tis
2081 4735 2445 4807 plenitudinis
2477 4734 2706 4802 Christi,
2745 4741 2845 4791 aut
2872 4742 3105 4808 prOptcr
3133 4737 3274 4794 illud
3301 4738 3557 4814 intelliga

1982 4842 2108 4880 mus
2163 4825 2375 4880 dictum
2425 4842 2574 4892 esse;
2617 4824 2674 4879 id
2716 4831 2820 4890 est,
2854 4831 2919 4880 ut
2954 4825 3036 4880 illi
3064 4827 3234 4898 capiti
3269 4827 3329 4883 in
3356 4832 3581 4902 populis

1983 4914 2317 4970 Christianis
2341 4914 2709 4970 antecedente
2740 4914 2992 4970 omnium
3025 4916 3365 4988 perfectione
3399 4936 3579 4976 mem-

1983 5004 2231 5073 brorum,
2269 5005 2451 5060 aetatis
2479 5004 2599 5075 ejus
2628 5020 2896 5059 mensura
2932 5005 3318 5078 compleatur;
3348 5014 3452 5071 aut
3475 5008 3581 5064 hoc

1982 5095 2051 5151 de
2079 5094 2488 5152 resurrectione
2514 5111 2811 5166 corporum
2836 5093 3050 5150 dictum
3077 5100 3185 5151 est.

2052 5201 2143 5259 48.
2210 5203 2414 5257 Lassa.
2483 5204 2551 5257 In
2608 5216 2933 5256 mensuram
2981 5204 3157 5257 aetatis
3204 5203 3577 5272 plenitudinis

1985 5293 2212 5354 Christi,
2240 5291 2299 5347 id
2326 5296 2431 5357 est,
2462 5290 2522 5345 in
2548 5295 2713 5346 aetate
2743 5307 2857 5363 qua
2888 5290 3144 5347 Christus
3170 5290 3580 5362 plenitudinem

1984 5397 2262 5437 annorum
2285 5386 2345 5435 et
2370 5380 2621 5452 corporis
2649 5378 2862 5436 habens
2891 5378 3121 5435 interra
3147 5379 3217 5435 de
3244 5378 3351 5435 hoc
3378 5381 3580 5438 seculo

305 5498 580 5562 ναῖοι-οε,
601 5469 898 5562 subiunxit
921 5497 981 5547 et
1004 5491 1281 5555 doctores,
1294 5497 1359 5546 ut
1380 5469 1703 5561 intelligant
1724 5495 1909 5562 pasto.
1987 5469 2232 5526 transiit.

306 5596 401 5635 res
427 5580 500 5636 ad
529 5580 776 5636 ofﬁcium
803 5597 969 5637 suum
1001 5580 1284 5653 pertinere
1312 5579 1647 5636 doctrinam.

2062 5577 2154 5633 19.
2187 5578 2438 5635 Annos.
2468 5578 2553 5633 Ea:
2575 5593 2682 5648 quo
2712 5581 2912 5633 totum.
2944 5575 3025 5632 Ex
3064 5574 3287 5632 Christo
3324 5579 3486 5650 quasi
3522 5597 3591 5637 ex

384 5669 475 5726 14.
527 5670 739 5726 Lassa.
795 5670 950 5728 Alios
998 5675 1185 5727 autem
1229 5675 1494 5740 pastores.
1543 5669 1783 5742 Propter
1808 5668 1915 5724 hoc
1995 5667 2182 5741 capite
2226 5668 2523 5741 copulatur
2562 5683 2765 5741 corpus
2803 5664 3082 5737 Ecclesia,
3107 5667 3417 5726 secundum
3443 5670 3593 5745 quod

591 5769 860 5833 ΡΑτιιοι..
888 5767 1009 5834 CL.

3276 5764 3355 5830 10
