3936 6178
539 159 646 219 299
1534 164 1600 219 B:
1638 165 2057 222 LANFRANCI
2095 167 2457 222 CANTUAR.
2496 166 2837 222 ARCHIEP.
3654 180 3745 237 300

536 301 852 346 connexum
881 306 984 362 per
1004 303 1227 345 omnem
1246 287 1574 359 juncturam
1605 288 1694 346 ‘20.
1723 289 2282 354 subministrationis,
2310 293 2370 345 id
2396 298 2489 355 est,
2514 295 2869 347 accessionem
2896 292 3439 348 subministrantium
3462 313 3509 350 se
3534 299 3642 363 Deo,
3665 298 3744 357 21.

538 380 848 449 secundum
873 380 1258 450 operationem
1285 378 1345 437 in
1378 394 1700 441 mensuram
1728 381 2169 452 uniuscujusque
2194 379 2450 447 membri,
2478 384 2539 444 id
2562 387 2639 435 est
2658 382 2962 435 secundum
2991 384 3354 449 operationem
3372 387 3751 457 uniuscujusque

538 470 794 535 membri,
827 473 1193 539 augmentum
1224 468 1474 538 corporis
1504 468 1806 527 facit22,iu
1827 469 2250 535 aedificationem
2276 469 2365 524 sui
2386 472 2560 536 ipsius
2579 468 2668 522 23.
2689 468 3036 522 incharitate
3056 469 3266 522 Christi
3292 486 3396 525 non
3423 476 3635 528 meritis.
3656 476 3753 531 Hoc

536 556 714 627 igitur
733 556 876 625 dico,
913 563 971 622 at
997 556 1273 617 testiﬁcor
1302 557 1362 619 in
1382 557 1642 622 Domino,
1666 563 1729 613 ut
1753 558 1873 628 jam
1901 563 2118 625 accepta
2141 559 2392 611 doctrina
2434 573 2548 611 non
2598 557 2900 612 ambuletis
2945 557 3093 611 sicut
3119 564 3177 611 et
3210 562 3398 627 gentes
3425 559 3683 616 ambulant
3704 563 3754 617 in

536 643 785 707 vanitate
807 661 1008 711 sensus
1035 645 1144 711 sui,
1172 644 1421 701 tenebris
1449 645 1806 703 obscuratum
1828 646 2100 702 habentes
2119 646 2485 713 intellectum,
2506 648 2735 702 alienati
2759 647 2848 701 24.
2868 663 2904 701 a
2920 647 3037 701 vita
3063 647 3184 711 Dei,
3208 653 3421 709 sterno,
3451 652 3526 703 vet
3544 666 3577 703 a
3596 667 3753 709 resur-

536 735 774 803 rectione
801 736 904 789 illa
934 750 1053 803 quas
1079 736 1205 802 fieri
1231 738 1589 803 exspectatur,
1622 752 1724 805 per
1761 735 2160 807 ignorantiam,
2204 752 2329 806 qua:
2372 743 2460 790 est
2492 737 2550 799 in
2581 737 2709 799 illis,
2746 742 2977 807 propter
3005 736 3311 790 caecitatem
3339 736 3509 790 cordis
3533 737 3756 808 ipsorum

534 822 755 891 colando
786 823 956 889 ἰαοιρ,
981 823 1077 893 Qui
1097 822 1480 893 despemnteS,
1504 823 1837 894 semetipsos
1856 824 2217 893 tradiderunt
2242 825 2691 896 impudicitimﬁn
2714 825 3101 896 operationem
3126 825 3487 881 immunditiae
3510 828 3689 887 omnis.
3705 830 3755 884 in

533 909 832 982 avaritiam
861 913 1297 980 inexplebiliter.
1335 912 1448 973 Vos
1475 918 1663 967 autem
1702 929 1814 971 non
1842 911 1924 969 ita
1950 900 2228 966 didicistis
2258 914 2546 969 Christum
2576 919 2710 969 velle
2733 932 2824 969 vos
2851 918 3049 982 facere,
3084 914 3130 967 si
3150 920 3342 968 tamen
3358 914 3510 968 illum
3533 916 3759 985 audistis,

531 1004 589 1071 et
608 999 667 1069 in
687 999 809 1071 ipso
832 999 1015 1065 edocti
1031 999 1183 1065 estis,
1209 1000 1354 1063 sicut
1380 1007 1465 1057 est
1492 1002 1695 1056 veritas
1726 1019 1837 1058 non
1857 1004 2164 1072 hypocrisis
2194 1004 2253 1057 in
2277 1005 2431 1069 Jesu,
2458 1004 2739 1074 deponere
2768 1020 2864 1057 vos
2890 1004 3198 1058 secundum
3231 1002 3514 1072 pristinam
3561 1019 3761 1060 conver-

523 1088 802 1158 sationem
830 1094 1073 1156 veterem
1103 1090 1408 1156 hominem,
1431 1107 1672 1149 massam
1704 1094 1991 1158 vitiorum,
2010 1096 2124 1147 imo
2140 1097 2220 1147 ita
2249 1095 2524 1147 didicistis
2544 1093 2832 1147 Christum
2846 1096 2980 1147 velte
3005 1097 3067 1146 ut
3093 1093 3394 1163 deponatis,
3415 1091 3509 1161 qui
3537 1108 3763 1147 corrum-

527 1175 685 1249 pitur
707 1178 978 1246 peccando
1002 1178 1310 1243 secundum
1341 1178 1620 1239 desideria
1639 1178 1865 1235 erroris.
1894 1180 1966 1235 Et
1992 1185 2127 1250 quia
2150 1198 2261 1235 non
2288 1184 2497 1249 sufﬁcit
2519 1183 2781 1249 deponere
2800 1198 2836 1235 a
2853 1184 3020 1246 malo,
3045 1181 3230 1237 subdit
3257 1198 3273 1232 :
3303 1179 3392 1234 25.
3422 1180 3761 1235 Renovamini

528 1269 720 1335 autem
737 1264 941 1335 spiritu
961 1266 1167 1321 mentis
1191 1272 1409 1332 vestrae,
1424 1266 1707 1324 etinduite
1716 1284 1927 1323 novum
1949 1268 2256 1337 hominem,
2271 1286 2513 1325 massam
2524 1273 2823 1334 virtutum,
2840 1267 2929 1325 26.
2948 1269 3044 1340 qui
3058 1268 3364 1323 secundum
3380 1269 3551 1323 Deum
3565 1276 3763 1326 creatus

524 1356 616 1423 est
641 1352 700 1419 in
713 1352 937 1424 justitia
959 1359 1013 1419 et
1023 1354 1324 1417 sanctitate
1341 1354 1611 1415 veritatis.
1632 1356 1868 1426 Propter
1883 1358 2054 1426 quod,
2078 1365 2141 1412 ut
2161 1374 2365 1412 novum
2380 1359 2658 1414 hominem
2671 1361 2941 1420 inductis,
2960 1358 3307 1428 deponentes
3324 1357 3679 1423 mendacium,
3699 1358 3768 1412 lo-

526 1440 766 1513 ξιιιὶῐηὶῃῇ
797 1442 1089 1507 veritatem
1123 1444 1512 1514 Unusquisque
1539 1460 1666 1501 cum
1687 1445 1942 1515 proximo
1967 1460 2089 1506 suo,
2125 1442 2392 1513 quoniam
2424 1458 2621 1496 sumus
2648 1442 2886 1496 invicem
2911 1442 3185 1495 membra.
3217 1441 3281 1496 Si
3308 1445 3388 1496 vet
3417 1443 3480 1495 de
3498 1444 3765 1510 praeteritis

522 1528 860 1598 irascimini,
894 1536 953 1589 et
978 1531 1153 1589 nolite
1179 1534 1449 1587 adactum
1466 1534 1774 1597 dueere,vet
1793 1534 2041 1601 deinceps
2067 1547 2314 1602 peccare.
2336 1530 2424 1585 ‘27.
2449 1532 2565 1591 Sol,
2594 1535 2675 1585 vel
2694 1532 2964 1595 Christus,
2988 1529 3078 1586 28.
3100 1547 3213 1585 non
3228 1529 3448 1585 occidat
3464 1532 3605 1584 vobis
3621 1546 3769 1601 super

520 1616 872 1687 iracundiam
904 1624 1166 1687 νθεΐσιᾚω-
1193 1620 1381 1683 Nolite
1410 1604 1596 1681 locum
1614 1621 1751 1680 dare
1769 1620 1993 1677 diabolo
2012 1623 2252 1691 (exponit
2273 1622 2593 1688 quomodo);
2620 1621 2716 1691 qui
2737 1619 3053 1682 furabatur,
3069 1621 3188 1690 jam
3202 1636 3316 1675 non
3342 1619 3576 1685 furatur,
3607 1619 3767 1688 magis

516 1709 709 1774 autem
723 1705 1247 1778 laboret.opera_ndo
1271 1708 1533 1769 manibus
1551 1707 1670 1768 suis
1694 1708 1843 1779 quod
1865 1708 2075 1765 bonum
2097 1714 2272 1771 est,ut
2283 1705 2490 1779 habeat
2509 1706 2658 1760 unde
2673 1705 2885 1763 tribuat
2903 1708 2915 1771 (
2924 1722 3035 1761 non
3050 1707 3197 1761 unde
3220 1707 3481 1773 inebriet)
3498 1705 3774 1765 necessita-

513 1798 632 1846 tem
660 1795 1125 1864 patienti.0mnis
1145 1813 1331 1850 sermo
1352 1798 1536 1850 malus
1548 1814 1613 1850 ex
1623 1813 1719 1850 ore
1732 1803 1913 1851 vestro
1931 1814 2042 1852 non
2060 1797 2347 1868 procedat,
2374 1798 2497 1850 nutl
2505 1812 2566 1848 us
2588 1810 2766 1848 sermo
2786 1796 2969 1848 malus
2979 1795 3258 1863 procedat,
3277 1794 3374 1848 sed
3399 1793 3446 1848 si
3464 1793 3587 1864 quis
3612 1809 3770 1847 sermo

512 1879 697 1936 bonus
722 1889 816 1948 est,
852 1889 1030 1951 148
1062 1888 1144 1939 vel
1172 1888 1264 1949 sit,
1298 1885 1369 1938 ad
1392 1886 1814 1957 aediﬁcationem
1846 1886 1995 1947 ﬁdei,
2024 1887 2119 1941 ille
2140 1887 2418 1954 procedat.
2442 1888 2522 1938 ita
2552 1889 2615 1938 ut
2637 1882 2735 1937 det
2755 1883 3020 1953 gratiam,
3048 1889 3248 1951 gratus
3276 1886 3372 1949 sit,
3408 1880 3765 1946 audientibus,

512 1967 604 2045 29.
635 1969 712 2024 Et
742 1972 916 2026 nolite
947 1973 1281 2027 contristare
1309 1972 1399 2027 30.
1425 1973 1697 2044 Spiritum
1730 1981 1984 2031 sanctum
2018 1974 2143 2039 Dei,
2175 1979 2256 2029 vel
2278 1976 2404 2029 illos
2432 1975 2532 2042 qui
2562 1974 2778 2037 habent,
2807 1972 2867 2026 in
2897 1989 3007 2042 quo
3039 1972 3246 2043 signati
3276 1972 3416 2039 estis
3441 1972 3498 2025 in
3526 1970 3611 2026 3|.
3638 1971 3773 2024 diem

507 2058 1202 2131 redemptionis,baptismi
1224 2065 1288 2116 in
1310 2067 1528 2132 partem
1556 2064 1673 2129 Dei,
1700 2064 1760 2116 id
1779 2068 1871 2129 est,
1906 2064 2132 2116 discreti
2160 2064 2228 2116 ab
2246 2060 2797 2129 inﬁdelitate.0mnis
2817 2060 3342 2126 amaritudo,etira,
3367 2066 3426 2114 et
3454 2056 3773 2129 indignatio,

510 2152 570 2203 et
596 2148 810 2206 clamor
828 2154 892 2206 in
914 2152 1109 2219 Deum,
1133 2156 1193 2206 et
1212 2150 1565 2225 blasphemia
1580 2151 1817 2207 tollatur
1835 2136 1870 2206 a
1895 2150 2049 2206 vobis
2079 2166 2208 2205 cum
2234 2149 2388 2207 omni
2409 2148 2642 2204 malitia.
2668 2149 2860 2205 Estote
2882 2155 3074 2204 autem
3093 2148 3335 2215 invicem
3351 2148 3604 2219 benigni,
3622 2138 3779 2200 mise-

1836 2356 2427 2425 COMMENTARIUS.

500 2562 562 2621 in
592 2577 934 2634 unoquoque
975 2567 1271 2633 nostrum;
1297 2563 1606 2636 spiritualis
1636 2561 1878 2620 efﬁcitur
1905 2580 2098 2636 opera-
2117 2565 2329 2625 Aserat
2356 2563 2451 2618 lux
2479 2562 2578 2617 illa
2600 2560 2915 2617 invisibilis.
2944 2561 3054 2617 Sed
3087 2560 3255 2615 aliter
3296 2562 3509 2616 melius
3528 2559 3783 2630 intelligi-

500 2652 603 2709 δίο.
2177 2658 2292 2715 tur,
2316 2653 2449 2723 quia
2474 2657 2665 2705 noster
2686 2652 2769 2705 sol
2783 2649 3017 2721 iustitiae
3036 2655 3095 2704 et
3117 2650 3381 2704 veritatis
3404 2650 3671 2705 Christus
3687 2653 3786 2715 est,

569 2737 662 2797 20.
699 2741 901 2796 Lanra.
919 2741 1498 2798 Subministrationis.
1522 2741 1979 2798 Subministratio
1999 2742 2098 2796 ali-
2179 2742 2341 2811 cujus
2364 2740 2600 2795 veritate
2618 2732 2807 2793 anima
2837 2739 3085 2793 humana
3113 2739 3469 2795 illustratur.

500 2830 664 2905 cujus
690 2830 1001 2903 peccatoris
1031 2831 1103 2897 ad
1143 2832 1321 2887 Deum
1352 2832 1661 2902 conversio,
1688 2831 1784 2903 qui
1803 2831 1886 2891 ita
1914 2831 2098 2890 Eccle-
2250 2830 2344 2886 28.
2383 2830 2627 2884 Auensr.
2661 2831 2846 2895 (serm.
2888 2829 2951 2881 de
2973 2830 3190 2897 psalmo
3213 2842 3274 2882 x1
3300 2828 3459 2882 intra
3479 2828 3797 2899 ﬁ‘agmenta

496 2919 596 2993 sip
624 2919 921 2993 populatur
947 2925 1012 2989 ut
1038 2920 1354 2988 membrum
1372 2921 1616 2991 corpori.
2179 2918 2266 2988 24-)
2293 2920 2415 2974 Non
2436 2919 2661 2971 occidat.
2694 2917 2793 2970 Est
2834 2933 2967 2986 ergo
2999 2933 3193 2971 verum
3218 2918 3428 2971 lumen
3465 2916 3694 2987 justitia
3713 2920 3797 2968 at-

570 3006 661 3084 ξι,
700 3006 1021 3081 ,Secundum
1061 3013 1451 3080 operationem.
1496 3009 1817 3072 Secundum
1859 3009 1915 3065 id
1945 3008 2096 3080 quod
2181 3025 2289 3078 que
2310 3006 2587 3077 sapientia
2607 3005 2754 3076 quod
2775 3004 2981 3059 desinit
3002 3021 3162 3059 mens
3179 3005 3400 3063 videre.
3429 3021 3566 3060 cum
3580 3010 3799 3077 pertur-

494 3101 767 3172 pperatur
807 3113 1076 3175 magnum
1112 3098 1203 3167 [[1,
1235 3099 1435 3175 unum]
1471 3099 1813 3164 membrum.
1841 3099 1953 3171 erit
1990 3115 2096 3157 ωι-
2177 3096 2403 3151 batione
2438 3094 2741 3149 iracundia:
2768 3093 2938 3148 fuerit
2969 3101 3245 3164 tanquam
3271 3094 3483 3149 nubilo
3498 3098 3799 3165 superata;

494 3172 809 3261 εφβῃιμφ
832 3185 1085 3256 εοῐροιίδ
1278 3172 1284 3175 ’
2177 3192 2236 3240 et
2279 3191 2401 3240 tum
2443 3184 2603 3256 quasi
2652 3183 2871 3238 occidat
2911 3184 2993 3239 sol
3038 3183 3160 3254 [al.,
3190 3189 3251 3238 et
3282 3190 3433 3238 tunc
3462 3182 3674 3238 occidit
3699 3177 3804 3251 sol]

558 3272 654 3347 2‘2.
683 3275 936 3345 Asianos.
958 3276 1026 3339 In.
1043 3276 1459 3342 aediﬁcationem
1479 3278 1587 3334 sui.
1626 3276 1784 3340 Quod
1802 3276 1937 3334 dicit
1958 3276 2083 3343 (sui)
2172 3290 2342 3345 super
2361 3273 2710 3327 iracundiam
2740 3271 3001 3328 hominis.

498 3361 569 3416 de
599 3361 823 3425 Christo
860 3360 1015 3431 dicit.
1047 3368 1115 3428 ut
1140 3362 1290 3429 dicat
1320 3382 1334 3419 ε
1368 3363 1644 3429 Quoniam
1676 3365 1931 3421 Christus
1959 3364 2093 3421 facit
2241 3363 2485 3415 AMBROS.
2547 3362 2608 3422 Ut
2654 3363 2742 3414 det
2784 3363 3051 3428 gratiam,
3108 3359 3166 3417 id
3211 3367 3330 3429 est,
3380 3360 3445 3415 in
3480 3376 3599 3432 quo
3627 3356 3808 3412 lateri

495 3450 712 3524 proprii
755 3436 1011 3522 corporis,
1065 3451 1381 3515 aediﬁcium,
1436 3453 1508 3509 ob
1557 3453 1715 3516 illam
1759 3452 2092 3511 charitatem
2172 3451 2468 3503 conveniat
2499 3466 2594 3502 eos
2620 3449 2715 3519 qui
2747 3448 3006 3502 audiunt.

507 3554 677 3614 quam
722 3555 859 3610 erga
884 3556 992 3611 pos
1023 3539 1233 3608 habere
1263 3540 1504 3614 videtur.
2250 3535 2340 3594 ‘29.
2373 3540 2619 3593 Ancusr.
2658 3536 2771 3605 (lib.
2805 3554 2857 3590 ιν
2884 3538 2959 3590 De
2980 3537 3166 3592 Genes.
3189 3538 3270 3589 ad
3305 3539 3427 3595 tit..
3463 3552 3595 3606 cap.
3630 3534 3688 3603 9)
3722 3535 3820 3590 Νο-

691 3628 906 3699 ζρλιςεᾳ.
962 3631 1031 3697 In
1072 3630 1362 3689 charitate.
1396 3612 1635 3700 Exponit
1660 3630 1892 3689 modum
1929 3630 2101 3700 hujus
2185 3628 2279 3681 lite
2306 3630 2657 3681 contristare.
2704 3626 2900 3695 Neque
2935 3625 3090 3679 enim
3133 3624 3263 3695 ipsa
3314 3625 3590 3696 Spiritus
3621 3624 3822 3690 sancti,

498 3714 914 3791 aestimationis;
950 3718 1101 3788 quod
1150 3734 1263 3781 non
1310 3718 1376 3783 ﬁt
1410 3718 1522 3783 nisi
1569 3719 1690 3777 sola
1710 3719 2007 3779 charitate.
2039 3718 2101 3777 Si
2184 3732 2295 3787 qua
2326 3721 2411 3771 est
2439 3714 2714 3786 quidquid
2744 3714 2865 3785 ipse
2877 3719 2981 3801 est,
2998 3713 3327 3769 substantia
3359 3714 3709 3769 contristari
3726 3728 3825 3784 po-

500 3805 725 3881 pperari
756 3804 966 3870 renuit,
1002 3806 1317 3862 membrum
1350 3823 1463 3863 non
1492 3813 1598 3864 est.
2179 3811 2313 3867 test,
2353 3821 2480 3859 cum
2524 3804 2730 3859 habeat
2758 3810 3030 3858 aeternam
3072 3810 3246 3874 atque
3271 3803 3833 3860 incommutabilem

566 3896 658 3969 24.
689 3898 942 3969 ΑΜβΒρὸ.
972 3888 1154 3957 Αὐιῗιιι
1172 3899 1290 3964 Dei,
1321 3898 1379 3953 id
1406 3904 1495 3967 est
1509 3916 1544 3957 a
1567 3899 1981 3959 resurrectione
2000 3898 2099 3955 illa
2121 3885 2164 3942 Β
2181 3893 2608 3958 beatitudinem,
2633 3894 2924 3964 magisque
2947 3892 3159 3963 sitipsa
3181 3894 3421 3948 eterna
3432 3901 3499 3949 et
3514 3897 3834 3949 incommu-

501 4001 624 4058 quae
648 3986 772 4057 ﬁeri
812 3990 1186 4056 exspectatur.
2178 3984 2371 4038 tabilis
2400 3984 2706 4039 beatitudo.
2741 3977 2850 4038 Sed
2878 3983 3011 4054 quia
3040 3983 3102 4037 in
3121 3985 3350 4038 sanctis
3363 3986 3509 4056 [al.,
3539 3983 3653 4057 ital
3680 3981 3839 4038 habi-

570 4074 661 4133 ‘25.
706 4082 948 4135 AUGUST.
998 4073 1112 4132 tlib.
1137 4060 1234 4130 'xw
1256 4076 1329 4130 De
1367 4077 1523 4153 Trin.
1558 4091 1679 4153 cap.
1720 4073 1803 4140 16.
1835 4081 1952 4143 tom
1974 4077 2094 4151 III.)
2182 4077 2284 4138 tat,
2312 4080 2375 4126 ut
2398 4073 2748 4143 eosimpleat
2769 4072 3063 4136 charitate,
3089 4071 3224 4142 quia
3241 4070 3394 4145 [al.,
3422 4074 3572 4145 qua]
3602 4078 3836 4129 necesse

501 4166 886 4239 Renovamini.
921 4163 1082 4233 Quod
1108 4169 1300 4239 autem
1329 4164 1412 4218 ait
1442 4182 1455 4217 :
1490 4165 1702 4235 Spiritu
1730 4165 1938 4221 mentis
1968 4182 2101 4231 nos-
2182 4168 2266 4215 est
2297 4169 2360 4215 ut
2384 4161 2643 4215 homines
2675 4177 2741 4215 ex
2772 4166 3027 4232 tempore
3052 4161 3363 4232 gaudeant
3392 4163 3673 4235 profectu
3703 4160 3840 4217 ﬁde-

500 4234 622 4323 ᾔτεε,
657 4270 768 4325 non
800 4236 876 4306 ibi
902 4232 1042 4309 duas
1085 4269 1175 4315 res
1196 4232 1512 4323 intelligere
1531 4232 1736 4325 voluit,
1762 4255 1920 4329 quasi
1945 4255 2100 4329 aliud
2180 4250 2322 4304 lium
2379 4255 2437 4309 et
2488 4248 2649 4303 bonis
2694 4250 2976 4320 operibus,
3010 4255 3067 4304 et
3093 4249 3221 4304 ideo
3254 4232 3525 4308 necesse
3549 4258 3646 4309 est
3667 4251 3841 4306 etiam

499 4318 578 4412 sit
605 4318 787 4405 mens,
826 4340 979 4395 aliud
1011 4341 1246 4413 spiritus
1276 4318 1502 4405 mentis.
1550 4318 1575 4325 id
1724 4318 1732 4322 ⁷
1776 4318 1800 4329 ’
1906 4318 1910 4327 ’
2028 4318 2047 4329 id
2182 4338 2587 4401 contristentur
2630 4318 2879 4409 lapsibus
2931 4338 3013 4393 vel
3043 4339 3299 4409 peccatis
3332 4357 3563 4397 eorum
3593 4342 3677 4396 de
3702 4354 3846 4412 quo—

573 4425 663 4507 26.
694 4429 951 4501 Aususr.
980 4428 1104 4496 (lib.
1138 4443 1204 4508 ut
1247 4431 1320 4484 De
1359 4430 1541 4505 Genes.
1575 4430 1651 4484 ad
1698 4430 1783 4482 lit.
1835 4446 1958 4509 cap.
2008 4429 2102 4495 20,
2184 4445 2312 4489 rum
2333 4429 2442 4483 ﬁde
2471 4436 2531 4483 et
2555 4428 2766 4500 pietate
2794 4427 3135 4499 gaudebant.

500 4520 641 4570 tom.
674 4516 804 4586 ΙΙΙ.)
830 4518 936 4583 Qui
962 4518 1269 4570 secundum
1299 4518 1493 4571 Deum.
1523 4517 1677 4571 Sicut
1696 4517 1845 4571 enim
1867 4525 1993 4590 post
2019 4522 2104 4575 la-
2256 4516 2343 4574 30.
2375 4520 2578 4586 (Ibid)
2617 4517 2897 4585 Spiritum
2939 4523 3197 4571 sanctum
3251 4518 3388 4573 Dei.
3426 4520 3576 4592 Ipse
3607 4519 3852 4593 spiritus

500 4619 664 4675 psum
697 4603 929 4674 peccati,
975 4603 1143 4657 homo
1178 4605 1235 4681 in
1272 4605 1617 4675 agnitionem
1661 4604 1763 4659 Dei
1802 4615 2105 4663 renovatur
2184 4605 2391 4660 dicitur
2420 4605 2772 4659 constristari
2800 4605 2870 4660 ab
2903 4605 2983 4659 eis
3024 4606 3122 4677 qui
3164 4605 3245 4665 sic
3296 4616 3512 4680 agunt
3542 4617 3617 4665 ut
3650 4625 3857 4666 eorum

500 4688 808 4748 secundum
867 4692 1169 4769 imaginem
1210 4694 1332 4762 ejus
1381 4693 1476 4765 qui
1516 4693 1725 4747 creavit
1749 4711 1899 4760 eum,
1935 4696 2014 4750 ita
2045 4697 2103 4752 in
2184 4695 2344 4749 factis
2367 4695 2771 4749 contristentur
2798 4694 2995 4760 sancti,
3028 4711 3141 4748 nun
3180 4695 3255 4750 ob
3315 4698 3499 4753 aliud
3550 4699 3674 4753 nisi
3722 4698 3860 4770 quia

496 4782 622 4854 ipsa
650 4780 938 4853 agnitione
976 4788 1199 4835 creatus
1219 4787 1307 4836 est
1332 4791 1634 4855 antequam
1660 4782 1864 4838 delicto
1893 4791 2104 4841 vetera-
2187 4784 2457 4855 Spiritum
2486 4790 2742 4839 sanctum
2773 4784 3016 4851 habent;
3048 4800 3159 4855 quo
3184 4784 3352 4840 dono
3376 4793 3521 4843 tam
3549 4789 3702 4844 boni
3726 4778 3868 4844 sunt

500 4876 720 4931 sceret;
773 4870 923 4926 unde
965 4886 1161 4924 rursus
1207 4870 1266 4924 in
1307 4873 1564 4949 eamdem
1594 4872 1942 4941 agnitionem
1974 4875 2098 4953 [al.,
2186 4881 2247 4927 ut
2277 4890 2372 4927 eos
2402 4873 2534 4927 mali
2564 4874 2959 4928 molestiﬁcent
2988 4874 3069 4944 [at
3097 4913 3111 4939 ,
3145 4876 3616 4953 mmstiﬁcent].

496 4958 561 5014 in
589 4958 786 5014 eadem
815 4957 1157 5045 cognitione]
1185 4965 1569 5035 renovaretur.
1974 4952 1977 4957 ’
2256 4960 2346 5017 31.
2394 4963 2605 5017 Ιλλιςιθκ.
2641 4964 2792 5016 uiem
2817 4965 3229 5031 redemptionis.
3263 4963 3463 5021 Diem
3489 4967 3873 5042 redemptio-

571 5048 662 5105 27.
682 5050 913 5104 Aunus'r
968 5049 1199 5114 (Enarr.
1223 5052 1286 5103 in
1307 5053 1449 5119 psat.
1476 5064 1603 5119 xxv,
1636 5056 1776 5106 tom.
1808 5052 1983 5129 VIII.)
2004 5052 2096 5109 Sol
2180 5050 2269 5105 nis
2290 5051 2440 5113 diem
2467 5056 2631 5105 vocat
2656 5050 3028 5123 baptismatis,
3051 5051 3108 5104 in
3139 5066 3250 5121 quo
3292 5052 3597 5125 Spiritus
3621 5065 3872 5113 sanctus

496 5155 613 5195 non
632 5140 862 5194 occidat.
894 5136 1238 5209 lntelligitur
1255 5138 1389 5208 quid
1415 5145 1520 5202 est,
1550 5146 1606 5194 et
1621 5141 1929 5195 secundum
1954 5147 2094 5195 tem-
2126 5209 2161 5220 ﬂ
2180 5141 2291 5195 ﬁde
2332 5146 2391 5194 et
2423 5141 2808 5205 sacramentis,
2856 5147 2917 5195 et
2953 5139 3153 5212 gratiis
3176 5139 3639 5210 spiritualibus
3672 5148 3885 5220 signat

496 5227 816 5301 pus.Quasi
835 5242 907 5284 ex
937 5226 1058 5298 ipsa
1086 5226 1405 5281 conditione
1432 5234 1488 5307 et
1517 5229 1849 5284 inﬁrmitate
1881 5238 2094 5284 morta-
2119 5209 2163 5269 Ο
2186 5227 2401 5291 ﬁdeles,
2434 5229 2490 5282 id
2518 5235 2607 5290 est
2624 5228 2696 5282 ab
2724 5209 3377 5285 inﬁdelitatesecernit.

495 5317 693 5383 litatis,
726 5331 895 5388 quam
914 5320 1224 5386 portamus,
1247 5315 1501 5387 subrepit
1528 5317 1614 5371 ira
1639 5318 1960 5372 Christiano
1985 5333 2098 5372 non
2250 5320 2492 5375 AUGUST.
2544 5323 2631 5384 (ar
2679 5320 2774 5372 lib.
2823 5319 3032 5373 Contra
3077 5318 3295 5384 mrnd.,
3343 5338 3407 5376 ο.
3459 5322 3573 5393 19,
3607 5329 3751 5382 tom
3780 5324 3884 5396 Π)

497 5405 665 5460 debet
693 5406 792 5461 diu
835 5403 1019 5458 teneri
1068 5410 1127 5458 et
1170 5403 1293 5457 ﬁeri
1320 5404 1619 5475 pridiana;
1670 5406 1811 5477 ejice
1849 5406 2003 5460 illam
2029 5407 2100 5462 de
2182 5408 2549 5476 Btasphemia.
2580 5407 2942 5479 Blasphemia
2966 5412 3057 5463 est
3083 5418 3187 5480 per
3212 5421 3429 5478 quam
3456 5412 3552 5470 de
3581 5416 3733 5487 ipso
3762 5417 3891 5474 Deo

492 5494 999 5567 5331'“me
1028 5492 1793 5565 occidathtxistaxisibilis,
1823 5510 1899 5551 ne
1927 5496 2105 5553 tede-
2185 5496 2628 5551 talsadicuntur.
2716 5494 2721 5499 ’
