3936 6178
259 146 328 223 301
837 139 915 193 IN
952 138 1019 192 D.
1059 137 1275 193 PAULI
1313 137 1537 193 EPIST.
1578 113 1951 194 COMMENT.
1993 167 2059 181 -
2099 137 2324 193 EPIST.
2362 139 2460 194 AD
2499 137 2754 195 EPHES.
3326 141 3435 200 302

257 266 436 322 ricordes
457 262 898 316 communicando
928 265 1153 326 vestrm,
1184 261 1459 315 donantes
1505 259 1760 327 invicem,
1793 260 2150 315 condonanda
2181 265 2491 317 commissa.
2520 263 2610 320 3'2.
2642 263 2789 318 sicut
2824 269 2881 318 et
2923 265 3072 320 Deus
3099 266 3160 322 in
3188 267 3432 343 Christo,

256 361 297 410 in
317 357 396 422 [Ide
415 350 617 406 donavit
641 349 823 404 nobis.
2152 350 2155 353 λ

1634 466 1868 521 CAPUT
1893 466 1962 520 V.

300 607 447 661 Estote
469 619 607 673 ergo,
634 608 842 666 autem,
872 601 1189 659 imitatores
1220 601 1342 665 Dei,
1375 601 1521 662 sicut
1553 602 1652 658 ﬁlii
1682 600 2017 667 charissimi,
2052 607 2110 661 et
2137 602 2427 667 ambulate
2465 603 2523 656 in
2559 602 2876 671 dilectione,
2908 605 3055 669 sicut
3082 612 3140 663 et
3182 606 3440 675 Christus

253 694 393 750 dilexit
414 710 514 751 nos.
545 696 603 746 et
629 691 866 747 tradidit
884 691 1249 762 semetipsum
1272 708 1371 762 pro
1399 690 1557 745 nobis
1577 691 1936 756 oblationem,
1970 696 2028 745 et
2054 693 2292 746 hostiam
2320 693 2432 746 Deo
2460 692 2517 745 in
2540 693 2769 747 odorem
2789 695 3102 755 suavitatis.
3122 701 3185 748 ut
3212 713 3337 750 eum
3356 699 3443 753 de-

251 787 414 840 let-lctis.
426 780 723 836 Fornicatio
740 786 929 836 autem
948 786 1006 837 et.
1017 781 1201 834 omnis
1218 780 1599 842 immunditia,
1618 787 1718 834 aut
1731 780 1967 834 avaritia
1987 797 2088 840 nec
2107 781 2499 843 nomineturin
2513 780 2684 846 vobis,
2702 784 2902 836 nedum
2914 789 3279 855 perpetretur,
3297 785 3443 853 sicut

251 874 366 927 decet
377 876 589 929 sanctos.
615 874 715 924 aut
734 869 1028 939 turpitudo
1052 872 1363 933 verborum,
1386 876 1485 925 aut
1514 869 1927 939 stultiloquium
1955 873 2019 925 in
2047 873 2236 937 Deum,
2267 878 2369 924 aut
2394 870 2722 934 scurrilitas,
2744 875 3085 940 joculatoria
3110 877 3294 942 verba,
3319 891 3442 945 quae

247 962 295 1015 ad
316 976 426 1021 rem,
448 961 755 1020 utilitatem,
780 975 893 1013 non
916 958 1180 1029 pertinet,
1206 958 1299 1017 sed
1328 958 1506 1027 magis
1525 959 1838 1028 gratiarum
1861 959 2027 1024 actio,
2052 964 2122 1017 sit
2144 964 2207 1015 in
2234 962 2408 1019 ratiis.
2438 962 2628 1023 Reddit
2657 976 2880 1027 causam
2910 979 3013 1027 cur
3043 980 3155 1031 non
3178 966 3294 1021 sint
3319 981 3444 1033 per—
3474 1019 3483 1029 ,

249 1050 467 1120 patranda.
481 1045 597 1102 Hoc
610 1046 760 1102 enim
781 1047 980 1103 scitote
998 1047 1402 1116 intelligentes.
1421 1048 1570 1117 quod
1592 1048 1775 1103 omnis
1795 1047 2120 1115 fornicator,
2137 1056 2236 1110 aut
2255 1049 2600 1113 immundus,
2616 1057 2717 1111 aut
2734 1066 2957 1117 avarus,
2983 1051 3025 1106 l.
3046 1052 3192 1123 quod
3214 1058 3298 1119 est
3317 1053 3443 1121 ido-

246 1140 379 1193 lorum
402 1136 642 1201 servitus,
666 1152 778 1191 non
802 1137 972 1192 habet
990 1137 1378 1194 haereditatem
1403 1136 1459 1190 in
1489 1152 1660 1206 regno
1679 1137 1908 1203 Christi,
1926 1144 1984 1192 et
2008 1138 2123 1192 Dei.
2154 1138 2205 1192 2.
2231 1139 2411 1193 Nemo
2439 1156 2536 1201 vos
2563 1139 2801 1203 seducet
2818 1126 3154 1207 persuadens
3178 1143 3324 1201 vobis
3343 1159 3449 1211 per

248 1228 329 1289 hoc,
353 1242 520 1290 regum
541 1226 641 1281 Dei
672 1242 784 1280 non
812 1228 1022 1289 amitti,
1055 1225 1318 1281 inanibus
1342 1224 1565 1291 verbis;
1618 1230 1848 1296 prOpter
1874 1227 1991 1283 haec
2030 1225 2201 1292 enim,
2231 1242 2363 1279 nam
2394 1241 2515 1285 vere
2542 1232 2768 1295 propter
2802 1230 3143 1295 supradicta,
3176 1231 3326 1295 venit
3357 1232 3448 1297 ira

246 1314 317 1369 Dei
339 1314 383 1370 in
398 1313 524 1369 ﬁlios
550 1313 878 1369 difﬁdentiae
898 1314 1209 1380 difﬁdentes
1229 1315 1293 1367 de
1315 1314 1440 1371 ﬂeo.
1463 1316 1604 1380 Quia
1621 1320 1844 1382 propter
1863 1316 1960 1368 hoc
1978 1316 2125 1373 venit
2142 1317 2232 1371 ira
2259 1312 2565 1369 I)ci.Nolite
2587 1302 2720 1385 ergo
2742 1315 2884 1375 effici
2909 1317 3204 1388 participes
3228 1335 3443 1386 eorum.

246 1403 382 1456 Emis
396 1402 526 1457 enim
544 1402 851 1475 aliquando
872 1404 1294 1465 tenebrae.nunc
1316 1407 1507 1456 autem
1536 1409 1567 1466 |
1585 1403 1819 1466 49lux
1841 1402 1899 1457 in
1922 1402 2160 1462 Domino
2187 1402 2339 1470 Ergo
2356 1406 2493 1470 quia
2511 1407 2613 1459 tuac
2626 1408 2769 1467 estis,
2790 1413 2851 1463 ut
2871 1407 2971 1460 ﬁlii
2988 1407 3127 1475 lucis
3140 1408 3446 1477 ambulate;

245 1508 325 1545 ττι-ε
338 1492 568 1559 quomodo
598 1492 790 1544 debent
824 1492 1132 1554 ambulare,
1183 1493 1387 1544 scilicet
1416 1494 1481 1543 in
1510 1494 1665 1545 omni
1697 1494 1953 1552 bonitate,
1990 1493 2050 1547 id
2078 1496 2173 1555 est,
2205 1508 2344 1545 vere.
2379 1490 2431 1555 3.
2473 1492 2712 1555 Ὲνμόιυε
2741 1495 2908 1560 enim,
2950 1503 3156 1563 autem,
3197 1497 3338 1564 lucis
3367 1502 3456 1567 951:

244 1580 431 1634 inomni
452 1578 717 1646 bonitate,
748 1585 807 1633 et
837 1580 1078 1649 justitia,
1120 1583 1177 1632 et
1218 1579 1472 1645 veritate,
1508 1580 1828 1649 probantes,
1861 1583 2212 1649 experientes,
2255 1579 2390 1649 quid
2428 1580 2502 1633 sit
2540 1580 2947 1651 beneplacitum
2992 1586 3144 1652 Deo;
3188 1592 3245 1640 et
3280 1587 3455 1641 nolite

244 1667 586 1729 communicare
612 1668 873 1741 Operibus
897 1667 1254 1722 infructuosis
1286 1667 1667 1730 tenebrarum.
1702 1671 2134 1747 tenebrosorum,
2178 1669 2357 1738 magis
2385 1675 2575 1749 autem
2605 1671 2928 1743 redarguite
2962 1677 3063 1727 illa
3093 1691 3273 1751 opera.
3316 1676 3454 1743 Quae

247 1756 357 1811 enim
381 1756 427 1815 in
456 1757 667 1814 occulto
696 1757 841 1811 fiunt
868 1757 938 1823 ab
966 1756 1120 1827 ipsis,
1156 1762 1320 1829 turpe
1352 1762 1437 1809 est
1466 1762 1523 1810 et
1551 1757 1756 1811 dicere.
1793 1761 2140 1825 Redarguitc,
2171 1756 2225 1822 4,
2256 1756 2307 1812 5.
2342 1758 2548 1812 Omnia
2576 1767 2785 1823 autem,
2812 1763 2980 1826 enim,
3014 1765 3217 1835 scilicet
3239 1769 3458 1835 peccata

241 1847 696 1912 prsdestinatorum
732 1848 807 1907 ad
834 1849 1026 1907 vitam,
1061 1863 1183 1916 quae
1214 1852 1550 1915 arguuntur,
1583 1864 1618 1900 a
1648 1839 1880 1908 lumine,
1912 1863 1944 1899 a
1977 1848 2271 1914 spirituali
2299 1847 2537 1910 homine,
2578 1848 3010 1903 manifestantur
3035 1850 3383 1917 confessione.
3403 1848 3456 1906 6.

244 1933 379 1987 Omne
403 1935 539 1987 enim
572 1935 724 2004 quod
772 1936 1184 1999 manifestatur,
1234 1937 1586 2001 confessione,
1636 1937 1826 1988 lumen
1859 1942 1962 1998 est,
1996 1936 2056 1987 id
2103 1938 2197 1995 est,
2235 1936 2424 1987 lumen
2468 1936 2606 2001 facit
2654 1940 2753 2005 qui
2783 1939 3120 2004 manifestat.
3154 1940 3353 1992 Probat
3392 1928 3460 1993 al)

244 2026 550 2091 auctoritate;
592 2028 824 2093 propter
861 2024 1006 2094 quod
1047 2024 1181 2077 dicit
1213 2042 1223 2075 :
1258 2024 1308 2087 7,
1343 2022 1394 2078 8.
1428 2024 1606 2094 Surge
1646 2024 1740 2094 qui
1778 2023 1988 2077 dormis
2026 2027 2090 2075 in
2129 2025 2299 2089 vitiis,
2355 2028 2411 2077 et
2467 2040 2674 2093 exurge
2714 2027 3016 2091 conﬁtendo
3051 2031 3267 2094 peccata
3299 2034 3395 2081 tua
3425 2044 3461 2081 a

241 2110 447 2171 mortuis.
468 2115 720 2179 peccatis,
749 2118 809 2166 et
844 2111 1187 2177 iliuminabit
1214 2118 1269 2166 te
1301 2112 1577 2168 Christus.
1612 2114 1740 2171 Ecce
1769 2116 1913 2181 quod
1942 2117 2133 2173 lumen
2162 2118 2255 2180 est.
2288 2112 2487 2168 Videte
2516 2113 2726 2186 itaque,
2758 2115 2980 2183 fratres.
3014 2118 3147 2187 quia
3183 2119 3296 2190 ﬁlii
3324 2120 3464 2191 lucis

243 2202 348 2261 estis,
392 2200 663 2269 quomodo
702 2209 867 2256 caute
905 2201 1204 2267 ambuletis
1247 2218 1359 2269 non
1390 2200 1550 2271 quasi
1598 2200 1946 2272 insipientes,
1982 2201 2079 2255 sed
2125 2201 2406 2273 sapientes
2435 2203 2488 2267 9.
2528 2203 2871 2275 redimentes
2914 2208 3156 2279 tempus,
3199 2206 3469 2276 quoniam

241 2286 333 2339 dies
358 2288 475 2341 mali
502 2295 657 2353 sunt,
687 2291 803 2343 dies
832 2290 999 2357 hujus
1026 2292 1235 2353 szculi,
1266 2293 1329 2343 in
1360 2291 1560 2357 quibus
1589 2296 1772 2360 malus
1801 2292 1991 2355 sarcire
2018 2294 2388 2360 permittitur.
2420 2291 2728 2362 Propterea
2755 2292 2947 2357 nolite.
2981 2297 3115 2365 quia
3153 2298 3312 2369 mali,
3346 2296 3471 2373 fieri

241 2375 596 2449 imprudentes,
628 2378 724 2435 sed
758 2378 1138 2451 intelligentes
1158 2395 1282 2448 quae
1308 2378 1382 2433 sit
1412 2378 1669 2441 voluntas
1700 2378 1820 2432 Dei.
1856 2378 1922 2431 Et
1948 2379 2120 2431 nolite
2148 2378 2415 2433 inebriari
2449 2380 2595 2445 vino,
2621 2382 2678 2434 in
2707 2398 2816 2451 quo
2846 2388 2931 2435 est
2953 2383 3212 2457 luxuria;
3242 2385 3341 2441 sed
3369 2386 3472 2461 im-

238 2464 425 2535 plemini
466 2468 680 2539 Spiritu
709 2475 923 2537 sancto.
965 2469 1258 2538 loquentes
1290 2467 1700 2535 vobismetipsis
1747 2467 1802 2519 in
1835 2467 2082 2537 psalmis.
2120 2469 2313 2531 David,
2347 2474 2403 2533 et
2432 2468 2678 2541 hymnis,
2704 2474 2767 2543 ut
2795 2471 3110 2545 Prudentii,
3142 2477 3201 2543 et
3238 2473 3473 2549 canticis

238 2552 602 2623 spiritualibus,
618 2560 827 2627 celeris
847 2558 1213 2627 orationibus,
1233 2554 1537 2625 cantantes
1550 2561 1607 2610 et
1630 2555 1934 2629 psallentes
1954 2554 2009 2609 in
2038 2555 2301 2627 cordibus
2322 2556 2539 2629 vestris.
2561 2573 2671 2631 non
2689 2573 2779 2611 ore
2801 2563 2955 2613 tenus
2971 2564 3190 2633 tantum
3212 2559 3470 2637 Domino,

236 2641 411 2709 gratias
437 2651 666 2713 agentes
686 2661 910 2716 semper
928 2662 1029 2717 pro
1050 2645 1332 2714 omnibus,
1355 2648 1435 2699 vel
1456 2661 1556 2717 pro
1579 2647 1876 2713 prosperis,
1898 2648 1982 2718 uel
2014 2647 2287 2717 adversis,
2308 2645 2368 2709 in
2392 2645 2622 2719 nomine
2643 2645 2867 2705 Domini
2886 2646 3063 2707 nostri
3085 2648 3218 2725 Jesu
3244 2648 3480 2725 Christi,

237 2728 326 2791 Deo
350 2737 402 2784 et
434 2731 607 2789 Patri.
655 2732 909 2803 Subjecti
938 2740 1097 2788 estote
1128 2732 1381 2794 invicem,
1416 2732 1472 2786 in
1504 2732 1709 2787 timore
1731 2731 1960 2785 Christi.
2001 2734 2129 2786 Ecce
2166 2736 2438 2807 quomodo
2466 2735 2668 2807 subjici
2712 2740 2891 2805 rogat.
2930 2733 3016 2801 10.
3057 2736 3321 2811 Mulieres
3352 2732 3482 2817 viris

238 2815 329 2871 suis
345 2816 565 2895 subdita;
596 2819 729 2893 sint,
755 2838 870 2889 non
894 2824 960 2875 in
988 2822 1288 2893 hypocrisi,
1318 2821 1464 2875 sicut
1486 2819 1745 2885 Domino,
1767 2820 1850 2872 vel
1878 2822 2002 2879 Deo.
2034 2822 2165 2895 Ecce
2191 2838 2295 2891 ραν
2323 2841 2339 2877 :
2368 2822 2397 2876 1
2416 2821 2455 2881 ι.
2488 2821 2757 2893 quoniam
2787 2822 2892 2890 vir,
2918 2828 3087 2902 caput
3115 2828 3205 2893 est
3226 2815 3480 2903 mulieris

1535 2987 2129 3055 COMMENTARIUS.

288 3116 364 3175 3‘2.
388 3121 628 3178 Asianos.
661 3122 819 3177 Sicut
846 3129 895 3178 et
924 3126 1083 3179 Deus.
1125 3126 1401 3191 Quoniam
1439 3141 1610 3196 grave
1638 3124 1791 3177 vide—
1809 3120 1966 3182 Anis
1994 3120 2145 3176 enim
2175 3139 2345 3194 super
2373 3124 2641 3179 delictum
2663 3140 2828 3179 suum
2859 3124 2907 3179 si
2936 3125 3349 3196 manifestatur,
3377 3146 3481 3201 pa-

236 3202 373 3260 batur
396 3216 458 3262 ut
484 3210 610 3280 quis
648 3211 907 3267 remittat
933 3214 1156 3269 nocenti
1182 3230 1260 3281 se,
1294 3214 1502 3285 adjecit
1531 3233 1543 3267 :
1577 3216 1720 3267 sicut
1749 3217 1797 3266 et
1880 3211 2022 3264 titur
2045 3212 2450 3267 confusionem.
3420 3212 3425 3217 ’

233 3296 509 3351 Deusdedit
538 3303 603 3354 in
630 3300 848 3355 Christo
874 3305 1040 3357 υοιηέ,
1951 3299 2002 3354 6.
2038 3302 2206 3356 Omne
2233 3307 2421 3356 autem
2445 3304 2590 3371 quod
2615 3305 3032 3371 manifestatur.
3078 3305 3244 3361 Aliud
3290 3312 3484 3362 autem

289 3381 425 3439 CAP.
456 3387 521 3442 V.
549 3418 612 3428 —
647 3387 698 3444 1.
739 3391 987 3445 AMBROS.
1036 3392 1186 3459 Quod
1212 3398 1288 3447 est
1326 3395 1622 3448 idolorum.
1652 3391 1797 3445 Ava-
1879 3388 2075 3442 retulit
2121 3390 2271 3459 quod
2317 3390 2453 3444 dicit
2500 3404 2512 3438 :
2560 3392 2743 3444 Nolite
2786 3386 3198 3448 communicare
3233 3399 3485 3464 operibus

233 3471 347 3527 ritis;
369 3478 582 3545 pondus
605 3478 663 3531 in
687 3478 857 3533 simili
883 3483 1231 3543 monstravit,
1255 3483 1533 3537 idolorum
1557 3480 1798 3535 servitu-
1886 3479 2266 3541 tenebrarum;
2305 3478 2408 3533 hoc
2436 3485 2540 3544 est,
2574 3480 2750 3533 nolite
2781 3480 3009 3535 illorum
3050 3476 3223 3553 opera
3250 3484 3484 3553 imitari,

234 3568 323 3614 tem
348 3563 493 3618 illam
514 3583 746 3635 vocans,
776 3584 843 3622 eo
862 3571 1010 3640 quod
1031 3571 1293 3625 similiter
1310 3589 1343 3626 a
1365 3573 1479 3626 Deo
1498 3575 1799 3625 averteret.
1884 3567 1981 3619 sed
2002 3567 2141 3620 talia
2161 3567 2310 3637 agite
2332 3585 2472 3639 quae,
2498 3569 2547 3622 si
2571 3569 2781 3622 fuerint
2802 3570 3163 3639 manifestati,
3178 3573 3372 3628 tristes
3391 3588 3487 3629 vos

288 3649 330 3704 Ξ.
361 3652 557 3708 Lmen.
592 3658 771 3710 Nemo
799 3674 888 3711 vos
920 3661 1156 3714 seducat.
1193 3660 1545 3715 Seducebant
1573 3660 1802 3730 quidam
1884 3655 2115 3710 minime
2145 3656 2369 3710 faciant.
2402 3656 2654 3711 Luminis
2682 3657 2836 3711 enim
2870 3665 3003 3713 sunt
3031 3660 3126 3713 illa
3162 3676 3335 3732 opera
3366 3679 3490 3733 qua;

234 3739 481 3797 auditores
515 3762 672 3807 suos,
708 3747 1111 3816 persuadentes
1141 3750 1219 3804 eis
1247 3751 1415 3821 quod,
1451 3756 1680 3821 propter
1708 3765 1804 3802 su-
1886 3742 1945 3795 in
1973 3743 2269 3797 manifesto
2291 3744 2464 3811 ﬁunt;
2496 3740 2858 3799 tenebrarum
2878 3761 3008 3799 vero
3037 3746 3136 3800 illa
3158 3762 3332 3818 opera
3355 3755 3491 3804 sunt

231 3828 421 3895 periura
436 3843 687 3902 peccata,
706 3851 814 3889 non
832 3837 1120 3892 amitteret
1142 3839 1306 3892 homo
1328 3840 1495 3893 vitam
1514 3845 1803 3892 aeternam.
1841 3856 1861 3878 ο
1891 3848 2013 3901 quae
2044 3833 2412 3886 occultantur.

287 3914 330 3969 3.
358 3921 587 3976 Fructus
611 3926 768 3977 enim
800 3927 958 3981 lucis.
992 3926 1303 3981 llluminati
1331 3928 1531 3998 inquit,
1566 3927 1808 3981 hominis
1963 3919 2310 3990 7.Surgequi
2323 3920 2964 3977 dorinis.Testimonium
2980 3923 3307 3979 hocnullam
3323 3926 3494 3981 habet

232 4002 414 4063 fructus
435 4016 521 4065 est
543 4012 737 4066 omnis
756 4011 976 4071 bonitas
999 4022 1053 4070 et
1077 4017 1319 4086 justitia,
1348 4024 1406 4071 et
1431 4018 1654 4081 veritas,
1677 4033 1813 4087 prae-
1893 4010 2241 4080 sequentium
2260 4029 2272 4077 ;
2293 4009 2742 4064 delumineenim
2760 4010 3012 4081 disputas
3028 4013 3226 4069 retulit
3238 4014 3418 4068 bocad
3435 4031 3493 4069 o-

232 4094 376 4150 lnisso
388 4114 598 4168 genere
617 4101 726 4155 sibi
746 4103 838 4172 (ᾖ,
854 4102 957 4176 ibi]
973 4105 1163 4174 jnnxit
1177 4106 1409 4176 species,
1434 4111 1492 4160 et
1506 4105 1808 4175 justitiam;
1894 4116 2029 4170 pera
2040 4098 2665 4163 tenebrarumﬂuidam
2681 4106 2871 4152 autem
2882 4099 3144 4154 dixerunt
3158 4102 3305 4171 quod
3320 4102 3376 4156 in
3393 4103 3491 4157 illo

233 4184 429 4251 quidam
456 4189 521 4243 in
547 4190 819 4261 operibus
849 4193 1144 4248 veritatem
1168 4194 1408 4266 intelligi
1440 4195 1558 4248 vult
1581 4194 1640 4247 in
1666 4193 1814 4264 cogi-
1893 4188 3495 4260 temporeinteraliasgratias.gratiapsalmosfaciendida-

232 4273 508 4331 uisionibus
534 4285 598 4333 et
626 4281 984 4340 sermonibus
997 4327 1010 4339 ,
1554 4274 1557 4277 ’
1895 4286 2069 4345 retur;
2096 4277 2244 4331 unde
2257 4277 2360 4331 hoc
2377 4276 2700 4330 testimonio
2715 4277 3016 4346 Apostolus
3029 4277 3239 4332 abusus
3253 4279 3491 4334 videtur.

288 4364 333 4414 ὀ.
363 4364 564 4429 Omnia
590 4373 784 4422 autem
809 4386 927 4438 quae
946 4377 1216 4438 aguntur.
1245 4373 1486 4427 Causam
1510 4372 1693 4427 reddit
1715 4388 1861 4438 cur_
1965 4368 2000 4423 ὃ
2050 4370 2295 4422 AUGUST.
2332 4366 2561 4433 (Enarr.
2594 4368 2657 4419 in
2684 4370 2802 4433 psal
2857 4370 2991 4432 exn)
3021 4367 3262 4422 Somnus
3290 4368 3496 4424 animm

227 4448 405 4506 dixerit
422 4459 606 4524 magis
625 4436 1170 4528 autem—redarguite.
1188 4462 1394 4517 Omnia
1414 4462 1565 4517 enim
1588 4469 1814 4533 peccata
1830 4436 1876 4495 Β
1896 4461 1982 4511 est
2010 4455 2255 4513 oblivisci
2284 4456 2461 4509 Deum
2491 4470 2655 4508 suum
2682 4472 2694 4520 ;
2728 4470 3074 4525 quacunque
3103 4456 3294 4519 anima
3320 4456 3499 4513 oblita

228 4535 494 4596 hominum
520 4545 1057 4615 predestinatorum
1078 4548 1151 4602 ad
1175 4542 1345 4604 vitam
1370 4559 1657 4613 mternam,
1692 4566 1815 4620 quae
1897 4545 2069 4601 fuerit
2101 4546 2275 4599 Deum
2301 4559 2465 4601 suum
2486 4542 2749 4597 dormivit
2783 4541 2912 4615 [al.,
2943 4543 3196 4614 dormit].

224 4638 449 4697 aguntur
474 4648 514 4686 a
543 4633 787 4697 lumine,
815 4635 870 4695 id
893 4641 997 4695 est.
1022 4654 1056 4691 a
1079 4638 1235 4707 justo
1260 4639 1540 4709 spirituali
1566 4639 1814 4703 homine,
1967 4633 2021 4688 9.
2047 4636 2292 4695 Auovﬂ'.
2326 4633 2505 4702 (Serm
2557 4631 2626 4686 16
2658 4633 2729 4686 De
2763 4632 2965 4686 deum.
3003 4636 3068 4687 in
3098 4636 3410 4702 appendzce,
3451 4642 3496 4693 ι.

224 4720 557 4777 confessione
604 4724 1063 4793 manifestantur,
1110 4743 1274 4781 omne
1321 4734 1512 4786 autem
1563 4728 1711 4799 quod
1760 4727 1819 4781 in
1900 4725 2346 4793 X.)lledimentes
2377 4728 2604 4790 tempus.
2644 4719 2939 4776 Redimere
2967 4726 3213 4792 tempus,
3248 4722 3356 4778 hoc
3392 4730 3497 4788 est.

223 4810 558 4867 confeasione
613 4814 1027 4878 manifestatur,
1068 4815 1261 4870 lumen
1305 4822 1410 4877 est.
1441 4816 1495 4871 id
1541 4822 1646 4879 est,
1687 4815 1821 4870 facit
1902 4813 2125 4885 quando
2156 4811 2361 4882 aliquis
2401 4810 2504 4864 tibi
2535 4810 2704 4864 infert
2739 4809 2898 4863 litem
2930 4828 2943 4877 ;
2987 4810 3158 4881 perde
3194 4811 3408 4883 aliquid
3437 4819 3502 4879 ut

225 4911 334 4951 eum
362 4900 586 4969 lumen,
626 4902 723 4972 qui
754 4904 1150 4958 manifestatur
1202 4905 1271 4960 Et
1297 4912 1447 4960 recte
1478 4906 1703 4976 quidem
1740 4905 1821 4959 di-
1901 4904 2018 4957 Deo
2066 4917 2245 4959 vaces.
2288 4915 2402 4956 non
2448 4898 2678 4965 litibus;
2718 4897 2890 4968 perde
2935 4913 3091 4968 ergo,
3130 4916 3200 4957 ex
3245 4915 3312 4955 eo
3350 4901 3501 4972 quod

222 4990 355 5042 ctum
386 4996 495 5056 est,
538 4991 697 5055 sicut
721 4992 872 5046 enim
904 4993 1146 5063 patratio
1176 4995 1401 5049 sceleris
1428 4995 1712 5061 tenebras,
1745 4994 1825 5048 sic
1904 4991 2113 5063 perdis,
2140 4989 2385 5061 pretium
2412 4994 2499 5042 est
2525 4986 2812 5057 temporis.

225 5075 329 5142 eius
352 5079 647 5134 confessio
675 5080 862 5135 lumen
887 5082 1039 5136 facit.
1977 5079 2065 5136 10.
2099 5082 2341 5133 ΛλιΒκοε.
2375 5079 2632 5133 Mulieres
2661 5078 2817 5129 viris.
2860 5076 2997 5130 Tres
3026 5076 3254 5130 etractus
3282 5092 3501 5131 memo—

280 5163 330 5221 ὃ.
350 5170 591 5223 Alanos
638 5169 841 5224 Omnia
858 5174 1047 5225 autem
1066 5186 1187 5242 qua
1204 5179 1475 5240 aguntur.
1496 5171 1719 5227 Dictum
1741 5177 1829 5229 cst
1907 5175 2065 5225 ratus
2094 5174 2198 5234 est,
2220 5168 2368 5221 inter
2391 5183 2541 5238 quos
2558 5166 2699 5219 duos
2724 5165 3011 5219 naturales
3032 5165 3337 5236 praeposuit
3363 5165 3505 5235 etin

224 5252 314 5307 hoc
335 5256 403 5309 ab
442 5258 729 5328 Apostolo
756 5276 867 5313 non
900 5259 1138 5331 integre.
1166 5261 1305 5315 Nam
1337 5262 1528 5315 dicens
1551 5262 1685 5332 quia
1714 5276 1828 5315 ma-
1907 5275 2022 5315 uno
2051 5273 2273 5328 quoque
2298 5256 2367 5311 ab
2398 5254 2756 5309 inferioribus
2780 5253 3079 5335 inchoavit.

223 5341 573 5411 nifestantnr,
621 5348 773 5417 quod
812 5350 1154 5420 sequebatur
1198 5350 1420 5404 silentio
1475 5351 1727 5415 tradidit,
1770 5350 1828 5405 id
1988 5347 2071 5405 ll.
2105 5349 2378 5415 Quoniam
2416 5346 2506 5397 vir
2534 5348 2695 5411 caput
2721 5348 2825 5407 est.
2865 5341 3029 5400 Illum
3058 5340 3311 5396 ordinem
3343 5341 3507 5396 Chri-

224 5433 599 5508 Ieilicctqnod
624 5437 809 5509 possit
835 5438 964 5510 ipsa
981 5439 1366 5500 manifestatio
1388 5440 1678 5512 adjuvare.
1701 5440 1831 5496 Om-
1912 5444 2035 5494 stus
2050 5435 2234 5491 habet
2257 5434 2329 5489 ad
2378 5432 2703 5498 Ecelesiam,
2736 5446 2801 5484 eo
2830 5429 2980 5502 quod
3008 5446 3076 5484 ex
3115 5429 3214 5485 illo
3253 5430 3511 5487 secunde
