3936 6178
440 220 547 285 303
1427 218 1494 275 B.
1533 214 1947 272 LANFRANCI
1984 213 2343 270 CANTUAR.
2382 211 2716 268 ARCHIEP.
3604 207 3688 266 304

438 349 588 406 sicut
613 347 870 405 Christus
897 349 1065 418 caput
1101 347 1186 398 est
1218 341 1507 409 Ecclesiae;
1550 344 1640 396 vir
1671 343 1892 410 quidem
1922 357 2035 395 non
2064 343 2300 395 salvavit
2343 340 2656 401 mulierem,
2686 338 2777 390 sed
2816 341 3001 391 tamen
3031 337 3279 391 Christus
3307 334 3427 406 ipse
3453 334 3690 389 Salvator

438 439 690 512 corporis
714 439 857 509 ejus.
881 436 991 491 Sed
1015 434 1162 488 sicut
1189 431 1434 487 Ecclesia
1462 430 1716 501 subjecta
1744 435 1831 484 est
1853 429 2097 495 Christo,
2129 429 2210 483 ita
2238 432 2295 482 et
2319 426 2584 482 mulieres
2613 426 2748 480 viris
2772 424 2890 480 suis
2928 432 2962 490 Ι
2980 431 3107 489 50
3138 425 3198 478 in
3237 422 3498 478 omnibus
3527 425 3688 491 subji—

437 511 687 584 ciantur.
716 526 853 591 Viri,
887 522 1102 593 diligite
1131 537 1332 576 uxores
1361 525 1596 585 vestras,
1626 519 1771 572 sicut
1799 523 1856 571 et
1893 518 2151 572 Christus
2181 517 2375 571 dilexit
2399 515 2726 581 Ecclesiam,
2760 516 2849 582 (ea:
2873 517 3081 581 e/fectu)
3110 519 3167 568 et
3195 513 3441 584 seipsum
3476 511 3694 566 tradidit

436 633 538 688 pro
566 633 650 678 ea,
683 619 749 669 ut
791 614 945 668 illam
976 612 1367 673 sanctiﬁcaret,
1403 608 1486 666 12.
1514 608 1795 662 mundans
1830 606 1912 663 13.
1946 607 2167 661 lavacro
2197 623 2357 678 aqua:
2386 607 2443 660 in
2474 606 2639 660 verbo
2668 605 2799 659 vitae
2825 606 3109 673 baptismo,
3145 606 3205 657 id
3240 610 3334 669 est,
3376 605 3439 656 in
3483 606 3690 657 nomine

432 709 635 771 Patris,
659 710 709 757 et
739 705 890 766 Filii,
911 707 961 755 et
986 704 1229 770 Spiritus
1249 701 1446 763 sancti,
1472 700 1545 752 ad
1562 699 1676 750 hoc.
1707 695 1791 751 14.
1816 702 1882 749 ut
1900 696 2188 749 exhiberet
2209 696 2329 766 ipse
2349 694 2455 748 sibi
2479 695 2784 765 gloriosam
2807 693 3130 758 Ecclesium,
3153 691 3242 748 15.
3271 708 3385 746 non
3409 691 3691 746 habentem

428 795 706 850 maculam
734 795 942 861 peccati
950 833 963 851 .
987 795 1086 844 aut
1108 805 1304 859 rugam
1337 789 1657 855 hypocrisis,
1682 790 1781 838 aut
1805 784 2017 855 aliquid
2054 786 2146 854 huj
2158 785 2398 842 usmodi.
2423 783 2519 837 sed
2551 789 2614 837 ut
2643 784 2717 837 sit
2746 788 2943 836 sancta
2965 789 3022 836 et
3051 782 3434 844 immaculata,
3460 786 3522 834 ut
3552 781 3695 835 Chri-

427 887 562 937 stus.
593 883 680 937 Ita
704 888 762 935 et
778 880 883 934 viri
907 879 1113 934 debent
1132 877 1365 947 diligere
1395 891 1595 930 uxores
1624 890 1756 933 suas
1778 880 1835 927 et
1863 889 2099 942 corpora
2124 890 2245 929 sua.
2286 873 2362 928 I6.
2389 872 2494 936 Qui
2516 888 2673 926 suam
2705 888 2931 926 uxorem
2956 871 3157 941 diligit,
3188 871 3455 942 seipsum,
3478 885 3691 923 carnem

425 987 606 1036 suam,
635 970 836 1041 diligit.
862 969 946 1023 17.
974 968 1154 1023 Nemo
1174 965 1323 1020 enim
1350 979 1598 1035 unquam
1621 978 1847 1017 carnem
1868 978 2028 1015 suam
2050 962 2177 1015 odio
2200 962 2416 1027 habuit,
2439 961 2536 1015 sed
2562 961 2742 1015 nutrit
2769 966 2826 1015 et
2848 962 2997 1014 fovet
3025 976 3169 1023 eam,
3195 960 3342 1013 sicut
3363 965 3420 1013 et
3443 958 3692 1013 Christus

425 1059 750 1124 Ecclesium,
782 1058 864 1114 18.
890 1057 1024 1128 quia
1050 1072 1165 1121 nos,
1199 1057 1382 1119 idest,
1414 1054 1671 1118 Ecclesia,
1693 1051 1945 1106 membra
1972 1067 2167 1105 sumus
2197 1050 2445 1121 corporis
2475 1051 2617 1120 ejus,
2653 1050 2722 1103 de
2744 1066 2912 1104 carne
2943 1051 3082 1120 ejus,
3122 1053 3179 1103 et
3205 1049 3275 1102 de
3308 1047 3527 1102 ossibus
3555 1047 3691 1115 ejus,

422 1150 487 1203 de
504 1152 567 1203 in
572 1151 773 1216 ﬁrmis,
788 1153 836 1201 et
854 1149 1035 1215 ﬁrmis
1055 1147 1355 1209 existentis,
1378 1147 1458 1197 vel
1480 1145 1724 1197 eamdem
1744 1157 1989 1203 carnem,
2005 1142 2250 1194 eteadem
2268 1155 2386 1193 ossa
2423 1156 2542 1208 qua
2564 1141 2760 1193 habuit
2781 1140 3049 1203 Christus,
3071 1140 3319 1193 habentis
3333 1177 3345 1189 .
3366 1136 3448 1193 19.
3469 1137 3695 1206 Propter

421 1237 528 1292 hoc
551 1235 640 1293 20.
664 1237 946 1307 relinquet
973 1235 1141 1288 homo
1170 1238 1389 1304 patrem
1418 1238 1476 1286 et
1503 1232 1591 1285 2|.
1624 1236 1861 1285 matrem
1883 1245 2064 1295 suam,
2089 1235 2146 1283 et
2168 1227 2474 1283 adhaerebit
2505 1228 2661 1282 uxori
2694 1245 2832 1285 suae.
2857 1235 2914 1282 et
2937 1234 3107 1282 erunt
3133 1228 3244 1281 duo
3274 1228 3333 1281 in
3365 1242 3533 1280 carne
3560 1239 3690 1280 una.

421 1324 513 1380 22.
528 1326 954 1381 Sacramentum
976 1324 1080 1377 hoc
1102 1328 1367 1392 magnum
1389 1325 1494 1381 est.
1513 1336 1615 1391 ego
1637 1326 1823 1374 autem
1847 1318 1970 1371 dico
1989 1334 2094 1371 esse
2110 1323 2525 1372 sacramentum
2549 1320 2697 1371 illud
2719 1318 2775 1371 in
2801 1318 3024 1372 Christo
3046 1324 3104 1371 et
3123 1317 3181 1371 in
3199 1315 3465 1371 Ecclesia.
3485 1313 3575 1370 23.
3593 1314 3695 1367 Ve-

420 1420 762 1479 rumtamen,
797 1421 831 1478 ι
849 1419 960 1479 5|
988 1414 1241 1481 quamvis
1271 1412 1560 1476 allegorice
1585 1410 1754 1477 possit
1784 1409 2031 1473 intelligi
2057 1407 2121 1460 de
2150 1407 2385 1473 Christo,
2405 1411 2464 1460 et
2487 1423 2582 1461 vos
2610 1406 2847 1476 singuli,
2871 1405 3259 1477 unusquisque
3280 1420 3510 1459 uxorem
3538 1419 3690 1457 suam

417 1506 564 1560 sicut
590 1504 838 1576 seipsum
866 1502 1098 1572 diligat;
1131 1516 1272 1555 uxor
1296 1503 1487 1553 autem
1513 1498 1717 1552 timeat
1746 1496 1925 1550 virum
1955 1511 2142 1549 suum.

1862 1610 2098 1665 CAPUT
2139 1609 2211 1664 VI
2225 1655 2238 1668 .

485 1707 635 1771 Filii,
665 1705 888 1761 obedite
910 1701 1239 1776 parentibus
1259 1701 1457 1757 vestris
1484 1701 1541 1755 in
1562 1699 1800 1755 Domino
1824 1717 1837 1766 ;
1866 1699 1972 1752 hoc
2000 1698 2150 1753 enim
2176 1699 2395 1769 justum
2419 1703 2504 1753 est
2535 1700 2605 1767 (et
2629 1700 2726 1753 hoc
2748 1699 2944 1768 probat
2966 1700 3036 1753 ab
3053 1698 3422 1765 auctoritate).
3466 1696 3694 1752 Honora

411 1804 633 1871 patrem
660 1802 822 1851 tuum
853 1799 912 1849 et
938 1798 1178 1847 matrem
1205 1798 1381 1859 tuam,
1422 1790 1466 1847 1.
1502 1790 1652 1861 quod
1698 1794 1785 1844 est
1814 1787 2147 1843 mandatum
2178 1789 2422 1860 primum
2467 1789 2526 1843 in
2566 1788 2956 1860 promissione.
2990 1792 3054 1843 in
3085 1791 3211 1857 tege,
3255 1804 3373 1857 quas
3416 1789 3694 1856 promittit

406 1885 844 1957 'adimptentibus
865 1886 1028 1939 illam
1045 1887 1252 1936 terram
1278 1884 1417 1936 lacte
1437 1885 1485 1933 et
1502 1881 1662 1934 melle
1681 1882 1963 1949 ﬂuentem.
1990 1883 2055 1932 ut
2075 1877 2216 1931 bene
2235 1877 2309 1932 sit
2327 1877 2449 1935 tibi.
2474 1883 2531 1932 et
2546 1878 2623 1932 sis
2642 1878 2924 1947 longaevus
2943 1893 3114 1948 super
3130 1882 3341 1931 terram
3365 1878 3688 1942 viventium,

1752 2000 2348 2060 COMMENTARIUS.

408 2135 535 2187 vitae
558 2147 787 2188 causam
817 2129 1022 2184 habere
1059 2127 1305 2195 videtur;
1344 2126 1451 2180 hoc
1480 2124 1631 2180 enim
1662 2124 1721 2178 in
1747 2124 1855 2180 isto
1885 2126 2006 2180 loco
2023 2128 2335 2191 Alitteram
2365 2127 2605 2198 intelligi
2637 2133 2701 2183 ut
2730 2129 2895 2182 multi
2920 2128 3215 2199 diligentes
3245 2145 3444 2184 uxores
3472 2136 3688 2201 patrem

372 2256 379 2265 ι
409 2221 545 2277 dicit
585 2219 655 2294 [1⁸.
686 2217 913 2291 dicitur]
956 2219 1075 2289 ipse
1118 2217 1377 2271 Salvator
1398 2215 1645 2286 corporis
1673 2216 1823 2268 hunc
1852 2215 2005 2269 ordi-
2091 2221 2148 2271 et
2181 2222 2417 2270 matrem
2453 2215 2800 2287 relinquant.
2842 2217 2910 2271 Et
2936 2217 3041 2271 hoc
3067 2223 3185 2283 est;
3232 2219 3611 2272 Verumtamen
3640 2225 3692 2273 et

405 2328 537 2366 nem
568 2311 652 2364 vir
678 2308 850 2363 habet
879 2308 949 2362 ad
980 2306 1297 2376 mulierem,
1326 2321 1392 2359 eo
1426 2304 1598 2375 quod,
1623 2309 1689 2358 ut
1714 2305 2003 2372 consistat,
2089 2322 2195 2373 ros,
2231 2312 2336 2360 etc.

405 2399 589 2454 virum
616 2397 842 2469 accipit.
2156 2393 2247 2452 20.
2278 2397 2535 2451 AUGUST.
2568 2397 2786 2465 (lib.xu
2816 2398 3025 2450 Contra
3057 2396 3225 2449 Faust
3254 2395 3518 2461 Manich.,
3551 2413 3598 2452 c.
3631 2396 3687 2462 9,

479 2488 565 2545 12.
597 2489 842 2544 Ληουεῖ.
877 2487 1078 2553 (Tract.
1114 2483 1184 2538 15
1221 2485 1286 2537 in
1315 2483 1525 2551 Evang.
1565 2485 1752 2559 Joan.,
1798 2488 1840 2537 t.
1883 2484 2001 2551 IX.)
2084 2490 2111 2538 t
2169 2486 2284 2554 VI).
2333 2487 2618 2554 Relinquat
2657 2487 2832 2539 homo.
2883 2485 3019 2548 Quis
3060 2484 3212 2538 enim
3261 2500 3372 2538 non
3418 2491 3693 2555 agnoscat

402 2579 691 2637 Mundam
734 2580 972 2631 lavacro.
1015 2573 1159 2639 Quid
1191 2578 1277 2627 est
1314 2571 1665 2643 baptismus?
1695 2572 2001 2626 Lavacrum
2085 2572 2371 2627 Christum
2404 2590 2470 2627 eo
2502 2573 2668 2628 modo
2695 2573 2991 2644 reliquisse
3019 2573 3281 2641 Patrem;
3322 2577 3421 2642 qui
3457 2591 3583 2628 cum
3623 2578 3687 2628 in

401 2682 563 2738 aqua
605 2666 664 2720 in
706 2664 894 2719 verbo.
921 2664 1077 2719 Tolle
1107 2677 1332 2733 aquam,
1381 2676 1495 2715 non
1537 2666 1623 2715 est
1665 2660 1997 2732 baptismus.
2067 2653 2265 2730 forma
2302 2663 2400 2716 Dei
2428 2666 2575 2730 esset,
2613 2679 2725 2717 non
2760 2665 3023 2731 rapinam
3060 2664 3373 2717 arbitratus
3396 2668 3471 2716 est
3499 2680 3605 2717 esse
3634 2680 3691 2717 se

397 2755 553 2810 Tolle
587 2755 836 2820 verbum,
866 2770 980 2808 non
1019 2757 1104 2807 est
1124 2751 1453 2822 baptismus.
2081 2754 2344 2819 aequalem
2390 2753 2514 2812 Deo.
2557 2753 2648 2805 sed
2692 2754 3041 2819 semetipsum
3080 2754 3391 2805 exinanivit
3441 2754 3690 2820 formam

467 2844 558 2898 43.
589 2844 798 2899 LANFR.
830 2845 1068 2898 Lavacro
1097 2857 1254 2910 aqua:
1274 2843 1339 2893 in
1361 2841 1537 2893 verba.
1565 2838 1816 2894 Verbum
1840 2846 2001 2894 vocat
2080 2842 2226 2893 servi
2252 2843 2567 2909 accipiens?
2594 2840 2905 2911 Reliquisse
2938 2840 3106 2894 etiam
3141 2846 3381 2895 matrem
3429 2842 3689 2912 Synago-

397 2933 770 3005 prolationem
798 2930 1128 2998 divinitatis,
1162 2945 1285 3001 quae
1312 2944 1347 2982 a
1376 2926 1787 2999 baptizantibus
1829 2945 1999 3000 super
2077 2944 2207 2998 gam
2238 2928 2556 2984 Judaeorum
2583 2929 2773 2983 Veteri
2800 2930 3162 2984 Testamento
3187 2930 3489 3005 carnaliter
3514 2930 3692 2986 inhae-

393 3039 599 3095 aquam
623 3023 923 3095 profertur.
2077 3024 2293 3072 rentem
2308 3023 2362 3072 et
2376 3018 2680 3073 adhaesisse
2692 3018 2851 3071 uxori
2871 3035 2986 3073 suae
3000 3019 3258 3074 Ecclesia;
3269 3018 3606 3093 [al.sanctae]
3621 3026 3691 3075 ut

471 3111 553 3169 l4.
571 3112 818 3167 Aunus'r.
848 3108 928 3167 14.
957 3109 1074 3177 (lib.
1089 3111 1162 3164 De
1177 3111 1569 3177 perfect.just.,
1593 3124 1641 3161 c.
1669 3107 1754 3173 15,
1773 3111 1798 3161 t
1839 3106 1988 3177 VII).
2080 3122 2216 3177 pace
2235 3107 2375 3161 Novi
2397 3107 2742 3162 Testamenti
2764 3114 2950 3162 essent
2980 3108 3091 3162 duo
3120 3108 3179 3162 in
3199 3125 3368 3163 carne
3389 3125 3520 3174 una,
3549 3109 3691 3180 quia

395 3201 458 3256 Ut
482 3200 752 3254 exhiberet
778 3202 888 3267 ipse
907 3199 1032 3251 sibi.
1058 3196 1216 3251 Tunc
1241 3195 1436 3267 utique
1468 3195 1691 3266 quando
1715 3195 1989 3266 gloriosa;
2076 3211 2201 3248 cum
2231 3196 2302 3250 sit
2335 3197 2483 3251 Deus
2512 3196 2662 3267 apud
2691 3203 2930 3266 patrem,
2963 3213 3064 3267 per
3098 3213 3265 3268 quem
3296 3197 3429 3252 facti
3458 3214 3682 3265 sumus,

389 3304 502 3343 non
520 3288 670 3342 enim
691 3287 854 3340 modo
875 3286 934 3339 in
948 3285 1121 3339 tantis
1144 3285 1325 3350 malis,
1351 3285 1410 3338 in
1425 3285 1600 3339 tantis
1618 3284 1914 3349 scandalis,
1934 3284 1992 3338 in
2074 3284 2254 3339 factus
2285 3290 2368 3338 est
2396 3285 2673 3356 particeps
2710 3290 2920 3352 noster,
2974 3290 3038 3339 ut
3067 3285 3220 3340 illius
3247 3287 3445 3357 capitis
3473 3302 3688 3358 corpus

386 3380 551 3430 tanta
583 3374 945 3446 permistione
982 3372 1274 3427 hominum
1308 3373 1700 3443 pessimorum,
1721 3372 1781 3426 in
1821 3373 1993 3427 tantis
2075 3388 2197 3427 esse
2221 3390 2533 3443 possemus.

388 3463 704 3535 approbriis
727 3462 1028 3534 impiorum
1057 3461 1355 3517 dicendum
1384 3468 1470 3515 est
1499 3477 1624 3515 eam
1650 3477 1771 3515 esse
1790 3461 1942 3532 glori«

2144 3460 2207 3518 2i
2220 3463 2319 3516 .In.
2333 3463 2592 3533 (Errposit.
2607 3465 2665 3517 in
2680 3464 2870 3532 Evang
2892 3466 3055 3519 Joan.
3070 3461 3151 3528 10,
3167 3465 3657 3533 t.1X.)Etmatrem
3669 3509 3681 3520 .

386 3568 539 3612 sam.
2072 3550 2363 3614 Quomodo
2407 3551 2635 3623 reliquit
2678 3553 2964 3606 matrem?
3001 3552 3389 3624 Relinquendo
3420 3555 3686 3626 Synago-

460 3640 545 3698 15.
576 3641 820 3696 Auens'r.
845 3639 1043 3705 (Serm.
1075 3638 1111 3697 2
1138 3643 1201 3693 in
1227 3644 1428 3704 monte,
1452 3656 1574 3710 cap.
1601 3638 1725 3707 22.)
1744 3641 1869 3694 Non
1894 3641 1989 3694 ha-
2067 3656 2200 3709 gam
2228 3640 2570 3709 Judzeorum,
2593 3641 2662 3695 de
2692 3658 2806 3712 qua
2823 3641 3132 3698 secundum
3151 3659 3377 3697 carnem
3399 3650 3566 3698 natus
3586 3653 3689 3700 est

386 3732 599 3786 beatam
638 3733 941 3785 maculam.
970 3728 1099 3782 Non
1138 3727 1441 3782 habentem
1488 3729 1768 3783 maculam
1804 3745 1987 3800 neque
2071 3728 2347 3783 Christus.

383 3835 605 3890 rugam,
638 3818 696 3873 id
725 3823 829 3883 est,
863 3816 1132 3871 mundam
1163 3822 1221 3871 et
1261 3816 1592 3889 simplicem.
2137 3816 2226 3875 22.
2259 3819 2472 3875 LANFR.
2504 3818 2950 3877 Sacramentu-m.
2980 3821 3142 3885 Quod
3165 3821 3236 3875 de
3265 3820 3384 3876 viro
3414 3827 3473 3876 et
3497 3837 3686 3878 uxore

449 3905 540 3965 16.
563 3908 773 3964 Lucra.
808 3908 915 3975 Qui
935 3922 1101 3961 suam
1127 3896 1361 3960 uxorem
1379 3908 1587 3975 diligit.
1614 3906 1832 3961 Debent
1855 3924 1986 3961 uxo—
2067 3906 2221 3975 dicit,
2263 3913 2321 3963 et
2355 3908 2426 3962 ad
2455 3907 2702 3963 litteram
2750 3908 3179 3981 intelligendum
3227 3915 3316 3965 est
3360 3912 3685 3966 secundum

380 4015 472 4053 res
518 3997 772 4068 diligere,
806 3996 939 4068 quia
979 3995 1193 4067 seipsos
1241 4013 1276 4049 a
1319 4000 1498 4061 tanto,
1531 3995 1585 4049 id
1618 4001 1721 4059 est,
1754 4013 1979 4050 carnem
2066 3997 2253 4051 saeculi
2275 3998 2760 4063 consuetudinem,
2784 4008 2842 4053 et
2866 3999 3238 4071 spiritualiter
3263 4000 3335 4054 de
3361 4000 3581 4055 Christo
3615 4008 3685 4056 et

379 4107 577 4146 suam:
599 4107 731 4145 nam
762 4106 875 4144 non
906 4087 1113 4144 debent
1140 4088 1348 4144 habere
1379 4094 1431 4157 (a
1457 4089 1777 4160 contrario).
1802 4089 1981 4144 Nemo
2064 4086 2325 4140 Ecclesia.
2376 4087 2603 4142 Patrem
2657 4088 2914 4143 Christus
2978 4089 3295 4161 relinquam
3355 4088 3503 4144 \iSJS
3557 4097 3680 4156 est,

378 4180 549 4246 enim,
583 4190 712 4246 etc.,
747 4195 1027 4251 agenere.
2064 4176 2287 4246 quando
2330 4177 2697 4248 semetipsum
2744 4177 3066 4244 exinanivit,
3118 4184 3176 4232 et
3224 4177 3463 4234 {almam
3517 4179 3682 4234 servi

451 4267 539 4326 17.
559 4271 729 4323 Nemo
748 4271 898 4323 enim
919 4284 1191 4337 unquam.
1216 4266 1426 4322 Probat
1452 4266 1603 4338 quod
1621 4265 1726 4320 viri
1747 4282 1982 4337 corpora
2061 4265 2291 4335 accepit.
2325 4264 2562 4319 Matrem
2593 4266 2969 4337 Synagogam.
3003 4284 3071 4321 ex
3099 4284 3210 4339 qua
3240 4274 3409 4323 natus
3436 4274 3539 4330 est,
3581 4284 3687 4323 re-

377 4373 481 4411 sua
507 4357 766 4428 diligant.
2059 4351 2257 4424 liquit;
2288 4353 2512 4424 quando
2540 4354 2665 4425 ipsa
2692 4355 2750 4409 in
2796 4372 2901 4410 sua
2942 4356 3273 4412 inﬁdelitate
3302 4357 3679 4428 persistente,

444 4443 949 4512 18.0uiamembra
966 4447 1210 4514 corporis
1223 4444 1976 4515 ejus.Potestlegi,corporis
2059 4443 2130 4496 ad
2177 4443 2592 4513 praedicandum
2632 4444 2898 4514 gentibus
2943 4447 3226 4516 apostolos
3270 4446 3441 4512 misit,
3493 4452 3550 4500 et
3600 4462 3685 4501 ex

376 4533 499 4603 ejus
526 4532 835 4587 constantis
863 4533 932 4587 de
960 4550 1129 4587 carne
1166 4539 1224 4587 et
1251 4533 1469 4587 ossibus
1498 4534 1637 4602 ejus,
1670 4533 1728 4587 id
1766 4541 1870 4599 est,
1905 4533 1975 4587 de
2058 4547 2254 4585 eorum
2310 4532 2701 4599 conversione,
2767 4534 3013 4589 Ecclesia
3067 4542 3436 4605 congregata,
3499 4538 3689 4606 quasi

340 4662 345 4667 .
376 4621 614 4675 inﬁrmis
640 4626 697 4675 et
719 4621 1020 4686 ﬁrmis,vel
1039 4622 1109 4676 de
1128 4638 1295 4676 carne
1313 4627 1371 4675 et
1389 4621 1608 4676 ossibus
1637 4623 1759 4692 ejus
1779 4638 1975 4677 sumus
2056 4636 2273 4691 sponsae
2301 4638 2540 4693 sponsus
2571 4622 2825 4689 adhaesit,
2850 4640 2976 4678 cum
2998 4640 3110 4695 qua
3139 4623 3463 4694 unigenitus
3491 4630 3584 4679 est
3612 4625 3690 4681 in

373 4708 646 4774 membra,
671 4709 928 4763 eamdem
950 4725 1198 4775 carnem,
1224 4716 1282 4764 et
1307 4710 1506 4764 eadem
1542 4726 1670 4764 ossa
1689 4709 1971 4779 habentia,
1989 4729 2035 4790 ε
2056 4726 2227 4764 carne
2254 4727 2371 4764 una
2393 4729 2406 4779 ;
2440 4711 2573 4782 quia
2599 4728 2824 4766 carnem
2856 4728 3027 4784 quam
3050 4714 3119 4768 de
3156 4713 3366 4785 virgine
3395 4715 3686 4785 sumpsit.

373 4815 497 4871 quae
523 4799 645 4870 ipse
673 4797 891 4852 habuit.
2056 4798 2116 4853 in
2164 4799 2337 4855 missa
2379 4805 2437 4854 et
2481 4799 2917 4869 celebritatibus,
2971 4803 3219 4875 quotidie
3267 4803 3511 4858 Ecclesia
3561 4820 3689 4859 su-

435 4886 529 4943 49.
558 4890 786 4957 Propter
808 4888 906 4942 hoc
930 4891 1205 4957 relinquet
1234 4889 1411 4942 homo.
1437 4887 1603 4957 Quia,
1633 4887 1838 4959 inquit,
1871 4905 1974 4944 nos
2055 4888 2179 4943 mit.

368 4992 565 5032 sumus
590 4976 659 5031 de
677 4992 846 5030 carne
871 4982 927 5031 et
950 4976 1018 5031 de
1048 4976 1266 5032 ossibus
1291 4978 1432 5048 ejus,
1455 4983 1704 5049 prapter,
1728 4979 1851 5041 hoc,
1872 4978 1974 5034 sic-
2124 4976 2211 5034 23.
2257 4980 2660 5036 Verumtamen.
2701 4980 2875 5045 Quasi
2916 4982 3129 5037 diceret
3158 5001 3172 5038 :
3224 4981 3479 5055 quamvis
3521 4998 3689 5054 ergo

365 5071 433 5121 ut
452 5065 725 5138 scriptum
749 5072 837 5119 est
853 5066 914 5119 in
929 5065 1166 5120 Genesi:
1192 5068 1498 5136 Relinquat,
1522 5065 1765 5121 Verbum
1791 5067 1971 5122 Patris
2052 5068 2158 5122 hoc
2185 5073 2600 5124 sacramentum
2630 5069 2688 5123 in
2717 5069 2940 5126 Christo
2968 5079 3026 5126 et
3068 5072 3312 5127 Ecclesia
3345 5071 3688 5142 intelligam

364 5156 462 5229 qui
491 5155 713 5211 futurus
738 5162 824 5210 est
850 5155 1041 5220 homo,
1082 5158 1320 5223 Patrem,
1362 5156 1421 5210 id
1445 5162 1532 5211 est
1570 5172 1685 5210 non
1713 5157 1969 5212 eamdem
2051 5156 2437 5227 spiritualiter,
2488 5164 2876 5216 verumtamen
2926 5178 3021 5216 vos
3059 5177 3094 5215 a
3137 5161 3339 5216 morali
3366 5160 3688 5219 intellectu

362 5246 663 5302 essentiam
701 5260 999 5317 apparens,
1043 5244 1176 5315 quia
1203 5261 1331 5298 cum
1371 5246 1538 5300 Patre
1574 5252 1886 5316 permanet,
1917 5251 1969 5301 et
2049 5244 2297 5299 historias
2325 5244 2497 5300 nolite
2522 5246 2803 5301 recedere.

361 5341 620 5403 matrem,
648 5334 703 5389 id
726 5341 832 5400 est,
858 5335 1238 5405 Synagogam,
1260 5340 1309 5387 et
1328 5335 1623 5388 adhaerebit
1650 5338 1818 5389 uaori
1836 5352 1966 5398 sua,
2123 5335 2281 5389 CAP.
2314 5335 2405 5391 Vl.
2434 5365 2498 5375 --
2534 5340 2582 5390 1.
2623 5336 2832 5391 Lsnra.
2868 5338 3019 5405 Quod
3058 5343 3134 5393 est
3176 5340 3509 5394 mandatum
3528 5343 3687 5408 pri-

360 5424 417 5478 id
463 5430 552 5479 est
607 5423 886 5478 Ecclesia.
922 5423 1016 5479 Sic
1063 5428 1253 5477 autem
1284 5422 1491 5477 dicitur
1530 5430 1967 5480 sacramentum.
2051 5440 2227 5478 mum.
2273 5424 2339 5478 In
2368 5423 2552 5495 prima
2579 5424 2805 5496 quidem
2834 5427 3027 5482 tabula
3063 5428 3175 5483 tria
3201 5430 3359 5483 tuere
3389 5428 3691 5485 mandata

363 5511 473 5568 Sed
519 5518 711 5567 tamen
757 5512 1012 5584 quamvis
1054 5512 1125 5567 de
1161 5511 1387 5568 Christo
1429 5511 1654 5579 dicitur,
1686 5518 1873 5584 potest
1898 5513 1970 5567 ad
2051 5512 2124 5568 ad
2167 5513 2347 5568 Deum
2393 5513 2753 5585 pextinentia,
2793 5515 2852 5571 id
2900 5523 3026 5572 est:
3071 5518 3197 5575 Non
3239 5519 3499 5574 adorabis
3534 5520 3691 5574 deos
