4040 6186
3469 301 3577 363 306

298 300 408 361 305
963 302 1042 359 IN
1079 302 1147 359 D.
1188 301 1406 360 PAULI
1444 304 1670 363 EPIST.
1712 305 2093 369 COMMENT.
2135 339 2199 351 -
2240 308 2464 366 EPIST.
2505 308 2603 364 AD
2643 305 2898 365 EPHES.

297 429 385 493 Et,
420 445 524 483 vos
550 434 759 501 patres,
787 428 966 483 nolite
996 427 1067 483 ad
1100 426 1449 484 iracundiam
1478 448 1779 502 provocare
1798 433 1941 488 tilios
1957 440 2202 502 vestros;
2241 435 2340 490 sed
2366 435 2598 490 educate
2629 434 2757 489 illos
2771 434 2829 489 in
2846 433 3143 505 disciplina
3158 432 3575 505 etcorreptione

294 518 546 573 Domini.
573 518 750 579 Servi,
786 517 1011 573 obedite
1029 517 1271 572 dominis
1301 519 1640 588 carnalibus,
1669 539 1798 577 cum
1823 523 2029 579 timore
2058 527 2260 590 animi,
2307 530 2365 578 et
2409 530 2655 578 tremore
2701 527 2964 593 corporis,
3012 520 3069 579 ‘2.
3118 522 3177 577 in
3215 522 3576 593 simplicitate

296 607 481 661 cordis
505 607 692 673 vestri,
722 607 871 662 sicut
898 607 1120 662 Christo
1150 609 1441 663 obediretis
1464 611 1597 672 (ecce
1644 628 1748 666 cur
1793 615 1859 666 in
1892 615 2249 681 simplicitate
2293 614 2545 676 dixerit,
2603 627 2717 665 non
2745 610 2818 665 ad
2841 612 3086 678 oculum,
3114 614 3305 679 palam
3327 616 3570 678 tantum,

295 694 624 757 servientes,
658 696 819 767 quasi
847 695 1170 750 hominibus
1198 696 1511 768 placentes;
1544 699 1639 754 sed
1670 706 1736 754 ut
1762 700 1908 754 servi
1937 700 2444 767 Christi,facientes
2459 702 2803 755 voluntatem
2824 701 2924 755 Dei
2945 717 3012 755 ex
3039 700 3248 764 animo,
3270 716 3397 754 cum
3428 699 3573 755 bona

297 784 585 839 voluntate
604 785 931 850 servientes,
972 784 1123 840 sicut
1148 786 1405 852 Domino,
1436 794 1493 841 et
1520 804 1632 843 non
1662 788 2005 852 hominibus,
2037 790 2570 861 scientes~quoniam
2601 789 3006 860 unusquisque,
3040 789 3409 860 quodcunque
3429 788 3572 843 fece-

293 874 366 928 rit
391 873 633 944 bonum,
662 874 770 929 hoc
797 875 1032 947 recipiet
1060 891 1094 929 a
1112 876 1372 942 Domino,
1405 876 1520 932 sive
1547 893 1760 945 servus,
1801 878 1916 933 sive
1952 878 2113 933 liber.
2147 879 2198 934 3.
2232 881 2301 935 Et
2330 897 2446 947 vos,
2478 879 2714 940 domini,
2748 878 2963 943 eadem,
2992 880 3051 932 id
3080 884 3173 944 est,
3205 895 3269 932 ea:
3295 881 3569 947 simplici-

295 969 419 1027 tate,
447 970 502 1017 et
523 966 662 1018 bona
683 966 982 1029 voluntate,
1012 964 1178 1018 facite
1206 965 1337 1032 illis,
1364 965 1417 1018 4.
1444 967 1797 1022 remittentes
1818 968 2019 1034 minas,
2051 969 2289 1023 scientes
2319 969 2451 1040 quia
2479 975 2537 1023 et
2556 969 2780 1022 illorum
2806 973 2863 1021 et
2894 973 3076 1021 vester
3103 967 3375 1021 Dominus
3394 972 3479 1021 est
3506 966 3569 1021 in

294 1053 471 1120 caelis,
503 1058 562 1108 et
589 1069 958 1124 personarum
990 1054 1235 1126 acceptio
1264 1072 1375 1110 non
1405 1063 1491 1111 est
1541 1058 1690 1128 apud
1736 1074 1888 1124 eum,
1925 1075 2039 1112 non
2067 1063 2142 1112 est
2173 1062 2224 1111 ei
2251 1060 2477 1112 charior
2504 1059 2643 1112 liber
2671 1073 2840 1127 quam
2870 1072 3052 1109 servus
3080 1057 3325 1110 obediens
3348 1058 3456 1109 illi.
3486 1056 3566 1109 De

293 1148 519 1208 caetero,
550 1141 772 1208 fratres,
806 1142 1196 1197 confortamini
1226 1144 1283 1197 in
1312 1143 1569 1210 Domino,
1598 1154 1655 1200 et
1680 1146 1739 1200 in
1760 1146 2012 1219 potentia
2040 1147 2259 1201 virtutis
2279 1149 2421 1217 ejus,
2456 1163 2566 1201 non
2596 1151 2808 1199 vestrae.
2835 1143 3054 1198 Induite
3086 1159 3180 1197 vos
3217 1150 3565 1197 armaturam

292 1230 414 1295 Dei,
446 1237 516 1284 ut
551 1231 779 1301 possitis
799 1238 950 1287 stare
978 1233 1246 1288 adversus
1270 1233 1501 1288 insidias
1520 1234 1753 1293 diaboli.
1774 1238 1873 1290 Dei
1890 1241 2251 1291 armaturam
2270 1238 2408 1299 dico,
2435 1234 2701 1307 quoniam
2735 1234 2786 1287 5.
2816 1251 2929 1288 non
2958 1238 3044 1287 est
3064 1232 3222 1287 nobis
3246 1224 3573 1286 colluctatio'

291 1319 563 1373 adversus
590 1336 817 1373 carnem
872 1326 930 1374 et
956 1321 1287 1391 sanguinem
1310 1328 1549 1387 tantum,
1593 1325 1692 1379 sed
1721 1325 1988 1380 adversus
2017 1325 2313 1397 principes,
2368 1330 2429 1378 et
2478 1330 2802 1395 potestates,
2846 1323 3112 1376 adversus
3140 1321 3356 1386 mundi,
3398 1321 3565 1390 hujus

289 1412 497 1473 seculi,
531 1406 583 1463 6.
618 1414 865 1464 rectores
880 1410 1239 1464 tenebrarum
1269 1412 1491 1473 harum,
1515 1417 1737 1478 scilicet,
1768 1413 1820 1468 7.
1854 1420 2050 1468 contra
2078 1414 2394 1485 spiritualia
2416 1415 2800 1477 (intransitive
2828 1413 3096 1465 dannones
3118 1412 3270 1477 dicit)
3298 1409 3564 1481 nequitiae

286 1493 335 1552 8.
369 1496 430 1549 in
450 1496 863 1562 ccelestibus,in
878 1515 1005 1552 aere
1022 1501 1293 1567 degentia,
1312 1508 1348 1564 ι
1365 1506 1579 1566 5930c!
1586 1518 1691 1571 pro
1703 1505 2168 1571 virtutibus,quas
2181 1504 2333 1557 nobis
2344 1504 2608 1557 damones
2627 1503 2852 1569 auferre
2865 1504 3163 1553 conantur.
3179 1498 3235 1553 9.
3258 1499 3565 1570 Propterea

295 1582 375 1641 10.
403 1586 643 1657 accipite
662 1593 1012 1641 armaturam
1040 1588 1161 1655 Dei,
1186 1592 1438 1656 virtutes,
1462 1595 1528 1645 ut
1549 1590 1774 1662 possitis
1804 1590 2064 1644 resistere
2095 1589 2172 1645 11.
2198 1590 2256 1644 in
2285 1590 2374 1644 die
2413 1589 2583 1651 malo,
2636 1591 2698 1641 in
2728 1590 2991 1657 praesenti
3018 1589 3232 1652 saeculo,
3272 1588 3372 1641 ubi
3409 1589 3562 1640 mala

284 1673 456 1743 ﬁunt,
485 1681 545 1728 et
572 1675 633 1729 in
657 1676 941 1741 omnibus,
988 1681 1067 1731 vel
1111 1682 1405 1747 prosperis,
1439 1683 1517 1733 vel
1546 1682 1790 1733 adversis
1816 1679 2045 1750 perfecti
2075 1684 2243 1733 stare.
2277 1679 2435 1733 State
2464 1693 2618 1747 ergo,
2652 1692 2763 1729 non
2781 1678 3015 1744 jaceatis
3042 1678 3103 1728 in
3129 1676 3399 1739 sordibus,
3430 1691 3560 1730 suc-

282 1764 448 1818 cincti
474 1763 698 1819 lumbos
726 1770 941 1820 vestros
969 1769 1052 1837 (id
1087 1772 1183 1833 est,
1222 1771 1480 1835 stringite
1499 1770 1662 1836 ﬂuxa
1687 1772 1935 1823 carnalis
1962 1771 2279 1837 voluptatis)
2310 1768 2369 1821 in
2396 1766 2652 1830 veritate,
2682 1771 2739 1819 et
2767 1764 2951 1818 induti
2974 1762 3204 1817 loricam
3226 1762 3467 1833 justitim
3497 1766 3558 1817 in

277 1867 452 1920 opere,
482 1860 543 1907 et
581 1851 664 1909 12.
693 1854 943 1910 calceati.
978 1862 1171 1910 contra
1194 1858 1431 1910 insidias
1459 1858 1669 1911 diaboli
1692 1860 1938 1911 munitos
1968 1858 2220 1912 habentes
2251 1856 2440 1927 pedes,
2471 1859 2691 1920 mentes,
2725 1853 2783 1907 in
2812 1852 3221 1925 praeparatione
3250 1851 3553 1923 Evangelii,

275 1945 334 1994 ut
363 1946 696 2010 praparetis
724 1959 808 2003 eos
830 1946 1181 2012 percipiendo
1209 1945 1531 2015 Evangelia,
1562 1946 1733 2017 pacis,
1774 1949 2122 2016 paciﬁcantis
2152 1965 2168 2000 :
2202 1944 2269 1999 In
2298 1943 2557 1999 omnibus
2583 1947 2871 1997 sumentes
2895 1942 3300 2009 (intransitivc)
3333 1946 3556 1995 scutum

274 2029 427 2094 fidei,
461 2030 521 2084 in
547 2047 658 2101 quo
686 2032 915 2102 possitis
941 2033 1130 2087 omnia
1158 2034 1290 2099 tela,
1341 2037 1500 2099 vitia,
1545 2035 1895 2105 nequissimi,
1914 2038 2123 2090 diaboli
2138 2034 2306 2105 ignea
2320 2034 2698 2103 exstinguere,
2719 2038 2777 2086 et
2796 2030 2879 2088 13.
2901 2031 3122 2101 galeam
3138 2029 3356 2092 salutis,
3384 2046 3571 2109 spem,

270 2123 349 2173 vel
376 2122 559 2189 ipsam
578 2126 817 2176 salutem
841 2128 1125 2187 aeternam,
1144 2123 1446 2191 assumite;
1473 2122 1550 2177 l4.
1575 2129 1629 2177 et
1649 2124 1901 2193 gladium
1918 2124 2151 2196 spiritus
2172 2125 2339 2196 (quod
2357 2130 2443 2178 est
2460 2122 2688 2177 verbum
2706 2121 2823 2190 Dei)
2850 2136 2950 2192 per
2967 2135 3191 2173 omnem
3221 2118 3556 2184 orationem,

270 2214 323 2260 et
344 2224 450 2277 per
468 2225 711 2275 crucem,
742 2212 824 2264 vel
844 2210 1309 2277 obsecrationem,
1343 2216 1570 2266 orantes
1590 2212 1743 2266 omni
1764 2217 2017 2283 tempore
2047 2213 2106 2267 in
2137 2212 2356 2284 spiritu,
2390 2219 2447 2266 et
2470 2212 2526 2266 in
2550 2212 2672 2283 ipso
2692 2211 2988 2281 vigilantes
3015 2209 3075 2264 in
3092 2208 3244 2262 omni
3262 2207 3552 2273 instantia,

269 2312 378 2350 non
405 2299 659 2363 remisse,
692 2304 749 2352 et
776 2299 1160 2354 obsecratione
1191 2317 1291 2370 pro
1312 2299 1572 2355 omnibus
1609 2301 1845 2368 sanctis;
1879 2309 1937 2356 et
1965 2319 2066 2373 pro
2097 2319 2202 2367 me,
2238 2309 2302 2356 ut
2318 2302 2484 2356 detur
2515 2300 2654 2354 mihi
2675 2317 2860 2354 sermo
2889 2300 2948 2353 in
2968 2298 3259 2370 apertione
3284 2296 3398 2352 oris
3419 2295 3550 2363 mei,

266 2389 492 2452 scilicet,
523 2402 657 2440 cum
689 2388 915 2454 fiducia,
941 2405 1052 2443 non
1083 2406 1206 2443 cum
1232 2392 1447 2454 timore,
1472 2395 1669 2443 notum
1691 2390 1873 2444 facere
1904 2390 1984 2446 15.
2004 2391 2334 2462 mysterium
2355 2390 2665 2461 Evangelii;
2690 2406 2790 2461 pro
2820 2405 2930 2461 quo
2950 2388 3229 2459 legatione
3257 2387 3465 2457 fungor
3492 2385 3551 2440 in

265 2480 486 2541 catena,
530 2492 768 2543 carcere,
806 2479 882 2531 ita
913 2483 977 2532 ut
1000 2477 1059 2531 in
1082 2477 1204 2550 ipso
1233 2478 1494 2542 audeam,
1526 2485 1695 2551 prout
1720 2485 1946 2551 Oportet
1976 2496 2087 2546 me,
2119 2480 2290 2551 loqui.
2320 2479 2395 2535 Ut
2418 2486 2607 2534 autem
2638 2485 2695 2532 et
2716 2495 2811 2532 vos
2849 2476 3038 2532 sciatis
3086 2494 3209 2548 quae
3266 2475 3415 2530 circa
3459 2491 3551 2530 me

1611 2654 2206 2711 COMMENTARIUS.

258 2836 488 2888 alienos.
507 2835 633 2888 Non
643 2850 886 2889 assumes
910 2851 1107 2890 nomen
1125 2837 1220 2891 Dei
1230 2839 1317 2891 lui
1329 2839 1392 2892 in
1405 2852 1635 2892 vanum.
1658 2836 1859 2893 Sabba-
1876 2840 1926 2898 A
1949 2837 2592 2904 turam.Verumtamen,
2610 2835 3111 2901 charissimi,arma
3124 2835 3235 2891 ista
3247 2851 3319 2889 ne
3334 2832 3545 2905 putetis

261 2926 316 2976 ta
346 2924 619 2977 custodies
675 2924 746 2978 Et
772 2924 993 2995 reliqua
1016 2932 1229 2997 septem
1260 2925 1318 2980 in
1357 2926 1604 2981 secunda
1632 2925 1703 2980 ad
1732 2942 1866 2997 pro-
1948 2926 2027 2981 sic
2064 2944 2187 2982 esse
2214 2932 2277 2981 ut
2305 2926 2466 2998 quasi
2488 2926 2638 2999 quod
2666 2931 2912 2993 scutum,
2950 2940 3173 2996 semper
3196 2929 3419 2979 scutum
3447 2922 3541 2990 sit,

254 3011 470 3065 ximum
494 3012 841 3083 pertinentia
864 3034 878 3083 ;
914 3030 1151 3085 quorum
1172 3016 1280 3070 fuit
1301 3014 1459 3087 prius
1483 3033 1495 3068 :
1528 3016 1751 3070 Honora
1766 3032 1866 3084 pa-
1946 3020 2046 3070 aut
2075 3017 2223 3087 quod
2250 3016 2413 3087 galea
2442 3023 2547 3081 est,
2588 3032 2813 3088 semper
2840 3014 3004 3086 galea
3032 3014 3106 3069 sit
3133 3032 3147 3081 ;
3180 3019 3281 3069 aut
3308 3029 3431 3086 quae
3459 3013 3545 3067 lo-

254 3103 393 3152 trem
427 3106 476 3154 et
504 3109 763 3157 matrem.
798 3103 959 3158 Unde
985 3104 1121 3158 dicit
1150 3107 1292 3174 quod
1313 3110 1387 3159 est
1410 3107 1667 3174 primum
1696 3119 1863 3158 man-
1943 3105 2079 3166 rica,
2103 3122 2324 3177 semper
2340 3106 2510 3160 lorica
2540 3106 2631 3161 sit.
2663 3106 2728 3161 In
2761 3105 2885 3159 istis
2913 3103 3062 3158 enim
3080 3103 3253 3158 armis
3283 3118 3543 3174 corpora-

252 3190 473 3243 datum.

319 3278 374 3334 2.
407 3281 659 3336 AIBROS.
687 3284 753 3336 In
765 3286 1140 3352 simplicitate.
1163 3284 1391 3339 Modum
1415 3300 1525 3355 quo
1550 3282 1690 3337 illud
1711 3282 1860 3338 dixe-

252 3372 336 3421 rat
349 3370 999 3443 expandigsubjungens
1019 3392 1032 3429 :
1047 3374 1169 3428 Non
1180 3375 1255 3427 ad
1273 3377 1527 3427 occulam
1544 3375 1851 3426 servientes.

318 3455 371 3511 3.
394 3458 608 3513 LANl-‘R.
640 3460 708 3513 Et
738 3478 830 3517 vos
861 3463 1091 3516 Domini
1113 3465 1318 3527 eadem,
1351 3462 1408 3516 id
1429 3468 1533 3527 est,
1566 3460 1774 3515 similia
1795 3461 1853 3516 in

251 3543 613 3617 simplicitate
665 3548 870 3614 cordis,
929 3556 986 3603 et
1039 3549 1187 3603 bona
1247 3551 1549 3615 voluntate,
1607 3557 1673 3604 ut
1708 3551 1851 3604 servi

255 3632 457 3690 Christi
478 3636 754 3691 facientes
778 3638 1120 3693 voluntatem
1151 3640 1250 3693 Dei
1281 3656 1415 3709 erga
1440 3640 1583 3693 illos.

317 3725 369 3780 4.
391 3728 650 3781 Ακιιειοε.
677 3728 1037 3781 Remittentes.
1080 3728 1204 3782 Non
1224 3728 1365 3781 dixit
1379 3729 1715 3794 auferentes,
1748 3727 1844 3781 sed

253 3816 632 3869 remittentes.
657 3816 781 3870 Non
800 3816 950 3870 enim
975 3816 1256 3887 corrigere
1276 3817 1538 3885 servos,si
1554 3817 1852 3888 pertinaci-

251 3908 334 3957 ter
352 3910 608 3975 peccant,
641 3905 922 3976 prohibet.

314 3993 367 4046 5.
418 3994 545 4048 Non
579 4000 657 4047 est
686 3997 861 4048 nobis.
911 3993 1136 4049 Abusus
1162 4000 1247 4049 est
1273 3994 1659 4051 inditl‘erenter
1678 3997 1847 4051 collu-

246 4083 504 4137 ctationis
524 4083 776 4151 nomine,
807 4100 912 4154 pro
940 4083 1087 4138 bello
1118 4101 1357 4155 ponens.

1940 3193 2087 3249 libus
2118 3195 2199 3249 ita
2228 3201 2332 3260 est,
2362 3211 2686 3266 quanquam
2712 3200 2769 3249 et
2797 3193 2866 3248 de
2886 3193 3035 3247 ferro
3054 3209 3178 3264 quae
3198 3192 3342 3246 fiunt
3361 3197 3543 3245 muta-

1939 3283 1987 3336 ri
2018 3288 2251 3354 possint,
2277 3290 2341 3338 ut
2368 3300 2438 3338 ex
2465 3283 2653 3354 gladio
2685 3283 2894 3338 securis
2919 3301 2932 3348 ;
2967 3289 3159 3336 tamen
3199 3280 3384 3352 ipsum
3410 3295 3545 3351 apo-

1937 3372 2146 3427 stolum
2172 3373 2424 3428 videmus
2454 3373 2657 3426 dixisse
2696 3372 2939 3443 quodam
2959 3371 3097 3433 loco,
3129 3371 3361 3424 loricam
3389 3370 3533 3435 ﬁdei,

1936 3467 1994 3514 et
2023 3462 2133 3515 alio
2162 3462 2388 3527 dixisse,
2421 3467 2639 3516 scutum
2670 3463 2820 3529 ﬁdei.
2852 3460 3084 3514 Scutum
3113 3474 3247 3528 ergo
3267 3462 3373 3522 est,
3405 3456 3540 3528 quia

1934 3550 2047 3604 tela
2066 3551 2425 3606 inimicorum
2455 3551 2661 3622 excipit
2680 3556 2737 3605 et
2765 3549 3002 3620 repellit.
3038 3547 3236 3602 Lorica
3265 3551 3370 3612 est,
3406 3545 3539 3617 quia

1930 3635 2203 3694 interiora
2222 3647 2322 3695 tua
2350 3640 2606 3710 transfigi
2634 3656 2747 3693 non
2773 3638 2926 3692 sinit.

1997 3728 2088 3785 11.
2118 3731 2365 3787 ΑΜωιοε.
2398 3732 2464 3785 In
2492 3731 2580 3783 die
2619 3732 2784 3785 malo.
2846 3725 3007 3782 Diem
3045 3725 3259 3780 malum
3294 3740 3535 3796 praesen-

1932 3821 2048 3871 tem
2074 3818 2247 3873 vitam
2274 3818 2431 3885 dicit,
2460 3834 2526 3872 eo
2550 3817 2699 3889 quod
2749 3817 2807 3871 in
2850 3815 3113 3888 praesenti
3146 3814 3347 3869 saeculo
3386 3812 3537 3868 mala

1933 3904 2026 3978 [/.,
2058 3907 2215 3978 mali]
2236 3918 2432 3977 agunt.

2004 3993 2089 4052 12.
2122 3997 2327 4053 Lassa.
2378 3996 2617 4052 Calceali
2657 3997 2810 4065 pedes
2863 3992 3151 4050 Calceatos
3181 3992 3345 4064 jubet
3363 3992 3533 4065 pedes

1928 4089 2150 4139 nostros
2206 4102 2345 4148 esse,
2395 4086 2528 4158 quia
2573 4084 2940 4155 cogitationes
2986 4089 3210 4147 nostrae,
3244 4098 3346 4153 per
3393 4096 3532 4152 quas

310 4175 363 4229 6.
382 4176 632 4231 Anausr.
649 4178 880 4243 (Enarr.
902 4180 965 4232 in
988 4182 1132 4234 Psal.
1152 4194 1319 4247 cxvn,
1350 4186 1465 4236 tom
1479 4181 1652 4254 VIII).
1677 4186 1856 4240 Recto-
1877 4166 1927 4226 Β
1942 4190 2103 4229 mens
2126 4175 2540 4246 QUOdammodO
2566 4173 2906 4241 deambulat,
2936 4173 3166 4227 munitae
3184 4169 3392 4225 debent
3409 4185 3532 4223 ϐεδε

247 4279 345 4317 res.
362 4264 632 4319 Rectores
655 4266 1018 4322 tenebrarum
1046 4269 1267 4336 harum,
1286 4270 1341 4325 id
1363 4276 1467 4337 est,
1485 4277 1730 4327 rectores
1749 4274 1855 4329 ini-

243 4368 483 4422 quorum
506 4355 783 4410 mundum
809 4355 981 4411 istum
1010 4357 1384 4429 diligentium.

310 4440 361 4497 7.
371 4442 585 4498 Contra
595 4447 945 4513 spiritualia.
962 4447 1107 4502 Sunt
1116 4463 1249 4518 ergo
1259 4448 1576 4520 spiritualia
1586 4452 1851 4522 nequitiae

239 4530 295 4584 in
333 4532 661 4587 caelestibus
720 4549 833 4587 non
872 4533 967 4588 ubi
1012 4536 1201 4590 sidera
1227 4537 1498 4609 disposita
1527 4538 1757 4610 fulgent,
1792 4547 1850 4595 et

241 4621 416 4674 sancti
449 4620 638 4690 angeli
662 4629 1108 4687 commorantur,
1149 4625 1245 4678 sed
1265 4625 1321 4678 in
1344 4625 1512 4696 hujus
1541 4628 1689 4681 aeris
1716 4629 1844 4683 inli-

241 4709 313 4761 mi
339 4709 659 4780 caliginoso
682 4710 1021 4778 habitaculo,
1045 4712 1141 4766 ubi
1162 4721 1220 4767 et
1234 4714 1441 4768 nebula
1456 4716 1841 4786 conglobatur.

304 4799 561 4852 Aunaos.
615 4801 685 4853 1n
715 4803 1029 4854 caelestibus.
1077 4801 1195 4855 Hoc
1224 4808 1328 4867 est,
1370 4820 1472 4874 pro
1503 4805 1838 4873 caelestibus,

238 4884 288 4939 id
318 4893 430 4951 est,
477 4904 581 4958 pro
629 4904 803 4958 regno
830 4889 1101 4944 caelorum
1126 4891 1395 4946 adversus
1424 4893 1549 4947 illos
1569 4900 1655 4948 est
1682 4895 1844 4950 nobis

232 4983 517 5030 certamen
527 5016 540 5028 .

296 5064 351 5119 8.
372 5066 591 5119 [μυξη.
629 5067 693 5119 1η
725 5069 1041 5122 catestibus.
1089 5069 1349 5123 leestia
1398 5078 1561 5125 vocat
1584 5072 1837 5140 virtutes,

231 5166 348 5220 quae
377 5153 455 5206 ad
484 5154 754 5219 caelestia,
788 5155 846 5208 in
869 5155 1074 5226 quibus
1105 5158 1427 5212 exercendis
1457 5160 1720 5230 spiritum
1750 5178 1843 5215 ne-

231 5257 396 5309 quam
428 5242 931 5297 contradictionem
956 5244 1224 5314 patimur.

293 5329 345 5383 9.
370 5332 667 5399 Propterea
694 5334 945 5401 accipite.
992 5333 1163 5397 Quasi
1193 5334 1438 5390 diceret:
1470 5336 1616 5402 Quia
1644 5342 1839 5393 contra

1932 4270 2126 4318 contra
2156 4263 2386 4319 insidias
2416 4264 2789 4335 malignorum
2805 4262 3130 4334 spirituum,
3155 4266 3220 4314 ut
3247 4274 3531 4331 praepare-

1934 4369 2060 4407 mus
2108 4353 2167 4406 in
2216 4351 2377 4407 nobis
2428 4369 2498 4407 ea
2526 4369 2647 4423 qua:
2679 4351 2842 4422 jubet
2869 4349 3229 4421 Evangelium
3257 4348 3429 4419 pacis,
3471 4347 3530 4403 id

1933 4456 2037 4516 est,
2062 4450 2289 4505 Christi.

2005 4539 2091 4593 13.
2118 4539 2343 4595 Galeam
2361 4541 2578 4594 salutis.
2600 4538 2761 4594 Salus
2772 4543 2981 4593 aeterna
3002 4536 3170 4592 debet
3189 4552 3312 4591 esse
3333 4539 3529 4590 nostra

1925 4629 2109 4698 galea,
2136 4628 2267 4699 quia
2287 4629 2345 4682 in
2364 4628 2638 4682 memoria
2649 4634 2897 4682 mentem
2929 4633 3201 4689 nostram,
3228 4643 3354 4698 quae
3382 4624 3532 4697 capi-

1925 4717 2001 4771 tis
2031 4718 2260 4772 nomine
2286 4717 2639 4789 designatur,
2667 4734 2815 4790 szepe
2839 4717 3007 4772 debet
3043 4716 3353 4772 obvolvere.

1999 4806 2063 4863 14
2116 4809 2361 4861 Aususr.
2407 4810 2566 4878 (ibid.
2618 4810 2682 4861 in
2718 4811 2862 4876 psal.
2914 4810 3126 4875 cxux.)
3153 4807 3217 4860 Et
3245 4807 3525 4874 gladium.

1927 4896 2124 4950 Sermo
2154 4913 2287 4966 ergo
2316 4896 2419 4951 Dei
2446 4895 2670 4967 gladius
2697 4895 2783 4950 bis
2813 4902 3045 4963 acutus;
3089 4895 3237 4949 unde
3267 4894 3355 4948 bis
3392 4910 3530 4949 acu-

1924 4990 2016 5039 tus
2037 4985 2173 5039 dicit
2193 4985 2262 5039 de
2299 4984 2722 5056 temporalibus,
2752 4985 2889 5040 dicit
2915 4985 2984 5038 de
3014 4985 3259 5039 aeternis.
3295 4983 3529 5039 Gladius

1925 5073 2075 5127 enim
2101 5074 2184 5127 bis
2213 5081 2430 5137 acutus,
2464 5074 2532 5127 de
2565 5091 2677 5145 quo
2724 5074 3025 5145 Apostolus
3075 5073 3229 5140 dicit,
3279 5076 3414 5145 quia
3459 5072 3529 5126 de

1924 5167 2165 5233 utroque
2193 5169 2534 5217 testamento
2562 5163 2770 5217 feriens
2800 5162 2905 5217 hoc
2938 5161 3126 5232 gladio
3153 5160 3480 5215 mactabant
3510 5178 3524 5227 ;

1920 5250 1991 5303 de
2017 5250 2222 5320 quibus
2251 5250 2542 5305 dicebatur
2569 5252 2736 5306 Petro
2773 5270 2785 5304 :
2822 5253 2999 5307 Macta
3016 5257 3066 5305 et
3082 5252 3378 5305 manduca.

1998 5337 2081 5395 15.
2153 5337 2361 5393 LANFR.
2448 5341 2777 5407 illyslerium
2840 5341 3146 5409 Evangelii.
3192 5335 3526 5408 Mysterium

229 5418 552 5489 spirituales
590 5419 784 5475 hostes
819 5421 1068 5490 certatis,
1101 5422 1453 5493 spiritualem
1481 5434 1831 5483 armaturam
1854 5446 1896 5506 ρ
1921 5427 2226 5499 Evangelii,
2256 5428 2312 5482 id
2338 5434 2443 5495 est,
2494 5429 2642 5501 quod
2704 5428 3075 5500 Evangelium
3116 5424 3399 5497 praedicat,
3445 5425 3527 5481 in-

232 5522 460 5563 sumere
483 5507 722 5564 debetis.
974 5566 979 5569 ,

296 5594 383 5653 1οο
396 5601 656 5653 Αῠουετ.
678 5599 908 5668 (ibidem
923 5600 987 5653 in
993 5602 1138 5667 psal.
1151 5608 1359 5663 xxxxv).
1391 5601 1634 5677 Accipite
1650 5620 1839 5659 arma-

1922 5517 2306 5573 carnationem
2336 5523 2396 5572 et
2420 5518 2740 5589 passionem
2771 5518 2982 5577 Christi
3028 5506 3100 5573 et
3118 5521 3319 5574 caetera
3346 5531 3529 5571 sacra-

1921 5611 2111 5660 menta
2135 5606 2253 5661 vult
2285 5606 2616 5677 intelligere,
