3936 6178
271 276 358 336 309
844 273 922 329 ΙΝ
961 274 1028 329 D.
1071 273 1289 330 PAULI
1330 274 1556 330 EPIST.
1597 274 1825 331 COMM]

1938 275 1969 330 ,’.
2014 301 2080 319 -ι-
2122 275 2356 332 EPIST.
2393 275 2492 331 AD
2530 274 2840 332 PHILIPP;
3239 267 3250 274 ’
3383 278 3492 339 819

263 405 385 457 utin
410 416 491 454 me
508 400 928 468 persecutionem
948 403 1197 466 excitent,
1229 407 1288 455 et
1315 404 1756 464 contentionem.
1790 407 2016 476 quidam
2049 413 2236 460 autem
2267 411 2323 460 et
2351 412 2578 478 propter
2604 406 2807 459 bonam
2828 396 3174 459 voluntatem
3199 393 3488 462 Christum

262 489 525 563 pradicant
545 507 558 552 ;
581 491 814 555 (repetit,
849 491 1082 558 quidam
1099 492 1347 558 quidem)
1381 492 1611 562 quidam
1639 493 1942 561 praedicant
1971 511 2035 549 ex
2055 494 2603 555 charitate,'scientes
2635 495 2892 555 videntes,
2919 493 3184 565 quoniam
3217 493 3273 548 in
3297 487 3487 551 d’ef‘en“

260 580 437 635 sionem
459 576 735 646 Evangelii
753 577 968 647 positus
990 593 1117 631 sum
1133 581 1193 632 in
1209 583 2418 652 carcere,(repelil,quidam.ijuidem)Quidam
2433 588 2619 637 autem
2649 583 2801 638 l2.ex
2822 582 3178 636 contentione
3197 573 3484 638 Christum

261 667 553 722 annuntiant
579 667 690 719 lion
721 667 957 726 sincere,
1001 667 1079 722 l5.
1105 668 1490 723 existimantes
1522 687 1839 741 pressuram
1872 678 1932 725 Se
1955 674 2230 727 suscitare
2262 673 2494 726 vinculis
2524 671 2682 736 meis,
2714 668 2803 724 sed
2833 665 2939 724 haec
2977 675 3167 725 omnia
3195 675 3371 740 magis
3416 676 3490 728 ad

255 759 516 828 perfectum
542 762 832 809 emerant.
848 755 992 820 Quid
1009 755 1158 808 enim
1181 755 1204 809 ‘l
1231 756 1446 811 Scilicet
1473 762 1657 826 refert.
1691 761 1835 814 Dum‘
1859 762 2007 814 omni
2034 779 2218 824 mmo,
2237 762 2352 815 sive
2374 777 2473 832 per
2491 761 2857 824 occasionem,
2883 761 2942 813 id
2961 763 3052 822 est,
3075 757 3299 829 propter
3313 775 3490 830 perse-

260 849 492 900 cutionem
527 847 876 898 excitandam
921 847 1081 910 mihi,
1125 846 1240 899 sive
1281 855 1381 917 per
1421 849 1730 912 veritatem,
1766 855 1950 904 sancte
1979 850 2266 904 desiderio.
2299 850 2557 906 Christus
2590 848 2976 913 annuntictur,
3012 855 3067 902 et
3098 849 3156 902 in
3187 849 3310 915 hoc,
3345 843 3491 919 quod

255 945 529 1005 pressuram
553 934 695 987 mini
708 936 967 996 excitant,
980 935 1200 1002 gaudeo
1225 951 1376 988 nunc
1395 937 1492 990 sed
1517 942 1572 990 et
1590 937 1860 1007 gaudebo.
1890 939 2148 1005 Ecceeur,
2180 936 2257 993 I4.
2283 939 2407 993 Scio
2429 939 2577 992 enim
2604 938 2736 1009 quia
2755 939 2878 996 hoc.
2905 941 3008 991 illa
3045 950 3327 1006 pressura,
3353 929 3492 993 mihi

258 1023 500 1094 proveniet
527 1024 595 1076 ad
627 1024 891 1087 salutem,
917 1037 1016 1094 per
1037 1030 1278 1078 vestram
1301 1026 1634 1079 orationem.
1664 1028 1754 1083 l5.
1777 1033 1833 1080 et
1847 1027 2426 1082 subministrationem
2443 1025 2685 1098 Spiritus
2713 1028 2845 1080 Jcs'u
2866 1027 3094 1092 Christi,
3114 1033 3165 1086 (a
3181 1031 3486 1089 contrario,

260 1117 438 1178 meum
458 1115 772 1175 mercedem,
795 1119 1063 1180 quantam
1089 1115 1230 1167 decet
1260 1118 1546 1182 spiritum,
1585 1119 1845 1180 tribuere,
1877 1118 2184 1171 secundum
2215 1117 2706 1188 exspectationem,
2745 1121 2791 1169 et
2831 1113 2928 1169 hoc
2951 1107 3208 1183 exspecto,
3246 1117 3302 1169 et
3330 1111 3490 1187 speni

259 1219 425 1264 meam,
457 1210 504 1255 et
525 1218 697 1270 spero,
725 1203 857 1273 quia
875 1204 935 1256 in
959 1204 1115 1256 nullo
1147 1204 1233 1258 16.
1256 1206 1585 1272 "confunda'r,
1626 1213 1802 1270 εδδ
1830 1205 1928 1258 sed
1958 1205 2016 1259 in
2045 1208 2231 1261 omnia
2265 1207 2485 1272 ﬁducia,
2511 1206 2652 1259 sicut
2682 1201 2920 1274 semper,
2955 1196 3012 1257 et
3039 1203 3206 1282 'nuhc,
3233 1209 3399 1258 etiam
3429 1199 3494 1260 in

261 1293 480 1354 rinastis,
505 1291 959 1360 magniﬁcabitur
974 1292 1232 1346 Christus
1253 1294 1310 1347 in
1350 1312 1582 1365 corpore
1607 1311 1751 1356 meo,
1781 1295 1896 1347 sive
1917 1303 2016 1364 per
2035 1293 2222 1354 vitam,
2253 1291 2435 1346 dando
2456 1290 2763 1359 exemplum
2795 1293 2924 1344 boni
2951 1287 3105 1353 aliis,
3134 1289 3214 1347 17.
3250 1292 3362 1346 sive
3393 1300 3496 1363 per

257 1384 474 1439 mortem,
516 1376 594 1433 18.
634 1379 772 1432 Mihi
812 1379 960 1433 enim
993 1381 1195 1441 vivere.
1229 1390 1396 1435 causa
1427 1386 1550 1436 vita?
1575 1399 1720 1442 mea,
1743 1383 1999 1436 Christus
2031 1387 2132 1445 est,
2167 1389 2224 1435 et
2254 1382 2394 1434 mori
2427 1382 2667 1447 lucrum,
2708 1382 2841 1448 quia
2879 1385 3011 1434 tunc
3046 1373 3387 1460 quiescam'a
3417 1384 3494 1434 la-

257 1469 455 1522 boribus.
493 1467 569 1524 19.
585 1469 746 1532 Quod
769 1467 818 1522 si
854 1473 1026 1523 “etiam
1060 1470 1242 1524 vivere
1273 1473 1330 1524 in
1356 1487 1542 1536 carne,
1568 1472 1654 1525 hic
1682 1472 1820 1525 mihi
1855 1471 2070 1525 fructus
2104 1471 2287 1541 operis
2319 1470 2421 1532 est,
2450 1474 2592 1523 sicut
2631 1475 2677 1523 'ct
2723 1464 2888 1532 mori,
2923 1463 2980 1522 et
3007 1461 3096 1522 ‘20.
3129 1470 3259 1539 quid
3293 1465 3498 1539 eligam

256 1568 432 1625 ignoro,
453 1573 574 1610 cum
609 1563 911 1626 utrumque
935 1562 1130 1626 prosit,
1164 1562 1301 1627 quid
1328 1565 1530 1628 eligam
1556 1565 1772 1628 ignoro,
1806 1563 1982 1614 vivere
2006 1577 2082 1614 an
2106 1563 2276 1616 mori.
2311 1559 2580 1613 Coarctor
2607 1557 2820 1622 autem,
2842 1557 3012 1624 enim,
3052 1563 3081 1611 e
3108 1546 3352 1626 duobus;
3388 1551 3496 1629 '(bis

254 1646 435 1714 πείκετε)
457 1643 800 1699 desiderium
819 1645 1030 1701 habens
1052 1648 1278 1702 dissolvi
1295 1661 1328 1702 a
1352 1664 1590 1718 corpore,
1607 1652 1799 1706 etesse
1819 1649 1945 1702 cuin
1966 1647 2209 1712 Christo,
2227 1649 2608 1716 (parenthesis)
2629 1638 2805 1700 milito
2828 1642 3007 1716 magis
3030 1640 3251 1713 melius,
3268 1635 3492 1712 scilicet,

255 1738 327 1797 est,
343 1748 433 1785 esse
445 1737 567 1785 cum
591 1734 836 1800 Christo;
858 1748 1192 1804 permanere
1210 1742 1401 1790 autem
1417 1751 1498 1791 nte
1515 1739 1574 1792 in
1591 1753 1778 1804 carne,
1798 1739 2200 1801 necessarium,
2214 1739 2369 1802 utile,
2395 1735 2624 1808 propter
2639 1746 2752 1801 vos,
2779 1742 2838 1789 ut
2851 1737 2971 1789 ‘(lcm
2993 1729 3139 1805 vobis
3159 1733 3490 1812 exemplum.

255 1821 310 1873 Et
331 1821 420 1873 hoc
448 1824 610 1890 (quod
632 1827 1006 1877 necessarium
1043 1831 1117 1879 est
1137 1829 1302 1894 vobis)
1329 1827 1635 1891 conﬁdens,
1661 1829 1774 1882 scio
1801 1827 1932 1898 quia
1965 1827 2221 1892 manebo,
2247 1823 2307 1880 et
2338 1825 2676 1897 permanebo
2704 1816 2963 1892 omnibus
2995 1821 3165 1888 vobis,
3195 1825 3346 1892 apud
3384 1823 3491 1904 vos,

255 1909 308 1962 ad
331 1910 622 1980 profectum
653 1917 924 1974 vestrum,
966 1919 1023 1966 et
1044 1914 1315 1984 gaudium
1348 1916 1498 1974 ﬁdei,
1531 1917 1675 1983 quod
1696 1903 1823 1984 ﬁdes
1852 1915 2219 1985 promeretur.
2247 1916 2327 1968 vet
2366 1919 2539 1982 exigit
2562 1933 2581 1981 ;
2607 1921 2672 1968 ut
2698 1907 3004 1984 gratulatio
3033 1905 3220 1967 vestra
3245 1913 3494 1967 abundet

254 1997 298 2049 in
321 1999 520 2053 Christo
548 2001 687 2055 Iesu
718 2001 794 2060 in,
820 2019 936 2070 per,
971 2019 1061 2056 me
1091 2007 1313 2069 scilicet,
1339 2021 1438 2074 per
1468 2021 1658 2058 meum
1682 2005 1983 2077 adventum
2011 2005 2216 2058 iterum
2242 2004 2312 2056 ad
2342 2019 2458 2056 vos.
2482 2004 2726 2056 Tantum
2748 2004 2914 2072 digne
2955 2001 3252 2071 Evangelio
3287 2001 3496 2055 Christi

253 2090 642 2150 conversamini,
669 2094 750 2143 ita
771 2096 852 2152 ut,
877 2091 992 2144 sive
1014 2109 1140 2145 cum
1163 2109 1363 2146 venero
1382 2099 1437 2146 et
1459 2094 1646 2147 videro
1669 2093 1911 2157 vos,slve
1932 2092 2156 2150 absens.
2179 2096 2382 2147 scilicet
2410 2094 2591 2159 fuero,
2619 2092 2845 2146 audiam
2877 2092 2946 2145 de
2981 2090 3134 2144 vobis
3169 2091 3302 2161 quia
3331 2090 3496 2144 statis

253 2175 298 2227 in
327 2193 423 2229 uno
447 2178 650 2247 spiritu
675 2179 990 2242 unanimes,
1020 2181 1427 2235 collaborantes
1452 2169 1577 2234 ﬁdei
1608 2181 1912 2251 Evangelii,
1943 2188 2016 2246 et,
2044 2187 2123 2236 ita
2140 2188 2222 2247 ut,
2252 2181 2310 2234 in
2341 2181 2495 2234 nullo
2523 2180 2849 2234 terreamini
2879 2179 2949 2234 ab
2979 2179 3313 2233 adversariis
3337 2198 3350 2245 ι
3374 2195 3498 2249 qua;

258 2262 389 2332 (quod
411 2269 508 2334 ipsi
537 2284 629 2319 vos
663 2257 893 2335 terrent)
920 2269 1032 2322 illis
1061 2274 1147 2322 est
1175 2287 1344 2323 causa
1372 2267 1723 2341 perditionis,
1757 2270 1912 2324 vobis
1941 2279 2129 2325 autem
2167 2270 2386 2335 salutis,
2420 2282 2606 2332 (causa
2636 2286 2738 2323 cur
2769 2287 2882 2341 non
2913 2272 3260 2334 terreamini)
3287 2274 3344 2322 et
3372 2269 3497 2334 hoc,

253 2357 368 2419 quod
403 2358 501 2422 ipsi
520 2364 611 2408 vos
639 2360 842 2409 terrere
871 2360 1082 2422 volunt,
1109 2374 1142 2411 a
1174 2359 1523 2424 Deo,sciticet
1555 2361 1750 2411 datum
1773 2365 1866 2424 est,
1893 2361 2026 2432 quia
2053 2361 2206 2415 vobis
2245 2361 2522 2440 donatum.
2554 2365 2642 2413 est
2669 2375 2771 2430 pro
2810 2358 3050 2420 Christo,
3085 2374 3198 2412 non
3231 2357 3415 2412 solum
3435 2362 3503 2412 ut

251 2441 296 2494 in
320 2458 432 2495 eum
459 2445 721 2509 credatis,
756 2445 853 2498 sed
885 2451 948 2498 ut
973 2447 1144 2500 etiam
1172 2465 1274 2518 pro
1303 2445 1397 2501 illo
1429 2443 1748 2519 patiamini.
1779 2439 1866 2516 21,
1898 2449 1988 2507 22.
2028 2451 2180 2504 idem
2199 2456 2485 2503 certamen
2513 2439 2784 2503 habentes
2813 2448 2980 2518 quale
2997 2452 3054 2502 et
3073 2446 3291 2502 vidistis
3311 2446 3494 2513 inme,

256 2529 299 2587 et
322 2552 453 2589 nunc
481 2532 722 2590 audistis
754 2537 823 2590 de
848 2553 957 2590 me.

1689 2628 1923 2683 CAPUT
1947 2628 2020 2683 II.

307 2749 356 2802 Si
381 2767 485 2820 qua
513 2767 652 2822 ergo
671 2753 983 2807 consolatio
1005 2769 1174 2822 quam
1191 2757 1497 2823 exspectetis
1513 2755 1574 2809 in
1600 2755 1844 2819 Christo,
1873 2754 1922 2808 si
1943 2738 2090 2824 quod
2108 2757 2183 2807 est
2198 2753 2340 2806 mihi
2369 2756 2431 2806 in
2454 2753 2602 2806 vobis
2631 2751 2900 2806 solatium
2917 2743 3233 2816 ehﬂﬁtatis,
3254 2735 3302 2804 ἱ.
3319 2751 3369 2805 si
3389 2750 3500 2822 qua

249 2839 450 2894 societas
470 2842 792 2913 spiritus,2.
811 2843 858 2896 si
876 2860 987 2913 qua
999 2843 1211 2897 viscera
1226 2844 1622 2908 mierationis,
1654 2846 1888 2916 implete
1911 2842 2183 2913 gaudium
2207 2853 2415 2902 meum,
2439 2833 2645 2895 scilicet
2675 2847 2739 2894 ut
2776 2841 2924 2894 idem
2947 2832 3197 2911 sapiatis.
3234 2840 3494 2895 eamdem

247 2928 542 2984 charitatem
584 2931 878 2994 habentes,
915 2934 1496 3004 unanimes,idipsum
1527 2935 1856 2999 sentientes,
1891 2928 2027 2986 nihil
2058 2947 2159 3003 per
2181 2923 2598 2985 contentionem
2634 2917 3010 3000 Iﬁﬂneque
3026 2925 3366 3000 perimam
3385 2925 3502 3000 gia-

249 3016 364 3071 riam
388 3021 644 3085 facientes
668 3040 683 3086 ;
717 3021 814 3076 sed
843 3021 904 3075 in
931 3019 1253 3076 humilitate
1277 3023 1597 3093 superiores
1622 3023 1728 3077 sibi
1759 3023 1996 3077 invicem
2027 3013 2386 3086 arbitrantes}
2412 3026 2525 3074 non
2565 3026 2688 3090 quae
2714 3023 2820 3073 'sua
2848 3017 2983 3072 sum
3005 3016 3212 3088 'sliig'uii
3242 3014 3498 3073 conside;

1575 3127 2165 3202 COMMENTARIUS.

251 3255 474 3323 nonnulli
505 3270 736 3324 tolerati
759 3273 1306 3348 suntannuntiantes
1327 3265 1439 3326 non
1458 3277 1610 3326 casto
1627 3271 1815 3326 animo
1839 3278 1890 3332 Α
1967 3267 2058 3325 18.
2084 3270 2227 3324 Mihi
2251 3272 2421 3322 enim.
2451 3267 2731 3332 Quoniam
2765 3266 2907 3321 dixit
2937 3265 3072 3338 quia
3105 3265 3490 3336 magniﬁcam-

249 3358 525 3412 veritatem.
572 3360 702 3414 Non
753 3359 944 3414 tamen
989 3356 1068 3414 illi
1111 3361 1322 3415 laudati
1373 3357 1505 3416 sunt
1544 3357 1817 3432 tanquam
1901 3363 1996 3412 tur
2022 3359 2277 3413 Christus
2306 3374 2406 3428 per
2434 3357 2625 3421 vitam,
2658 3362 2761 3410 nec
2788 3357 2936 3410 hanc
2965 3355 3356 3427 probationem
3400 3356 3500 3410 hm-

253 3448 631 3502 annuntiantes
676 3457 832 3504 casto
875 3447 1062 3504 animo
1109 3445 1431 3504 falsitatem.
1493 3445 1704 3505 Deinde
1748 3450 1817 3503 de
1897 3447 2084 3514 bebat,
2110 3448 2315 3518 adjecit
2344 3468 2358 3502 :
2385 3448 2527 3501 Mihi
2545 3450 2694 3500 enim
2719 3449 2899 3499 vivere
2918 3446 3169 3500 Christus
3188 3442 3502 3516 est;heque

246 3533 334 3587 illis
352 3537 473 3590 dicit
505 3556 516 3589 :
553 3538 682 3593 Sive
707 3543 1005 3610 occasione,
1029 3543 1140 3593 sive
1156 3543 1402 3606 veritate,
1439 3541 1687 3595 Christus
1709 3557 1816 3594 an-
1900 3537 2071 3600 enim,
2111 3537 2158 3591 si
2186 3537 2388 3601 vivam,
2420 3537 2672 3606 inquam,
2698 3534 2932 3588 alterius
2962 3534 3046 3588 réi
3073 3535 3266 3588 curam
3295 3531 3496 3588 habeo.-

253 3629 532 3680 nuntietur.
1973 3625 2060 3679 49.
2094 3626 2296 3679 LANFR.
2339 3626 2492 3692 Quod
2517 3629 2568 3678 si
2600 3627 2779 3678 vivere
2810 3627 2874 3678 in
2920 3639 3105 3678 carne;
3143 3623 3406 3687 Quandiu
3435 3619 3499 3679 iii

303 3710 381 3788 ll.
427 3695 640 3770 LANF’h.
694 3714 922 3783 Propter
966 3715 1260 3782 invidiam,
1295 3717 1381 3770 vel
1419 3710 1488 3770 ne
1517 3718 1819 3788 Apostolus
1899 3731 2068 3768 carne
2098 3731 2324 3784 possum
2357 3715 2626 3784 prolicere
2650 3711 3098 3783 aliquid,ignoro
3125 3710 3259 3781 quid
3289 3711 3498 3780 eligam

249 3797 373 3853 solus
394 3802 681 3856 videretur
699 3801 1565 3874 prmdicator,velcontendentes
1591 3822 1652 3859 se
1670 3822 1821 3876 pres—
1902 3819 2004 3857 seu
2051 3804 2191 3858 mori
2241 3820 2340 3857 seu
2395 3804 2609 3869 vivere;
2651 3808 2709 3856 et
2752 3803 2798 3854 si
2844 3802 2997 3855 enim
3048 3801 3108 3854 in
3145 3816 3313 3854 carne
3356 3799 3500 3854 nihil

248 3903 407 3942 suram
433 3893 707 3946 suscitare
736 3893 1022 3963 Apostolo.
1902 3893 2166 3962 prodesse
2192 3903 2435 3963 pbssem,
2469 3892 2621 3946 haud
2642 3891 2875 3945 dubium
2896 3891 3034 3962 quin
3064 3890 3307 3944 mortem
3323 3889 3500 3960 elige-

305 3976 379 4032 i't.
417 3979 500 4033 Ex
539 3985 886 4054 contentione
918 3982 1198 4036 Christum
1228 3984 1596 4036 annuntiant.
1621 3969 1818 4053 Neque
1899 3998 2040 4036 rem.

249 4063 469 4122 homines
512 4064 862 4124 reducebant
907 4071 976 4123 ad
1021 4070 1348 4124 memoriam
1400 4070 1534 4124 illud
1587 4067 1816 4142 propter
1967 4068 2056 4127 20.
2088 4073 2331 4125 Auens'r.
2367 4070 2560 4138 (iibdll
2590 4071 2664 4123 De
2687 4071 2823 4122 deet.
2860 4068 3082 4130 θῆκε.
3115 4066 3170 4132 2;
3201 4071 3342 4120 tom;
3369 4065 3496 4136 ΠΙ.)

252 4156 370 4222 quod
394 4155 718 4228 Apostolus,
766 4157 1147 4214 incarceratus
1175 4166 1312 4224 erat,
1359 4166 1422 4214 ut
1462 4159 1587 4214 ideo
1631 4161 1811 4230 magis
1894 4161 1963 4213 Et
1983 4161 2123 4228 quid
2142 4163 2365 4227 eligam.
2400 4160 2489 4214 Sic
2508 4167 2642 4229 ergo
2670 4155 3134 4226 distinguendum
3165 4160 3266 4218 est,
3290 4156 3339 4207 et
3358 4157 3496 4222 quid

251 4245 572 4310 punirentur.
1895 4251 2097 4315 eligam
2125 4252 2345 4315 ignoro.
2379 4247 2697 4317 Comp'ellor
2724 4251 2914 4298 autem
2935 4259 3004 4297 ex
3030 4242 3248 4309 du'obu-s
3273 4259 3287 4309 ;
3321 4257 3492 4313 quam

311 4321 379 4386 i3.
411 4331 821 4391 Existimantes.
854 4335 1267 4408 Vituperabant
1287 4334 1673 4401 Christum,ut
1694 4355 1813 4392 ma—
1897 4337 2315 4390 distinctionem
2345 4337 2603 4407 sequitur
2620 4333 3128 4404 cbnbupiscentiam
3159 4331 3372 4386 habens
3387 4330 3500 4385 dis‘.

248 4420 317 4488 gis
354 4425 649 4504 puniretur
681 4426 1007 4496 Apostolus,
1041 4419 1136 4497 qui
1186 4409 1350 4496 ligari
1398 4444 1456 4480 se
1501 4443 1698 4498 passus
1730 4425 1816 4481 est
1897 4425 2034 4479 solvi
2062 4431 2120 4479 et
2149 4442 2270 4480 esse
2305 4442 2430 4479 cum
2463 4425 2706 4480 Christo.
2743 4425 2809 4478 Et
2841 4427 3116 4494 tanquam
3147 4424 3496 4494 quiererétur

249 4514 446 4580 propter
472 4511 650 4567 talem
680 4513 1000 4568 Dominum.
1833 4526 2071 4586 _quar‘e
2122 4516 2292 4584 hujus
2342 4515 2423 4569 rei
2466 4515 2654 4586 potius
2693 4513 2900 4568 habeat
2943 4511 3478 4584 concupiscentiam,

305 4575 380 4654 ll.
415 4600 533 4655 Scio
562 4606 734 4655 enim.
764 4601 1247 4672 Vituperationem
1270 4601 1437 4656 etiam
1461 4598 1812 4658 adversario-
1833 4575 1880 4636 B
1896 4575 2077 4659 multo
2105 4575 2255 4658 enim
2280 4575 2782 4676 magis-optimum,
2812 4601 3017 4672 inquit.

252 4702 353 4741 rum
376 4683 430 4743 iii
445 4691 731 4745 Christum
744 4691 1052 4762 jaculatam
1072 4690 1361 4762 pervenire
1375 4687 1478 4746 sibi
1499 4686 1706 4746 dicitin
1728 4711 1812 4747 sa-
1962 4695 2052 4748 21.
2077 4696 2324 4748 Auaaos.
2367 4695 2516 4748 Idem
2553 4699 2851 4750 certamen.
2895 4691 3162 4762 Exemplo
3192 4690 3280 4746 sui
3303 4687 3488 4760 magis

248 4773 414 4841 lutem,
449 4779 583 4848 quia
608 4797 717 4850 quo
734 4781 913 4851 magis
931 4787 1163 4852 propter
1189 4797 1316 4836 eum
1342 4778 1571 4853 punitus
1601 4789 1704 4848 est,
1747 4799 1812 4836 eo
1897 4799 1990 4837 eos
2023 4783 2378 4837 adhortatur.

247 4864 459 4934 arnplius
487 4871 809 4923 coronatur.
1963 4873 2054 4929 22.
2093 4872 2301 4925 Larisa.
2334 4872 2484 4925 Idem
2512 4874 2788 4923 certamen
2809 4869 3078 4922 habentes.
3100 4866 3491 4934 Quantich

301 4948 381 5007 i5.
410 4955 654 5011 Asianos.
685 4951 752 5011 Et
780 4958 1629 5032 subministrationem.Largam
1661 4975 1812 5016 mer-
1895 4959 2033 5015 dixit
2060 4960 2408 5031 Pythonissaa
2438 4958 2708 5029 Philippis
2735 4958 2930 5012 futura
2958 4957 3280 5029 pmdicaré:

247 5039 410 5097 cedem
439 5040 738 5116 signiﬁcat,
767 5054 1036 5118 quantam
1069 5041 1229 5102 decet
1255 5047 1511 5120 spiritUm
1541 5041 1811 5104 tribuere.
1967 5050 2123 5103 CAP.
2158 5047 2359 5105 II.—l.
2382 5050 2625 5103 Aueusr.
2652 5053 2838 5117 (serm.
2867 5048 2951 5112 ll;
2977 5049 3050 5101 De
3070 5047 3486 5101 verbﬂomini'.

304 5128 376 5186 l6.
407 5131 620 5190 Laxrn.
653 5136 718 5190 In
742 5141 897 5191 nullo
928 5139 1263 5204 con/under.
1293 5139 1451 5202 Quod
1484 5143 1648 5200 esset,
1682 5139 1728 5193 si
1745 5139 1813 5193 ab
1898 5139 2056 5204 c.17,
2088 5143 2223 5192 tom.
2255 5137 2346 5207 X.)
2380 5138 2444 5192 Si
2469 5145 2580 5206 qua
2609 5137 2954 5191 societas-Ad
2969 5135 3152 5207 ipsum
3183 5134 3333 5188 enim
3361 5132 3493 5203 per-

250 5215 465 5292 incepto
485 5224 846 5291 destitissent,
863 5227 949 5279 vel
966 5225 1014 5280 si
1036 5227 1183 5296 quod
1206 5239 1369 5298 spero
1389 5245 1502 5282 non
1525 5227 1817 5283 habiturus
1899 5228 2043 5282 tinet
2062 5227 2300 5281 societas
2333 5243 2446 5298 qua
2474 5225 2753 5281 efficimur
2789 5229 2967 5280 unum
2997 5227 3200 5295 corpus
3228 5221 3382 5277 unici
3408 5221 3497 5276 Fi-

250 5320 424 5368 essem.
1898 5317 1961 5371 lii
1995 5317 2121 5374 Dei.

300 5399 382 5452 47.
422 5403 672 5456 Asillius.
720 5404 848 5460 Sive
891 5413 992 5473 per
1043 5411 1294 5460 mortem.
1347 5405 1624 5477 Sperabat
1667 5407 1818 5460 enim
1970 5407 2006 5460 2
2058 5410 2305 5463 AMBROS.
2348 5407 2413 5463 Si
2458 5423 2570 5476 qua
2609 5409 2836 5468 viscera,
2868 5404 2926 5458 id
2957 5408 3064 5467 ast,
3108 5401 3158 5456 si
3194 5399 3498 5472 diligentes

248 5482 446 5626 1Cnhristo
473 5493 812 5548 concedente
837 5498 1080 5550 mortem
1119 5502 1281 5550 suam
1326 5502 1442 5550 non
1486 5495 1610 5550 fieri
1662 5495 1822 5551 abso-
1903 5513 2006 5551 nos
2031 5496 2338 5551 condoletis
2368 5495 2530 5550 nobis
2556 5493 2695 5550 talia
2723 5491 3084 5564 patientibus.

299 5584 349 5626 te
375 5585 476 5626 aut
503 5596 664 5626 vane-

299 5584 349 5629 te
375 5585 476 5633 aut
503 5596 664 5637 vane.
