3936 6178
273 102 378 163 311
1258 99 1321 155 Β.
1363 100 1779 158 LANFRANCI
1817 101 1893 157 CA

2002 99 2176 157 'UAR.
2216 97 2554 155 ARCHIEP.
3445 95 3552 154 312

275 232 487 295 rantes,
520 224 621 284 sed
645 241 714 282 ea
736 240 860 298 quae
888 223 1148 280 aliorum.
1185 222 1236 281 3.
1274 225 1391 279 Hoc
1420 226 1571 280 enim
1601 225 1806 280 sentite
1836 225 1895 279 in
1923 222 2077 279 vobis
2108 224 2254 294 quod
2286 228 2343 277 et
2371 222 2429 276 in
2457 221 2680 276 Christo
2710 223 2869 279 Jesu.
2891 222 2998 287 Qui
3018 239 3146 279 cum
3166 225 3225 278 in
3251 222 3431 279 forma
3450 223 3554 279 Dei

279 324 444 383 esset,
478 317 535 383 4,
567 321 625 373 5.
654 331 767 370 non
797 313 1077 384 rapinam,
1103 318 1163 367 ut
1182 317 1407 382 primus
1438 316 1620 373 homo.
1640 314 1946 369 arbitratus
1976 320 2064 367 est
2091 329 2213 366 esse
2236 329 2298 366 se
2314 311 2587 383 aequalem
2619 311 2752 377 Deo,
2775 312 2829 378 6,
2866 309 2918 367 7.
2947 312 3044 366 sed
3074 313 3442 385 semetipsum
3468 326 3560 366 ex-

279 406 535 472 inanivit,
562 406 906 459 huiniliavit.
936 398 991 457 8.
1018 402 1259 456 formam
1282 403 1426 458 servi
1447 403 1743 475 accipiens,
1759 404 1817 458 in
1833 402 2258 458 similitudinem
2282 402 2594 466 hominum,
2617 404 2807 455 carnis
2837 404 3175 469 peccatricis,
3201 402 3401 467 factus,
3420 401 3476 457 9.
3500 407 3561 456 et

277 496 480 552 habitu
506 495 763 549 inventus
793 496 857 546 ut
880 491 1069 557 homo,
1101 494 1281 545 sitivit
1309 495 1565 554 esurivit.
1596 498 1702 546 etc.
1732 490 2063 547 Humiliavit
2089 489 2458 561 semetipsum
2500 488 2681 543 factus
2719 487 2985 544 obediens
3009 506 3187 561 usque
3215 490 3288 545 ad
3318 494 3561 545 mortem

283 587 686 655 turpissimam,
719 585 958 636 mortem
990 584 1181 634 autem
1207 580 1406 635 crucis.
1449 578 1530 637 l0.
1566 581 1803 653 PrOpter
1831 580 2001 652 quod,
2033 582 2168 649 quia
2197 580 2524 634 humiliavil
2549 595 2620 644 se,
2639 584 2698 633 et
2712 579 2861 634 Deus
2891 579 3154 634 exultavit
3179 579 3361 645 illum,
3392 578 3477 635 11.
3502 584 3563 634 et

281 672 510 729 donavit
545 670 627 725 illi
656 685 882 733 nomen,
915 667 1063 740 quod
1088 675 1174 723 est
1201 686 1372 740 super
1394 686 1560 725 omne
1590 676 1897 735 nomen,ut
1909 669 1970 723 in
1984 668 2212 723 nomine
2230 668 2259 722 J
2265 684 2394 722 esus
2418 683 2606 733 omne,
2638 683 2705 722 ea:
2730 670 2886 725 omni
2902 684 3097 737 genere
3108 685 3257 738 genu
3277 669 3558 734 ﬂectatur,

279 765 363 816 vel
398 765 471 827 vi,
492 764 573 816 vel
593 764 894 822 voluntate,
916 756 1001 812 12.
1020 758 1350 825 caalestium,
1368 758 1743 833 terrestrium,
1762 764 1820 813 et
1839 757 2208 819 infernarum,
2237 762 2295 811 et
2320 759 2401 810 ita
2421 762 2484 811 ut
2509 755 2691 811 omnis
2710 755 2906 827 lingua
2928 758 3265 812 conﬁteatur
3296 757 3432 829 quia
3454 757 3565 812 Do-

282 849 470 905 minus
497 850 660 903 Jesus
682 848 938 902 Christus
957 849 1017 905 in
1037 847 1219 919 gloria
1238 852 1325 901 est
1351 840 1452 902 Dei
1481 847 1684 901 Patris.
1704 848 1901 919 Itaque
1921 850 2061 901 sicut
2084 847 2355 912 Christus,
2380 849 2483 914 qui
2510 848 2573 899 in
2595 847 2852 900 omnibus
2874 862 2929 899 se
2959 847 3308 909 humiliavit,
3335 845 3557 901 charis-

282 938 412 993 simi
440 936 571 1002 mei,
613 936 725 1007 [13.
751 936 898 989 sicut
922 952 1148 1008 semper
1174 932 1472 1007 obedistis]
1505 951 1617 989 non
1646 941 1711 989 ut
1736 936 1795 990 in
1827 934 2126 1007 praisentia
2152 933 2263 989 mei
2288 939 2510 989 tantum
2532 934 2627 988 sed
2649 934 2828 990 multo
2844 935 3027 1006 magis
3055 951 3207 990 nunc
3228 935 3289 989 in
3307 934 3567 990 absentia

280 1042 432 1091 mea,
452 1023 535 1092 14,
567 1041 693 1079 cum
725 1029 897 1087 metu,
934 1031 991 1079 et
1016 1030 1263 1079 tremore
1291 1040 1379 1077 vos
1408 1026 1549 1091 ipsos
1578 1024 1953 1086 humiliando,
1977 1030 2024 1077 et
2040 1040 2159 1092 qua:
2171 1026 2417 1077 aliorum
2433 1029 2564 1077 sunt
2587 1025 2895 1092 quaerendo,
2915 1030 3156 1079 vestram
3174 1025 3412 1078 salutem
3428 1040 3568 1096 ope-

282 1113 510 1169 ramini.
549 1112 630 1170 15.
661 1114 809 1168 Deus
831 1119 915 1167 est
928 1113 1101 1181 enim,
1121 1112 1217 1184 qui
1240 1118 1509 1183 operatur
1539 1111 1597 1166 in
1625 1110 1779 1166 vobis
1794 1117 1851 1167 et
1871 1099 2101 1179 velle,et
2124 1113 2411 1183 perﬁcere,
2444 1128 2545 1184 pro
2575 1111 2729 1166 bona
2750 1128 2853 1166 sua
2880 1113 3187 1177 voluntate,
3230 1129 3342 1167 non
3389 1116 3567 1166 meri-

287 1204 356 1256 tis
378 1200 589 1256 vestris.
626 1200 831 1255 Omnia
858 1207 1049 1255 autem
1074 1200 1239 1255 facite
1270 1199 1389 1253 sine
1432 1199 1993 1267 murmurationibus,
2041 1217 2153 1255 non
2198 1204 2629 1267 recalcitrantes,
2672 1207 2730 1255 et
2770 1200 3217 1256 haesitationibus
3255 1204 3320 1255 in
3363 1203 3469 1269 ﬁde
3500 1209 3569 1255 ut

285 1289 409 1343 sitis
433 1289 554 1343 sine
584 1289 812 1361 querela
862 1295 923 1343 ut
970 1306 1080 1344 non
1110 1291 1277 1358 possit
1327 1290 1391 1341 de
1435 1290 1581 1342 vobis
1609 1293 1891 1358 conqueri,
1932 1295 1990 1344 et
2039 1290 2337 1360 simplices,
2371 1306 2483 1343 non
2512 1291 2800 1358 hypccrisi
2830 1295 3006 1355 ιδῃ
3039 1290 3142 1344 ﬁlii
3174 1290 3293 1355 Dei,
3326 1289 3448 1343 sine
3473 1307 3568 1344 re-

286 1378 660 1449 prehensione
681 1377 738 1432 in
765 1378 951 1432 medio
979 1377 1225 1432 nationis
1256 1392 1438 1447 prava:
1467 1381 1526 1430 et
1551 1393 1857 1448 perversae;
1891 1379 2040 1433 inter
2070 1395 2210 1450 quos
2236 1378 2435 1433 lucetis
2465 1378 2611 1433 sicut
2652 1379 2954 1434 luminaria
2981 1379 3041 1434 in
3066 1380 3298 1445 mundo,
3331 1378 3566 1434 verbum

287 1465 414 1520 vitae
444 1483 532 1521 vos
560 1466 912 1520 continentes
950 1466 1024 1520 ad
1060 1465 1303 1536 gloriam
1333 1481 1537 1529 meam,
1583 1467 1730 1519 unde
1773 1468 2075 1534 gloriabor,
2110 1467 2169 1521 in
2197 1467 2289 1521 die
2319 1466 2546 1533 Christi,
2573 1474 2706 1537 (ecce
2736 1470 2864 1537 cur)
2892 1466 3026 1538 quia
3071 1484 3185 1521 non
3227 1467 3287 1521 in
3329 1482 3571 1522 vacuum

283 1554 527 1622 cucurri,
557 1570 741 1625 neque
794 1555 854 1609 in
893 1570 1133 1609 vacuum
1162 1553 1434 1609 laboravi.
1472 1550 1556 1610 16.
1592 1554 1701 1610 Sed
1729 1563 1787 1609 et
1814 1555 1863 1609 si
1892 1554 2154 1610 inamolor
2187 1572 2281 1625 ego
2322 1559 2432 1625 ipse
2469 1572 2574 1625 pro
2618 1559 2785 1620 vobis,
2815 1572 2989 1627 supra
3033 1556 3394 1620 sacriﬁcium,
3422 1556 3570 1624 quod

287 1644 393 1711 feci
429 1645 551 1711 Deo,
577 1644 640 1697 de
667 1644 770 1710 ﬁde
798 1648 994 1709 vestra,
1030 1648 1089 1698 et
1117 1642 1449 1714 obsequium
1493 1642 1625 1696 ﬁdei
1671 1649 1887 1711 vestrae,
1924 1643 1988 1701 17
2038 1644 2279 1714 gaudeo,
2335 1643 2412 1701 l8.
2461 1651 2519 1700 et
2564 1646 2928 1716 congratulor
2972 1644 3233 1700 omnibus
3274 1644 3453 1711 vobis,
3486 1647 3570 1697 vel

288 1733 423 1799 quia
450 1734 582 1785 tates
623 1735 771 1785 estis.
821 1731 1073 1803 Idipsum
1111 1737 1322 1797 autem,
1353 1732 1414 1785 id
1464 1736 1559 1798 est,
1608 1732 1672 1784 de
1715 1732 1812 1784 hoc
1860 1740 1911 1785 si
1956 1737 2237 1802 immolor,
2282 1739 2340 1788 et
2387 1750 2504 1798 vos,
2536 1738 2616 1789 vel
2656 1741 2719 1788 ut
2757 1738 3025 1789 similiter
3053 1735 3448 1798 immolemini,
3487 1735 3571 1787 vel

287 1821 422 1888 quia
459 1822 763 1889 exemplar,
788 1819 1052 1892 gaudete,
1084 1825 1143 1874 et
1169 1817 1644 1889 congratulamini
1692 1818 1834 1873 mihi
1871 1819 1962 1875 19.
2012 1820 2188 1892 Spero
2236 1826 2449 1883 autem,
2497 1821 2557 1877 in
2600 1821 2843 1879 Domino
2884 1823 3038 1889 Jesu,
3087 1821 3447 1877 Timotheum
3478 1836 3571 1875 me

1640 1987 2234 2048 COMMENTARIUS.

363 2136 417 2196 3.
447 2139 654 2193 Lassa.
686 2139 796 2194 Hoc
838 2142 988 2194 enim
1030 2142 1245 2203 sentite,
1285 2138 1343 2193 id
1385 2142 1487 2203 est,
1509 2138 1887 2193 humilitatem
1908 2146 1956 2204 Α
1978 2141 2116 2207 lum,
2143 2143 2241 2198 sed
2257 2160 2375 2198 rem
2418 2145 2721 2214 quamdam
2760 2143 3095 2215 acquisitam
3114 2141 3339 2213 ei,quia
3359 2157 3579 2196 assum-

293 2233 351 2283 et
378 2228 713 2282 charitatem
748 2231 891 2299 (qua:
920 2228 1159 2283 aliorum
1191 2234 1325 2282 sunt
1344 2235 1676 2299 quaerentes)
1692 2228 1893 2283 habete
1976 2237 2105 2301 ptus
2132 2238 2216 2285 est
2249 2248 2284 2286 a
2310 2232 2515 2299 Verbo,
2549 2239 2614 2288 ut
2642 2233 2782 2287 illud
2811 2238 2868 2287 et
2894 2237 3251 2302 cognoscant,
3302 2231 3575 2302 quoniam

293 2317 354 2371 in
385 2315 541 2372 vobis
573 2333 713 2388 quas
741 2318 801 2372 in
832 2317 1059 2372 Christo
1101 2316 1295 2376 fuisse.
1337 2324 1394 2371 et
1425 2317 1573 2388 quod
1604 2317 1891 2372 Christum
1975 2336 2181 2376 nomen
2206 2321 2309 2375 tibi
2348 2323 2640 2377 Dominus.

293 2406 491 2461 fecisse
518 2406 692 2473 scitis,
725 2407 874 2477 quod
904 2412 991 2461 est
1023 2423 1035 2460 :
1071 2407 1177 2461 Hoc
1204 2409 1397 2460 sentite
1422 2411 1485 2460 in
1515 2408 1680 2471 vobis,
1714 2413 1819 2461 etc.

364 2494 414 2551 4.
456 2496 581 2550 Νοη
606 2498 891 2565 rapinam.
915 2494 1183 2566 Quisquis
1206 2494 1517 2553 arbitratur
1531 2512 1591 2549 se
1607 2512 1728 2550 esse
1746 2496 1897 2567 quod

293 2598 410 2639 non
439 2589 543 2650 est,
576 2584 990 2657 quodammodo
1015 2584 1073 2638 in
1104 2584 1228 2655 ipsa
1253 2600 1359 2638 sua
1379 2584 1641 2656 Opinione
1670 2584 1896 2640 aliunde

298 2673 449 2746 rapit
479 2672 585 2727 sibi
615 2674 763 2745 quod
790 2690 903 2729 non
932 2679 1036 2728 est.

366 2762 420 2819 5.
449 2765 700 2821 Anaus'r.
724 2762 846 2830 (lib.
871 2776 914 2818 ιι
942 2763 1097 2818 Cant.
1129 2764 1516 2829 Maximin.,e.
1537 2766 1743 2827 5,tom.
1773 2761 1896 2835 VI.)

296 2851 419 2906 Non
448 2854 733 2920 rapinam.
758 2849 905 2922 Ergo
938 2850 1189 2922 intellige
1200 2851 1532 2922 Apostolum
1553 2851 1680 2907 ideo
1691 2852 1898 2907 dixisse

295 2954 410 2996 non
437 2942 703 3008 rapinam
724 2942 1037 2994 arbitratus
1055 2945 1129 2993 est
1155 2956 1261 2993 esse
1280 2956 1332 2993 se
1348 2943 1612 3008 aequalem
1626 2940 1750 3002 Deo,
1764 2939 1900 3011 quia

294 3043 410 3081 non
440 3027 681 3082 aliorum
702 3026 1015 3082 arbitratus
1037 3032 1123 3081 est
1138 3043 1260 3081 esse
1293 3027 1441 3099 quod
1463 3034 1630 3082 natus
1650 3034 1769 3091 est;
1800 3028 1899 3083 sed

294 3121 487 3171 tamen
520 3116 777 3188 quamvis
797 3116 1177 3187 aequalitatem
1212 3115 1314 3170 Dei
1337 3132 1447 3169 non
1460 3116 1631 3171 fuerit
1650 3117 1893 3171 arbitra-

2046 2408 2137 2466 12.
2166 2410 2491 2465 Cretes-tium.
2524 2410 2849 2465 Caelestium
2888 2409 3025 2464 dicit
3068 2407 3430 2463 invisibilium
3458 2408 3580 2462 vir-

1978 2503 2200 2565 tutum;
2240 2500 2595 2555 terrestrium
2643 2516 2793 2565 vero,
2826 2500 3077 2554 vivorum
3116 2497 3450 2552 hominum:
3485 2497 3581 2551 in-

1978 2587 2265 2643 fernorum
2296 2590 2489 2653 etiam,
2541 2589 2764 2643 illorum
2813 2588 2909 2659 qui
2947 2588 3157 2642 mortui
3197 2594 3348 2653 sunt,
3378 2586 3473 2658 qui
3517 2592 3579 2639 et

1976 2676 2085 2748 ipsi
2127 2695 2228 2750 per
2274 2679 2743 2733 resurrectionem
2781 2679 2962 2733 Deum
3004 2675 3421 2731 conﬁtebuntur
3456 2691 3578 2730 suae

1980 2766 2410 2821 resurrectionis
2437 2773 2745 2821 auctorem.

2052 2871 2136 2927 l3.
2170 2873 2323 2929 Sicut
2372 2889 2601 2943 semper.
2629 2873 2854 2946 Optime
2905 2888 3007 2945 per
3050 2871 3383 2926 memoriam
3430 2887 3583 2942 prie-

1980 2963 2299 3029 teritorum,
2332 2963 2615 3035 persuasit
2641 2962 2755 3016 illis
2784 2961 2927 3016 nihil
2952 2962 3021 3016 de
3050 2967 3249 3015 caetero
3282 2959 3581 3031 indignum

1979 3069 2199 3125 sapere.

2055 3142 2138 3198 14.
2172 3144 2412 3196 Auens'r.
2467 3140 2582 3208 (lib.
2633 3142 2707 3196 De
2754 3145 2903 3209 grat.
2948 3144 2997 3193 et
3039 3140 3141 3195 lib.
3179 3140 3325 3203 arb.,
3367 3154 3487 3209 cap.
3523 3136 3581 3202 9,

292 3211 388 3260 tus
410 3205 676 3269 alienam,
700 3205 800 3259 sed
818 3220 1002 3274 suam,
1025 3204 1393 3275 semetipsum
1423 3204 1744 3272 exinanivit,
1778 3222 1893 3261 non

2002 3246 2112 3284 om.
2139 3230 2280 3301 V11.)
2310 3233 2447 3287 Cum
2474 3204 2687 3284 metuet
2720 3204 2972 3284 tremore.
3005 3228 3297 3299 Tanquam
3327 3204 3459 3298 ergo
3498 3226 3589 3281 in-

298 3309 556 3364 quiet-ens
583 3310 707 3364 que
732 3310 839 3348 sua
865 3299 1017 3358 sunt,
1042 3292 1140 3346 sed
1169 3309 1294 3363 quae
1331 3299 1526 3349 nostra
1560 3301 1712 3349 sunt.

364 3380 421 3435 6.
455 3381 632 3439 (illae.
660 3382 1024 3451 Semetipsum
1051 3384 1383 3439 exinanivit.
1411 3383 1788 3454 Semetipsum
1805 3400 1895 3438 ex-

296 3469 543 3526 inanisse
568 3479 671 3534 est,
698 3468 769 3523 ab
798 3469 1202 3524 invisibilitatis
1231 3486 1347 3525 sum
1379 3471 1785 3541 magnitudine,
1814 3473 1899 3527 vi-

295 3558 516 3614 sibilem
544 3574 605 3613 se
635 3558 1048 3625 demonstrare,
1073 3563 1157 3612 'ut
1196 3558 1437 3613 formam
1476 3562 1622 3614 servi
1653 3567 1886 3633 tegeret,

297 3648 450 3718 quod
476 3646 962 3720 incircumscripte
1000 3646 1191 3702 omnia
1219 3663 1285 3701 cx
1312 3648 1605 3705 divinitate
1626 3657 1896 3723 penetra-

298 3742 410 3791 ret.

364 3824 419 3880 7.
447 3826 692 3880 Manes.
723 3827 830 3881 Sed
862 3829 1242 3896 semetipsum,
1286 3828 1393 3882 hoc
1440 3832 1527 3882 est
1562 3827 1900 3899 dignitatem

295 3930 457 3969 suam
482 3913 798 3981 abscondit,
827 3914 932 3969 hoc
969 3917 1151 3971 solum
1196 3917 1347 3971 enim
1391 3914 1752 3972 audientibus
1777 3933 1900 3973 esse

296 4003 725 4059 existimabatur
753 4004 902 4075 quod
932 4012 990 4059 et
1018 4004 1190 4060 videri
1230 4011 1470 4077 poterat.

365 4092 421 4148 8.
457 4095 719 4148 Formam
747 4097 912 4148 servi.
942 4093 1105 4159 Quod
1129 4094 1294 4162 dixit,
1321 4096 1578 4149 Formam
1599 4097 1743 4149 servi
1754 4097 1901 4149 acci-

292 4186 474 4253 piens,
506 4183 765 4255 exposuit
791 4182 1025 4249 addens,
1049 4187 1114 4238 in
1137 4185 1573 4239 similitudinem
1603 4185 1899 4238 hominum

293 4272 495 4339 factus,
529 4272 711 4326 factus
739 4272 928 4343 posuit
955 4289 1058 4343 pro
1085 4269 1369 4341 habitans,
1385 4273 1895 4328 insimititudinem

295 4360 589 4415 hominum
614 4361 674 4415 id
704 4365 809 4426 est,
840 4363 899 4415 in
923 4361 1171 4415 homine.

367 4447 421 4503 9.
444 4450 687 4504 Ληουεῖ.
736 4447 852 4516 (lib.
906 4464 1133 4516 Lxxxm,
1167 4449 1359 4516 Quest.
1403 4467 1458 4521 q.
1494 4449 1586 4516 73,
1613 4454 1751 4504 tom.
1776 4450 1894 4517 IV.)

298 4537 504 4592 Habitu
526 4539 803 4604 inventus,
819 4536 879 4591 id
892 4543 998 4603 est,
1018 4537 1274 4592 habendo
1295 4538 1604 4605 hominem,
1637 4538 1899 4593 inventus

299 4630 367 4680 ut
383 4625 554 4680 homo
583 4631 688 4680 est.

370 4716 617 4769 Ausnos.
658 4715 998 4769 Humiliavit
1033 4717 1410 4783 semetipsum.
1448 4715 1637 4786 Usque
1665 4716 1722 4769 in
1746 4716 1896 4771 hunc

296 4803 482 4858 locum
511 4803 611 4860 illa
632 4818 757 4875 qua:
794 4803 868 4857 ad
893 4803 1139 4858 divinam
1178 4809 1442 4858 naturam
1489 4804 1776 4875 pertinent
1815 4805 1896 4859 vi-

297 4909 395 4947 sus
423 4898 511 4948 est
535 4892 758 4947 dixisse.
791 4893 917 4961 1am
936 4908 1065 4947 vero
1087 4892 1160 4946 ad
1186 4892 1286 4947 illa
1311 4893 1517 4947 transit
1546 4910 1670 4964 quae
1700 4894 1896 4948 huma-

296 4999 383 5037 nm
413 4988 649 5054 possunt
674 4982 857 5054 aptari
881 4988 1116 5037 naturae.

366 5070 457 5129 10.
477 5075 707 5141 Propter
724 5074 888 5141 quod.
910 5072 1029 5127 Illis
1048 5071 1405 5126 sermonibus
1429 5071 1523 5142 qui
1537 5076 1701 5125 erant
1713 5071 1895 5126 deita-

293 5162 370 5217 tis
397 5160 673 5217 suadebat
696 5160 858 5217 nobis
907 5161 1322 5229 humilitatem;
1363 5161 1436 5215 de
1482 5159 1593 5214 illis
1629 5176 1761 5214 vero
1799 5160 1896 5231 qui

293 5253 602 5307 secundum
640 5252 1054 5307 humanitatem
1094 5250 1225 5306 facti
1253 5255 1405 5317 sunt,
1439 5249 1688 5304 ostendit
1717 5250 1897 5320 ipsam

294 5340 673 5398 humilitatem
702 5341 1037 5397 lucrativam
1062 5357 1186 5395 rem
1215 5356 1359 5394 esse.

363 5430 452 5488 11.
482 5431 549 5490 Et
574 5432 801 5487 donavit
830 5431 943 5488 illi.
974 5429 1212 5493 Evidens
1232 5433 1320 5483 est
1338 5427 1487 5501 quod
1517 5442 1633 5482 non
1653 5426 1891 5482 vocabu-

1971 3324 2357 3389 terrogaretur
2376 3320 2675 3390 Apostolus
2690 3325 2747 3373 et
2765 3319 3045 3373 diceretur
3065 3318 3115 3370 ei
3145 3334 3157 3370 :
3183 3317 3373 3381 Quare
3391 3316 3589 3370 dixisti

1915 3423 1960 3482 Β
1979 3424 2106 3462 cum
2132 3408 2336 3462 timore
2366 3414 2423 3462 et
2450 3408 2719 3462 tremore?
2741 3408 2944 3462 horum
2977 3406 3272 3460 verborum
3305 3405 3587 3460 rationem

1982 3496 2229 3551 reddidit
2256 3497 2445 3551 dicens
2480 3515 2491 3550 :
2524 3499 2665 3551 Deus
2693 3500 2843 3551 enim
2867 3513 2961 3565 qui
3004 3500 3269 3565 operatur
3307 3497 3371 3548 in
3412 3497 3585 3549 vobis.

1983 3586 2040 3640 Si
2072 3586 2220 3640 enim
2249 3586 2462 3641 timetis
2506 3592 2563 3640 et
2606 3585 2872 3650 tremitis,
2921 3601 3033 3638 non
3074 3583 3409 3637 extollimini
3451 3589 3591 3636 tan-

1979 3694 2148 3748 quam
2178 3679 2248 3732 de
2275 3679 2470 3732 vestris
2505 3677 2669 3731 bonis
2698 3676 2981 3749 operibus,
3014 3676 3148 3747 quia
3189 3675 3340 3730 Deus
3368 3680 3454 3729 est
3483 3675 3587 3746 qui

1981 3774 2249 3838 operatur
2267 3767 2325 3821 in
2356 3766 2527 3821 vobis.

2056 3855 2142 3911 15.
2174 3856 2377 3911 LANFR.
2407 3857 2546 3909 Deus
2568 3860 2643 3908 cst
2671 3857 2842 3908 enim.
2874 3852 3039 3907 Ratio
3070 3869 3171 3907 cur
3217 3851 3419 3905 dixerit
3451 3867 3587 3905 cum

1983 3950 2138 3998 metu
2165 3950 2223 3999 et
2248 3951 2494 3999 tremore
2519 3963 2531 4015 ;
2559 3959 2783 3998 summa
2812 3943 2963 3998 enim
2995 3941 3306 3995 reverentia
3336 3947 3394 3994 et
3420 3955 3587 3993 men-

1983 4034 2057 4088 tis
2077 4041 2136 4087 et
2162 4034 2413 4105 corporis
2442 4032 2759 4087 faciendum
2790 4036 2876 4085 est
2902 4031 3061 4099 illud,
3090 4031 3249 4101 cujus
3287 4029 3436 4084 Deus
3454 4044 3587 4082 coo-

1984 4130 2213 4194 perator
2240 4121 2444 4177 existit.

2052 4210 2143 4267 46.
2170 4211 2277 4266 Sed
2304 4218 2353 4265 et
2372 4215 2422 4266 si
2446 4213 2725 4265 immolor.
2756 4210 3107 4272 Immolatus,
3140 4207 3196 4262 id
3227 4213 3332 4273 est,
3365 4206 3586 4262 occisus

1979 4306 2068 4355 est
2104 4301 2410 4372 apostolus,
2444 4302 2574 4372 quia
2606 4301 2706 4354 hos
2730 4305 2787 4353 et
2812 4299 2952 4353 alios
2971 4298 3042 4353 ad
3073 4298 3251 4352 Deum
3281 4295 3578 4360 convertit,

1980 4407 2221 4462 quorum
2250 4389 2415 4444 ﬁdem
2449 4388 2610 4460 quasi
2659 4387 2994 4442 sacrificium
3017 4392 3075 4440 et
3102 4384 3432 4455 obsequium
3465 4383 3585 4437 Deo

1979 4479 2202 4535 obtulit.
2231 4479 2299 4533 Et
2322 4484 2408 4532 est
2432 4494 2647 4541 sensus,
2683 4477 2937 4548 quamvis
2963 4474 3299 4529 sacriﬁcium
3330 4471 3584 4543 corporis

1981 4569 2093 4621 mei
2122 4568 2291 4639 [sup.,
2315 4564 2597 4638 olleram],
2616 4565 2761 4619 addo
2781 4563 3138 4630 sacriﬁcium,
3163 4568 3219 4617 et
3247 4560 3583 4631 obsequium

1982 4657 2112 4711 ﬁdei
2138 4662 2350 4721 vestrae,
2385 4661 2491 4709 etc.

2046 4762 2137 4818 17.
2171 4764 2404 4826 Gaudeo,
2437 4763 2545 4814 etc.
2578 4759 2830 4824 Gaudeo,
2868 4757 3073 4828 inquit,
3105 4756 3174 4810 de
3204 4754 3473 4826 obsequio
3517 4756 3586 4808 fi-

1980 4852 2071 4906 dei
2099 4857 2317 4917 vestraz,
2347 4850 2405 4904 id
2433 4855 2537 4914 est,
2562 4849 2631 4902 de
2659 4848 2763 4901 hoc
2794 4846 2943 4917 quod
2974 4846 3143 4899 ﬁdem
3173 4850 3417 4899 vestram
3460 4844 3578 4898 Deo

1980 4940 2314 5005 sacriﬁcavi;
2344 4944 2401 4993 et
2429 4954 2541 4991 non
2568 4937 2637 4990 de
2654 4938 2758 4989 hoc
2781 4941 3024 4999 tantum,
3056 4934 3154 4987 sed
3180 4933 3357 4987 etiam
3374 4932 3422 4986 si
3440 4948 3576 4985 con-

1979 5030 2165 5100 tingat
2189 5028 2326 5082 mihi
2356 5044 2456 5098 pro
2485 5025 2662 5092 vobis,
2693 5024 2751 5078 id
2784 5030 2887 5090 est,
2921 5023 2969 5077 si
2998 5021 3282 5076 immolor.

2051 5134 2142 5194 18.
2173 5137 2239 5191 Et
2266 5136 2647 5201 congratulor,
2668 5131 2726 5185 id
2761 5136 2867 5197 est,
2894 5129 3111 5200 gratias
3128 5144 3256 5198 ago,
3285 5127 3418 5199 quia
3448 5125 3578 5181 obe-

1980 5226 2194 5281 dientia
2214 5230 2398 5279 vestra
2426 5224 2531 5277 hoc
2561 5221 2701 5275 mihi
2729 5219 2986 5274 contulit.

2054 5333 2138 5389 l9.
2183 5330 2349 5401 Spero
2390 5334 2596 5395 autem,
2651 5333 2757 5383 etc.
2805 5326 3034 5381 Mittens
3080 5323 3384 5397 Apostolus
3431 5322 3577 5378 hanc

1978 5420 2285 5494 Epistolam
2331 5434 2433 5489 per
2473 5415 2938 5491 Epaphroditum,
2990 5412 3277 5485 promittit
3328 5410 3480 5482 quod
3517 5428 3577 5465 ev
