4040 6186
306 194 405 255 313

961 196 1039 253 ΙΝ
1075 196 1143 252 D.
1182 193 1400 275 PAULI
1437 192 1660 250 EPIST.
1704 191 2073 251 COMMENT.
2111 223 2182 234 —
2220 194 2442 253 EPIST.
2482 196 2579 277 AD
2617 195 2927 253 PHILIPP.

3467 196 3572 265 314

309 319 417 376 cito
449 319 679 375 mittere
708 319 779 374 ad
809 335 929 387 vos,
959 324 1023 374 ut
1068 334 1171 387 ego
1216 316 1363 371 bono
1416 316 1606 371 animo
1636 316 1763 383 sim,
1817 315 2055 386 cognitis
2086 334 2209 389 quae
2238 319 2384 374 circa
2414 337 2511 375 vos
2541 326 2671 374 sunt
2725 319 3023 376 Neminem
3054 320 3201 376 enim
3236 320 3415 377 habeo
3453 329 3574 378 tam

299 409 625 464 unanimem
656 411 819 475 mihi,
853 408 948 480 qui
979 408 1199 462 sincera
1225 405 1536 472 affectione,
1570 422 1683 460 non
1700 421 1802 475 pro
1833 409 1987 460 lucro
2006 411 2241 473 terreno,
2270 425 2369 480 pro
2396 409 2549 463 vobis
2578 409 2849 464 sollicitus
2880 409 2972 464 sit.
3007 409 3215 465 Omnes
3244 412 3394 466 enim
3425 429 3558 481 quos

301 498 486 560 habeo,
520 515 645 569 quae
673 513 776 552 sua
804 501 939 551 sunt
965 497 1247 549 commoda
1274 500 1550 566 quaerunt,
1578 510 1691 548 non
1712 510 1836 565 quae
1868 500 2001 549 sunt
2028 494 2161 550 Jesu
2183 497 2411 552 Christi.
2432 498 2909 570 Experimentum,
2932 501 3200 566 studium,
3220 507 3408 555 autem
3429 503 3571 572 ejus,

303 587 591 651 Timothei,
614 587 950 657 cognoscite,
976 586 1109 657 quia
1127 588 1329 639 scilicet
1361 583 1507 637 sicut
1520 583 1668 655 patri
1704 582 1873 648 illius,
1899 598 2121 637 mecum
2149 587 2378 641 servivit
2404 587 2462 641 in
2511 588 2830 656 Evangelio.
2874 588 3034 642 Hunc
3064 588 3259 659 igitur,
3282 593 3418 658 quia
3443 592 3573 645 talis

297 682 389 741 est,
420 693 589 747 spero
618 694 709 731 me
736 677 963 731 mittere
983 677 1053 730 ad
1077 692 1189 737 vos,
1214 690 1341 728 mox
1371 680 1436 729 ut
1463 674 1651 728 videro
1681 689 1804 745 quae
1833 673 1979 727 circa
2012 690 2102 729 me
2132 680 2283 729 sunt.
2317 676 2549 730 Conﬁdo
2576 682 2769 729 autem
2818 675 2874 730 in
2907 676 3166 742 Domino,
3210 678 3476 749 quoniam
3516 682 3575 732 et
3624 674 3625 677 “

296 765 414 835 ipse
434 765 660 819 veniam
688 765 760 819 ad
798 782 895 819 vos
928 766 1055 819 cito.
1106 764 1500 818 Necessarium
1549 767 1739 817 autem
1782 762 2114 828 existimavi,
2158 763 2598 836 Epaphroditum
2652 764 2905 830 fratrem,
2940 771 2998 819 et
3039 773 3485 837 cooperatorem,
3516 771 3574 821 et

290 854 737 909 commilitonem
756 870 964 919 meum,
987 861 1236 908 vestrum
1261 858 1452 908 autem
1479 853 1815 923 apostolum,
1840 856 1894 906 et
1921 852 2240 907 ministrum
2262 854 2613 908 necessitatis
2640 870 2798 915 meae.
2830 858 2930 923 qui
2953 857 3101 909 mihi
3125 860 3431 910 necessaria
3457 859 3569 911 mi-

295 946 528 1009 nistrat,
568 944 798 998 mittere
823 944 895 998 ad
927 960 1042 1010 vos,
1075 942 1340 1014 quoniam
1372 941 1599 1013 quidem
1627 957 1821 995 omnes
1851 958 1946 996 vos
1966 945 2148 997 videre
2167 943 2539 1009 desiderabat,
2574 948 2632 998 et
2659 950 2891 998 moestus
2920 950 3061 1009 erat,
3091 950 3390 1016 propterea
3419 945 3571 1015 quod

293 1032 609 1087 audieratis
640 1032 799 1087 illum
830 1034 1201 1094 inﬁrmatum,
1231 1036 1279 1087 et
1303 1035 1383 1086 ita
1405 1033 1537 1099 fuit.
1572 1031 1714 1084 Nam
1737 1037 1794 1084 et
1823 1030 2141 1086 infirmatus
2173 1041 2257 1088 est
2276 1035 2681 1103 Epaphroditus
2700 1050 2878 1104 usque
2895 1035 2968 1088 ad
2989 1040 3263 1101 mortem;
3296 1034 3394 1088 sed
3420 1035 3572 1089 Deus

294 1122 566 1176 misertus
592 1129 677 1176 est
706 1124 847 1193 ejus,
881 1139 994 1177 non
1025 1123 1207 1177 solum
1237 1126 1428 1176 autem
1451 1121 1591 1190 ejus,
1624 1136 1817 1173 verum
1848 1118 2018 1173 etiam
2049 1123 2113 1173 in
2140 1126 2316 1176 salute
2341 1126 2477 1191 ejus,
2512 1128 2569 1176 et
2602 1123 2730 1185 mei,
2763 1138 2833 1176 ne
2882 1125 3076 1175 mortis
3105 1126 3221 1191 ejus
3253 1122 3565 1191 tristitiam,

292 1227 465 1282 super
498 1211 794 1265 tristitiam
821 1214 1179 1279 inﬁrmitatis
1201 1214 1340 1279 ejus,
1361 1212 1442 1263 ret
1471 1211 1708 1263 carceris
1730 1210 1841 1261 mei
1868 1206 2152 1262 haberem.
2187 1210 2569 1264 Festinantius
2590 1228 2743 1280 ergo,
2768 1214 2901 1280 quia
2920 1213 2985 1265 de
3012 1227 3068 1264 eo
3102 1214 3279 1265 mwsti
3308 1214 3565 1280 fueratis,

291 1300 420 1353 misi
441 1300 628 1366 illum,
658 1307 726 1354 ut
752 1301 867 1354 viso
891 1316 978 1360 eo,
998 1299 1203 1353 i‘erum
1232 1298 1547 1369 gaudeatis,
1577 1299 1719 1349 sicut
1744 1298 1905 1363 prius
1933 1312 1990 1349 eo
2013 1303 2292 1363 prasente,
2326 1304 2381 1351 et
2399 1315 2501 1368 ego
2520 1296 2614 1355 ‘20.
2646 1298 2766 1351 sine
2791 1298 3022 1352 tristitia
3045 1298 3170 1351 sim.
3197 1297 3288 1356 21.
3324 1298 3572 1369 Excipite

292 1389 490 1460 itaque
520 1389 683 1443 illum
714 1406 841 1443 cum
873 1387 1025 1442 omni
1052 1387 1260 1458 gaudio
1281 1386 1338 1440 in
1368 1385 1627 1450 Domino,
1651 1390 1708 1438 et
1727 1383 2004 1454 ejusmodi
2029 1385 2306 1438 hominem
2334 1402 2461 1440 cum
2492 1387 2703 1441 honore
2733 1385 3029 1441 habetote:
3054 1388 3321 1457 quoniam
3343 1391 3575 1458 prOpter

292 1493 434 1549 opus
466 1478 680 1533 Christi
700 1494 878 1549 usque
906 1477 978 1531 ad
998 1483 1238 1531 mortem
1260 1475 1512 1537 accessit,
1538 1473 1771 1529 tradens
1800 1473 2049 1526 animam
2072 1490 2253 1538 suam,
2293 1476 2427 1543 (non
2456 1478 2673 1530 dimisit
2697 1492 2801 1545 pro
2829 1479 3099 1542 inimicis,
3141 1479 3283 1545 quin
3312 1478 3565 1545 Apostolo

293 1570 653 1621 ministraret
683 1570 747 1621 in
774 1569 1011 1636 carcere)
1041 1572 1106 1621 ut
1125 1565 1404 1636 impleret,
1434 1565 1511 1631 id,
1537 1564 1685 1636 quod
1716 1578 1780 1617 ex
1813 1560 1968 1616 vobis
1997 1563 2189 1617 deerat
2217 1580 2351 1635 erga
2381 1581 2570 1619 meum
2603 1564 2954 1637 obsequium,
2981 1567 3125 1635 quod
3168 1581 3280 1619 non
3304 1568 3572 1635 poteratis

291 1656 436 1710 mihi
461 1657 896 1710 administrare.

1609 1747 1648 1806 ι
1663 1746 1788 1807 58
1818 1740 2062 1796 CAPUT
2098 1742 2199 1798 III.

359 1888 441 1942 De
460 1892 689 1951 caetero,
710 1887 915 1941 fratres
942 1887 1072 1946 mei,
1094 1885 1340 1957 gaudete
1371 1884 1429 1938 in
1459 1882 1717 1938 Domino.
1768 1884 1815 1937 1.
1847 1882 2059 1937 Eadem
2109 1901 2228 1953 quae
2261 1888 2381 1953 iam
2407 1903 2646 1955 praesens
2686 1890 2810 1942 dimi
2838 1887 2995 1943 vobis
3018 1905 3103 1943 me
3127 1889 3388 1957 scribere,
3430 1890 3569 1946 mihi

294 1971 523 2048 quidem
550 1993 664 2031 non
691 1976 936 2048 pigrum,
957 1976 1113 2030 vobis
1138 1982 1329 2030 autem
1360 1973 1759 2038 necessarium,
1789 1976 1925 2027 utile
1954 1978 2054 2030 est.
2091 1974 2224 2028 Ecce
2248 1991 2366 2043 quae
2393 1973 2447 2035 2.
2474 1974 2525 2042 3,
2562 1976 2614 2033 4.
2648 1977 2848 2031 Videte
2894 1994 3079 2044 canes,
3113 1984 3176 2033 ut
3202 1983 3455 2047 caveatis,
3484 1981 3567 2035 vi-

294 2064 417 2119 dete
447 2065 631 2119 malos
660 2065 969 2136 operarios,
997 2066 1049 2131 5,
1079 2064 1134 2118 6.
1168 2064 1349 2117 videte
1370 2062 1767 2125 concisionem,
1795 2064 1960 2130 quasi
1984 2062 2060 2115 ad
2086 2078 2197 2115 non
2245 2067 2596 2135 circumcisos
2640 2071 2689 2119 et
2739 2072 3036 2135 separatos.
3070 2069 3123 2120 7.
3147 2067 3199 2123 8.
3242 2068 3357 2123 Nos
3395 2069 3565 2135 enim,

295 2155 604 2209 Christian:
622 2159 1070 2219 tantum,sumus
1092 2151 1737 2220 circumcisio,(qualitas
1755 2168 1855 2220 pro
1877 2153 2053 2220 quati)
2075 2151 2170 2221 qui
2190 2152 2531 2223 spiritu,non
2556 2157 2879 2209 carnalibus
2902 2156 3564 2221 observantiis,servimus

293 2244 423 2308 Deo,
451 2248 513 2297 et
538 2243 853 2313 gloriamur
880 2244 937 2298 in
966 2244 1188 2298 Christo
1216 2243 1370 2308 Iesu,
1395 2245 1457 2295 in
1477 2243 1580 2309 ﬁde
1610 2242 1821 2296 (Viris-ti
1842 2243 1989 2305 Jesu,
2015 2246 2073 2294 et
2104 2257 2216 2295 non
2260 2242 2318 2295 in
2357 2259 2544 2307 carne,
2575 2248 2801 2298 carnali
2830 2249 2957 2312 tege,
2988 2245 3249 2299 ﬁduciam
3276 2244 3564 2303 habentes,

293 2348 613 2406 quanquam
645 2349 748 2403 ego
780 2332 1042 2398 habeam,
1066 2334 1261 2386 habere
1284 2334 1525 2393 valeam,
1554 2329 1953 2383 confidentiam
1986 2335 2043 2383 ct
2072 2329 2128 2383 in
2155 2346 2342 2385 carne.
2378 2332 2434 2386 Si
2461 2332 2585 2403 quis
2614 2332 2760 2386 alius
2783 2333 3006 2387 videtur
3020 2350 3171 2402 posse
3195 2335 3478 2389 confidere
3510 2336 3567 2389 in

294 2438 476 2487 carne,
502 2438 609 2492 ego
625 2438 841 2487 possum
858 2425 1100 2488 gloriari
1120 2421 1319 2491 magis,
1343 2418 1706 2474 circumcisus
1727 2424 1922 2471 octavo
1943 2418 2053 2481 die,
2090 2420 2290 2473 habens
2320 2424 2797 2475 circumcisionem
2819 2426 2995 2476 octavi
3021 2425 3152 2488 diei,
3178 2440 3289 2478 non
3314 2429 3558 2493 proscly-

298 2517 379 2562 tus
400 2508 455 2565 9.
489 2528 557 2564 ex
574 2527 784 2580 genere
815 2510 1009 2575 Israel,
1042 2512 1319 2565 oriundus
1353 2509 1422 2562 de
1439 2507 1590 2561 tribu
1614 2506 1929 2576 Benjamin,
1959 2505 2226 2562 Hebraeus
2256 2524 2320 2563 ex
2344 2509 2613 2577 Hebraeis,
2648 2509 2725 2566 10.
2753 2512 3062 2565 secundum
3081 2512 3262 2583 legem
3282 2514 3569 2579 (Phariszei

296 2602 456 2666 legem
475 2604 723 2663 tantum,
753 2615 864 2653 non
899 2601 1183 2668 prophetas
1197 2602 1397 2657 tenent)
1424 2595 1761 2661 Phariszeus,
1802 2598 2113 2662 religiosior
2137 2600 2199 2650 in
2231 2601 2360 2665 tege,
2390 2599 2695 2653 secundum
2725 2599 3142 2654 aemulationem
3166 2603 3363 2656 bonam
3385 2618 3567 2673 perse-

298 2704 466 2758 quens
495 2689 635 2742 olim
667 2688 970 2743 Ecclesiam
992 2686 1439 2751 Dei,secundum
1464 2683 1768 2755 justitiam,
1803 2699 1925 2754 quae
1954 2682 2013 2736 in
2032 2682 2153 2751 lege
2180 2691 2284 2749 est,
2302 2693 2663 2741 conversatus
2692 2686 2812 2741 sine
2834 2688 3083 2757 querela,
3105 2704 3217 2741 non
3233 2704 3569 2757 conquerens

296 2777 354 2833 de
379 2782 709 2834 austeritate
735 2780 921 2846 legati.
962 2776 1042 2833 11.
1076 2775 1186 2831 Sed
1212 2792 1354 2847 quae,
1391 2779 1494 2840 lex,
1526 2777 1607 2828 vet
1622 2774 1926 2842 persecutio
1958 2775 2133 2826 stulta
2155 2776 2431 2841 opinione,
2462 2774 2598 2829 mihi
2627 2775 2852 2830 fuerant
2870 2779 3036 2844 prius
3074 2777 3249 2842 lucra,
3273 2776 3389 2831 haec
3414 2775 3566 2833 arbi-

1627 2942 2219 2998 COMMENTARIUS.

292 3095 646 3152 Timotheum
676 3115 790 3153 non
821 3099 999 3154 multo
1025 3104 1152 3171 post
1167 3099 1238 3154 ad
1262 3115 1357 3152 eos
1380 3097 1591 3161 mittet;
1613 3110 1725 3149 non
1745 3093 1895 3148 enim
1921 3094 2107 3153 Avero
2132 3111 2281 3150 nunc
2303 3097 2419 3152 Deo
2444 3114 2557 3152 non
2586 3099 2787 3169 placet,
2817 3103 3040 3154 tantum
3064 3098 3306 3153 concisio
3333 3102 3439 3153 est.

295 3186 457 3241 simul
488 3193 798 3259 utrumque
824 3188 1019 3242 mittit.

360 3274 447 3331 ω.
483 3277 621 3332 Sine
652 3280 908 3332 tristitia.
933 3277 1115 3342 Quam
1160 3276 1341 3333 habeo
1362 3293 1463 3347 pro
1501 3290 1568 3330 eo
1589 3274 1738 3345 quod
1768 3290 1896 3328 con-

302 3365 504 3419 tristati
534 3366 689 3433 estis,
715 3367 911 3421 audita
930 3366 1260 3420 inﬁrmitate
1288 3366 1459 3420 illius.

360 3453 450 3509 21.
474 3454 745 3522 Excipite.
780 3455 845 3508 1n
892 3469 1116 3509 carcere
1145 3461 1270 3507 erat
1310 3455 1630 3526 Apostolus,
1677 3454 1747 3508 ad
1777 3469 1895 3506 ser-

296 3541 553 3596 viendum
577 3542 628 3595 ei
657 3542 890 3596 accessit
908 3541 1014 3596 iste
1039 3558 1166 3596 cum
1198 3559 1406 3613 magno
1425 3544 1693 3615 periculo.

361 3629 522 3688 CAP.
565 3633 666 3687 III.
699 3630 819 3687 -1
901 3634 1153 3687 AMBROS.
1205 3633 1409 3686 Eadem
1462 3635 1636 3689 vobis.
1685 3631 1893 3686 Eadem

295 3719 439 3786 dicit,
488 3721 629 3792 quia
676 3721 746 3775 de
783 3721 871 3775 his
901 3722 1171 3776 docuerat
1223 3737 1318 3775 eos
1348 3720 1573 3792 quando
1611 3720 1758 3791 apud
1800 3735 1894 3773 eos

292 3810 471 3863 fuerat
495 3829 509 3877 ;
548 3816 608 3864 et
625 3810 743 3864 haec
765 3811 856 3881 [f.,
888 3811 1018 3880 hoc]
1045 3811 1116 3864 ad
1139 3826 1206 3864 ea
1237 3826 1360 3881 quae
1388 3814 1722 3880 sequuntur,
1748 3808 1895 3862 refe-

288 3899 521 3953 rendum
555 3905 659 3954 est.

318 4026 325 4033 -
353 3986 406 4043 2.
435 3991 691 4043 Auacs'r.
708 3989 898 4058 (Epist.
934 3986 1036 4045 120
1065 3988 1141 4041 ad
1170 3989 1374 4042 Honor.
1401 4003 1523 4059 cap.
1571 3986 1680 4056 16.)
1716 3988 1885 4040 Videte

289 4091 460 4131 canes.
492 4078 678 4132 Canes
706 4077 1012 4149 appellavit
1035 4093 1149 4131 non
1178 4078 1415 4136 ratione,
1449 4076 1546 4131 sed
1598 4082 1894 4130 consuetu-

286 4165 413 4220 dine
460 4174 664 4222 contra
714 4167 1005 4222 insolitam
1074 4167 1367 4221 veritatem
1416 4166 1737 4231 latrantes,
1777 4164 1895 4217 haec

2044 3181 2098 3239 6.
2130 3186 2342 3241 LANFB.
2389 3188 2561 3241 Videte
2616 3191 3114 3242 circumcisionem.
3145 3187 3384 3252 Quidam
3417 3188 3568 3242 enim

1975 3289 2102 3327 cum
2124 3290 2238 3328 non
2290 3281 2481 3329 essent
2507 3275 2704 3340 Judaei,
2739 3274 3302 3342 circumcidebantur,
3346 3280 3405 3329 et
3440 3282 3570 3346 post

1969 3362 2262 3433 jactabant
2289 3380 2349 3418 se
2377 3381 2500 3419 esse
2523 3382 2587 3418 ex
2605 3380 2813 3435 genere
2843 3365 3097 3419 Abrahae.

2047 3450 2099 3507 7.
2128 3454 2236 3507 Nos
2256 3456 2427 3507 enim.
2460 3454 2625 3508 Ratio
2659 3470 2761 3508 cur
2787 3453 2868 3507 illi
2899 3460 3034 3508 sunt
3061 3454 3317 3524 cavendi,
3348 3458 3405 3507 et
3433 3468 3571 3525 apo-

1975 3543 2107 3598 stoli
2131 3544 2416 3611 audiendi,
2447 3544 2580 3616 quia
2615 3544 2872 3598 videlicet
2895 3544 2980 3598 illi
3000 3545 3306 3610 carnalem,
3339 3544 3433 3598 isti
3463 3544 3576 3616 spi-

1977 3632 2240 3687 ritualem
2270 3633 2748 3688 circumcisionem
2771 3633 3169 3705 pmdicabant.

2046 3720 2100 3777 8.
2133 3726 2368 3777 Anaus'r
2414 3723 2530 3789 (lib.
2568 3725 2637 3777 De
2657 3740 2769 3777 ver.
2801 3729 3157 3792 apost.serm.
3181 3737 3267 3789 xv,
3298 3720 3571 3789 c.1,tom.

1976 3810 2070 3878 X.)
2098 3812 2206 3864 Nos
2235 3817 2387 3865 enim
2413 3828 2629 3867 sumus.
2663 3812 2772 3867 Sed
2810 3829 2913 3867 nos
2942 3828 3138 3867 sumus
3182 3810 3568 3865 circumcisio:

1968 3900 2048 3953 sic
2069 3900 2303 3971 accipite
2334 3901 2438 3954 hoc
2474 3901 2714 3956 voluisse
2762 3903 3093 3973 Apostolum
3124 3902 3329 3967 dicere,
3378 3916 3574 3954 sumus

1975 4004 2078 4043 nos
2090 3990 2332 4059 justitia.
2382 3990 2744 4044 Circumcisio
2794 3991 2945 4044 enim
2993 3990 3217 4061 justitia
3244 3995 3355 4047 est.
3394 3987 3574 4058 Magis

1976 4077 2127 4131 enim
2157 4078 2515 4133 commendat
2546 4079 2695 4149 quod
2725 4079 2880 4149 dicit,
2904 4079 3139 4132 dicendo
3183 4094 3286 4131 nos
3314 4092 3435 4130 esse
3457 4076 3575 4144 jus-

1976 4165 2181 4228 titiam,
2218 4183 2386 4237 quam
2409 4167 2647 4221 dicendo
2678 4183 2780 4220 nos
2801 4183 2922 4220 esse
2944 4167 3128 4236 justos
3155 4184 3167 4219 :
3195 4166 3275 4219 sic
3303 4171 3494 4219 tamen
3509 4170 3573 4219 ut

287 4255 435 4309 enim
488 4261 695 4310 natura
733 4263 833 4311 est
868 4272 1073 4310 canum
1108 4300 1123 4319 ,
1165 4261 1229 4309 ut
1267 4271 1394 4310 cum
1437 4253 1644 4325 quibus
1684 4252 1897 4306 habent
1978 4271 2103 4308 cum
2126 4254 2405 4325 justitiam
2429 4256 2565 4310 dicit
2585 4272 2726 4320 esse,
2744 4257 2929 4325 justos
2958 4255 3356 4326 intelligamus.

281 4346 773 4412 consuetudinem,
797 4346 914 4399 sive
943 4344 1026 4399 illi
1055 4344 1186 4400 boni
1215 4345 1351 4408 sint,
1365 4345 1482 4398 sive
1507 4342 1660 4408 mali,
1688 4358 1799 4396 non
1817 4343 1887 4396 ad
1913 4326 1968 4388 Β
2040 4344 2094 4398 9.
2128 4345 2322 4413 (lbid.,
2354 4362 2401 4398 c.
2424 4347 2479 4412 3)
2513 4345 2593 4398 Ea:
2609 4361 2805 4412 genere
2852 4346 3043 4408 Israel,
3079 4343 3136 4397 id
3168 4350 3271 4411 est,
3304 4359 3417 4397 non
3438 4360 3574 4415 pro-

279 4451 377 4488 eos
404 4436 652 4501 latrent;
692 4434 1049 4489 insolitorum
1081 4441 1271 4489 autem
1303 4435 1557 4505 personis
1575 4433 1885 4488 visisetiam

276 4523 680 4578 innocentibus
708 4524 1026 4578 irritantur.

354 4613 404 4665 3.
428 4613 637 4667 LANFa.
670 4614 865 4666 'l’idete
884 4628 1066 4671 canes.
1095 4612 1276 4667 Canes
1307 4618 1365 4667 et
1393 4613 1571 4667 malos
1600 4611 1891 4684 operarios

273 4706 442 4755 vocat
466 4717 568 4754 eos
625 4699 723 4771 qui
764 4700 1049 4754 carnalem
1097 4701 1578 4756 circumcisionem
1626 4700 1889 4772 praedica-

271 4787 430 4855 bant,
464 4805 609 4860 quos
650 4789 927 4844 cavendos
982 4789 1251 4860 praecipit.
1301 4789 1685 4845 Concisionem
1718 4800 1879 4848 vocat

272 4878 358 4931 vel
387 4877 897 4943 circumcisionem,
924 4877 982 4930 id
1011 4882 1115 4941 est,
1175 4878 1416 4944 Iudaeos,
1453 4879 1533 4932 vel
1564 4882 1880 4950 separatio-

266 4982 423 5031 nem,
452 4966 510 5020 id
529 4972 640 5031 est,
657 4982 752 5019 eos
775 4965 869 5036 qui
898 4965 958 5020 in
983 4965 1155 5020 aliam
1184 4965 1499 5021 doctrinam
1526 4983 1559 5020 a
1579 4976 1726 5022 caatu
1754 4968 1888 5022 iide-

264 5054 410 5109 lium
436 5071 536 5109 eos
555 5054 916 5126 separabant.

1973 4434 2207 4505 selytus,
2241 4450 2352 4487 non
2383 4434 2598 4487 advena
2643 4434 2714 4487 ad
2756 4433 3026 4505 populum
3077 4433 3199 4493 Dei.
3241 4449 3354 4487 non
3392 4433 3575 4503 major

1974 4522 2362 4587 circumcisus,
2385 4523 2481 4576 sed
2510 4538 2543 4576 a
2564 4522 2891 4594 parentibus
2933 4528 3102 4577 natus
3124 4521 3369 4589 Judaeus,
3393 4521 3572 4576 habeo

1976 4610 2461 4665 circumcisionem
2494 4611 2675 4665 octavi
2696 4611 2829 4665 diei.
3078 4598 3085 4605 ’

2053 4698 2139 4754 10.
2177 4698 2689 4767 (lbid.)Sccundum
2721 4704 2888 4767 legem
2909 4701 3334 4754 Pharisaeorum.
3353 4700 3574 4754 Prima-

1973 4795 2045 4851 rii
2075 4791 2301 4863 quidam
2329 4795 2509 4853 erant,
2535 4794 2592 4842 et
2623 4788 2782 4858 quasi
2803 4789 2872 4842 ad
2903 4787 3252 4842 nobilitatem
3283 4789 3575 4844 Judaicam

1971 4879 2272 4953 segregati,
2291 4895 2402 4932 non
2432 4876 2841 4947 contemptibili
2868 4877 3016 4948 plebi
3041 4878 3341 4943 commisti,
3373 4879 3471 4950 qui
3494 4879 3575 4932 di-

1971 4972 2244 5028 cebantur
2272 4966 2557 5022 Pharisaei.
2591 4967 2734 5020 Nam
2785 4967 2990 5021 dicitur
3019 4967 3123 5021 hoc
3149 4967 3380 5022 verbum
3411 4968 3573 5038 quasi

1902 5095 1947 5155 C
1969 5061 2395 5131 segregationem
2426 5055 2805 5125 interpretari,
2837 5057 3118 5127 quomodo
3158 5056 3217 5109 in
3240 5056 3441 5110 Latina
3460 5057 3571 5109 lin-

336 5143 393 5200 4.
429 5147 687 5200 ΛΜΒΒΟΒ.
728 5145 901 5198 Videte
915 5159 1095 5198 canes.
1114 5144 1295 5198 Canes
1312 5145 1544 5209 vocavit,
1570 5145 1701 5216 quia
1735 5162 1885 5201 vere-
1905 5143 1946 5155 “”
1969 5166 2080 5221 qua
2105 5147 2313 5201 dicitur
2349 5144 2611 5214 egregius
2641 5143 2802 5215 quasi
2824 5161 2859 5199 a
2873 5161 3046 5215 grege
3070 5150 3389 5215 separatus.

264 5233 538 5289 cundiam
570 5249 686 5288 non
706 5232 934 5297 habent,
972 5233 1071 5288 sed
1095 5232 1421 5305 frequenter
1449 5235 1792 5306 reprehensi,
1823 5235 1883 5290 in

263 5338 420 5377 vana
447 5322 710 5378 doctrina
736 5322 1037 5393 persistere
1068 5323 1347 5377 videntur.

2038 5236 2128 5290 11.
2158 5234 2364 5288 Lassa.
2411 5230 2516 5285 Sed
2555 5248 2689 5300 quae
2714 5234 2968 5300 fuerunt.
3011 5233 3280 5287 Carnales
3306 5233 3567 5287 observa-

1964 5323 2168 5388 tiones,
2203 5337 2325 5392 quae
2345 5325 2477 5375 ante
2520 5321 2826 5374 adventum
2860 5321 3068 5375 Christi
3096 5321 3415 5376 animarum
3443 5322 3568 5377 fue-

331 5410 386 5468 5.
433 5412 606 5466 Videte
657 5414 1040 5468 concisionem.
1079 5412 1231 5466 Bene
1293 5411 1665 5467 concisionem
1716 5412 1874 5477 dixit,
1960 5417 2097 5469 runt
2123 5412 2301 5477 lucra,
2354 5415 2588 5465 servatae
2628 5416 2765 5481 post
2812 5410 3113 5465 adventum
3156 5411 3299 5481 ejus,
3338 5411 3569 5469 fuerunt

259 5500 400 5572 quia
441 5499 695 5569 quandiu
740 5500 859 5554 Deo
895 5500 1126 5574 placuit.
1171 5500 1518 5557 circumcisio
1565 5504 1703 5567 erat,
1746 5500 1880 5570 quia
1960 5500 2334 5566 detrimenta;
2395 5499 2537 5553 ﬁdes
2567 5499 2719 5553 enim
2762 5498 2973 5555 Christi
3002 5498 3288 5555 observari
3317 5517 3413 5556 eas
3454 5518 3566 5561 non
