4040 6186
472 288 576 371 3'15

1447 325 1511 379 Β.
1551 299 1967 381 ιΑΝιέιὶΑΝοι
2003 299 2364 379 CANTUAR.
2405 301 2748 379 Anchise.

3623 303 3725 382 316

471 444 653 530 tratus
674 461 798 522 sum
819 456 1050 521 propter
1064 449 1371 510 Christum;
1395 453 1558 518 ﬁdem
1581 452 1806 516 Christi,
1825 451 2183 504 detrimenta.
2207 449 2613 502 Verumtamen
2645 465 2798 504 nunc
2815 465 3025 519 quoque
3047 447 3304 504 existimo
3349 449 3539 504 omnia
3554 449 3733 505 detri-

470 533 723 587 mentum
750 541 930 600 159
956 553 1094 603 esse,
1129 537 1206 595 1'2.
1242 547 1471 610 prOpter
1496 539 1856 605 eminentem,
1883 543 2076 593 omnia
2093 544 2466 606 superantem,
2490 537 2779 593 scientiam
2804 541 3197 608 assequendam
3213 540 3347 593 Jesu
3377 539 3587 594 Christi
3618 541 3735 594 Do-

471 618 610 674 mini
641 622 770 688 mei,
799 631 1028 695 propter
1057 644 1223 697 quem
1252 632 1486 697 (repetit,
1513 634 1593 682 cel
1637 632 1952 696 generalius
1981 631 2138 690 dicit)
2180 627 2371 680 omnia
2409 627 2809 681 detrimentum
2860 629 2982 691 feci,
3016 635 3074 681 et
3102 628 3346 681 arbitror
3366 636 3427 682 ut
3465 636 3734 694 stercora,

472 711 860 787 quiobserrala
878 717 1075 768 anima
1087 720 1452 784 polluunt,ut
1476 717 1756 771 Christum
1795 717 2164 780 lucrifaciam,
2188 723 2247 768 ut
2267 721 2324 768 et
2354 714 2608 768 inveniar
2635 716 2692 772 in
2715 715 2828 772 illo.
2854 733 2963 769 non
2987 714 3198 769 habens
3228 731 3407 768 meam
3430 716 3732 785 justitiam,

471 811 592 864 quae
621 812 686 850 ex
716 797 840 868 lege
870 806 974 866 est,
1007 803 1104 856 sed
1132 804 1285 858 illam
1311 821 1435 876 quae
1467 821 1531 859 ex
1562 806 1670 859 ﬁde
1700 811 1788 859 est
1815 805 2023 859 Christi
2045 806 2177 859 Jesu
2212 820 2367 874 :quaa
2398 819 2464 856 ex
2502 804 2614 857 Deo
2656 811 2742 856 est
2781 804 3002 873 justitia
3031 804 3087 856 in
3134 804 3242 857 fide
3275 805 3502 869 Christi,
3541 797 3622 859 13.
3663 804 3737 856 ad

468 888 915 952 cognoscendum
947 891 1126 964 illum,
1161 896 1306 962 quod
1327 897 1726 963 bencplacilum
1755 898 1826 948 sit
1853 897 1978 959 Deo,
2009 894 2091 959 14,
2122 894 2206 956 15,
2239 892 2317 947 16.
2348 899 2405 946 et
2432 893 2695 946 virtutem
2718 893 3147 946 resurrectionis
3175 893 3312 962 ejus,
3335 908 3445 962 qua
3474 894 3630 946 homo
3650 896 3740 946 in-

469 975 641 1026 terior
657 980 980 1044 suscitatur,
1014 982 1103 1046 17,
1141 981 1222 1036 18.
1257 989 1313 1037 et
1333 986 1661 1038 societatem
1692 985 2011 1054 passionum
2040 982 2208 1048 illius,
2249 979 2331 1047 19,
2364 979 2453 1037 ‘20.
2479 982 2860 1050 configuratus
2887 982 3054 1035 morti
3083 981 3222 1051 ejus,
3250 980 3298 1034 si
3339 997 3448 1052 quo
3478 979 3641 1034 modo
3673 983 3735 1035 in

465 1063 661 1129 futuro
685 1080 972 1122 occurram
994 1072 1065 1124 ad
1079 1074 1568 1138 resurrectionem,
1588 1091 1710 1145 quae
1737 1081 1823 1126 est
1838 1090 1901 1125 ex
1925 1070 2178 1136 mortuis,
2199 1074 2280 1124 vel
2296 1072 2358 1123 de
2376 1074 2626 1138 peccatis.
2653 1071 2777 1123 Non
2793 1072 2909 1124 ideo
2927 1065 3047 1124 dice
3065 1070 3210 1140 quod
3239 1071 3360 1139 jam
3389 1069 3728 1140 acceperim,

465 1159 925 1228 resurrectionem
943 1164 1134 1214 carnis
1156 1165 1218 1216 in
1237 1167 1547 1229 cognitione
1569 1165 1776 1217 Christi
1815 1172 1912 1216 aut
1927 1162 2046 1231 jam
2079 1159 2354 1230 perfectus
2374 1159 2480 1212 sim
2514 1162 2576 1213 in
2591 1162 2900 1226 cognitione
2916 1160 3125 1214 Christi
3138 1178 3155 1222 ;
3180 1158 3267 1214 21.
3293 1175 3498 1229 sequor
3520 1162 3731 1226 autem,

462 1237 510 1292 si
539 1257 649 1311 quo
679 1245 844 1298 modo
864 1250 1352 1318 comprehendam,
1381 1268 1443 1305 ea:
1462 1258 1566 1306 toto
1581 1265 1874 1319 agnoscam
1906 1250 2207 1311 Christum,
2241 1247 2329 1312 22,
2363 1249 2422 1302 in
2447 1265 2557 1318 quo
2583 1250 2673 1318 (in
2691 1250 3020 1315 cognitione)
3045 1253 3101 1301 et
3126 1249 3566 1318 comprehensus
3590 1263 3722 1301 sum

466 1344 531 1380 ee:
554 1335 658 1382 toto
676 1333 945 1390 aChristo
969 1338 1121 1404 Jesu,
1141 1339 1358 1399 fratres.
1385 1357 1494 1410 ego.
1516 1357 1604 1394 me
1634 1357 1744 1394 non
1768 1339 2012 1394 arbitror
2041 1337 2531 1408 comprehendisse
2552 1340 2756 1391 scilicet
2785 1339 3077 1391 scientiam
3122 1337 3330 1391 Christi
3367 1353 3435 1389 ac
3459 1341 3584 1390 toto.
3629 1333 3722 1402 23,

463 1416 553 1477 24,
572 1416 658 1474 25.
686 1421 870 1476 Unum
897 1431 1210 1489 autem,sed
1227 1430 1324 1482 hoc
1337 1447 1516 1483 unum
1536 1433 1806 1492 arbitror,
1831 1445 1954 1498 quas
1975 1427 2203 1498 quidem
2232 1429 2434 1479 scilicet
2464 1431 2614 1478 retro
2645 1432 2778 1478 sunt
2822 1429 3073 1478 carnales
3093 1426 3500 1478 observationes
3533 1423 3723 1478 oblivi-

466 1523 645 1572 scens,
681 1511 750 1563 ad
782 1529 850 1565 ea
871 1530 995 1568 vero
1027 1533 1149 1585 quae
1182 1523 1316 1571 sunt
1342 1519 1547 1588 priora,
1573 1522 1792 1586 potiora
1833 1516 2138 1571 extendens
2186 1515 2485 1584 meipsum,
2513 1515 2586 1568 ad
2630 1513 2975 1568 destinatum
3026 1530 3352 1584 persequor,
3387 1516 3614 1573 scilicet.
3656 1512 3740 1566 ad

467 1594 739 1662 bravium,
757 1607 1074 1669 premium,
1093 1622 1348 1676 superna:
1373 1607 1675 1661 vocationis
1715 1607 1833 1668 Dei,
1868 1622 1986 1675 qua:
2023 1607 2227 1658 vocalia
2259 1610 2334 1657 est
2363 1603 2419 1656 in
2474 1603 2695 1657 Christo
2739 1607 2918 1669 '60
2945 1604 3097 1657 Jesu.
3129 1600 3218 1659 26.
3256 1595 3584 1672 Quicunque
3604 1616 3738 1670 ergo

473 1688 622 1752 (quia
646 1701 736 1753 ego
766 1691 826 1741 id
851 1694 1024 1744 sentio
1053 1698 1234 1747 volens
1255 1712 1361 1748 esse
1385 1699 1680 1764 perfectus)
1720 1695 1948 1766 perfecti
2001 1709 2214 1756 sumus,
2257 1694 2338 1745 vel
2380 1708 2488 1745 esse
2528 1697 2803 1751 volumus.
2834 1679 2936 1744 hoc
2965 1690 3291 1754 sentiamus,
3343 1707 3439 1744 nos
3480 1691 3734 1743 nondum

465 1776 929 1840 comprehendisse
951 1797 968 1831 :
995 1779 1063 1835 27
1115 1789 1172 1836 et
1199 1783 1245 1836 si
1277 1784 1410 1853 quid
1443 1785 1608 1838 aliter
1634 1784 1850 1855 sapitis,
1881 1800 2049 1852 quam
2098 1782 2428 1850 sapiendum
2457 1783 2548 1845 sit,
2581 1786 2637 1832 et
2675 1780 2780 1832 hoc
2805 1779 2961 1833 vobis
2997 1780 3148 1833 Deus
3185 1779 3475 1844 revelabit,
3512 1782 3594 1832 ita
3632 1793 3739 1831 esse

465 1864 833 1918 sentiendum.
866 1864 954 1922 28.
980 1867 1383 1926 Verumtamen
1416 1890 1528 1926 non
1564 1874 2071 1941 comprehendimus
2099 1887 2162 1923 ex
2202 1874 2327 1932 toto,
2363 1869 2433 1922 ad
2463 1869 2612 1939 quod
2645 1867 2733 1924 29.
2774 1868 3151 1938 pervenimus,
3208 1871 3271 1921 in
3302 1873 3577 1937 quantum
3611 1881 3740 1934 pro-

1811 1967 2393 2040 COMMENTARIUS.

468 2069 764 2158 permittit.
954 2083 1100 2152 enim
1129 2082 1429 2140 adventum
1484 2078 1693 2141 Christi
1724 2090 2132 2148 ta'ntummo—A
2151 2082 2208 2135 in
2239 2081 2342 2136 hac
2374 2080 2507 2135 vita.
2537 2079 2627 2136 Sic
2655 2067 2784 2136 alibi
2822 2101 2833 2136 ε
2872 2063 3024 2138 Tunc
3047 2081 3385 2149 cognoscam,
3425 2082 3569 2134 sicut
3586 2083 3635 2134 et
3657 2089 3740 2132 co-‘

466 2164 537 2217 do
566 2159 976 2236 significabant,
1006 2171 1053 2224 si
1093 2174 1212 2242 jam
1265 2173 1580 2242 serventur,
1615 2175 1906 2229 advenisse
1933 2190 2062 2226 eum

466 2257 696 2328 litigant.

548 2337 626 2399 12.
646 2333 991 2402 Eminentem
1005 2354 1292 2406 scientiam
1303 2349 1840 2407 .ScientiamChristi
1855 2347 2062 2406 habere

466 2426 578 2485 lion
602 2429 786 2503 potest
801 2436 1053 2508 quisquis
1073 2439 1322 2493 Carnalia
1338 2447 1615 2511 praecepta
1627 2437 1767 2510 legis
1783 2436 2059 2506 observat,

466 2520 552 2574 vel
585 2511 927 2580 observanda
958 2533 1136 2597 putat.

539 2607 628 2665 13.
661 2613 747 2666 Ad
789 2618 1212 2681 agnoscendum.
1255 2618 1424 2682 Quasi
1464 2613 1677 2672 diceret
1710 2636 1721 2671 :
1758 2618 1864 2682 Qui
1910 2635 1969 2671 se
2007 2618 2062 2670 in

472 2698 597 2768 lege
623 2701 920 2770 jnstilicari
951 2701 1132 2775 putat,
1167 2704 1279 2759 non
1307 2705 1591 2775 cognoscit
1618 2707 1902 2762 Christum
1930 2726 1942 2774 ;
1968 2705 2065 2759 sed

471 2787 575 2874 ego
597 2795 787 2859 spreta
815 2785 1242 2866 legalijustitia,
1260 2791 1316 2849 in
1330 2797 1438 2850 fide
1466 2798 1585 2874 ejus
1609 2789 2062 2866 justiﬁcarivolo,

471 2871 533 2930 ut
560 2877 828 2948 agnoscat
852 2877 1030 2947 illum,
1068 2883 1123 2937 id
1151 2890 1240 2938 est
1269 2879 1357 2954 [f.,
1393 2871 1559 2956 quod,
1593 2893 1692 2939 aut
1739 2879 2063 2956 quomodo],

470 2975 797 3022 incarnatus
818 2976 874 3023 et
903 2979 1158 3026 mortuus
1181 2973 1274 3026 sit.

542 3054 630 3111 14.
662 3059 910 3115 ΑΜΒιὶοε.
932 3062 1192 3115 Virtutem
1223 3066 1659 3116 resurrectionis.
1686 3062 2066 3116 Resurrectio-

471 3143 561 3197 nis
582 3146 704 3215 ejus
726 3147 901 3202 virtus
921 3154 1024 3214 est,
1047 3157 1110 3204 ut
1121 3167 1314 3206 omnes
1333 3158 1710 3222 assequentur
1722 3152 1963 3206 similem
1982 3167 2066 3205 re-

470 3236 898 3291 surrectionem.

549 3322 613 3378 15
626 3369 637 3380 .
650 3325 895 3379 Ancus'r.
920 3328 1107 3394 (Ibid,
1129 3344 1179 3380 ο.
1201 3326 1315 3396 10.)
1337 3331 1601 3382 Virtutem
1617 3331 2059 3384 resurrectionis.

2144 2175 2336 2238 gnitus
2364 2189 2509 2224 sum.
3717 2207 3720 2210 ~

2215 2256 2579 2316 2'2.A1usnos.
2622 2261 2684 2313 In
2734 2277 2838 2329 quo
2890 2256 3322 2328 comprehensus.
3368 2253 3449 2312 De
3493 2255 3628 2311 coelo
3658 2253 3744 2309 illi

2146 2349 2412 2418 apparuit
2442 2347 2719 2411 Christus,
2755 2355 2809 2402 et
2838 2365 2998 2402 suam
3051 2348 3290 2419 gloriam
3321 2331 3596 2414 Ostendit;
3637 2343 3743 2398 hoc

2147 2433 2288 2490 dixit
2320 2455 2330 2488 :
2367 2437 2570 2491 Omnia
2601 2436 2740 2490 facio
2766 2445 2829 2490 ut
2850 2435 2944 2490 illa
2964 2435 3235 2508 assequar
3261 2433 3319 2489 in
3350 2433 3552 2506 quibus
3578 2431 3745 2488 Chri-

2147 2533 2298 2579 stum
2351 2543 2472 2579 essc
2502 2525 2778 2597 perspexi,
2811 2526 3034 2596 quando
3064 2532 3490 2596 persequentem
3517 2539 3622 2576 sua
3659 2538 3747 2574 re-

2148 2611 2426 2667 velatione
2456 2616 2511 2667 in
2534 2633 2694 2668 suam
2717 2615 3090 2685 cognitionem
3116 2631 3206 2668 me
3236 2613 3525 2668 convertit.

2220 2702 2313 2760 22.
2355 2705 2604 2759 Auovsr.
2641 2704 2835 2773 tibia.)
2875 2702 3055 2758 Unum
3091 2709 3297 2756 autem.
3352 2701 3471 2756 Hoc
3501 2717 3590 2754 me
3627 2709 3745 2753 nan

2148 2791 2393 2868 arbitror
2420 2789 2856 2868 apprehendisse
2869 2834 2885 2850 .

2220 2875 2309 2934 24.
2343 2883 2530 2950 (Ιὺιίί.)
2555 2873 2758 2935 Unum.
2779 2869 2956 2935 Multa
2977 2877 3175 2947 habeo,
3196 2883 3253 2933 et
3283 2895 3457 2933 unum
3492 2875 3749 2932 nondum

2151 2969 2515 3040 apprehendi.
2551 2971 2729 3024 Unam
2752 2973 2891 3038 petii
2917 2987 2953 3023 a
2977 2971 3232 3036 Domino,
3263 2970 3408 3022 hanc
3434 2971 3743 3036 requiram.

2147 3043 2291 3122 Quid
2319 3058 2547 3128 petisit?
2581 3061 2642 3112 Ut
2672 3060 2911 3113 habitem
2937 3064 3001 3112 in
3028 3061 3186 3111 domo
3200 3060 3428 3112 Domini
3434 3073 3536 3125 per
3560 3072 3747 3110 omnes

2145 3149 2260 3200 dies
2289 3150 2410 3200 vita
2431 3163 2576 3200 mete.

2217 3233 2307 3290 25.
2341 3236 2552 3288 LANFR.
2583 3236 2765 3288 Unum
2815 3241 3020 3289 autem.
3055 3235 3261 3299 Unum,
3292 3233 3494 3304 inquit,
3542 3233 3614 3287 de
3656 3243 3751 3286 me

2148 3334 2376 3392 possum
2397 3323 2745 3378 conﬁdenter
2761 3337 2902 3377 asset
2918 3340 3012 3377 ere
3035 3341 3048 3390 ;
3082 3329 3338 3376 terrenas
3365 3335 3608 3392 namque
3619 3320 3752 3376 sub-

468 3409 541 3462 Et
570 3410 664 3463 ubi
694 3413 1007 3468 nominavit
1033 3416 1297 3470 virtutem
1357 3417 1785 3472 resurrectionis
1831 3417 2060 3481 Christi,
2079 3404 2125 3462 Β
2149 3413 2407 3476 stantius,
2434 3429 2572 3482 quas
2603 3421 2831 3482 propter
2850 3413 3027 3466 Deum
3050 3411 3273 3481 reliqui,
3289 3411 3514 3481 penitus
3548 3409 3749 3465 oblivi-

473 3513 710 3566 agnosce
740 3500 817 3554 ibi
848 3503 1305 3572 iustificationem
1334 3512 1513 3560 tuam;
1531 3507 1607 3560 Ex
1635 3506 1784 3560 illius
1811 3506 1958 3560 enim
1982 3521 2064 3559 re-

472 3589 820 3644 surrectione
841 3592 1238 3660 justiﬁcamur.

550 3671 634 3730 16.
659 3678 864 3732 Lmen.
901 3682 1166 3736 Virtutem
1189 3687 1626 3738 resurrectionis.
1654 3684 1847 3738 Virtus
1874 3699 2063 3737 resur-

474 3764 742 3820 rectionis
797 3769 1005 3823 Christi
1054 3779 1160 3836 est,
1207 3773 1520 3842 justiﬁcare
1548 3773 1878 3838 credentes;
1919 3772 2068 3826 unde

475 3852 609 3908 alibi
630 3855 763 3912 dicit
788 3875 800 3910 :
837 3859 903 3912 Et
928 3865 1234 3915 resurrexit
1250 3867 1476 3930 propter
1493 3865 1950 3930 justi/icationem
1976 3876 2068 3915 no-

472 3946 674 3999 stram.

544 4030 636 4087 17.
669 4035 736 4087 Et
755 4037 1082 4090 societatem.
1111 4038 1212 4092 Ille
1244 4037 1413 4092 habet
1441 4039 1765 4094 societatem
1795 4038 2070 4110 passionis

470 4120 604 4175 Jesu
633 4123 864 4182 Christi.
899 4125 996 4195 qui
1034 4125 1112 4180 ita
1158 4127 1374 4197 patitur
1397 4127 1454 4182 in
1503 4128 1609 4182 hoc
1658 4129 1880 4191 saeculo,
1923 4128 2069 4182 sicut

471 4209 622 4265 idem
655 4229 852 4282 passus
881 4221 982 4279 est,
1017 4229 1139 4286 quae
1169 4216 1406 4270 societas
1433 4223 1568 4270 tunc
1592 4216 1732 4270 bene
1787 4217 2069 4286 cognosci-

471 4305 586 4366 tur,
611 4304 834 4371 quando
862 4320 964 4375 per
990 4322 1114 4360 eam
1145 4307 1425 4377 perveniri
1464 4307 1535 4361 ad
1585 4306 1795 4377 gaudia
1823 4305 2069 4359 caelestia

469 4390 738 4447 creditur.

545 4477 634 4534 18.
658 4482 912 4538 AUGUS’I'.
947 4486 1195 4552 (lbid.,c.
1219 4486 1329 4553 12.)
1349 4487 1416 4540 Et
1443 4489 1747 4540 societatem
1771 4487 2063 4554 passionis.

477 4567 534 4621 Si
563 4571 715 4624 enim
769 4573 827 4626 in
862 4581 920 4628 te
974 4575 1146 4630 fuerit
1173 4576 1420 4630 Charitas
1475 4575 1596 4638 Dei,
1628 4574 2068 4629 communicabit:

474 4655 682 4712 Christi
712 4661 1082 4730 passionibus,
1108 4668 1164 4716 et
1194 4672 1356 4718 verus
1405 4663 1514 4717 eris
1569 4670 1805 4733 martyr.
1840 4662 1909 4716 In
1955 4678 2066 4733 quo

2147 3517 2325 3565 scens,
2359 3501 2429 3554 ad
2467 3508 2695 3565 aeterna,
2732 3518 2854 3571 quae
2888 3500 3291 3572 temporalibus
3341 3499 3564 3570 potiora
3590 3504 3746 3566 sunt,

2145 3594 2265 3642 tota
2282 3590 2592 3644 intentione
2606 3607 2694 3643 me
2715 3589 3040 3654 extendens,
3065 3589 3268 3643 festino
3282 3589 3353 3642 ad
3375 3588 3747 3654 destinatum,

2148 3678 2204 3731 id
2221 3686 2325 3743 est,
2347 3679 2416 3732 ad
2437 3679 2493 3732 id
2515 3679 2664 3749 quod
2687 3695 2778 3732 me
2818 3679 3213 3733 festinaturum
3237 3684 3426 3732 mente
3457 3677 3746 3748 proposui,

2149 3767 2408 3822 videlicet
2434 3769 2505 3821 ad
2539 3767 2814 3834 brevium,
2842 3768 2897 3822 id
2927 3774 3033 3831 est,
3056 3767 3350 3838 praemium
3375 3781 3630 3837 superna:
3657 3779 3753 3819 vo-'-

2150 3857 2406 3919 cationis,
2447 3857 2506 3910 id
2535 3863 2640 3922 est,
2684 3857 2812 3910 vitae
2853 3863 3094 3923 aeternae,
3151 3857 3221 3909 ad
3249 3871 3420 3926 quam
3450 3859 3612 3908 vocat
3644 3870 3754 3908 nos

2151 3951 2321 4008 Deus.

2222 4036 2312 4095 26.
2335 4041 2578 4094 Λυῠυετ.
2601 4040 2786 4106 (Ibid,
2808 4054 2855 4090 c.
2894 4037 3003 4105 15.)
3027 4039 3348 4107 Quicunque
3361 4054 3487 4105 ergo
3497 4039 3750 4106 perfecti.

2153 4129 2382 4184 Dixerat
2413 4147 2424 4180 :
2467 4144 2579 4180 non
2606 4144 2730 4181 sum
2758 4127 3063 4197 perfectus,
3083 4135 3141 4180 et
3165 4127 3301 4180 dicit
3327 4133 3603 4197 quotquot
3620 4143 3758 4197 per-

2152 4218 2280 4272 fecti
2303 4218 2408 4272 hoc
2435 4217 2722 4286 sapiamus
2746 4235 2760 4281 ς
2792 4231 2896 4285 ego
2922 4232 3013 4268 me
3032 4231 3144 4269 non
3165 4215 3412 4269 arbitror
3437 4216 3759 4286 apprehens

2148 4308 2317 4372 disse,
2348 4322 2460 4360 non
2490 4306 2623 4375 Quia
2646 4307 2767 4375 jam
2812 4303 3120 4374 acceperim
3170 4311 3272 4358 aut
3312 4306 3434 4374 jam
3471 4304 3756 4374 perfectUs

2152 4397 2278 4460 sim,
2313 4402 2370 4449 et
2400 4395 2538 4449 dicit
2565 4400 2842 4465 quotquot
2869 4393 3102 4463 pertbctl
3145 4394 3251 4447 hoc
3273 4393 3579 4464 sapiamus,
3619 4410 3757 4464 per-

2151 4485 2281 4539 fecti
2301 4491 2359 4538 et
2388 4494 2500 4538 non
2532 4483 2784 4555 perfecti.
2813 4482 3054 4537 Perfecti
3091 4482 3332 4536 viatores
3359 4483 3611 4537 nondum
3626 4493 3760 4552 per-

2150 4574 2280 4628 fecti
2309 4590 2676 4645 possessores.

2219 4663 2308 4720 27.
2337 4665 2547 4718 Laure.
2589 4664 2653 4718 Et
2670 4665 2720 4715 si
2739 4663 2896 4730 quid,
2913 4661 2969 4714 id
2993 4667 3099 4725 est,
3126 4661 3176 4714 si
3207 4660 3508 4730 pert'tactam
3538 4660 3760 4715 Christi

475 4745 720 4802 Charitas
741 4757 1061 4814 coronatur,
1095 4753 1204 4806 erit
1228 4753 1403 4822 [adde,
1447 4751 1589 4822 ipse]
1631 4765 1794 4805 verus
1827 4758 2062 4821 martyr.
2081 4761 2124 4820 ο
2148 4753 2527 4822 cognitionem
2557 4768 2650 4804 vos
2690 4750 2897 4804 habere
2913 4749 3219 4821 putatis,“
3237 4751 3362 4812 hoc,
3393 4749 3445 4803 id
3466 4755 3569 4811 est,
3603 4749 3761 4803 male

551 4836 634 4892 19.
685 4839 869 4904 (10172.,
893 4856 941 4894 c.
994 4839 1096 4908 13.)
1128 4844 1518 4909 Conﬁ'guralus
1538 4844 1727 4896 morti.
1759 4841 2070 4907 Consepulti

473 4928 624 4979 enim
643 4943 860 4994 sumus,
886 4928 1090 5000 inquit,
1106 4931 1318 4985 Christo
1343 4946 1444 4998 per
1475 4932 1806 4997 baptismum
1832 4931 1896 4981 in
1915 4944 2069 4981 mor-

475 5019 670 5080 tem,ut
685 5019 1400 5085 quemadmodumC/iristus
1423 5021 1726 5072 resurrexit
1743 5034 1778 5070 a
1801 5021 2060 5081 mortuis.

470 5106 550 5158 sic
567 5110 616 5158 et
642 5118 739 5159 nos
777 5109 841 5159 in
862 5110 1099 5162 novitate
1126 5111 1249 5162 vitae
1269 5110 1637 5162 ambulemus.
1669 5175 1673 5178 λ

543 5191 638 5250 20.
672 5195 880 5250 Laure.
907 5198 1294 5265 Con/iguratus
1313 5199 1483 5250 morti
1501 5200 1637 5264 ejus.
1675 5196 1739 5249 In
1763 5193 2063 5264 baptismo,

470 5289 538 5338 ut
564 5286 714 5340 enim
745 5286 927 5341 tribus
946 5287 1142 5341 diebus
1167 5286 1348 5358 jacuit
1372 5286 1628 5341 Christus
1683 5284 1742 5337 in
1787 5283 2066 5354 sepulcro,

469 5373 552 5428 sic
569 5375 628 5428 in
658 5374 994 5446 baptismate
1023 5377 1174 5431 trina
1202 5377 1276 5430 sit
1303 5374 1608 5428 immersio.

541 5462 631 5520 21.
663 5464 888 5533 Sequor.
940 5466 1157 5527 lmitor,
1192 5465 1396 5536 inquit,
1427 5462 1714 5517 Christum
1743 5461 1906 5516 bonis
1933 5474 2071 5533 ope-

470 5551 648 5619 ribus,
679 5570 886 5609 conan-
943 5555 990 5608 si
1043 5555 1230 5626 aliquo
1275 5553 1442 5608 modo
1484 5552 1819 5623 quandoque
1847 5552 2069 5622 capiam

470 5641 632 5694 illum
657 5642 903 5711 perfecta
929 5642 1326 5713 intelligentia,
1358 5643 1419 5696 in
1460 5657 1573 5712 qua
1635 5640 1756 5711 ipse
1784 5639 1953 5711 cmpit
1977 5657 2068 5695 me

2150 4858 2248 4895 vos
2288 4857 2505 4911 sapere,
2520 4839 2672 4894 vobis
2692 4856 2792 4910 per
2824 4839 3264 4893 misericordiam
3287 4854 3452 4892 suam
3479 4837 3766 4892 revelabit

2150 4931 2321 4984 Deus.

2221 5015 2310 5074 28.
2344 5019 2586 5072 Aunus'r.
2626 5017 2813 5086 (Ibid.)
2857 5018 3260 5070 Verumtamen.
3308 5015 3433 5070 Sive
3463 5029 3574 5085 quo
3614 5030 3758 5084 per-

2151 5110 2426 5171 venimus,
2477 5106 2536 5159 in
2563 5122 2628 5160 eo
2660 5104 3034 5171 ambulemus,
3081 5104 3226 5158 sicut
3255 5104 3393 5158 dicit
3421 5103 3758 5174 Apostolus,

2151 5213 2264 5251 non
2293 5197 2472 5250 Solum
2503 5195 2652 5265 quod
2681 5193 2963 5248 nescimus
3017 5199 3074 5248 et
3122 5193 3265 5248 scire
3315 5193 3609 5260 debemus,
3648 5193 3766 5248 sed

2153 5287 2327 5340 etiam
2353 5286 2402 5339 si
2425 5285 2561 5355 quid
2581 5284 2746 5339 aliter
2769 5283 3042 5354 sapimus,
3064 5283 3120 5337 id
3151 5291 3372 5354 quoque
3404 5282 3566 5336 nobis
3595 5290 3766 5337 reve-

2152 5375 2311 5429 labit.

2222 5463 2312 5520 ‘29.
2341 5464 2548 5518 Lara.
2571 5465 2947 5518 Percenimus.
2970 5460 3144 5525 Quasi
3189 5460 3439 5515 diceret:
3483 5459 3632 5531 quod
3671 5459 3762 5516 de

2152 5553 2377 5609 Christo
2396 5552 2666 5623 sapimus,
2700 5551 2939 5606 ﬁrmiter
2965 5556 3280 5617 teneamus,
3307 5555 3366 5604 et
3392 5557 3563 5621 opere.
3587 5563 3767 5603 eom-

2149 5642 2425 5712 pleamus.
