3936 6178
304 362 379 420 317

851 361 935 418 IN
970 360 1040 417 Β.
1078 357 1298 415 PAULI
1338 357 1562 429 EPIST.
1603 358 1975 415 COMMENT.
2016 389 2088 400 —
2123 359 2347 417 EPIST.
2390 360 2488 416 AD
2530 358 2849 416 PHILIPP.

3387 359 3491 419 318

301 484 399 537 uicti
422 492 602 546 minus,
644 485 715 537 ut
755 480 909 537 idem
956 482 1276 554 sapiamus;
1319 490 1378 540 et
1420 484 1616 540 eadem
1664 498 2095 557 permaneamus
2137 484 2352 556 regula.
2396 482 2466 542 30
2510 484 2826 540 imitatores
2868 483 2981 540 mei
3020 488 3221 552 estote,
3260 485 3489 554 ἠθικοί

298 578 339 625 et
362 570 602 625 obsonate
642 573 969 631 imitemini,
994 588 1109 629 eos.
1143 575 1240 644 qui
1270 574 1383 641 ita,_
1420 577 1563 629 sicut
1610 588 1725 642 nos,
1766 575 2079 640 ambulant,
2124 575 2271 630 sicut
2316 574 2533 629 habetis
2574 574 2812 628 formam
2852 579 3126 636 nostram,
3182 577 3325 630 sicut
3362 579 3490 631 estis

298 662 519 728 bsptizati,
544 661 621 712 ita
634 660 935 713 ambulate.
984 661 1149 716 Multi
1178 662 1329 717 enim
1358 662 1668 723 ambulant,
1695 680 1878 718 nonne
1893 680 2079 718 omnes
2100 667 2177 719 ita
2196 666 2528 718 ambulant?
2543 676 2683 734 quos
2700 679 2845 733 saepe
2867 662 3118 718 dicebam
3141 663 3297 718 vobis
3312 670 3491 733 (nunc

293 757 432 803 autem
455 755 505 802 et
533 749 668 802 tiens
693 748 840 807 dico»
866 748 1123 805 inimicos
1151 752 1333 807 crucis
1361 752 1589 816 Christi,
1623 762 1861 824 quorum
1892 753 2018 807 finis
2069 752 2354 816 interitus,
2412 749 2500 815 3i,
2560 762 2799 821 quorum
2845 751 2992 806 Deus
3036 756 3233 805 venter
3269 755 3373 814 est.
3431 754 3490 804 et

290 837 422 908 gloria
439 852 605 892 eorum
634 841 953 907 temporalis
980 839 1039 893 in
1062 846 1326 910 perpetua
1355 841 1681 897 confusione
1710 842 1981 913 ipsorum,
2013 843 2104 913 qui
2128 848 2354 897 terrena
2392 840 2638 911 sapiunt.
2672 840 2879 895 Nostra
2911 845 3100 894 autem
3139 838 3487 894 conversatio

286 929 327 982 in
347 927 466 983 eisiis
486 934 578 993 est,
608 931 691 983 cci
726 930 790 983 de
819 931 965 984 catis
991 935 1089 994 est,
1117 934 1253 999 quia
1275 935 1341 986 in
1367 934 1512 987 cali:
1532 930 1940 986 conversamur.
1973 930 2133 986 Unde
2174 929 2344 984 etiam
2387 929 2733 983 Salvatorem
2766 934 3157 999 exspectamus
3183 927 3488 983 Dominum

288 1024 479 1070 nostrum
492 1016 674 1071 Issam
693 1016 1003 1073 Christum.
1028 1018 1116 1085 3'2,
1139 1018 1228 1077 33.
1253 1021 1349 1092 qui
1374 1019 1705 1075 reformabit
1723 1036 1927 1089 corpus
1940 1017 2275 1072 humilitatis
2293 1023 2517 1082 nostra,
2536 1020 2747 1071 humile
2773 1022 3047 1082 nostrum,
3071 1018 3486 1087 eonﬁguratum

266 1106 445 1176 .corpon
470 1106 731 1161 claritatis
757 1114 894 1174 sua,
919 1113 968 1163 ct
999 1109 1099 1164 hoc
1114 1115 1308 1179 potest,
1329 1109 1640 1165 secundum
1664 1108 2050 1180 Operationem
2078 1110 2326 1173 uirtutis,
2368 1109 2689 1161 divinitatis
2742 1114 2871 1173 sua,
2928 1121 3041 1177 qua
3084 1106 3257 1161 etiam
3308 1105 3488 1177 possit

283 1193 492 1263 subjicere
514 1194 617 1249 sibi
645 1196 857 1250 omnia.

1670 1286 1905 1341 CAPUT
1942 1285 2038 1340 IV.

325 1396 500 1478 itaque,
526 1408 683 1477 (quia
704 1410 844 1463 Deus
864 1412 1189 1479 rc/brmabit
1213 1420 1327 1477 nes,
1347 1410 1529 1465 dando
1546 1406 2047 1470 immortalitatem)
2070 1400 2272 1463 fratres
2292 1407 2403 1463 mei
2428 1404 2743 1463 charissimi
2765 1411 2821 1463 et
2840 1398 3323 1472 desideratissiini,
3342 1397 3487 1479 gziii‘i

274 1486 388 1551 dium
415 1514 602 1561 meum,
638 1500 782 1552 unde
801 1501 1061 1567 gaudebo,
1096 1505 1152 1554 et
1174 1512 1380 1554 corona
1412 1514 1555 1563 mea,
1591 1492 1738 1553 unde
1765 1499 2069 1552 coronabor
2093 1497 2171 1552 sic
2200 1501 2368 1566 state,
2398 1502 2461 1551 ut
2490 1502 2553 1552 in
2574 1497 2823 1552 Ecclesiis
2852 1489 3274 1565 Convertemini,
3300 1488 3359 1552 in
3371 1487 3487 1553 Do-

273 1586 388 1639 mino
403 1586 693 1640 clarissimi
711 1586 1144 1657 (diSSentiebant)
1165 1584 1429 1643 Evodiam
1443 1586 1764 1657 (proprium
1778 1590 1993 1655 nomen)
2012 1584 2165 1657 rugo,
2188 1580 2245 1641 et
2267 1577 2587 1659 Syntychen
2613 1582 2927 1656 (proprium
2956 1594 3171 1652 nomen)
3190 1575 3483 1658 deprecor.

272 1680 315 1727 ut
334 1674 539 1745 idipsum
565 1693 786 1747 sapere,
819 1680 1059 1745 capiant,
1091 1672 1150 1732 in
1174 1677 1431 1732 Domino.
1456 1666 1635 1732 Etiam
1669 1682 1801 1747 rogo
1827 1674 1884 1731 et
1910 1672 2273 1742 te,Gérmane'
2295 1677 2609 1745 (proprium
2632 1674 3337 1747 nomen)t:ompar,adjuva
3355 1666 3487 1730 illas

268 1764 385 1827 duas,
405 1781 512 1834 qua
534 1781 752 1819 mecum
780 1766 1197 1835 laboraverunt,
1216 1771 1520 1822 necessaria
1536 1770 1940 1829 ministrantes,-
1961 1766 2022 1820 in
2042 1765 2339 1835 Evangelio
2360 1782 2485 1819 cum
2503 1764 2790 1819 Clemente
2811 1771 2869 1819 et
2887 1765 3103 1819 caeteris
3123 1763 3481 1834 adjutoribus

269 1852 387 1914 meis,
409 1870 632 1923 quorum
652 1856 882 1910 nomina
902 1863 1031 1911 sunt
1062 1857 1117 1910 in
1137 1856 1279 1912 libro
1301 1860 1444 1913 vitae.
1473 1858 1521 1915 1.
1542 1857 1797 1912 Gaudete
1816 1855 2185 1913 (determinat;
2206 1855 2264 1908 in
2287 1854 2524 1908 Domino
2545 1870 2786 1924 semper,
2806 1853 3013 1908 iterum
3035 1853 3187 1907 dico:
3206 1852 3479 1924 Gaudete,

264 1943 302 1995 2.
325 1939 557 1998 Modestis
587 1942 779 1999 iestra
805 1946 880 2001 sit
909 1941 1169 2001 omnibus
1203 1946 1547 2012 hominibus,
1575 1947 1829 2001 omnibus
1853 1938 2082 1998 modesti
2103 1945 2244 2003 sitis,
2278 1942 2337 1999 3.
2375 1941 2651 1996 Dominus
2667 1940 2817 1995 enim
2842 1953 3015 2012 prope
3029 1946 3133 1996 est.
3150 1940 3489 2006 (Ecccvobisé

264 2047 477 2086 mnsam
495 2032 753 2088 omnibus
773 2036 963 2088 diebus
988 2038 1246 2104 usquead
1262 2040 1788 2091 consummationem
1813 2036 2001 2089 seaculi
2027 2031 2211 2097 )Nihil
2239 2030 2464 2085 solliciti
2493 2030 2635 2093 sitis,
2665 2029 2761 2083 sed
2789 2030 2842 2092 4,
2873 2027 2933 2083 in
2962 2025 3117 2083 omni
3148 2029 3201 2083 5.
3225 2022 3485 2082 oratione

263 2122 303 2172 et
324 2119 700 2189 obsecratidne,
731 2136 857 2177 cum
887 2124 1201 2194 gratiarum
1233 2126 1471 2182 actio‘ne.
1504 2122 1553 2180 6.
1590 2120 1891 2194 petitiones
1918 2129 2115 2176 vestras
2143 2121 2497 2174 innotescant
2523 2135 2627 2173 csse
2650 2118 2800 2189 apud
2824 2116 3022 2183 Deum,
3056 2128 3166 2171 non
3186 2111 3484 2186 adfectan-

263 2206 368 2259 tiam
395 2209 693 2265 hominum.
725 2208 777 2271 7.
816 2212 847 2267 8
902 2213 971 2266 Et
998 2224 1108 2283 pax
1138 2209 1257 2279 Dei,
1293 2231 1416 2284 quas
1450 2219 1751 2285 exsuperat
1780 2224 2003 2267 omnem
2029 2224 2279 2274 sensum,
2314 2212 2447 2277 (qua
2475 2208 2723 2263 Christus
2754 2222 2850 2261 nos
2880 2209 3040 2261 Patri
3059 2200 3484 2274 paciﬁcacitmel

260 2300 557 2363 intranstive,
579 2303 729 2369 quod
749 2308 945 2356 nullus
973 2314 1160 2357 sensus
1192 2306 1305 2356 nisi
1328 2305 1427 2358 Dei
1449 2306 1679 2373 percipit
1702 2301 1985 2357 custodiat
2008 2299 2176 2353 corda
2202 2303 2407 2363 vestra,
2429 2302 2486 2351 et
2508 2296 2910 2366 intelligentiae
2932 2299 3162 2354 vestras.
3185 2293 3244 2347 in
3257 2291 3484 2347 Christo

256 2387 371 2442 Jesu.
399 2386 471 2443 De
497 2392 721 2455 caetero,
750 2391 966 2454 deinde,
995 2392 1077 2446 re!
1100 2394 1164 2446 de
1182 2395 1316 2446 aliis
1337 2384 2312 2461 emendandis,fratres,gquascunque
2358 2391 2494 2440 sunt
2523 2400 2670 2449 vera,
2701 2382 3047 2455 quacunque
3074 2380 3296 2453 pudica,
3328 2394 3488 2450 qua»

250 2491 425 2547 cunque
444 2479 616 2547 justa,
642 2496 991 2550 quaecunque
1024 2486 1237 2543 sancta,
1268 2490 1620 2552 quaecunque
1646 2480 1930 2544 amabilia,
1952 2479 2005 2533 9.
2034 2489 2378 2548 quaecunque
2406 2475 2564 2529 bona:
2588 2474 2770 2537 famae,
2812 2474 2861 2527 si
2890 2486 3003 2544 qua
3044 2472 3242 2532 virtus;
3280 2470 3328 2524 si
3370 2484 3486 2540 qus

251 2566 345 2617 laus
367 2566 683 2638 disciplima.
716 2567 832 2622 haec
861 2569 1123 2638 cogitate.
1151 2570 1286 2632 Quae
1315 2570 1371 2622 et
1397 2569 1689 2626 didicistis.
1721 2575 1777 2623 et
1805 2562 2119 2639 accepistis,
2145 2572 2204 2619 et
2220 2565 2476 2631 audistis,
2510 2569 2570 2617 et
2600 2563 2813 2617 vidistis
2841 2563 2899 2617 in
2929 2577 3038 2628 me,
3077 2565 3194 2617 hinc
3220 2557 3397 2630 agite:
3423 2557 3484 2612 ά

251 2650 368 2707 Deus
390 2655 533 2726 pacis
553 2656 669 2710 erit
692 2655 996 2711 vobiscum.
1044 2656 1128 2715 i0.
1159 2657 1399 2711 Gavisus
1417 2672 1542 2711 sum
1573 2665 1765 2713 autem
1790 2658 1847 2711 in
1868 2657 2105 2711 Domino
2130 2656 2508 2718 vehementer,
2541 2652 2806 2724 quoniam
2820 2652 3048 2708 tandem
3071 2645 3378 2723 alitjuando
3393 2647 3412 2704 i
3428 2647 3476 2704 l;

1550 2761 2147 2837 COMMENTARIUS.

292 2898 617 2959 munitos
665 2906 999 2969 Imitatores,
1041 2906 1146 2960 hoc
1181 2912 1287 2973 est,
1332 2906 1506 2962 nolite
1539 2905 1644 2961 sub
1679 2907 1870 2977 legeA
1889 2910 2019 2976 post
2035 2902 2506 2959 communionem.
2538 2903 2656 2957 Hoc
2682 2886 2841 2974 ponit
2868 2916 2970 2973 pro
3001 2898 3157 2955 omni
3188 2896 3470 2956 oratione.

238 2987 401 3056 vivere,
429 2992 568 3047 sicut
601 3009 704 3047 nec
733 3010 837 3064 ego
866 2994 985 3048 vivo
1015 2994 1118 3049 sub
1143 2995 1286 3065 lege.

287 3074 362 3135 3i.
404 3079 647 3146 Quorum
702 3083 844 3136 Deus
889 3088 1093 3137 venter.
1139 3083 1311 3148 Quasi
1374 3084 1491 3139 Deo
1564 3085 1794 3155 quidam

233 3167 376 3220 ventri
448 3169 829 3234 intendentes,
904 3172 1173 3243 pietatem
1247 3187 1370 3227 esse
1442 3173 1782 3238 existimant,

230 3255 347 3323 quod
366 3255 469 3310 alia
510 3258 740 3328 quidem
787 3260 989 3314 offerre
1026 3260 1156 3321 alia,
1211 3261 1323 3314 alia
1388 3260 1620 3315 minime
1667 3268 1788 3315 stu-

229 3340 464 3414 dcant[['.,
486 3345 583 3400 alii
615 3347 848 3418 quidem
868 3347 1068 3403 offerre
1102 3344 1232 3415 alia,
1269 3346 1366 3403 alii
1403 3348 1519 3404 alia
1553 3342 1788 3404 minime

226 3432 498 3508 studeant].

278 3518 353 3575 32.
391 3524 494 3590 Qui
517 3526 867 3592 reformabit.
900 3524 1114 3597 Corpus
1144 3526 1293 3597 quod
1333 3532 1483 3581 nunc
1522 3526 1787 3581 humilia-

223 3614 317 3664 tnm
342 3619 425 3666 est
450 3614 555 3668 sub
580 3621 784 3679 morte,
826 3615 897 3668 ad
936 3614 1416 3669 immortalitatem
1463 3616 1782 3679 transferet,

223 3697 373 3754 simile
392 3700 528 3755 illud
556 3719 663 3756 suo
691 3703 912 3773 corpori
943 3702 1167 3756 faciens.
1424 3768 1429 3781 τ

277 3783 349 3843 33.
379 3790 585 3846 Lmen.
631 3792 740 3859 Qui
777 3793 1125 3859 reformabit.
1167 3788 1257 3847 Sic
1297 3793 1355 3847 in
1397 3790 1487 3846 die
1530 3810 1785 3847 resurre-

220 3876 387 3931 ctionis
441 3877 777 3934 reformabit
824 3876 1081 3935 Christus
1133 3896 1335 3952 corpus
1390 3888 1666 3948 nostrum,
1724 3887 1788 3936 ut

219 3967 437 4021 eamdem
471 3969 751 4023 claritatis
798 3969 1037 4039 ﬁguram
1075 3968 1281 4026 habeat
1319 3987 1487 4041 quam
1527 3970 1696 4024 habet
1733 3978 1789 4025 et

217 4068 372 4108 suum.

214 4229 537 4297 X.)Gaudetc
583 4240 652 4292 in
680 4238 935 4291 Domino.
981 4236 1235 4292 Gaudete
1283 4240 1343 4292 in
1388 4238 1628 4293 Domino
1675 4254 1788 4292 non

214 4317 260 4371 in
282 4325 490 4392 seculo,
513 4325 573 4381 id
601 4331 706 4391 est,
734 4325 978 4396 gaudete
1019 4331 1190 4392 [6|
1221 4326 1281 4383 in
1310 4327 1562 4394 veritate,
1587 4343 1700 4381 non
1727 4326 1784 4380 in

212 4407 497 4481 iniquitate.

268 4500 312 4550 2.
341 4501 587 4559 Auensr.
623 4506 813 4573 (5pm.
848 4504 964 4563 159.
1001 4507 1060 4560 in
1090 4506 1293 4571 medio,
1327 4510 1467 4561 tom.
1510 4506 1579 4564 Ili
1613 4507 1788 4559 Mode-

206 4588 295 4641 stis
305 4592 713 4648 κείνα.οωηώ
726 4594 877 4649 bona
895 4612 1066 4667 opera
1083 4601 1280 4651 amant
1291 4596 1348 4651 in
1360 4595 1481 4651 luce
1494 4595 1782 4661 constitui,

206 4690 297 4729 non
318 4686 545 4750 prepter
576 4683 881 4739 humanam
912 4685 1175 4755 gloriam,
1201 4684 1301 4740 sed
1328 4690 1390 4738 ut
1419 4684 1663 4749 videant,
1704 4684 1787 4739 ait

202 4761 473 4835 Dominus,
492 4788 662 4841 opera
682 4779 860 4828 castra
881 4776 1041 4841 bona,
1057 4780 1107 4830 et
1120 4776 1428 4844 gloriﬁcent
1456 4776 1678 4829 Patrem
1696 4790 1785 4828 vc-

202 4857 369 4911 :trum
397 4864 499 4927 qui
528 4864 597 4914 in
624 4865 767 4917 cistis
796 4868 890 4916 est.

258 4940 305 4999 3.
329 4948 523 5014 (Ιὺίά.)
558 4951 833 5005 Dominus
855 4966 1020 5020 prope
1043 4956 1139 5008 est.
1172 4951 1273 5005 Ille
1305 4951 1456 5005 enim
1478 4947 1573 5022 qui
1593 4964 1789 5004 ascen-

199 5029 335 5087 ditin
361 5037 599 5105 coelum,
630 5048 693 5092 ut
720 5040 1017 5094 tolleretur
1040 5039 1112 5094 ab
1134 5040 1309 5095 oculis
1338 5040 1565 5105 nostris,
1591 5039 1794 5111 promi-

197 5118 259 5174 sit
278 5123 437 5180 nobis
463 5126 666 5182 dicens
688 5146 701 5181 :
726 5130 859 5183 Ecce
878 5131 1154 5183 vobiscum
1172 5145 1297 5184 sum
1331 5131 1588 5183 omnibus
1604 5131 1793 5183 diebus

198 5224 344 5279 usque
377 5217 454 5269 ad
489 5221 1032 5272 consummationem
1078 5221 1286 5273 szcuti.
1331 5218 1533 5275 Merito
1571 5218 1651 5272 sic
1686 5233 1791 5272 nos

193 5297 476 5369 Apostolus
506 5305 928 5377 alloquebatur:
955 5308 1223 5361 Dominus
1245 5310 1308 5361 in
1344 5310 1614 5375 proximo,
1641 5308 1789 5361 nihil

190 5392 397 5445 solliciti
420 5395 677 5459 fueritis.
704 5396 874 5449 Sedet
894 5397 1241 5468 supercmlos
1254 5396 1531 5460 Christus,
1553 5400 1610 5449 et
1624 5396 1789 5465 longe

189 5486 305 5531 sunt
329 5482 477 5544 cceli,
513 5488 580 5536 et
603 5483 720 5555 ipse
742 5485 839 5555 qui
864 5485 940 5538 ibi
967 5485 1144 5551 sedet,
1169 5502 1340 5557 prope
1371 5490 1477 5539 est.

272 4142 408 4240 ριξΡ.
439 4148 533 4201 IV.
562 4176 628 4187 ο·-
666 4147 713 4200 l.
738 4147 937 4221 (Serm.
968 4147 1038 4202 37
1078 4149 1149 4202 De
1182 4151 1327 4202 verb.
1358 4152 1538 4215 Dom.,
1570 4158 1618 4203 c.
1642 4148 1694 4210 5,
1728 4153 1777 4204 t.
1806 4182 1850 4240 Β

1947 2994 2001 3048 5.
2057 2993 2338 3057 Oratione,
2386 2991 2446 3045 id
2495 2997 2602 3056 est,
2637 2990 3082 3061 quotiescunque
3134 2986 3331 3054 oratis,
3389 2986 3479 3041 vel

1876 3082 2093 3153 gratias
2121 3079 2362 3147 refertis,
2394 3084 2528 3134 tunc
2572 3078 2746 3151 petite
2795 3078 2845 3132 si
2886 3077 3021 3149 quid
3061 3092 3097 3130 a
3131 3077 3249 3170 Deo
3286 3080 3481 3147 petere

1876 3171 2063 3225 vultis.

1942 3259 1994 3315 6.
2025 3261 2270 3314 Ausus'r.
2313 3259 2490 3331 (epist.
2520 3256 2645 3315 121.
2675 3257 2761 3313 Ad
2798 3257 2953 3326 prob.
2984 3257 3049 3309 de
3101 3255 3313 3308 orando
3350 3254 3476 3320 Deo,

1868 3342 1990 3419 cap.
2016 3348 2071 3411 9,
2100 3354 2236 3402 tom.
2261 3332 2353 3413 ῙΙ.)
2383 3348 2673 3402 Petition‘es
2694 3350 2879 3402 vestra:
2928 3345 3055 3399 Non
3084 3336 3168 3398 sic'
3193 3341 3475 3413 accipien-

1868 3437 2004 3491 dum
2035 3444 2120 3492 est
2139 3442 2409 3508 tanquam
2433 3437 2549 3490 Deo
2584 3436 2956 3495 innotescunt.
2991 3433 3086 3505 qui
3118 3448 3214 3488 eas
3233 3438 3290 3487 et
3316 3436 3481 3485 ante-

1870 3530 2039 3596 quam
2067 3514 2258 3580 essent
2288 3532 2519 3580 Noverat
2571 3525 2680 3579 Sed
2728 3523 2890 3578 nobis
2924 3524 3280 3577 innotescunt
3328 3519 3481 3591 apud

1869 3615 2048 3668 Deum
2077 3631 2176 3686 per
2203 3614 2589 3680 tolerantiam,
2610 3630 2724 3667 non
2761 3613 2911 3684 apud
2950 3611 3206 3667 homines
3238 3626 3340 3681 per
3386 3610 3481 3680 ja-

1867 3703 2157 3758 ctantiam.
2181 3706 2296 3758 Aut
2308 3703 2452 3757 forte
2482 3703 2650 3758 etiam
2676 3701 3030 3779 innotescunt
3052 3700 3203 3771 apud
3229 3698 3477 3779 angelos,

1868 3792 1965 3863 qui
1995 3799 2129 3846 sunt
2156 3792 2305 3863 apud
2337 3792 2532 3857 Deum,
2558 3797 2621 3846 ut
2650 3776 3065 3863 quodammodo
3106 3784 3202 3843 eas
3239 3776 3479 3843 offerant

1868 3883 2005 3949 Deo,
2048 3888 2103 3935 et
2136 3880 2203 3934 de
2226 3881 2311 3934 his
2340 3880 2652 3946 consulant,
2684 3886 2741 3935 et
2765 3876 2914 3952 quod
2944 3879 3059 3934 Deo
3083 3876 3321 3949 jubente
3366 3874 3477 3931 im-

1869 3969 2135 4041 piendum
2161 3988 2283 4024 esse
2302 3970 2682 4041 cognoverint,
2718 3970 2824 4023 hoc
2852 3966 3012 4023 nobis
3053 3964 3139 4021 vel
3170 3956 3476 4043 evidenter,

1868 4036 1954 4111 vel
1997 4052 2241 4112 latenter
2287 4036 2593 4129 reportent.
2643 4054 2793 4112 Dixit
2824 4055 2974 4111 enim
3020 4036 3296 4126 angeius:
3335 4036 3480 4109 Cum

1873 4147 2130 4203 oraretis.
2164 4150 2267 4217 ego
2293 4147 2471 4201 obtuli
2492 4146 2803 4201 orationem
2833 4151 3071 4200 vestram
3101 4144 3161 4197 in
3176 4147 3479 4213 conspectu

1872 4235 2149 4291 claritatis
2180 4236 2300 4290 Dei.

1946 4328 1998 4382 7.
2029 4329 2277 4381 Auuusr.
2313 4324 2431 4390 (lib.
2462 4339 2591 4379 χχιι.
2623 4327 2696 4380 De
2721 4326 2874 4379 civit.
2902 4325 3019 4390 Dei,
3044 4339 3095 4379 c.
3118 4318 3211 4389 29,
3234 4319 3480 4391 tom.V.)

1874 4418 2078 4485 Etpaa:
2104 4415 2216 4469 Dei.
2272 4415 2470 4469 Pacem
2513 4429 2626 4485 qua
2688 4414 2838 4468 Deus
2883 4412 3006 4485 ipse
3058 4411 3313 4483 placatus
3364 4400 3472 4478 est,

1868 4508 2017 4563 sicut
2049 4507 2199 4561 Deus
2230 4506 2403 4570 novit,
2428 4521 2542 4560 non
2566 4522 2697 4563 eam
2718 4520 2821 4559 nos
2840 4504 2918 4559 sic
2948 4518 3249 4575 possumus
3288 4517 3473 4567 nosse,

1868 4613 1971 4651 nec
2000 4594 2101 4650 ulli
2133 4594 2346 4667 angeli;
2380 4600 2612 4666 superat
2626 4594 2818 4666 itaque
2832 4608 3058 4648 omnem
3088 4579 3468 4648 intellectum.

1933 4669 1989 4740 8.
2026 4685 2232 4741 Lassa.
2297 4686 2414 4739 Pax
2501 4685 2616 4748 Dei,
2664 4682 2722 4737 id
2771 4687 2876 4747 est,
2918 4696 3031 4753 qua
3070 4680 3131 4736 in
3175 4679 3479 4761 semetipso

1868 4780 2105 4851 pacatus
2126 4779 2232 4839 est,
2264 4773 2348 4829 vel
2373 4790 2487 4845 qua
2520 4774 2834 4829 humanum
2869 4787 3049 4845 genus
3100 4770 3484 4829 reconciliavit

1870 4864 2005 4918 sibi.

1942 4944 1998 5007 9.
2031 4954 2273 5008 Auous'r.
2312 4951 2428 5013 «lib.
2456 4954 2530 5006 Dc
2572 4954 2706 5006 bono
2736 4952 2941 5012 viduit.
2972 4967 3020 5006 c.
3052 4949 3143 5017 22,
3179 4954 3318 5007 tom.
3348 4949 3483 5017 IV.)

1875 5044 2219 5112 Quaecunque
2249 5045 2397 5097 bona
2423 5044 2606 5111 fama;
2638 5040 2769 5097 Non
2797 5041 3043 5113 neglexit
3072 5056 3281 5112 ponere
3321 5040 3479 5097 bona;

1874 5132 2071 5199 fama;
2103 5131 2435 5203 duobusque
2458 5136 2661 5187 cuncta
2688 5132 2979 5195 conclusit,
3010 5130 3109 5187 ubi
3137 5130 3221 5186 ait
3243 5148 3257 5183 :
3280 5128 3345 5185 Si
3367 5143 3480 5196 qua

1870 5224 2069 5287 virtus,
2093 5224 2268 5291 siqua
2291 5226 2432 5276 laus.
2456 5222 2540 5276 Ad
2553 5221 2818 5277 virtutem
2839 5227 3031 5277 autem
3054 5219 3340 5290 pertinent
3355 5232 3480 5289 quas

1871 5316 2038 5364 antea
2057 5310 2412 5365 memoravit.
2448 5312 2601 5366 Bona
2628 5311 2782 5367 fama
2800 5322 2930 5365 Vero
2960 5309 3030 5365 ad
3062 5306 3314 5363 laudem.

1952 5400 2034 5453 li‘.
2066 5400 2313 5454 Amanos.
2346 5400 2575 5455 Gavisus
2601 5416 2747 5453 sum.
2764 5400 2829 5453 In
2854 5397 3097 5453 Domino
3118 5395 3352 5461 dixit,ut
3366 5411 3483 5455 non

1869 5487 2156 5543 videretur
2202 5487 2273 5541 ob
2322 5488 2618 5560 pecuniam
2663 5485 2770 5542 sibi
2816 5485 3089 5541 directam
3139 5484 3341 5549 laturi,
3383 5483 3485 5539 sed

246 5567 295 5621 4.
328 5568 553 5625 Luna.
580 5574 643 5627 In
672 5577 830 5628 omni
853 5579 1119 5641 oratione,
1144 5582 1251 5630 etc.
1285 5575 1480 5631 Oratio
1498 5591 1621 5647 qua:
1650 5580 1783 5630 ante
1804 5576 2089 5647 Cpropter
2113 5582 2467 5647 praposttum
2495 5576 2724 5630 illorum
2746 5573 2844 5646 qui
2874 5572 3176 5631 miserunt.

188 5650 544 5727 Evangelium
579 5678 593 5727 ;
622 5660 952 5731 obsecratio,
976 5670 1232 5732 secreta;
1268 5663 1584 5734 gratiarum
1620 5664 1788 5732 actio,

1951 5665 2272 5721 itinera.
2313 5667 2673 5735 Reﬁoruistis,
2717 5663 2775 5718 id
2824 5669 2929 5731 est,
2976 5663 3278 5735 pristinum
3312 5661 3489 5733 largi-
