4040 6186
390 240 497 300 319
1372 243 1437 300 B.
1478 206 2292 304 LANFRANCICANTUAR.
2332 243 2670 302 ARCHIEP.
3548 236 3652 297 320

390 367 725 423 refloruistis
750 383 851 440 pro
880 383 972 423 me
992 367 1226 435 sentire;
1250 368 1397 424 sicut
1417 376 1473 425 et
1492 371 1848 427 sentiebatis:
1870 374 2124 446 occupati
2141 380 2329 428 autem
2346 372 2517 427 eratis
2535 372 2630 439 (Ne
2647 370 2745 425 hoc
2758 368 2866 424 sibi
2884 368 3230 437 objiceretur,
3245 367 3654 434 removet.)Non

395 458 555 527 quasi
584 463 812 528 propter
839 455 1131 527 penuriam
1149 457 1271 511 dico
1290 456 1303 525 ς
1326 475 1430 529 ego
1450 460 1598 514 enim
1616 461 1804 526 didici,
1817 462 1874 517 in
1895 463 2097 534 quibus
2112 480 2257 528 sum,
2277 465 2340 516 in
2360 463 2445 516 his
2463 478 2581 530 quae
2594 461 2777 514 habeo.
2800 458 3082 512 sufﬁciens
3100 473 3242 511 esse.
3258 455 3383 510 Scio
3396 461 3455 510 et
3467 454 3656 509 humi-

393 545 663 608 liari,scio
673 552 731 598 et
747 544 1033 598 abundare
1051 549 1120 611 ;si
1132 548 1389 613 abundet,
1406 565 1517 603 non
1528 554 1779 619 extollar;
1791 555 1841 605 si
1860 554 2137 613 desit.non
2149 554 2396 621 dejicior,
2409 548 2644 623 [ubique
2657 555 2714 602 et
2728 548 2786 602 in
2804 546 3066 602 omnibus
3087 546 3380 600 institutus
3401 545 3547 614 sum]
3570 543 3653 600 12.

394 639 453 686 et
478 633 689 697 satiari,
713 637 771 685 et
797 632 1030 697 esurire,
1066 650 1179 688 non
1208 636 1445 702 fructus,
1479 644 1534 692 et
1555 638 1860 705 abundare,
1886 656 1999 695 non
2023 645 2217 701 elatus,
2239 646 2296 694 et
2319 639 2614 711 penuriam
2637 636 2771 709 pati,
2796 641 2845 690 et
2867 637 2965 690 hoc
2987 651 3097 689 non
3117 650 3215 703 per
3233 650 3349 697 me;
3366 635 3457 688 sed
3477 637 3657 698 κη

395 721 585 775 omnia
615 736 839 791 possum
867 721 927 776 in
958 738 1023 777 eo
1063 724 1159 794 qui
1189 742 1279 779 me
1312 726 1592 782 confortat
1634 731 1702 784 In
1722 731 1980 784 omnibus
1997 727 2330 800 sufﬁcio,13.
2350 729 2750 782 Verumtamen
2773 725 2916 779 bene
2928 722 3156 789 fecistis,
3177 721 3658 776 communicantes

393 809 746 865 tribulationi
760 828 912 875 meae,
934 815 1156 882 aliquid
1170 818 1465 883 largientes
1481 820 1626 871 mihi
1642 821 1908 874 tributato
1928 826 2017 887 ;et
2034 823 2199 873 etiam
2219 821 2380 887 prius
2395 819 2637 871 dedistis.
2657 815 2822 871 Scitis
2835 820 3046 878 autem,
3064 819 3122 867 et
3141 829 3235 867 vos
3250 810 3656 882 Philippenses.

392 899 539 968 quod
569 899 626 952 in
656 900 931 971 principio
962 902 1263 972 Evangelii,
1306 906 1528 974 quando
1559 906 1845 977 profectus
1867 926 1992 963 sum
2022 925 2052 963 a
2087 909 2433 970 Macedonia,
2465 908 2624 962 nulla
2650 907 2788 961 mihi
2820 905 3064 961 Ecclesia
3092 901 3534 957 communicavit
3567 901 3661 957 Η.

390 985 452 1039 in
471 986 689 1042 ratione
709 988 824 1042 dati
852 996 910 1042 et
937 991 1168 1061 accepti,
1189 996 1506 1046 voluntarie
1526 996 1709 1049 dando
1732 1001 2017 1053 terrestria
2036 1013 2138 1064 pro
2158 1000 2473 1065 ca'lestibus,
2496 998 2604 1051 nisi
2626 1014 2720 1051 vos
2740 997 2865 1060 soli,
2884 995 3015 1066 quia
3032 1000 3090 1048 et
3100 992 3553 1048 Thessalonicam
3569 1007 3661 1045 se-

391 1075 502 1127 mel
532 1082 589 1129 et
616 1075 700 1129 bis
726 1076 786 1129 in
810 1093 972 1131 usum
1004 1078 1142 1131 mihi
1173 1078 1401 1134 misistis
1426 1102 1440 1149 ;
1480 1082 1560 1137 15.
1587 1100 1699 1137 non
1732 1086 1864 1155 quia
1895 1102 2083 1156 quaero
2109 1086 2323 1150 datum,
2343 1087 2441 1140 sed
2458 1086 2680 1157 requiro
2694 1087 2937 1140 fructum
2957 1084 3338 1139 abundantem
3362 1082 3420 1135 in
3442 1081 3662 1135 ratione

391 1169 596 1229 vestra,
620 1167 678 1218 id
692 1171 787 1231 est,
802 1168 1258 1236 fructusjustitia:
1278 1176 1463 1224 vestra:
1481 1174 1805 1237 abundavit,
1829 1191 1954 1228 cum
1980 1179 2255 1230 rationem
2276 1176 2379 1228 [)co
2400 1176 2718 1228 reddidistis
2739 1176 2803 1227 de
2827 1176 3006 1241 factis.
3029 1170 3217 1225 Habeo
3239 1176 3427 1227 autem
3447 1169 3656 1235 omnia,

393 1257 451 1305 et
479 1252 701 1307 abundo
726 1273 738 1320 ;
771 1255 1016 1325 repletus
1046 1272 1190 1320 sum,
1221 1259 1461 1327 acceptis
1489 1258 1560 1312 ab
1591 1260 1972 1331 Epaphrodito
2003 1279 2125 1333 quae
2156 1264 2420 1329 misistis;
2453 1266 2655 1317 scilicet
2686 1266 2745 1316 in
2786 1262 3015 1316 odorem
3060 1258 3373 1314 suavitatis.
3418 1257 3664 1311 hostiam

393 1349 694 1412 acceptam,
720 1344 1031 1413 placentem
1053 1344 1187 1399 Deo.
1224 1346 1373 1400 Deus
1400 1355 1589 1402 autem
1622 1366 1779 1404 meus
1807 1351 2041 1421 impleat
2059 1369 2223 1408 omne
2248 1353 2586 1408 desiderium
2619 1358 2886 1417 vestrum,
2922 1350 3229 1404 secundum
3262 1348 3488 1402 divitias
3509 1363 3659 1411 suas,

392 1430 453 1484 in
480 1432 661 1501 gloria
689 1433 748 1487 in
778 1433 1002 1487 Christo
1030 1435 1181 1487 Jesu.
1214 1434 1326 1489 Deo
1356 1442 1545 1491 autem
1577 1444 1635 1492 et
1662 1440 1815 1494 Patri
1844 1448 2035 1495 nostro
2056 1443 2237 1511 gloria
2261 1443 2319 1497 in
2343 1443 2546 1498 saecula
2570 1442 2922 1497 saeculorum.
2951 1442 3151 1495 Amen.
3175 1437 3427 1492 Salutate
3439 1451 3666 1489 omnem

390 1528 648 1576 sanctum
668 1523 725 1576 in
749 1522 970 1577 Christo
999 1523 1148 1576 Jesu.
1187 1524 1449 1580 Salutant
1479 1543 1572 1581 vos
1600 1528 1695 1598 qui
1720 1545 1935 1584 mecum
1965 1537 2096 1585 sunt
2116 1532 2339 1587 fratres.
2372 1533 2633 1587 Salutant
2654 1548 2750 1585 vos
2775 1546 2971 1584 omnes
2991 1527 3192 1594 sancti,
3220 1525 3460 1581 maxime
3475 1530 3666 1579 autem

392 1609 489 1683 qui
517 1609 595 1689 de
625 1611 860 1678 Caesaris
889 1611 1055 1666 domo
1088 1617 1238 1669 sunt.
1272 1614 1467 1670 Gratia
1493 1617 1718 1673 Domini
1747 1619 1923 1675 nostri
1951 1621 1979 1675 J
1986 1637 2083 1676 esu
2111 1619 2318 1677 Christi
2344 1636 2471 1675 cum
2496 1618 2701 1690 spiritu
2737 1623 2939 1672 vestro.
2966 1604 3166 1672 Amen.

1737 1764 2337 1820 COMMENTARIUS.

393 1898 529 1953 tatis
567 1900 761 1954 ﬂorem
793 1903 1197 1978 resumpsistis,
1218 1911 1227 1932 ⁷
1252 1911 1316 1959 ut
1352 1905 1541 1977 aliqua
1565 1906 1723 1978 mihi
1765 1907 1996 1973 daretis,
2011 1914 2060 1972 Α
2078 1909 2172 1975 cit,
2197 1914 2263 1963 ut
2279 1908 2394 1962 tale
2416 1907 2629 1962 habens
2650 1905 2994 1969 institutum,
3026 1918 3139 1957 non
3161 1899 3514 1955 existimetur
3541 1911 3671 1951 con-

394 1986 535 2043 sicut
557 1988 692 2042 dare
721 1989 859 2045 mihi
889 1992 1179 2050 solebatis.
2068 2004 2326 2052 temnere
2352 1997 2452 2051 illa
2490 2012 2613 2067 quae
2640 1994 2711 2049 ab
2743 1994 2852 2048 illis
2871 1993 3044 2047 missa
3071 1996 3224 2049 sunt.

462 2075 550 2133 12.
583 2078 835 2134 AUGUST.
861 2080 977 2136 «lib.
1009 2096 1070 2147 II,
1093 2084 1286 2149 Quasi.
1309 2085 1542 2152 Evang.,
1568 2088 1848 2156 quaest.,t.
1869 2086 1983 2153 1V.)
2138 2087 2228 2141 'l’a.
2263 2088 2464 2141 Laure.
2504 2088 2572 2140 In
2621 2087 2836 2138 ratione
2874 2086 3012 2136 dati.
3060 2081 3251 2145 Nulla,
3280 2077 3485 2148 inquit,
3526 2073 3668 2128 mihi

392 2166 461 2220 Et
482 2170 705 2222 satiari.
740 2169 983 2225 lnwrest
1010 2188 1123 2225 non
1156 2172 1288 2243 quid
1320 2174 1404 2227 vel
1447 2180 1717 2244 quantum
1749 2173 1988 2228 alimen-
2071 2176 2285 2246 aliquid
2307 2174 2551 2229 Ecclesia
2573 2173 2746 2234 dedit,
2785 2169 3192 2226 considerando
3223 2167 3359 2238 quid
3397 2166 3578 2228 daret,
3609 2168 3671 2217 et

391 2258 583 2310 torum
621 2273 721 2328 pro
755 2262 1120 2329 congruentia
1174 2262 1463 2316 hominum
1508 2270 1680 2334 atque
1738 2279 1989 2334 personae
2072 2265 2205 2336 quid
2226 2282 2261 2318 a
2291 2281 2379 2318 me
2409 2263 2704 2334 acciperet.
2738 2262 2837 2315 Est
2860 2260 3007 2314 enim
3030 2258 3174 2312 ratio
3202 2255 3319 2311 dati
3344 2261 3400 2309 et
3429 2251 3664 2323 accepti,

392 2359 527 2410 suae,
550 2350 608 2398 et
634 2362 734 2416 pro
754 2363 870 2401 suae
892 2349 1224 2404 valetudinis
1253 2351 1585 2406 necessitate
1613 2352 1740 2422 quis
1783 2353 1988 2423 capiat,
2075 2354 2296 2425 quoties
2309 2350 2835 2424 perpenditur-quod
2855 2348 3227 2420 accipitur,et,
3249 2342 3557 2399 secundum
3584 2340 3664 2404 id,

394 2433 493 2486 sed
518 2440 734 2503 quanta
749 2437 1013 2492 facilitate
1039 2445 1097 2492 et
1112 2441 1414 2494 serenitate
1442 2440 1619 2494 animi
1646 2448 1985 2506 careat,cum
2071 2442 2285 2514 aliquid
2316 2440 2660 2513 rependitur.

393 2520 481 2575 his
511 2523 597 2577 vel
624 2532 864 2595 oportet,
884 2528 967 2580 vel
990 2527 1158 2582 etiam
1176 2546 1368 2583 carere
1389 2546 1615 2584 necesse
1640 2537 1744 2596 est,
1773 2531 1986 2585 utillud
2139 2532 2228 2589 15.
2255 2533 2499 2586 Auens'r.
2536 2530 2651 2599 (lib.
2676 2543 2773 2583 x111
2827 2528 3034 2595 Confes.
3067 2544 3115 2581 c.
3145 2523 3234 2592 25,
3257 2529 3394 2579 tom.
3441 2521 3508 2590 l).
3541 2520 3665 2574 Non

392 2611 453 2664 in
477 2612 665 2667 animo
682 2614 1002 2670 Christiano
1024 2617 1119 2687 [αι.
1133 2658 1146 2681 ,
1171 2617 1499 2691 Christiani|
1522 2619 1823 2690 impleatur
1839 2620 1988 2690 quod
2069 2625 2203 2689 quia
2214 2637 2416 2690 quaero.
2439 2620 2667 2679 Datum.
2687 2624 2775 2672 est
2795 2634 2883 2673 res
2903 2617 3025 2687 ipsa
3045 2631 3212 2686 quam
3226 2614 3326 2668 dat
3338 2613 3433 2684 qui
3452 2612 3528 2665 im
3536 2624 3664 2680 per-

391 2700 693 2771 Apostolus
721 2703 855 2758 dicit
886 2724 895 2757 :
932 2706 1053 2761 Scio
1084 2712 1133 2761 et
1156 2710 1346 2761 minus
1370 2709 1585 2774 habere,
1616 2712 1724 2762 scio
1754 2711 1989 2763 etabun-
2068 2711 2209 2765 titur
2259 2710 2377 2763 haec
2405 2708 2738 2773 necessaria,
2788 2705 2958 2760 veluti
3011 2712 3098 2759 est
3141 2719 3424 2766 nummus,
3484 2698 3660 2761 cibus,

395 2790 530 2845 dare
549 2794 613 2845 in
634 2796 963 2860 omnibus,et
981 2798 1039 2848 in
1057 2796 1259 2865 [al.,in
1282 2798 1560 2868 omnibus]
1580 2798 1981 2865 imbutussum,
2068 2806 2253 2870 potus,
2287 2798 2704 2862 vestimentum,
2744 2801 2975 2859 tectum,
3022 2793 3384 2864 adjutorium.
3424 2789 3665 2844 Fructus

393 2882 443 2930 et
470 2882 693 2947 satiari,
724 2886 773 2935 et
789 2886 1021 2948 esurire,
1045 2890 1093 2939 et
1124 2887 1431 2951 abundare,
1455 2892 1505 2939 et
1522 2890 1825 2955 penuriam
1843 2890 1982 2957 pati.
2069 2893 2258 2943 autem
2286 2887 2434 2943 bona
2461 2903 2650 2959 opera,
2683 2893 2740 2941 et
2757 2892 2911 2941 recta
2939 2885 3196 2940 voluntas
3219 2880 3434 2936 datoris
3465 2884 3569 2933 est.

463 2965 533 3024 13
557 2970 799 3027 Αδωιιοε.
836 2974 1217 3031 Verumtamen
1242 2976 1372 3029 bene
1414 2977 1636 3043 fecistis.
1681 2976 1799 3030 Hoc
1840 2976 1990 3047 adje-

387 3149 1915 3179 Μ

1920 3145 3640 3180 W

536 3289 1125 3387 EPISTULA
1207 3295 1307 3387 B.
1372 3296 1769 3392 PAULI
1840 3295 2409 3394 APOSTOLI
2483 3298 2652 3390 AD
2727 3287 3520 3390 COLOSSENSES

844 3472 847 3475 ’
1020 3470 1205 3535 CUM
1241 3472 1817 3538 INI'ERJECTIS
1856 3476 1936 3538 Β.
1988 3475 2503 3539 LANF/{ANCI
2543 3473 3033 3539 GLOSSULIS.

459 3710 1319 3779 ARGUMENT’L'M.Colossenses,et
1342 3716 1400 3769 hi
1423 3716 1566 3771 sicut
1594 3718 1981 3782 Laodicenses,
2007 3718 2367 3790 BArchippo,
2399 3718 2567 3790 quiet
2597 3716 2971 3770 ministerium
2996 3715 3054 3769 in
3099 3730 3194 3768 eos
3249 3710 3481 3782 accepit.
3515 3709 3661 3778 Ergo

391 3802 525 3851 sunt
552 3797 763 3863 Asiani,
797 3808 853 3854 et
890 3800 997 3871 ipsi
1036 3803 1300 3872 praeventi
1347 3811 1509 3859 erant
1562 3823 1597 3860 a
1639 3807 1982 3878 pseudoapo—
2062 3810 2500 3880 Apostolusjam
2533 3807 2757 3877 ligatus,
2791 3805 2986 3859 scribit
3034 3804 3115 3858 eis
3170 3802 3240 3856 ab
3289 3801 3506 3872 Epheso
3562 3813 3664 3868 per

391 3887 569 3941 stolis.
600 3888 715 3943 Nec
731 3890 801 3943 ad
824 3890 924 3944 hos
939 3892 1299 3963 accessitipsc
1315 3893 1620 3965 Apostolus
1640 3914 1653 3962 ;
1677 3896 1773 3950 sed
1796 3904 1852 3949 et
1882 3896 1982 3950 hos
2062 3898 2367 3969 Tychicum
2395 3897 2694 3951 diaconum
2724 3902 2781 3949 et
2803 3894 3131 3950 Onesimum
3159 3892 3461 3962 acolytum.

392 3991 492 4048 per
511 3976 815 4049 Epistolam
848 3979 1096 4051 corrigit.
1134 3982 1443 4038 Audierant
1465 3985 1615 4038 enim
1641 3984 1872 4039 verbum
1912 3986 1982 4039 ab

1627 4115 1806 4178 I63
1843 4109 2078 4165 CAPUT
2117 4110 2424 4166 PRIMUM.

465 4230 517 4290 1.
546 4232 753 4288 Paulus
784 4234 1072 4305 apostolus
1102 4235 1132 4288 J
1137 4251 1236 4288 esu
1267 4234 1496 4300 Christi,
1530 4251 1640 4289 non
1673 4239 1920 4300 Ananiae,
1954 4251 2054 4306 per
2079 4235 2422 4289 voluntatem
2451 4233 2576 4298 Dei,
2608 4249 2719 4288 non
2751 4235 2987 4295 meritis,
3021 4229 3374 4293 velhominis,
3402 4225 3662 4280 etTimo-

393 4321 559 4376 theus
586 4322 779 4389 frater,
812 4323 891 4376 eis
918 4324 1013 4394 qui
1044 4331 1175 4378 sunt
1209 4325 1473 4388 Colossis,
1501 4325 1729 4389 sanctis,
1754 4327 2065 4393 baptizatis,
2099 4331 2155 4377 et
2180 4323 2438 4377 ﬁdelibus
2459 4321 2746 4384 fratribus,
2767 4321 3170 4375 catcchumenis
3190 4317 3246 4370 in
3264 4315 3489 4370 Christo
3504 4316 3657 4381 Jesu,

394 4414 458 4463 in
484 4412 585 4477 ﬁde
610 4412 836 4465 Christi.
872 4411 1068 4466 Gratia
1088 4413 1261 4477 vobis,
1295 4422 1351 4468 et
1380 4431 1485 4484 pax
1513 4431 1547 4468 a
1574 4415 1688 4468 Deo
1718 4414 1885 4468 Patre
1914 4420 2108 4467 nostro
2138 4420 2195 4467 et
2226 4413 2462 4467 Domino
2493 4413 2624 4465 Jesu
2657 4410 2899 4465 Christo.
2936 4407 3161 4461 Gratias
3182 4405 3405 4476 agimus
3440 4405 3570 4468 Deo,
3603 4408 3663 4455 et

392 4497 552 4551 Patri
584 4499 803 4553 Domini
833 4503 1008 4553 nostri
1037 4501 1168 4555 Jesu
1193 4502 1420 4565 Christi,
1450 4502 1502 4559 2.
1536 4519 1760 4573 semper
1792 4520 1891 4574 pro
1918 4502 2072 4558 vobis
2103 4508 2347 4566 orantes,
2370 4500 2661 4554 audientes
2684 4490 2852 4552 ﬁdem
2874 4503 3116 4550 vestram
3131 4495 3190 4548 in
3212 4494 3667 4553 ChristoJesu,et

393 4586 747 4642 dilectionem
770 4605 937 4658 quam
969 4589 1187 4643 habetis
1215 4591 1271 4644 in
1303 4600 1524 4646 sanctos
1540 4608 1753 4657 omnes,
1770 4597 2002 4663 propter
2022 4608 2201 4663 Spem,
2226 4606 2348 4661 quae
2374 4589 2620 4660 reposita
2641 4594 2727 4640 est
2752 4586 2904 4639 vobis
2924 4585 2983 4638 in
3004 4584 3162 4637 caelis
3196 4601 3208 4649 ;
3239 4598 3409 4652 quam
3425 4579 3666 4634 audistis

395 4674 451 4728 in
483 4675 671 4745 verbo,
695 4679 1080 4746 pradicatione
1110 4680 1359 4734 veritatis
1389 4680 1689 4752 Evangelii,
1719 4681 1866 4751 quod
1900 4681 2151 4751 pervenit
2176 4679 2246 4733 ad
2287 4696 2403 4732 vos.
2435 4679 2488 4731 3.
2529 4676 2673 4730 sicut
2705 4681 2762 4729 et
2790 4675 2848 4728 in
2878 4674 3138 4728 universo
3189 4670 3399 4724 mundo
3450 4674 3554 4733 est,
3609 4673 3670 4720 et

395 4763 692 4818 fructiﬁcat
720 4771 777 4819 et
802 4765 1019 4832 crescit,
1050 4766 1194 4821 sicut
1220 4766 1278 4821 in
1309 4768 1481 4836 vobis,
1507 4774 1558 4826 tl.
1587 4787 1653 4823 ex
1680 4785 1744 4823 ea
1772 4769 1861 4823 die
1880 4786 1992 4841 qua
2015 4768 2253 4823 audistis
2282 4774 2339 4820 et
2368 4764 2706 4836 cognovistis
2746 4763 2992 4832 gratiam
3037 4760 3137 4816 Dei
3186 4760 3247 4814 in
3280 4758 3533 4825 veritate,
3574 4773 3668 4811 re-

1752 4910 2326 4965 COMMENTARIUS
2335 4948 2347 4961 .

465 5019 622 5074 CAP.
656 5019 700 5072 Ι.
733 5049 785 5059 -
824 5018 868 5072 Ι.
903 5020 1146 5073 AMBROS.
1182 5019 1246 5072 In
1277 5018 1379 5072 hac
1434 5016 1680 5088 Epistola
1740 5018 2046 5080 ostenditC
2070 5024 2135 5072 ut
2162 5015 2383 5087 assequi
2410 5015 2635 5086 possitis
2663 5015 2913 5069 coelestia
2932 5013 3098 5068 bona.

393 5108 760 5164 eminentiam
771 5124 964 5162 eorum
983 5107 1078 5178 qui
1100 5107 1155 5160 in
1177 5107 1398 5162 Christo
1414 5112 1628 5175 sunt,et
1642 5108 1984 5176 superﬂuam
2138 5105 2198 5161 3.
2239 5105 2446 5158 Lasra.
2478 5104 2632 5158 Sicut
2661 5109 2710 5157 et
2734 5106 2796 5157 in
2820 5099 3320 5156 universonmndo.
3345 5099 3429 5151 Ne
3451 5113 3513 5150 se
3524 5096 3675 5149 solos

392 5199 532 5269 legis
564 5197 897 5262 custodiam,
952 5203 1009 5249 et
1068 5201 1196 5267 post
1238 5197 1355 5249 haec
1415 5196 1483 5249 ad
1534 5195 1983 5249 exhortationem
2066 5183 2267 5266 putent
2294 5209 2416 5247 esse
2442 5193 2810 5253 Christianos,
2844 5198 2901 5245 et
2920 5208 3019 5262 per
3045 5191 3150 5244 hoc
3171 5188 3454 5258 deceptos.
3479 5184 3582 5239 Vel
3601 5200 3675 5237 ne

391 5304 671 5359 egressus,
712 5302 882 5358 super
917 5285 1110 5340 multis
1156 5301 1221 5339 ac
1264 5283 1592 5339 necessariis
1637 5282 1824 5350 rebus,
1872 5283 1980 5337 illis
2065 5284 2171 5337 sibi
2202 5288 2486 5352 arrogent,
2517 5283 2565 5336 si
2595 5283 2700 5336 soli
2738 5281 3129 5335 credidissent.

390 5377 659 5447 loquitur.

2133 5370 2185 5429 4.
2241 5373 2324 5427 Ea:
2374 5387 2436 5425 ea
2456 5373 2544 5427 die
2571 5388 2682 5442 qua
2700 5372 2958 5424 audistis.
2992 5366 3154 5423 Multi
3174 5364 3433 5431 audiunt,
3458 5368 3514 5418 et
3562 5377 3673 5415 non

460 5464 516 5521 2.
547 5465 768 5534 Semper
792 5480 894 5534 pro
921 5465 1087 5519 vobis.
1112 5461 1262 5519 Ordo
1290 5467 1401 5516 est:
1433 5465 1658 5515 orantes
1701 5475 1802 5532 pro
1828 5459 1982 5513 vobis
2065 5462 2428 5529 cognoscunt,
2448 5456 2507 5510 id
2532 5463 2618 5511 est
2641 5454 2975 5527 approbant.

391 5557 619 5629 propter
648 5568 804 5623 spem
836 5568 959 5624 quae
982 5552 1229 5623 reposita
1251 5557 1335 5606 est
1368 5549 1521 5604 vobis
1552 5549 1609 5605 in
1628 5548 1798 5612 caelis,
1833 5548 1984 5603 idest
