3936 6178
241 219 331 277 321
864 220 947 275 1N
984 220 1052 275 D.
1094 219 1309 275 PAULI
1352 217 1583 275 EPIST.
1625 214 1997 274 COMMENT.
2040 249 2105 259 —
2147 218 2367 278 EPIST.
2408 225 2505 280 AD
2545 220 2838 281 COLOSS.
3390 227 3493 287 322

239 346 544 398 τηίςείοηειη
566 350 917 413 pecwtorum
943 347 1008 398 in
1033 344 1136 411 ﬁde
1157 343 1381 410 Christi,
1396 342 1539 397 sicut
1557 340 1832 397 didicistis
1862 342 1912 396 5.
1946 340 2020 395 ab
2049 341 2313 415 Epaphra
2335 345 2666 401 charissima
2685 346 2736 403 6.
2769 363 3035 403 conservo
3060 352 3398 418 nostro,(h.ie
3425 369 3509 407 eos

239 436 602 501 instruxerat)
629 432 725 503 qui
756 439 845 487 est
873 433 1055 487 ﬁdelis
1081 448 1181 502 pro
1213 431 1368 486 vobis
1397 431 1657 486 minister
1685 429 1897 486 Christi
1927 430 2083 498 Jesu,
2113 431 2209 501 qui
2237 432 2408 486 etiam
2438 435 2816 489 manifestavit
2836 436 2996 491 nobis
3026 437 3383 495 dilectionem
3411 459 3505 496 ve-

238 528 403 575 stram
437 521 497 575 in
525 521 748 593 spiritu.
784 522 938 586 Ideo,
979 527 1115 590 quia
1134 523 1293 580 ﬁdem
1325 522 1606 585 Christi,et
1625 523 1970 574 dilectionem
2003 519 2293 584 habetis,et
2316 537 2417 575 nos
2436 539 2501 576 ex
2521 540 2633 593 qua
2655 523 2747 577 die
2775 525 3110 592 audivimus,
3135 529 3232 583 hoc
3258 531 3333 583 ad
3360 532 3506 600 Epa-

236 612 395 680 phra,
433 627 545 664 non
574 627 860 665 cessamus
882 628 984 681 pro
1014 609 1168 664 vobis
1196 615 1441 674 orantes,
1470 615 1527 663 et
1554 610 1902 680 postulantes
1928 613 1990 661 ut
2016 607 2364 678 impleamini
2394 612 2682 681 agnitione
2707 614 3014 670 voluntatis
3043 617 3184 685 ejus,
3212 623 3275 671 ut
3297 621 3395 673 Dei
3422 637 3508 675 vo-

238 703 511 753 luntatem
538 702 850 767 agnoscatis
872 705 919 753 et
943 701 1239 767 impleatis,
1265 697 1324 751 in
1341 699 1497 752 omni
1526 696 1804 767 sapientia
1832 700 1890 750 et
1917 697 2203 751 intellectu
2232 698 2915 768 spirituali,utambuletis
2942 704 3108 775 digne
3130 707 3245 760 Deo
3268 724 3369 777 per
3392 725 3509 763 om-

235 788 322 842 nia
352 789 641 860 placentes
665 807 679 854 ;
702 788 761 841 in
790 788 946 842 omni
973 804 1141 856 opere
1172 786 1316 840 bono
1344 787 1749 841 fructificantes
1784 790 1842 839 et
1870 793 2181 840 crescentes
2212 786 2268 839 in
2298 787 2533 842 scientia
2559 789 2678 850 Dei,
2705 790 2764 843 in
2792 791 2945 845 omni
2975 792 3178 848 virtute
3207 796 3503 850 confortati

243 877 551 932 secundum
578 877 888 948 potentiam
927 876 1201 930 claritatis
1226 876 1364 945 ejus,
1391 877 1451 929 id
1485 880 1581 939 est,
1612 876 1913 929 secundum
1935 875 2335 942 quodpatentia
2366 879 2641 931 claritatis
2659 881 2774 945 ejus
2798 886 2967 947 potest
2985 898 3072 934 res
3092 886 3423 951 confortare,
3447 886 3505 940 in

237 968 384 1021 omni
428 966 705 1037 patientia
732 973 790 1019 et
815 965 1245 1036 longanimitate
1277 968 1406 1044 (ecce
1434 966 1579 1033 quod
1605 966 1752 1017 dixit
1768 970 1827 1017 in
1846 964 2001 1015 omni
2031 965 2253 1028 virtute)
2285 981 2411 1017 eum
2442 966 2668 1034 gaudio,
2698 968 2913 1036 gratias
2939 976 3170 1039 agentes
3196 973 3312 1027 Deo
3328 974 3499 1041 Patri,

233 1055 322 1124 qui
354 1056 744 1108 illuminanda
770 1054 970 1124 dignos
1000 1070 1102 1108 nos
1129 1054 1261 1107 fecit
1283 1058 1343 1106 ut
1376 1069 1608 1106 essemus
1654 1050 1708 1107 6.
1743 1053 1800 1106 in
1822 1056 2059 1121 partem,
2092 1052 2152 1104 id
2180 1058 2274 1115 est,
2296 1057 2744 1122 participatione,
2779 1057 2946 1111 sortis
2975 1065 3317 1128 sanctorum,
3344 1064 3508 1119 hare-

232 1143 427 1194 ditatis
464 1145 644 1207 gratis
672 1142 831 1203 data,
859 1140 912 1192 7.
946 1140 1004 1193 in
1026 1139 1240 1193 lumine
1272 1139 1480 1192 Christi
1508 1141 1808 1201 existentes,
1836 1135 1889 1194 8.
1911 1138 2006 1209 qui
2029 1138 2235 1210 eripuit.
2262 1158 2364 1195 nos
2381 1141 2449 1194 de
2467 1148 2744 1212 potestate
2768 1145 3149 1213 tenebrarum,
3175 1151 3503 1216 (Lemonum,

232 1233 303 1282 vel
333 1231 773 1292 tenebrosorum,
812 1228 866 1283 9.
901 1234 957 1282 et
985 1227 1280 1282 transtulit
1309 1226 1369 1280 in
1394 1242 1628 1297 regnum
1645 1226 1771 1280 Filii
1797 1225 2108 1281 dilectionis
2139 1231 2466 1294 suae,dilecti
2483 1234 2592 1293 sui;
2617 1232 2674 1285 in
2697 1249 2827 1302 quo,
2850 1237 2910 1287 in
2933 1239 3091 1302 cujus
3111 1238 3508 1304 ﬁde,habemus

230 1317 674 1388 redemptionem
708 1333 809 1387 per
838 1316 1170 1387 sanguinem
1197 1315 1732 1385 ejus,remissionem
1755 1320 2129 1386 peccatorum,
2167 1315 2251 1373 10.
2274 1318 2370 1388 qui
2400 1325 2487 1373 est
2510 1320 2697 1390 imago
2730 1324 2928 1388 (Filius
2948 1327 3393 1397 commendatur)
3408 1329 3509 1382 Dei

225 1406 855 1471 invisibilis,secundum
874 1408 1229 1459 divinitatem
1250 1406 1478 1473 aequalis
1517 1407 1687 1468 ιδῃ
1724 1406 1898 1469 Patri,
1943 1402 2020 1475 ll,
2068 1404 2155 1461 12.
2185 1407 2593 1477 primogenitus
2613 1410 2795 1463 omnis
2824 1417 3095 1467 creaturae
3123 1419 3254 1468 ante
3286 1420 3504 1483 sacula,

226 1496 499 1566 quoniam
522 1494 579 1548 in
604 1494 722 1565 ipso
752 1510 849 1563 per
867 1497 1049 1563 ipsum
1081 1493 1307 1548 condita
1334 1497 1467 1547 sunt
1493 1492 1756 1546 universa
1781 1493 1839 1546 in
1871 1494 2044 1555 caelis.
2082 1501 2139 1548 et
2168 1495 2223 1548 in
2259 1502 2429 1563 terra,
2462 1498 2721 1564 visibilia,
2749 1505 2806 1553 et
2836 1500 3157 1567 invisibilia,
3181 1505 3385 1573 (partes
3424 1509 3514 1570 in.

223 1586 560 1650 visibilium)
591 1583 705 1637 sive
725 1583 935 1646 throni,
970 1583 1085 1636 sive
1115 1581 1553 1647 dominationes,
1583 1581 1697 1635 sive
1718 1581 2205 1653 principatus.sive
2235 1592 2542 1656 potestates
2566 1606 2578 1654 ;
2604 1605 2729 1656 ergo
2749 1606 2784 1642 α
2812 1593 3161 1657 pari,omnia
3181 1594 3508 1665 peripsum,

224 1677 397 1739 facta,
436 1679 493 1726 et
522 1672 580 1726 in
608 1672 728 1742 ipso
751 1678 960 1736 creata,
994 1674 1309 1731 existentia,
1335 1676 1628 1738 sunt,ergo
1658 1686 1693 1723 a
1720 1675 2003 1735 relatione,
2019 1679 2075 1727 et
2095 1674 2214 1745 ipse
2235 1682 2322 1730 est
2340 1683 2471 1729 ante
2497 1694 2712 1741 omnes,
2737 1685 2795 1733 et
2814 1680 3207 1751 omniainipso
3222 1689 3503 1739 constant.

222 1760 289 1814 Et
314 1761 446 1831 ipse
466 1766 555 1814 est
579 1766 746 1831 caput
772 1763 866 1813 sui
891 1759 1159 1830 corporis,
1193 1761 1253 1813 id
1275 1765 1372 1823 est,
1398 1758 1673 1822 Ecclesiae,
1700 1758 1795 1830 qui
1816 1765 1901 1814 est
1929 1761 2265 1833 principium
2300 1768 2415 1833 ejus
2437 1767 2700 1830 Ecclesia,
2741 1766 2820 1823 13.
2856 1769 3264 1840 primogenitus
3295 1774 3505 1839 (secun-

225 1851 359 1903 dum
389 1851 803 1903 humanitatem
832 1850 1202 1918 commendat)
1228 1864 1294 1901 ex
1326 1847 1582 1912 mortuis,
1615 1850 1673 1901 id
1702 1855 1776 1901 est
1804 1854 1967 1917 prior
1991 1856 2324 1906 resurrexit.
2348 1855 2437 1907 14.
2473 1855 2546 1909 Ut
2570 1856 2643 1909 sit
2680 1857 2739 1910 in
2770 1858 3030 1912 omnibus
3058 1859 3179 1930 ipse
3202 1861 3507 1931 primatum

225 1946 449 2004 tenens,
469 1941 582 1991 sive
608 1940 909 1991 secundum
929 1939 1302 2004 divinitatem,
1325 1941 1435 1991 sive
1463 1938 1869 1991 humanitatem
1901 1956 1918 1991 :
1956 1939 2043 1996 15.
2075 1941 2206 2011 quia
2223 1946 2354 2009 (ecce
2381 1946 2506 2012 cur)
2527 1943 2583 1997 in
2608 1944 2748 2016 ipso,
2786 1949 2943 1999 Patri
2977 1944 3059 2002 16.
3083 1949 3507 2019 complacuit,de

224 2032 314 2090 est,
349 2030 638 2096 placitum
668 2027 879 2086 habuit,
913 2043 1134 2081 omnem
1158 2026 1565 2097 plenitudinem
1593 2028 2017 2095 divinitatis,vel
2040 2033 2413 2085 membrorum
2439 2048 2704 2099 acassam,
2724 2033 3147 2099 inhabitare,vet
3168 2037 3368 2090 habere
3390 2054 3509 2092 rea—

224 2119 371 2181 !iter,
409 2122 471 2169 et
498 2133 600 2187 per
620 2132 768 2180 eum,
801 2117 1107 2177 Christum,
1138 2119 1351 2183 placuit
1379 2117 1538 2169 Patri
1570 2115 1929 2170 reconciliare
1956 2118 2163 2185 omnia,
2187 2119 2596 2190 in,per.ipsum,
2619 2122 2917 2192 paciﬁcans
2940 2124 3025 2177 17.
3050 2139 3152 2194 per
3172 2125 3507 2196 sanguinem

221 2204 699 2274 crucisejus.sivze
712 2221 834 2275 quas
856 2204 913 2258 in
930 2204 1239 2267 terris,sive
1259 2221 1381 2275 quae
1402 2203 1459 2257 in
1481 2203 1633 2257 caelis
1652 2211 1785 2258 sunt
1829 2207 1897 2260 Et
1915 2223 2011 2260 vos
2032 2212 2408 2263 reconciliavit
2418 2225 2542 2263 cum
2569 2210 2764 2265 essetis
2785 2211 3089 2282 aliquando
3108 2211 3197 2267 18.
3220 2214 3451 2269 alienati
3471 2232 3507 2269 a

223 2296 411 2348 Deaet
437 2292 649 2347 inimici
670 2294 1109 2362 sensu,(exponit
1130 2295 1418 2362 quomoda)
1436 2292 1494 2346 in
1515 2293 1777 2363 operibus
1795 2294 1976 2361 malis;
1993 2311 2141 2350 nunc
2160 2302 2351 2351 autem
2373 2299 2749 2353 reconciliavit
2768 2302 3068 2354 [IcusPater
3081 2303 3189 2355 sibi
3203 2303 3261 2356 in
3274 2320 3506 2376 corpore

220 2381 409 2435 carnis
431 2382 714 2449 ejus,Fil-ii
732 2384 826 2435 sui
852 2398 952 2452 per
970 2380 1498 2446 mortem,exhibere
1518 2386 1582 2433 ut
1601 2383 1966 2447 ea-liibeamus,
2000 2388 2080 2438 vel
2112 2390 2171 2438 ut
2197 2389 2307 2453 ipse
2336 2388 2623 2452 exhiberet,
2645 2405 2742 2442 vos
2766 2394 2989 2443 sanctos
3009 2395 3067 2443 et
3094 2389 3504 2459 immaculatos,

220 2477 275 2524 et
309 2469 845 2540 irreprehensibiles
868 2486 1056 2523 coram
1088 2469 1228 2540 ipso,
1264 2486 1377 2523 non
1407 2473 1583 2522 solum
1617 2485 1803 2523 coram
1830 2471 2165 2537 hominibus;
2181 2477 2324 2544 quod
2352 2480 2477 2541 erit,
2501 2477 2548 2530 si
2576 2484 2765 2531 tamen
2786 2478 3128 2548 permanetis
3158 2479 3218 2533 in
3248 2481 3357 2536 ﬁde
3376 2482 3508 2536 fun-

219 2559 357 2624 dati,
396 2567 460 2612 et
484 2558 738 2623 stabiles,
776 2564 833 2611 et
863 2557 1178 2611 immobiles
1204 2574 1239 2611 a
1263 2574 1361 2628 spe
1381 2558 1684 2628 Evangelii,
1709 2560 1777 2611 ab
1807 2575 1864 2613 ea
1900 2561 2043 2628 quod
2052 2563 2331 2628 prmnittil
2356 2562 2741 2629 Erangelium,
2769 2563 2916 2632 quod
2946 2563 3202 2629 audistis,
3234 2563 3323 2620 19.
3357 2567 3509 2638 quod

217 2648 590 2718 praedicatum
622 2654 708 2701 est
736 2648 793 2700 in
823 2647 1084 2700 universa
1107 2649 1782 2715 creatura,prineipali,id
1810 2655 1906 2711 est,
1934 2649 2399 2720 hominibusque:
2428 2649 2532 2703 sub
2560 2651 2698 2704 ccelo
2720 2657 2823 2715 est,
2855 2653 3162 2718 ipersuadet
3183 2659 3245 2707 ut
3275 2656 3509 2709 libenter

214 2739 467 2791 audiant
470 2752 493 2807 )
517 2738 684 2807 cujus
707 2737 1032 2806 (Evangelii)
1056 2737 1234 2790 tactus
1258 2753 1382 2790 sum
1405 2753 1507 2806 ego
1529 2736 1737 2790 Paulus
1759 2737 2031 2791 minister.
2054 2735 2125 2794 20
2148 2756 2158 2790 :
2186 2738 2292 2803 Qui
2316 2754 2463 2793 nunc
2480 2740 2699 2808 gaudeo
2718 2739 2776 2793 in
2800 2739 3153 2810 passionibus
3186 2758 3286 2812 pro
3325 2743 3501 2811 vobis,

1577 2984 2161 3043 COMMENTARIUS.

285 3214 341 3270 5.
380 3215 652 3269 Conserva
689 3218 892 3267 nostra.
917 3214 1079 3267 Hunc
1097 3211 1456 3267 commendat
1482 3210 1664 3267 sciens
1691 3228 1825 3284 quo-
1844 3223 1896 3281 Α
1979 3212 2063 3267 15.
2094 3215 2501 3283 Primogenitus
2516 3234 2581 3271 ex
2600 3223 2857 3287 mortuis,
2888 3221 2942 3277 id
2964 3229 3069 3292 est,
3090 3224 3306 3296 primus
3320 3244 3507 3285 resur-

208 3319 373 3357 niam
408 3303 552 3357 utile
576 3308 664 3357 est
689 3309 753 3356 ut
774 3302 1107 3356 venerabilis
1128 3302 1201 3356 sit
1214 3301 1504 3372 discipulis
1536 3301 1827 3372 magister.
1911 3318 2072 3373 gens,
2100 3303 2231 3374 quia
2259 3304 2380 3375 ipsa
2426 3309 2760 3363 resurrectio
2791 3295 3043 3381 quaedam
3072 3295 3362 3385 generatio
3401 3326 3504 3386 est,

280 3392 344 3448 6.
380 3394 456 3447 In
484 3397 644 3460 parte
659 3395 821 3445 sortis
840 3397 1186 3448 sanctorum.
1227 3395 1361 3446 Sors
1392 3390 1598 3445 dicitur
1622 3397 1833 3445 aeterna
1912 3389 2060 3444 sicut
2088 3391 2146 3445 in
2172 3393 2472 3464 Evangelia
2514 3412 2526 3447 :
2560 3399 2630 3451 In
2682 3405 3089 3467 regeneratione
3130 3422 3257 3460 eum
3285 3410 3504 3476 sederit,

212 3481 551 3539 hat-editas.
585 3481 716 3553 quia
745 3481 890 3534 sicut
918 3480 1054 3534 illud
1081 3479 1227 3551 quod
1259 3480 1403 3534 forte
1431 3480 1670 3551 capitur,
1715 3497 1830 3534 non

211 3570 451 3625 meritis
476 3569 824 3640 acquiritur;
854 3568 933 3623 sic
958 3585 1025 3623 ea
1050 3586 1161 3624 non
1189 3569 1426 3633 meritis,
1453 3570 1552 3624 sed
1576 3570 1677 3623 Dei
1705 3587 1829 3640 gra-

211 3660 293 3713 tia
322 3660 606 3713 donatur.

281 3750 347 3805 7.
387 3751 645 3803 Menas.
671 3750 738 3803 In
767 3751 1003 3815 lumine,
1028 3748 1085 3802 id
1106 3752 1210 3815 est,
1247 3765 1349 3819 per
1362 3765 1525 3803 suam
1556 3748 1830 3818 cognitio-

210 3854 349 3893 nem
360 3881 376 3893 .

281 3926 344 3984 8.
374 3928 635 3982 Ληουεῖ.
669 3930 844 3997 (epist.
876 3926 981 3981 107
1015 3929 1088 3981 ad
1115 3930 1361 3994 vitalem,
1410 3932 1550 3981 tom.
1579 3928 1675 3993 II.)
1724 3929 1832 3995 Qui

208 4019 442 4086 eripuit
474 4032 590 4069 nos.
605 4016 859 4070 Potestas
883 4016 1033 4070 enim
1054 4016 1413 4070 tenebrarum
1437 4016 1572 4087 quid
1593 4023 1693 4082 est,
1721 4015 1831 4070 nisi

207 4109 487 4177 potestas
512 4103 718 4158 diaboli
739 4112 797 4158 et
815 4104 1141 4174 angelorum
1164 4104 1189 4158 ?
1216 4105 1453 4174 quicum
1479 4104 1717 4159 fuissent
1736 4120 1833 4159 an-

207 4194 331 4265 geli
369 4194 539 4253 lucis,
583 4193 642 4247 in
686 4193 918 4247 veritate
971 4209 1071 4263 per
1119 4193 1360 4247 liberum
1387 4193 1684 4247 arbitrium
1716 4210 1826 4248 non

206 4291 467 4345 stantes,
492 4283 623 4337 inde
642 4282 905 4337 cadentes
935 4282 1063 4336 facti
1086 4287 1221 4336 sunt
1244 4281 1505 4338 tenebrae.

280 4373 340 4427 9.
376 4364 627 4427 AUGUST.
664 4372 778 4442 (lib.
811 4386 904 4435 xv,
939 4374 1008 4426 De
1040 4373 1222 4434 Trin.,
1253 4388 1301 4424 c.
1325 4369 1414 4436 19,
1442 4378 1559 4426 tom
1604 4371 1686 4427 ΙΙΙ
1712 4373 1736 4443 )
1762 4374 1829 4427 Et

202 4464 551 4517 tranﬂulit.
583 4461 741 4525 Quod
773 4468 962 4515 autem
985 4461 1197 4515 dictum
1221 4467 1324 4526 est,
1362 4462 1493 4514 Filii
1533 4462 1829 4516 charitutis

1914 3485 2018 3533 etc.

1989 3567 2068 3623 14.
2100 3570 2345 3625 AMBROS.
2378 3574 2439 3626 Ut
2459 3575 2530 3627 sit
2563 3574 2623 3628 in
2645 3579 2918 3633 omnibus.
2944 3580 3067 3635 Non
3090 3598 3319 3639 causam
3349 3585 3503 3653 dicit,

1914 3655 2010 3709 sed
2041 3656 2178 3712 illud
2209 3661 2356 3730 quod
2388 3663 2855 3734 consequebatur.

1993 3744 2072 3800 15.
2110 3748 2251 3813 Quia
2282 3751 2345 3802 in
2372 3752 2503 3818 ipso.
2524 3751 2938 3810 Plenitudinem
2955 3756 3055 3812 Dei
3083 3760 3388 3817 Ecclesium
3409 3780 3507 3819 vo-

1912 3839 2022 3896 cat,
2064 3839 2121 3888 et
2165 3835 2318 3899 dicit,
2363 3840 2631 3909 quoniam
2674 3842 2883 3913 placuit
2911 3836 3025 3900 Deo
3054 3847 3114 3902 in
3141 3849 3364 3906 Christo
3392 3870 3510 3908 om-

1912 3941 2040 3978 nem
2075 3926 2497 3996 plenitudinem,
2528 3936 2591 3984 ut
2609 3931 2759 3986 dicat
2783 3950 3007 3988 omnem
3036 3943 3354 3995 creaturam
3385 3958 3509 4012 quae

1912 4012 1983 4066 ab
2004 4030 2070 4068 eo
2092 4016 2305 4086 repleta
2335 4023 2438 4080 est,
2472 4019 2728 4089 probavit
2777 4020 2862 4075 illi
2905 4025 3264 4095 conjungere,
3290 4035 3348 4082 et
3401 4031 3506 4085 hoc

1912 4104 2083 4158 latius
2107 4107 2493 4178 consequitur.

1990 4192 2070 4251 ib.
2116 4195 2319 4249 Lmen.
2372 4198 2711 4265 Complacuit
2743 4200 2805 4251 in
2844 4202 2978 4268 ipsa.
3027 4201 3375 4273 Complacuit
3402 4205 3509 4260 sibi

1912 4281 2098 4348 Pater,
2130 4289 2192 4337 ut
2225 4283 2284 4337 in
2314 4284 2536 4338 Christo
2565 4284 2847 4340 habitaret
2869 4288 3053 4343 omnis
3070 4290 3360 4360 plenitudo
3387 4300 3507 4349 tam

1913 4370 2221 4425 divinitatis
2252 4389 2419 4443 quam
2446 4373 2696 4427 omnium
2727 4374 3019 4432 virtutum.

1990 4458 2071 4516 l7.
2107 4463 2211 4514 Per
2247 4464 2578 4528 sanguinem
2605 4466 2804 4517 erucis.
2840 4464 2965 4528 Qua
2990 4465 3130 4521 hora
3155 4470 3392 4541 sanguis
3417 4487 3508 4526 re-

200 4569 349 4615 suz,
400 4549 544 4603 nihil
587 4549 739 4604 aliud
786 4549 1138 4621 intelligatur
1165 4566 1337 4621 quam
1372 4548 1497 4603 Filii
1536 4549 1623 4604 sui
1666 4550 1828 4605 electi
1852 4552 1896 4613 Β
1920 4548 2259 4620 demptionis
2288 4550 2357 4603 de
2376 4550 2551 4604 latere
2581 4550 2805 4606 Domini
2820 4553 2879 4607 in
2894 4570 3057 4609 cruce
3087 4558 3382 4627 pendentis
3399 4561 3512 4616 exi-

203 4642 343 4711 [αι.,
386 4637 623 4707 dilecti].

286 4726 391 4783 10.
421 4729 678 4781 Asianos.
733 4726 840 4792 Qui
871 4732 948 4780 est
976 4729 1182 4795 imago.
1232 4727 1297 4781 In
1339 4725 1566 4781 homine
1607 4726 1831 4782 Christo

201 4816 388 4887 quasi
421 4815 487 4869 in
524 4813 766 4885 imagine
817 4814 1153 4869 invisibilem
1183 4814 1338 4868 illam
1377 4814 1630 4870 videmus
1671 4822 1832 4871 natu-

200 4921 342 4959 ram
372 4923 387 4969 ;
420 4919 562 4958 nam
591 4920 866 4974 apparens
894 4904 953 4957 in
991 4904 1183 4958 futuro
1211 4903 1473 4974 imaginis
1501 4904 1661 4959 nobis
1690 4905 1835 4959 ordi-

202 5010 357 5049 nem
399 4990 691 5056 retinebit,
747 4992 1012 5063 quoniam
1069 4992 1129 5046 in
1173 5009 1239 5047 eo
1280 4993 1440 5063 quasi
1486 4992 1545 5047 in
1586 4994 1833 5065 imagine

202 5082 546 5154 quamdam
572 5080 813 5135 divinam
843 5081 1197 5136 continemus
1215 5088 1496 5136 naturam.

282 5173 398 5227 11.
436 5172 652 5225 Lanam
696 5173 1107 5239 Primogenitus
1171 5172 1281 5226 Per
1329 5172 1432 5230 hoc
1476 5171 1676 5243 probat
1704 5172 1837 5244 quia

200 5260 463 5332 genitus
492 5266 585 5312 est
610 5275 645 5312 a
670 5265 829 5331 patre
851 5265 985 5314 ante
1015 5276 1241 5315 omnem
1270 5267 1607 5316 creaturam.

290 5347 396 5405 {2.
422 5350 837 5416 Primogenitus
862 5354 1147 5404 creaturas.
1176 5349 1353 5417 Prior,
1386 5350 1590 5422 inquit,
1609 5356 1695 5405 est
1723 5367 1836 5405 om-

204 5439 405 5495 nibus
422 5455 437 5505 ;
473 5438 666 5491 omnia
685 5454 836 5492 enim
866 5455 932 5493 eo
960 5444 1094 5494 sunt
1107 5440 1450 5511 posteriora;
1486 5456 1617 5495 nam
1647 5440 1839 5496 omnia

207 5528 289 5584 ab
315 5542 396 5582 eo
427 5530 567 5581 sunt
593 5532 799 5582 creata.

1914 4635 2011 4702 vit,
2044 4635 2336 4691 dimissum
2369 4642 2455 4691 est
2480 4645 2772 4709 peccatum
2791 4640 2925 4696 Adae
2939 4641 3186 4699 humano
3207 4647 3423 4716 generi,
3457 4653 3514 4703 et

1913 4725 2205 4795 paciﬁcate
2248 4732 2379 4780 sunt
2411 4727 2659 4781 caelestia
2682 4736 2739 4783 et
2766 4731 3074 4796 terrestria,
3104 4733 3237 4804 quia
3260 4742 3396 4790 tunc
3418 4753 3514 4808 pa-

1914 4813 2028 4868 tuit
2054 4814 2373 4869 hominibus
2404 4815 2671 4871 introitus
2701 4818 2760 4871 in
2789 4835 3025 4889 regnum
3055 4823 3342 4879 caelorum.

1994 4902 2077 4958 18.
2105 4906 2374 4971 Alienati,
2406 4905 2464 4958 id
2485 4910 2589 4971 est,
2624 4905 2894 4962 habentes
2914 4908 3223 4967 alienatum
3246 4920 3304 4968 et
3320 4914 3513 4970 inimi-

1918 5008 2043 5046 cum
2074 5009 2406 5048 consensum
2417 5037 2426 5046 .

1988 5084 2074 5136 19.
2109 5087 2362 5139 AMBROS.
2395 5086 2547 5152 Quod
2589 5088 2969 5155 praedicatum.
3002 5090 3183 5147 Grave
3210 5094 3514 5148 admodum

1919 5175 2042 5225 erat
2089 5178 2152 5226 ut
2197 5172 2549 5227 discederent
2575 5173 2646 5227 ab
2674 5174 2775 5229 illa
2808 5192 2870 5230 re
2896 5193 3019 5248 qum
3047 5178 3105 5232 in
3136 5180 3421 5234 communi
3441 5180 3513 5234 ab

1919 5259 2180 5315 omnibus
2222 5260 2587 5316 clamabatur.

1990 5348 2080 5406 20.
2113 5351 2316 5405 Lmae.
2356 5352 2461 5418 Qui
2488 5368 2642 5407 nunc
2667 5355 2895 5420 gaudeo.
2923 5354 3142 5431 Duplici
3164 5372 3331 5411 causa
3357 5373 3512 5413 com-

1920 5440 2152 5494 mendat
2193 5456 2273 5505 se,
2307 5439 2441 5511 quia
2477 5440 2708 5512 patitur,
2743 5446 2799 5497 et
2824 5442 3036 5512 gaudet
3068 5443 3131 5498 in
3161 5445 3513 5516 passionibus

1920 5546 2018 5600 pro
2039 5528 2121 5584 eis
2149 5527 2341 5583 illatis.
3248 5532 3251 5533 ⁷
3310 5518 3317 5525 ’
