3936 6178
453 123 557 208 32.3

1455 119 1518 172 B.
1559 117 1995 202 mrumst
2014 113 2370 200 ΟᾼΝΤῙΙΑΒ.
2411 110 2751 168 ARCHIEP.

3613 118 3705 174 324

453 253 512 302 et
542 247 822 318 adimpleo
849 244 939 302 21.
973 261 1040 298 ea
1055 242 1395 322 quaedesunt
1418 241 1742 323 passionum
1766 243 1996 309 Christi,
2028 242 2086 296 in
2116 257 2283 295 carne
2313 255 2457 303 mea,
2483 255 2583 310 pro
2614 255 2848 309 corpore
2879 241 3023 310 ejus,
3056 241 3204 311 quod
3243 246 3330 296 est
3349 242 3604 307 Ecclesia,
3627 261 3707 298 cu-

447 337 542 406 jus
564 322 804 390 Ecclesiae
831 333 1012 410 factus
1040 337 1164 385 sum
1195 347 1297 400 ego
1330 322 1589 384 minister
1613 332 1919 386 secundum
1943 330 2420 402 dispensationem
2451 329 2742 395 Evangelii
2771 329 2891 390 Dei.
2925 346 3038 383 non
3065 331 3459 402 hominis,quaa
3489 334 3615 387 data
3633 338 3707 386 est

453 424 593 478 mihi
622 424 680 477 in
705 440 816 486 vos,
853 429 917 476 ut
952 420 1217 488 impleam
1250 418 1478 472 verbum
1526 420 1623 472 Dei
1660 423 1796 488 (cccc
1835 422 2075 487 verbum)
2109 418 2441 489 mysterium
2485 420 2918 480 incarnationis,
2951 419 3098 488 quod
3132 420 3519 475 absconditum
3557 422 3653 474 fuit
3674 439 3706 474 a

453 501 687 577 saaCulis,
713 517 769 565 et
794 507 1250 581 generationibus
1270 510 1586 575 prseteritis,
1619 524 1769 561 nunc
1785 513 1972 562 autem
2002 510 2065 560 in
2083 513 2319 575 tempore
2340 508 2712 574 plenitudinis
2743 507 3161 560 manifestatum
3194 515 3279 562 est
3299 511 3506 564 sanctis
3547 517 3580 575 1
3596 516 3709 573 65

456 604 596 673 ejus,
623 600 824 672 quibus
850 597 1026 652 voluit
1053 597 1203 650 Deus
1230 601 1392 649 notas
1425 596 1606 648 facere
1636 595 1858 649 divitias
1884 596 2098 666 gloriae,
2131 599 2419 663 gloriosas,
2454 601 2533 650 vel
2562 600 2794 663 gloriosi
2819 599 3158 654 sacramenti
3191 600 3356 669 hujus
3381 603 3710 668 pradicandi

451 691 511 745 in
537 690 819 761 gentibus,
853 687 1004 758 quod
1033 691 1119 739 est
1141 684 1420 746 Christus.
1449 687 1586 754 (ecce
1615 688 2050 748 sacramentum)
2083 684 2141 737 in
2165 684 2322 738 vobis
2348 690 2602 751 gentibus
2631 703 2758 756 spes
2779 687 2990 755 gloriae,
3019 704 3118 755 per
3149 705 3308 756 quem
3350 692 3583 756 speratis
3602 692 3708 755 glo-

453 782 691 846 riﬁcari,
726 794 892 848 quem
916 792 1018 829 nos
1051 774 1471 836 annuntiamus,
1512 774 1878 842 corripientes
1925 777 2114 842 primo
2138 790 2359 828 omnem
2379 775 2697 839 .hominem,
2727 781 2868 830 male
2901 781 3191 841 viventem,
3224 784 3288 831 ut
3320 780 3620 846 resipiscat.
3652 785 3710 831 et

445 874 562 938 post
585 868 848 921 docentes
878 867 1038 932 ﬁdem
1066 865 1276 917 Christi
1303 863 1362 916 in
1387 863 1539 916 omni
1571 862 1964 933 sapientia,vet
1989 865 2053 916 de
2081 865 2310 923 divinis,
2342 869 2422 918 vel
2451 867 2514 918 de
2545 867 2834 927 humanis,
2859 869 2932 919 ad
2961 869 3058 920 hoc
3077 869 3337 932 docentes,
3359 866 3451 922 ‘22.
3478 873 3542 920 ut
3568 867 3710 921 exhi-

447 956 682 1010 beamus
702 970 924 1009 omnem
953 951 1238 1006 hominem
1267 952 1574 1022 perfectum
1606 952 1666 1005 in
1705 951 1929 1005 Christo
1958 953 1987 1005 J
1993 968 2111 1014 esu,
2142 952 2198 1006 in
2228 969 2338 1024 quo
2366 957 2422 1006 et
2453 952 2666 1008 laboro.
2701 954 2968 1008 certando
3000 971 3110 1008 non
3135 957 3365 1021 viribus,
3400 958 3462 1009 id
3482 961 3577 1022 est,
3607 972 3710 1010 me-

453 1051 604 1114 ritis,
635 1049 728 1101 sed
755 1044 1063 1100 secundum
1092 1042 1476 1113 operationem
1507 1042 1647 1112 ejus,
1691 1058 1861 1112 quam
1889 1046 2154 1111 operatur
2179 1041 2238 1096 in
2279 1059 2390 1108 me,
2420 1043 2478 1095 in
2511 1041 2719 1096 virtute
2747 1060 2869 1108 sua,
2906 1060 3017 1097 non
3045 1061 3186 1098 mea.

1890 1156 2228 1231 CAPUTIL

524 1285 578 1337 1.
611 1281 752 1339 Volo
774 1278 925 1334 enim
947 1293 1042 1330 vos
1063 1275 1205 1336 scire
1219 1275 1443 1345 qualem
1463 1274 1902 1337 sollicitudinem
1918 1273 2156 1336 habeam
2173 1291 2274 1355 pro
2297 1275 2467 1339 vobis,
2495 1281 2553 1334 et
2573 1292 2672 1346 pro
2694 1276 2764 1336 iis
2782 1281 2877 1347 qui
2903 1281 3038 1343 sunt
3072 1276 3368 1342 Laodicia,
3403 1281 3461 1342 et
3486 1276 3710 1364 quicun’

452 1388 560 1442 que
589 1387 703 1430 non
727 1368 987 1426 viderunt
1008 1364 1206 1420 faciem
1239 1380 1425 1428 meam
1455 1364 1513 1417 in
1544 1380 1731 1425 carne,
1758 1366 2187 1431 praesentialiter
2218 1369 2283 1417 ut
2311 1365 2670 1424 consolentur
2707 1369 2814 1433 ipsi
2839 1367 3009 1420 corda
3055 1367 3328 1436 ipsorum,
3360 1367 3614 1427 instructi
3647 1367 3704 1434 in

450 1459 744 1524 gnaritate,
764 1456 817 1513 ‘2.
843 1462 900 1511 et
917 1456 976 1514 in
999 1470 1193 1514 omnes
1218 1452 1441 1510 divitias
1473 1451 1837 1523 plenitudinis
1868 1450 2205 1515 intellectus,
2229 1451 2287 1505 in
2311 1452 2655 1521 agnitionem
2678 1455 2933 1524 mysterii
2957 1455 3058 1508 Dei
3082 1455 3348 1518 Patris,et
3365 1455 3573 1521 Christi
3592 1456 3717 1510 Iesu

538 1565 648 1619 quo
672 1517 806 1610 sunt
824 1561 1018 1608 omnes
1045 1541 1298 1596 thesauri
1319 1517 1606 1611 Sapieiltiw
1625 1543 1689 1594 de
1712 1542 1939 1602 divinis.
1955 1546 2012 1604 et
2032 1540 2278 1598 scientiae
2295 1517 2650 1608 εἰθίηιονῶιιε,
2675 1517 3008 1608 absconditi.
3037 1544 3155 1608 Hoc
3167 1517 3580 1609 autem-dicomt
3599 1549 3715 1599 sitis

450 1639 732 1701 instructi,
757 1641 816 1690 et
841 1640 906 1688 ut
930 1649 1095 1692 nemo
1118 1648 1212 1685 vos
1242 1630 1488 1700 decipiat
1515 1629 1546 1686 3
1589 1630 1647 1692 in
1677 1628 2043 1693 sublimitate,
2078 1645 2402 1682 sermonum
2425 1634 2645 1697 loquens
2678 1632 3069 1696 dialectice,vel
3093 1633 3360 1698 rhetorice
3381 1636 3446 1700 in
3476 1635 3721 1688 subl-imi-

451 1732 559 1784 tate
588 1728 832 1788 locorum
861 1728 910 1789 ct
937 1724 1411 1790 syllogismorum.
1442 1719 1496 1776 4.
1531 1720 1678 1773 Nam
1709 1717 1814 1772 etsi
1837 1733 2068 1787 corpore
2098 1717 2301 1780 absens
2334 1734 2482 1783 sum,
2513 1718 2611 1778 sed
2635 1718 2836 1789 spiritu
2864 1719 3163 1776 vobiscum
3197 1736 3357 1787 sum;
3387 1721 3724 1790 gaudens,¢t

446 1817 643 1878 videns
670 1815 923 1877 ordinem
952 1818 1284 1874 vestrum,et
1308 1812 1726 1873 ﬁrmamentum
1757 1809 1896 1877 ejus,
1913 1822 2035 1876 qua:
2055 1805 2114 1862 in
2134 1805 2355 1859 Christo
2381 1811 2484 1870 est,
2513 1806 2642 1860 ﬁdei
2667 1808 3206 1878 vestrae-.Sicutergo
3237 1808 3720 1877 accepistisJesum

451 1907 741 1968 Christum
772 1903 1075 1964 Dominum
1099 1907 1375 1965 nostrum,
1405 1901 1462 1956 in
1480 1901 1601 1970 ipso
1625 1897 1930 1960 ambulate,
1967 1894 2201 1958 radicati
2221 1899 2280 1947 et
2306 1895 2738 1964 superiediﬁcati
2767 1896 2823 1958 in
2845 1897 2985 1968 ipso,
3021 1904 3079 1952 et
3105 1898 3421 1962 conﬁrmati
3444 1898 3720 1960 tide,sicut

448 2001 508 2052 et
534 1994 828 2057 didicistis,
861 1992 1215 2052 abundantes
1242 1991 1299 2050 in
1324 1990 1418 2046 illo
1449 1989 1508 2044 in
1534 1988 1848 2058 gratiarum
1881 1982 2327 2038 actione.Videte
2357 1999 2426 2036 ne
2457 1983 2580 2052 quis
2612 2001 2705 2038 vos
2723 1984 2967 2055 decipiat
2993 2002 3092 2055 per
3111 1985 3717 2056 phiIOSOphiam.diate-

449 2087 672 2149 alicam,
707 2088 766 2141 et
792 2083 1019 2148 inanem
1048 2079 1344 2152 fallaciam,
1372 2082 1615 2146 loquens.
1646 2078 1699 2130 5.
1728 2074 2035 2130 secundum
2053 2071 2414 2137 traditionem
2440 2073 2753 2137 hominum,
2771 2081 2831 2127 ut
2855 2077 3188 2139 Aristoteles.
3225 2076 3595 2145 5.secundum
3615 2076 3722 2129 ele-

447 2177 641 2233 menta
680 2153 1099 2236 Iwimundi,
1116 2174 1173 2224 et
1201 2185 1312 2226 non
1342 2167 1648 2227 secundum
1675 2160 2044 2226 Christum.7-
2070 2160 2202 2230 (μιίᾷ
2227 2160 2283 2224 in
2307 2160 2427 2230 ipso
2451 2160 2733 2218 inhabitat
2754 2163 2936 2229 omnis
2959 2163 3250 2233 plenitudo
3271 2164 3578 2232 divinitatis
3599 2181 3716 2218 cor-

447 2260 998 2332 poraliter,realiter,
1024 2274 1136 2311 non
1158 2258 1494 2316 umbraliter
1511 2261 1570 2310 et
1580 2253 1714 2308 estis
1732 2252 1789 2306 in
1809 2252 2025 2319 illo,per
2045 2249 2435 2318 illum,repleti
2459 2251 3010 2321 charismatibus,qui
3034 2258 3119 2306 est
3139 2259 3325 2322 caput,
3342 2256 3712 2321 principium.

449 2335 633 2412 omnis
661 2347 1030 2420 principatus,
1063 2350 1121 2400 et
1147 2343 1475 2416 potestatis;
1497 2341 1552 2402 8.
1586 2342 1645 2396 in
1669 2357 1800 2412 quo,
1834 2343 1894 2393 in
1924 2343 2082 2407 cujus
2108 2339 2228 2405 ﬁde,
2259 2345 2316 2390 et
2343 2337 2658 2404 circumcisi
2688 2338 2819 2404 estis
2849 2337 2902 2404 9.
2921 2341 3347 2422 circumcisione
3369 2359 3485 2397 non
3516 2358 3716 2401 manu-

1789 2459 2383 2519 COMMENTARIUS.

519 2583 610 2643 21.
646 2585 726 2638 Ea
758 2597 875 2651 quae
903 2581 1118 2633 desunt.
1142 2576 1440 2632 Passiones
1453 2573 1661 2647 Christi
1683 2572 1912 2627 fuerunt
1931 2571 2111 2629 vin-A
2199 2566 2234 2620 6
2277 2569 2527 2624 AMBROS.
2548 2571 2858 2626 Secundum
2889 2575 3172 2639 elementa,
3198 2573 3254 2627 id
3286 2580 3391 2638 est,
3421 2575 3727 2636 secundum
3765 2630 3772 2634 ,

448 2675 594 2737 cuia,
629 2677 814 2744 sputa,
853 2667 1094 2738 colaphi,
1127 2667 1376 2730 verbera,
1420 2664 1489 2734 ad
1534 2670 1846 2722 extremum
1894 2676 2046 2713 mors

448 2754 572 2835 ipsa
599 2781 611 2829 ;
649 2775 887 2831 quorum
919 2763 1136 2828 partem
1158 2755 1274 2824 jam
1305 2770 1364 2807 se
1395 2769 1642 2823 passum,
1675 2754 1890 2821 partem
1915 2765 2044 2818 pas-

447 2867 643 2907 surum
675 2864 734 2902 se
754 2863 876 2901 esse
912 2845 1140 2898 fatetur.
1175 2843 1435 2896 Fortasse
1463 2857 1531 2893 ea
1559 2855 1681 2909 quae
1716 2838 1920 2891 desunt
1949 2853 2044 2890 vo-

447 2947 540 2995 cat
567 2939 764 2993 mortis
795 2934 1100 3006 angustias,
1133 2948 1272 3002 quas
1307 2930 1491 2983 adhuc
1518 2944 1714 2999 pass-us
1752 2943 1864 3009 non
1893 2931 2041 2986 erat.

445 3030 517 3084 Et
542 3035 628 3083 est
655 3027 791 3081 ordo
827 3043 838 3078 :
872 3021 1186 3092 adimplebo
1204 3021 1260 3072 in
1279 3035 1444 3072 carne
1467 3034 1591 3071 mea
1616 3033 1712 3070 eas
1740 3014 2047 3086 passiones.

2126 2653 2344 2718 dierum
2377 2664 2433 2712 et
2462 2664 2780 2730 temporum
2810 2660 3241 2716 observantiam.
3265 2664 3553 2716 Elementa
3574 2665 3726 2720 enim

2125 2745 2320 2798 mundi
2351 2746 2487 2800 dicit
2511 2749 2686 2801 solem
2729 2757 2785 2802 et
2823 2749 3034 2809 lunam.
3071 2769 3136 2804 ex
3183 2751 3386 2822 quibus
3423 2751 3639 2805 dierum
3671 2759 3730 2806 et

2132 2837 2448 2904 temporum
2481 2853 2678 2890 cursus
2709 2838 2849 2892 efﬁci
2880 2838 3122 2895 videtur.

2203 2919 2254 2980 7.
2313 2925 2562 2978 AUGUST.
2609 2926 2722 2988 (lib.
2756 2941 2850 2989 xu,
2908 2929 2977 2981 De
3017 2929 3201 2983 Genes.
3249 2930 3323 2981 ad
3353 2931 3487 2990 litt.,
3515 2943 3634 2998 cap.
3671 2925 3723 2990 7,

2130 3014 2266 3064 tom.
2301 3013 2378 3066 IIl
2408 3018 2426 3081 )
2449 3016 2590 3080 Quia
2612 3017 2673 3068 in
2695 3018 2808 3083 ipso
2828 3017 3059 3073 habitat.
3088 3017 3229 3080 Quia
3245 3016 3524 3070 inhabitat
3544 3015 3733 3069 omnis

517 3113 608 3168 2‘2.
638 3114 886 3167 AMBROS.
908 3110 968 3163 Ut
997 3107 1344 3160 exhibeamus
1375 3119 1610 3156 omnem.
1643 3099 2048 3154 Perfectionem
2130 3100 2418 3169 plenitudo
2449 3103 2754 3157 divinitatis
2797 3105 3165 3174 corporaliter
3192 3122 3374 3176 neque
3407 3105 3553 3158 enim
3585 3104 3733 3157 divi-

445 3209 658 3259 statum
701 3200 959 3254 futurum
991 3201 1154 3250 vocat
1194 3193 1287 3248 cui
1335 3191 1464 3244 boni
1496 3190 1637 3244 nihil
1667 3189 1863 3243 deesse
1894 3187 2047 3240 vide-
2131 3188 2278 3242 nitas
2306 3207 2508 3261 corpus
2539 3198 2642 3248 est.
2676 3193 2772 3245 sed
2815 3193 2946 3263 quia
2974 3199 3326 3247 sacramenta
3352 3193 3568 3246 Veteris
3595 3193 3733 3246 Tes-

445 3292 677 3434 anIXP.
706 3378 778 3431 II.
813 3405 878 3416 —
926 3371 974 3428 1.
1018 3373 1222 3426 LANFR.
1270 3370 1386 3422 Volo
1425 3372 1575 3421 enim
1614 3383 1703 3420 vos
1741 3370 1901 3433 scire,
1936 3371 2041 3418 etc.

445 3467 612 3524 Ratio
641 3482 741 3520 cur
766 3481 825 3519 se
855 3463 1112 3516 laborare
1138 3457 1359 3521 dixerit,
1375 3456 1632 3510 videlicet
1661 3471 1733 3508 ne
1761 3455 2043 3508 diceretur

443 3573 511 3611 ex
525 3554 801 3626 jactantia
828 3551 1033 3608 dixisse
1060 3550 1265 3602 laboro.

512 3646 566 3698 2-.
614 3647 682 3698 In
721 3658 904 3696 omnes
934 3641 1160 3692 divitias
1201 3636 1574 3704 plenitudinis
1614 3635 1936 3686 intellectus.
1967 3631 2043 3684 Ut

441 3733 688 3789 habeant
701 3730 928 3784 divitem
954 3733 1011 3780 et
1029 3726 1256 3796 plenum
1275 3722 2042 3790 intellectum,cognoscentes

442 3821 776 3894 mysterium
800 3819 902 3872 Dei
927 3815 1128 3876 Patris,
1154 3813 1302 3884 quod
1328 3818 1416 3865 est
1443 3811 1698 3865 Christus
1726 3810 1751 3863 J
1760 3825 1908 3862 esus.
1935 3808 2042 3871 Qui

2127 3280 2366 3332 tumenti
2407 3281 2654 3351 appellat
2703 3281 2929 3335 umbras
2980 3283 3193 3346 futuri;
3230 3289 3459 3352 propter
3495 3280 3734 3335 umbra—

2129 3384 2252 3420 rum
2275 3370 2750 3439 comparationem
2789 3373 3156 3441 corporaliter
3200 3371 3339 3424 dixit
3370 3370 3622 3425 habitare
3671 3371 3732 3424 in

2123 3457 2348 3510 Christo
2379 3459 2784 3528 plenitudinem
2835 3459 3161 3520 divinitatis,
3209 3460 3357 3530 quod
3390 3460 3446 3513 in
3492 3459 3590 3512 illo
3622 3460 3736 3513 im-

2122 3546 2385 3616 pleantur
2411 3548 2601 3602 omnia
2644 3565 2766 3618 quae
2801 3550 2877 3618 [ul
2909 3590 2922 3613 ,
2959 3549 3042 3622 in]
3083 3551 3188 3603 illis
3221 3551 3436 3614 umbris
3485 3551 3741 3620 ﬁgurata

2123 3642 2274 3699 sunt,
2308 3653 2373 3689 ac
2401 3636 2444 3689 si
2473 3638 2884 3707 quodammodo
2912 3639 3237 3692 umbrarum
3265 3640 3488 3692 illarum
3510 3640 3632 3710 ipse
3656 3639 3742 3693 sit.

2123 3741 2346 3794 corpus,
2389 3726 2492 3779 hoc
2535 3733 2621 3780 est
2661 3728 2974 3796 ﬁgurarum
3013 3728 3240 3782 illarum
3270 3735 3328 3782 et
3357 3728 3740 3798 signiﬁcatio-

2125 3829 2260 3866 num
2291 3814 2410 3884 ipse
2437 3815 2510 3868 sit
2540 3816 2764 3869 veritas.

443 3886 594 3966 enim
628 3908 871 3980 perfecte
910 3905 1017 3959 scit
1041 3903 1349 3963 Christum,
1379 3900 1485 3953 scit
1514 3899 1647 3969 quid
1676 3898 1744 3952 de
1778 3899 1890 3951 Deo
1917 3886 2106 3950 sen-B
2195 3901 2248 3954 8,
2305 3905 2550 3957 Αυρυετ,
2611 3905 2722 3974 (ml
2774 3921 2886 3968 m,
2939 3911 3132 3960 contra
3186 3909 3395 3971 Faust.’
3453 3924 3574 3977 cap.
3635 3905 3738 3962 ‘29.

441 3999 698 4055 tiendum
727 3998 818 4063 sit,
844 4001 902 4050 et
915 3991 1217 4064 quomodo.
1237 3996 1294 4044 et
1321 3988 1379 4042 in
1399 3988 1601 4059 quibus
1631 3987 1924 4040 vivendum
1945 3985 2036 4038 sit.

511 4089 572 4144 3.
600 4091 668 4143 In
698 4087 1056 4146 sublimitate,
1092 4081 1146 4133 id
1180 4084 1284 4140 est,
1317 4078 1374 4131 in
1395 4076 1691 4130 altitudine
1719 4075 2036 4137 verborum,

440 4181 499 4234 et
531 4175 1005 4250 syllogismorum,
1051 4178 1109 4224 et
1153 4169 1393 4222 aliorum
1443 4182 1715 4236 generum
1747 4164 2041 4234 disputan-

439 4268 611 4331 tium;
639 4281 750 4320 non
780 4269 960 4326 artem
996 4256 1322 4330 disputandi
1347 4255 1646 4326 vituperat,
1677 4253 1778 4307 sed
1815 4269 2040 4323 perver-

441 4375 567 4413 sum
589 4353 1001 4426 disputantium
1033 4365 1220 4404 usum.

511 4446 566 4498 4.
590 4448 736 4502 Nam
757 4445 856 4495 etsi
883 4456 1104 4508 corpore
1133 4439 1324 4491 absens
1354 4437 1586 4492 su1n.Ac
1614 4433 1662 4487 si
1697 4433 1823 4504 quis
1841 4432 1991 4485 dicat
2021 4449 2035 4486 :

441 4535 577 4589 Vult
604 4549 706 4587 nos
727 4530 930 4601 aliquis
959 4526 1257 4596 decipere?
1282 4525 1362 4578 ita
1389 4542 1401 4589 ;
1430 4524 1527 4577 sed
1548 4539 1664 4589 vos,
1680 4521 1883 4592 inquit,
1905 4537 2038 4574 con-

440 4630 534 4680 tra
557 4624 683 4676 illos
708 4618 923 4676 ﬁrmati
951 4615 1086 4671 estis
1105 4614 1163 4668 in
1182 4613 1314 4668 ﬁde.
1337 4612 1498 4676 Quod
1527 4613 1664 4666 satis
1688 4611 1822 4676 scio,
1848 4626 2041 4680 quam-

440 4713 524 4769 vis
549 4712 769 4767 absens.

513 4800 566 4858 5.
600 4799 911 4856 Secundum
927 4795 1283 4851 traditionem
1326 4788 1701 4844 Tradiderunt
1720 4787 2036 4858 philosophi

2123 3995 2262 4044 tom.
2290 3992 2385 4059 VI)
2422 3995 2488 4046 In
2514 4010 2618 4061 quo
2645 3997 2984 4048 circumcisi.
3020 3996 3162 4058 Quid
3187 3995 3468 4066 signiﬁcat
3491 3996 3744 4050 circum-

2123 4080 2256 4133 cisio
2279 4081 2482 4146 carnis,
2506 4082 2612 4135 nisi
2645 4083 3102 4153 exspoliationem
3143 4085 3522 4148 mortalitatis,
3552 4101 3741 4154 quam

2124 4169 2193 4222 de
2231 4170 2446 4223 carnali
2482 4173 2846 4240 generatione
2909 4174 3235 4242 portamus?
3285 4174 3403 4228 huic
3442 4179 3528 4227 est
3584 4174 3746 4236 ﬁdes

2123 4262 2317 4311 nostra
2334 4303 2345 4315 .

2192 4345 2244 4406 9.
2305 4350 2734 4404 Gircumm'sione
2791 4367 2904 4404 non
2957 4353 3306 4418 mam/facta.
3367 4352 3747 4406 Resurrectio

2123 4435 2334 4489 Christi
2356 4453 2478 4506 quae
2504 4437 2652 4492 facta
2682 4439 2849 4492 tertio
2878 4440 3104 4509 quidem
3124 4457 3158 4494 a
3187 4440 3276 4494 die
3306 4441 3602 4511 passionis,
3627 4441 3746 4495 sed

2121 4532 2315 4578 octavo
2345 4525 2402 4579 in
2431 4525 2628 4580 diebus
2657 4527 3042 4586 hebdomadis.
3068 4529 3193 4599 ipsa
3219 4546 3321 4582 nos
3349 4530 3746 4585 circumcidit.

2122 4613 2267 4666 Audi
2296 4614 2651 4669 circumcisos
2685 4633 2815 4670 vera
2845 4624 3021 4688 petra,
3056 4619 3326 4688 Apostolo
3347 4619 3705 4672 admonente
3729 4638 3745 4671 :

2120 4702 2185 4756 Si
2207 4719 2332 4767 ergo
2363 4708 2744 4758 resurrexistis
2773 4723 2900 4765 cum
2931 4708 3165 4772 Christo,
3196 4724 3314 4776 quae
3336 4724 3557 4760 sursum
3587 4715 3754 4762 sunt

2119 4794 2312 4858 sapite,
2347 4793 2444 4845 ubi
2474 4793 2723 4848 Christus
2752 4800 2826 4848 est
2866 4799 2928 4848 in
2974 4798 3197 4850 dextera
3224 4797 3323 4852 Dei
3350 4798 3568 4858 sedens;
3605 4813 3758 4864 quia

435 4891 604 4962 (quos
631 4887 889 4942 homines
907 4884 1086 4947 vocat)
1106 4882 1432 4935 Creatorem
1463 4877 1712 4930 omnium
1743 4893 1855 4930 non
1875 4893 2035 4946 posse
2115 4896 2342 4934 suo-sum
2370 4887 2503 4934 sunt
2523 4886 2766 4950 qzueritc,
2790 4900 2902 4937 non
2920 4901 3039 4952 qua
3058 4901 3222 4953 super
3249 4890 3283 4945 ι.
3304 4901 3480 4937 rram.
3516 4886 3761 4939 Resur-

439 4956 563 5035 ﬁeri
603 4982 954 5040 creaturam;
1008 4970 1293 5025 hominem
1331 4956 1441 5020 non
1495 4965 1743 5036 potuisse
1785 4965 1938 5019 nasci
1969 4982 2033 5018 ex

2118 4968 2262 5031 rexit
2285 4969 2540 5023 Christus
2568 4970 2802 5026 abstulit
2824 4972 2983 5026 nobis
3008 4973 3287 5032 desideria
3307 4973 3571 5036 carnalia,
3601 4972 3762 5026 abs-

437 5069 654 5140 virgine
681 5085 692 5119 :
722 5063 1018 5119 Hominem
1052 5065 1335 5119 mortuum
1357 5055 1601 5109 PBVivere
1623 5071 1734 5107 non
1765 5055 2030 5124 potuisse,
2051 5081 2094 5144 ο
2118 5057 2253 5112 tulit
2298 5060 2780 5128 concupiscentias
2836 5062 3042 5124 malas;
3087 5063 3323 5116 abstulit
3366 5063 3758 5132 superﬁuugn

439 5157 862 5214 considerantes
878 5152 1159 5205 elementa
1176 5144 1392 5200 mundi.
1426 5144 1528 5196 has
1551 5143 1794 5197 visibiles
1822 5151 2037 5198 creatu-

440 5263 553 5313 ras,
584 5247 642 5300 in
676 5242 878 5315 quibus
907 5237 1172 5294 animalia
1206 5251 1328 5305 quae
1356 5239 1685 5295 nascuntur,
1721 5249 1788 5285 ex
1833 5233 2036 5287 utrius-

439 5352 550 5408 que
578 5350 745 5390 sexus
783 5327 1175 5391 commistione
1220 5328 1582 5394 generantur,
1630 5328 1688 5375 et
1733 5321 1792 5375 in
1833 5321 2035 5393 quibus

439 5423 717 5498 quidquid
745 5421 984 5481 moritur
1009 5417 1162 5477 ultra
1179 5413 1365 5471 vivere
1390 5410 1736 5484 inipossibile
1759 5416 1861 5467 est.

2117 5163 2242 5208 cum
2278 5163 2389 5216 quo
2420 5147 2536 5201 nati
2563 5149 2752 5213 eratis,
2786 5156 2843 5204 et
2871 5151 3048 5205 multo
3093 5152 3253 5222 pejus
3284 5151 3432 5221 quod
3460 5151 3612 5204 male
3650 5153 3758 5205 vi-

2117 5236 2293 5289 vendo
2324 5236 2706 5304 addideratis;
2764 5239 3078 5293 circumcisi
3131 5257 3233 5311 per
3255 5247 3496 5311 petram,
3533 5256 3753 5309 quare

2119 5325 2305 5380 adhuc
2334 5325 2532 5397 sapitis
2562 5343 2730 5398 super
2757 5329 3003 5382 terram?
3547 5337 3550 5340 ’
