  <div class='ocr_page' id='page_1' title='image "/cluster/home/n/w/nwhite01/storage/ocr_20150623/150/hvd.32044054760087/168.png"; bbox 0 0 3936 6178; ppageno 0'>
   <div class='ocr_carea' id='block_1_1' title="bbox 296 191 3478 287">
    <p class='ocr_par' dir='ltr' id='par_1_1' title="bbox 296 191 3478 287">
     <span class='ocr_line' id='line_1_1' title="bbox 296 191 3478 287; baseline 0.002 -40"><span class='ocrx_word' id='word_1_1' title='bbox 296 202 375 280; x_wconf 58' lang='lat'>325</span> <span class='ocrx_word' id='word_1_2' title='bbox 872 195 951 251; x_wconf 87' lang='lat' dir='ltr'>IN</span> <span class='ocrx_word' id='word_1_3' title='bbox 989 196 1058 250; x_wconf 92' lang='lat' dir='ltr'>D.</span> <span class='ocrx_word' id='word_1_4' title='bbox 1099 196 1314 270; x_wconf 69' lang='lat' dir='ltr'><strong>PAULI</strong></span> <span class='ocrx_word' id='word_1_5' title='bbox 1352 193 1575 280; x_wconf 65' lang='lat' dir='ltr'>sris&#39;r.</span> <span class='ocrx_word' id='word_1_6' title='bbox 1618 194 1990 280; x_wconf 61' lang='lat' dir='ltr'>comitem.</span> <span class='ocrx_word' id='word_1_7' title='bbox 2033 224 2102 236; x_wconf 88' lang='lat'><strong><em>—</em></strong></span> <span class='ocrx_word' id='word_1_8' title='bbox 2141 191 2364 279; x_wconf 65' lang='lat' dir='ltr'>epis&#39;r.</span> <span class='ocrx_word' id='word_1_9' title='bbox 2405 197 2504 272; x_wconf 78' lang='lat' dir='ltr'>Al)</span> <span class='ocrx_word' id='word_1_10' title='bbox 2543 196 2836 252; x_wconf 77' lang='lat' dir='ltr'>cowss.</span> <span class='ocrx_word' id='word_1_11' title='bbox 3373 202 3478 287; x_wconf 53' lang='lat'>335</span> 
     </span>
    </p>
   </div>
   <div class='ocr_carea' id='block_1_2' title="bbox 296 319 3486 398">
    <p class='ocr_par' dir='ltr' id='par_1_2' title="bbox 296 319 3486 398">
     <span class='ocr_line' id='line_1_2' title="bbox 296 319 3486 398; baseline 0 -17"><span class='ocrx_word' id='word_1_12' title='bbox 296 327 406 398; x_wconf 69' lang='lat' dir='ltr'>facta</span> <span class='ocrx_word' id='word_1_13' title='bbox 435 324 545 396; x_wconf 62' lang='lat' dir='ltr'>(hac</span> <span class='ocrx_word' id='word_1_14' title='bbox 570 328 618 392; x_wconf 81' lang='lat' dir='ltr'>et</span> <span class='ocrx_word' id='word_1_15' title='bbox 647 323 1002 390; x_wconf 84' lang='lat' dir='ltr'>circumcisio</span> <span class='ocrx_word' id='word_1_16' title='bbox 1036 320 1268 386; x_wconf 77' lang='lat' dir='ltr'>Christi,</span> <span class='ocrx_word' id='word_1_17' title='bbox 1301 323 1438 374; x_wconf 80' lang='lat' dir='ltr'><strong><em>vitia</em></strong></span> <span class='ocrx_word' id='word_1_18' title='bbox 1473 322 1828 394; x_wconf 84' lang='lat' dir='ltr'>mortiﬁcare)</span> <span class='ocrx_word' id='word_1_19' title='bbox 1845 321 1903 374; x_wconf 90' lang='lat' dir='ltr'>in</span> <span class='ocrx_word' id='word_1_20' title='bbox 1930 319 2331 390; x_wconf 80' lang='lat' dir='ltr'>exspoliatione</span> <span class='ocrx_word' id='word_1_21' title='bbox 2355 320 2606 392; x_wconf 87' lang='lat' dir='ltr'>corporis</span> <span class='ocrx_word' id='word_1_22' title='bbox 2628 319 2831 387; x_wconf 87' lang='lat' dir='ltr'>carnis,</span> <span class='ocrx_word' id='word_1_23' title='bbox 2856 322 2952 390; x_wconf 83' lang='lat' dir='ltr'>sed</span> <span class='ocrx_word' id='word_1_24' title='bbox 2984 322 3042 376; x_wconf 91' lang='lat' dir='ltr'>in</span> <span class='ocrx_word' id='word_1_25' title='bbox 3063 323 3486 394; x_wconf 82' lang='lat' dir='ltr'>circumcisione</span> 
     </span>
    </p>
   </div>
   <div class='ocr_carea' id='block_1_3' title="bbox 293 408 3480 480">
    <p class='ocr_par' dir='ltr' id='par_1_3' title="bbox 293 408 3480 480">
     <span class='ocr_line' id='line_1_3' title="bbox 293 408 3480 480; baseline 0 -10"><span class='ocrx_word' id='word_1_26' title='bbox 293 412 881 480; x_wconf 81' lang='lat' dir='ltr'>Christi,circumcisionc</span> <span class='ocrx_word' id='word_1_27' title='bbox 902 412 1212 480; x_wconf 81' lang='lat' dir='ltr'>spirituali,</span> <span class='ocrx_word' id='word_1_28' title='bbox 1239 413 1445 480; x_wconf 83' lang='lat' dir='ltr'>scilicet</span> <span class='ocrx_word' id='word_1_29' title='bbox 1465 409 1776 480; x_wconf 88' lang='lat' dir='ltr'>consepulti</span> <span class='ocrx_word' id='word_1_30' title='bbox 1794 413 2032 477; x_wconf 60' lang='lat' dir='ltr'>(exponit</span> <span class='ocrx_word' id='word_1_31' title='bbox 2048 411 2333 478; x_wconf 85' lang='lat' dir='ltr'>quomodo)</span> <span class='ocrx_word' id='word_1_32' title='bbox 2356 410 2406 462; x_wconf 89' lang='lat' dir='ltr'>ei</span> <span class='ocrx_word' id='word_1_33' title='bbox 2431 409 2486 462; x_wconf 92' lang='lat' dir='ltr'>in</span> <span class='ocrx_word' id='word_1_34' title='bbox 2507 408 2870 479; x_wconf 84' lang='lat' dir='ltr'>baptismo.in</span> <span class='ocrx_word' id='word_1_35' title='bbox 2895 426 3004 479; x_wconf 92' lang='lat' dir='ltr'>quo</span> <span class='ocrx_word' id='word_1_36' title='bbox 3026 417 3083 464; x_wconf 90' lang='lat' dir='ltr'>et</span> <span class='ocrx_word' id='word_1_37' title='bbox 3099 408 3480 470; x_wconf 83' lang='lat' dir='ltr'>resurrexistis</span> 
     </span>
    </p>
   </div>
   <div class='ocr_carea' id='block_1_4' title="bbox 291 498 3480 572">
    <p class='ocr_par' dir='ltr' id='par_1_4' title="bbox 291 498 3480 572">
     <span class='ocr_line' id='line_1_4' title="bbox 291 498 3480 572; baseline 0.001 -15"><span class='ocrx_word' id='word_1_38' title='bbox 291 507 452 558; x_wconf 77' lang='lat' dir='ltr'>aeitiis</span> <span class='ocrx_word' id='word_1_39' title='bbox 477 517 566 572; x_wconf 86' lang='lat' dir='ltr'>per</span> <span class='ocrx_word' id='word_1_40' title='bbox 593 500 756 554; x_wconf 84' lang='lat' dir='ltr'>ﬁdem</span> <span class='ocrx_word' id='word_1_41' title='bbox 789 498 1133 572; x_wconf 83' lang='lat' dir='ltr'>operationis</span> <span class='ocrx_word' id='word_1_42' title='bbox 1161 498 1280 562; x_wconf 87' lang='lat' dir='ltr'>Dei,</span> <span class='ocrx_word' id='word_1_43' title='bbox 1301 515 1470 566; x_wconf 87' lang='lat' dir='ltr'>quam</span> <span class='ocrx_word' id='word_1_44' title='bbox 1503 503 1755 566; x_wconf 76' lang='lat' dir='ltr'>operatus</span> <span class='ocrx_word' id='word_1_45' title='bbox 1784 502 1857 551; x_wconf 83' lang='lat' dir='ltr'>est</span> <span class='ocrx_word' id='word_1_46' title='bbox 1883 500 1945 550; x_wconf 88' lang='lat' dir='ltr'>in</span> <span class='ocrx_word' id='word_1_47' title='bbox 1969 498 2184 550; x_wconf 79' lang='lat' dir='ltr'>Christo</span> <span class='ocrx_word' id='word_1_48' title='bbox 2210 501 2346 559; x_wconf 85' lang='lat' dir='ltr'>(cccc</span> <span class='ocrx_word' id='word_1_49' title='bbox 2373 499 2628 566; x_wconf 76' lang='lat' dir='ltr'>operatio)</span> <span class='ocrx_word' id='word_1_50' title='bbox 2654 499 2749 569; x_wconf 88' lang='lat' dir='ltr'>qui</span> <span class='ocrx_word' id='word_1_51' title='bbox 2784 498 3076 554; x_wconf 76' lang='lat' dir='ltr'>suscitavit</span> <span class='ocrx_word' id='word_1_52' title='bbox 3101 501 3310 557; x_wconf 83' lang='lat' dir='ltr'>illuma</span> <span class='ocrx_word' id='word_1_53' title='bbox 3327 521 3480 559; x_wconf 91' lang='lat' dir='ltr'>mor-</span> 
     </span>
    </p>
   </div>
   <div class='ocr_carea' id='block_1_5' title="bbox 287 586 3480 664">
    <p class='ocr_par' dir='ltr' id='par_1_5' title="bbox 287 586 3480 664">
     <span class='ocr_line' id='line_1_5' title="bbox 287 586 3480 664; baseline 0 -17"><span class='ocrx_word' id='word_1_54' title='bbox 287 592 457 648; x_wconf 85' lang='lat' dir='ltr'>tuis.Et</span> <span class='ocrx_word' id='word_1_55' title='bbox 477 606 564 642; x_wconf 86' lang='lat' dir='ltr'>vos</span> <span class='ocrx_word' id='word_1_56' title='bbox 577 590 928 654; x_wconf 83' lang='lat' dir='ltr'>(determinat</span> <span class='ocrx_word' id='word_1_57' title='bbox 947 589 1213 654; x_wconf 82' lang='lat' dir='ltr'>quomodo</span> <span class='ocrx_word' id='word_1_58' title='bbox 1232 589 1505 639; x_wconf 69' lang='lat' dir='ltr'>intellexit</span> <span class='ocrx_word' id='word_1_59' title='bbox 1525 590 1587 639; x_wconf 90' lang='lat' dir='ltr'>in</span> <span class='ocrx_word' id='word_1_60' title='bbox 1609 603 1716 654; x_wconf 87' lang='lat' dir='ltr'>quo</span> <span class='ocrx_word' id='word_1_61' title='bbox 1743 591 1792 638; x_wconf 87' lang='lat' dir='ltr'>et</span> <span class='ocrx_word' id='word_1_62' title='bbox 1811 589 2210 646; x_wconf 70' lang='lat' dir='ltr'>resurrexistis)</span> <span class='ocrx_word' id='word_1_63' title='bbox 2231 603 2357 640; x_wconf 89' lang='lat' dir='ltr'>cum</span> <span class='ocrx_word' id='word_1_64' title='bbox 2390 587 2600 640; x_wconf 81' lang='lat' dir='ltr'>mortui</span> <span class='ocrx_word' id='word_1_65' title='bbox 2626 586 2822 640; x_wconf 87' lang='lat' dir='ltr'>essetis</span> <span class='ocrx_word' id='word_1_66' title='bbox 2842 586 2897 640; x_wconf 92' lang='lat' dir='ltr'>in</span> <span class='ocrx_word' id='word_1_67' title='bbox 2918 587 3155 651; x_wconf 88' lang='lat' dir='ltr'>delictis,</span> <span class='ocrx_word' id='word_1_68' title='bbox 3171 589 3234 645; x_wconf 94' lang='grc' dir='ltr'>ΙΟ</span> <span class='ocrx_word' id='word_1_69' title='bbox 3259 598 3316 646; x_wconf 91' lang='lat' dir='ltr'>et</span> <span class='ocrx_word' id='word_1_70' title='bbox 3336 610 3480 664; x_wconf 66' lang='lat' dir='ltr'>prte-</span> 
     </span>
    </p>
   </div>
   <div class='ocr_carea' id='block_1_6' title="bbox 286 673 3482 753">
    <p class='ocr_par' dir='ltr' id='par_1_6' title="bbox 286 673 3482 753">
     <span class='ocr_line' id='line_1_6' title="bbox 286 673 3482 753; baseline 0.001 -19"><span class='ocrx_word' id='word_1_71' title='bbox 286 681 406 753; x_wconf 87' lang='lat' dir='ltr'>putio</span> <span class='ocrx_word' id='word_1_72' title='bbox 428 678 593 733; x_wconf 86' lang='lat' dir='ltr'>carnis</span> <span class='ocrx_word' id='word_1_73' title='bbox 624 685 837 740; x_wconf 67' lang='lat' dir='ltr'>vestrae,</span> <span class='ocrx_word' id='word_1_74' title='bbox 863 690 909 729; x_wconf 84' lang='lat' dir='ltr'>et</span> <span class='ocrx_word' id='word_1_75' title='bbox 931 692 1058 729; x_wconf 90' lang='lat' dir='ltr'>cum</span> <span class='ocrx_word' id='word_1_76' title='bbox 1085 678 1145 728; x_wconf 90' lang='lat' dir='ltr'>in</span> <span class='ocrx_word' id='word_1_77' title='bbox 1170 677 1484 742; x_wconf 72' lang='lat' dir='ltr'>gentilitate</span> <span class='ocrx_word' id='word_1_78' title='bbox 1514 679 1716 740; x_wconf 76' lang='lat' dir='ltr'>essetis,</span> <span class='ocrx_word' id='word_1_79' title='bbox 1748 673 2151 726; x_wconf 85' lang='lat' dir='ltr'>conviviﬁcavit</span> <span class='ocrx_word' id='word_1_80' title='bbox 2171 691 2297 727; x_wconf 89' lang='lat' dir='ltr'>cum</span> <span class='ocrx_word' id='word_1_81' title='bbox 2328 675 2445 735; x_wconf 89' lang='lat' dir='ltr'>illo,</span> <span class='ocrx_word' id='word_1_82' title='bbox 2479 674 2716 737; x_wconf 86' lang='lat' dir='ltr'>donans,</span> <span class='ocrx_word' id='word_1_83' title='bbox 2753 677 3089 743; x_wconf 84' lang='lat' dir='ltr'>condonans,</span> <span class='ocrx_word' id='word_1_84' title='bbox 3119 679 3270 732; x_wconf 88' lang='lat' dir='ltr'>vobis</span> <span class='ocrx_word' id='word_1_85' title='bbox 3292 681 3482 736; x_wconf 83' lang='lat' dir='ltr'><strong>omnia</strong></span> 
     </span>
    </p>
   </div>
   <div class='ocr_carea' id='block_1_7' title="bbox 285 762 3483 836">
    <p class='ocr_par' dir='ltr' id='par_1_7' title="bbox 285 762 3483 836">
     <span class='ocr_line' id='line_1_7' title="bbox 285 762 3483 836; baseline 0.001 -13"><span class='ocrx_word' id='word_1_86' title='bbox 285 769 441 823; x_wconf 83' lang='lat' dir='ltr'>delicta</span> <span class='ocrx_word' id='word_1_87' title='bbox 463 767 540 822; x_wconf 83' lang='grc'><strong>11.</strong></span> <span class='ocrx_word' id='word_1_88' title='bbox 567 767 759 819; x_wconf 90' lang='lat' dir='ltr'>delens</span> <span class='ocrx_word' id='word_1_89' title='bbox 791 765 937 836; x_wconf 92' lang='lat' dir='ltr'>quod</span> <span class='ocrx_word' id='word_1_90' title='bbox 953 765 1218 817; x_wconf 88' lang='lat' dir='ltr'>adversus</span> <span class='ocrx_word' id='word_1_91' title='bbox 1244 781 1365 826; x_wconf 91' lang='lat' dir='ltr'>nos,</span> <span class='ocrx_word' id='word_1_92' title='bbox 1388 766 1693 816; x_wconf 81' lang='lat' dir='ltr'>utilitatem</span> <span class='ocrx_word' id='word_1_93' title='bbox 1710 767 1976 824; x_wconf 86' lang='lat' dir='ltr'>nostram,</span> <span class='ocrx_word' id='word_1_94' title='bbox 2003 768 2125 815; x_wconf 88' lang='lat' dir='ltr'>erat</span> <span class='ocrx_word' id='word_1_95' title='bbox 2145 763 2577 834; x_wconf 82' lang='lat' dir='ltr'>chirographum</span> <span class='ocrx_word' id='word_1_96' title='bbox 2609 762 2687 818; x_wconf 75' lang='lat' dir='ltr'>l2.</span> <span class='ocrx_word' id='word_1_97' title='bbox 2712 763 3096 835; x_wconf 87' lang='lat' dir='ltr'>decreti,quod</span> <span class='ocrx_word' id='word_1_98' title='bbox 3123 775 3244 821; x_wconf 87' lang='lat' dir='ltr'>erat</span> <span class='ocrx_word' id='word_1_99' title='bbox 3264 776 3483 826; x_wconf 91' lang='lat' dir='ltr'>contra-</span> 
     </span>
    </p>
   </div>
   <div class='ocr_carea' id='block_1_8' title="bbox 283 852 3483 922">
    <p class='ocr_par' dir='ltr' id='par_1_8' title="bbox 283 852 3483 922">
     <span class='ocr_line' id='line_1_8' title="bbox 283 852 3483 922; baseline 0.002 -13"><span class='ocrx_word' id='word_1_100' title='bbox 283 858 392 909; x_wconf 84' lang='lat' dir='ltr'>rium</span> <span class='ocrx_word' id='word_1_101' title='bbox 417 852 577 916; x_wconf 89' lang='lat' dir='ltr'>nobis,</span> <span class='ocrx_word' id='word_1_102' title='bbox 605 853 742 905; x_wconf 84' lang='lat' dir='ltr'>idem</span> <span class='ocrx_word' id='word_1_103' title='bbox 761 853 906 920; x_wconf 83' lang='lat' dir='ltr'>quod</span> <span class='ocrx_word' id='word_1_104' title='bbox 931 853 1191 904; x_wconf 80' lang='lat' dir='ltr'>adrersus</span> <span class='ocrx_word' id='word_1_105' title='bbox 1217 868 1311 904; x_wconf 83' lang='lat' dir='ltr'>nos</span> <span class='ocrx_word' id='word_1_106' title='bbox 1335 869 1349 913; x_wconf 92' lang='lat'><em>;</em></span> <span class='ocrx_word' id='word_1_107' title='bbox 1374 854 1453 903; x_wconf 81' lang='lat' dir='ltr'>vet</span> <span class='ocrx_word' id='word_1_108' title='bbox 1481 852 1833 903; x_wconf 84' lang='lat' dir='ltr'>contrarium</span> <span class='ocrx_word' id='word_1_109' title='bbox 1860 853 2058 902; x_wconf 54' lang='lat' dir='ltr'>nostra</span> <span class='ocrx_word' id='word_1_110' title='bbox 2078 855 2336 917; x_wconf 81' lang='lat' dir='ltr'><strong><em>utilitati,</em></strong></span> <span class='ocrx_word' id='word_1_111' title='bbox 2358 859 2414 906; x_wconf 89' lang='lat' dir='ltr'>et</span> <span class='ocrx_word' id='word_1_112' title='bbox 2435 853 2619 922; x_wconf 91' lang='lat' dir='ltr'>ipsum</span> <span class='ocrx_word' id='word_1_113' title='bbox 2640 853 2772 905; x_wconf 87' lang='lat' dir='ltr'>tulit</span> <span class='ocrx_word' id='word_1_114' title='bbox 2795 856 3015 919; x_wconf 83' lang='lat' dir='ltr'>(murus</span> <span class='ocrx_word' id='word_1_115' title='bbox 3036 859 3182 908; x_wconf 87' lang='lat' dir='ltr'>enim</span> <span class='ocrx_word' id='word_1_116' title='bbox 3198 864 3315 911; x_wconf 85' lang='lat' dir='ltr'>erat</span> <span class='ocrx_word' id='word_1_117' title='bbox 3334 862 3483 914; x_wconf 86' lang='lat' dir='ltr'>inter</span> 
     </span>
    </p>
   </div>
   <div class='ocr_carea' id='block_1_9' title="bbox 283 935 3480 1017">
    <p class='ocr_par' dir='ltr' id='par_1_9' title="bbox 283 935 3480 1017">
     <span class='ocr_line' id='line_1_9' title="bbox 283 935 3480 1017; baseline 0.002 -21"><span class='ocrx_word' id='word_1_118' title='bbox 283 961 354 998; x_wconf 82' lang='lat' dir='ltr'>nos</span> <span class='ocrx_word' id='word_1_119' title='bbox 375 949 415 996; x_wconf 80' lang='lat' dir='ltr'>et</span> <span class='ocrx_word' id='word_1_120' title='bbox 434 944 616 1008; x_wconf 80' lang='lat' dir='ltr'>Deum)</span> <span class='ocrx_word' id='word_1_121' title='bbox 633 941 702 994; x_wconf 93' lang='lat' dir='ltr'>de</span> <span class='ocrx_word' id='word_1_122' title='bbox 732 941 916 994; x_wconf 90' lang='lat' dir='ltr'>medio</span> <span class='ocrx_word' id='word_1_123' title='bbox 938 943 1134 1003; x_wconf 85' lang='lat' dir='ltr'>nostri,</span> <span class='ocrx_word' id='word_1_124' title='bbox 1158 945 1207 992; x_wconf 84' lang='lat' dir='ltr'>et</span> <span class='ocrx_word' id='word_1_125' title='bbox 1229 941 1342 1004; x_wconf 83' lang='lat' dir='ltr'>Dei,</span> <span class='ocrx_word' id='word_1_126' title='bbox 1369 939 1870 1008; x_wconf 83' lang='lat' dir='ltr'>afﬁgens,abolens,</span> <span class='ocrx_word' id='word_1_127' title='bbox 1898 935 2036 989; x_wconf 90' lang='lat' dir='ltr'>illud</span> <span class='ocrx_word' id='word_1_128' title='bbox 2060 941 2227 1002; x_wconf 86' lang='lat' dir='ltr'>cruci,</span> <span class='ocrx_word' id='word_1_129' title='bbox 2253 958 2354 1008; x_wconf 76' lang='lat' dir='ltr'>per</span> <span class='ocrx_word' id='word_1_130' title='bbox 2373 946 2674 1004; x_wconf 80' lang='lat' dir='ltr'>crucem,et</span> <span class='ocrx_word' id='word_1_131' title='bbox 2701 941 2781 997; x_wconf 86' lang='lat' dir='ltr'>l3.</span> <span class='ocrx_word' id='word_1_132' title='bbox 2803 943 3116 1012; x_wconf 85' lang='lat' dir='ltr'>exspolians</span> <span class='ocrx_word' id='word_1_133' title='bbox 3135 944 3480 1017; x_wconf 83' lang='lat' dir='ltr'>principatus</span> 
     </span>
    </p>
   </div>
   <div class='ocr_carea' id='block_1_10' title="bbox 278 1026 3482 1104">
    <p class='ocr_par' dir='ltr' id='par_1_10' title="bbox 278 1026 3482 1104">
     <span class='ocr_line' id='line_1_10' title="bbox 278 1026 3482 1104; baseline 0.001 -16"><span class='ocrx_word' id='word_1_134' title='bbox 278 1034 552 1092; x_wconf 67' lang='lat' dir='ltr'>Judsorum,</span> <span class='ocrx_word' id='word_1_135' title='bbox 578 1035 661 1083; x_wconf 75' lang='lat' dir='ltr'>vel</span> <span class='ocrx_word' id='word_1_136' title='bbox 690 1032 1023 1094; x_wconf 62' lang='lat' dir='ltr'>damon-um,</span> <span class='ocrx_word' id='word_1_137' title='bbox 1050 1035 1108 1082; x_wconf 88' lang='lat' dir='ltr'>et</span> <span class='ocrx_word' id='word_1_138' title='bbox 1134 1033 1460 1099; x_wconf 80' lang='lat' dir='ltr'>potestates,</span> <span class='ocrx_word' id='word_1_139' title='bbox 1477 1027 1729 1084; x_wconf 78' lang='lat' dir='ltr'>traduxit</span> <span class='ocrx_word' id='word_1_140' title='bbox 1747 1026 2110 1092; x_wconf 77' lang='lat' dir='ltr'>confidenter,</span> <span class='ocrx_word' id='word_1_141' title='bbox 2147 1029 2226 1085; x_wconf 79' lang='lat' dir='ltr'>l-’t.</span> <span class='ocrx_word' id='word_1_142' title='bbox 2255 1030 2437 1098; x_wconf 80' lang='lat' dir='ltr'>palam</span> <span class='ocrx_word' id='word_1_143' title='bbox 2465 1029 2840 1100; x_wconf 87' lang='lat' dir='ltr'>triumphans,</span> <span class='ocrx_word' id='word_1_144' title='bbox 2870 1034 2949 1084; x_wconf 77' lang='lat' dir='ltr'>vet</span> <span class='ocrx_word' id='word_1_145' title='bbox 2971 1034 3210 1097; x_wconf 85' lang='lat' dir='ltr'>vincens,</span> <span class='ocrx_word' id='word_1_146' title='bbox 3235 1039 3315 1090; x_wconf 78' lang='lat' dir='ltr'>vel</span> <span class='ocrx_word' id='word_1_147' title='bbox 3338 1039 3482 1104; x_wconf 62' lang='grc' dir='ltr'>νεία-</span> 
     </span>
    </p>
   </div>
   <div class='ocr_carea' id='block_1_11' title="bbox 281 1115 3476 1199">
    <p class='ocr_par' dir='ltr' id='par_1_11' title="bbox 281 1115 3476 1199">
     <span class='ocr_line' id='line_1_11' title="bbox 281 1115 3476 1199; baseline 0.001 -25"><span class='ocrx_word' id='word_1_148' title='bbox 281 1125 406 1197; x_wconf 66' lang='lat' dir='ltr'>piens,</span> <span class='ocrx_word' id='word_1_149' title='bbox 423 1118 533 1176; x_wconf 85' lang='lat' dir='ltr'>illos</span> <span class='ocrx_word' id='word_1_150' title='bbox 547 1117 606 1176; x_wconf 85' lang='lat' dir='ltr'>in</span> <span class='ocrx_word' id='word_1_151' title='bbox 622 1117 1066 1196; x_wconf 65' lang='lat' dir='ltr'>semetipsomon</span> <span class='ocrx_word' id='word_1_152' title='bbox 1084 1119 1145 1196; x_wconf 77' lang='lat' dir='ltr'>in</span> <span class='ocrx_word' id='word_1_153' title='bbox 1169 1119 1284 1170; x_wconf 67' lang='lat' dir='ltr'>alio</span> <span class='ocrx_word' id='word_1_154' title='bbox 1303 1119 1546 1170; x_wconf 71' lang='lat' dir='ltr'>exercitu</span> <span class='ocrx_word' id='word_1_155' title='bbox 1561 1160 1574 1171; x_wconf 92' lang='lat'>.</span> <span class='ocrx_word' id='word_1_156' title='bbox 1592 1118 1656 1178; x_wconf 87' lang='lat' dir='ltr'>In</span> <span class='ocrx_word' id='word_1_157' title='bbox 1677 1131 1783 1183; x_wconf 83' lang='lat' dir='ltr'>quo</span> <span class='ocrx_word' id='word_1_158' title='bbox 1805 1115 2020 1194; x_wconf 82' lang='lat' dir='ltr'>Christo</span> <span class='ocrx_word' id='word_1_159' title='bbox 2043 1121 2359 1171; x_wconf 82' lang='lat' dir='ltr'>circumcisi</span> <span class='ocrx_word' id='word_1_160' title='bbox 2376 1121 2523 1183; x_wconf 80' lang='lat' dir='ltr'>estis,</span> <span class='ocrx_word' id='word_1_161' title='bbox 2544 1121 2964 1176; x_wconf 78' lang='lat' dir='ltr'>circumcisione</span> <span class='ocrx_word' id='word_1_162' title='bbox 2983 1135 3093 1189; x_wconf 78' lang='lat' dir='ltr'>non</span> <span class='ocrx_word' id='word_1_163' title='bbox 3116 1138 3289 1192; x_wconf 72' lang='lat' dir='ltr'>manu</span> <span class='ocrx_word' id='word_1_164' title='bbox 3306 1127 3476 1199; x_wconf 78' lang='lat' dir='ltr'>facta.</span> 
     </span>
    </p>
   </div>
   <div class='ocr_carea' id='block_1_12' title="bbox 281 1195 1835 1287">
    <p class='ocr_par' dir='ltr' id='par_1_12' title="bbox 281 1195 1835 1287">
     <span class='ocr_line' id='line_1_12' title="bbox 281 1195 1835 1287; baseline -0.006 -24"><span class='ocrx_word' id='word_1_165' title='bbox 281 1195 437 1287; x_wconf 57' lang='lat'>15,16,</span> <span class='ocrx_word' id='word_1_166' title='bbox 479 1212 645 1287; x_wconf 60' lang='grc' dir='ltr'>μη</span> <span class='ocrx_word' id='word_1_167' title='bbox 688 1195 901 1287; x_wconf 51' lang='lat' dir='ltr'>i118.</span> <span class='ocrx_word' id='word_1_168' title='bbox 941 1206 1121 1266; x_wconf 85' lang='lat' dir='ltr'>Nemo</span> <span class='ocrx_word' id='word_1_169' title='bbox 1153 1222 1287 1286; x_wconf 84' lang='lat' dir='ltr'>ergo</span> <span class='ocrx_word' id='word_1_170' title='bbox 1323 1222 1416 1259; x_wconf 85' lang='lat' dir='ltr'>vos</span> <span class='ocrx_word' id='word_1_171' title='bbox 1440 1205 1657 1274; x_wconf 79' lang='lat' dir='ltr'>judicet</span> <span class='ocrx_word' id='word_1_172' title='bbox 1674 1203 1731 1262; x_wconf 88' lang='lat' dir='ltr'>in</span> <span class='ocrx_word' id='word_1_173' title='bbox 1760 1201 1835 1256; x_wconf 78' lang='lat' dir='ltr'>cit</span> 
     </span>
    </p>
   </div>
   <div class='ocr_carea' id='block_1_13' title="bbox 1927 1195 3481 1287">
    <p class='ocr_par' dir='ltr' id='par_1_13' title="bbox 1931 1195 3481 1286">
     <span class='ocr_line' id='line_1_13' title="bbox 1931 1195 3481 1286; baseline 0 -30"><span class='ocrx_word' id='word_1_174' title='bbox 1931 1204 2096 1258; x_wconf 82' lang='lat' dir='ltr'>autin</span> <span class='ocrx_word' id='word_1_175' title='bbox 2118 1211 2389 1286; x_wconf 70' lang='lat' dir='ltr'>potu,aut</span> <span class='ocrx_word' id='word_1_176' title='bbox 2405 1206 2461 1264; x_wconf 85' lang='lat' dir='ltr'>in</span> <span class='ocrx_word' id='word_1_177' title='bbox 2484 1211 2642 1282; x_wconf 83' lang='lat' dir='ltr'>parte</span> <span class='ocrx_word' id='word_1_178' title='bbox 2668 1206 2779 1268; x_wconf 81' lang='lat' dir='ltr'>diei</span> <span class='ocrx_word' id='word_1_179' title='bbox 2803 1195 2951 1284; x_wconf 77' lang='lat' dir='ltr'>festi,</span> <span class='ocrx_word' id='word_1_180' title='bbox 2969 1212 3030 1285; x_wconf 82' lang='lat' dir='ltr'>ut</span> <span class='ocrx_word' id='word_1_181' title='bbox 3052 1223 3139 1262; x_wconf 79' lang='lat' dir='ltr'>ros</span> <span class='ocrx_word' id='word_1_182' title='bbox 3159 1212 3332 1280; x_wconf 83' lang='lat' dir='ltr'>faciat</span> <span class='ocrx_word' id='word_1_183' title='bbox 3342 1195 3481 1286; x_wconf 80' lang='lat' dir='ltr'>par-</span> 
     </span>
    </p>
   </div>
   <div class='ocr_carea' id='block_1_14' title="bbox 278 1281 1832 1370">
    <p class='ocr_par' dir='ltr' id='par_1_14' title="bbox 278 1281 1832 1370">
     <span class='ocr_line' id='line_1_14' title="bbox 278 1281 1832 1370; baseline -0.003 -20"><span class='ocrx_word' id='word_1_184' title='bbox 278 1281 456 1366; x_wconf 62' lang='lat' dir='ltr'>‘icipare</span> <span class='ocrx_word' id='word_1_185' title='bbox 473 1281 985 1362; x_wconf 16' lang='lat' dir='ltr'>ﬁctisiludworum,</span> <span class='ocrx_word' id='word_1_186' title='bbox 1006 1299 1124 1356; x_wconf 88' lang='lat' dir='ltr'>aut,</span> <span class='ocrx_word' id='word_1_187' title='bbox 1145 1284 1369 1357; x_wconf 74' lang='lat' dir='ltr'>scilicet,</span> <span class='ocrx_word' id='word_1_188' title='bbox 1402 1290 1730 1350; x_wconf 76' lang='lat' dir='ltr'>neomenize.</span> <span class='ocrx_word' id='word_1_189' title='bbox 1757 1308 1832 1370; x_wconf 73' lang='lat' dir='ltr'>no</span> 
     </span>
    </p>
   </div>
   <div class='ocr_carea' id='block_1_15' title="bbox 1929 1281 3483 1370">
    <p class='ocr_par' dir='ltr' id='par_1_15' title="bbox 1929 1281 3483 1370">
     <span class='ocr_line' id='line_1_15' title="bbox 1929 1281 3483 1370; baseline 0.006 -26"><span class='ocrx_word' id='word_1_190' title='bbox 1929 1295 2094 1357; x_wconf 65' lang='lat' dir='ltr'>tuna),</span> <span class='ocrx_word' id='word_1_191' title='bbox 2121 1282 2300 1360; x_wconf 71' lang='lat' dir='ltr'>i9,20-</span> <span class='ocrx_word' id='word_1_192' title='bbox 2334 1300 2432 1348; x_wconf 86' lang='lat' dir='ltr'>aut</span> <span class='ocrx_word' id='word_1_193' title='bbox 2463 1281 2858 1362; x_wconf 86' lang='lat' dir='ltr'>Sabbatorum,</span> <span class='ocrx_word' id='word_1_194' title='bbox 2881 1292 2941 1350; x_wconf 72' lang='grc'><strong>21</strong></span> <span class='ocrx_word' id='word_1_195' title='bbox 2981 1283 3104 1370; x_wconf 85' lang='lat' dir='ltr'>quae</span> <span class='ocrx_word' id='word_1_196' title='bbox 3123 1311 3255 1351; x_wconf 83' lang='lat' dir='ltr'>sunt</span> <span class='ocrx_word' id='word_1_197' title='bbox 3283 1281 3483 1370; x_wconf 77' lang='lat' dir='ltr'>umbra</span> 
     </span>
    </p>
   </div>
   <div class='ocr_carea' id='block_1_16' title="bbox 271 1368 3481 1463">
    <p class='ocr_par' dir='ltr' id='par_1_16' title="bbox 271 1368 3481 1463">
     <span class='ocr_line' id='line_1_16' title="bbox 271 1368 3481 1463; baseline 0.001 -26"><span class='ocrx_word' id='word_1_198' title='bbox 271 1384 567 1447; x_wconf 77' lang='lat' dir='ltr'>futurorum;</span> <span class='ocrx_word' id='word_1_199' title='bbox 599 1399 821 1453; x_wconf 86' lang='lat' dir='ltr'>corpus,</span> <span class='ocrx_word' id='word_1_200' title='bbox 857 1386 1085 1458; x_wconf 64' lang='lat' dir='ltr'>ueritas,</span> <span class='ocrx_word' id='word_1_201' title='bbox 1122 1388 1315 1436; x_wconf 86' lang='lat' dir='ltr'>autem</span> <span class='ocrx_word' id='word_1_202' title='bbox 1341 1381 1568 1446; x_wconf 70' lang='lat' dir='ltr'>Christi.</span> <span class='ocrx_word' id='word_1_203' title='bbox 1603 1368 1885 1435; x_wconf 72' lang='lat' dir='ltr'>2‘2.Nemo</span> <span class='ocrx_word' id='word_1_204' title='bbox 1910 1371 2284 1458; x_wconf 14' lang='lat' dir='ltr'>vos‘seducat,</span> <span class='ocrx_word' id='word_1_205' title='bbox 2318 1381 2407 1442; x_wconf 73' lang='lat'>‘23.</span> <span class='ocrx_word' id='word_1_206' title='bbox 2441 1380 2530 1438; x_wconf 58' lang='lat'>‘24.</span> <span class='ocrx_word' id='word_1_207' title='bbox 2566 1383 2755 1456; x_wconf 86' lang='lat' dir='ltr'>volens</span> <span class='ocrx_word' id='word_1_208' title='bbox 2778 1382 2835 1436; x_wconf 92' lang='lat' dir='ltr'>in</span> <span class='ocrx_word' id='word_1_209' title='bbox 2870 1368 3210 1463; x_wconf 73' lang='lat' dir='ltr'>humilitate,</span> <span class='ocrx_word' id='word_1_210' title='bbox 3234 1373 3383 1458; x_wconf 78' lang='lat' dir='ltr'>facta</span> 
     </span>
    </p>
   </div>
   <div class='ocr_carea' id='block_1_17' title="bbox 271 1455 3482 1550">
    <p class='ocr_par' dir='ltr' id='par_1_17' title="bbox 271 1455 3482 1550">
     <span class='ocr_line' id='line_1_17' title="bbox 271 1455 3482 1550; baseline 0 -25"><span class='ocrx_word' id='word_1_211' title='bbox 271 1490 322 1536; x_wconf 77' lang='lat' dir='ltr'>se,</span> <span class='ocrx_word' id='word_1_212' title='bbox 347 1479 393 1525; x_wconf 89' lang='lat' dir='ltr'>et</span> <span class='ocrx_word' id='word_1_213' title='bbox 415 1471 672 1542; x_wconf 81' lang='lat' dir='ltr'>religione</span> <span class='ocrx_word' id='word_1_214' title='bbox 691 1455 1044 1542; x_wconf 77' lang='lat' dir='ltr'>angelbrum,</span> <span class='ocrx_word' id='word_1_215' title='bbox 1059 1461 1139 1528; x_wconf 81' lang='lat' dir='ltr'>vel</span> <span class='ocrx_word' id='word_1_216' title='bbox 1159 1472 1524 1540; x_wconf 83' lang='lat' dir='ltr'>impendenda</span> <span class='ocrx_word' id='word_1_217' title='bbox 1550 1469 1976 1536; x_wconf 76' lang='lat' dir='ltr'>angeti&#39;s,riiccns</span> <span class='ocrx_word' id='word_1_218' title='bbox 1995 1485 2117 1539; x_wconf 80' lang='lat' dir='ltr'>quae</span> <span class='ocrx_word' id='word_1_219' title='bbox 2141 1455 2252 1524; x_wconf 86' lang='lat' dir='ltr'>non</span> <span class='ocrx_word' id='word_1_220' title='bbox 2271 1470 2406 1523; x_wconf 84' lang='lat' dir='ltr'>vidit</span> <span class='ocrx_word' id='word_1_221' title='bbox 2425 1477 2480 1524; x_wconf 89' lang='lat' dir='ltr'>et</span> <span class='ocrx_word' id='word_1_222' title='bbox 2501 1470 2797 1550; x_wconf 72' lang='lat' dir='ltr'>ambulans</span> <span class='ocrx_word' id='word_1_223' title='bbox 2825 1455 3034 1525; x_wconf 78' lang='lat' dir='ltr'>frustra</span> <span class='ocrx_word' id='word_1_224' title='bbox 3058 1455 3290 1550; x_wconf 76' lang='lat' dir='ltr'>inflatus</span> <span class='ocrx_word' id='word_1_225' title='bbox 3310 1493 3482 1550; x_wconf 72' lang='lat' dir='ltr'>sensu</span> 
     </span>
    </p>
   </div>
   <div class='ocr_carea' id='block_1_18' title="bbox 268 1545 3478 1630">
    <p class='ocr_par' dir='ltr' id='par_1_18' title="bbox 268 1545 3478 1630">
     <span class='ocr_line' id='line_1_18' title="bbox 268 1545 3478 1630; baseline -0.007 -16"><span class='ocrx_word' id='word_1_226' title='bbox 268 1561 410 1614; x_wconf 84' lang='lat' dir='ltr'>carnis</span> <span class='ocrx_word' id='word_1_227' title='bbox 433 1564 623 1625; x_wconf 67' lang='lat' dir='ltr'>suae,si</span> <span class='ocrx_word' id='word_1_228' title='bbox 651 1562 1059 1628; x_wconf 80' lang='lat' dir='ltr'>spcratsatrari</span> <span class='ocrx_word' id='word_1_229' title='bbox 1077 1576 1128 1612; x_wconf 86' lang='lat' dir='ltr'>se</span> <span class='ocrx_word' id='word_1_230' title='bbox 1148 1561 1373 1614; x_wconf 80' lang='lat' dir='ltr'>carnali</span> <span class='ocrx_word' id='word_1_231' title='bbox 1394 1562 1523 1625; x_wconf 79' lang='lat' dir='ltr'>lege,</span> <span class='ocrx_word' id='word_1_232' title='bbox 1541 1562 1588 1610; x_wconf 89' lang='lat' dir='ltr'>et</span> <span class='ocrx_word' id='word_1_233' title='bbox 1617 1573 1685 1609; x_wconf 70' lang='lat' dir='ltr'>ea:</span> <span class='ocrx_word' id='word_1_234' title='bbox 1711 1559 1806 1609; x_wconf 85' lang='lat' dir='ltr'>hoc</span> <span class='ocrx_word' id='word_1_235' title='bbox 1828 1559 2163 1625; x_wconf 71' lang='lat' dir='ltr'>inﬂatas-sit,</span> <span class='ocrx_word' id='word_1_236' title='bbox 2187 1565 2365 1614; x_wconf 79' lang='lat' dir='ltr'>etnon</span> <span class='ocrx_word' id='word_1_237' title='bbox 2389 1545 2606 1620; x_wconf 88' lang='lat' dir='ltr'>tenens,</span> <span class='ocrx_word' id='word_1_238' title='bbox 2625 1545 2812 1628; x_wconf 76' lang='lat' dir='ltr'>caput,</span> <span class='ocrx_word' id='word_1_239' title='bbox 2845 1563 2902 1614; x_wconf 71' lang='grc' dir='ltr'>ι’ίι</span> <span class='ocrx_word' id='word_1_240' title='bbox 2932 1567 3026 1626; x_wconf 52' lang='grc' dir='ltr'>ρει,</span> <span class='ocrx_word' id='word_1_241' title='bbox 3066 1545 3379 1630; x_wconf 36' lang='lat' dir='ltr'>Garmani;</span> <span class='ocrx_word' id='word_1_242' title='bbox 3408 1547 3478 1630; x_wconf 37' lang='lat' dir='ltr'>ex</span> 
     </span>
    </p>
   </div>
   <div class='ocr_carea' id='block_1_19' title="bbox 269 1645 3475 1730">
    <p class='ocr_par' dir='ltr' id='par_1_19' title="bbox 269 1645 3475 1730">
     <span class='ocr_line' id='line_1_19' title="bbox 269 1645 3475 1730; baseline 0.001 -29"><span class='ocrx_word' id='word_1_243' title='bbox 269 1665 350 1718; x_wconf 88' lang='lat' dir='ltr'>quo</span> <span class='ocrx_word' id='word_1_244' title='bbox 372 1654 528 1701; x_wconf 87' lang='lat' dir='ltr'>totum</span> <span class='ocrx_word' id='word_1_245' title='bbox 561 1648 1059 1716; x_wconf 78' lang='lat' dir='ltr'>corpus,Ecclcsia,</span> <span class='ocrx_word' id='word_1_246' title='bbox 1090 1663 1191 1718; x_wconf 88' lang='lat' dir='ltr'>per</span> <span class='ocrx_word' id='word_1_247' title='bbox 1220 1663 1394 1712; x_wconf 83' lang='lat' dir='ltr'>nexus</span> <span class='ocrx_word' id='word_1_248' title='bbox 1413 1648 1661 1712; x_wconf 76' lang='lat' dir='ltr'>ﬁdelium</span> <span class='ocrx_word' id='word_1_249' title='bbox 1690 1651 1746 1697; x_wconf 91' lang='lat' dir='ltr'>et</span> <span class='ocrx_word' id='word_1_250' title='bbox 1771 1645 2191 1727; x_wconf 75' lang='lat' dir='ltr'>coniunctiones</span> <span class='ocrx_word' id='word_1_251' title='bbox 2224 1647 2714 1726; x_wconf 85' lang='lat' dir='ltr'>subministratum</span> <span class='ocrx_word' id='word_1_252' title='bbox 2745 1654 2802 1701; x_wconf 88' lang='lat' dir='ltr'>et</span> <span class='ocrx_word' id='word_1_253' title='bbox 2832 1655 3238 1730; x_wconf 75' lang='lat' dir='ltr'>constructum,</span> <span class='ocrx_word' id='word_1_254' title='bbox 3269 1655 3475 1730; x_wconf 60' lang='lat' dir='ltr'>crescit</span> 
     </span>
    </p>
   </div>
   <div class='ocr_carea' id='block_1_20' title="bbox 266 1732 3481 1820">
    <p class='ocr_par' dir='ltr' id='par_1_20' title="bbox 266 1732 3481 1820">
     <span class='ocr_line' id='line_1_20' title="bbox 266 1732 3481 1820; baseline 0.001 -30"><span class='ocrx_word' id='word_1_255' title='bbox 266 1739 308 1798; x_wconf 85' lang='lat' dir='ltr'>in</span> <span class='ocrx_word' id='word_1_256' title='bbox 330 1744 685 1820; x_wconf 74' lang='lat' dir='ltr'>augmentum,</span> <span class='ocrx_word' id='word_1_257' title='bbox 719 1738 791 1796; x_wconf 74' lang='lat' dir='ltr'>ad</span> <span class='ocrx_word' id='word_1_258' title='bbox 820 1738 1103 1800; x_wconf 83' lang='lat' dir='ltr'>honorem,</span> <span class='ocrx_word' id='word_1_259' title='bbox 1136 1735 1261 1818; x_wconf 81' lang='lat' dir='ltr'>Dei.</span> <span class='ocrx_word' id='word_1_260' title='bbox 1300 1734 1392 1802; x_wconf 74' lang='grc'>25,</span> <span class='ocrx_word' id='word_1_261' title='bbox 1425 1732 1514 1790; x_wconf 77' lang='grc'>26.</span> <span class='ocrx_word' id='word_1_262' title='bbox 1540 1733 1599 1790; x_wconf 90' lang='lat' dir='ltr'>Si</span> <span class='ocrx_word' id='word_1_263' title='bbox 1629 1749 1761 1802; x_wconf 86' lang='lat' dir='ltr'>ergo</span> <span class='ocrx_word' id='word_1_264' title='bbox 1789 1733 1996 1788; x_wconf 83' lang='lat' dir='ltr'>mortui</span> <span class='ocrx_word' id='word_1_265' title='bbox 2023 1735 2156 1790; x_wconf 80' lang='lat' dir='ltr'>estis</span> <span class='ocrx_word' id='word_1_266' title='bbox 2183 1737 2282 1807; x_wconf 81' lang='lat' dir='ltr'>(ad</span> <span class='ocrx_word' id='word_1_267' title='bbox 2309 1738 2405 1790; x_wconf 83' lang='lat' dir='ltr'>hoc</span> <span class='ocrx_word' id='word_1_268' title='bbox 2428 1740 2572 1804; x_wconf 86' lang='lat' dir='ltr'>quod</span> <span class='ocrx_word' id='word_1_269' title='bbox 2601 1739 2745 1813; x_wconf 50' lang='lat' dir='ltr'>diuit</span> <span class='ocrx_word' id='word_1_270' title='bbox 2766 1741 3072 1807; x_wconf 75' lang='lat' dir='ltr'>consepulti</span> <span class='ocrx_word' id='word_1_271' title='bbox 3102 1742 3166 1818; x_wconf 78' lang='lat' dir='ltr'>in</span> <span class='ocrx_word' id='word_1_272' title='bbox 3195 1743 3481 1820; x_wconf 79' lang='lat' dir='ltr'>baptismo)</span> 
     </span>
    </p>
   </div>
   <div class='ocr_carea' id='block_1_21' title="bbox 1529 1849 2123 1908">
    <p class='ocr_par' dir='ltr' id='par_1_21' title="bbox 1529 1849 2123 1908">
     <span class='ocr_line' id='line_1_21' title="bbox 1529 1849 2123 1908; baseline -0.002 -2"><span class='ocrx_word' id='word_1_273' title='bbox 1529 1849 2123 1908; x_wconf 77' lang='lat' dir='ltr'>COMMENTARIUS.</span> 
     </span>
    </p>
   </div>
   <div class='ocr_carea' id='block_1_22' title="bbox 313 1937 3485 2015">
    <p class='ocr_par' dir='ltr' id='par_1_22' title="bbox 313 1937 3485 2015">
     <span class='ocr_line' id='line_1_22' title="bbox 313 1937 3485 2015; baseline 0.001 -18"><span class='ocrx_word' id='word_1_274' title='bbox 313 1939 386 1997; x_wconf 81' lang='lat' dir='ltr'>tO.</span> <span class='ocrx_word' id='word_1_275' title='bbox 409 1945 648 1998; x_wconf 72' lang='lat' dir='ltr'>Ancus&#39;r.</span> <span class='ocrx_word' id='word_1_276' title='bbox 684 1941 855 2012; x_wconf 77' lang='lat' dir='ltr'>(epist.</span> <span class='ocrx_word' id='word_1_277' title='bbox 877 1938 963 2014; x_wconf 73' lang='grc'>59,</span> <span class='ocrx_word' id='word_1_278' title='bbox 988 1941 1063 1996; x_wconf 86' lang='lat' dir='ltr'>ad</span> <span class='ocrx_word' id='word_1_279' title='bbox 1079 1943 1220 1997; x_wconf 78' lang='lat' dir='ltr'>Paul</span> <span class='ocrx_word' id='word_1_280' title='bbox 1256 1942 1316 1998; x_wconf 84' lang='lat' dir='ltr'>in</span> <span class='ocrx_word' id='word_1_281' title='bbox 1343 1944 1526 2009; x_wconf 63' lang='lat' dir='ltr'>quast.</span> <span class='ocrx_word' id='word_1_282' title='bbox 1554 1940 1587 1997; x_wconf 85' lang='lat'><strong>7</strong></span> <span class='ocrx_word' id='word_1_283' title='bbox 1639 1944 1681 1993; x_wconf 93' lang='lat' dir='ltr'>t.</span> <span class='ocrx_word' id='word_1_284' title='bbox 1716 1937 2086 2003; x_wconf 75' lang='lat' dir='ltr'>ll.)Afestos,</span> <span class='ocrx_word' id='word_1_285' title='bbox 2123 1955 2246 2009; x_wconf 69' lang='lat' dir='ltr'>quae</span> <span class='ocrx_word' id='word_1_286' title='bbox 2275 1945 2439 2000; x_wconf 83' lang='lat' dir='ltr'>erant</span> <span class='ocrx_word' id='word_1_287' title='bbox 2460 1939 2660 1998; x_wconf 66' lang='lat' dir='ltr'>umbra</span> <span class='ocrx_word' id='word_1_288' title='bbox 2691 1947 2936 1999; x_wconf 65' lang='lat' dir='ltr'>venturae</span> <span class='ocrx_word' id='word_1_289' title='bbox 2965 1941 3276 2010; x_wconf 75' lang='lat' dir='ltr'>felicitatis;</span> <span class='ocrx_word' id='word_1_290' title='bbox 3316 1944 3485 2015; x_wconf 80' lang='lat' dir='ltr'>spiri-</span> 
     </span>
    </p>
   </div>
   <div class='ocr_carea' id='block_1_23' title="bbox 264 2027 3484 2104">
    <p class='ocr_par' dir='ltr' id='par_1_23' title="bbox 264 2027 3484 2104">
     <span class='ocr_line' id='line_1_23' title="bbox 264 2027 3484 2104; baseline 0.001 -19"><span class='ocrx_word' id='word_1_291' title='bbox 264 2031 310 2085; x_wconf 68' lang='grc' dir='ltr'>ΕΙ</span> <span class='ocrx_word' id='word_1_292' title='bbox 330 2035 566 2098; x_wconf 64' lang='grc' dir='ltr'>ρτεριιιὶο</span> <span class='ocrx_word' id='word_1_293' title='bbox 598 2035 822 2087; x_wconf 82' lang='lat' dir='ltr'>carnis;</span> <span class='ocrx_word' id='word_1_294' title='bbox 845 2029 1187 2100; x_wconf 82' lang='lat' dir='ltr'>Praeputium</span> <span class='ocrx_word' id='word_1_295' title='bbox 1217 2034 1394 2090; x_wconf 84' lang='lat' dir='ltr'>vocat,</span> <span class='ocrx_word' id='word_1_296' title='bbox 1426 2027 1574 2097; x_wconf 86' lang='lat' dir='ltr'>quod</span> <span class='ocrx_word' id='word_1_297' title='bbox 1597 2027 1809 2096; x_wconf 78' lang='lat' dir='ltr'>signiﬁ-</span> <span class='ocrx_word' id='word_1_298' title='bbox 1889 2027 2058 2084; x_wconf 81' lang='lat' dir='ltr'>tualis</span> <span class='ocrx_word' id='word_1_299' title='bbox 2103 2028 2196 2096; x_wconf 82' lang='lat' dir='ltr'>[f.,</span> <span class='ocrx_word' id='word_1_300' title='bbox 2235 2028 2630 2101; x_wconf 83' lang='lat' dir='ltr'>spiritualiter]</span> <span class='ocrx_word' id='word_1_301' title='bbox 2666 2036 2857 2085; x_wconf 87' lang='lat' dir='ltr'>autem</span> <span class='ocrx_word' id='word_1_302' title='bbox 2907 2031 3249 2099; x_wconf 80' lang='lat' dir='ltr'>intellectus,</span> <span class='ocrx_word' id='word_1_303' title='bbox 3278 2033 3484 2104; x_wconf 71' lang='lat' dir='ltr'>veritas</span> 
     </span>
    </p>
   </div>
   <div class='ocr_carea' id='block_1_24' title="bbox 257 2116 2177 2190">
    <p class='ocr_par' dir='ltr' id='par_1_24' title="bbox 257 2116 2177 2190">
     <span class='ocr_line' id='line_1_24' title="bbox 257 2116 2177 2190; baseline -0.001 -15"><span class='ocrx_word' id='word_1_304' title='bbox 257 2125 384 2183; x_wconf 73' lang='lat' dir='ltr'>catm-</span> <span class='ocrx_word' id='word_1_305' title='bbox 406 2119 670 2190; x_wconf 80' lang='lat' dir='ltr'>praepntio</span> <span class='ocrx_word' id='word_1_306' title='bbox 698 2119 807 2174; x_wconf 85' lang='lat' dir='ltr'>hoc</span> <span class='ocrx_word' id='word_1_307' title='bbox 829 2125 917 2175; x_wconf 85' lang='lat' dir='ltr'>est</span> <span class='ocrx_word' id='word_1_308' title='bbox 942 2118 1151 2174; x_wconf 83' lang='lat' dir='ltr'>delicta</span> <span class='ocrx_word' id='word_1_309' title='bbox 1178 2116 1446 2180; x_wconf 72' lang='lat' dir='ltr'>carnalia,</span> <span class='ocrx_word' id='word_1_310' title='bbox 1475 2116 1680 2186; x_wconf 82' lang='lat' dir='ltr'>quibus</span> <span class='ocrx_word' id='word_1_311' title='bbox 1717 2132 1806 2174; x_wconf 65' lang='grc' dir='ltr'>οι·</span> <span class='ocrx_word' id='word_1_312' title='bbox 1888 2121 1946 2172; x_wconf 87' lang='lat' dir='ltr'>et</span> <span class='ocrx_word' id='word_1_313' title='bbox 1975 2132 2177 2186; x_wconf 86' lang='lat' dir='ltr'>corpus</span> 
     </span>
    </p>
   </div>
   <div class='ocr_carea' id='block_1_25' title="bbox 257 2204 3484 2280">
    <p class='ocr_par' dir='ltr' id='par_1_25' title="bbox 257 2204 3484 2280">
     <span class='ocr_line' id='line_1_25' title="bbox 257 2204 3484 2280; baseline 0.002 -18"><span class='ocrx_word' id='word_1_314' title='bbox 257 2207 455 2277; x_wconf 75' lang='lat' dir='ltr'>poliendi</span> <span class='ocrx_word' id='word_1_315' title='bbox 477 2225 692 2276; x_wconf 81' lang='lat' dir='ltr'>sumus.</span> <span class='ocrx_word' id='word_1_316' title='bbox 1959 2204 2048 2275; x_wconf 68' lang='lat'>19.</span> <span class='ocrx_word' id='word_1_317' title='bbox 2079 2206 2324 2262; x_wconf 71' lang='lat' dir='ltr'>Anausrr.</span> <span class='ocrx_word' id='word_1_318' title='bbox 2355 2207 2476 2275; x_wconf 87' lang='lat' dir='ltr'>(0r.</span> <span class='ocrx_word' id='word_1_319' title='bbox 2515 2209 2728 2263; x_wconf 75' lang='lat' dir='ltr'>advers.</span> <span class='ocrx_word' id='word_1_320' title='bbox 2768 2210 3000 2265; x_wconf 51' lang='lat' dir='ltr'>Judieos.</span> <span class='ocrx_word' id='word_1_321' title='bbox 3031 2225 3080 2264; x_wconf 92' lang='lat' dir='ltr'>c.</span> <span class='ocrx_word' id='word_1_322' title='bbox 3118 2207 3165 2276; x_wconf 82' lang='lat'>1,</span> <span class='ocrx_word' id='word_1_323' title='bbox 3193 2214 3331 2267; x_wconf 89' lang='lat' dir='ltr'>tom.</span> <span class='ocrx_word' id='word_1_324' title='bbox 3362 2211 3484 2280; x_wconf 84' lang='lat' dir='ltr'>VI.)</span> 
     </span>
    </p>
   </div>
   <div class='ocr_carea' id='block_1_26' title="bbox 309 2292 3484 2368">
    <p class='ocr_par' dir='ltr' id='par_1_26' title="bbox 309 2292 3484 2368">
     <span class='ocr_line' id='line_1_26' title="bbox 309 2292 3484 2368; baseline 0.001 -15"><span class='ocrx_word' id='word_1_325' title='bbox 309 2295 378 2358; x_wconf 66' lang='lat' dir='ltr'>li.</span> <span class='ocrx_word' id='word_1_326' title='bbox 401 2299 648 2367; x_wconf 70' lang='lat' dir='ltr'>Anpaos.</span> <span class='ocrx_word' id='word_1_327' title='bbox 676 2299 869 2352; x_wconf 74' lang='lat' dir='ltr'>Dolens</span> <span class='ocrx_word' id='word_1_328' title='bbox 897 2298 1040 2367; x_wconf 83' lang='lat' dir='ltr'>quod</span> <span class='ocrx_word' id='word_1_329' title='bbox 1057 2299 1351 2363; x_wconf 80' lang='lat' dir='ltr'>adversum</span> <span class='ocrx_word' id='word_1_330' title='bbox 1369 2311 1485 2350; x_wconf 85' lang='lat' dir='ltr'>nos.</span> <span class='ocrx_word' id='word_1_331' title='bbox 1506 2293 1803 2363; x_wconf 78' lang='lat' dir='ltr'>Chirogra-</span> <span class='ocrx_word' id='word_1_332' title='bbox 1883 2294 1994 2352; x_wconf 75' lang='lat' dir='ltr'>Aut</span> <span class='ocrx_word' id='word_1_333' title='bbox 2025 2292 2408 2352; x_wconf 82' lang='lat' dir='ltr'>Sabbatorum.</span> <span class='ocrx_word' id='word_1_334' title='bbox 2444 2296 2511 2350; x_wconf 89' lang='lat' dir='ltr'>In</span> <span class='ocrx_word' id='word_1_335' title='bbox 2552 2296 2650 2353; x_wconf 85' lang='lat' dir='ltr'>illo</span> <span class='ocrx_word' id='word_1_336' title='bbox 2693 2297 2945 2367; x_wconf 82' lang='lat' dir='ltr'>requiem</span> <span class='ocrx_word' id='word_1_337' title='bbox 2973 2315 3101 2356; x_wconf 83' lang='lat' dir='ltr'>cum</span> <span class='ocrx_word' id='word_1_338' title='bbox 3148 2299 3484 2368; x_wconf 78' lang='lat' dir='ltr'>invenimus,</span> 
     </span>
    </p>
   </div>
   <div class='ocr_carea' id='block_1_27' title="bbox 253 2381 3488 2458">
    <p class='ocr_par' dir='ltr' id='par_1_27' title="bbox 253 2381 3488 2458">
     <span class='ocr_line' id='line_1_27' title="bbox 253 2381 3488 2458; baseline 0.001 -17"><span class='ocrx_word' id='word_1_339' title='bbox 253 2385 390 2455; x_wconf 80' lang='lat' dir='ltr'>phum</span> <span class='ocrx_word' id='word_1_340' title='bbox 416 2387 708 2442; x_wconf 83' lang='lat' dir='ltr'>adversum</span> <span class='ocrx_word' id='word_1_341' title='bbox 739 2403 841 2442; x_wconf 88' lang='lat' dir='ltr'>nos</span> <span class='ocrx_word' id='word_1_342' title='bbox 860 2386 1042 2456; x_wconf 83' lang='lat' dir='ltr'>legem</span> <span class='ocrx_word' id='word_1_343' title='bbox 1066 2391 1224 2456; x_wconf 79' lang='lat' dir='ltr'>vocat</span> <span class='ocrx_word' id='word_1_344' title='bbox 1251 2401 1318 2440; x_wconf 91' lang='lat' dir='ltr'>eo</span> <span class='ocrx_word' id='word_1_345' title='bbox 1350 2384 1500 2454; x_wconf 87' lang='lat' dir='ltr'>quod</span> <span class='ocrx_word' id='word_1_346' title='bbox 1529 2389 1653 2443; x_wconf 77' lang='lat' dir='ltr'>erat</span> <span class='ocrx_word' id='word_1_347' title='bbox 1671 2399 1801 2443; x_wconf 84' lang='lat' dir='ltr'>con-</span> <span class='ocrx_word' id='word_1_348' title='bbox 1884 2397 2016 2458; x_wconf 74' lang='lat' dir='ltr'>vere</span> <span class='ocrx_word' id='word_1_349' title='bbox 2058 2381 2490 2445; x_wconf 82' lang='lat' dir='ltr'>sabbatizamus,</span> <span class='ocrx_word' id='word_1_350' title='bbox 2526 2390 2583 2439; x_wconf 82' lang='lat' dir='ltr'>et</span> <span class='ocrx_word' id='word_1_351' title='bbox 2633 2401 2788 2443; x_wconf 79' lang='lat' dir='ltr'>novae</span> <span class='ocrx_word' id='word_1_352' title='bbox 2817 2386 2963 2444; x_wconf 81' lang='lat' dir='ltr'>lunae</span> <span class='ocrx_word' id='word_1_353' title='bbox 2994 2386 3327 2454; x_wconf 65' lang='lat' dir='ltr'>observatio,</span> <span class='ocrx_word' id='word_1_354' title='bbox 3361 2389 3488 2447; x_wconf 65' lang='lat' dir='ltr'>vitae</span> 
     </span>
    </p>
   </div>
   <div class='ocr_carea' id='block_1_28' title="bbox 252 2472 3489 2545">
    <p class='ocr_par' dir='ltr' id='par_1_28' title="bbox 252 2472 3489 2545">
     <span class='ocr_line' id='line_1_28' title="bbox 252 2472 3489 2545; baseline 0.002 -18"><span class='ocrx_word' id='word_1_355' title='bbox 252 2474 390 2529; x_wconf 69' lang='lat' dir='ltr'>traria</span> <span class='ocrx_word' id='word_1_356' title='bbox 411 2475 558 2532; x_wconf 84' lang='lat' dir='ltr'>nobis</span> <span class='ocrx_word' id='word_1_357' title='bbox 585 2477 691 2531; x_wconf 84' lang='lat' dir='ltr'>hoc</span> <span class='ocrx_word' id='word_1_358' title='bbox 717 2482 804 2531; x_wconf 89' lang='lat' dir='ltr'>est</span> <span class='ocrx_word' id='word_1_359' title='bbox 826 2491 942 2531; x_wconf 90' lang='lat' dir='ltr'>non</span> <span class='ocrx_word' id='word_1_360' title='bbox 963 2475 1292 2545; x_wconf 79' lang='lat' dir='ltr'>permittens</span> <span class='ocrx_word' id='word_1_361' title='bbox 1317 2472 1538 2543; x_wconf 82' lang='lat' dir='ltr'>assequi</span> <span class='ocrx_word' id='word_1_362' title='bbox 1569 2479 1798 2542; x_wconf 81' lang='lat' dir='ltr'>propter</span> <span class='ocrx_word' id='word_1_363' title='bbox 1888 2486 2042 2530; x_wconf 84' lang='lat' dir='ltr'>novae</span> <span class='ocrx_word' id='word_1_364' title='bbox 2061 2472 2430 2531; x_wconf 81' lang='lat' dir='ltr'>sanctiﬁcatio</span> <span class='ocrx_word' id='word_1_365' title='bbox 2449 2477 2553 2532; x_wconf 88' lang='lat' dir='ltr'>est.</span> <span class='ocrx_word' id='word_1_366' title='bbox 2568 2479 2627 2528; x_wconf 85' lang='lat' dir='ltr'>et</span> <span class='ocrx_word' id='word_1_367' title='bbox 2650 2474 2865 2532; x_wconf 74' lang='lat' dir='ltr'>Pascha</span> <span class='ocrx_word' id='word_1_368' title='bbox 2879 2481 3136 2533; x_wconf 83' lang='lat' dir='ltr'>nostrum</span> <span class='ocrx_word' id='word_1_369' title='bbox 3161 2475 3489 2535; x_wconf 83' lang='lat' dir='ltr'>immolatus</span> 
     </span>
    </p>
   </div>
   <div class='ocr_carea' id='block_1_29' title="bbox 251 2558 3488 2634">
    <p class='ocr_par' dir='ltr' id='par_1_29' title="bbox 251 2558 3488 2634">
     <span class='ocr_line' id='line_1_29' title="bbox 251 2558 3488 2634; baseline 0.002 -20"><span class='ocrx_word' id='word_1_370' title='bbox 251 2578 378 2615; x_wconf 84' lang='lat' dir='ltr'>suam</span> <span class='ocrx_word' id='word_1_371' title='bbox 410 2564 916 2634; x_wconf 89' lang='lat' dir='ltr'>scrupulositatem.</span> <span class='ocrx_word' id='word_1_372' title='bbox 950 2564 1107 2616; x_wconf 85' lang='lat' dir='ltr'>Hanc</span> <span class='ocrx_word' id='word_1_373' title='bbox 1155 2562 1360 2616; x_wconf 87' lang='lat' dir='ltr'>delevit</span> <span class='ocrx_word' id='word_1_374' title='bbox 1398 2561 1807 2630; x_wconf 74' lang='lat' dir='ltr'>resurrectione</span> <span class='ocrx_word' id='word_1_375' title='bbox 1889 2565 1975 2618; x_wconf 85' lang='lat' dir='ltr'>est</span> <span class='ocrx_word' id='word_1_376' title='bbox 1991 2558 2264 2624; x_wconf 79' lang='lat' dir='ltr'>Christus,</span> <span class='ocrx_word' id='word_1_377' title='bbox 2298 2567 2355 2614; x_wconf 91' lang='lat' dir='ltr'>et</span> <span class='ocrx_word' id='word_1_378' title='bbox 2385 2578 2643 2629; x_wconf 79' lang='lat' dir='ltr'>azymum</span> <span class='ocrx_word' id='word_1_379' title='bbox 2677 2569 2932 2616; x_wconf 85' lang='lat' dir='ltr'>nostrum</span> <span class='ocrx_word' id='word_1_380' title='bbox 2966 2563 3261 2618; x_wconf 89' lang='lat' dir='ltr'>sinceritas</span> <span class='ocrx_word' id='word_1_381' title='bbox 3281 2567 3488 2619; x_wconf 87' lang='lat' dir='ltr'>verita-</span> 
     </span>
    </p>
   </div>
   <div class='ocr_carea' id='block_1_30' title="bbox 254 2648 3485 2730">
    <p class='ocr_par' dir='ltr' id='par_1_30' title="bbox 254 2648 3485 2730">
     <span class='ocr_line' id='line_1_30' title="bbox 254 2648 3485 2730; baseline 0.003 -31"><span class='ocrx_word' id='word_1_382' title='bbox 254 2655 296 2702; x_wconf 79' lang='lat' dir='ltr'>et</span> <span class='ocrx_word' id='word_1_383' title='bbox 315 2651 735 2727; x_wconf 61' lang='lat' dir='ltr'>immortalitate.</span> <span class='ocrx_word' id='word_1_384' title='bbox 1890 2648 1983 2710; x_wconf 83' lang='lat' dir='ltr'>tis,</span> <span class='ocrx_word' id='word_1_385' title='bbox 2007 2649 2343 2729; x_wconf 82' lang='lat' dir='ltr'>fermentum</span> <span class='ocrx_word' id='word_1_386' title='bbox 2369 2651 2619 2730; x_wconf 80' lang='lat' dir='ltr'>veritatis</span> <span class='ocrx_word' id='word_1_387' title='bbox 2641 2649 2724 2722; x_wconf 87' lang='lat' dir='ltr'>[at</span> <span class='ocrx_word' id='word_1_388' title='bbox 2756 2668 2888 2717; x_wconf 92' lang='lat' dir='ltr'>,non</span> <span class='ocrx_word' id='word_1_389' title='bbox 2914 2651 3124 2706; x_wconf 81' lang='lat' dir='ltr'>habens</span> <span class='ocrx_word' id='word_1_390' title='bbox 3141 2654 3485 2728; x_wconf 86' lang='lat' dir='ltr'>vetustatis];</span> 
     </span>
    </p>
   </div>
   <div class='ocr_carea' id='block_1_31' title="bbox 306 2737 3489 2816">
    <p class='ocr_par' dir='ltr' id='par_1_31' title="bbox 306 2737 3489 2816">
     <span class='ocr_line' id='line_1_31' title="bbox 306 2737 3489 2816; baseline 0.001 -22"><span class='ocrx_word' id='word_1_391' title='bbox 306 2739 376 2795; x_wconf 77' lang='lat'>1‘2.</span> <span class='ocrx_word' id='word_1_392' title='bbox 407 2741 607 2796; x_wconf 61' lang='lat' dir='ltr'>Lucra.</span> <span class='ocrx_word' id='word_1_393' title='bbox 645 2744 855 2796; x_wconf 82' lang='lat' dir='ltr'>Decreti</span> <span class='ocrx_word' id='word_1_394' title='bbox 912 2741 1210 2795; x_wconf 89' lang='lat' dir='ltr'>Decretum</span> <span class='ocrx_word' id='word_1_395' title='bbox 1251 2740 1351 2793; x_wconf 90' lang='lat' dir='ltr'>Dei</span> <span class='ocrx_word' id='word_1_396' title='bbox 1377 2739 1522 2816; x_wconf 66' lang='lat' dir='ltr'>iuit,</span> <span class='ocrx_word' id='word_1_397' title='bbox 1559 2741 1623 2816; x_wconf 86' lang='lat' dir='ltr'>de</span> <span class='ocrx_word' id='word_1_398' title='bbox 1656 2741 1806 2806; x_wconf 83' lang='lat' dir='ltr'>tigno</span> <span class='ocrx_word' id='word_1_399' title='bbox 1890 2741 1948 2791; x_wconf 88' lang='lat' dir='ltr'>et</span> <span class='ocrx_word' id='word_1_400' title='bbox 1975 2737 2022 2791; x_wconf 88' lang='lat' dir='ltr'>si</span> <span class='ocrx_word' id='word_1_401' title='bbox 2060 2755 2172 2808; x_wconf 88' lang='lat' dir='ltr'>qua</span> <span class='ocrx_word' id='word_1_402' title='bbox 2197 2739 2309 2791; x_wconf 87' lang='lat' dir='ltr'>alia</span> <span class='ocrx_word' id='word_1_403' title='bbox 2337 2746 2489 2799; x_wconf 89' lang='lat' dir='ltr'>sunt.</span> <span class='ocrx_word' id='word_1_404' title='bbox 2542 2740 2598 2792; x_wconf 87' lang='lat' dir='ltr'>in</span> <span class='ocrx_word' id='word_1_405' title='bbox 2631 2740 2834 2805; x_wconf 87' lang='lat' dir='ltr'>quibus</span> <span class='ocrx_word' id='word_1_406' title='bbox 2861 2757 3010 2796; x_wconf 88' lang='lat' dir='ltr'>nunc</span> <span class='ocrx_word' id='word_1_407' title='bbox 3057 2742 3345 2796; x_wconf 72' lang='lat' dir='ltr'>immorari</span> <span class='ocrx_word' id='word_1_408' title='bbox 3375 2755 3489 2799; x_wconf 86' lang='lat' dir='ltr'>non</span> 
     </span>
    </p>
   </div>
   <div class='ocr_carea' id='block_1_32' title="bbox 251 2813 3486 2902">
    <p class='ocr_par' dir='ltr' id='par_1_32' title="bbox 251 2813 3486 2902">
     <span class='ocr_line' id='line_1_32' title="bbox 251 2813 3486 2902; baseline 0.002 -21"><span class='ocrx_word' id='word_1_409' title='bbox 251 2830 363 2895; x_wconf 79' lang='lat' dir='ltr'>quod</span> <span class='ocrx_word' id='word_1_410' title='bbox 385 2835 452 2882; x_wconf 78' lang='lat' dir='ltr'>est</span> <span class='ocrx_word' id='word_1_411' title='bbox 481 2834 540 2884; x_wconf 87' lang='lat' dir='ltr'>in</span> <span class='ocrx_word' id='word_1_412' title='bbox 569 2816 750 2884; x_wconf 84' lang='lat' dir='ltr'>medio</span> <span class='ocrx_word' id='word_1_413' title='bbox 779 2831 1054 2899; x_wconf 83' lang='lat' dir='ltr'>paradisi,</span> <span class='ocrx_word' id='word_1_414' title='bbox 1089 2846 1154 2882; x_wconf 85' lang='lat' dir='ltr'>ne</span> <span class='ocrx_word' id='word_1_415' title='bbox 1184 2813 1452 2884; x_wconf 80' lang='lat' dir='ltr'>comedas.</span> <span class='ocrx_word' id='word_1_416' title='bbox 1494 2814 1672 2897; x_wconf 81' lang='lat' dir='ltr'>Hujus</span> <span class='ocrx_word' id='word_1_417' title='bbox 1706 2827 1807 2880; x_wconf 86' lang='lat' dir='ltr'>de—</span> <span class='ocrx_word' id='word_1_418' title='bbox 1891 2843 2030 2897; x_wconf 86' lang='lat' dir='ltr'>Opus</span> <span class='ocrx_word' id='word_1_419' title='bbox 2051 2833 2155 2887; x_wconf 90' lang='lat' dir='ltr'>est,</span> <span class='ocrx_word' id='word_1_420' title='bbox 2191 2843 2313 2898; x_wconf 84' lang='lat' dir='ltr'>quae</span> <span class='ocrx_word' id='word_1_421' title='bbox 2347 2828 2454 2881; x_wconf 89' lang='lat' dir='ltr'>illis</span> <span class='ocrx_word' id='word_1_422' title='bbox 2477 2829 2754 2882; x_wconf 83' lang='lat' dir='ltr'>veteribus</span> <span class='ocrx_word' id='word_1_423' title='bbox 2773 2830 3109 2884; x_wconf 84' lang='lat' dir='ltr'>adumbrata</span> <span class='ocrx_word' id='word_1_424' title='bbox 3132 2839 3263 2885; x_wconf 91' lang='lat' dir='ltr'>sunt</span> <span class='ocrx_word' id='word_1_425' title='bbox 3290 2832 3486 2902; x_wconf 79' lang='lat' dir='ltr'>signis,</span> 
     </span>
    </p>
   </div>
   <div class='ocr_carea' id='block_1_33' title="bbox 249 2903 3376 2988">
    <p class='ocr_par' dir='ltr' id='par_1_33' title="bbox 249 2903 3376 2988">
     <span class='ocr_line' id='line_1_33' title="bbox 249 2903 3376 2988; baseline 0.002 -21"><span class='ocrx_word' id='word_1_426' title='bbox 249 2917 359 2970; x_wconf 84' lang='lat' dir='ltr'>creti</span> <span class='ocrx_word' id='word_1_427' title='bbox 380 2918 553 2971; x_wconf 83' lang='lat' dir='ltr'>violati</span> <span class='ocrx_word' id='word_1_428' title='bbox 587 2918 1025 2988; x_wconf 84' lang='lat' dir='ltr'>chirographum</span> <span class='ocrx_word' id='word_1_429' title='bbox 1055 2919 1134 2982; x_wconf 89' lang='lat' dir='ltr'>(id</span> <span class='ocrx_word' id='word_1_430' title='bbox 1164 2922 1258 2982; x_wconf 88' lang='lat' dir='ltr'>est,</span> <span class='ocrx_word' id='word_1_431' title='bbox 1284 2917 1578 2985; x_wconf 85' lang='lat' dir='ltr'>memoria)</span> <span class='ocrx_word' id='word_1_432' title='bbox 1605 2915 1808 2970; x_wconf 87' lang='lat' dir='ltr'>delevit</span> <span class='ocrx_word' id='word_1_433' title='bbox 1890 2915 1950 2969; x_wconf 83' lang='lat' dir='ltr'>in</span> <span class='ocrx_word' id='word_1_434' title='bbox 1979 2916 2086 2969; x_wconf 90' lang='lat' dir='ltr'>isto</span> <span class='ocrx_word' id='word_1_435' title='bbox 2109 2903 2318 2970; x_wconf 78' lang='lat' dir='ltr'>habent</span> <span class='ocrx_word' id='word_1_436' title='bbox 2346 2917 2538 2979; x_wconf 72' lang='lat' dir='ltr'>ﬁnem,</span> <span class='ocrx_word' id='word_1_437' title='bbox 2573 2917 2734 2986; x_wconf 81' lang='lat' dir='ltr'>cujus</span> <span class='ocrx_word' id='word_1_438' title='bbox 2764 2918 2924 2988; x_wconf 80' lang='lat' dir='ltr'>regni</span> <span class='ocrx_word' id='word_1_439' title='bbox 2955 2935 3066 2972; x_wconf 88' lang='lat' dir='ltr'>non</span> <span class='ocrx_word' id='word_1_440' title='bbox 3097 2907 3204 2973; x_wconf 88' lang='lat' dir='ltr'>erit</span> <span class='ocrx_word' id='word_1_441' title='bbox 3231 2909 3376 2974; x_wconf 77' lang='lat' dir='ltr'>finis.</span> 
     </span>
    </p>
   </div>
   <div class='ocr_carea' id='block_1_34' title="bbox 251 3002 3485 3081">
    <p class='ocr_par' dir='ltr' id='par_1_34' title="bbox 251 3002 3485 3081">
     <span class='ocr_line' id='line_1_34' title="bbox 251 3002 3485 3081; baseline 0.002 -24"><span class='ocrx_word' id='word_1_442' title='bbox 251 3004 386 3068; x_wconf 82' lang='lat' dir='ltr'>Deus,</span> <span class='ocrx_word' id='word_1_443' title='bbox 415 3007 636 3076; x_wconf 86' lang='lat' dir='ltr'>quando</span> <span class='ocrx_word' id='word_1_444' title='bbox 666 3015 955 3078; x_wconf 87' lang='lat' dir='ltr'>peccatum</span> <span class='ocrx_word' id='word_1_445' title='bbox 979 3006 1144 3077; x_wconf 89' lang='lat' dir='ltr'>primi</span> <span class='ocrx_word' id='word_1_446' title='bbox 1176 3004 1691 3076; x_wconf 76' lang='lat' dir='ltr'>parentis&#39;humano</span> <span class='ocrx_word' id='word_1_447' title='bbox 1707 3022 1809 3075; x_wconf 86' lang='lat' dir='ltr'>ge-</span> <span class='ocrx_word' id='word_1_448' title='bbox 1962 3002 2051 3059; x_wconf 79' lang='lat'>‘20.</span> <span class='ocrx_word' id='word_1_449' title='bbox 2086 3004 2289 3058; x_wconf 62' lang='lat' dir='ltr'>Lmen.</span> <span class='ocrx_word' id='word_1_450' title='bbox 2343 3007 2451 3058; x_wconf 82' lang='lat' dir='ltr'>Aut</span> <span class='ocrx_word' id='word_1_451' title='bbox 2500 3005 2888 3060; x_wconf 85' lang='lat' dir='ltr'>Sabbatorum.</span> <span class='ocrx_word' id='word_1_452' title='bbox 2927 3007 3060 3061; x_wconf 84' lang='lat' dir='ltr'>Dies</span> <span class='ocrx_word' id='word_1_453' title='bbox 3089 3007 3235 3073; x_wconf 80' lang='lat' dir='ltr'>festi,</span> <span class='ocrx_word' id='word_1_454' title='bbox 3276 3009 3485 3081; x_wconf 85' lang='lat' dir='ltr'>inquit,</span> 
     </span>
    </p>
   </div>
   <div class='ocr_carea' id='block_1_35' title="bbox 249 3093 3489 3167">
    <p class='ocr_par' dir='ltr' id='par_1_35' title="bbox 249 3093 3489 3167">
     <span class='ocr_line' id='line_1_35' title="bbox 249 3093 3489 3167; baseline 0.002 -22"><span class='ocrx_word' id='word_1_455' title='bbox 249 3094 360 3160; x_wconf 88' lang='lat' dir='ltr'>neri,</span> <span class='ocrx_word' id='word_1_456' title='bbox 400 3113 494 3166; x_wconf 88' lang='lat' dir='ltr'>per</span> <span class='ocrx_word' id='word_1_457' title='bbox 525 3097 697 3150; x_wconf 85' lang='lat' dir='ltr'>ﬁdem</span> <span class='ocrx_word' id='word_1_458' title='bbox 726 3096 1020 3167; x_wconf 84' lang='lat' dir='ltr'>sanguinis</span> <span class='ocrx_word' id='word_1_459' title='bbox 1056 3095 1263 3148; x_wconf 73' lang='lat' dir='ltr'>Christi</span> <span class='ocrx_word' id='word_1_460' title='bbox 1296 3094 1508 3148; x_wconf 86' lang='lat' dir='ltr'>dimisit</span> <span class='ocrx_word' id='word_1_461' title='bbox 1547 3100 1604 3148; x_wconf 90' lang='lat' dir='ltr'>et</span> <span class='ocrx_word' id='word_1_462' title='bbox 1633 3095 1809 3166; x_wconf 90' lang='lat' dir='ltr'>ipsius</span> <span class='ocrx_word' id='word_1_463' title='bbox 1893 3093 2204 3147; x_wconf 71' lang='lat' dir='ltr'>neomeniee</span> <span class='ocrx_word' id='word_1_464' title='bbox 2233 3098 2291 3146; x_wconf 90' lang='lat' dir='ltr'>et</span> <span class='ocrx_word' id='word_1_465' title='bbox 2331 3093 2575 3148; x_wconf 85' lang='lat' dir='ltr'>Sabbata</span> <span class='ocrx_word' id='word_1_466' title='bbox 2614 3094 3009 3165; x_wconf 76' lang='lat' dir='ltr'>significabant</span> <span class='ocrx_word' id='word_1_467' title='bbox 3061 3097 3269 3163; x_wconf 81' lang='lat' dir='ltr'>futura,</span> <span class='ocrx_word' id='word_1_468' title='bbox 3332 3103 3386 3152; x_wconf 85' lang='lat' dir='ltr'>et</span> <span class='ocrx_word' id='word_1_469' title='bbox 3428 3115 3489 3153; x_wconf 77' lang='lat' dir='ltr'>in</span> 
     </span>
    </p>
   </div>
   <div class='ocr_carea' id='block_1_36' title="bbox 249 3170 3488 3268">
    <p class='ocr_par' dir='ltr' id='par_1_36' title="bbox 249 3170 3488 3268">
     <span class='ocr_line' id='line_1_36' title="bbox 249 3170 3488 3268; baseline 0.001 -32"><span class='ocrx_word' id='word_1_470' title='bbox 249 3185 682 3261; x_wconf 68' lang='lat' dir='ltr'>prevaricationis</span> <span class='ocrx_word' id='word_1_471' title='bbox 711 3192 1000 3255; x_wconf 85' lang='lat' dir='ltr'>peccatum</span> <span class='ocrx_word' id='word_1_472' title='bbox 1029 3186 1078 3237; x_wconf 72' lang='grc' dir='ltr'>οε</span> <span class='ocrx_word' id='word_1_473' title='bbox 1104 3183 1289 3262; x_wconf 81' lang='lat' dir='ltr'>livioni</span> <span class='ocrx_word' id='word_1_474' title='bbox 1312 3183 1564 3236; x_wconf 85' lang='lat' dir='ltr'>tradidit.</span> <span class='ocrx_word' id='word_1_475' title='bbox 1832 3175 1878 3233; x_wconf 92' lang='lat' dir='ltr'><strong>B</strong></span> <span class='ocrx_word' id='word_1_476' title='bbox 1893 3181 2016 3250; x_wconf 86' lang='lat' dir='ltr'>ipsa</span> <span class='ocrx_word' id='word_1_477' title='bbox 2027 3181 2438 3250; x_wconf 79' lang='lat' dir='ltr'>signiﬁcatione</span> <span class='ocrx_word' id='word_1_478' title='bbox 2458 3188 2621 3235; x_wconf 85' lang='lat' dir='ltr'>erant</span> <span class='ocrx_word' id='word_1_479' title='bbox 2638 3170 2840 3263; x_wconf 87' lang='lat' dir='ltr'>corpus</span> <span class='ocrx_word' id='word_1_480' title='bbox 2866 3183 3096 3248; x_wconf 85' lang='lat' dir='ltr'>Christi,</span> <span class='ocrx_word' id='word_1_481' title='bbox 3115 3184 3169 3238; x_wconf 89' lang='lat' dir='ltr'>id</span> <span class='ocrx_word' id='word_1_482' title='bbox 3187 3190 3291 3248; x_wconf 86' lang='lat' dir='ltr'>est,</span> <span class='ocrx_word' id='word_1_483' title='bbox 3312 3186 3488 3268; x_wconf 83' lang='lat' dir='ltr'>signi-</span> 
     </span>
    </p>
   </div>
   <div class='ocr_carea' id='block_1_37' title="bbox 304 3259 3479 3345">
    <p class='ocr_par' dir='ltr' id='par_1_37' title="bbox 304 3259 3479 3345">
     <span class='ocr_line' id='line_1_37' title="bbox 304 3259 3479 3345; baseline 0.002 -22"><span class='ocrx_word' id='word_1_484' title='bbox 304 3271 376 3325; x_wconf 83' lang='grc'>13.</span> <span class='ocrx_word' id='word_1_485' title='bbox 414 3259 756 3343; x_wconf 73' lang='lat' dir='ltr'>Erspotians.</span> <span class='ocrx_word' id='word_1_486' title='bbox 801 3273 1070 3344; x_wconf 86' lang='lat' dir='ltr'>Spoliavit</span> <span class='ocrx_word' id='word_1_487' title='bbox 1094 3260 1351 3327; x_wconf 89' lang='lat' dir='ltr'>Christus</span> <span class='ocrx_word' id='word_1_488' title='bbox 1379 3272 1682 3325; x_wconf 84' lang='lat' dir='ltr'>infernales</span> <span class='ocrx_word' id='word_1_489' title='bbox 1712 3287 1813 3342; x_wconf 85' lang='lat' dir='ltr'>po—</span> <span class='ocrx_word' id='word_1_490' title='bbox 1897 3269 2140 3323; x_wconf 86' lang='lat' dir='ltr'>ﬁcabant</span> <span class='ocrx_word' id='word_1_491' title='bbox 2169 3287 2370 3341; x_wconf 92' lang='lat' dir='ltr'>corpus</span> <span class='ocrx_word' id='word_1_492' title='bbox 2404 3271 2631 3333; x_wconf 84' lang='lat' dir='ltr'>Christi,</span> <span class='ocrx_word' id='word_1_493' title='bbox 2653 3259 2744 3324; x_wconf 21' lang='lat' dir='ltr'>veli</span> <span class='ocrx_word' id='word_1_494' title='bbox 2762 3279 3115 3344; x_wconf 83' lang='lat' dir='ltr'>assumptum</span> <span class='ocrx_word' id='word_1_495' title='bbox 3146 3291 3211 3328; x_wconf 85' lang='lat' dir='ltr'>ex</span> <span class='ocrx_word' id='word_1_496' title='bbox 3233 3263 3479 3345; x_wconf 85' lang='lat' dir='ltr'>Virgine,</span> 
     </span>
    </p>
   </div>
   <div class='ocr_carea' id='block_1_38' title="bbox 249 3347 3490 3433">
    <p class='ocr_par' dir='ltr' id='par_1_38' title="bbox 249 3347 3490 3433">
     <span class='ocr_line' id='line_1_38' title="bbox 249 3347 3490 3433; baseline 0.003 -24"><span class='ocrx_word' id='word_1_497' title='bbox 249 3363 446 3415; x_wconf 83' lang='lat' dir='ltr'>testates</span> <span class='ocrx_word' id='word_1_498' title='bbox 484 3347 806 3416; x_wconf 32' lang='lat' dir='ltr'>animabus.</span> <span class='ocrx_word' id='word_1_499' title='bbox 836 3379 976 3433; x_wconf 89' lang='lat' dir='ltr'>quas</span> <span class='ocrx_word' id='word_1_500' title='bbox 1035 3362 1334 3422; x_wconf 87' lang='lat' dir='ltr'>habebant,</span> <span class='ocrx_word' id='word_1_501' title='bbox 1395 3361 1478 3414; x_wconf 87' lang='lat' dir='ltr'>vel</span> <span class='ocrx_word' id='word_1_502' title='bbox 1537 3360 1812 3415; x_wconf 69' lang='lat' dir='ltr'>habitum</span> <span class='ocrx_word' id='word_1_503' title='bbox 1898 3351 1981 3412; x_wconf 83' lang='lat' dir='ltr'>vel</span> <span class='ocrx_word' id='word_1_504' title='bbox 2029 3359 2350 3424; x_wconf 74' lang='lat' dir='ltr'>Ecclesium,</span> <span class='ocrx_word' id='word_1_505' title='bbox 2383 3360 2566 3430; x_wconf 86' lang='lat' dir='ltr'>qualis</span> <span class='ocrx_word' id='word_1_506' title='bbox 2593 3377 2743 3414; x_wconf 89' lang='lat' dir='ltr'>nunc</span> <span class='ocrx_word' id='word_1_507' title='bbox 2767 3371 2874 3426; x_wconf 88' lang='lat' dir='ltr'>est,</span> <span class='ocrx_word' id='word_1_508' title='bbox 2907 3362 2994 3415; x_wconf 88' lang='lat' dir='ltr'>vel</span> <span class='ocrx_word' id='word_1_509' title='bbox 3041 3362 3101 3415; x_wconf 91' lang='lat' dir='ltr'>in</span> <span class='ocrx_word' id='word_1_510' title='bbox 3143 3363 3256 3416; x_wconf 88' lang='lat' dir='ltr'>alio</span> <span class='ocrx_word' id='word_1_511' title='bbox 3287 3354 3490 3419; x_wconf 66' lang='lat' dir='ltr'>saeculo</span> 
     </span>
    </p>
   </div>
   <div class='ocr_carea' id='block_1_39' title="bbox 249 3434 2101 3522">
    <p class='ocr_par' dir='ltr' id='par_1_39' title="bbox 249 3434 2101 3522">
     <span class='ocr_line' id='line_1_39' title="bbox 249 3434 2101 3522; baseline 0.001 -24"><span class='ocrx_word' id='word_1_512' title='bbox 249 3456 396 3514; x_wconf 82' lang='lat' dir='ltr'>erant,</span> <span class='ocrx_word' id='word_1_513' title='bbox 431 3451 485 3504; x_wconf 90' lang='lat' dir='ltr'>in</span> <span class='ocrx_word' id='word_1_514' title='bbox 524 3468 694 3506; x_wconf 87' lang='lat' dir='ltr'>cruce</span> <span class='ocrx_word' id='word_1_515' title='bbox 724 3453 972 3522; x_wconf 88' lang='lat' dir='ltr'>pendens</span> <span class='ocrx_word' id='word_1_516' title='bbox 1002 3452 1084 3505; x_wconf 91' lang='lat' dir='ltr'>vel</span> <span class='ocrx_word' id='word_1_517' title='bbox 1122 3453 1191 3505; x_wconf 89' lang='lat' dir='ltr'>ad</span> <span class='ocrx_word' id='word_1_518' title='bbox 1219 3434 1438 3504; x_wconf 57' lang='lat' dir='ltr'>intiéma</span> <span class='ocrx_word' id='word_1_519' title='bbox 1468 3450 1812 3504; x_wconf 85' lang='lat' dir='ltr'>descendens</span> <span class='ocrx_word' id='word_1_520' title='bbox 1892 3448 2101 3501; x_wconf 82' lang='lat' dir='ltr'>futura.</span> 
     </span>
    </p>
   </div>
   <div class='ocr_carea' id='block_1_40' title="bbox 245 3537 3492 3613">
    <p class='ocr_par' dir='ltr' id='par_1_40' title="bbox 245 3537 3492 3613">
     <span class='ocr_line' id='line_1_40' title="bbox 245 3537 3492 3613; baseline 0.003 -26"><span class='ocrx_word' id='word_1_521' title='bbox 245 3539 457 3592; x_wconf 78' lang='lat' dir='ltr'>traduxit</span> <span class='ocrx_word' id='word_1_522' title='bbox 482 3542 712 3594; x_wconf 83' lang='lat' dir='ltr'>easdem</span> <span class='ocrx_word' id='word_1_523' title='bbox 744 3545 1071 3611; x_wconf 83' lang='lat' dir='ltr'>potestates,</span> <span class='ocrx_word' id='word_1_524' title='bbox 1114 3540 1170 3593; x_wconf 92' lang='lat' dir='ltr'>id</span> <span class='ocrx_word' id='word_1_525' title='bbox 1195 3547 1299 3601; x_wconf 87' lang='lat' dir='ltr'>est,</span> <span class='ocrx_word' id='word_1_526' title='bbox 1338 3539 1408 3592; x_wconf 90' lang='lat' dir='ltr'>ab</span> <span class='ocrx_word' id='word_1_527' title='bbox 1441 3539 1687 3592; x_wconf 78' lang='lat' dir='ltr'>Ecclesia</span> <span class='ocrx_word' id='word_1_528' title='bbox 1709 3554 1813 3591; x_wconf 89' lang='lat' dir='ltr'>sua</span> <span class='ocrx_word' id='word_1_529' title='bbox 1961 3537 2055 3590; x_wconf 79' lang='lat'>21.</span> <span class='ocrx_word' id='word_1_530' title='bbox 2087 3539 2320 3591; x_wconf 70' lang='lat' dir='ltr'>AMBROS</span> <span class='ocrx_word' id='word_1_531' title='bbox 2365 3539 2490 3604; x_wconf 67' lang='lat' dir='ltr'>Quae</span> <span class='ocrx_word' id='word_1_532' title='bbox 2522 3543 2653 3592; x_wconf 84' lang='lat' dir='ltr'>sunt</span> <span class='ocrx_word' id='word_1_533' title='bbox 2697 3541 2920 3602; x_wconf 84' lang='lat' dir='ltr'>umbra,</span> <span class='ocrx_word' id='word_1_534' title='bbox 2957 3538 3013 3593; x_wconf 93' lang='lat' dir='ltr'>id</span> <span class='ocrx_word' id='word_1_535' title='bbox 3042 3543 3145 3605; x_wconf 88' lang='lat' dir='ltr'>est,</span> <span class='ocrx_word' id='word_1_536' title='bbox 3178 3539 3236 3594; x_wconf 91' lang='lat' dir='ltr'>in</span> <span class='ocrx_word' id='word_1_537' title='bbox 3265 3557 3492 3613; x_wconf 86' lang='lat' dir='ltr'>compa-</span> 
     </span>
    </p>
   </div>
   <div class='ocr_carea' id='block_1_41' title="bbox 249 3617 3494 3699">
    <p class='ocr_par' dir='ltr' id='par_1_41' title="bbox 249 3617 3494 3699">
     <span class='ocr_line' id='line_1_41' title="bbox 249 3617 3494 3699; baseline 0.002 -22"><span class='ocrx_word' id='word_1_538' title='bbox 249 3629 622 3696; x_wconf 80' lang='lat' dir='ltr'>exterminavit,</span> <span class='ocrx_word' id='word_1_539' title='bbox 648 3630 795 3683; x_wconf 90' lang='lat' dir='ltr'>sicut</span> <span class='ocrx_word' id='word_1_540' title='bbox 821 3630 878 3682; x_wconf 90' lang='lat' dir='ltr'>in</span> <span class='ocrx_word' id='word_1_541' title='bbox 920 3629 1216 3699; x_wconf 87' lang='lat' dir='ltr'>Evangelio</span> <span class='ocrx_word' id='word_1_542' title='bbox 1246 3628 1383 3680; x_wconf 79' lang='lat' dir='ltr'>dixit</span> <span class='ocrx_word' id='word_1_543' title='bbox 1418 3645 1429 3680; x_wconf 93' lang='lat'>:</span> <span class='ocrx_word' id='word_1_544' title='bbox 1465 3618 1628 3681; x_wconf 80' lang='lat' dir='ltr'>Nunc</span> <span class='ocrx_word' id='word_1_545' title='bbox 1655 3629 1814 3694; x_wconf 85' lang='lat' dir='ltr'>prin-</span> <span class='ocrx_word' id='word_1_546' title='bbox 1894 3625 2113 3678; x_wconf 85' lang='lat' dir='ltr'>ratione</span> <span class='ocrx_word' id='word_1_547' title='bbox 2146 3626 2461 3680; x_wconf 84' lang='lat' dir='ltr'>futurorum</span> <span class='ocrx_word' id='word_1_548' title='bbox 2497 3628 2706 3683; x_wconf 70' lang='lat' dir='ltr'>umbrae</span> <span class='ocrx_word' id='word_1_549' title='bbox 2737 3634 2868 3682; x_wconf 87' lang='lat' dir='ltr'>sunt</span> <span class='ocrx_word' id='word_1_550' title='bbox 2889 3617 3079 3682; x_wconf 85' lang='lat' dir='ltr'>omnia</span> <span class='ocrx_word' id='word_1_551' title='bbox 3108 3630 3236 3696; x_wconf 85' lang='lat' dir='ltr'>ista,</span> <span class='ocrx_word' id='word_1_552' title='bbox 3259 3632 3406 3686; x_wconf 83' lang='lat' dir='ltr'>unde</span> <span class='ocrx_word' id='word_1_553' title='bbox 3421 3631 3494 3685; x_wconf 84' lang='lat' dir='ltr'>ad</span> 
     </span>
    </p>
   </div>
   <div class='ocr_carea' id='block_1_42' title="bbox 247 3715 3487 3789">
    <p class='ocr_par' dir='ltr' id='par_1_42' title="bbox 247 3715 3487 3789">
     <span class='ocr_line' id='line_1_42' title="bbox 247 3715 3487 3789; baseline 0.003 -24"><span class='ocrx_word' id='word_1_554' title='bbox 247 3730 338 3782; x_wconf 70' lang='grc' dir='ltr'>σφε</span> <span class='ocrx_word' id='word_1_555' title='bbox 363 3718 521 3787; x_wconf 83' lang='lat' dir='ltr'>hujus</span> <span class='ocrx_word' id='word_1_556' title='bbox 555 3721 760 3772; x_wconf 85' lang='lat' dir='ltr'>mundi</span> <span class='ocrx_word' id='word_1_557' title='bbox 779 3721 1030 3787; x_wconf 83' lang='lat' dir='ltr'>ejicietur</span> <span class='ocrx_word' id='word_1_558' title='bbox 1044 3721 1214 3784; x_wconf 80' lang='lat' dir='ltr'>foras.</span> <span class='ocrx_word' id='word_1_559' title='bbox 1249 3717 1350 3769; x_wconf 82' lang='lat' dir='ltr'>Vel</span> <span class='ocrx_word' id='word_1_560' title='bbox 1379 3717 1569 3769; x_wconf 78' lang='lat' dir='ltr'>ﬁdeles</span> <span class='ocrx_word' id='word_1_561' title='bbox 1598 3732 1730 3770; x_wconf 88' lang='lat' dir='ltr'>suos</span> <span class='ocrx_word' id='word_1_562' title='bbox 1744 3716 1812 3768; x_wconf 91' lang='lat' dir='ltr'>de</span> <span class='ocrx_word' id='word_1_563' title='bbox 1895 3715 2328 3783; x_wconf 77' lang='lat' dir='ltr'>significantium</span> <span class='ocrx_word' id='word_1_564' title='bbox 2359 3717 2591 3780; x_wconf 81' lang='lat' dir='ltr'>umbrae,</span> <span class='ocrx_word' id='word_1_565' title='bbox 2616 3733 2819 3787; x_wconf 82' lang='lat' dir='ltr'>corpus</span> <span class='ocrx_word' id='word_1_566' title='bbox 2866 3718 3090 3789; x_wconf 83' lang='lat' dir='ltr'>adjecit,</span> <span class='ocrx_word' id='word_1_567' title='bbox 3124 3720 3229 3774; x_wconf 88' lang='lat' dir='ltr'>hoc</span> <span class='ocrx_word' id='word_1_568' title='bbox 3256 3721 3447 3776; x_wconf 88' lang='lat' dir='ltr'>dicens</span> <span class='ocrx_word' id='word_1_569' title='bbox 3474 3739 3487 3776; x_wconf 91' lang='lat'><strong>:</strong></span> 
     </span>
    </p>
   </div>
   <div class='ocr_carea' id='block_1_43' title="bbox 249 3794 3407 3870">
    <p class='ocr_par' dir='ltr' id='par_1_43' title="bbox 249 3794 3407 3870">
     <span class='ocr_line' id='line_1_43' title="bbox 249 3794 3407 3870; baseline 0.002 -15"><span class='ocrx_word' id='word_1_570' title='bbox 249 3801 447 3860; x_wconf 81' lang='lat' dir='ltr'>internis</span> <span class='ocrx_word' id='word_1_571' title='bbox 473 3824 671 3862; x_wconf 87' lang='lat' dir='ltr'>secum</span> <span class='ocrx_word' id='word_1_572' title='bbox 700 3807 860 3862; x_wconf 84' lang='lat' dir='ltr'>duxit</span> <span class='ocrx_word' id='word_1_573' title='bbox 889 3807 1251 3870; x_wconf 80' lang='lat' dir='ltr'>conﬁdenter,</span> <span class='ocrx_word' id='word_1_574' title='bbox 1287 3806 1439 3860; x_wconf 86' lang='lat' dir='ltr'>velut</span> <span class='ocrx_word' id='word_1_575' title='bbox 1466 3805 1634 3860; x_wconf 88' lang='lat' dir='ltr'>homo</span> <span class='ocrx_word' id='word_1_576' title='bbox 1664 3804 1813 3858; x_wconf 90' lang='lat' dir='ltr'>Deus</span> <span class='ocrx_word' id='word_1_577' title='bbox 1896 3806 2169 3870; x_wconf 76' lang='lat' dir='ltr'>Quoniam</span> <span class='ocrx_word' id='word_1_578' title='bbox 2191 3806 2440 3859; x_wconf 75' lang='lat' dir='ltr'>Christus</span> <span class='ocrx_word' id='word_1_579' title='bbox 2458 3809 2661 3859; x_wconf 81' lang='lat' dir='ltr'>veritas</span> <span class='ocrx_word' id='word_1_580' title='bbox 2685 3811 2779 3861; x_wconf 84' lang='lat' dir='ltr'>est.</span> <span class='ocrx_word' id='word_1_581' title='bbox 2883 3794 2886 3796; x_wconf 50' lang='grc'><em>’</em></span> <span class='ocrx_word' id='word_1_582' title='bbox 3402 3799 3407 3806; x_wconf 76' lang='grc'><em>’</em></span> 
     </span>
    </p>
   </div>
   <div class='ocr_carea' id='block_1_44' title="bbox 247 3891 3496 3969">
    <p class='ocr_par' dir='ltr' id='par_1_44' title="bbox 247 3891 3496 3969">
     <span class='ocr_line' id='line_1_44' title="bbox 247 3891 3496 3969; baseline 0.003 -25"><span class='ocrx_word' id='word_1_583' title='bbox 247 3893 342 3947; x_wconf 82' lang='lat' dir='ltr'>sine</span> <span class='ocrx_word' id='word_1_584' title='bbox 368 3903 606 3965; x_wconf 86' lang='lat' dir='ltr'>peccato.</span> <span class='ocrx_word' id='word_1_585' title='bbox 1967 3891 2055 3948; x_wconf 68' lang='lat' dir='ltr'>‘Zi.</span> <span class='ocrx_word' id='word_1_586' title='bbox 2085 3894 2290 3947; x_wconf 61' lang='lat' dir='ltr'>Lupa.</span> <span class='ocrx_word' id='word_1_587' title='bbox 2324 3895 2491 3947; x_wconf 82' lang='lat' dir='ltr'>Nemo</span> <span class='ocrx_word' id='word_1_588' title='bbox 2519 3911 2609 3948; x_wconf 79' lang='lat' dir='ltr'>vos</span> <span class='ocrx_word' id='word_1_589' title='bbox 2638 3897 2878 3949; x_wconf 76' lang='lat' dir='ltr'>seducet.</span> <span class='ocrx_word' id='word_1_590' title='bbox 2908 3897 3108 3963; x_wconf 90' lang='lat' dir='ltr'>Nemo,</span> <span class='ocrx_word' id='word_1_591' title='bbox 3150 3897 3352 3969; x_wconf 86' lang='lat' dir='ltr'>inquit,</span> <span class='ocrx_word' id='word_1_592' title='bbox 3399 3915 3496 3954; x_wconf 89' lang='lat' dir='ltr'>vos</span> 
     </span>
    </p>
   </div>
   <div class='ocr_carea' id='block_1_45' title="bbox 312 3977 3497 4058">
    <p class='ocr_par' dir='ltr' id='par_1_45' title="bbox 312 3977 3497 4058">
     <span class='ocr_line' id='line_1_45' title="bbox 312 3977 3497 4058; baseline 0.002 -21"><span class='ocrx_word' id='word_1_593' title='bbox 312 3981 382 4050; x_wconf 71' lang='grc'>14.</span> <span class='ocrx_word' id='word_1_594' title='bbox 413 3988 630 4048; x_wconf 79' lang='lat' dir='ltr'>Petam,</span> <span class='ocrx_word' id='word_1_595' title='bbox 659 3986 716 4039; x_wconf 91' lang='lat' dir='ltr'>id</span> <span class='ocrx_word' id='word_1_596' title='bbox 737 3990 842 4046; x_wconf 89' lang='lat' dir='ltr'>est.</span> <span class='ocrx_word' id='word_1_597' title='bbox 879 3985 936 4039; x_wconf 89' lang='lat' dir='ltr'>in</span> <span class='ocrx_word' id='word_1_598' title='bbox 964 4001 1149 4047; x_wconf 86' lang='lat' dir='ltr'>cruce,</span> <span class='ocrx_word' id='word_1_599' title='bbox 1169 3985 1255 4050; x_wconf 80' lang='lat' dir='ltr'>vel</span> <span class='ocrx_word' id='word_1_600' title='bbox 1284 4000 1412 4038; x_wconf 90' lang='lat' dir='ltr'>cum</span> <span class='ocrx_word' id='word_1_601' title='bbox 1441 3982 1709 4053; x_wconf 85' lang='lat' dir='ltr'>angelicis</span> <span class='ocrx_word' id='word_1_602' title='bbox 1738 3981 1813 4039; x_wconf 83' lang='lat' dir='ltr'>le-</span> <span class='ocrx_word' id='word_1_603' title='bbox 1893 3981 2155 4052; x_wconf 85' lang='lat' dir='ltr'>decipiat,</span> <span class='ocrx_word' id='word_1_604' title='bbox 2192 3982 2378 4036; x_wconf 85' lang='lat' dir='ltr'>volens</span> <span class='ocrx_word' id='word_1_605' title='bbox 2408 3984 2744 4053; x_wconf 87' lang='lat' dir='ltr'>persuadere</span> <span class='ocrx_word' id='word_1_606' title='bbox 2773 3984 2926 4037; x_wconf 89' lang='lat' dir='ltr'>vobis</span> <span class='ocrx_word' id='word_1_607' title='bbox 2955 4002 3022 4039; x_wconf 89' lang='lat' dir='ltr'>ea</span> <span class='ocrx_word' id='word_1_608' title='bbox 3051 3977 3173 4056; x_wconf 61' lang='lat' dir='ltr'>qna:</span> <span class='ocrx_word' id='word_1_609' title='bbox 3204 4003 3497 4058; x_wconf 87' lang='lat' dir='ltr'>nunquam</span> 
     </span>
    </p>
   </div>
   <div class='ocr_carea' id='block_1_46' title="bbox 247 4071 3499 4144">
    <p class='ocr_par' dir='ltr' id='par_1_46' title="bbox 247 4071 3499 4144">
     <span class='ocr_line' id='line_1_46' title="bbox 247 4071 3499 4144; baseline 0.002 -21"><span class='ocrx_word' id='word_1_610' title='bbox 247 4071 469 4138; x_wconf 84' lang='lat' dir='ltr'>gionibus</span> <span class='ocrx_word' id='word_1_611' title='bbox 515 4077 588 4129; x_wconf 79' lang='lat' dir='ltr'>ad</span> <span class='ocrx_word' id='word_1_612' title='bbox 628 4076 852 4128; x_wconf 85' lang='lat' dir='ltr'>interna</span> <span class='ocrx_word' id='word_1_613' title='bbox 879 4073 1241 4138; x_wconf 82' lang='lat' dir='ltr'>descendens,</span> <span class='ocrx_word' id='word_1_614' title='bbox 1273 4072 1634 4142; x_wconf 82' lang='lat' dir='ltr'>triumphans</span> <span class='ocrx_word' id='word_1_615' title='bbox 1662 4071 1806 4134; x_wconf 82' lang='lat' dir='ltr'>illos,</span> <span class='ocrx_word' id='word_1_616' title='bbox 1894 4071 2186 4137; x_wconf 81' lang='lat' dir='ltr'>intellexit,</span> <span class='ocrx_word' id='word_1_617' title='bbox 2203 4072 2502 4126; x_wconf 90' lang='lat' dir='ltr'>ostendens</span> <span class='ocrx_word' id='word_1_618' title='bbox 2527 4072 2680 4126; x_wconf 88' lang='lat' dir='ltr'>vobis</span> <span class='ocrx_word' id='word_1_619' title='bbox 2709 4073 2766 4125; x_wconf 89' lang='lat' dir='ltr'>in</span> <span class='ocrx_word' id='word_1_620' title='bbox 2797 4073 3098 4144; x_wconf 85' lang='lat' dir='ltr'>semetipso</span> <span class='ocrx_word' id='word_1_621' title='bbox 3119 4075 3499 4131; x_wconf 85' lang='lat' dir='ltr'>humilitatem</span> 
     </span>
    </p>
   </div>
   <div class='ocr_carea' id='block_1_47' title="bbox 248 4151 3498 4234">
    <p class='ocr_par' dir='ltr' id='par_1_47' title="bbox 248 4151 3498 4234">
     <span class='ocr_line' id='line_1_47' title="bbox 248 4151 3498 4234; baseline 0.002 -24"><span class='ocrx_word' id='word_1_622' title='bbox 248 4157 398 4225; x_wconf 85' lang='lat' dir='ltr'>idest,</span> <span class='ocrx_word' id='word_1_623' title='bbox 428 4163 657 4226; x_wconf 78' lang='lat' dir='ltr'>vincens</span> <span class='ocrx_word' id='word_1_624' title='bbox 687 4165 745 4230; x_wconf 81' lang='lat' dir='ltr'>in</span> <span class='ocrx_word' id='word_1_625' title='bbox 773 4163 1092 4234; x_wconf 78' lang='lat' dir='ltr'>semetipso,</span> <span class='ocrx_word' id='word_1_626' title='bbox 1126 4163 1182 4216; x_wconf 90' lang='lat' dir='ltr'>id</span> <span class='ocrx_word' id='word_1_627' title='bbox 1214 4167 1316 4223; x_wconf 85' lang='lat' dir='ltr'>cst,</span> <span class='ocrx_word' id='word_1_628' title='bbox 1352 4162 1406 4218; x_wconf 86' lang='lat' dir='ltr'>in</span> <span class='ocrx_word' id='word_1_629' title='bbox 1439 4160 1699 4234; x_wconf 77' lang='lat' dir='ltr'>passione</span> <span class='ocrx_word' id='word_1_630' title='bbox 1725 4159 1813 4213; x_wconf 88' lang='lat' dir='ltr'>sui</span> <span class='ocrx_word' id='word_1_631' title='bbox 1897 4165 1958 4214; x_wconf 86' lang='lat' dir='ltr'>et</span> <span class='ocrx_word' id='word_1_632' title='bbox 1978 4160 2306 4230; x_wconf 83' lang='lat' dir='ltr'>religionem</span> <span class='ocrx_word' id='word_1_633' title='bbox 2326 4161 2678 4230; x_wconf 85' lang='lat' dir='ltr'>angelorum,</span> <span class='ocrx_word' id='word_1_634' title='bbox 2711 4151 2775 4214; x_wconf 87' lang='lat' dir='ltr'>ut</span> <span class='ocrx_word' id='word_1_635' title='bbox 2802 4161 2966 4215; x_wconf 91' lang='lat' dir='ltr'>citius</span> <span class='ocrx_word' id='word_1_636' title='bbox 2997 4159 3077 4215; x_wconf 77' lang='lat' dir='ltr'>eis</span> <span class='ocrx_word' id='word_1_637' title='bbox 3104 4162 3346 4216; x_wconf 87' lang='lat' dir='ltr'>credatis</span> <span class='ocrx_word' id='word_1_638' title='bbox 3386 4154 3498 4218; x_wconf 68' lang='lat' dir='ltr'>An-</span> 
     </span>
    </p>
   </div>
   <div class='ocr_carea' id='block_1_48' title="bbox 249 4244 3498 4325">
    <p class='ocr_par' dir='ltr' id='par_1_48' title="bbox 249 4244 3498 4325">
     <span class='ocr_line' id='line_1_48' title="bbox 249 4244 3498 4325; baseline 0.002 -27"><span class='ocrx_word' id='word_1_639' title='bbox 249 4253 479 4320; x_wconf 81' lang='lat' dir='ltr'>corporis,</span> <span class='ocrx_word' id='word_1_640' title='bbox 509 4254 570 4306; x_wconf 91' lang='lat' dir='ltr'>in</span> <span class='ocrx_word' id='word_1_641' title='bbox 601 4253 906 4324; x_wconf 69' lang='lat' dir='ltr'>praesentia</span> <span class='ocrx_word' id='word_1_642' title='bbox 932 4269 1047 4317; x_wconf 75' lang='lat' dir='ltr'>suae</span> <span class='ocrx_word' id='word_1_643' title='bbox 1079 4252 1408 4325; x_wconf 78' lang='lat' dir='ltr'>majestatzs.</span> <span class='ocrx_word' id='word_1_644' title='bbox 1901 4249 2058 4318; x_wconf 88' lang='lat' dir='ltr'>gelos</span> <span class='ocrx_word' id='word_1_645' title='bbox 2088 4257 2274 4303; x_wconf 87' lang='lat' dir='ltr'>autem</span> <span class='ocrx_word' id='word_1_646' title='bbox 2305 4255 2468 4302; x_wconf 87' lang='lat' dir='ltr'>vocat</span> <span class='ocrx_word' id='word_1_647' title='bbox 2488 4249 2573 4302; x_wconf 90' lang='lat' dir='ltr'>vel</span> <span class='ocrx_word' id='word_1_648' title='bbox 2602 4249 2855 4302; x_wconf 82' lang='lat' dir='ltr'>caelestes</span> <span class='ocrx_word' id='word_1_649' title='bbox 2889 4249 3142 4320; x_wconf 86' lang='lat' dir='ltr'>spiritus,</span> <span class='ocrx_word' id='word_1_650' title='bbox 3168 4251 3254 4304; x_wconf 88' lang='lat' dir='ltr'>vel</span> <span class='ocrx_word' id='word_1_651' title='bbox 3275 4244 3498 4306; x_wconf 77' lang='lat' dir='ltr'>sanctas</span> 
     </span>
    </p>
   </div>
   <div class='ocr_carea' id='block_1_49' title="bbox 309 4337 2312 4410">
    <p class='ocr_par' dir='ltr' id='par_1_49' title="bbox 309 4337 2312 4410">
     <span class='ocr_line' id='line_1_49' title="bbox 309 4337 2312 4410; baseline -0.001 -17"><span class='ocrx_word' id='word_1_652' title='bbox 309 4337 378 4394; x_wconf 75' lang='grc'>15.</span> <span class='ocrx_word' id='word_1_653' title='bbox 404 4343 572 4396; x_wconf 73' lang='lat' dir='ltr'>Nemo</span> <span class='ocrx_word' id='word_1_654' title='bbox 594 4359 743 4409; x_wconf 84' lang='lat' dir='ltr'>ergo.</span> <span class='ocrx_word' id='word_1_655' title='bbox 779 4341 921 4408; x_wconf 85' lang='lat' dir='ltr'>Quia</span> <span class='ocrx_word' id='word_1_656' title='bbox 971 4357 1103 4410; x_wconf 85' lang='lat' dir='ltr'>ergo</span> <span class='ocrx_word' id='word_1_657' title='bbox 1142 4341 1199 4408; x_wconf 78' lang='lat' dir='ltr'>in</span> <span class='ocrx_word' id='word_1_658' title='bbox 1249 4340 1472 4394; x_wconf 85' lang='lat' dir='ltr'>Christo</span> <span class='ocrx_word' id='word_1_659' title='bbox 1509 4339 1820 4394; x_wconf 87' lang='lat' dir='ltr'>circumcisi</span> <span class='ocrx_word' id='word_1_660' title='bbox 1903 4338 2312 4407; x_wconf 67' lang='lat' dir='ltr'>praedicatores.</span> 
     </span>
    </p>
   </div>
   <div class='ocr_carea' id='block_1_50' title="bbox 245 4425 3500 4501">
    <p class='ocr_par' dir='ltr' id='par_1_50' title="bbox 245 4425 3500 4501">
     <span class='ocr_line' id='line_1_50' title="bbox 245 4425 3500 4501; baseline 0.002 -22"><span class='ocrx_word' id='word_1_661' title='bbox 245 4426 353 4481; x_wconf 82' lang='lat' dir='ltr'>estis</span> <span class='ocrx_word' id='word_1_662' title='bbox 380 4431 661 4501; x_wconf 81' lang='lat' dir='ltr'>spirituali</span> <span class='ocrx_word' id='word_1_663' title='bbox 684 4429 1121 4501; x_wconf 83' lang='lat' dir='ltr'>circumcisione,</span> <span class='ocrx_word' id='word_1_664' title='bbox 1150 4446 1314 4498; x_wconf 81' lang='lat' dir='ltr'>nemo</span> <span class='ocrx_word' id='word_1_665' title='bbox 1337 4446 1431 4483; x_wconf 89' lang='lat' dir='ltr'>vos</span> <span class='ocrx_word' id='word_1_666' title='bbox 1451 4427 1815 4494; x_wconf 81' lang='lat' dir='ltr'>nil.ildeben-</span> <span class='ocrx_word' id='word_1_667' title='bbox 1841 4492 1877 4501; x_wconf 45' lang='grc' dir='ltr'><strong>Α</strong></span> <span class='ocrx_word' id='word_1_668' title='bbox 1973 4425 2060 4482; x_wconf 73' lang='lat'>‘23.</span> <span class='ocrx_word' id='word_1_669' title='bbox 2093 4427 2325 4480; x_wconf 73' lang='lat' dir='ltr'>HIBRON.</span> <span class='ocrx_word' id='word_1_670' title='bbox 2357 4427 2539 4480; x_wconf 80' lang='lat' dir='ltr'>Valens</span> <span class='ocrx_word' id='word_1_671' title='bbox 2560 4429 2623 4480; x_wconf 83' lang='lat' dir='ltr'>in</span> <span class='ocrx_word' id='word_1_672' title='bbox 2643 4427 2979 4481; x_wconf 76' lang='lat' dir='ltr'>humilitate.</span> <span class='ocrx_word' id='word_1_673' title='bbox 3003 4425 3330 4483; x_wconf 81' lang='lat' dir='ltr'>Adorabant</span> <span class='ocrx_word' id='word_1_674' title='bbox 3348 4432 3500 4485; x_wconf 84' lang='lat' dir='ltr'>enim</span> 
     </span>
    </p>
   </div>
   <div class='ocr_carea' id='block_1_51' title="bbox 246 4492 3500 4590">
    <p class='ocr_par' dir='ltr' id='par_1_51' title="bbox 246 4492 3500 4590">
     <span class='ocr_line' id='line_1_51' title="bbox 246 4492 3500 4590; baseline 0.002 -24"><span class='ocrx_word' id='word_1_675' title='bbox 246 4525 312 4567; x_wconf 81' lang='lat' dir='ltr'>tes</span> <span class='ocrx_word' id='word_1_676' title='bbox 342 4492 441 4588; x_wconf 70' lang='lat' dir='ltr'>legi</span> <span class='ocrx_word' id='word_1_677' title='bbox 477 4492 820 4590; x_wconf 9' lang='lat' dir='ltr'>judicet,vidl</span> <span class='ocrx_word' id='word_1_678' title='bbox 840 4526 944 4581; x_wconf 89' lang='lat' dir='ltr'>est,</span> <span class='ocrx_word' id='word_1_679' title='bbox 968 4492 1317 4574; x_wconf 84' lang='lat' dir='ltr'>damnabiles</span> <span class='ocrx_word' id='word_1_680' title='bbox 1345 4517 1532 4583; x_wconf 79' lang='lat' dir='ltr'>faciat,</span> <span class='ocrx_word' id='word_1_681' title='bbox 1574 4492 1816 4585; x_wconf 83' lang='lat' dir='ltr'>suadens</span> <span class='ocrx_word' id='word_1_682' title='bbox 1835 4492 1880 4551; x_wconf 70' lang='grc' dir='ltr'>Ο</span> <span class='ocrx_word' id='word_1_683' title='bbox 1901 4516 2158 4570; x_wconf 85' lang='lat' dir='ltr'>militiam</span> <span class='ocrx_word' id='word_1_684' title='bbox 2175 4516 2317 4569; x_wconf 66' lang='lat' dir='ltr'>caeli.</span> <span class='ocrx_word' id='word_1_685' title='bbox 2338 4515 2680 4570; x_wconf 83' lang='lat' dir='ltr'>UndeAmos</span> <span class='ocrx_word' id='word_1_686' title='bbox 2703 4533 2715 4573; x_wconf 87' lang='lat'><strong>:</strong></span> <span class='ocrx_word' id='word_1_687' title='bbox 2756 4517 3009 4570; x_wconf 83' lang='lat' dir='ltr'>Tradidit</span> <span class='ocrx_word' id='word_1_688' title='bbox 3034 4533 3120 4571; x_wconf 81' lang='lat' dir='ltr'>eos</span> <span class='ocrx_word' id='word_1_689' title='bbox 3144 4523 3208 4576; x_wconf 82' lang='lat' dir='ltr'>ut</span> <span class='ocrx_word' id='word_1_690' title='bbox 3228 4522 3500 4575; x_wconf 78' lang='lat' dir='ltr'>seruirent</span> 
     </span>
    </p>
   </div>
   <div class='ocr_carea' id='block_1_52' title="bbox 243 4596 2281 4682">
    <p class='ocr_par' dir='ltr' id='par_1_52' title="bbox 243 4596 2281 4682">
     <span class='ocr_line' id='line_1_52' title="bbox 243 4596 2281 4682; baseline 0.001 -26"><span class='ocrx_word' id='word_1_691' title='bbox 243 4604 343 4660; x_wconf 84' lang='lat' dir='ltr'>cibo</span> <span class='ocrx_word' id='word_1_692' title='bbox 363 4610 440 4662; x_wconf 80' lang='lat' dir='ltr'>vel</span> <span class='ocrx_word' id='word_1_693' title='bbox 470 4618 612 4682; x_wconf 87' lang='lat' dir='ltr'>potu</span> <span class='ocrx_word' id='word_1_694' title='bbox 642 4609 944 4674; x_wconf 84' lang='lat' dir='ltr'>abstinere,</span> <span class='ocrx_word' id='word_1_695' title='bbox 968 4608 1050 4667; x_wconf 85' lang='lat' dir='ltr'>vel</span> <span class='ocrx_word' id='word_1_696' title='bbox 1079 4608 1160 4662; x_wconf 89' lang='lat' dir='ltr'>uti</span> <span class='ocrx_word' id='word_1_697' title='bbox 1189 4596 1532 4664; x_wconf 16' lang='lat' dir='ltr'>ludia-orum.</span> <span class='ocrx_word' id='word_1_698' title='bbox 1750 4596 1752 4598; x_wconf 56' lang='grc'><em>’</em></span> <span class='ocrx_word' id='word_1_699' title='bbox 1901 4609 2122 4660; x_wconf 62' lang='lat' dir='ltr'>mititiw</span> <span class='ocrx_word' id='word_1_700' title='bbox 2144 4609 2281 4660; x_wconf 65' lang='lat' dir='ltr'>creti.</span> 
     </span>
    </p>
   </div>
   <div class='ocr_carea' id='block_1_53' title="bbox 305 4693 3498 4771">
    <p class='ocr_par' dir='ltr' id='par_1_53' title="bbox 305 4693 3498 4771">
     <span class='ocr_line' id='line_1_53' title="bbox 305 4693 3498 4771; baseline 0.001 -21"><span class='ocrx_word' id='word_1_701' title='bbox 305 4693 375 4750; x_wconf 86' lang='grc'>16-</span> <span class='ocrx_word' id='word_1_702' title='bbox 406 4700 666 4760; x_wconf 67' lang='lat' dir='ltr'>AMBROS.</span> <span class='ocrx_word' id='word_1_703' title='bbox 723 4700 894 4752; x_wconf 76' lang='lat' dir='ltr'>Nemo</span> <span class='ocrx_word' id='word_1_704' title='bbox 931 4716 1058 4768; x_wconf 80' lang='lat' dir='ltr'>ergo</span> <span class='ocrx_word' id='word_1_705' title='bbox 1109 4715 1214 4760; x_wconf 72' lang='lat' dir='ltr'>eos,</span> <span class='ocrx_word' id='word_1_706' title='bbox 1263 4696 1319 4750; x_wconf 91' lang='lat' dir='ltr'>id</span> <span class='ocrx_word' id='word_1_707' title='bbox 1364 4702 1469 4766; x_wconf 88' lang='lat' dir='ltr'>est,</span> <span class='ocrx_word' id='word_1_708' title='bbox 1516 4714 1679 4764; x_wconf 80' lang='lat' dir='ltr'>nemo</span> <span class='ocrx_word' id='word_1_709' title='bbox 1724 4714 1818 4751; x_wconf 90' lang='lat' dir='ltr'>vos</span> <span class='ocrx_word' id='word_1_710' title='bbox 1970 4695 2060 4751; x_wconf 74' lang='grc'>24.</span> <span class='ocrx_word' id='word_1_711' title='bbox 2088 4697 2332 4752; x_wconf 60' lang='grc' dir='ltr'>Αλωιιοε.</span> <span class='ocrx_word' id='word_1_712' title='bbox 2378 4695 2562 4750; x_wconf 76' lang='lat' dir='ltr'>Valens</span> <span class='ocrx_word' id='word_1_713' title='bbox 2589 4698 2654 4749; x_wconf 86' lang='lat' dir='ltr'>in</span> <span class='ocrx_word' id='word_1_714' title='bbox 2675 4695 3016 4751; x_wconf 75' lang='lat' dir='ltr'>humilitate.</span> <span class='ocrx_word' id='word_1_715' title='bbox 3058 4696 3264 4760; x_wconf 81' lang='lat' dir='ltr'>Nolite,</span> <span class='ocrx_word' id='word_1_716' title='bbox 3294 4697 3498 4771; x_wconf 87' lang='lat' dir='ltr'>inquit,</span> 
     </span>
    </p>
   </div>
   <div class='ocr_carea' id='block_1_54' title="bbox 243 4782 3502 4858">
    <p class='ocr_par' dir='ltr' id='par_1_54' title="bbox 243 4782 3502 4858">
     <span class='ocr_line' id='line_1_54' title="bbox 243 4782 3502 4858; baseline 0.002 -21"><span class='ocrx_word' id='word_1_717' title='bbox 243 4782 474 4858; x_wconf 85' lang='lat' dir='ltr'>decipiat,</span> <span class='ocrx_word' id='word_1_718' title='bbox 490 4795 596 4842; x_wconf 88' lang='lat' dir='ltr'>aut</span> <span class='ocrx_word' id='word_1_719' title='bbox 626 4787 882 4842; x_wconf 87' lang='lat' dir='ltr'>bravium</span> <span class='ocrx_word' id='word_1_720' title='bbox 911 4794 1155 4841; x_wconf 85' lang='lat' dir='ltr'>vestrum</span> <span class='ocrx_word' id='word_1_721' title='bbox 1185 4786 1363 4854; x_wconf 88' lang='lat' dir='ltr'>tollat.</span> <span class='ocrx_word' id='word_1_722' title='bbox 1903 4783 2195 4838; x_wconf 84' lang='lat' dir='ltr'>intendere</span> <span class='ocrx_word' id='word_1_723' title='bbox 2224 4783 2334 4836; x_wconf 84' lang='lat' dir='ltr'>illis</span> <span class='ocrx_word' id='word_1_724' title='bbox 2363 4783 2460 4854; x_wconf 86' lang='lat' dir='ltr'>qui</span> <span class='ocrx_word' id='word_1_725' title='bbox 2489 4784 2718 4854; x_wconf 83' lang='lat' dir='ltr'>angelos</span> <span class='ocrx_word' id='word_1_726' title='bbox 2745 4783 2940 4838; x_wconf 87' lang='lat' dir='ltr'>dicunt</span> <span class='ocrx_word' id='word_1_727' title='bbox 2975 4784 3259 4856; x_wconf 80' lang='lat' dir='ltr'>indignari</span> <span class='ocrx_word' id='word_1_728' title='bbox 3313 4788 3360 4841; x_wconf 86' lang='lat' dir='ltr'>si</span> <span class='ocrx_word' id='word_1_729' title='bbox 3413 4789 3502 4843; x_wconf 85' lang='lat' dir='ltr'>lex</span> 
     </span>
    </p>
   </div>
   <div class='ocr_carea' id='block_1_55' title="bbox 305 4871 3506 4952">
    <p class='ocr_par' dir='ltr' id='par_1_55' title="bbox 305 4871 3506 4952">
     <span class='ocr_line' id='line_1_55' title="bbox 305 4871 3506 4952; baseline 0.001 -23"><span class='ocrx_word' id='word_1_730' title='bbox 305 4874 374 4929; x_wconf 83' lang='grc'>17.</span> <span class='ocrx_word' id='word_1_731' title='bbox 411 4877 647 4932; x_wconf 59' lang='grc' dir='ltr'>Ηιεειοκ.</span> <span class='ocrx_word' id='word_1_732' title='bbox 683 4878 849 4931; x_wconf 75' lang='lat' dir='ltr'>Nemo</span> <span class='ocrx_word' id='word_1_733' title='bbox 869 4891 957 4942; x_wconf 81' lang='lat' dir='ltr'>vos</span> <span class='ocrx_word' id='word_1_734' title='bbox 977 4879 1207 4946; x_wconf 83' lang='lat' dir='ltr'>judicet.</span> <span class='ocrx_word' id='word_1_735' title='bbox 1246 4876 1423 4929; x_wconf 87' lang='lat' dir='ltr'>Nemo</span> <span class='ocrx_word' id='word_1_736' title='bbox 1452 4892 1548 4930; x_wconf 86' lang='lat' dir='ltr'>vos</span> <span class='ocrx_word' id='word_1_737' title='bbox 1574 4880 1819 4952; x_wconf 81' lang='lat' dir='ltr'>superet,</span> <span class='ocrx_word' id='word_1_738' title='bbox 1903 4889 2016 4930; x_wconf 87' lang='lat' dir='ltr'>non</span> <span class='ocrx_word' id='word_1_739' title='bbox 2062 4871 2234 4929; x_wconf 77' lang='lat' dir='ltr'>fuerit</span> <span class='ocrx_word' id='word_1_740' title='bbox 2260 4872 2557 4938; x_wconf 85' lang='lat' dir='ltr'>custodita,</span> <span class='ocrx_word' id='word_1_741' title='bbox 2587 4889 2654 4931; x_wconf 81' lang='lat' dir='ltr'>eo</span> <span class='ocrx_word' id='word_1_742' title='bbox 2683 4873 2832 4943; x_wconf 86' lang='lat' dir='ltr'>quod</span> <span class='ocrx_word' id='word_1_743' title='bbox 2863 4889 2962 4944; x_wconf 89' lang='lat' dir='ltr'>per</span> <span class='ocrx_word' id='word_1_744' title='bbox 2989 4875 3219 4945; x_wconf 87' lang='lat' dir='ltr'>angelos</span> <span class='ocrx_word' id='word_1_745' title='bbox 3257 4876 3344 4930; x_wconf 82' lang='lat' dir='ltr'>lex</span> <span class='ocrx_word' id='word_1_746' title='bbox 3371 4877 3506 4931; x_wconf 80' lang='lat' dir='ltr'>data</span> 
     </span>
    </p>
   </div>
   <div class='ocr_carea' id='block_1_56' title="bbox 244 4961 3500 5042">
    <p class='ocr_par' dir='ltr' id='par_1_56' title="bbox 244 4961 3500 5042">
     <span class='ocr_line' id='line_1_56' title="bbox 244 4961 3500 5042; baseline 0.002 -29"><span class='ocrx_word' id='word_1_747' title='bbox 244 4976 383 5018; x_wconf 85' lang='lat' dir='ltr'>nemo</span> <span class='ocrx_word' id='word_1_748' title='bbox 411 4966 717 5025; x_wconf 79' lang='lat' dir='ltr'>adversum</span> <span class='ocrx_word' id='word_1_749' title='bbox 750 4983 846 5020; x_wconf 92' lang='lat' dir='ltr'>vos</span> <span class='ocrx_word' id='word_1_750' title='bbox 876 4964 1132 5019; x_wconf 88' lang='lat' dir='ltr'>bravium</span> <span class='ocrx_word' id='word_1_751' title='bbox 1163 4965 1417 5042; x_wconf 78' lang='lat' dir='ltr'>accipiat,</span> <span class='ocrx_word' id='word_1_752' title='bbox 1435 4964 1581 5018; x_wconf 89' lang='lat' dir='ltr'>sicut</span> <span class='ocrx_word' id='word_1_753' title='bbox 1611 4964 1734 5034; x_wconf 90' lang='lat' dir='ltr'>quis</span> <span class='ocrx_word' id='word_1_754' title='bbox 1763 4981 1824 5017; x_wconf 77' lang='lat' dir='ltr'>in</span> <span class='ocrx_word' id='word_1_755' title='bbox 1907 4979 2027 5016; x_wconf 87' lang='lat' dir='ltr'>esse</span> <span class='ocrx_word' id='word_1_756' title='bbox 2071 4961 2299 5015; x_wconf 85' lang='lat' dir='ltr'>dicatur</span> <span class='ocrx_word' id='word_1_757' title='bbox 2323 4966 2380 5014; x_wconf 89' lang='lat' dir='ltr'>et</span> <span class='ocrx_word' id='word_1_758' title='bbox 2403 4961 2786 5018; x_wconf 80' lang='lat' dir='ltr'>humilitatem</span> <span class='ocrx_word' id='word_1_759' title='bbox 2815 4964 3118 5033; x_wconf 87' lang='lat' dir='ltr'>quamdam</span> <span class='ocrx_word' id='word_1_760' title='bbox 3148 4964 3500 5031; x_wconf 80' lang='lat' dir='ltr'>simulantes,</span> 
     </span>
    </p>
   </div>
   <div class='ocr_carea' id='block_1_57' title="bbox 243 5051 3504 5126">
    <p class='ocr_par' dir='ltr' id='par_1_57' title="bbox 243 5051 3504 5126">
     <span class='ocr_line' id='line_1_57' title="bbox 243 5051 3504 5126; baseline 0.002 -24"><span class='ocrx_word' id='word_1_761' title='bbox 243 5056 521 5108; x_wconf 86' lang='lat' dir='ltr'>certamine</span> <span class='ocrx_word' id='word_1_762' title='bbox 553 5054 855 5126; x_wconf 86' lang='lat' dir='ltr'>iniquitate</span> <span class='ocrx_word' id='word_1_763' title='bbox 883 5053 1265 5124; x_wconf 79' lang='lat' dir='ltr'>agonistae,vel</span> <span class='ocrx_word' id='word_1_764' title='bbox 1294 5053 1512 5106; x_wconf 91' lang='lat' dir='ltr'>insidiis</span> <span class='ocrx_word' id='word_1_765' title='bbox 1534 5053 1826 5124; x_wconf 84' lang='lat' dir='ltr'>magistro-</span> <span class='ocrx_word' id='word_1_766' title='bbox 1909 5051 2205 5109; x_wconf 80' lang='lat' dir='ltr'>ostendere</span> <span class='ocrx_word' id='word_1_767' title='bbox 2258 5057 2562 5120; x_wconf 87' lang='lat' dir='ltr'>properant</span> <span class='ocrx_word' id='word_1_768' title='bbox 2591 5051 2752 5121; x_wconf 88' lang='lat' dir='ltr'>quasi</span> <span class='ocrx_word' id='word_1_769' title='bbox 2778 5052 2874 5122; x_wconf 89' lang='lat' dir='ltr'>qui</span> <span class='ocrx_word' id='word_1_770' title='bbox 2920 5053 3102 5121; x_wconf 87' lang='lat' dir='ltr'>legem</span> <span class='ocrx_word' id='word_1_771' title='bbox 3143 5059 3504 5112; x_wconf 80' lang='lat' dir='ltr'>contemnere</span> 
     </span>
    </p>
   </div>
   <div class='ocr_carea' id='block_1_58' title="bbox 245 5130 2978 5214">
    <p class='ocr_par' dir='ltr' id='par_1_58' title="bbox 245 5130 2978 5214">
     <span class='ocr_line' id='line_1_58' title="bbox 245 5130 2978 5214; baseline 0 -21"><span class='ocrx_word' id='word_1_772' title='bbox 245 5155 348 5194; x_wconf 86' lang='lat' dir='ltr'>rum</span> <span class='ocrx_word' id='word_1_773' title='bbox 373 5144 562 5214; x_wconf 88' lang='lat' dir='ltr'>perdit</span> <span class='ocrx_word' id='word_1_774' title='bbox 583 5130 865 5198; x_wconf 85' lang='lat' dir='ltr'>bravium.</span> <span class='ocrx_word' id='word_1_775' title='bbox 1914 5146 2201 5195; x_wconf 89' lang='lat' dir='ltr'>metuant.</span> <span class='ocrx_word' id='word_1_776' title='bbox 2975 5133 2978 5136; x_wconf 27' lang='grc' dir='ltr'>λ</span> 
     </span>
    </p>
   </div>
   <div class='ocr_carea' id='block_1_59' title="bbox 304 5227 3503 5302">
    <p class='ocr_par' dir='ltr' id='par_1_59' title="bbox 304 5227 3503 5302">
     <span class='ocr_line' id='line_1_59' title="bbox 304 5227 3503 5302; baseline 0.002 -20"><span class='ocrx_word' id='word_1_777' title='bbox 304 5231 378 5284; x_wconf 79' lang='grc'>18.</span> <span class='ocrx_word' id='word_1_778' title='bbox 413 5235 588 5287; x_wconf 66' lang='lat' dir='ltr'>Neirio</span> <span class='ocrx_word' id='word_1_779' title='bbox 630 5250 716 5286; x_wconf 78' lang='lat' dir='ltr'>vos</span> <span class='ocrx_word' id='word_1_780' title='bbox 734 5234 968 5301; x_wconf 84' lang='lat' dir='ltr'>judicet.</span> <span class='ocrx_word' id='word_1_781' title='bbox 1003 5232 1182 5286; x_wconf 84' lang='lat' dir='ltr'>Nemo</span> <span class='ocrx_word' id='word_1_782' title='bbox 1234 5245 1333 5283; x_wconf 89' lang='lat' dir='ltr'>vos</span> <span class='ocrx_word' id='word_1_783' title='bbox 1377 5229 1611 5299; x_wconf 88' lang='lat' dir='ltr'>judicet,</span> <span class='ocrx_word' id='word_1_784' title='bbox 1654 5233 1712 5283; x_wconf 91' lang='lat' dir='ltr'>et</span> <span class='ocrx_word' id='word_1_785' title='bbox 1753 5229 1822 5283; x_wconf 90' lang='lat' dir='ltr'>de</span> <span class='ocrx_word' id='word_1_786' title='bbox 1975 5227 2064 5285; x_wconf 77' lang='grc'>25.</span> <span class='ocrx_word' id='word_1_787' title='bbox 2105 5229 2170 5285; x_wconf 84' lang='lat' dir='ltr'>Si</span> <span class='ocrx_word' id='word_1_788' title='bbox 2197 5229 2413 5281; x_wconf 83' lang='lat' dir='ltr'>mortui</span> <span class='ocrx_word' id='word_1_789' title='bbox 2441 5231 2585 5282; x_wconf 83' lang='lat' dir='ltr'>estis.</span> <span class='ocrx_word' id='word_1_790' title='bbox 2641 5227 2700 5282; x_wconf 86' lang='lat' dir='ltr'>Si</span> <span class='ocrx_word' id='word_1_791' title='bbox 2747 5227 2828 5282; x_wconf 90' lang='lat' dir='ltr'>sic</span> <span class='ocrx_word' id='word_1_792' title='bbox 2857 5227 3147 5283; x_wconf 87' lang='lat' dir='ltr'>constituti</span> <span class='ocrx_word' id='word_1_793' title='bbox 3177 5229 3314 5284; x_wconf 88' lang='lat' dir='ltr'>estis</span> <span class='ocrx_word' id='word_1_794' title='bbox 3342 5233 3503 5302; x_wconf 88' lang='lat' dir='ltr'>quasi</span> 
     </span>
    </p>
   </div>
   <div class='ocr_carea' id='block_1_60' title="bbox 245 5311 3501 5392">
    <p class='ocr_par' dir='ltr' id='par_1_60' title="bbox 245 5311 3501 5392">
     <span class='ocr_line' id='line_1_60' title="bbox 245 5311 3501 5392; baseline 0.002 -24"><span class='ocrx_word' id='word_1_795' title='bbox 245 5315 315 5370; x_wconf 87' lang='lat' dir='ltr'>his</span> <span class='ocrx_word' id='word_1_796' title='bbox 333 5320 420 5390; x_wconf 87' lang='lat' dir='ltr'>qui</span> <span class='ocrx_word' id='word_1_797' title='bbox 452 5322 760 5392; x_wconf 82' lang='lat' dir='ltr'>magistros</span> <span class='ocrx_word' id='word_1_798' title='bbox 790 5311 929 5392; x_wconf 83' lang='lat' dir='ltr'>leg-is</span> <span class='ocrx_word' id='word_1_799' title='bbox 956 5337 1077 5375; x_wconf 85' lang='lat' dir='ltr'>esse</span> <span class='ocrx_word' id='word_1_800' title='bbox 1093 5318 1402 5390; x_wconf 87' lang='lat' dir='ltr'>jactant,in</span> <span class='ocrx_word' id='word_1_801' title='bbox 1433 5319 1555 5373; x_wconf 88' lang='lat' dir='ltr'>cibo</span> <span class='ocrx_word' id='word_1_802' title='bbox 1584 5325 1642 5374; x_wconf 88' lang='lat' dir='ltr'>et</span> <span class='ocrx_word' id='word_1_803' title='bbox 1663 5325 1819 5390; x_wconf 88' lang='lat' dir='ltr'>potu.</span> <span class='ocrx_word' id='word_1_804' title='bbox 1907 5312 2002 5390; x_wconf 88' lang='lat' dir='ltr'>qui</span> <span class='ocrx_word' id='word_1_805' title='bbox 2026 5319 2145 5388; x_wconf 88' lang='lat' dir='ltr'>jam</span> <span class='ocrx_word' id='word_1_806' title='bbox 2174 5317 2509 5370; x_wconf 89' lang='lat' dir='ltr'>commortui</span> <span class='ocrx_word' id='word_1_807' title='bbox 2533 5317 2668 5371; x_wconf 89' lang='lat' dir='ltr'>estis</span> <span class='ocrx_word' id='word_1_808' title='bbox 2701 5317 2942 5382; x_wconf 86' lang='lat' dir='ltr'>Christo,</span> <span class='ocrx_word' id='word_1_809' title='bbox 2964 5325 3021 5372; x_wconf 91' lang='lat' dir='ltr'>et</span> <span class='ocrx_word' id='word_1_810' title='bbox 3048 5311 3501 5379; x_wconf 79' lang='lat' dir='ltr'>consurrexistis.</span> 
     </span>
    </p>
   </div>
   <div class='ocr_carea' id='block_1_61' title="bbox 245 5400 3029 5479">
    <p class='ocr_par' dir='ltr' id='par_1_61' title="bbox 245 5400 3029 5479">
     <span class='ocr_line' id='line_1_61' title="bbox 245 5400 3029 5479; baseline -0 -19"><span class='ocrx_word' id='word_1_811' title='bbox 245 5411 369 5476; x_wconf 77' lang='lat' dir='ltr'>quod</span> <span class='ocrx_word' id='word_1_812' title='bbox 404 5411 516 5464; x_wconf 82' lang='lat' dir='ltr'>alia</span> <span class='ocrx_word' id='word_1_813' title='bbox 548 5411 764 5465; x_wconf 87' lang='lat' dir='ltr'>munda</span> <span class='ocrx_word' id='word_1_814' title='bbox 792 5418 943 5475; x_wconf 88' lang='lat' dir='ltr'>sunt,</span> <span class='ocrx_word' id='word_1_815' title='bbox 979 5411 1090 5464; x_wconf 81' lang='lat' dir='ltr'>alia</span> <span class='ocrx_word' id='word_1_816' title='bbox 1114 5400 1424 5471; x_wconf 85' lang='lat' dir='ltr'>immunda,</span> <span class='ocrx_word' id='word_1_817' title='bbox 1456 5415 1556 5463; x_wconf 87' lang='lat' dir='ltr'>aut</span> <span class='ocrx_word' id='word_1_818' title='bbox 1583 5409 1641 5462; x_wconf 90' lang='lat' dir='ltr'>in</span> <span class='ocrx_word' id='word_1_819' title='bbox 1665 5415 1826 5479; x_wconf 87' lang='lat' dir='ltr'>parte</span> <span class='ocrx_word' id='word_1_820' title='bbox 1907 5409 2026 5462; x_wconf 82' lang='lat' dir='ltr'>Hoc</span> <span class='ocrx_word' id='word_1_821' title='bbox 2051 5407 2189 5462; x_wconf 80' lang='lat' dir='ltr'>dicit</span> <span class='ocrx_word' id='word_1_822' title='bbox 2209 5405 2279 5460; x_wconf 86' lang='lat' dir='ltr'>ab</span> <span class='ocrx_word' id='word_1_823' title='bbox 2299 5406 2592 5460; x_wconf 81' lang='lat' dir='ltr'>elementis</span> <span class='ocrx_word' id='word_1_824' title='bbox 2620 5405 2814 5460; x_wconf 88' lang='lat' dir='ltr'>mundi</span> <span class='ocrx_word' id='word_1_825' title='bbox 2841 5405 3029 5476; x_wconf 81' lang='lat' dir='ltr'>hujus.</span> 
     </span>
    </p>
   </div>
   <div class='ocr_carea' id='block_1_62' title="bbox 245 5485 3507 5581">
    <p class='ocr_par' dir='ltr' id='par_1_62' title="bbox 245 5485 3507 5581">
     <span class='ocr_line' id='line_1_62' title="bbox 245 5485 3507 5581; baseline 0.001 -30"><span class='ocrx_word' id='word_1_826' title='bbox 245 5494 339 5551; x_wconf 73' lang='lat' dir='ltr'>diei</span> <span class='ocrx_word' id='word_1_827' title='bbox 363 5498 513 5568; x_wconf 78' lang='lat' dir='ltr'>festi,</span> <span class='ocrx_word' id='word_1_828' title='bbox 546 5505 622 5555; x_wconf 84' lang='lat' dir='ltr'>ut</span> <span class='ocrx_word' id='word_1_829' title='bbox 648 5501 788 5581; x_wconf 84' lang='lat' dir='ltr'>alios</span> <span class='ocrx_word' id='word_1_830' title='bbox 815 5500 937 5556; x_wconf 76' lang='lat' dir='ltr'>dies</span> <span class='ocrx_word' id='word_1_831' title='bbox 957 5500 1131 5556; x_wconf 73' lang='lat' dir='ltr'>festos</span> <span class='ocrx_word' id='word_1_832' title='bbox 1155 5504 1358 5573; x_wconf 85' lang='lat' dir='ltr'>putent</span> <span class='ocrx_word' id='word_1_833' title='bbox 1383 5513 1526 5567; x_wconf 78' lang='lat' dir='ltr'>esse,</span> <span class='ocrx_word' id='word_1_834' title='bbox 1543 5491 1684 5554; x_wconf 72' lang='lat' dir='ltr'>alios</span> <span class='ocrx_word' id='word_1_835' title='bbox 1713 5514 1828 5554; x_wconf 85' lang='lat' dir='ltr'>non</span> <span class='ocrx_word' id='word_1_836' title='bbox 1983 5495 2077 5556; x_wconf 77' lang='grc'>26.</span> <span class='ocrx_word' id='word_1_837' title='bbox 2103 5497 2350 5556; x_wconf 65' lang='lat' dir='ltr'>Hauon.</span> <span class='ocrx_word' id='word_1_838' title='bbox 2381 5493 2449 5552; x_wconf 81' lang='lat' dir='ltr'>Si</span> <span class='ocrx_word' id='word_1_839' title='bbox 2477 5485 2695 5555; x_wconf 71' lang='lat' dir='ltr'>mortui</span> <span class='ocrx_word' id='word_1_840' title='bbox 2724 5496 2878 5550; x_wconf 72' lang='lat' dir='ltr'>estis.</span> <span class='ocrx_word' id='word_1_841' title='bbox 2919 5494 3216 5581; x_wconf 60' lang='lat' dir='ltr'>momenta</span> <span class='ocrx_word' id='word_1_842' title='bbox 3246 5500 3507 5569; x_wconf 72' lang='lat' dir='ltr'>mundi,a</span> 
     </span>
    </p>
   </div>
  </div>
