4040 6186
450 269 556 330 327
1427 263 1488 322 Β.
1530 246 1948 327 LANFRANCI
1986 270 2344 327 CANTUAR.
2386 270 2725 328 ARCHIEP.
3602 269 3707 328 328

446 411 576 450 cum
599 395 821 451 Christo
840 393 928 450 27.
948 392 1018 447 ab
1048 390 1342 446 elementis
1373 394 1497 459 (per
1515 395 1804 459 elementa,
1822 398 2125 463 animalia,
2147 411 2245 463 per
2272 397 2571 453 animalia.
2599 410 2792 449 carnes
2817 414 2831 459 ;
2860 411 2963 465 per
2979 412 3173 452 carnes
3197 398 3593 452 abstinentiam
3613 399 3703 451 in-

455 485 654 553 tellige)
682 485 850 554 hujus
872 480 1089 543 mundi,
1122 497 1156 533 a
1188 482 1512 535 carnalibus
1541 486 1902 540 observanliis
1928 505 1943 548 ;
1967 482 2003 539 a
2033 487 2304 539 creaturis
2332 486 2701 547 observandis,
2735 490 2799 538 ut
2822 487 3100 548 suillibus,
3126 492 3174 541 et
3196 488 3423 552 czteris,
3448 486 3584 557 quid
3604 486 3708 540 ad-

448 574 559 629 huc
604 578 874 643 tanquam
900 570 1146 624 viventes
1177 570 1237 623 in
1269 571 1497 637 mundo,
1529 575 1832 627 secundum
1855 577 2156 633 mundum,
2188 575 2357 638 idest,
2393 578 2666 638 carnales,
2688 574 3027 629 decernitis?
3056 578 3322 630 dicentes:
3353 592 3424 631 ne
3452 576 3709 647 tetigeri-

446 663 538 721 tis.
579 678 696 730 quae
725 664 787 714 in
818 664 928 727 lege
945 659 1332 727 prohibentur,
1373 676 1555 730 neque
1582 663 1963 730 gustaveritis,
2010 679 2193 734 neque
2221 663 2724 727 contrectaveritis,
2760 680 2884 734 quae
2914 671 3047 719 sunt
3078 665 3268 720 omnia
3309 665 3365 719 in
3409 665 3711 720 interitum

450 754 653 803 anima!
682 749 801 819 ipso
826 763 951 811 usu,
985 764 1045 800 ea
1073 749 1192 801 dico
1220 749 1386 811 dicta,
1419 751 1727 804 secundum
1768 759 2049 823 praecepta
2077 759 2134 805 et
2170 751 2453 805 doctrinas
2493 752 2785 806 hominum
2812 771 2825 820 ;
2860 770 2982 824 quae
3008 758 3142 807 sunt
3168 754 3443 809 rationem
3482 755 3710 826 quidem

460 842 640 904 163
663 836 929 891 habentia
945 836 1240 907 sapientiae
1270 836 1328 890 in
1360 839 1780 908 superstitione,
1812 857 1929 909 qua
1962 843 2226 894 videntur
2264 844 2362 906 agi
2396 842 2697 894 secundum
2726 857 2917 895 eorum
2946 845 3378 910 seperstitionem
3396 846 3704 912 sapienter,

448 933 503 980 et
524 926 843 980 humilitate
872 929 1023 994 ﬁcta,
1053 924 1148 982 ‘28.
1191 932 1249 980 et
1274 943 1382 980 non
1417 927 1488 980 ad
1511 929 1853 998 parcendum
1881 928 2120 1000 corpori,
2152 944 2265 982 non
2292 928 2349 981 in
2379 927 2591 982 honore
2619 929 2806 998 aliquo
2834 929 2905 983 ad
2925 930 3281 987 saturitatem
3320 931 3523 986 carnis.

1920 1044 2153 1099 CAPUT
2190 1042 2295 1098 III.

519 1156 568 1210 1.
593 1155 790 1226 Igitur,
820 1158 912 1223 (ad
934 1158 991 1210 id
1006 1158 1149 1225 quod
1173 1158 1335 1215 dixit,
1352 1158 1415 1209 in
1442 1172 1546 1224 quo
1570 1162 1617 1209 et
1640 1159 2045 1229 resurrexistis)
2072 1159 2118 1213 si
2144 1158 2572 1212 consurrexistis
2601 1175 2729 1212 cum
2754 1159 3130 1231 Christo,qua3
3157 1176 3380 1215 sursum
3405 1165 3539 1215 sunt
3560 1178 3708 1233 qua:-

445 1244 575 1309 rite,
610 1243 704 1298 ubi
735 1244 992 1298 Christus
1026 1249 1112 1297 est
1131 1244 1187 1297 in
1219 1244 1450 1297 dextera
1479 1245 1579 1298 Dei
1608 1246 1810 1300 sedens
1838 1251 2065 1315 a’qualis
2099 1251 2289 1301 Patri:
2313 1265 2435 1320 qua:
2461 1266 2686 1303 sursum
2710 1257 2844 1304 sunt
2873 1251 3071 1322 sapite,
3105 1268 3217 1305 non
3245 1269 3369 1323 quae
3402 1268 3571 1323 super
3596 1258 3711 1306 ter-

444 1349 589 1387 ram.
622 1334 864 1399 Singula
894 1336 1152 1401 singulis.
1185 1331 1239 1387 2.
1272 1333 1478 1387 Mortui
1500 1334 1651 1387 enim
1678 1336 1830 1399 estis,
1865 1343 1922 1390 et
1944 1336 2058 1390 vita
2085 1343 2268 1391 vestra
2296 1345 2381 1393 est
2411 1339 2736 1393 abscondita
2764 1357 2891 1394 cum
2921 1340 3144 1395 Christo
3190 1344 3446 1396 absconso
3468 1342 3524 1395 in
3557 1342 3699 1398 Deo.

446 1421 587 1475 Cum
618 1427 802 1474 autem
834 1421 1088 1475 Christus
1119 1422 1462 1492 apparuerit,
1498 1423 1610 1477 vita
1638 1429 1852 1489 vestra;
1884 1426 2044 1494 (nam
2065 1426 2277 1481 Christo
2322 1434 2621 1497 apparente
2647 1433 2935 1497 apparebit
2974 1434 3090 1484 vita
3131 1433 3333 1499 vestra)
3357 1436 3493 1486 tunc
3520 1438 3577 1485 et
3614 1447 3709 1484 vos

444 1508 784 1580 apparebitis
815 1526 941 1562 cum
966 1509 1086 1580 ipso
1118 1509 1176 1563 in
1194 1510 1391 1579 gloria.
1424 1512 1544 1565 [lue
1570 1528 1738 1580 usque
1758 1513 1820 1565 de
1843 1515 1966 1580 fide,
2004 1530 2154 1569 nunc
2171 1517 2236 1570 de
2262 1519 2531 1570 moribus.
2551 1518 2884 1572 Mortiﬁcate
2906 1535 3057 1589 ergo,
3091 1524 3153 1572 ut
3172 1537 3298 1573 cum
3321 1520 3534 1575 Christo
3551 1524 3707 1577 viva-

443 1602 531 1663 tis,
559 1599 612 1652 3.
636 1597 887 1652 membra
913 1604 1096 1651 vestra
1118 1608 1331 1667 (pravos
1362 1600 1545 1668 actus)
1573 1616 1696 1670 quae
1725 1606 1857 1654 sunt
1885 1618 2054 1673 super
2070 1609 2281 1657 terram
2308 1623 2321 1671 ;
2354 1618 2486 1669 (ecce
2512 1623 2630 1675 qua
2660 1609 2925 1675 membra)
2949 1607 3394 1673 fornicationem,
3420 1611 3711 1664 recedendo

442 1704 477 1740 ιι
504 1687 1046 1749 Deo,immunditiam
1079 1690 1141 1741 in
1157 1691 1609 1755 consanguineos,
1635 1689 1925 1744 libidinem
1949 1696 2143 1745 contra
2175 1695 2980 1766 naturam,concupiscentiam
3003 1696 3211 1751 malam
3235 1714 3346 1751 non
3362 1698 3707 1765 habitorum,

447 1783 507 1831 et
536 1776 830 1831 avaritiam
851 1776 1190 1831 habitorum.
1219 1792 1342 1845 quae
1372 1781 1459 1830 est
1486 1776 1919 1832 simulacrorum
1939 1778 1992 1832 4.
2028 1779 2291 1840 servitus.
2320 1788 2552 1853 prOpter
2588 1799 2712 1854 qua:
2741 1785 3063 1853 supradicta
3111 1784 3263 1838 venit
3291 1786 3377 1839 ira
3412 1786 3511 1840 Dei
3541 1801 3714 1857 super

446 1866 591 1921 ﬁlios
611 1866 1015 1936 (intransitive)
1032 1865 1445 1919 incredulitatis
1469 1884 1481 1932 ;
1513 1865 1573 1919 in
1602 1866 1805 1936 quibus
1833 1870 1985 1921 vitiis
2012 1873 2070 1921 et
2092 1884 2188 1922 vos
2210 1868 2545 1925 ambulastis
2567 1871 2890 1943 aliquando,
2924 1888 3053 1926 cum
3098 1872 3357 1927 viveretis
3380 1873 3510 1927 illis.
3543 1874 3709 1929 Nunc

455 1958 648 2010 auten!
667 1956 930 2026 deponite
946 1962 1003 2009 et
1029 1972 1127 2010 vos
1156 1955 1365 2019 omnia,
1387 1955 2845 2030 scilicet,iram,indignationem,malitiam,rapinam,
2865 1958 3273 2031 blasphemiam
3298 1964 3362 2014 in
3380 1962 3570 2026 Deum,
3594 1966 3714 2016 tur-

450 2061 578 2115 pem
612 2059 929 2097 sermonem
938 2046 1255 2111 ,jocularia,
1275 2043 1345 2096 de
1365 2058 1460 2096 ore
1486 2048 1689 2096 vestro.
1705 2043 1890 2098 Nolite
1904 2045 2133 2098 mentiri
2162 2045 2403 2102 invicem
2435 2049 2880 2119 5.exspoliantes
2898 2065 2995 2103 vos
3013 2054 3261 2103 veterem
3283 2049 3567 2104 hominem
3578 2067 3709 2105 cum

449 2132 669 2187 actibus
701 2132 835 2197 suis,
861 2148 1042 2186 massa
1072 2134 1362 2195 vitiorum,
1386 2130 1441 2185 6.
1472 2138 1529 2185 et
1552 2131 1852 2187 induentes
1872 2150 2077 2188 novum
2100 2151 2252 2200 eum,
2271 2136 2323 2190 7.
2350 2137 2446 2207 qui
2469 2144 2773 2191 renovatur
2789 2135 2842 2192 8.
2869 2136 2927 2191 in
2953 2137 3298 2207 agnitionem
3315 2139 3414 2192 Dei
3424 2140 3498 2192 ad
3520 2155 3711 2207 cogno-

443 2224 707 2277 scendum
736 2227 775 2286 ι
789 2226 919 2285 69
932 2220 1437 2284 Deum,secundum
1463 2220 1766 2291 imaginem
1778 2223 1900 2293 ejus
1919 2225 2057 2295 (ecce
2074 2226 2170 2277 ubi
2182 2231 2489 2279 renovatur
2506 2228 2567 2279 in
2586 2230 2802 2292 anima,
2820 2228 3023 2279 scilicet
3044 2228 3105 2280 in
3128 2242 3188 2280 ea
3195 2231 3357 2294 parte
3371 2243 3488 2296 quae
3504 2230 3709 2281 similis

422 2354 425 2359 .
447 2318 526 2366 est
545 2311 813 2382 Creatori)
831 2311 928 2382 qui
949 2310 1158 2365 creavit
1171 2310 1350 2364 illum.
1364 2310 1469 2365 Ubi
1493 2314 1578 2377 (in
1598 2327 1710 2378 qua
1732 2312 2080 2367 renovatione
2098 2318 2292 2368 nullus
2308 2316 2605 2382 eaeipitur,
2633 2330 2728 2368 nec
2743 2319 2965 2383 propter
2972 2329 3263 2382 personam
3282 2315 3573 2389 accipitur)
3595 2331 3708 2370 non

445 2407 529 2456 est
546 2401 774 2471 gentilis
793 2406 1036 2465 tantum,
1055 2406 1112 2454 et
1135 2399 1756 2464 Judzeus,circumcisio,
1784 2408 1840 2455 et
1851 2403 2205 2474 praeputium.
2229 2402 2529 2466 Barbarus,
2545 2409 2603 2456 et
2621 2403 2847 2474 Scytha,
2870 2419 3083 2469 servus,
3100 2408 3158 2458 et
3182 2402 3338 2470 liber;
3372 2404 3471 2458 sed
3492 2406 3700 2472 omnia,

445 2497 501 2545 et
518 2491 577 2544 in
606 2489 863 2544 omnibus
885 2491 1098 2545 habitat
1123 2489 1602 2559 Christus,recipit
1622 2492 1872 2546 Christus
1894 2509 1960 2545 ea;
1974 2496 2252 2549 omnibus.
2280 2492 2505 2547 lnduite
2530 2509 2625 2547 vos
2648 2509 2781 2564 ergo
2817 2496 3034 2564 (pravos
3057 2501 3213 2549 actus
3241 2497 3305 2549 in
3332 2496 3482 2550 vobis
3513 2501 3711 2551 morti-

1795 2615 2380 2671 COMMENTARIUS.

443 2733 646 2806 quibus
674 2734 881 2788 mortui
906 2749 1121 2797 sumus,
1168 2733 1258 2786 lex
1289 2733 1469 2805 Moysi
1520 2732 1888 2803 intelligenda
1925 2739 2028 2799 est,
2052 2737 2095 2793 Α
2188 2731 2242 2789 2.
2265 2734 2492 2787 AUGUST
2537 2732 2655 2799 (lib.
2689 2733 2761 2786 De
2790 2749 3001 2787 resurr.
3036 2739 3185 2788 mort
3212 2775 3228 2798 ,
3263 2732 3412 2789 inter
3437 2735 3583 2807 frag.
3616 2734 3705 2798 31,

439 2823 644 2895 quibus
674 2822 834 2893 quasi
872 2821 1186 2888 elementis,
1219 2826 1276 2874 et
1302 2822 1593 2893 religionis
1639 2822 1881 2876 exordiis
1922 2823 2034 2877 Do-
2116 2825 2237 2875 tom
2289 2822 2339 2875 X
2365 2827 2384 2889 )
2411 2822 2754 2889 Mortiﬁcate.
2781 2821 3067 2893 Spiritalia
3094 2823 3359 2894 nequitiae
3377 2824 3514 2878 dicit
3531 2841 3712 2879 mem-

436 2913 578 2968 mini
604 2912 870 2967 discimus
899 2911 1179 2982 quomodo
1206 2911 1484 2967 elementa
1511 2912 1865 2983 appellantur
1892 2912 2038 2966 litte—
2120 2909 2223 2964 bra
2244 2927 2413 2980 super
2446 2915 2679 2964 terram.
2713 2910 2858 2965 Nam
2897 2912 3174 2983 sequitur,
3206 2919 3265 2967 et
3281 2913 3507 2984 exponit
3533 2914 3713 2969 avari-

436 3020 531 3070 rae,
561 3019 662 3073 per
682 3018 840 3073 quas,
877 3000 1124 3073 syllabas
1160 3018 1226 3055 ac
1252 3001 1419 3055 verba
1443 3001 1857 3071 conjungimus.
1881 3006 1938 3055 et
1965 3000 2037 3054 ad
2120 2999 2278 3067 tiam,
2311 3000 2752 3067 immunditiam,
2781 3005 2909 3064 etc.,
2940 3018 3062 3072 qua:
3089 3001 3205 3056 illic
3243 3003 3585 3074 exsequitur.
3619 3019 3712 3058 ex-

434 3091 731 3146 texendam
753 3089 1065 3144 orationem
1091 3088 1446 3160 procedimus
1471 3107 1482 3141 :
1518 3089 1597 3143 sic
1621 3089 1913 3144 elementis
1934 3090 2037 3144 Ye-
2118 3092 2433 3160 spoliantes,
2466 3097 2573 3144 etc.
2786 3080 2791 3085 ’

433 3179 570 3234 teris
608 3178 955 3234 Testamenti
999 3184 1063 3232 ut
1097 3178 1167 3232 ad
1198 3178 1585 3248 Evangelicam
1622 3178 2028 3248 plenitudinem

431 3268 641 3332 veniat,
666 3268 844 3322 sancti
874 3266 977 3321 viri
1008 3267 1265 3321 eruditur
1287 3266 1544 3320 infantia.

504 3357 595 3416 27.
628 3358 830 3411 Lssra.
863 3357 941 3410 Ab
968 3357 1266 3411 elementis.
1300 3356 1591 3410 Elementa
1622 3361 1779 3410 vocat
1816 3356 1917 3409 has
1948 3356 2027 3410 vi-

433 3446 621 3501 sibiles
650 3451 957 3509 creaturas,
994 3460 1115 3515 quae
1159 3444 1217 3497 in
1262 3449 1383 3497 tota
1435 3444 1801 3498 universitate
1841 3450 2027 3515 partes

432 3535 630 3589 mundi
661 3541 794 3589 sunt
849 3533 927 3599 Si,
961 3532 1165 3604 inquit,
1192 3550 1320 3587 cum
1361 3533 1528 3586 ﬁdem
1561 3533 1767 3587 Christi
1797 3550 2026 3603 accepe-

431 3624 574 3689 ritis,
617 3622 845 3689 mortui,
886 3622 944 3675 id
983 3627 1085 3686 est,
1136 3621 1386 3691 separati
1418 3621 1552 3675 estis
1579 3622 1650 3675 ab
1688 3621 2031 3677 abstinentia

414 3719 818 3777 creaturarum
847 3709 1309 3773 mundi,Judaico
1339 3710 1450 3764 ritu
1485 3710 1871 3770 abstinebatis.
1894 3711 2026 3783 quid

432 3804 614 3857 adhuc
657 3807 929 3870 tanquam
972 3799 1219 3853 viventes
1272 3798 1327 3853 in
1384 3799 1581 3853 eadem
1640 3809 2027 3856 creaturarum

432 3890 630 3948 mundi
656 3886 997 3943 abstinentia
1018 3887 1250 3941 Judaico
1280 3887 1393 3942 ritu
1419 3888 1719 3943 decernitis
1740 3889 1986 3945 dicentes
2011 3910 2023 3945 :

430 3984 516 4037 Ne
537 3979 847 4045 tetigerilis,
878 3992 1049 4045 neque
1074 3980 1446 4044 gustaveritis,
1481 3983 1589 4032 etc.
1621 3978 1812 4033 Potest
1855 3980 2026 4034 etiam

2182 3178 2233 3233 3.
2266 3179 2480 3235 Lmen.
2518 3181 2763 3234 Membra
2793 3185 2991 3243 vestra,
3033 3179 3091 3234 id
3131 3185 3237 3245 est,
3272 3186 3460 3251 partes
3504 3180 3706 3236 veteris

2108 3267 2371 3329 hominis,
2407 3268 2503 3338 qui
2559 3268 2891 3322 universitas
2939 3269 3151 3340 peccati
3207 3268 3561 3340 intelligitur,
3618 3270 3706 3324 vel

2111 3356 2490 3411 membrorum
2522 3363 2842 3411 nostrorum
2872 3357 3366 3428 concupiscentiae.

2181 3444 2234 3501 4.
2261 3446 2484 3502 Servitu
2517 3488 2528 3500 .
2552 3445 2606 3502 H
2626 3463 2673 3501 »ο
2691 3446 2822 3500 dicit
2845 3453 3073 3518 prOpter
3100 3446 3708 3518 imaginesimperato-

2110 3551 2237 3589 rum
2276 3552 2398 3605 quae
2430 3535 2676 3589 numinis
2697 3535 3401 3607 reperiunturinsculptaa;
3435 3536 3583 3591 unde
3612 3537 3710 3608 qui

2112 3623 2357 3678 nummis
2386 3623 2699 3678 inserviunt
2727 3624 2889 3696 quasi
2925 3624 3109 3693 idolis,
3152 3632 3209 3679 ct
3244 3625 3559 3680 simulacris
3588 3641 3709 3680 ser-

2110 3712 2225 3767 viro
2256 3712 2533 3767 videntur.

2185 3819 2235 3873 5.
2267 3821 2511 3875 Aucusr.
2570 3820 2683 3889 (lib.
2716 3835 2847 3875 xxrv
2893 3826 3092 3876 contra
3132 3823 3343 3888 Faust.,
3396 3825 3535 3878 tom.
3584 3821 3705 3887 VI.)

2110 3909 2491 3977 Emspolianles
2521 3915 2771 3964 veterem.
2794 3909 3049 3965 Veterem
3069 3910 3352 3965 hominem
3382 3910 3523 3965 nihil
3553 3911 3706 3965 aliud

2108 3998 2411 4069 Apostolus
2439 3999 2593 4064 dicit,
2626 4016 2792 4070 quam
2823 4006 3065 4054 veterem
3098 4000 3288 4065 vitam,
3320 4016 3443 4071 quae
3478 4000 3537 4054 in
3574 4016 3705 4071 pec-

428 4067 671 4159 ίηιειιίεξ
690 4082 817 4159 (ηυξ)
858 4066 915 4135 [Γ
928 4107 945 4131 ο
975 4065 1333 4159 delphf‘ismv
1354 4066 1514 4159 (Ιξιξὶεί
1542 4067 1755 4121 diceret
1783 4067 1870 4159 ξεί
1887 4085 2025 4159 Ψοέ
2049 4079 2089 4137 Β
2112 4065 2238 4142 cato
2257 4094 2361 4153 est,
2393 4087 2451 4142 in
2476 4104 2587 4159 quo
2618 4065 2925 4143 secundum
2951 4089 3130 4143 Adam
3150 4065 3382 4144 vivetur.

431 4158 516 4214 tui
571 4156 704 4212 estis
759 4154 903 4209 sicut
953 4161 1011 4209 et
1061 4154 1337 4220 Christus,
1394 4155 1453 4209 id
1505 4161 1611 4221 est,
1676 4163 1735 4211 et
1782 4157 2027 4212 Ecclesia

432 4246 661 4304 Christi.

501 4336 591 4395 28.
624 4338 691 4391 Et
718 4337 791 4391 ad
818 4351 930 4391 non
966 4336 1308 4404 parcendum
1347 4338 1581 4404 corpori.
1623 4336 1777 4399 Qum,
1818 4335 2027 4391 scilicet

431 4443 628 4483 carnes
655 4425 846 4480 suillas
869 4440 981 4478 non
1003 4441 1125 4479 esse
1162 4424 1549 4489 comedendas,
1572 4424 1877 4479 constituta
1895 4431 2027 4480 sunt

430 4517 502 4571 ad
539 4532 651 4571 non
692 4514 1033 4586 parcendum
1072 4512 1312 4583 corpori,
1352 4518 1419 4567 ut
1453 4530 1654 4584 corpus
1703 4513 2019 4584 afﬂigatur;

430 4605 555 4661 cibo
578 4604 729 4659 enim
767 4601 1082 4656 substracto
1102 4618 1303 4672 corpus
1344 4602 1632 4672 affligitur,
1649 4603 1750 4656 Vel
1769 4619 1879 4657 non
1894 4609 2027 4658 sunt

429 4694 734 4751 constituta
764 4692 833 4746 ad
863 4690 1205 4761 parcendum
1235 4691 1471 4762 corpori,
1506 4691 1609 4746 hoc
1632 4701 1719 4746 est
1746 4692 1814 4746 ad
1846 4692 2025 4763 provi-

429 4783 674 4839 dendum
692 4780 911 4852 corpori
932 4786 1144 4847 nostro;
1167 4796 1295 4834 cum
1313 4780 1521 4834 enim'a
1550 4781 1853 4836 mortiferis
1883 4781 2021 4836 cibis

427 4872 795 4936 abstinemus,
813 4869 1032 4944 corpori
1056 4875 1249 4923 nostro
1269 4869 1643 4940 providemus.
1670 4870 1775 4924 Sed
1794 4876 2024 4942 propter

426 4963 535 5018 hoc
571 4977 685 5016 non
713 4959 1000 5014 abstinent.
1039 4958 1217 5014 Judaei
1264 4957 1334 5012 ab
1362 4958 1686 5030 hujusmodi
1729 4959 2019 5029 carnibus;

427 5068 532 5108 nec
561 5051 687 5106 ideo
720 5049 868 5121 quod
900 5047 1197 5103 honestius
1219 5048 1398 5120 possit
1433 5048 1679 5104 saturari
1705 5048 1832 5104 aliis
1852 5066 2023 5121 quam

424 5140 722 5214 prohibitis
750 5137 1027 5194 carnibus.

497 5230 656 5287 CAP.
687 5229 795 5284 III.
838 5255 898 5268 -
933 5227 989 5280 1.
1024 5224 1283 5282 Auous'r.
1328 5228 1502 5290 (Cant.
1525 5227 1789 5282 Faustum
1818 5227 1916 5283 lib.
1940 5243 2018 5296 XI,

2181 4193 2238 4252 6.
2269 4195 2473 4250 Lmen.
2503 4197 2795 4251 Induentes
2828 4212 3052 4255 novum.
3079 4195 3134 4249 id
3165 4200 3269 4262 est,
3292 4194 3589 4251 induentes
3606 4211 3704 4251 vos

2109 4284 2434 4351 novitatem,
2465 4284 2630 4338 facite
2655 4301 2751 4339 vos
2781 4301 2984 4339 novum
3008 4284 3309 4339 hominem.

2177 4388 2229 4443 7.
2257 4390 2506 4445 Auaus'r.
2537 4390 2650 4453 (lib.
2682 4404 2771 4444 xxv
2798 4390 2871 4444 De
2906 4390 3134 4454 Trinit.,
3170 4405 3200 4443 c
3267 4388 3350 4455 16,
3395 4395 3533 4444 tom.
3575 4391 3701 4459 ΙΙΙ.)

2108 4480 2215 4546 Qui
2233 4485 2551 4532 renovatur.
2573 4480 2689 4533 Ista
2711 4479 3017 4540 renovatio,
3050 4484 3136 4533 est
3148 4479 3469 4533 reformatio
3498 4478 3705 4534 mentis

2108 4566 2415 4623 secundum
2436 4569 2636 4630 Deum,
2658 4569 2744 4623 vel
2773 4569 3078 4623 secundum
3109 4569 3413 4641 imaginem
3436 4569 3572 4636 Dei;
3603 4570 3703 4623 sed

2105 4656 2232 4711 ideo
2262 4657 2467 4711 dicitur
2498 4658 2808 4712 secundum
2837 4658 3035 4721 Deum,
3080 4675 3151 4712 ne
3188 4658 3493 4713 secundum
3530 4659 3703 4713 aliam

2105 4752 2420 4800 creaturam
2453 4747 2570 4801 fieri
2595 4753 2842 4818 putetur.
2878 4748 3009 4802 Ideo
3030 4756 3217 4803 autem
3239 4748 3702 4803 secundumima-

2102 4835 2289 4906 ginem
2320 4835 2439 4901 Dei,
2473 4842 2537 4891 ut
2575 4836 2632 4891 in
2656 4853 2723 4890 ea
2750 4854 2812 4891 re
2842 4836 3195 4907 intelligatur
3238 4837 3362 4891 ﬁeri
3390 4838 3506 4892 haec
3533 4853 3701 4892 reno-

2103 4925 2270 4982 vatio.
2304 4923 2401 4979 ubi
2430 4930 2516 4979 est
2542 4925 2728 4996 imago
2759 4925 2879 4991 Dei,
2906 4926 2963 4979 id
2990 4932 3093 4991 est,
3124 4925 3182 4979 in
3209 4933 3409 4981 mente.
3446 4927 3572 4981 Non
3596 4927 3703 4981 ita-

2105 5031 2214 5086 que
2235 5015 2313 5068 sic
2339 5014 2722 5085 intelligamus
2760 5015 3068 5069 secundum
3108 5015 3411 5086 imaginem
3449 5017 3571 5086 ejus
3600 5016 3701 5086 qui

2105 5103 2313 5158 creavit
2341 5121 2497 5172 eum;
2532 5105 2691 5175 quasi
2718 5105 2829 5160 alia
2858 5111 2945 5160 est
2971 5106 3160 5178 imago
3191 5106 3497 5162 secundum
3526 5124 3696 5179 quam

2103 5198 2429 5271 renovatur,
2452 5209 2565 5248 non
2585 5194 2705 5265 ipsa
2734 5211 2857 5267 quae
2875 5200 3191 5254 renovatur.

396 5336 547 5391 cap.
581 5315 634 5384 7,
676 5315 779 5371 sub
826 5316 1037 5375 ﬁnem.)
1082 5317 1266 5383 Igitur
1309 5317 1362 5369 si
1407 5319 1854 5372 consurrexistis.
1892 5318 2084 5383 NonC
2172 5315 2234 5376 8.
2264 5319 2470 5375 Lmen.
2501 5321 2567 5374 In
2591 5322 2964 5387 agnitionem.
3001 5321 3067 5376 In
3089 5320 3377 5392 agnitione
3404 5320 3506 5376 Dei
3534 5337 3695 5376 reno-

424 5408 621 5479 utique
646 5404 1053 5465 resurreximus
1080 5404 1228 5460 sicut
1255 5404 1532 5464 Christus.
1564 5406 1658 5460 sed
1698 5412 1891 5462 tamen
1933 5425 2017 5463 se-
2097 5413 2260 5485 vatur
2281 5409 2449 5463 homo
2474 5408 2546 5463 ad
2563 5407 2869 5479 imaginem
2890 5410 2992 5465 Dei
3020 5429 3037 5464 :
3064 5410 3180 5465 haec
3205 5416 3293 5465 est
3317 5410 3466 5466 enim
3504 5410 3691 5481 imago

426 5496 671 5555 cundum
692 5510 849 5566 spem
872 5508 995 5565 quae
1015 5491 1073 5547 in
1092 5492 1189 5547 illo
1221 5491 1524 5565 [al..nobis
1548 5493 1614 5553 in
1635 5493 1751 5569 illo]
1777 5499 2014 5569 est,jam
2096 5498 2219 5563 Dei,
2249 5497 2316 5552 ad
2345 5514 2515 5569 quam
2544 5498 2753 5553 creavit
2788 5498 3094 5563 hominem.
3120 5506 3186 5555 ut
3222 5500 3479 5556 videlicet
3511 5499 3689 5556 ratio-

426 5600 529 5640 nos
556 5600 689 5640 eum
714 5583 811 5639 illo
840 5582 1211 5639 resurrexisse
1231 5585 1471 5638 testatus
1499 5588 1603 5639 est.

2096 5586 2241 5643 nalis
2265 5592 2432 5657 esset,
2462 5592 2521 5644 et
2538 5587 2784 5644 coelestia
2813 5605 3037 5663 semper
3061 5589 3343 5663 diligeret.
