4040 6186
295 237 398 294 3'29
954 235 1032 288 IN
1070 235 1137 292 D.
1177 234 1392 288 PAULI
1432 234 1653 290 EPIST.
1695 233 2067 290 COMMENT.
2109 264 2175 276 --
2213 233 2444 291 EPIST.
2483 237 2581 290 AD
2621 236 2912 294 COLOSS.
3457 241 3566 303 330

298 361 451 425 βίαια
471 376 486 420 ;
509 361 718 411 viscera
740 363 928 411 autem
949 357 1340 410 misericordia
1368 355 1609 427 induite)
1630 357 1774 410 sicut
1797 357 1958 410 electi
1977 357 2098 423 Dei,
2118 358 2318 423 sancti,
2342 363 2400 412 et
2418 359 2627 427 dilecti,
2661 361 2892 428 viscera,
2922 368 3129 431 partes,
3167 365 3567 425 misericordiae

292 450 450 517 (ecce)
484 446 914 516 benignitatem,
947 445 1346 507 humilitatem,
1377 445 1732 512 modestiam,
1763 446 2092 516 patientiam
2119 466 2130 510 ;
2164 453 2561 518 supportantes
2596 465 2684 503 vos
2706 449 2960 516 invicem,
2995 457 3052 506 et
3079 453 3354 511 donantes
3381 457 3568 512 vobis-

297 535 576 607 metipsis,
599 535 646 588 si
676 535 800 605 quis
831 535 1097 588 adversus
1128 534 1372 605 aliquem
1399 534 1568 588 habet
1583 535 1889 604 querelam,
1915 535 2061 589 sicut
2081 541 2139 589 et
2166 536 2439 591 Dominus
2467 538 2696 592 donavit
2716 539 2886 605 vobis,
2918 541 2998 594 ita
3025 547 3082 596 et
3110 560 3224 598 vos.
3254 547 3436 616 Super
3453 563 3570 602 om-

296 625 388 678 nia
414 630 612 678 autem
640 624 776 690 haec,
809 624 1142 677 charitatem
1173 622 1394 679 habete.
1423 625 1544 674 sitis
1571 623 1902 689 habentes,9.
1926 625 2095 694 quod,
2120 626 2274 678 idest
2303 626 2659 684 charitas.est
2681 626 2958 683 vinculum
2988 632 3360 701 perfectionis,
3379 652 3570 691 massa

296 716 603 776 uirtutum,
631 716 712 766 vet
739 716 1130 781 per/“actorum,
1154 717 1209 764 et
1239 728 1345 781 pax
1365 711 1590 775 Christi,
1615 727 1725 778 qua
1747 715 2122 766 reconciliavit
2147 715 2394 767 homines
2414 715 2783 781 Deo,exsultet
2808 717 2866 771 in
2895 719 3153 776 cordibus
3172 724 3573 789 vestris,e:rsul-

299 807 417 855 tare
447 804 622 868 faciat
651 802 815 854 corda
844 806 1040 865 vestra,
1065 800 1124 853 in
1153 816 1284 870 qua,
1308 816 1407 868 per
1433 817 1622 868 quam,
1647 806 1704 853 et
1729 801 1908 854 vocati
1934 802 2087 865 estis,
2123 805 2264 867 sitis,
2296 803 2355 856 in
2385 819 2496 857 uno
2537 817 2788 874 corpore,
2817 808 3072 875 Ecclesia,
3104 815 3161 864 et
3185 813 3335 882 grati
3367 819 3569 880 estote,

295 892 514 958 gratias
544 893 711 956 agite.
743 889 1012 954 Verbum,
1036 892 1377 957 pradicatio,
1401 889 1610 943 Christi
1639 888 1856 944 habitet
1883 889 1941 944 in
1970 890 2124 944 vobis
2143 890 2515 958 abundanter,
2545 893 2602 946 in
2628 894 2779 948 omni
2805 896 3253 967 sapientia,sitis,
3285 903 3568 970 docentes,

297 985 353 1032 et
373 983 801 1031 commonentes
830 979 1359 1048 vosmetipsos,(ecce
1389 981 1452 1030 in
1484 994 1593 1046 qua
1613 981 1910 1047 sapientia)
1943 979 2192 1049 psalmis,
2220 981 2466 1050 hymnis,
2495 987 2554 1035 et
2582 983 2812 1036 canticis
2843 985 3250 1054 spiritualibus,
3281 990 3340 1044 in
3359 992 3568 1061 gratia,

296 1071 621 1134 gratiarum
646 1070 874 1130 actione,
901 1072 1192 1120 cantantes
1214 1068 1272 1120 in
1301 1065 1563 1120 cordibus
1582 1067 1802 1130 vestris,
1837 1083 1949 1120 non
1979 1085 2069 1120 ore
2091 1073 2328 1131 tantum,
2351 1070 2486 1136 Deo,
2507 1087 2619 1124 non
2639 1073 2975 1126 hominibus.
3012 1076 3074 1128 Ut
3105 1078 3338 1131 breviter
3357 1082 3503 1133 vobis
3522 1086 3572 1134 et

297 1157 690 1209 abundantius
723 1157 900 1209 dicam
923 1175 936 1209 :
963 1157 1142 1210 Omne
1155 1155 1546 1226 quodcumque
1573 1155 1755 1209 facitis
1781 1155 1838 1208 in
1858 1156 2024 1210 verbo
2045 1162 2144 1210 aut
2166 1157 2221 1210 in
2245 1159 2629 1228 opere,omnia
2648 1159 2705 1214 in
2729 1162 2958 1215 nomine
2974 1163 3196 1218 Domini
3213 1165 3345 1220 Jesu
3365 1168 3575 1225 Christi

297 1246 486 1312 facite,
519 1243 734 1314 gratias
764 1249 994 1313 agentes
1015 1245 1148 1308 Deo,
1189 1251 1247 1297 et
1275 1244 1430 1297 Patri
1460 1261 1561 1313 per
1607 1243 1814 1314 ipsum,
1844 1247 2030 1299 Jesum
2062 1248 2436 1300 mediatcrem.
2460 1248 2747 1315 Mulieres,
2772 1249 3008 1306 subditae
3041 1258 3217 1307 estote
3247 1254 3399 1314 viris.
3431 1255 3575 1310 sicut

298 1338 527 1403 Oportet
556 1332 616 1385 in
647 1332 904 1385 Domino.
937 1331 1076 1396 Viri,
1103 1331 1322 1401 diligite
1350 1348 1550 1385 uxores
1572 1338 1806 1398 vestras,
1841 1339 1898 1387 et
1916 1335 2088 1388 nolite
2103 1335 2281 1388 amari
2307 1352 2428 1391 esse
2457 1337 2525 1390 ad
2555 1337 2859 1404 illas.Filii,
2884 1339 3103 1395 obedite
3122 1343 3450 1412 parentibus
3479 1361 3581 1414 per

299 1422 495 1475 omnia
519 1441 532 1488 ;
562 1421 668 1474 hoc
694 1421 845 1474 enim
873 1420 1140 1490 placitum
1174 1425 1260 1473 est
1288 1421 1345 1473 in
1365 1420 1856 1488 Domino.Patres,
1888 1423 2060 1476 nolite
2077 1423 2147 1476 ad
2175 1423 2621 1494 indignationem
2651 1443 2951 1495 provocare
2972 1429 3115 1484 filios
3145 1436 3447 1497 vestros,ut
3466 1448 3580 1488 non

299 1510 508 1581 pusillo
540 1509 750 1574 animo,
779 1511 842 1562 in
865 1510 1142 1576 patiendo,
1172 1513 1270 1561 aut
1295 1510 1575 1575 fugiendo,
1617 1511 1772 1563 ﬁant.
1811 1511 1986 1576 Servi,
2010 1511 2227 1565 obedite
2259 1520 2360 1583 per
2377 1514 2568 1567 omnia
2595 1514 2838 1569 dominis
2865 1517 3322 1581 carnalibus,non
3345 1521 3418 1574 ad
3444 1538 3580 1576 ocu-

301 1599 417 1651 lum
448 1597 780 1663 servientes,
814 1597 974 1667 quasi
1004 1596 1326 1650 hominibus
1348 1598 1650 1667 placentes,
1684 1599 1783 1652 sed
1812 1599 1871 1652 in
1898 1599 2255 1670 simplicitate
2285 1602 2486 1667 cordis,
2520 1602 2783 1659 timentes
2805 1605 2982 1661 Deum
3012 1609 3254 1662 Patrem.
3279 1609 3580 1673 Quodcun-

303 1702 416 1756 que
447 1686 654 1751 facitis,
680 1703 747 1738 ex
777 1685 966 1739 animo
1015 1685 1349 1756 operamini,
1383 1686 1530 1739 sicut
1570 1687 1830 1756 Domino,
1857 1693 1914 1741 et
1937 1704 2050 1742 non
2079 1689 2419 1754 hominibus,
2455 1706 2567 1744 non
2596 1695 2947 1759 respicientes
2985 1695 3120 1762 quid
3161 1697 3406 1751 homines
3425 1704 3579 1763 sunt,

299 1777 544 1831 scientes
576 1777 728 1846 quod
755 1793 790 1830 a
814 1776 1056 1831 Domino
1086 1776 1370 1846 accipietis
1418 1776 1848 1832 retributionem
1876 1778 2237 1832 haereditatis.
2272 1777 2354 1834 10.
2389 1779 2628 1833 Domino
2657 1780 2878 1835 Christo
2908 1782 3128 1838 servite.
3161 1784 3252 1842 11.
3287 1785 3395 1850 Qui
3431 1787 3582 1842 enim

300 1865 574 1936 injuriam
603 1865 756 1934 facit,
793 1865 1029 1936 accipiet
1054 1865 1112 1918 id
1143 1863 1292 1935 quod
1321 1865 1511 1936 inique
1543 1866 1752 1936 gessit;
1776 1871 1834 1920 et
1859 1882 1972 1920 non
1999 1873 2084 1921 est
2109 1883 2478 1938 personarum
2507 1868 2754 1939 acceptio
2781 1870 2930 1941 apud
2957 1871 3156 1927 Deum.

1770 1990 2005 2047 CAPUT
2034 1992 2130 2047 IV.

367 2095 784 2166 Domini,quod
799 2097 1017 2165 justum
1030 2099 1113 2149 est
1141 2099 1198 2148 et
1227 2112 1452 2166 aequum
1481 2095 1656 2149 servis
1667 2097 2193 2166 praestate,scientes
2225 2099 2374 2169 quod
2406 2104 2464 2153 et
2493 2116 2587 2153 vos
2615 2100 2918 2155 Dominum
2944 2101 3166 2157 habetis
3193 2103 3254 2158 in
3279 2105 3604 2162 coelo.0ra-.

301 2186 440 2239 tioni
478 2185 709 2250 instate,
740 2184 1037 2254 vigilantes
1058 2184 1116 2237 in
1147 2200 1215 2238 ea
1233 2185 1292 2238 in
1312 2184 1626 2254 gratiarum
1649 2185 1887 2251 actione,
1917 2193 2143 2241 orantes
2154 2187 2319 2242 simul
2341 2195 2398 2242 et
2415 2205 2516 2259 pro
2538 2188 2698 2242 nobis
2727 2194 2792 2242 ut
2809 2191 2958 2244 Deus
2969 2191 3187 2261 aperiat
3202 2192 3362 2247 nobis
3378 2194 3587 2249 ostium

305 2275 588 2329 sermonis
617 2275 686 2328 ad
714 2275 1056 2344 loquendum
1087 2273 1422 2344 mysterium
1445 2274 1734 2338 Christi,os
1761 2275 1835 2327 ad
1851 2277 2290 2342 praedicandum,
2324 2279 2404 2330 vel
2424 2293 2480 2329 os
2509 2283 2546 2342 Ι
2570 2282 2692 2343 σθ
2713 2279 3058 2343 auditorum,
3086 2283 3148 2334 id
3162 2287 3356 2347 est,cor
3373 2298 3584 2349 eorum,

309 2369 567 2435 (propter
605 2363 776 2434 quod,
809 2368 944 2432 quia
965 2366 1274 2430 manifesto,
1312 2364 1482 2417 etiam
1515 2363 1729 2417 vinctus
1755 2367 1922 2430 sum),
1945 2367 2026 2416 ita
2049 2368 2264 2432 aperiat
2288 2367 2511 2430 ostium,
2543 2370 2608 2418 ut
2633 2365 2984 2420 manifestem
3015 2367 3173 2433 illud,
3196 2369 3276 2422 ita
3289 2379 3354 2423 ut
3370 2375 3592 2440 oportet

303 2453 655 2523 meloqui.In
669 2451 951 2522 sapientia
980 2451 1262 2505 ambulate
1287 2451 1359 2504 ad
1389 2468 1483 2505 eos
1499 2458 1583 2512 (ne
1605 2452 1979 2518 btasphemcnt
2007 2451 2509 2521 Christianitatem)
2521 2453 2615 2523 qui
2644 2453 2782 2508 foris
2803 2455 3348 2522 sunt,inﬁdeles,l.2.
3368 2463 3592 2530 tempus

305 2545 436 2609 quia
470 2544 618 2594 male
645 2539 1234 2605 vixistis,redimentes
1263 2542 1390 2594 bene
1408 2540 1940 2594 virendo.3.Sermo
1973 2547 2156 2595 vester
2179 2558 2404 2610 semper
2429 2542 2487 2595 in
2505 2542 2818 2612 gratiasale
2845 2544 2918 2598 sit
2946 2544 3587 2614 conditus,temperatus,

305 2636 367 2682 ut
393 2629 590 2683 sciatis
627 2628 905 2698 quomodo
936 2633 1190 2698 oporteat
1223 2644 1318 2681 vos
1348 2627 1652 2698 unicuique
1675 2628 2038 2698 respondere.
2074 2630 2208 2694 Quae
2235 2629 2384 2683 circa
2426 2646 2517 2683 me
2558 2637 2708 2692 sunt,
2736 2631 2926 2685 omnia
2957 2633 3107 2688 vobis
3135 2638 3268 2688 nota
3292 2634 3459 2688 faciet
3483 2636 3593 2706 ’I‘y-

305 2719 520 2782 chicus,
544 2717 912 2772 charissimus
936 2717 1129 2781 frater,
1161 2723 1218 2771 et
1247 2717 1428 2771 ﬁdelis
1442 2718 1696 2771 minister
1719 2723 1775 2771 et
1800 2733 2098 2771 conservus
2127 2719 2183 2772 in
2214 2718 2470 2783 Domino,
2505 2735 2671 2789 quem
2702 2720 2828 2773 misi
2856 2721 2927 2774 ad
2961 2737 3055 2775 vos
3079 2721 3150 2775 ad
3181 2723 3286 2776 hoc
3315 2721 3592 2793 ipsum,ut

306 2813 612 2878 cognoscat
641 2824 763 2877 quae
793 2807 940 2861 circa
977 2823 1071 2860 vos
1091 2812 1225 2860 sunt
1251 2811 1308 2860 et
1333 2807 1651 2860 consoletur
1681 2807 1849 2860 corda
1877 2811 2216 2870 vestra,cum
2247 2807 2512 2862 Onesimo
2542 2808 2892 2874 charissimo,
2927 2815 2984 2863 et
3008 2809 3158 2863 fideli
3195 2809 3370 2863 fratre
3400 2810 3497 2881 qui
3526 2826 3595 2866 ex

305 2897 461 2950 vobis
482 2902 572 2950 est
600 2897 946 2966 (Colossensis
968 2902 1126 2953 erat).
1153 2895 1378 2962 Omnia,
1415 2912 1536 2965 quae
1576 2895 1665 2948 hic
1693 2900 1959 2965 aguntur,
1995 2900 2130 2949 nota
2173 2895 2381 2949 facient
2415 2895 2830 2954 vobis.Salutat
2850 2914 2946 2951 vos
2973 2897 3332 2952 Aristarchus
3359 2914 3595 2971 concap-

309 2985 457 3040 tivus
489 3001 673 3050 meus,
705 2983 756 3039 4.
793 2991 851 3038 et
878 2985 1099 3038 Marcus
1128 2984 1496 3039 consobrinus
1527 2983 1817 3049 Barnabae,
1859 2984 1929 3037 de
1968 3001 2076 3055 quo
2103 2984 2394 3054 accepistis
2424 2985 2693 3038 mandata
2719 3001 2755 3038 a
2785 3001 2870 3039 me
2900 3001 2966 3039 ne
2994 3002 3120 3040 eum
3151 2989 3492 3055 reciperetis,
3541 3002 3592 3057 si

307 3075 528 3128 venerit
553 3076 779 3128 Marcus
796 3074 868 3126 ad
894 3073 1432 3144 vos,nunc,excipite
1452 3073 1641 3139 illum;
1676 3078 1733 3126 et
1759 3071 1795 3125 J
1800 3089 1927 3126 esus
1949 3077 2260 3142 (proprium
2283 3077 2499 3141 nomen)
2523 3074 2621 3144 qui
2650 3073 2858 3128 dicitur
2879 3075 3304 3144 justus,salutat
3331 3093 3441 3140 vos;
3472 3076 3591 3147 qui,

308 3164 786 3232 supradicti,sunt
801 3179 865 3216 ex
885 3162 1327 3224 circumcisione,
1347 3163 1404 3215 hi
1426 3161 1529 3216 soli
1555 3166 1688 3215 sunt
1713 3161 2000 3230 adjutores
2024 3162 2134 3216 mei
2164 3163 2224 3216 in
2245 3179 2416 3233 regno
2444 3163 2564 3227 Dei,
2593 3163 2688 3234 qui
2720 3163 2860 3216 mihi
2880 3164 3109 3218 fuerunt
3128 3164 3347 3220 solatio.
3373 3164 3597 3220 Salutat

307 3269 403 3305 vos
436 3252 750 3323 Epaphras,
776 3251 872 3322 qui
898 3269 962 3305 ex
990 3251 1144 3305 vobis
1171 3257 1274 3316 est,
1309 3267 1503 3304 servus
1529 3249 1740 3304 Christi
1764 3248 1800 3302 J
1804 3265 1923 3314 esu,
1946 3267 2168 3322 semper
2196 3251 2465 3306 sollicitus
2496 3269 2596 3323 pro
2618 3251 2772 3306 vobis
2800 3252 2858 3306 in
2887 3253 3315 3318 orationibus,5.
3348 3259 3413 3308 ut
3435 3253 3598 3308 stetis

309 3341 545 3412 perfecti
569 3347 626 3394 et
655 3341 806 3411 pleni
838 3341 898 3394 in
928 3340 1078 3394 omni
1101 3341 1388 3394 voluntate
1425 3339 1546 3393 Dei.
1585 3339 1992 3393 Testimonium
2025 3339 2176 3392 enim
2206 3338 2307 3400 illi,
2343 3340 2627 3407 Epaphras,
2671 3339 2957 3411 perhibeo,
2987 3341 3135 3411 quod
3157 3340 3327 3396 habet
3347 3341 3593 3395 multum

309 3429 565 3484 laborem
589 3447 692 3500 pro
724 3429 896 3492 vobis,
931 3435 986 3482 et
1004 3446 1104 3500 pro
1131 3429 1200 3483 iis
1222 3428 1318 3499 qui
1335 3433 1468 3482 sunt
1494 3427 1786 3492 Laodicize,
1814 3433 1870 3481 et
1900 3427 1995 3497 qui
2020 3427 2324 3498 Hierapoli.
2357 3427 2581 3482 Salutat
2607 3444 2704 3482 vos
2724 3430 2903 3483 Lucas
2925 3430 3176 3484 medicus
3205 3429 3596 3498 charissimus,

313 3525 367 3571 et
392 3520 628 3573 Demas.
665 3519 918 3572 Salutate
946 3519 1149 3572 fratres
1181 3517 1275 3588 qui
1299 3524 1433 3572 sunt
1458 3515 1749 3582 Laodiciae,
1780 3522 1838 3570 et
1862 3517 2203 3587 Nympham,
2233 3523 2431 3588 etquae
2459 3517 2519 3571 in
2557 3517 2721 3571 domo
2751 3519 2874 3588 ejus
2907 3523 2993 3573 est
3010 3519 3334 3575 Ecclesiam.
3369 3519 3438 3573 Et
3468 3535 3599 3574 cum

312 3608 451 3663 lecta
479 3607 658 3663 fuerit
688 3608 840 3678 apud
867 3624 964 3662 vos
989 3607 1240 3678 Epistola
1268 3607 1404 3674 haec,
1421 3607 1587 3660 facite
1617 3611 1678 3660 ut
1709 3611 1767 3660 et
1796 3605 1856 3659 in
1885 3605 2310 3660 Laodicensium
2331 3605 2575 3660 Ecclesia
2596 3607 2821 3677 legatur
2846 3606 2900 3675 6,
2933 3605 2986 3663 7.
3010 3613 3069 3662 et
3092 3624 3219 3663 eam
3247 3624 3370 3680 qua;
3393 3607 3600 3664 Laodi-

1667 3731 2264 3790 COMMENTARIUS.

379 3840 433 3894 9.
467 3842 716 3894 AMBBOS.
756 3840 909 3907 Quod
942 3845 1016 3894 est
1043 3842 1352 3894 vinculum.
1386 3837 1452 3892 In
1475 3839 1682 3903 futuro,
1714 3839 1919 3908 inquit,
1944 3840 1995 3897 A
2077 3836 2128 3890 4.
2165 3837 2231 3890 Et
2258 3835 2500 3890 Marcus.
2544 3835 2782 3907 PrOpter
2826 3836 2976 3892 hunc
3032 3839 3281 3894 Marcum
3327 3837 3601 3894 dissensio

319 3930 519 3984 saeculo
541 3928 641 3982 ubi
667 3929 1107 3993 constiterimus,
1131 3927 1393 3982 charitati
1412 3926 1660 3997 colligati
1690 3926 1925 3980 invicem
2007 3925 2114 3978 fuit
2142 3925 2289 3979 inter
2337 3925 2576 3978 Paulum
2631 3930 2688 3979 et
2733 3926 3068 3992 Barnabam,
3103 3927 3248 3981 sicut
3274 3926 3334 3981 in
3370 3927 3603 3984 Actibus

321 4018 802 4088 permanebimus,
835 4019 1048 4072 nullam
1082 4015 1497 4087 separationem
1534 4014 1771 4069 ulterius
1800 4031 1928 4068 sus-
2009 4013 2392 4084 apostolorum
2436 4013 2645 4084 legitur
2674 4015 2806 4082 (Act.
2834 4031 2920 4080 xv,
2954 4013 3066 4084 39).
3097 4015 3218 4078 Quo
3256 4014 3468 4079 audito,
3496 4016 3598 4069 Co-

319 4107 595 4165 tinentes.
2009 4102 2285 4156 lossenses
2313 4105 2378 4156 ut
2411 4102 2687 4156 auderent
2716 4102 2806 4172 [f.,
2836 4118 2952 4156 non
2982 4101 3279 4172 auderent]
3321 4118 3425 4156 nec
3450 4103 3602 4157 Mar-

393 4197 476 4252 10.
510 4197 970 4250 LANPa.Domino
994 4197 1226 4250 Christo.
1257 4192 1428 4259 Quasi
1450 4193 1662 4248 diceret
1684 4210 1695 4245 :
1718 4192 1929 4257 Quam-
2011 4208 2139 4246 cum
2172 4207 2275 4245 nec
2299 4190 2615 4244 Barnabam
2645 4189 2912 4260 recipere,
2929 4190 3037 4244 nisi
3064 4189 3404 4261 imperatum
3431 4190 3514 4246 eis
3532 4190 3603 4245 ab

327 4285 408 4338 vis
436 4285 671 4354 jubeam
712 4285 986 4355 quosdam
1017 4301 1083 4338 ex
1118 4283 1274 4337 vobis
1301 4281 1505 4336 debere
1532 4282 1658 4336 aliis
1681 4281 1933 4336 subditos
2011 4280 2278 4352 Apostolo
2302 4279 2536 4346 fuisset;
2561 4279 2632 4332 ad
2660 4283 2966 4349 utrumque
2999 4278 3148 4334 enim
3173 4277 3374 4333 referri
3396 4283 3601 4351 potest,

329 4373 754 4444 esse,quosdam
784 4373 1041 4443 diligere,
1063 4372 1204 4425 alios
1233 4371 1360 4425 aliis
1385 4370 1611 4424 obedire
1645 4375 1703 4424 et
1729 4376 1935 4424 caetera
2015 4370 2083 4424 de
2119 4386 2296 4440 quo...

323 4478 444 4532 qua:
462 4462 870 4532 sequuntur,in
894 4461 983 4516 his
1012 4465 1206 4516 tamen
1233 4459 1494 4514 omnibus
1513 4459 1752 4514 Domino
1769 4459 1933 4513 Chri-
2085 4457 2137 4513 5.
2184 4459 2429 4513 AUGUST.
2484 4458 2598 4522 (lib.
2656 4458 2729 4511 De
2777 4461 3010 4525 corrept.
3059 4462 3108 4511 et
3150 4463 3325 4526 grat.,
3384 4474 3506 4530 cap.
3547 4462 3601 4526 7,

323 4557 410 4604 sto
441 4550 670 4605 servite.
2013 4553 2057 4602 t.
2088 4545 2233 4604 VII).
2267 4548 2328 4602 Ut
2355 4548 2506 4600 stetis
2528 4547 2776 4614 perfecti.
2805 4545 2922 4600 Nec
2963 4545 3119 4600 aliud
3139 4561 3388 4613 oramus,
3418 4551 3484 4602 ut
3511 4546 3610 4618 qui

398 4639 486 4692 Η.
515 4639 626 4705 Qui
654 4641 804 4692 enim
829 4641 1133 4707 iniuriam.
1167 4639 1332 4693 Ratio
1361 4637 1652 4708 superiora
1666 4637 1926 4708 probans,
2014 4641 2127 4692 stat
2153 4641 2281 4694 stet,
2313 4635 2420 4690 nisi
2459 4639 2525 4690 ut
2550 4639 2884 4705 perseveret.
2918 4635 3062 4690 Item
3099 4635 3272 4690 Judas
3298 4636 3610 4707 apostolus,

335 4729 404 4782 ab
435 4744 501 4781 eo
533 4727 656 4781 loco
685 4743 795 4797 quo
823 4726 1081 4782 dicatur:
1106 4730 1382 4793 Mulieres,
1414 4731 1520 4780 etc.
2012 4741 2140 4779 cum
2171 4723 2308 4777 dicit
2338 4741 2351 4777 :
2402 4723 2472 4776 Ei
2507 4728 2695 4776 autem
2721 4725 2821 4792 qui
2835 4728 3025 4792 potens
3067 4730 3142 4778 est
3179 4740 3500 4780 conservare
3526 4740 3611 4780 eos

397 4817 560 4870 CAP.
598 4816 694 4873 IV.
727 4815 851 4869 -1.
887 4818 1132 4871 Asianos.
1173 4817 1398 4883 Tempus
1418 4817 1762 4870 redimentes.
1788 4815 1935 4869 Prae-
2017 4813 2136 4884 [al.,
2169 4812 2278 4882 vos]
2298 4813 2416 4865 sine
2444 4813 2755 4877 offensione,
2785 4816 2835 4865 et
2863 4815 3192 4866 constituere
3219 4818 3348 4867 ante
3393 4829 3614 4883 conspe-

325 4922 456 4959 sens
485 4911 716 4976 tempus
738 4905 810 4958 ad
838 4905 1144 4959 utilitatem
1177 4910 1427 4958 nostram
1454 4909 1862 4974 comparantes.
2017 4906 2167 4955 ctum
2190 4901 2380 4969 gloria;
2396 4917 2506 4954 suae
2526 4901 2912 4954 immaculatos
2933 4903 2998 4954 in
3018 4902 3436 4956 tatitia.Nonne
3456 4918 3616 4974 aper-

397 4993 456 5047 2.
491 4993 654 5050 Gneo
703 4995 930 5063 Tempus
955 4993 1562 5062 redimentes.Tempus
1592 4993 1815 5063 quidem
1844 5009 1936 5047 re-
2018 4989 2233 5044 tissime
2273 4988 2518 5042 ostendit
2547 4987 2655 5042 Dei
2682 4987 2894 5042 donum
2921 5003 3046 5042 esse
3093 4988 3154 5044 in
3181 4987 3328 5045 bono
3351 5006 3614 5061 perseve-

331 5081 622 5148 dimimus,
667 5083 891 5152 quando
943 5087 1262 5137 anteactam
1311 5081 1504 5146 vitam,
1554 5097 1722 5152 quam
1780 5082 1938 5136 lasci-
2020 5095 2147 5133 rare
2169 5094 2347 5148 usque
2371 5076 2430 5130 in
2461 5076 2674 5130 tinem?

328 5170 538 5224 viendo
561 5171 930 5241 perdidimus,
957 5173 1141 5227 ﬂendo
1161 5185 1508 5242 reparamus.
1961 5157 2002 5218 Β
2092 5167 2145 5221 6.
2169 5167 2379 5222 LANFR.
2413 5165 2480 5218 Et
2511 5181 2631 5218 eam
2657 5181 2775 5233 qua
2805 5167 3236 5221 Laodicensium.
3270 5167 3352 5222 De
3389 5165 3615 5222 dubita-

395 5257 453 5315 3.
499 5259 711 5314 LANFR.
765 5259 954 5316 Sermo
990 5267 1167 5316 vester
1210 5263 1274 5314 in
1309 5261 1518 5327 gratia.
1560 5259 1660 5314 llic
1688 5260 1933 5330 gratiam
2018 5254 2266 5311 tionibus
2297 5254 2412 5309 suis
2441 5253 2814 5308 Laodicenses
2861 5255 3153 5324 epistolam
3185 5254 3257 5308 ad
3285 5255 3617 5325 Apostolum

320 5352 493 5403 vocat
534 5348 746 5404 bonam
794 5349 1229 5416 observantiam,
1264 5357 1386 5420 quae
1437 5363 1537 5418 per
1561 5349 1805 5418 gratiam
1833 5347 1936 5402 Dci
2021 5344 2384 5415 scripserunt,
2415 5359 2584 5413 quam
2613 5342 2916 5412 Apostolus
2945 5343 3185 5397 Colossis
3205 5343 3316 5412 legi
3342 5342 3614 5415 praecipit,

318 5437 515 5504 datur,
560 5436 708 5493 sicut
749 5439 820 5493 ad
871 5440 1173 5510 Ephesios;
1209 5440 1272 5494 Ut
1301 5441 1386 5496 det
1418 5442 1665 5510 gratiam
1701 5439 1938 5492 audicn-
2021 5439 2086 5488 ut
2152 5448 2348 5486 eorum
2389 5431 2818 5485 Laodicensium
2874 5446 3027 5483 nunc
3079 5429 3196 5484 visa
3247 5430 3617 5498 dubitatione,

324 5528 494 5581 tibus.
985 5541 993 5547 ·
2025 5523 2204 5578 sciant
2229 5519 2362 5593 quid
2390 5519 2784 5593 respondeant,
2817 5523 2874 5574 et
2915 5533 3041 5573 eam
3090 5535 3258 5590 quam
3302 5521 3383 5576 eis
3429 5520 3628 5596 scribit

577 5626 843 5690 ΡΑΤιιοι.
889 5629 1006 5690 CL.

3305 5616 3371 5682 11
