4040 6186
510 295 613 356 331
1496 288 1559 343 B.
1602 287 2017 343 LANFRANCI
2050 286 2414 343 CAN'I‘UAR.
2456 242 2806 343 metuar:
3670 288 3783 350 ιιι

508 422 760 483 censium
786 423 890 485 est,
922 434 1017 481 vos
1038 414 1256 486 legatis.
1290 413 1362 468 Et
1388 413 1558 467 dicite
1590 413 1870 483 Archippo
1902 433 1915 467 ε
1956 411 2097 464 Vide
2123 411 2522 476 ministerium,
2557 413 2704 485 quod
2744 410 3006 483 accepisti
3026 411 3093 464 in
3116 411 3382 475 Domino,
3411 417 3478 467 ut
3507 413 3645 468 illud
3670 414 3782 469 im-

505 506 681 585 pleas.
708 505 1001 573 Salutatio,
1018 519 1144 558 mea
1173 519 1345 567 manu
1370 502 1549 556 Pauli.
1584 499 1638 567 8,
1663 500 1717 557 9.
1740 500 2019 555 Memores
2049 505 2228 553 estote
2249 500 2596 556 vinculorum
2609 518 2883 556 meorum.
2909 500 3109 555 Gratia
3139 502 3237 555 Dei
3253 501 3558 557 vobiscum.
3578 505 3782 563 Amen.

1847 607 2439 665 COMMENTARIUS.

502 704 813 777 Epistolam
838 702 944 771 (54)
974 701 1081 775 ipsi
1106 698 1545 763 Laodicensibus
1574 698 1684 768 legi
1719 697 1958 761 faciant;
1990 695 2166 753 hiecA
2190 697 2623 766 reprehensione
2652 696 3058 751 inferebantur.

506 790 730 857 siesset
757 786 1008 858 Apostoli
1027 786 1098 843 ad
1123 785 1510 849 Laodicenses,
1529 783 1739 836 diceret
1763 798 1875 837 non
1904 779 2101 838 Laodi-
2256 782 2308 840 8.
2341 787 2599 839 Mcmores
2627 791 2802 839 estote.
2838 786 2953 838 Hoc
2975 790 3078 849 est,
3104 785 3173 839 ad
3202 801 3384 839 meam
3414 785 3788 841 imitationem

505 877 779 942 sensium.
817 881 874 929 et
906 876 1203 948 plusquam
1232 872 1499 927 tredecim
1530 872 1618 942 |f.,
1653 868 2101 943 quatuordecim]
2184 890 2287 944 pro
2312 874 2549 929 veritate
2574 874 2746 927 nolite
2773 873 2984 945 pigere.

508 972 696 1035 essent
723 965 985 1039 Epistolas
1013 963 1191 1023 Pauli.
2257 960 2309 1015 9.
2342 962 2552 1016 LANFR.
2590 964 2851 1015 .llemores
2901 968 3059 1015 estote
3109 965 3462 1017 vinculorum
3512 979 3783 1017 meorum.

581 1056 634 1113 7-
664 1057 922 1117 AMBRQS.
954 1052 1021 1109 Et
1039 1069 1160 1109 eam
1181 1068 1299 1122 gum
1335 1052 1769 1105 Laodicensium.
1802 1049 2102 1120 Apostolus
2185 1051 2461 1105 Memores
2517 1067 2611 1105 eos
2652 1067 2775 1103 esse
2821 1050 3171 1104 vinculorum
3209 1067 3439 1105 suorum
3467 1056 3647 1122 rogat,
3672 1053 3783 1115 vel,

500 1160 625 1211 ,uon
644 1144 725 1208 ad
749 1142 1118 1207 Laodicenses
1171 1140 1325 1205 dicit,
1374 1139 1471 1193 sed
1511 1157 1576 1193 ex
1617 1139 1897 1204 Laodicia,
1932 1156 2101 1210 quam
2187 1145 2252 1193 ut
2276 1156 2376 1210 pro
2407 1156 2472 1193 eo
2505 1138 2787 1197 vinculato
2819 1144 2982 1193 orent
3008 1139 3091 1193 vel
3119 1144 3185 1193 ut
3211 1130 3787 1194 necessaria-submi-

497 1232 586 1301 λαὶ
615 1233 961 1303 scripserunt
997 1231 1068 1284 ad
1099 1228 1442 1305 Apostolum,
1478 1228 1533 1282 in
1569 1246 1677 1299 qua
1706 1229 1895 1299 aliqua
1934 1228 2103 1298 digna
2187 1228 2451 1283 nistrcnt.

575 1320 678 1385 (54)
705 1322 889 1390 Negat
911 1318 1256 1385 Lanﬁ‘ancus
1278 1316 1455 1390 Epist.
1479 1317 1551 1371 ad
1580 1316 1906 1370 Laodicens.
1935 1333 2055 1370 esse
2078 1317 2141 1370 B.
2170 1317 2348 1374 Pauli.

494 1586 1046 1685 EPJSIOLA
1108 1587 1210 1679 Β.
1264 1585 1612 1684 PAULI
1684 1583 2239 1679 APOSTOLI
2315 1585 2471 1679 AD
2534 1516 3668 1697 THESSALONICENSES
3702 1585 3781 1693 Ι.

1152 1766 1332 1835 CUM
1372 1764 1950 1839 INTERJECTIS
1991 1764 2072 1829 Β.
2118 1763 2626 1831 LANFRANCI
2677 1765 3143 1835 GLOSSULIS

578 2045 617 2105 ι
638 2043 690 2102 υ
708 2044 747 2103 ι
781 2036 1793 2094 ΑΒαυΜΕΝτυΜ.-Τὴθεεῖιιοηίοθηεθε
1821 2035 2091 2089 δυηιοΜθ-

2180 2034 2328 2089 falsis
2356 2036 2624 2106 apostolis
2642 2034 2997 2093 dicebantur.
3028 2036 3143 2090 Hos
3160 2035 3775 2106 collaudatApostolus,

490 2124 754 2190 oedones,
792 2126 910 2197 qui,
932 2131 1169 2197 accepto
1197 2112 1364 2180 verbo
1403 2126 1677 2189 veritatis,
1724 2125 2092 2195 perstiterunt
2174 2123 2424 2178 scribens
2457 2125 2539 2178 eis
2565 2124 2636 2178 ab
2662 2124 2905 2185 Athenis
2936 2141 3037 2196 per
3062 2124 3368 2196 Tychicum
3392 2125 3693 2189 diaconum
3719 2128 3782 2178 et

478 2216 555 2270 4n
580 2216 694 2269 ﬁde
716 2214 893 2269 etiam
926 2214 993 2267 Fin
1021 2213 1409 2284 persecutione
1436 2214 1641 2267 civium
1664 2229 1917 2267 suorum.
1938 2214 2094 2267 Prm-
2178 2213 2512 2267 Onesimum
2538 2213 2881 2285 acclytbum.

476 2308 1137 2375 «reauecreoeperunt
1154 2303 1332 2357 falsos
1362 2303 1661 2373 apostolos,
1682 2317 1786 2356 nec
1813 2318 1883 2356 ea
1911 2319 2033 2373 qua:
2061 2319 2097 2356 α

1849 2426 2083 2483 CAPUT
2122 2426 2430 2482 PRIMUM.

561 2532 614 2601 1,
640 2533 696 2597 2.
724 2533 957 2599 Paulus,
974 2537 1038 2589 et
1058 2533 1352 2604 Sylvanus,
1381 2531 1799 2596 etTimotheus,
1832 2533 2087 2588 Ecclesiae
2116 2532 2698 2591 Thessalonicensium
2721 2535 3026 2594 constituti,
3046 2532 3104 2587 in
3127 2532 3241 2589 Deo
3266 2532 3433 2591 Patre
3449 2537 3506 2589 et
3529 2533 3775 2593 Domino

487 2624 623 2687 Iesu
644 2622 897 2687 Christo.
933 2606 1129 2683 Gratia
1156 2620 1311 2681 vobis
1344 2626 1399 2675 et
1428 2637 1551 2691 pax.
1586 2620 1812 2679 Gratias
1842 2622 2060 2692 agimus
2090 2624 2203 2679 Deo
2234 2638 2456 2692 semper
2496 2638 2596 2693 pro
2625 2620 2885 2675 omnibus
2916 2620 3085 2687 vobis,
3128 2622 3459 2675 memoriam
3481 2622 3651 2677 vestri
3686 2624 3776 2677 fa-

470 2710 702 2773 ,cientes
725 2711 783 2767 in
814 2709 1162 2775 orationibus
1192 2708 1400 2763 nostris
1431 2708 1552 2764 sine
1584 2707 2019 2771 intermissione,
2054 2727 2334 2773 memores
2364 2710 2549 2781 operis
2583 2710 2712 2763 ﬁdei
2738 2716 2937 2764 vestrae
2967 2712 3111 2779 quod
3138 2714 3306 2779 exigit
3330 2713 3458 2779 fides
3482 2702 3774 2776 vestra,ch

472 2801 741 2873 ,guodvos
772 2800 953 2867 ﬁdeles
978 2800 1189 2866 facitis,
1213 2803 1268 2855 et
1292 2797 1523 2865 laboris,
1554 2801 1612 2851 et
1641 2797 1950 2864 charitatis,
1994 2802 2281 2867 largiendo
2310 2804 2489 2853 vestra
2519 2801 2671 2861 aliis,
2697 2803 2753 2851 et
2784 2799 3133 2863 sustinentia).
3162 2802 3492 2864 tolerantia,
3515 2799 3634 2872 spei
3663 2800 3779 2854 Do-

483 2887 626 2951 mini
648 2888 836 2951 nostri
862 2888 996 2947 Jcsu
1030 2886 1240 2949 Christi
1266 2887 1461 2943 habt-ta
1494 2883 1544 2947 3.
1579 2892 1709 2949 ante
1739 2886 1916 2946 Deum
1949 2891 2004 2943 et
2035 2888 2259 2949 Patrem
2283 2893 2561 2951 nostrum,
2598 2903 2709 2939 non
2733 2888 2806 2939 ad
2826 2891 3048 2941 oculum
3072 2887 3384 2951 hominum,
3416 2890 3468 2941 4.
3502 2887 3743 2942 scientes

468 2976 687 3039 fratres
713 2976 903 3039 dilecti
932 2993 966 3041 ει
995 2976 1131 3040 Deo,
1174 2978 1377 3035 sci-'icet
1406 2992 1531 3040 esse,
1560 2974 1889 3037 electionem
1922 2981 2182 3043 vestram,
2222 2980 2349 3046 (cccc
2380 2992 2483 3029 cur
2507 2978 2645 3028 sciat
2674 2992 2757 3029 ros
2780 2992 2814 3027 a
2850 2976 2950 3027 Deo
2980 2992 3084 3027 esse
3113 2976 3316 3031 electos)
3349 2976 3481 3046 quia
3506 2976 3731 3059 Evange
3760 2979 3773 3031 Ξ

483 3064 624 3129 lium
654 3072 932 3131 nostrum,
963 3081 1076 3120 non
1103 3065 1211 3127 fuit
1236 3064 1307 3123 ad
1332 3080 1424 3125 ves
1454 3064 1800 3125 insermone
1829 3068 2072 3131 tantum,
2100 3067 2196 3120 sed
2220 3070 2276 3120 et
2296 3065 2353 3127 in
2370 3064 2575 3117 virtute
2607 3064 3043 3129 miraculorum,
3080 3063 3130 3127 5,
3161 3068 3218 3119 et
3242 3062 3301 3116 in
3332 3063 3542 3134 Spiritu
3570 3069 3771 3119 sancto

466 3156 610 3221 (dato
636 3157 803 3217 υοὸίε.
830 3159 887 3209 et
915 3154 976 3213 in
996 3153 1343 3225 plenitudine
1368 3153 1568 3218 multa,
1590 3156 1772 3220 plene,
1805 3150 1855 3217 6.
1889 3154 2035 3207 sicut
2074 3155 2247 3218 scitis,
2281 3159 2339 3207 et
2369 3156 2448 3211 ita
2490 3169 2593 3205 esse
2635 3169 2727 3205 vos
2756 3154 2928 3216 scitis,
2966 3151 3159 3222 quales
3190 3151 3463 3205 fuerimus
3496 3152 3556 3209 in
3584 3153 3744 3207 vobis

476 3247 568 3303 vel
606 3246 673 3301 in
688 3246 1124 3314 nobis,,prqpter
1143 3258 1240 3299 vos
1291 3240 1343 3293 7.
1379 3242 1446 3299 Et
1469 3258 1565 3294 vos
1593 3240 1906 3303 imitatores
1941 3242 2119 3301 nostri
2150 3240 2279 3294 facti
2308 3242 2464 3305 estis,
2501 3247 2557 3297 et
2599 3240 2842 3304 Domini,
2883 3240 3220 3312 excipientes
3250 3239 3478 3305 verbum
3502 3240 3562 3293 in
3588 3240 3772 3295 tribu-

466 3332 699 3396 latione
718 3332 914 3395 multa,
947 3347 1115 3399 quam
1131 3332 1500 3399 patiebamini
1522 3345 1624 3396 pro
1656 3330 1887 3393 Christo,
1914 3327 1969 3384 8.
1995 3347 2123 3391 cum
2154 3330 2360 3399 gaudio
2387 3330 2629 3405 Spiritus
2654 3329 2853 3394 sancti,
2890 3332 3033 3398 quod
3055 3331 3219 3382 dabat
3242 3329 3491 3398 Spiritus
3511 3335 3763 3397 sanctus,

466 3420 651 3485 itaut
677 3420 807 3483 tacti
830 3419 959 3483 sitis
978 3419 1162 3477 forma
1188 3416 1448 3481 omnibus
1477 3415 1832 3473 credentibus
1864 3423 1899 3483 Ι
1925 3422 2041 3485 ﬁt:
2072 3417 2131 3477 in
2163 3417 2508 3483 Macedonia,
2544 3424 2601 3473 et
2628 3418 2688 3471 in
2715 3417 2941 3473 Achaia.
2981 3416 3034 3472 9.
3062 3419 3112 3470 Λ
3138 3416 3295 3470 vobis
3324 3418 3472 3471 enim
3506 3417 3771 3483 diffama-

474 3514 575 3573 tus
602 3513 691 3571 θαι
718 3523 901 3570 sean
932 3506 1178 3570 Domini,
1209 3522 1321 3560 non
1351 3506 1532 3567 solum
1564 3505 1622 3567 in
1648 3505 1972 3567 Macedonia
2021 3512 2077 3569 et
2122 3506 2182 3560 in
2227 3508 2456 3571 Achaia,
2492 3507 2591 3564 sed
2624 3514 2680 3560 et
2706 3507 2763 3560 in
2794 3506 2947 3560 omni
2974 3506 3096 3563 loco
3126 3506 3266 3559 fides
3288 3512 3493 3571 vestra.
3522 3521 3644 3576 qua:
3676 3510 3771 3560 est

460 3598 556 3659 ,ad
579 3597 766 3661 Deum
790 3595 1049 3666 ,prefeota
1084 3600 1189 3659 est,
1225 3595 1306 3649 ita
1325 3600 1388 3655 ut
1409 3610 1521 3655 non
1542 3594 1615 3657 sit
1640 3593 1797 3655 nobis
1828 3610 2052 3648 necesse
2073 3599 2134 3651 de
2161 3600 2264 3663 ﬁde
2291 3605 2467 3652 vestra
2497 3598 2803 3669 quidquam
2836 3597 3011 3668 loqui.
3042 3595 3162 3669 Ipsi
3190 3596 3340 3663 enim
3362 3596 3432 3651 de
3468 3596 3652 3665 nobis,
3678 3607 3771 3661 vel

481 3687 649 3750 vobis,
691 3682 1051 3747 aununtiant,
1083 3682 1307 3753 qualem
1328 3682 1621 3736 introitum
1647 3682 2006 3737 habuerimus
2031 3685 2100 3738 ad
2134 3702 2249 3749 vos,
2284 3689 2345 3739 id
2375 3692 2447 3740 cst
2474 3690 2608 3754 quia
2632 3703 2745 3751 nos,
2774 3691 2821 3738 et
2846 3687 3293 3753 praedicationem
3316 3690 3565 3738 nostram
3591 3687 3770 3739 liben—

482 3778 565 3827 ter
600 3775 875 3837 audistis;
910 3776 967 3825 et
994 3771 1274 3841 quomodo
1311 3772 1561 3825 conversi
1591 3771 1725 3825 estis
1755 3771 1826 3824 ad
1856 3772 2033 3825 Deum
2075 3790 2110 3826 a
2149 3774 2484 3839 simulacris,
2527 3773 2616 3832 10.
2651 3774 2879 3833 servire,
2912 3774 2985 3825 ad
3007 3773 3379 3840 serviendum,
3411 3772 3525 3826 Deo
3557 3772 3677 3827 vivo
3704 3789 3771 3838 et

478 3876 640 3927 vero,
663 3867 726 3916 et
754 3863 1097 3931 exspectare,
1124 3860 1202 3913 ad
1230 3861 1650 3928 exspectandum
1696 3857 1903 3913 Filium
1935 3861 2058 3931 ejus
2086 3861 2157 3917 de
2178 3863 2335 3920 cmlis
2387 3863 2495 3923 (li.
2524 3878 2694 3933 quem
2722 3860 3016 3917 suscitavit
3044 3876 3111 3923 ex
3135 3860 3393 3932 mortuis)
3412 3861 3630 3931 Iesum,
3659 3859 3768 3933 qui

468 3950 691 4022 eripuit
708 3966 819 4005 nos
832 3948 923 4004 ab
948 3948 1035 4003 ire
1057 3952 1310 4003 ventura.
2142 3964 2147 3973 '

1819 4037 2410 4095 COMMENTARIUS.

538 4144 711 4200 CAP;
731 4145 844 4199 1.-
868 4144 930 4198 ’1.
958 4144 1204 4199 Αδωλοε.
1237 4142 1538 4215 Apostolus
1562 4143 1790 4214 scripsit
1818 4144 1889 4197 ad
1912 4146 2081 4198 Thes-
2102 4149 2133 4207 Ε

1481 4158 1538 4196 us
1562 4143 1790 4214 scripsit
1818 4144 1889 4197 ad
1912 4146 2081 4198 Thes-
2102 4149 2146 4207 B
2167 4163 2263 4201 eos
2291 4147 2362 4201 ad
2394 4148 2765 4201 reverentiam
2786 4146 3076 4200 invitaret.

478 4234 858 4288 salonicenses
878 4233 1033 4286 hanc
1061 4232 1300 4302 primam
1324 4231 1660 4301 "Epistolam,
1694 4232 1933 4286 laudans
1984 4250 2080 4287 eos
2236 4234 2287 4290 7.
2321 4236 2384 4288 Et
2421 4252 2509 4289 vos
2547 4238 2871 4289 imitatores.
2894 4233 3126 4289 Domini
3154 4235 3761 4293 .oommemomtlalcm

481 4323 633 4394 quod
660 4321 1036 4376 sustinuerint
1060 4321 1300 4374 ﬁdeliter
1325 4320 1387 4373 in
1414 4320 1661 4373 adversis
1688 4337 1789 4391 pro
1817 4322 1928 4374 ﬁde
1956 4338 2081 4375 cer-
2159 4325 2372 4379 faciens
2397 4324 2607 4395 optime
2630 4323 2849 4377 videtur
2876 4323 3323 4389 exhortationem
3349 4326 3565 4383 fecisse.

475 4416 681 4464 tantes.
724 4410 963 4463 Instruit
1006 4425 1134 4462 vero
1191 4425 1285 4463 eos
1324 4414 1381 4462 et
1408 4408 1476 4461 de
1506 4408 1617 4462 illis
1642 4426 1765 4479 quae
1791 4410 1941 4479 apud
1979 4426 2075 4464 eos
2233 4414 2285 4468 8.
2314 4414 2450 4468 Cum
2472 4415 2696 4481 gaudio.
2728 4412 2924 4483 Neque
2947 4411 3100 4466 enim
3122 4413 3289 4471 aliter
3306 4414 3761 4485 ῃιιάαιπωὲμο

464 4496 940 4551 'inoonvcnicnter
965 4497 1087 4567 geri
1115 4505 1467 4566 cognoverat.
2153 4502 2265 4556 illis
2291 4520 2415 4573 quae
2444 4503 2697 4556 nendum
2728 4500 3078 4556 videbantur.

545 4583 598 4639 2.
652 4586 855 4639 Lam.
913 4587 1145 4639 Paulus.
1192 4585 1317 4638 Non
1360 4586 1518 4655 ponit
1558 4603 1763 4641 nomen
1792 4587 2073 4642 ettlciisui
2225 4590 2274 4647 9.
2310 4591 2512 4645 Laure.
2559 4594 2599 4645 Α
2660 4592 2807 4644 vobis
2850 4594 3000 4645 enim
3044 4592 3366 4658 diffamatus
3404 4591 3766 4647 estADimt

473 4673 795 4745 Apostolus,
848 4673 994 4727 sicut
1039 4673 1099 4725 in
1129 4672 1254 4726 aliis
1280 4674 1571 4744 Epistolis,
1627 4676 1929 4730 ostendens
1958 4678 2071 4731 -bos
2148 4679 2282 4749 quis
2323 4698 2334 4731 :
2370 4678 2635 4737 Sciebant
2662 4684 2798 4733 tunc
2818 4678 3150 4733 Macedones
3178 4680 3602 4735 ethehaicieos
3628 4697 3764 4735 vcr-

475 4775 598 4816 csse
628 4762 803 4816 bonos
828 4766 886 4816 et
910 4761 1207 4833 perfectos.
2152 4767 2287 4821 bum
2315 4768 2538 4821 Domini
2568 4768 2865 4839 accepisse.
2898 4769 2987 4823 Ad
3004 4768 3119 4822 hoc
3156 4769 3507 4840 respondet-2
3535 4770 3580 4823 Α
3603 4770 3765 4824 vobis

528 4850 595 4908 ’9.
627 4853 876 4906 “suos.
912 4853 1053 4906 Ante
1070 4852 1262 4905 Deum.
1282 4851 1365 4906 ‘Ut
1392 4850 1542 4906 dicat
1569 4870 1581 4905 :
1609 4854 1873 4924 quoniam
1896 4854 2072 4923 plaei-
2151 4860 2302 4909 enim
2346 4858 2668 4923 diﬂamatus
2715 4862 2812 4927 est,
2857 4873 3043 4912 sermo
3059 4857 3314 4912 habetur
3333 4856 3577 4912 devobis
3594 4859 3764 4913 inter

460 4938 1044 4996 ta'Deoista‘facitis.
2151 4943 2336 4998 eosde
2368 4945 2478 4998 ﬁde
2516 4951 2720 4999 vestra.

538 5028 595 5082 ἡ.
646 5028 872 5085 Lam.
904 5026 1163 5095 Scientcs,
1210 5030 1415 5097 fratres
1462 5031 1669 5082 ditect‘i.
1698 5029 1925 5084 Gratias
1952 5031 2068 5101 agi-
2220 5033 2304 5087 lO.
2334 5035 2579 5091 Aueaos.
2611 5034 2831 5089 Servirc
2880 5036 2983 5089 Deo
3012 5038 3153 5089 vivo.
3172 5035 3510 5093 Notandum
3538 5038 3625 5090 est
3651 5051 3760 5092 au-

468 5136 613 5187 mus,
646 5118 730 5172 vel
751 5117 884 5188 quia
907 5118 1115 5172 scimus
1136 5118 1486 5183 electionem,
1511 5117 1595 5171 vel
1619 5123 1813 5195 ct‘vos,
1837 5119 2059 5185 fratres,
2145 5126 2262 5174 tem
2283 5121 2431 5191 quod
2447 5122 2516 5177 .in
2544 5122 2974 5177 simulacrorum
3000 5123 3356 5189 abdicatione
3375 5125 3633 5179 Donet
3658 5125 3756 5179 vi-

466 5207 604 5263 estis
632 5205 948 5260 imitatores
976 5205 1173 5259 nostri.
2148 5226 2276 5263 vum
2297 5216 2354 5263 et
2377 5227 2567 5264 verum
2592 5227 2717 5264 esse
2746 5212 3004 5266 asseruit.

536 5297 590 5350 5.
622 5294 691 5349 ‘Et
721 5295 941 5362 Spiritu
978 5298 1181 5357 sancto,
1218 5292 1287 5346 'id
1316 5299 1420 5359 est,
1452 5293 1511 5347 in
1538 5295 1856 5350 ostensione
1882 5298 2061 5352 sancti
2214 5297 2306 5354 ‘ll.
2336 5299 2584 5353 Amus'r.
2621 5299 2735 5367 (lib.
2761 5314 2830 5353 xv
2861 5303 2939 5355 De
2967 5304 3119 5356 civit.
3134 5303 3258 5369 Dei,
3286 5320 3334 5357 c.
3354 5301 3456 5370 35,
3475 5307 3625 5357 lem.
3647 5301 3751 5370 V).

444 5383 731 5457 Spiritus,
751 5398 854 5453 per
879 5398 1046 5453 quem
1066 5381 1358 5437 credentes
1387 5382 1701 5452 spiritualia
1721 5385 2061 5441 charismata
2145 5386 2316 5451 Quem
2362 5391 2666 5442 suscitavit.
2698 5390 2789 5445 Ira
2822 5389 2932 5443 Dei
2966 5406 3080 5445 non
3124 5390 3478 5461 perturbatio
3502 5398 3610 5460 est,
3636 5392 3752 5447 sed

465 5472 776 5543 accepistis.
2081 5470 2413 5547 Cjudicium
2446 5492 2557 5547 quo
2578 5476 2861 5547 irrogatur
2878 5485 3322 5551 pmnapeccato.

522 5559 595 5615 ’6.
626 5559 885 5617 Asianos.
906 5560 1073 5616 Sicut
1101 5561 1271 5616 scitis.
1298 5560 1536 5633 PrOptcr
1567 5577 1666 5619 vos
1686 5564 1791 5620 hoc
1819 5564 1972 5633 dicit,
1988 5571 2060 5621 ut
