3936 6178
394 229 500 289 335
1018 242 1021 245 '
1380 226 1446 280 B.
1486 224 1900 279 LANFRANCI
1938 223 2297 278 CANTUAR.
2336 223 2669 278 ARCHIEP.
3555 221 3661 279 336

404 351 821 411 conﬁrmandos
847 368 944 406 vos
965 350 1028 405 in
1048 352 1168 418 ﬁde,
1201 353 1256 403 et
1271 348 1644 404 exhortandos
1664 352 1727 401 in
1743 350 1988 401 moribus
2017 364 2119 417 pro
2147 348 2257 401 ﬁde
2285 352 2488 409 vestra,
2519 352 2583 400 ut
2611 362 2776 399 nemo
2806 348 3097 398 moveatur
3124 344 3179 398 in
3206 344 3664 400 tribulationibus

392 440 536 505 istis,
568 454 704 508 quas
725 438 1001 506 patimini
1023 452 1037 501 ;
1070 451 1165 489 nec
1192 437 1389 488 debetis
1410 434 1647 495 moveri;
1679 431 1733 489 2.
1766 432 1873 503 ipsi
1905 433 2055 488 enim
2086 435 2238 488 scitis
2270 436 2417 505 quod
2446 435 2503 487 in
2532 435 2635 487 hoc
2660 433 2827 504 positi
2857 432 3050 498 simus,
3087 438 3145 485 ut
3170 436 3483 500 patiamur.
3514 435 3660 487 Nam

394 534 600 583 etcum
628 525 777 596 apud
800 541 897 577 vos
925 539 1194 587 essemus,
1232 520 1668 594 pnedicebamus
1698 520 1854 574 vobis
1885 538 2145 591 passuros
2186 540 2289 577 nos
2326 522 2737 582 tribulationes,
2767 522 2909 574 sicut
2940 526 2997 574 et
3021 521 3232 574 factum
3264 527 3367 587 est,
3399 528 3457 575 et
3483 523 3659 576 scitis.

392 616 714 686 Propterea,
749 615 883 680 quia
908 613 1354 675 tribulabamini,
1378 614 1435 663 et
1466 626 1568 678 ego
1598 609 1839 679 amplius
1868 626 1979 663 non
2008 611 2312 674 sustinens,
2362 610 2490 663 misi
2534 610 2603 663 ad
2630 608 3071 678 cognoscendam
3102 608 3267 662 ﬁdem
3298 615 3559 675 vestram,
3588 627 3664 665 ne

392 704 536 757 forte
562 700 865 755 tentaverit
884 716 981 753 vos
1005 699 1054 753 is
1092 699 1189 769 qui
1217 703 1418 762 tentat,
1454 699 1723 761 diabolus,
1755 702 1811 750 et
1839 697 2023 752 inanis
2052 700 2151 752 ﬁat
2178 699 2339 752 labor
2352 706 2563 752 noster.
2595 699 2756 751 Nunc
2785 703 2973 751 autem
2990 697 3247 751 veniente
3274 699 3569 753 Timotheo
3588 700 3665 753 ad

390 808 493 845 nos
522 807 556 844 a
586 788 742 843 vobis
776 794 833 842 et
862 787 1233 841 annuntiante
1263 786 1426 839 nobis
1456 785 1622 838 ﬁdem
1654 792 1710 838 et
1741 785 2074 840 charitatem
2103 792 2365 853 vestram,
2390 793 2447 841 et
2477 787 2609 857 quia
2637 787 2968 840 memoriam
2999 786 3179 840 nostri
3208 786 3427 841 habetis
3455 787 3662 843 bonam

390 894 635 949 semper,
665 877 1050 930 desiderantes
1072 892 1174 928 nos
1205 875 1412 938 videre,
1440 873 1585 927 sicut
1604 879 1659 926 et
1687 890 1787 927 nos
1817 890 2038 943 quoque
2068 893 2181 940 vos,
2209 877 2334 929 ideo
2364 875 2634 929 consolati
2670 874 3117 942 sumus.fratres,
3147 874 3205 928 in
3233 875 3406 941 vobis,
3437 878 3561 931 licet
3588 882 3665 931 si-

387 984 513 1020 mus
537 966 594 1019 in
619 965 772 1018 omni
803 964 1135 1017 necessitate
1161 967 1219 1016 et
1254 962 1614 1015 tribulatione
1644 967 1857 1027 nostra,
1892 979 1991 1032 per
2018 964 2185 1016 ﬁdem
2214 968 2476 1025 vestram,
2511 964 2772 1034 quoniam
2806 980 2954 1017 nunc
2986 963 3238 1031 vivimus,
3262 966 3587 1031 gaudemus,
3612 965 3663 1019 si

389 1072 488 1109 vos
518 1054 682 1109 statis
710 1054 769 1107 in
801 1053 1238 1116 Domino.Quam
1269 1051 1417 1104 enim
1445 1053 1676 1117 dignam
1694 1052 2007 1119 gratiarum
2038 1053 2312 1105 actionem
2339 1054 2636 1122 possumus
2658 1053 2773 1105 Deo
2796 1052 3108 1105 retribuere
3130 1069 3230 1122 pro
3247 1052 3401 1107 vobis
3417 1053 3474 1107 in
3501 1053 3661 1108 omni

385 1143 594 1214 gaudio
632 1158 742 1213 quo
778 1141 1091 1215 gaudemus
1123 1145 1352 1211 propter
1371 1156 1466 1193 vos
1496 1145 1627 1192 ante
1655 1140 1832 1192 Deum
1863 1146 2139 1203 nostrum,
2174 1146 2336 1194 nocte
2389 1157 2454 1193 ac
2494 1140 2583 1193 die
2623 1140 3004 1194 abundantius
3034 1146 3262 1195 orantes
3286 1147 3349 1195 ut
3369 1142 3660 1197 videamus

382 1231 585 1286 faciem
612 1234 856 1284 vestram
888 1236 946 1283 et
972 1230 1350 1299 compleamus
1378 1244 1445 1281 ea
1471 1244 1592 1297 qum
1619 1227 1823 1280 desunt
1850 1228 1982 1281 ﬁdei
2007 1235 2203 1283 vestrae
2223 1228 2250 1280 ‘?
2296 1233 2516 1283 nullam
2560 1233 2771 1297 utique.
2822 1231 2948 1299 Ipse
2985 1235 3175 1283 autem
3220 1231 3369 1284 Deus
3406 1237 3460 1285 et
3489 1232 3662 1285 Pater

385 1324 596 1384 noster,
624 1325 681 1372 et
706 1318 976 1371 Dominus
1001 1318 1028 1371 J
1035 1333 1163 1370 esus
1192 1317 1463 1371 Christus.
1489 1316 1697 1384 dirigat
1716 1316 1860 1369 viam
1887 1323 2136 1370 nostram
2159 1317 2227 1370 ad
2251 1334 2366 1371 vos.
2398 1317 2510 1370 Vos
2537 1324 2725 1371 autem
2757 1318 3031 1371 Dominus
3050 1319 3385 1389 multiplicet
3404 1325 3461 1373 et
3483 1319 3663 1374 abun-

384 1407 519 1461 dare
548 1405 719 1459 faciat
736 1406 1067 1459 charitatem
1091 1411 1331 1458 vestram
1365 1406 1423 1456 in
1450 1404 1683 1457 invicem
1712 1410 1767 1456 et
1794 1403 1851 1456 in
1877 1421 2092 1471 omnes,
2125 1405 2599 1475 quemadmodum
2629 1412 2684 1459 et
2714 1422 2815 1459 nos
2844 1405 2902 1459 in
2931 1406 3105 1473 vobis,
3133 1411 3335 1461 scilicet
3364 1410 3661 1462 abundan-

384 1498 496 1549 tius
523 1496 810 1557 charitate,
847 1494 917 1547 ad
947 1492 1332 1547 conﬁrmanda
1365 1492 1535 1545 corda
1571 1497 1758 1544 vestra
1786 1491 1906 1545 sine
1936 1494 2180 1561 querela,
2228 1510 2293 1546 ne
2332 1495 2471 1547 Deus
2498 1500 2770 1561 queratur
2796 1494 2861 1546 de
2890 1496 3057 1559 vobis,
3111 1500 3175 1547 ut
3220 1497 3342 1548 sitis
3389 1499 3470 1548 vel
3510 1501 3564 1549 et
3597 1496 3659 1550 in

377 1583 692 1648 sanctitate,
718 1588 849 1636 ante
878 1582 1055 1636 Deum
1090 1587 1146 1635 et
1185 1581 1411 1635 Patrem
1445 1585 1723 1645 nostrum,
1756 1580 1815 1633 in
1852 1581 2115 1646 adventu,
2149 1584 2213 1634 in
2240 1584 2329 1635 die
2348 1583 2584 1649 judicii.
2621 1581 2845 1635 Domini
2869 1583 3045 1636 nostri
3098 1584 3231 1637 Jesu
3261 1582 3490 1650 Christi,
3524 1600 3657 1638 cum

377 1670 637 1726 omnibus
667 1669 874 1724 sanctis
903 1670 1043 1741 ejus.
1077 1671 1276 1724 Amen.

1829 1820 2062 1875 CAPUT
2101 1820 2195 1875 IV.

348 1972 353 1977 ⁸
437 1982 492 2034 1.
517 1981 598 2037 De
616 1986 837 2044 caetero,
869 1981 931 2033 de
953 1981 1086 2032 aliis
1116 1982 1415 2047 praceptis,
1446 1994 1598 2048 ergo,
1622 1979 1844 2043 fratres,
1869 1994 2135 2047 rogamus
2155 1994 2272 2046 vos,
2298 1985 2356 2033 et
2377 1978 2753 2045 obsecramus,
2770 1979 2827 2032 in
2847 1978 3086 2033 Domino
3102 1979 3131 2032 J
3136 1996 3254 2046 esu,
3287 1986 3352 2033 ut
3378 1980 3657 2050 quemad-

365 2068 596 2123 modum
615 2067 909 2140 accepistis
932 2082 966 2120 a
986 2065 1145 2120 nobis
1174 2066 1453 2136 quomodo
1484 2072 1743 2137 Oporteat
1766 2083 1861 2119 vos
1887 2067 2177 2121 ambulare
2207 2075 2263 2122 et
2288 2069 2508 2138 placere
2540 2070 2674 2130 Deo,
2699 2069 2779 2122 sic
2817 2073 2873 2121 et
2901 2068 3222 2133 ambuletis,
3254 2073 3317 2122 ut
3345 2067 3649 2122 abundetis

361 2159 562 2228 magis.
588 2158 752 2214 Scitis
765 2157 915 2212 enim
942 2172 1084 2226 quae,
1118 2172 1287 2224 quam
1314 2161 1813 2226 sancta,praecepta
1842 2156 2093 2212 dederim
2119 2157 2275 2210 vobis
2319 2163 2352 2220 ﬂ
2376 2162 2496 2220 ἐὖ
2521 2173 2621 2226 per
2645 2156 2949 2210 Dominum
2980 2157 3333 2210 Jesum.Ecce
3351 2162 3650 2225 pracepta.

360 2246 493 2300 Haec
521 2250 608 2300 est
636 2247 787 2301 enim
818 2245 1075 2298 voluntas
1111 2243 1210 2296 Dei
1230 2244 1597 2298 sanctiﬁcatio
1625 2250 1831 2310 vestra,
1865 2242 1916 2296 2.
1952 2250 2016 2298 ut
2040 2245 2375 2298 abstineatis
2405 2262 2500 2298 vos
2531 2261 2563 2298 a
2589 2244 2979 2312 fornicatione,
2997 2250 3061 2298 ut
3090 2245 3231 2298 sciat
3258 2245 3653 2314 unusquisque

356 2339 604 2389 vestrum
628 2352 726 2389 vas
754 2350 919 2389 suum
953 2332 1241 2403 possidere
1271 2332 1327 2384 in
1357 2332 1794 2386 sanctiﬁcatione
1824 2338 1881 2386 et
1903 2332 2135 2395 honore,
2169 2331 2200 2388 3
2254 2349 2366 2387 non
2389 2333 2447 2386 in
2478 2333 2735 2403 passione
2760 2332 3043 2397 desiderii,
3089 2350 3257 2401 quam
3294 2334 3646 2386 desiderium

343 2424 730 2492 perﬁcit,sicut
758 2427 816 2477 et
841 2428 1190 2492 gentes,quae
1219 2420 1484 2491 ignorant
1500 2424 1706 2490 Deum;
1733 2429 1789 2475 et
1819 2438 1889 2475 ne
1912 2420 2037 2491 quis
2063 2420 2816 2491 supergrediatur,adgraret
2855 2423 2917 2473 in
2950 2422 3266 2487 negotio,vet
3286 2422 3654 2488 superbiendo

347 2527 531 2582 neque
559 2510 976 2573 circumveniat,
1002 2511 1374 2578 promittendo
1405 2512 1550 2565 nihil
1582 2514 1780 2571 dando,
1799 2510 1856 2563 in
1887 2509 2130 2578 negotio,
2161 2511 2225 2562 in
2247 2512 2439 2576 aliqua
2470 2525 2547 2574 re,
2581 2508 2816 2562 fratrem
2843 2509 3304 2578 suum,quoniam
3327 2508 3522 2562 vindex
3543 2514 3642 2562 est

352 2598 626 2653 Dominus
654 2599 723 2653 de
747 2598 834 2652 his
866 2596 1295 2660 omnibus,sicut
1310 2598 1665 2667 praediximus
1695 2598 1964 2667 vobis,(ne
1992 2599 2113 2649 sitis
2143 2599 2554 2661 fbrniearii,vcl
2581 2600 2780 2659 sancti,
2809 2602 2866 2649 et
2894 2596 3180 2650 testificati
3211 2596 3486 2650 sumus.4.
3507 2597 3644 2650 Non

359 2686 511 2740 enim
542 2687 758 2740 vocavit
786 2702 887 2739 nos
909 2685 1059 2739 Deus
1084 2684 1142 2737 in
1172 2683 1610 2749 immunditiam,
1632 2689 1822 2739 utsitis
1855 2684 2263 2745 immumli,sed
2284 2676 2872 2737 insanctiﬁcationem.
2891 2685 2943 2738 5.
2970 2685 3186 2754 Itaque,
3214 2688 3345 2753 quia
3373 2688 3641 2738 roluntas

354 2774 454 2828 Dei
475 2777 569 2836 est,
598 2776 764 2828 nolite
785 2789 1071 2842 spernere;
1100 2772 1196 2842 qui
1225 2773 1359 2834 haec,
1387 2776 1653 2827 mandata
1682 2775 1798 2839 Dei,
1831 2771 2065 2843 spernit,
2098 2788 2210 2825 non
2242 2772 2523 2825 hominem
2555 2772 2789 2842 spernit,
2824 2771 2921 2824 sed
2953 2772 3151 2836 Deum,
3186 2772 3282 2842 qui
3312 2789 3425 2826 non
3453 2776 3641 2827 solum

352 2865 641 2932 superiora
661 2864 927 2930 praecipit,
960 2862 1050 2914 sed
1076 2859 1245 2914 etiam
1275 2858 1328 2916 6.
1364 2861 1519 2915 dedit
1548 2861 1820 2932 Spiritum
1840 2878 2005 2916 suum
2035 2865 2289 2913 sanctum
2325 2860 2382 2913 in
2404 2860 2581 2913 nobis.
2616 2861 2695 2913 De
2733 2860 3007 2913 charitate
3034 2866 3225 2913 autem
3254 2860 3640 2914 fraternitatis

355 2966 470 3004 non
498 2966 727 3004 necesse
756 2948 1028 3004 habemus
1057 2947 1300 3002 scribere
1331 2948 1486 3002 vobis
1511 2967 1524 3016 ;
1560 2947 1611 3003 7.
1639 2949 1745 3019 ipsi
1773 2949 1922 3002 enim
1952 2966 2044 3003 vos
2071 2965 2105 3001 a
2133 2949 2247 3002 Deo
2271 2948 2544 3002 didicistis
2574 2954 2638 3002 ut
2659 2949 2908 3019 diligatis
2939 2949 3195 3003 invicem.
3218 2947 3271 3005 8.
3316 2949 3534 3002 Etenim
3570 2950 3649 3003 il-

354 3038 453 3093 lud
481 3037 662 3094 facitis
680 3038 740 3092 in
755 3055 948 3093 omnes
975 3038 1175 3091 fratres
1204 3037 1262 3090 in
1290 3037 1550 3091 universa
1577 3037 1902 3091 Macedonia
1956 3035 2007 3093 9.
2032 3037 2314 3106 Rogamus
2344 3043 2534 3091 autem
2564 3053 2677 3100 vos,
2710 3037 2930 3102 fratres,
2949 3043 3013 3090 ut
3039 3037 3335 3091 abundetis
3364 3038 3563 3107 magis,
3587 3040 3653 3091 et

356 3141 589 3197 operam
619 3125 764 3180 detis
793 3132 857 3180 ut
879 3125 1053 3195 quieti
1078 3124 1222 3188 sitis,
1255 3131 1311 3178 et
1340 3132 1403 3179 ut
1429 3130 1677 3179 vestrum
1708 3126 1995 3195 negotium
2041 3124 2242 3201 agatis,
2283 3130 2339 3178 et
2387 3125 2697 3195 operemini
2748 3124 3008 3178 manibus
3058 3125 3275 3191 vestris,
3320 3126 3462 3178 sicut
3503 3142 3654 3195 prae-

356 3215 609 3286 cepimus
639 3213 810 3280 vobis,
845 3219 901 3268 et
927 3220 989 3267 ut
1005 3214 1238 3267 honeste
1268 3213 1567 3268 ambuletis
1595 3214 1664 3267 ad
1690 3232 1784 3267 eos
1814 3214 1911 3284 qui
1961 3213 2094 3267 foris
2123 3220 2276 3277 sunt,
2312 3220 2368 3268 et
2412 3214 2622 3268 nullius
2658 3213 2873 3284 aliquid
2915 3214 3266 3268 desideretis.
3297 3214 3385 3279 10,
3426 3213 3516 3280 11,
3543 3214 3644 3271 12.

356 3302 637 3359 Nolumus
673 3292 875 3357 autem.
890 3319 988 3356 vos
1016 3302 1297 3371 ignorare,
1329 3302 1556 3371 fratres,
1582 3302 1650 3355 de
1679 3302 2106 3366 dormientibus,
2143 3303 2436 3369 defunctis,
2471 3307 2534 3355 ut
2562 3319 2675 3355 non
2701 3301 3132 3369 contristemini,
3163 3302 3310 3357 sicut
3339 3308 3397 3357 et
3425 3303 3646 3370 caeteri,

1739 3429 2331 3508 COMMENTARIUS.

363 3603 669 3677 Epistolam
698 3604 968 3660 mitteret.
996 3603 1261 3676 Alioquin
1290 3620 1403 3659 non
1423 3621 1549 3659 cum
1574 3620 1639 3658 eo
1653 3602 2020 3665 salutassetA
2106 3602 2159 3661 6.
2194 3608 2351 3660 Dedit
2382 3607 2650 3675 spiritum
2682 3622 2869 3660 suum.
2922 3605 2988 3661 Id
3022 3610 3109 3660 est
3139 3604 3283 3677 quia
3314 3622 3426 3661 non
3453 3606 3648 3662 solum

362 3710 458 3748 eos
485 3693 544 3749 in
569 3693 863 3766 procemio.
2037 3695 2329 3766 superiora
2354 3701 2630 3765 praecepta
2658 3682 2998 3765 praedicandi
3025 3694 3188 3749 nobis
3214 3695 3423 3749 invexit
3450 3696 3550 3749 sed
3577 3705 3648 3753 ut

431 3782 486 3840 2.
519 3785 630 3852 Ipsi
657 3785 807 3837 enim
836 3785 1006 3836 scitis.
1042 3784 1284 3836 Causam
1317 3781 1597 3836 submovit
1620 3799 1718 3836 cur
1750 3782 1956 3836 moveri
2038 3785 2268 3854 majoris
2297 3783 2647 3837 auctoritatis
2693 3784 2749 3837 in
2783 3784 3135 3853 praedicando
3169 3800 3418 3838 essemus
3449 3784 3639 3855 Spiri-

363 3886 458 3925 eos
485 3887 599 3925 non
628 3876 905 3942 oporteat,
925 3869 1218 3941 ipsamque
1239 3870 1628 3925 auctoritatem
1662 3871 1749 3941 [f.,
1773 3877 1959 3926 aucto-
2039 3877 2160 3926 tum
2183 3878 2439 3926 sanctum
2469 3872 2822 3926 suumnobis
2851 3872 3026 3926 dedit.

361 3957 559 4032 ritate]
583 3975 776 4014 eorum
810 3960 1125 4014 conﬁrmat.
2112 3959 2164 4015 7.
2208 3963 2321 4028 Ipsi
2343 3977 2430 4013 res
2458 3961 2751 4025 didicistis,
2780 3974 2881 4029 per
2912 3958 3339 4030 inspirationem
3367 3960 3641 4029 divinam,

434 4047 669 4106 3-1Vam
712 4052 763 4102 et
818 4065 946 4102 eum
975 4049 1127 4116 apud
1156 4063 1263 4102 vos.
1294 4048 1561 4102 Eamdem
1592 4065 1815 4103 causam
1858 4066 1962 4103 sua

361 4137 699 4192 auctoritate
726 4137 1041 4191 conﬁrmat.

431 4226 585 4283 CAP.
615 4225 705 4280 IV.
741 4255 804 4267 -
840 4224 888 4281 1.
921 4226 1174 4281 AMBROS.
1206 4227 1284 4279 De
1304 4232 1508 4293 cetera,
1537 4227 1761 4293 fratres.
1792 4226 1958 4280 Post-

362 4329 535 4383 quam
563 4314 758 4367 laudes
786 4314 1211 4379 consummavit,
1243 4330 1382 4385 quas
1410 4331 1581 4385 super
1605 4314 1737 4368 ﬁdei
1762 4331 1957 4369 eorum

362 4400 580 4454 dixerat
614 4401 944 4456 inﬁrmitate
984 4402 1073 4470 [f.,
1127 4401 1445 4475 ﬁrmitate],
1497 4404 1758 4458 hortatur
1786 4410 1851 4458 ut
1890 4403 1959 4457 de

362 4493 565 4542 caetero
592 4487 719 4541 vitae
744 4504 940 4543 eorum
972 4488 1320 4559 diligentiam
1350 4490 1672 4546 adhibeant.

434 4573 488 4628 2.
520 4575 728 4629 LANFR.
764 4577 827 4630 Ut
851 4577 1173 4630 abstineatis
1229 4594 1338 4643 vos,
1373 4585 1478 4633 etc.
1524 4579 1767 4649 Praecepi
1805 4578 1958 4633 vobis

360 4668 428 4719 ut
446 4663 777 4719 abstineatis
798 4680 833 4718 a
860 4664 1249 4734 fornicatione,
1274 4672 1402 4734 etc.,
1437 4684 1613 4739 usque
1644 4669 1715 4722 ad
1740 4669 1862 4734 hoc,
1896 4675 1958 4722 ut

361 4753 485 4807 sitis
504 4754 703 4819 sancti,
730 4753 875 4821 quod
910 4757 1029 4808 vult
1059 4755 1328 4808 Dominus
1352 4760 1410 4809 et
1432 4756 1536 4810 hoc
1563 4762 1648 4811 est
1685 4775 1696 4810 :
1730 4759 1852 4811 Hec
1883 4770 1960 4818 est

364 4843 516 4894 enim
543 4843 799 4894 voluntas
825 4842 944 4896 Dei.

2042 4049 2127 4102 vel
2160 4066 2259 4119 per
2285 4047 2664 4118 evangelicum
2719 4054 3078 4119 praeceptum,
3114 4047 3211 4102 ubi
3257 4065 3293 4103 a
3321 4049 3543 4104 Christo
3571 4051 3649 4105 de

2045 4138 2340 4192 dilectione
2370 4137 2710 4208 prmcipitur.

2111 4224 2163 4282 8.
2188 4228 2405 4281 Etenim
2434 4228 2639 4294 facitis.
2670 4226 2794 4280 Alia
2815 4242 2986 4281 causa
3011 4243 3112 4281 cur
3130 4227 3200 4281 de
3228 4227 3502 4282 charitate
3520 4244 3645 4283 non

2042 4316 2250 4370 habeat
2277 4316 2358 4369 eis
2386 4331 2612 4369 necesse
2632 4314 2899 4370 scribere.

2113 4402 2166 4460 9.
2198 4407 2468 4472 Rogamus
2497 4422 2603 4469 vos,
2637 4410 2742 4458 etc.
2776 4405 2987 4459 Contra
3011 4421 3106 4459 eos
3136 4406 3234 4475 qui
3277 4403 3649 4476 inquirebant

2045 4493 2234 4547 omnia
2263 4492 2447 4558 otiosi,
2481 4493 2620 4546 nihil
2652 4492 2993 4547 laborantes.

2111 4581 2200 4638 '10.
2243 4584 2517 4636 Nolumus
2534 4586 2721 4635 autem
2741 4598 2848 4636 vos.
2884 4582 2967 4636 Ad
3001 4582 3128 4636 illos
3153 4582 3249 4653 qui
3276 4581 3547 4636 dolebant
3568 4582 3648 4637 de

2042 4670 2256 4733 amicis,
2285 4670 2443 4741 quasi
2473 4687 2584 4724 non
2608 4669 3042 4725 ‘resurrecturis.

2119 4758 2669 4824 l’l.AUGUST.(Ser.
2701 4758 2784 4823 31,
2816 4761 2890 4812 De
2904 4760 3241 4827 verb.Apost.
3273 4756 3466 4830 cap.7,
3491 4763 3643 4813 tom.

2041 4848 2129 4917 Χ).
2161 4849 2433 4902 Nolumus
2481 4854 2681 4901 autem.
2714 4848 2858 4901 Nam
2912 4847 3037 4902 ideo
3078 4852 3136 4901 et
3163 4847 3507 4901 dormientes
3539 4863 3649 4903 eos

439 4926 492 4984 3.
519 4929 644 4984 Non
672 4931 737 4982 in
753 4932 1021 4998 passione.
1051 4929 1242 4984 Passio
1267 4930 1550 5000 desiderii,
1583 4931 1804 5004 quando
1827 4902 2016 5004 pec-B
2040 4902 2303 5007 appellat.
2341 4936 2644 5006 Scriptura:
2666 4935 3023 4989 veracissima
3042 4935 3475 5000 consuetudo,ut
3501 4902 3647 4991 cum

360 5022 549 5074 catum
574 5018 946 5085 desideratur,
984 5024 1039 5072 et
1068 5036 1181 5073 non
1206 5020 1514 5090 perﬁcitur.

2039 5024 2383 5079 dormientes
2413 5024 2691 5090 audimus,
2715 5023 3075 5095 evigilaturos
3103 5022 3337 5078 minime
3365 5023 3646 5094 despere-

430 5104 627 5164 4.Νοη
647 5109 801 5162 enim
832 5109 1059 5161 vocavit.
1085 5108 1442 5163 Contrarium
1473 5110 1729 5178 destruit,
1762 5117 1824 5167 ut
1844 5118 1955 5166 sta-
2038 5129 2182 5168 mus.

358 5201 486 5252 tuat
512 5196 755 5251 alterum
778 5196 1146 5261 contrarium,
1178 5196 1236 5250 id
1257 5203 1361 5264 est,
1389 5215 1640 5253 essemus
1662 5202 1879 5255 mundi.

2109 5204 2161 5257 2.
2190 5203 2432 5258 AMBROS.
2459 5204 2728 5257 Nolumus
2776 5206 2983 5255 autem.
3013 5203 3161 5256 Bene
3193 5217 3308 5255 non
3336 5199 3641 5257 tristitiam

428 5284 483 5338 5.
516 5287 701 5354 Itaque
727 5287 827 5354 qui
858 5287 967 5339 haec
996 5288 1226 5354 spernit.
1266 5286 1381 5340 Hoc
1421 5304 1487 5341 ex
1526 5289 1801 5359 superiori
1830 5308 1954 5345 sen-
2035 5290 2367 5353 ademit,sed
2390 5291 2723 5345 immensam
2749 5306 2874 5345 eam
2898 5289 3185 5361 perhibuit
3208 5289 3640 5361 comparatione

357 5373 538 5428 tentia
563 5372 865 5445 colligitur,
897 5389 1009 5445 qua
1045 5371 1226 5429 dixit:
1277 5375 1399 5430 Haec
1425 5381 1498 5431 est
1519 5381 1670 5433 enim
1696 5383 1949 5435 voluntas
2032 5380 2500 5447 adversariorum,
2556 5381 2627 5434 ad
2667 5379 3061 5435 verecundiam
3101 5395 3197 5433 eos
3241 5379 3538 5446 devocans,
3574 5372 3641 5435 et

356 5462 474 5517 Dei.

2033 5469 2181 5539 quod
2205 5468 2287 5524 illi
2316 5485 2430 5525 non
2454 5469 2664 5525 habent
2689 5485 2865 5541 spem.
