3936 6178
235 293 338 350 $37

882 294 961 349 IN
997 295 1066 350 D.
1107 293 1323 351 PAULI
1359 295 1584 354 EPIST.
1626 296 1994 353 COMMENT.
2038 328 2102 341 —
2145 297 2371 355 EPIST.
2414 299 2439 354 Ι
2477 298 2573 353 AD
2610 299 2858 364 THESS,

3396 294 3505 355 338

235 419 329 490 qui
353 435 514 491 spem
545 421 967 473 resurrectionis
993 436 1106 474 non
1134 419 1320 474 habet.
1356 421 1413 475 Si
1440 422 1590 476 enim
1617 423 1897 477 credimus
1941 424 2089 494 quod
2130 424 2159 478 J
2165 440 2293 478 esus
2323 428 2578 478 mortuus
2605 429 2691 478 est
2717 428 2775 478 et
2803 420 3129 485 resurrexit,
3161 423 3496 488 (resurgent,

235 524 361 561 nam
394 506 647 560 Christus
666 511 994 573 resurrexit,
1020 511 1163 577 quod
1190 510 1491 579 credimus}
1516 514 1565 577 (a
1594 508 1797 580 simili)
1818 511 1898 564 ita
1925 517 1983 565 et
2004 512 2153 566 Deus
2174 528 2269 565 eos
2291 511 2386 581 qui
2414 511 2767 566 dormierunt
2784 529 2886 583 per
2908 513 2935 566 J
2942 527 3100 565 esum
3118 509 3358 563 adducet
3375 522 3505 561 cum

231 611 293 649 eo
320 596 412 666 (ab
437 598 766 649 auctoritate
792 599 907 663 sui,
948 602 999 650 et
1036 597 1173 659 Dei).
1208 596 1293 651 13.
1326 599 1442 651 Hoc
1472 599 1622 652 enim
1650 598 1805 652 vobis
1833 599 2070 654 dicimus
2101 600 2157 654 in
2198 599 2365 654 verbo
2397 600 2638 665 Domini,
2671 601 2805 671 quia
2833 617 2955 662 nos.
2992 600 3086 670 qui
3114 598 3369 662 vivimus,
3403 594 3501 667 qui

227 683 441 738 residui
469 699 663 737 sumus
691 684 752 737 in
780 684 1086 739 adventum
1115 685 1359 751 Domini,
1386 702 1497 740 non
1526 687 1926 757 praeveniamus
1953 705 2047 743 eos
2073 688 2168 759 qui
2188 688 2555 753 dormierunt,
2584 690 2677 742 sed
2702 693 2873 743 simul
2903 692 3212 758 rapiemur.
3234 686 3322 740 14.
3354 684 3502 749 Quo-

226 772 379 826 niam
409 771 533 843 ipse
562 772 836 826 Dominus
863 773 923 826 in
945 774 1111 843 jussu
1148 777 1352 838 Patris,
1375 777 1457 829 vel
1476 777 1677 843 jubens
1708 780 1767 829 ul
1802 777 1962 841 Deus,
1997 782 2053 829 et
2092 778 2152 830 in
2182 794 2312 831 voce
2350 776 2691 846 archangeli,
2733 781 2788 831 et
2819 776 2877 830 in
2906 775 3042 830 tuba
3068 775 3170 829 Dei
3200 772 3501 828 descendet

225 861 291 915 de
308 861 479 929 caelo,
498 867 555 916 et
582 862 791 917 mortui
822 863 918 933 qui
944 863 1003 916 in
1030 862 1255 917 Christo
1277 870 1433 932 sunt,
1456 866 1604 930 boni,
1636 870 1934 933 resurgent
1962 864 2147 935 primi.
2178 864 2260 921 15.
2292 865 2503 920 Deinde
2533 881 2655 930 nos,
2690 871 2730 928 ι
2752 869 2873 929 ’16
2890 864 2991 934 'qui
3018 862 3268 927 vivimus,
3295 859 3391 932 qui
3414 875 3501 914 re-

225 948 555 1020 linquimur,
587 950 756 1004 simul
780 950 1066 1020 rapiemur
1097 968 1223 1005 cum
1256 952 1365 1005 illis
1391 952 1446 1004 in
1474 952 1714 1006 nubibus
1733 954 2035 1019 ﬁ'rentz'bus
2060 969 2155 1031 nos
2185 953 2402 1006 obviam
2426 952 2649 1006 Christo
2671 953 2728 1005 in
2755 968 2909 1020 aera,
2934 957 2991 1006 et
3019 951 3099 1005 sic
3123 966 3347 1022 semper
3372 964 3497 1003 cum

222 1037 466 1092 Domino
487 1037 719 1092 erimus.
753 1039 969 1109 Itaque,
1002 1043 1136 1108 quia
1162 1044 1240 1093 sic
1268 1044 1532 1108 futurum
1564 1047 1659 1103 est,
1684 1041 2053 1095 consolamini
2084 1041 2323 1097 invicem
2359 1042 2417 1096 in
2440 1040 2626 1096 verbis
2657 1040 2801 1095 istis.

1683 1190 1917 1246 CAPUT
1961 1192 2004 1245 V
2017 1237 2030 1249 .

288 1314 506 1367 Diceret
519 1317 674 1382 quis:
697 1315 927 1382 Quando
943 1315 1041 1368 hoc
1057 1317 1162 1368 erit
1176 1320 1200 1367 ?
1224 1312 1267 1370 1.
1282 1314 1363 1368 De
1384 1313 1731 1383 temporibus
1757 1319 1967 1378 autem,
1979 1314 2032 1371 2.
2048 1320 2105 1367 et
2121 1315 2440 1381 momentis,
2457 1315 2678 1383 fratres,
2695 1330 2807 1368 non
2823 1314 3087 1384 indigetis
3106 1317 3172 1368 ut
3189 1313 3500 1368 scribamus

220 1401 392 1455 vobis.
416 1403 473 1454 3.
500 1402 611 1471 Ipsi
640 1402 789 1455 enim
822 1402 1120 1471 diligenter
1140 1402 1292 1456 scitis
1314 1403 1448 1472 quia
1475 1402 1594 1455 dies
1621 1402 1862 1466 Domini,
1889 1403 2034 1456 sicut
2053 1404 2143 1457 fur
2165 1404 2220 1457 in
2244 1408 2426 1468 nocte,
2450 1406 2765 1472 improviso,
2789 1420 2915 1457 cum
2940 1406 3049 1457 alii
3066 1407 3199 1456 sunt
3219 1404 3282 1455 in
3302 1405 3502 1470 quiete,

218 1488 296 1542 ita
323 1490 538 1546 veniet.
561 1492 612 1543 4.
639 1489 690 1545 ει.
720 1490 863 1544 Cum
886 1492 1036 1544 enim
1058 1495 1342 1545 sa'cularcs
1371 1491 1648 1545 dixerint:
1678 1492 1791 1544 Pax
1821 1496 1877 1544 et
1905 1492 2177 1545 securitas
2202 1498 2293 1558 est,
2330 1498 2464 1545 tunc
2488 1492 2817 1562 repentinus
2841 1492 2921 1546 eis
2950 1492 3308 1562 superveniet
3334 1492 3505 1546 inter-

215 1578 345 1643 itus,
370 1579 521 1632 sicut
540 1579 701 1632 dolor
720 1580 780 1632 in
798 1584 961 1633 utero
984 1578 1231 1639 habenti,
1252 1584 1307 1633 et
1326 1596 1439 1632 non
1465 1579 1752 1649 effugient,
1773 1596 1955 1632 omnes
1976 1584 2310 1633 morientur.
2333 1582 2452 1634 Illis
2474 1583 2836 1633 nescientibus
2854 1584 3196 1649 superveniet
3214 1582 3500 1634 interitus,

214 1674 347 1734 quia
368 1673 505 1719 sunt
532 1671 597 1721 in
632 1669 885 1721 tenebris.
918 1668 1030 1721 Vos
1061 1675 1271 1732 autem,
1303 1669 1527 1732 fratres,
1558 1684 1670 1721 non
1700 1667 1834 1720 estis
1862 1667 1921 1721 in
1950 1667 2199 1721 tenebris
2233 1673 2601 1736 peccatorum,
2649 1673 2715 1722 ut
2757 1685 2854 1722 vos
2911 1668 3030 1722 dies
3067 1668 3183 1732 illa,
3224 1672 3495 1737 tanquam

212 1754 303 1807 fur
317 1759 671 1823 improvisos,
695 1755 1163 1826 comprehendat;
1192 1773 1302 1810 non
1322 1760 1445 1809 estis
1472 1759 1535 1809 in
1559 1758 1813 1821 tenebris,
1835 1772 2029 1809 omnes
2051 1756 2199 1809 enim
2220 1772 2317 1810 vos
2344 1757 2445 1809 ﬁlii
2467 1756 2607 1810 lucis
2633 1758 2783 1821 estis,
2806 1760 2855 1825 (a
2874 1757 3021 1825 pari)
3037 1761 3094 1809 et
3120 1755 3221 1809 ﬁlii
3239 1755 3352 1809 diei
3372 1771 3499 1823 ergo

217 1842 263 1910 {a
292 1842 606 1904 contrario)
634 1860 747 1897 non
777 1861 973 1898 sumus
1006 1845 1203 1910 noctis,
1241 1861 1423 1914 neque
1453 1844 1836 1899 tenebrarum.
1863 1843 2045 1913 Igitur
2066 1861 2180 1898 non
2206 1845 2573 1909 dormiamus,
2595 1845 2741 1899 sicut
2770 1849 2826 1898 et
2851 1844 3069 1911 caeteri;
3103 1847 3239 1912 quia
3268 1859 3382 1897 non
3406 1859 3500 1897 su-

216 1948 338 1984 mus
372 1935 571 1995 noctis,
602 1948 715 1986 non
745 1949 1088 2000 quiescamus
1118 1937 1181 1987 in
1208 1936 1459 2001 peccatis,
1483 1933 1581 1986 sed
1610 1932 1903 2002 vigilemus
1937 1935 1999 1985 in
2032 1934 2203 1996 bonis,
2227 1938 2284 1985 et
2312 1932 2482 1986 sobrii
2509 1933 2705 1997 simus,
2730 1949 2843 1986 non
2872 1935 3035 1987 ebrii.
3063 1932 3171 1995 Qui
3194 1931 3344 1985 enim
3373 1931 3502 1985 dor-

212 2020 423 2086 miunt,
446 2016 500 2074 6.
520 2026 685 2074 nocte
705 2022 1016 2083 dormiunt,
1041 2025 1209 2075 noctis
1235 2028 1385 2085 sunt,
1414 2028 1471 2075 et
1500 2022 1595 2092 qui
1625 2021 1765 2073 ebrii
1795 2029 1946 2083 sunt,
1980 2026 2142 2073 nocte
2171 2019 2311 2073 ebrii
2339 2025 2487 2084 sunt,
2517 2022 2689 2074 noctis
2719 2025 2877 2076 sunt.
2906 2020 3020 2073 Nos
3048 2027 3239 2073 autem
3263 2018 3361 2089 qui
3386 2015 3503 2071 diei

217 2125 439 2166 sumus.
474 2108 653 2161 sobrii
681 2109 878 2169 simus,
913 2111 1312 2176 (intransilive)
1345 2108 1529 2161 induti
1553 2108 1781 2162 loricam
1812 2107 1942 2161 ﬁdei
1972 2113 2027 2161 et
2054 2108 2363 2172 charitatis,
2390 2114 2447 2181 et
2474 2108 2694 2177 galeam
2721 2124 2879 2177 spem
2906 2107 3123 2172 salutis,
3158 2112 3207 2161 et
3230 2109 3503 2175 possimus

216 2212 446 2264 ,perare
462 2200 701 2250 salutem
725 2197 990 2267 quoniam
1023 2214 1134 2251 non
1162 2197 1351 2267 posuit
1374 2212 1478 2249 nos
1507 2197 1655 2249 Deus
1679 2196 1736 2249 in
1767 2196 1931 2261 iram,
1958 2196 2057 2251 sed
2081 2196 2139 2250 in
2168 2196 2596 2267 acquisitionem
2622 2196 2821 2249 salutis
2851 2212 2952 2266 per
2978 2195 3279 2249 Dominum
3321 2201 3360 2261 Ι
3380 2199 3501 2259 αα

216 2288 481 2337 nostrum
512 2285 706 2338 Jesum
739 2286 1025 2339 Christum
1056 2286 1151 2355 qui
1199 2290 1453 2339 mortuus
1483 2290 1569 2337 est
1613 2301 1713 2355 pro
1764 2285 1946 2351 nobis,
1982 2284 2040 2341 7.
2080 2292 2145 2338 ut
2187 2285 2300 2339 sive
2332 2285 2645 2355 vigilemus,
2681 2285 2796 2338 sive
2842 2283 3191 2337 dormiamus
3234 2287 3382 2349 actu,
3423 2285 3506 2337 vel

214 2377 564 2435 moriamur,
597 2374 765 2427 simul
815 2390 942 2427 cum
980 2373 1074 2427 illo
1118 2374 1385 2427 vivamus.
1426 2373 1662 2442 Propter
1691 2372 1857 2442 quod,
1908 2376 2042 2442 quia
2090 2389 2178 2427 vos
2216 2376 2347 2439 dies,
2392 2375 2532 2428 Deus
2564 2390 2677 2427 non
2719 2373 3130 2441 comprehendet
3159 2372 3505 2439 improvisos,

211 2461 597 2515 consolamini
625 2461 883 2528 invicem,
918 2468 973 2515 et
1000 2462 1271 2515 aediﬁcate
1307 2462 1664 2526 alterutrum,
1697 2462 1843 2515 sicut
1893 2468 1950 2515 et
1980 2462 2179 2516 facitis.
2224 2464 2511 2533 Rogamus
2539 2468 2729 2516 autem
2758 2478 2872 2527 vos,
2906 2461 3126 2527 fratres,
3154 2457 3210 2527 8,
3243 2464 3309 2513 ut
3340 2474 3508 2513 nove-

207 2549 338 2602 ritis
392 2566 513 2614 eos,
558 2552 911 2616 benefaciatis
945 2551 1399 2618 pradicatoribus
1430 2552 1640 2614 vestris,
1679 2549 1773 2619 qui
1818 2550 2079 2605 laborant
2122 2552 2270 2605 inter
2308 2568 2424 2616 vos,
2469 2557 2527 2605 et
2565 2555 2814 2621 praesunt
2854 2549 3008 2603 vobis
3054 2549 3113 2602 in
3153 2548 3415 2612 Domino,
3450 2551 3510 2601 et

208 2644 455 2692 monent
481 2655 597 2704 vos,
630 2637 685 2692 9.
732 2646 798 2693 ut
824 2638 1079 2694 habeatis
1108 2639 1234 2693 illos
1265 2638 1643 2693 abundantius
1672 2633 1730 2691 in
1763 2638 2037 2693 charitate
2065 2645 2297 2711 propter
2322 2657 2462 2711 opus
2489 2642 2694 2694 bonum
2718 2640 3131 2709 prwdz'cationis
3168 2635 3416 2704 illorum,
3452 2639 3511 2689 et

1555 2755 2150 2835 COMMENTARIUS.

268 2902 375 2960 ‘13.
416 2905 526 2958 Hoc
561 2905 706 2957 vobis
751 2905 1012 2966 dicimus,
1044 2905 1147 2958 hoc
1178 2909 1281 2970 est,
1315 2904 1622 2959 secundum
1659 2904 1883 2962 reve-A
1909 2908 2083 2967 tione;
2124 2903 2390 2957 continuo
2427 2902 2718 2974 subjunxit
2749 2924 2760 2957 :
2802 2904 2948 2957 Nam
2980 2904 3210 2955 virtutes
3248 2902 3509 2959 calorum

201 2993 517 3047 lationem-

284 3080 377 3137 14.
421 3082 693 3147 Quoniam
741 3084 851 3148 ipse
900 3083 1187 3136 Dnminus.
1236 3084 1462 3137 Iussum
1506 3083 1590 3135 vel
1632 3081 1828 3136 tubam

202 3176 385 3224 vocat
420 3185 607 3222 vocem
639 3168 960 3239 archangeli
990 3170 1086 3241 qui
1114 3171 1264 3224 dicet
1294 3189 1305 3223 :
1340 3172 1587 3239 Surgite.

278 3258 375 3314 l5.
422 3259 665 3313 AUGUST.
692 3257 807 3320 (lib.
835 3272 907 3311 xx
931 3259 1002 3311 De
1021 3262 1171 3313 civit.
1199 3261 1309 3326 Dei,
1334 3276 1454 3331 cap.
1478 3259 1567 3324 20,
1592 3259 1822 3325 tom.V).

196 3348 430 3401 Deinde
460 3362 576 3399 nos.
609 3345 666 3399 Si
696 3362 829 3416 ergo
875 3353 1100 3401 sanctos
1143 3348 1239 3418 qui
1282 3348 1641 3418 reperiuntur
1672 3347 1828 3401 Chri-

197 3444 286 3489 sto
314 3434 593 3488 veniente
620 3437 888 3501 viventes,
935 3437 1096 3506 eique
1144 3437 1202 3490 in
1250 3437 1467 3490 obviam
1513 3438 1823 3507 rapientur,

195 3522 626 3577 crediderimus
664 3524 723 3577 in
771 3524 967 3577 eodem
1016 3529 1181 3594 raptu
1223 3524 1292 3577 de
1341 3524 1669 3577 mortalibus
1708 3540 1827 3577 cor-

196 3611 453 3682 poribus
480 3610 752 3678 exituros,
785 3616 843 3665 et
872 3612 942 3665 ad
970 3612 1166 3666 eadem
1197 3629 1325 3666 mox
1357 3612 1697 3666 immortalia
1734 3629 1824 3666 re-

193 3699 457 3763 dituros,
485 3698 665 3752 nullas
693 3700 750 3752 in
784 3699 965 3752 verbis
991 3701 1243 3771 Apostoli
1266 3702 1555 3772 patientur
1579 3699 1699 3773 [al.,
1731 3717 1826 3771 pas

196 3785 461 3859 tiemur]
492 3789 799 3857 angustias,
826 3788 940 3843 sive
959 3788 1056 3843 ubi
1082 3790 1218 3843 dicit
1245 3808 1258 3844 :
1290 3790 1374 3844 Tu
1402 3790 1551 3860 quod
1581 3790 1823 3843 seminas

195 3893 317 3930 non
372 3876 765 3943 viviﬁcabitur,
829 3877 938 3930 nisi
995 3878 1288 3932 moriatur.
1334 3878 1460 3932 Sive
1498 3876 1592 3931 ubi
1631 3878 1767 3932 dicit
1806 3897 1817 3931 :

196 3966 429 4019 Omnes
483 3964 868 4035 resurgemus,‘
905 3971 969 4020 ut
1019 3965 1140 4039 [al.,
1192 3967 1313 4036 aut]
1352 3983 1546 4021 omnes
1584 3966 1821 4020 dormie-

196 4071 361 4108 mus.

271 4142 449 4196 CAP.
486 4141 553 4195 ν.
574 4170 631 4182 --
668 4148 690 4197 i
753 4144 963 4199 Lmen.
1000 4144 1072 4197 De
1101 4145 1454 4212 temporibus.
1487 4145 1568 4198 De
1597 4149 1813 4216 tempo-

1910 2994 2277 3048 movcbuntur
2291 3011 2308 3056 ;
2332 2999 2380 3045 et
2405 2996 2536 3045 tunc
2553 2993 2812 3045 videbunt
2828 2993 3013 3059 ﬁlium
3029 2976 3271 3043 hominis
3290 2990 3511 3041 venien-

1912 3088 2017 3137 tem
2039 3098 2165 3135 cum
2188 3085 2447 3149 potestate
2468 3096 2676 3147 magna
2693 3085 2741 3133 et
2761 3083 3060 3147 majestate.
3080 3077 3384 3131 Videamus
3404 3076 3511 3130 ita-

1910 3191 2039 3245 que,
2071 3189 2141 3226 ne
2167 3172 2309 3225 forte
2340 3171 2541 3225 melius
2570 3171 2936 3240 intelligatur,
2969 3186 3079 3224 non
3113 3185 3181 3222 ea
3209 3167 3377 3222 modo
3406 3167 3511 3221 im-

1908 3263 2049 3333 pleri
2076 3277 2198 3331 quae
2219 3260 2519 3331 praedicata
2538 3266 2672 3314 sunt
2696 3260 2753 3313 in
2780 3259 2889 3313 illis
2908 3258 3108 3321 verbis,
3133 3257 3231 3311 sed
3251 3261 3387 3311 tunc
3415 3270 3513 3327 po-

1909 3352 2024 3405 tius
2044 3366 2165 3404 esse
2184 3356 2439 3413 ventura,
2456 3349 2680 3421 quando
2705 3348 2783 3402 sic
2804 3349 2913 3402 erit
2934 3346 3225 3402 tribulatio
3247 3345 3508 3400 universo

1910 3440 2032 3494 orbi
2091 3444 2156 3492 ut
2210 3438 2281 3491 ad
2340 3437 2641 3491 Ecclesiam
2690 3437 2972 3507 pertineat
3008 3452 3130 3507 quia
3160 3436 3219 3488 in
3248 3435 3510 3489 universo

1910 3529 2043 3582 orbe
2072 3526 2453 3591 tribulabitur,
2495 3542 2607 3579 non
2648 3526 2718 3579 ad
2766 3542 2862 3579 eos
2902 3524 2996 3595 qui
3039 3523 3315 3578 tribulant
3357 3539 3506 3576 eam.

1907 3616 2024 3687 Ipsi
2053 3616 2202 3669 enim
2232 3614 2437 3668 dicturi
2468 3619 2604 3668 sunt
2632 3632 2645 3667 :
2673 3616 2789 3668 Pas:
2815 3618 2866 3666 et
2893 3616 3178 3679 securitas,
3210 3617 3275 3665 ut
3303 3627 3508 3682 repen-

1906 3706 2059 3758 tinus
2081 3704 2193 3757 illis
2221 3702 2580 3771 superveniat
2602 3701 2883 3767 interitus,
2908 3706 2965 3754 et
2984 3717 3079 3754 eos
3105 3700 3379 3753 adventus
3402 3699 3511 3753 Do-

1905 3793 2066 3859 mini,
2098 3792 2243 3846 sicut
2270 3792 2363 3845 fur
2388 3791 2447 3844 in
2470 3796 2655 3855 nocte,
2687 3788 3147 3860 comprehendat.

1975 3904 2027 3959 6.
2056 3906 2315 3959 AUGUST.
2354 3911 2548 3972 (cmpos.
2578 3907 2720 3973 psal.
2749 3917 2933 3969 cxxxx,
2964 3910 3101 3958 tom.
3132 3902 3307 3963 VIII).
3339 3904 3504 3957 Nocte

1900 3994 2211 4046 dormiunt.
2257 3992 2491 4045 Noctem
2528 3991 2718 4045 dicens
2768 3991 3145 4063 iniquitatem,
3176 3990 3236 4044 in
3272 4006 3384 4061 qua
3420 3990 3505 4045 illi

1900 4079 2327 4134 obdormierunt
2356 4080 2631 4151 cupiendo
2658 4080 2769 4134 ista
2797 4086 3040 4144 terrena,
3074 4084 3132 4133 et
3157 4092 3352 4133 omnes
3381 4079 3502 4133 ista;

1898 4168 2190 4223 felicitates
2229 4185 2352 4239 quae
2392 4169 2652 4222 videntur
2698 4169 2908 4233 saeculi,
2954 4166 3176 4221 somnia
3205 4172 3339 4221 sunt
3375 4166 3502 4219 dor-

193 4229 395 4327 ﬁbns’
758 4232 844 4327 ξ’θί
884 4231 1088 4327 ὴξῗηξθν
1119 4248 1191 4286 an
1220 4233 1312 4287 die
1351 4233 1436 4287 vel
1470 4238 1650 4299 Hoc“,
1679 4249 1813 4287 vel“
1831 4260 1879 4319 B
1900 4257 2196 4311 mientium
2217 4229 2319 4325 ;-et
2342 4257 2621 4327 quomodo
2650 4257 2745 4327 qui
2770 4229 2925 4310 videt
2942 4256 3237 4310 thesauros
3264 4255 3323 4308 in
3352 4269 3500 4307 som-

193 4325 381 4373 turns
406 4319 483 4371 sit
513 4318 581 4371 ad
600 4319 876 4388 judicium
907 4320 1181 4377 Christus.

267 4407 333 4460 2.
370 4408 445 4461 De
490 4411 799 4474 momentis,
846 4409 905 4462 id
950 4415 1055 4478 est,
1108 4427 1220 4481 qua
1271 4412 1412 4465 hora
1442 4411 1551 4465 diei
1591 4411 1676 4465 vel
1711 4428 1814 4465 no-

190 4497 335 4557 σείς.

264 4584 332 4637 3.
365 4586 486 4652 Ipsi
506 4587 651 4638 enim
671 4586 986 4653 diligenter.
1016 4587 1186 4651 Quasi
1215 4588 1365 4642 dicat
1390 4607 1402 4643 :
1435 4590 1559 4643 Non
1591 4589 1808 4659 indige-

189 4675 291 4737 tis,
326 4672 472 4743 quia
505 4671 642 4725 nihil
679 4674 831 4727 aliud
861 4674 1162 4729 scriberem
1193 4677 1302 4730 nisi
1330 4678 1480 4747 quod
1509 4695 1605 4731 vos
1634 4679 1807 4744 scitis,

188 4764 361 4817 diem
379 4760 639 4815 videlicet
655 4762 878 4817 Domini
900 4765 1042 4817 clam
1074 4771 1393 4830 venturum,
1426 4783 1529 4820 nec
1552 4773 1809 4838 tempora

188 4868 305 4906 nec
335 4857 631 4903 momenta
659 4852 845 4922 aliquo
874 4853 1104 4907 sciente.

266 4940 329 4995 4ο
356 4940 499 4992 (-‘um
519 4942 666 4993 enim
689 4942 974 4995 dixerint:
1005 4945 1138 4997 Pax.
1165 4944 1436 4999 Defuncto
1459 4946 1807 5001 Antichristo

184 5027 490 5101 putabant
515 5027 673 5081 stulti
714 5045 773 5081 se
816 5030 1060 5100 amplius
1090 5048 1351 5099 securos;
1395 5035 1492 5087 sed
1530 5041 1663 5089 tunc
1699 5038 1808 5090 cito

186 5117 397 5172 veniet
428 5116 709 5181 interitus,
742 5123 798 5169 et
827 5124 961 5171 tunc
988 5118 1130 5173 bene
1155 5121 1264 5174 erit
1290 5121 1451 5177 nobis
1477 5124 1573 5194 qui
1604 5126 1809 5179 evade-

188 5223 363 5269 mus,
390 5204 537 5258 sicut
561 5206 765 5259 mulier
792 5213 1036 5276 partum.

266 5297 335 5349 5.
371 5294 616 5348 Auers'r.
640 5294 808 5364 (epist
838 5293 928 5362 80,
956 5299 1031 5350 ad
1052 5298 1285 5365 Ilesich.,
1303 5304 1440 5354 tom.
1458 5302 1552 5355 ΙΙ).
1572 5303 1705 5356 Cum
1728 5304 1810 5355 di-

186 5394 395 5444 xerint
418 5406 551 5459 pax.
595 5390 738 5454 Quid
766 5398 856 5446 est
883 5394 1029 5463 quod
1058 5394 1137 5447 ait
1173 5396 1476 5469 Apostolus
1508 5418 1519 5451 :
1551 5401 1686 5453 Cum
1725 5402 1809 5454 di-

185 5482 393 5531 xerint
423 5496 533 5546 pas:
551 5484 598 5533 et
627 5484 935 5534 securitas?
962 5484 1101 5536 Cum
1135 5485 1282 5538 enim
1312 5486 1546 5541 dixisset
1565 5489 1808 5558 Evange-

1898 4347 2026 4411 niis,
2074 4345 2358 4399 dormiens
2404 4345 2557 4398 dives
2595 4350 2682 4398 est
2707 4346 2732 4398 ’ἶ
2768 4345 2865 4399 sed
2905 4343 3155 4415 vigilabit
3190 4348 3246 4398 et
3282 4358 3500 4414 pauper

1898 4436 2041 4488 erit:
2071 4436 2151 4487 sic
2179 4434 2368 4487 omnia
2400 4447 2540 4486 vana
2580 4432 2689 4486 ista
2725 4433 2893 4503 hujus
2932 4431 3137 4497 saeculi,
3171 4432 3241 4487 de
3290 4430 3495 4502 quibus

1894 4523 2145 4593 gaudent
2173 4523 2230 4576 in
2275 4538 2491 4576 somno.
2526 4521 2883 4591 Evigilabunt
2924 4521 3147 4592 quando
3183 4520 3403 4588 nolunt,
3444 4521 3495 4575 si

1891 4629 2004 4666 non
2036 4612 2201 4666 modo
2229 4611 2493 4681 evigilant
2522 4610 2745 4681 quando
2767 4610 2927 4679 utile,
2949 4615 3006 4664 et
3032 4609 3328 4665 inveniunt
3351 4623 3497 4665 som-

1891 4701 1986 4755 nia
2010 4700 2182 4755 fuisse
2207 4701 2321 4754 illa.

1964 4810 2014 4862 7.
2043 4810 2289 4861 AMBROS.
2318 4807 2383 4860 Et
2421 4810 2532 4859 sive
2572 4809 2883 4874 vigilemus,
2917 4805 2973 4859 id
3003 4811 3105 4871 est,
3140 4806 3258 4860 sive
3286 4822 3488 4861 secun-

1890 4897 2023 4951 dum
2043 4902 2375 4967 praesentem
2394 4895 2567 4949 vitam
2591 4894 2648 4948 in
2662 4895 2904 4949 adventu
2924 4894 3147 4949 Domini
3160 4893 3489 4963 habeamus,

1890 4986 2006 5040 sive
2030 4984 2239 5055 egressi
2266 4984 2540 5038 fuerimus
2565 5000 2600 5037 a
2625 4984 2735 5037 vita
2768 4984 2872 5039 hac
2894 5001 3087 5039 omnes
3115 4984 3286 5038 vitam
3310 4984 3491 5038 incor-

1890 5100 1955 5136 ru
1966 5088 2121 5153 ptum
2150 5081 2527 5151 acquiramus.

1963 5196 2017 5252 8.
2052 5198 2256 5251 Lmen.
2295 5197 2355 5249 Ut
2387 5198 2648 5249 noveritis
2675 5212 2779 5250 eos.
2806 5196 2996 5250 Genus
3020 5194 3338 5260 locutionis,
3358 5208 3488 5246 cum

1891 5296 2129 5350 dicimus
2176 5293 2264 5346 cui
2307 5291 2446 5345 nihil
2493 5291 2627 5346 dare
2678 5293 2933 5347 volumus
2968 5311 2979 5347 :
3020 5294 3149 5347 Non
3200 5307 3367 5346 nosco
3410 5298 3487 5357 te,

1890 5384 2078 5438 nescio
2110 5390 2190 5441 te.

1958 5488 2016 5542 9.
2049 5492 2298 5546 AMBROS.
2338 5494 2398 5545 lit
2435 5493 2678 5545 habeatis
2712 5493 2854 5555 illos,
2891 5488 2946 5541 id
2977 5493 3081 5549 est,
3127 5484 3367 5557 plurimo
3395 5486 3494 5563 ho-

190 5562 348 5620 linm
367 5586 379 5618 ς
396 5571 778 5622 Arescentibus
796 5571 1118 5625 hominibus
1128 5590 1244 5642 pne
1268 5579 1461 5630 timore
1480 5583 1527 5630 ct
1548 5586 1813 5649 exsperta-
1836 5573 1877 5631 C
1898 5596 2036 5635 nore
2059 5580 2259 5649 dignos
2280 5580 2615 5643 existimate,
2645 5593 2756 5631 non
2782 5577 3119 5631 resultantes
3148 5575 3373 5647 quando
3399 5591 3494 5629 vos
