3936 6178
457 235 565 297 343

1449 235 1513 293 Β.
1553 238 1971 297 LANFRANCI
2007 235 2367 295 CANTUAR.
2407 233 2746 292 ARCHIEP.

3602 232 3693 292 344

455 363 634 432 mum,
661 367 937 436 apostasia
964 366 1200 421 Romani
1226 366 1469 433 imperii,
1504 367 1587 420 vel
1614 368 1759 434 ﬁdei,
1785 372 1840 421 et
1853 365 2131 421 revelatus
2150 361 2324 417 fuerit
2342 361 2512 415 homo
2523 359 2751 432 peccati,
2786 358 3183 421 Antichristus,
3213 356 3361 413 ﬁlius
3374 356 3696 428 perditionis,

458 470 589 520 sua,
616 459 667 508 et
693 456 962 515 aliorum,
976 450 1073 522 qui
1084 450 1907 517 adversatur,advemabitur.et
1920 453 2223 517 extollitur,
2250 453 2561 515 extolletur,
2594 464 2767 521 supra
2779 464 2945 502 omne
2962 447 3014 501 7.
3039 447 3189 518 quod
3204 446 3407 501 dicitur
3423 462 3524 501 esse
3542 446 3698 502 Deus,

460 546 562 598 aut
581 542 731 614 quod
751 539 953 596 colitur
964 556 1000 595 a
1011 536 1405 605 0hristianis,8
1443 539 1524 594 ita
1538 545 1601 595 ut
1619 540 1677 595 in
1694 543 1904 613 templo
1914 542 2386 607 Dei,Hierusalem
2396 542 2499 606 ,vel
2515 536 3293 602 Ecclesia,sedeat,ostendens
3301 552 3363 590 se
3371 542 3626 608 tanquam
3635 536 3701 591 sit

460 631 631 687 Deus.
648 632 759 686 Hoc
777 631 903 685 dixi
919 629 1089 696 vobis,
1110 633 1161 683 et
1180 629 1307 683 Non
1326 628 1429 682 reti
1438 629 1583 683 netis
1600 630 1769 701 quod,
1801 646 1930 685 cum
1958 630 2141 685 adhuc
2159 645 2341 684 essem
2370 626 2522 699 apud
2541 643 2658 692 vos,
2682 627 2801 681 haec
2816 627 3138 696 supradicta
3157 624 3405 680 dicebam
3431 624 3617 679 vobis?
3644 624 3698 681 9.

460 721 532 776 Et
556 735 707 775 nunc
724 718 860 790 quid
888 717 1139 773 detineat
1164 719 1592 786 Antichristum,
1630 721 1711 773 vel
1738 721 1884 774 diem
1906 721 2151 785 Domini,
2183 716 2356 781 scitis,
2389 718 2524 785 (ecce
2546 716 2691 784 quod
2712 716 2932 776 detinet)
2965 719 3033 769 ut
3048 712 3326 768 reveletur
3363 714 3422 768 in
3450 729 3548 768 suo
3590 730 3704 769 con-

459 810 707 863 venienti
730 812 1005 878 tempore.
1035 809 1152 876 Ipse
1180 807 1537 873 revelabitur,
1578 803 1670 872 10,
1705 805 1788 863 11.
1821 808 1965 862 Nam
2002 806 2335 881 mysterium
2357 805 2476 875 jam
2508 808 2776 875 operatur
2796 802 3133 874 iniquitatis,
3167 802 3227 856 id
3253 807 3349 869 est,
3379 808 3565 858 secrete
3590 819 3702 872 ope-

459 901 631 952 ratur
651 912 754 966 per
781 897 1050 959 membra,
1086 893 1171 952 12.
1194 894 1555 959 tantum,hoc
1583 900 1805 949 tantum
1828 900 2020 963 restat,
2052 896 2142 962 l3,
2184 895 2273 948 14.
2305 899 2372 948 ut
2399 893 2495 964 qui
2523 897 2693 954 tenet.
2760 899 2795 956 |
2814 898 2872 957 8
2888 901 2922 957 |
2982 908 3133 947 nunc
3164 896 3370 956 teneat,
3412 894 3703 947 Romanum

459 987 785 1055 imperium,
809 986 891 1038 vel
914 985 1096 1051 ﬁdem,
1128 986 1210 1037 vel
1237 984 1313 1036 ad
1337 998 1435 1036 nos
1463 983 1633 1049 nihil,
1664 986 1780 1038 nisi
1812 989 1991 1039 tenere
2015 986 2200 1053 ﬁdem,
2229 983 2408 1037 donec
2436 982 2505 1036 de
2534 981 2717 1035 medio
2738 982 2855 1045 ﬁat,
2879 982 3047 1035 donec
3072 982 3395 1036 destruatur
3413 982 3703 1036 Romanum

459 1076 784 1144 imperium,
812 1074 895 1125 vel
920 1071 1300 1125 Antichristus
1326 1074 1631 1137 nascatur;
1650 1074 1763 1137 vel,
1795 1074 1895 1141 qui
1917 1077 2055 1126 tenet
2086 1073 2269 1139 ﬁdem,
2302 1076 2479 1125 teneat
2498 1072 2664 1124 donec
2691 1072 2993 1123 moriatur.
3028 1069 3097 1123 Et
3112 1074 3245 1123 tunc
3266 1066 3593 1123 revelabitur
3617 1067 3704 1122 ille

459 1161 711 1233 iniquus,
743 1158 829 1218 15.
863 1176 1030 1232 quem
1050 1158 1321 1213 Dominus
1350 1157 1387 1212 J
1391 1174 1518 1213 esus
1546 1157 1846 1213 interficiat
1875 1158 2077 1230 spiritu
2106 1159 2221 1213 oris
2245 1159 2353 1222 sui,
2385 1163 2592 1214 virtute
2616 1159 2863 1227 Spiritus
2891 1161 3073 1212 sancti
3100 1160 3169 1212 ab
3189 1175 3246 1212 eo
3279 1158 3627 1227 procedentis,
3655 1162 3707 1211 et

459 1252 720 1307 destruet
750 1248 835 1308 16.
863 1249 1258 1316 illustratione,
1285 1250 1365 1320 (id
1393 1253 1486 1306 est,
1512 1249 1786 1315 claritate,
1809 1265 1928 1317 quae
1957 1253 2113 1302 tanta
2138 1251 2249 1302 erit
2266 1252 2330 1301 ut
2359 1264 2420 1302 ea
2450 1250 2567 1302 visa
2588 1247 2888 1314 moriatur)
2915 1245 3182 1299 adventus
3222 1244 3309 1298 sui
3363 1260 3509 1303 eum.
3540 1245 3707 1303 Anti-

460 1342 769 1407 christum;
796 1339 955 1409 cujus
985 1341 1075 1392 est
1108 1337 1385 1392 adventus
1410 1335 1718 1390 secundum
1750 1335 2135 1406 operationem
2164 1336 2404 1401 Satanae,
2434 1338 2774 1404 dispositam,
2809 1338 2890 1388 vel
2924 1334 3163 1389 Satanas
3191 1337 3256 1388 in
3279 1350 3337 1387 eo
3365 1335 3704 1401 operabitur;

456 1417 522 1484 in
542 1444 711 1484 omne
734 1427 941 1482 virtute
959 1428 1401 1490 resurrectionis,
1435 1430 1493 1479 et
1520 1424 1695 1494 signis
1724 1426 2133 1479 miraculorum
2167 1430 2226 1479 et
2263 1424 2347 1480 17.
2396 1424 2667 1495 prodigiis
2701 1421 3065 1476 mendacibus
3092 1423 3167 1475 ad
3193 1423 3449 1483 salutem,
3483 1423 3560 1474 vel
3587 1422 3707 1488 quia

457 1519 761 1584 videbitur,
786 1533 884 1571 nee
910 1531 1101 1569 revera
1128 1516 1469 1583 operabatur,
1496 1519 1552 1567 et
1570 1513 1632 1567 in
1655 1513 1809 1567 omni
1835 1512 2159 1567 seductione
2181 1513 2496 1584 iniquitatis
2520 1512 2592 1566 iis
2615 1511 2711 1583 qui
2736 1516 2993 1582 pereunt,
3029 1526 3095 1564 eo
3115 1509 3264 1580 quod
3283 1498 3606 1563 chaﬁtatem
3626 1524 3709 1561 ve-

459 1606 647 1663 ritatis
674 1621 789 1659 non
816 1606 1175 1675 receperunt,
1205 1606 1270 1656 ut
1298 1601 1435 1655 salvi
1459 1602 1677 1666 fierent,
1712 1617 1768 1655 eo
1799 1604 1943 1670 quod
1966 1605 2302 1672 praedicabat
2342 1619 2446 1673 pro
2493 1604 2783 1666 charitatc,
2832 1603 2918 1655 vel
2955 1601 3348 1669 redemptione.
3384 1598 3513 1652 Ideo
3540 1597 3712 1651 mittet

457 1695 571 1750 illis
602 1695 753 1749 Deus
776 1691 1161 1765 operationem
1186 1691 1413 1756 erroris,
1451 1696 1790 1759 operatorem
1815 1692 2325 1759 Antichristum,ut
2348 1692 2582 1747 credant
2599 1690 2911 1757 mendacio,
2934 1694 2998 1744 ut
3011 1690 3355 1760 judicentur,
3367 1690 3707 1752 damnentur,

457 1799 655 1841 omnes
672 1782 770 1854 qui
794 1798 909 1836 non
923 1780 1286 1836 crediderunt
1317 1780 1561 1847 veritati,
1592 1779 1686 1834 sed
1709 1788 2114 1836 consenserunt
2136 1782 2445 1853 iniquitati,
2480 1783 2720 1836 diabolo.
2757 1781 2873 1834 Nos
2919 1786 3130 1841 autem.
3171 1782 3262 1834 sed
3298 1796 3388 1834 vos
3422 1779 3711 1833 credidistis

454 1875 703 1939 veritati,
728 1872 877 1925 unde
900 1886 996 1924 nos
1027 1869 1299 1924 debemus
1319 1869 1533 1939 gratias
1548 1885 1716 1940 agere
1730 1869 1847 1923 Deo
1871 1886 2097 1941 semper
2117 1871 2202 1925 18.
2223 1887 2325 1942 pro
2359 1870 2537 1935 vobis,
2568 1870 2771 1925 fratres
2788 1869 2977 1923 dilecti
2998 1868 3178 1934 aDeo,
3203 1868 3353 1941 quod
3383 1866 3609 1937 elegerit
3623 1880 3711 1919 vos

455 1963 610 2018 Deus
624 1959 1278 2032 primitias,primilivam
1293 1959 1610 2023 Ecclesiam,
1636 1957 1695 2011 in
1709 1958 1947 2013 salutem
1956 1962 2165 2026 ,datam
2186 1962 2363 2027 vobis,
2386 1960 2445 2014 in
2457 1959 2902 2014 sanctificatione
2913 1961 3165 2026 primum
3184 1959 3371 2011 sancti
3382 1956 3633 2028 Spiritus,
3661 1959 3713 2008 et

455 2050 520 2104 in
540 2048 652 2104 ﬁde
681 2047 954 2114 veritatis,
983 2048 1191 2103 Christi
1216 2066 1233 2111 ;
1263 2045 1321 2100 in
1335 2063 1448 2118 qua
1466 2051 1525 2101 et
1540 2046 1758 2101 vocavit
1776 2063 1874 2102 vos
1893 2065 1995 2119 per
2014 2048 2374 2118 Evangelium
2391 2055 2669 2107 nostrum.
2706 2045 2788 2104 19.
2802 2048 2860 2101 in
2877 2045 3301 2117 acquisitionem
3315 2045 3527 2116 gloriae,
3547 2049 3607 2097 ut
3630 2058 3711 2101 vos

454 2139 769 2208 acquiratis
795 2139 1037 2204 gloriam
1071 2137 1184 2205 Dei,
1206 2139 1288 2190 vel
1308 2140 1370 2189 ut
1389 2152 1477 2189 vos
1496 2138 1818 2204 acquirami
1820 2139 1884 2190 ni
1905 2152 1940 2189 a
1973 2138 2073 2190 Deo
2087 2138 2275 2205 gloria
2287 2136 2509 2191 Domini
2521 2136 2699 2191 nostri
2711 2135 2748 2190 J
2752 2152 2853 2191 esu
2867 2135 3093 2191 Christi.
3116 2135 3331 2206 Itaque,
3340 2136 3472 2203 quia
3486 2134 3711 2201 gloriam

455 2228 779 2296 acquiretis,
792 2225 1016 2291 fratres,
1034 2228 1197 2289 state,
1227 2227 1281 2277 et
1301 2227 1491 2278 tenete
1508 2225 1796 2292 Evangelii
1831 2224 2164 2279 traditiones
2204 2242 2344 2296 quas
2383 2225 2676 2291 didicistis,
2708 2225 2824 2279 sive
2854 2240 2957 2294 per
2970 2239 3284 2297 sermonem
3301 2225 3412 2277 mei
3422 2220 3707 2292 prasentis.

455 2315 571 2370 sive
609 2330 729 2386 per,
754 2315 1011 2377 absentis,
1031 2312 1340 2384 Epistolam
1360 2316 1633 2367 nostram.
1665 2310 1794 2384 Ipse
1827 2318 2017 2368 autem
2037 2313 2311 2370 Dominus
2335 2320 2528 2370 noster
2542 2312 2580 2368 J
2583 2330 2713 2368 esus
2733 2312 3012 2378 Christus,
3031 2316 3087 2366 et
3097 2312 3246 2368 Deus
3262 2317 3321 2365 et
3335 2311 3503 2367 Pater
3512 2313 3711 2369 noster.

1807 2463 2400 2521 COMMENTARIUS.

454 2587 815 2646 abundatura
833 2587 912 2643 sit
936 2586 1226 2659 iniquitas,
1244 2603 1312 2643 ex
1340 2603 1427 2655 eo,
1448 2586 1650 2659 inquit,
1671 2587 1854 2659 colligi
1865 2593 2051 2660 potest
2065 2595 2115 2653 Α
2139 2594 2352 2661 quanta
2373 2590 2448 2645 sit
2476 2589 2746 2660 iniquitas
2776 2605 2899 2661 quae
2927 2604 3029 2660 per
3055 2588 3420 2659 semetipsum
3440 2580 3717 2640 exercebat

452 2678 606 2752 quod
623 2677 684 2733 in
704 2676 843 2748 ipsis
858 2675 1150 2749 principiis
1159 2676 1492 2732 accessionis
1509 2682 1785 2747 apparent
1794 2678 2049 2748 quaedam

451 2766 716 2840 primitim
736 2765 1112 2831 discessionis,
1120 2770 1184 2819 ut
1196 2765 1425 2836 quidam
1443 2781 1504 2819 se
1524 2765 1729 2820 Christi
1750 2765 2052 2837 discipulos

449 2856 741 2923 simulent,
774 2870 959 2926 neque
986 2854 1057 2909 de
1080 2854 1271 2908 futuro
1289 2853 1514 2920 debere,
1548 2870 1676 2909 cum
1706 2854 1811 2909 hoc
1827 2860 2050 2909 tantum

450 2944 715 3009 sufﬁciat,
747 2949 815 2999 ut
834 2948 1028 2999 teneat
1054 2943 1293 3014 quisque
1308 2942 1367 2996 in
1391 2942 1666 3014 religione
1695 2943 1841 3014 quod
1870 2949 2047 3010 tenet,

448 3034 511 3090 in
530 3049 641 3105 quo
674 3033 734 3088 in
754 3048 819 3087 eo
847 3037 1198 3104 permaneat.
1221 3031 1398 3085 donec
1419 3031 1490 3086 de
1514 3032 1702 3086 medio
1722 3033 1840 3099 fiat,
1864 3032 1918 3086 id
1942 3038 2046 3102 est,

448 3121 521 3177 de
531 3128 726 3194 aperto
744 3120 1063 3176 innotescat
1074 3121 1242 3175 homo
1261 3121 1375 3186 ille,
1392 3121 1728 3192 impleturus
1748 3138 2049 3192 personam

449 3210 788 3283 iniquitatis,
819 3210 917 3281 qui
961 3214 1098 3264 tunc
1126 3208 1301 3264 futuri
1342 3214 1477 3264 sunt
1502 3209 1581 3262 illi
1609 3209 1867 3277 videant;
1909 3210 2049 3265 mihi

449 3305 642 3356 autem
671 3299 732 3353 in
768 3299 959 3353 anima
1001 3297 1296 3361 moritura,
1337 3313 1448 3368 quo
1485 3297 1635 3351 valet
1675 3298 1881 3352 rescire
1922 3303 2051 3369 post

451 3391 591 3458 quot
603 3401 782 3440 annos
795 3385 952 3456 prius
972 3401 1094 3440 esse
1109 3385 1232 3439 fieri
1269 3385 1676 3451 ascensionem,
1700 3401 2048 3457 consequen-

449 3478 541 3529 ter
554 3471 982 3538 descessionem,
1001 3478 1060 3527 et
1073 3472 1153 3527 sic
1171 3472 1400 3526 demum
1416 3472 1612 3527 adesse
1631 3472 1783 3528 diem
1799 3473 2043 3527 Domini.

521 3557 576 3618 6.
606 3563 855 3618 uanos.
883 3561 1009 3616 Nisi
1034 3565 1264 3616 venerit.
1289 3560 1697 3616 Discessionem
1723 3566 1886 3617 vocat
1910 3570 2049 3617 tem-

450 3666 559 3723 pus
586 3649 747 3717 illud,
781 3666 847 3704 eo
876 3650 1025 3722 quod
1053 3650 1222 3722 paulo
1270 3649 1459 3704 minus
1486 3665 1680 3705 omnes
1705 3656 1841 3706 tunc
1864 3651 2047 3706 disce-

449 3739 590 3795 dent
616 3756 651 3795 a
678 3740 888 3812 pietate
917 3756 933 3807 ;
972 3744 1032 3794 et
1057 3739 1271 3809 peccati
1294 3739 1584 3794 hominem
1612 3739 1772 3807 dixit,
1804 3757 1870 3795 eo
1899 3743 2048 3813 quod

448 3833 741 3900 peccatum
769 3827 1144 3896 ministrabit;
1186 3833 1245 3882 et
1265 3827 1447 3882 filium
1475 3828 1827 3901 perditionis,
1853 3836 2049 3903 utpote

446 3916 751 3990 perditioni
786 3916 1162 3972 subdendum.

522 4007 577 4061 7.
608 4005 819 4063 Lara.
852 4007 1006 4074 Quod
1033 4006 1246 4060 dicitur
1273 4006 1434 4073 Deus,
1478 4005 1551 4061 rid
1597 4014 1702 4068 est,
1733 4024 1904 4079 super
1930 4014 2057 4065 om-

446 4111 550 4153 nes
567 4099 811 4162 sanctos,
849 4093 947 4167 qui
992 4094 1259 4149 dicuntur
1295 4094 1394 4162 dii,
1427 4099 1484 4150 et
1538 4112 1712 4169 supra
1748 4097 1928 4152 Deum
1958 4098 2048 4169 [f.,

453 4183 631 4255 eum],
657 4183 757 4255 qui
792 4182 998 4239 colitur
1024 4183 1195 4238 Deus.

519 4271 575 4330 8.
590 4273 840 4329 Ancus-r.
874 4270 991 4340 (lib.
1023 4272 1186 4326 xxDe
1211 4274 1364 4326 civit.
1411 4274 1529 4340 Dei,
1561 4289 1680 4345 cap.
1714 4270 1827 4345 19).
1868 4276 1955 4330 Ita
1988 4281 2047 4330 ut

446 4364 514 4416 in
544 4363 759 4431 templo.
801 4360 920 4414 Hoc
966 4360 1088 4415 loco
1125 4359 1365 4432 intelligi
1392 4360 1801 4418 Antichristum
1829 4364 2042 4428 volunt,

447 4449 767 4520 rectiusque
785 4453 991 4519 putant
1018 4448 1191 4503 etiam
1220 4449 1417 4504 Latine
1437 4451 1567 4518 dici,
1598 4451 1745 4507 sicut
1762 4452 1823 4507 in
1851 4453 2045 4509 Graeco

448 4539 556 4602 est,
586 4550 697 4590 non
727 4536 788 4590 in
814 4536 1027 4608 templo
1051 4535 1173 4598 Dei,
1192 4537 1291 4592 sed
1318 4537 1379 4592 in
1402 4539 1677 4610 templum
1706 4541 1806 4595 Dei
1830 4542 2043 4608 sedeat,

447 4629 724 4695 tanquam
754 4624 875 4695 ipse
894 4624 971 4679 sit
997 4625 1273 4695 templum
1302 4626 1424 4693 Dei,
1474 4628 1623 4698 quod
1662 4634 1749 4683 est
1778 4630 2042 4696 Ecclesia,

446 4712 596 4767 sicut
621 4711 861 4767 dicimus
889 4712 1048 4767 sedet
1063 4713 1123 4767 in
1139 4713 1404 4775 amicum,
1424 4714 1482 4769 id
1511 4720 1617 4783 est,
1638 4718 1791 4772 velut
1805 4719 2040 4774 amicus.

517 4798 573 4857 9.
598 4802 848 4857 AMBROS.
906 4802 975 4856 Et
1014 4818 1168 4858 nunc
1190 4805 1328 4872 quid
1355 4803 1617 4871 detineat,
1671 4806 1729 4860 id
1757 4812 1861 4875 est,
1894 4809 2044 4879 Deus

444 4887 678 4944 interim
702 4888 921 4945 detinet
943 4906 1092 4947 eum.

514 4975 604 5036 10.
627 4978 779 5035 Nam
803 4982 1156 5048 mysterium,
1187 4980 1294 5035 hoc
1321 4986 1426 5048 est,
1453 4998 1564 5038 non
1595 4990 1788 5055 aperte
1815 4990 2043 5056 aposta-

439 5065 587 5122 siam
605 5072 892 5138 operatur,
914 5068 1015 5124 sed
1042 5068 1357 5126 ministerio
1403 5088 1508 5143 per
1565 5088 1698 5127 suos
1753 5089 1787 5127 a
1834 5074 2043 5145 pietate

438 5158 626 5211 tentat
650 5155 939 5213 divellere.

516 5244 600 5301 11.
632 5244 844 5301 Lam.
908 5248 1056 5302 Nam
1082 5252 1432 5317 mysterium.
1472 5251 1805 5323 Mysterium
1836 5252 2041 5323 iniqui-

436 5330 574 5387 tatis
591 5349 708 5390 sum
729 5334 790 5390 in
804 5335 1049 5401 Nerone,
1074 5343 1133 5392 et
1151 5338 1367 5394 caeteris
1400 5339 1668 5396 membris
1717 5341 1835 5396 suis
1878 5342 2040 5396 Anti-

437 5419 683 5477 christus
708 5427 846 5479 tunc
873 5431 1159 5497 operatur,
1212 5427 1345 5499 quia
1383 5445 1484 5500 per
1509 5430 1941 5485 unanimitatem
1983 5437 2041 5485 et

436 5508 884 5592 magnitudinem
913 5514 1249 5591 iniquitatis,
1299 5532 1422 5588 quae
1459 5535 1558 5589 per
1587 5532 1684 5573 eos
1722 5518 2031 5581 exercebat,

2132 2678 2222 2747 υἱ,
2268 2677 2589 2751 exercebitl,
2623 2678 2974 2732 ostendebat.
3025 2678 3096 2732 Et
3149 2682 3237 2733 est
3290 2674 3549 2748 probatio
3577 2669 3715 2744 quod

2133 2769 2393 2823 reveland
2401 2784 2467 2822 us
2496 2768 2591 2822 sit.

2208 2854 2271 2912 12
2315 2857 2566 2913 Αιηιιιοε.
2627 2858 2865 2911 Tantum
2907 2860 2971 2909 ut
3009 2857 3109 2925 qui
3137 2859 3296 2912 tenet.
3329 2853 3439 2908 hoc
3492 2855 3591 2919 est,
3627 2848 3715 2905 ubi

2130 2944 2394 3001 diﬁinitio
2416 2945 2531 3012 Dei,
2552 2962 2674 3017 quae
2691 2945 2812 3014 ejus
2834 2942 3091 3015 prohibet
3120 2943 3445 3009 adventum,
3467 2938 3713 3003 cessabit,

2128 3039 2265 3089 tunc
2292 3034 2390 3089 ille
2417 3035 2728 3107 apparebit.

2197 3122 2289 3180 13.
2322 3124 2528 3178 Lmen.
2547 3125 2607 3178 Ut
2636 3127 2736 3193 qui
2756 3129 2912 3179 tenet.
2933 3124 3249 3178 Romanum
3271 3122 3532 3192 designat
3550 3120 3717 3190 impe-

2130 3212 2301 3278 rium,
2352 3229 2461 3284 quo
2514 3213 2798 3267 destructo
2828 3212 3015 3266 veniet
3040 3211 3449 3266 Antichristus.
3481 3210 3595 3264 Hoc
3641 3211 3719 3261 est

2130 3300 2283 3355 enim
2312 3301 2458 3372 quod
2478 3301 2615 3355 dicit
2646 3321 2660 3356 :
2688 3301 3082 3356 tantummodo
3100 3300 3207 3354 hoc
3233 3305 3415 3355 restat
3440 3304 3505 3354 ut
3518 3299 3715 3352 Roma-

2129 3389 2675 3461 nusimperator,qui
2697 3396 2855 3444 tenet
2870 3391 3019 3444 hunc
3030 3389 3324 3453 mundum,
3348 3392 3541 3443 teneat
3551 3386 3717 3440 donec

2128 3478 2200 3532 de
2218 3478 2403 3532 medio
2429 3480 2548 3537 ﬁat,
2595 3479 2654 3532 id
2684 3484 2789 3544 est,
2831 3479 3053 3548 penitus
3094 3478 3423 3545 auferatur;
3445 3477 3514 3531 de
3543 3474 3718 3529 medio

2129 3567 2279 3621 enim
2298 3567 2531 3629 ﬁeri,est
2549 3568 2619 3622 de
2639 3568 2922 3623 communi
2937 3567 3230 3621 hominum
3242 3572 3474 3637 aspectu
3494 3562 3714 3619 auferri.

2197 3655 2288 3710 14.
2338 3658 2836 3735 Αυοσδτημάἰιθῴ
2900 3657 2963 3711 Ut
3015 3659 3114 3725 qui
3141 3661 3300 3710 tenet.
3340 3654 3489 3710 Illud
3538 3659 3719 3707 tamen

2130 3745 2279 3816 quod
2298 3746 2597 3817 Apostolus
2614 3745 2768 3811 dicit,
2792 3750 3016 3800 tantum
3045 3744 3325 3816 quomodo
3339 3748 3516 3809 tenet,
3539 3744 3720 3797 teneat

2129 3834 2307 3888 donec
2335 3834 2405 3888 de
2433 3834 2619 3889 medio
2650 3836 2767 3898 ﬁat,
2803 3834 2862 3888 id
2900 3838 3004 3900 est,
3037 3834 3107 3887 de
3136 3832 3320 3887 medio
3350 3833 3584 3887 tollatur
3616 3849 3629 3898 ;
3668 3834 3720 3882 et

2066 3916 2113 3974 B
2132 3930 2270 3980 tunc
2293 3925 2634 3979 revelabitur
2660 3924 2908 3995 iniquus,
2926 3941 3029 3997 per
3057 3939 3226 3995 quem
3247 3922 3557 3994 significari
3576 3919 3722 3976 Anti-

2136 4014 2409 4068 christum
2437 4014 2627 4068 nullus
2655 4013 2909 4084 ambigit.

2208 4102 2295 4158 15.
2317 4102 2565 4156 ΑΜΒιιοε.
2600 4102 2767 4170 Quem
2795 4104 3065 4156 Dominus
3087 4098 3478 4156 Jesus.Subito
3506 4100 3575 4155 de
3593 4098 3720 4153 coelo

2130 4207 2411 4263 apparens
2437 4190 2711 4256 Christus,
2746 4196 2805 4245 et
2829 4189 3184 4245 solummodo
3202 4189 3478 4256 clamans,
3512 4202 3720 4244 cessare

2129 4278 2296 4333 faciet
2322 4278 2393 4333 ab
2426 4294 2594 4351 Opere
2621 4283 2807 4334 totum
2833 4278 2997 4333 illum
3024 4277 3341 4348 expendens
3378 4277 3489 4332 hoc
3537 4276 3667 4332 dicit
3702 4293 3716 4329 :

2126 4365 2349 4436 Spiritu
2369 4370 2502 4422 oris.

2201 4451 2287 4511 16.
2331 4456 2718 4512 LANFRANCUS.
2766 4459 3168 4523 lllustralione,
3211 4455 3269 4510 id
3303 4460 3411 4524 est,
3451 4455 3719 4518 claritate,

2131 4560 2256 4615 quae
2287 4548 2447 4598 tanta
2465 4545 2574 4599 erit
2599 4551 2665 4600 ut
2694 4545 2812 4600 visa
2840 4562 2910 4600 ea
2943 4544 3237 4600 moriatur.

2199 4632 2288 4687 17.
2315 4635 2593 4700 Prodigiis
2617 4635 2991 4689 mendacibus.
3018 4633 3314 4689 Mendacia
3336 4638 3519 4700 vocat,
3546 4630 3722 4704 prodi-

2126 4720 2221 4790 gia
2248 4721 2603 4786 Antichristi,
2634 4723 2724 4777 vel
2769 4723 2900 4793 quia
2929 4738 3043 4777 non
3071 4723 3181 4777 erit
3218 4722 3368 4793 quod
3414 4718 3718 4793 apparebit,

2127 4809 2214 4864 vel
2238 4809 2373 4879 quia
2396 4809 2660 4880 perituris
2686 4810 2979 4865 mendacia
3008 4806 3341 4865 suadebunt.

2206 4897 2287 4953 18.
2325 4901 2432 4952 Pro
2481 4900 2627 4953 vobis
2681 4902 2909 4967 fratres.
2958 4899 3067 4964 Pro
3108 4898 3290 4963 vobis,
3322 4897 3593 4953 subaudis
3618 4896 3725 4950 ins-

2127 4986 2404 5053 truendis,
2434 4991 2499 5040 ut
2526 4992 2584 5041 et
2609 5004 2706 5042 vos
2734 5003 2836 5058 pro
2861 4988 3081 5042 collatis
3118 4987 3423 5052 beneﬂciis,
3470 4985 3725 5041 similiter

2124 5075 2341 5145 gratias
2362 5075 2662 5143 referatis;
2703 5077 2789 5131 vel
2823 5077 2959 5148 quia
3007 5081 3066 5131 et
3110 5093 3207 5131 vos
3252 5076 3433 5131 vocati
3461 5075 3616 5142 estis,
3660 5078 3724 5127 ut

2065 5193 2109 5253 C
2125 5164 2294 5253 paulo
2316 5168 2445 5234 post
2462 5165 2687 5219 dicitur.

2198 5252 2283 5307 19.
2308 5254 2377 5307 In
2404 5256 2849 5321 acquisitionem,
2876 5254 2936 5309 id
2967 5260 3072 5321 est,
3110 5260 3174 5310 ut
3194 5270 3301 5330 vos
3319 5253 3520 5308 essetis
3547 5253 3601 5306 ei
3629 5267 3723 5304 ac-

2125 5341 2375 5412 quisitio,
2400 5342 2458 5395 in
2480 5358 2594 5412 qua
2636 5343 2909 5398 Dominus
2939 5344 3101 5398 Jesus
3143 5343 3400 5398 Christus
3451 5340 3725 5412 gloriﬁce-

2121 5436 2236 5490 tur,
2268 5436 2333 5485 ut
2357 5435 2415 5485 et
2441 5447 2537 5484 vos
2558 5432 2860 5501 acquiratis
2886 5432 3125 5504 gloriam
3150 5448 3322 5505 quam
3338 5430 3613 5487 Dominus
3639 5428 3724 5482 Je-

2121 5532 2218 5573 sus
2246 5519 2500 5578 Christus
2523 5519 2718 5582 habet,
