4040 6186
3445 253 3554 310 346

288 389 385 461 qui
414 388 612 445 dilexit
631 405 732 446 nos
750 394 809 446 et
831 389 989 447 dedit
1017 392 1454 448 consolationem
1487 398 1775 461 aeternam,
1807 395 2073 449 mittendo
2090 394 2372 451 Christum
2400 394 2483 447 vel
2504 392 2785 462 Spiritum
2799 395 3076 455 sanctum,
3096 393 3151 444 et
3166 403 3325 461 spem
3343 385 3551 441 bonam

285 478 345 533 in
370 478 581 548 gratia,
617 494 730 533 non
757 480 1327 546 meritis,exhortetur
1349 483 1518 536 corda
1546 488 1750 548 vestra,
1778 488 1835 538 et
1860 482 2157 537 conﬁrmet
2175 482 2234 537 in
2266 482 2420 536 omni
2441 498 2609 553 opere
2635 487 2693 535 et
2721 496 2981 535 sermone
3002 474 3169 534 bono.

1579 577 1618 635 I
1636 577 1761 637 επ
1780 571 2014 627 CAPUT
2044 570 2148 626 III.

354 656 441 711 De
459 661 682 721 cetero,
703 656 927 721 fratres,
949 662 1105 711 orate
1119 673 1219 728 pro
1240 656 1402 712 nobis
1418 663 1485 712 ut
1501 675 1687 713 sermo
1707 659 1828 726 Dei,
1847 676 2008 729 quem
2016 660 2400 728 pradicamus,
2414 665 2624 726 currat,
2647 676 2759 714 non
2782 660 3092 728 rejiciatur,
3109 660 3168 711 et
3189 655 3547 710 clariﬁceturi

288 745 438 799 sicut
467 750 547 809 et,
568 747 775 799 scilicet
801 747 965 812 alias,
982 745 1131 815 apud
1153 752 1338 813 vos,et
1353 752 1504 801 orate
1527 752 1594 801 ut
1620 747 1925 803 liberemur
1939 746 2009 801 ab
2037 747 2375 817 importunis
2400 751 2457 800 et
2471 746 2635 800 malis
2648 744 3093 814 hominibus,qui
3104 746 3256 798 nobis
3276 743 3555 795 insidian-

290 836 548 889 turtsota
577 835 943 902 antipositiol,
972 850 1084 888 non
1112 835 1265 889 enim
1300 835 1552 890 omnium
1586 843 1673 891 est
1701 837 1858 903 ﬁdes,
1878 836 1927 902 1,
1945 835 1999 892 ‘2.
2023 835 2230 891 Fidelis
2243 840 2431 889 autem
2449 835 2724 889 Dominus
2740 840 2843 899 est,
2869 834 2966 905 qui
2986 831 3340 888 conﬁrmabit
3369 833 3554 893 vos,et

288 921 572 976 custodiet
590 938 626 975 a
649 922 817 987 malo,
833 922 1437 980 diabolo.Conﬁdimus
1458 930 1648 979 autem
1667 926 1737 980 de
1756 925 1910 980 vobis
1941 925 1999 979 in
2011 924 2248 978 Domino
2270 923 2535 993 quoniam
2572 940 2693 994 quae
2723 923 3072 994 praecipimus
3101 928 3159 975 et
3180 921 3365 975 facitis
3392 924 3449 973 et
3473 918 3553 971 fa-

289 1008 467 1062 cietis.
499 1007 552 1065 3.
587 1010 860 1064 Dominus
897 1017 1088 1065 autem
1116 1010 1326 1081 dirigat
1349 1012 1519 1066 corda
1545 1020 1733 1067 vestra
1755 1014 1815 1068 in
1844 1014 2117 1067 charitatc
2146 1012 2265 1075 Dei,
2291 1017 2352 1065 ut
2384 1014 2555 1066 Deum
2578 1014 2848 1079 diligatis,
2863 1017 2920 1066 et
2943 1010 3216 1082 patientia
3240 1008 3470 1073 Christi,
3498 1012 3550 1061 et

288 1114 391 1167 pro
420 1114 480 1151 eo
504 1100 840 1166 patiamini.
872 1098 1283 1153 Denuntiamus
1314 1105 1502 1155 autem
1524 1101 1699 1170 vobis,
1717 1103 1940 1169 fratres,
1955 1102 2013 1155 in
2043 1100 2270 1155 nomine
2282 1100 2503 1154 Domini
2530 1101 2706 1155 nostri
2728 1101 2860 1155 Jesu
2880 1099 3107 1165 Christi,
3129 1104 3195 1153 ut
3213 1097 3555 1152 subtrahatis

293 1202 389 1241 vos
403 1185 480 1240 ab
501 1186 657 1240 omni
676 1187 851 1240 fratre
875 1185 1200 1241 ambulante
1214 1187 1553 1253 inordinate,
1575 1197 1734 1244 extra
1759 1194 1908 1244 viam
1938 1196 2093 1243 rectae
2113 1190 2241 1256 fidei
2246 1228 2259 1253 ,
2282 1194 2339 1241 et
2358 1205 2470 1242 non
2492 1189 2799 1243 secundum
2811 1188 3190 1249 traditionem,
3213 1202 3381 1256 quam
3401 1200 3554 1238 accc.

290 1279 502 1346 perunt
525 1290 559 1327 a
580 1273 762 1328 nobis.
785 1274 839 1328 4.
859 1273 974 1344 Ipsi
998 1275 1151 1329 enim
1167 1275 1322 1330 scitis
1357 1278 1831 1347 quemadmodum
1854 1283 2110 1349 oporteat
2130 1277 2338 1332 imitari
2360 1294 2481 1343 nos,
2506 1278 2771 1349 quoniam
2801 1294 2912 1331 non
2931 1275 3168 1347 inquieti
3184 1275 3392 1329 fuimus
3411 1274 3559 1327 inter

290 1380 406 1428 vos,
425 1364 533 1417 hac
550 1370 600 1418 et
624 1367 757 1419 illac
782 1370 1059 1431 vagantes,
1085 1366 1455 1436 nequegratis
1471 1383 1675 1437 panem
1697 1366 2156 1421 manducavimus
2184 1364 2253 1419 ab
2282 1366 2491 1436 aliquo,
2518 1366 2614 1420 sed
2645 1366 2703 1420 in
2742 1365 2933 1420 labore
2960 1367 3139 1434 operis
3170 1378 3466 1426 manuum,
3500 1365 3558 1414 et

290 1450 346 1505 in
370 1450 708 1521 fatigatione
722 1454 1155 1521 pradicationis,
1179 1460 1341 1507 nocte
1357 1457 1630 1523 operando
1649 1458 1925 1518 manibus,
1944 1461 2000 1508 et
2013 1454 2103 1508 die
2117 1455 2464 1522 prardicando
2481 1456 3109 1524 operantesfuz’mus,ne
3129 1467 3295 1522 quem
3312 1454 3559 1503 vestrum

291 1555 677 1610 gravaremus.
709 1542 787 1595 Ne
811 1543 936 1608 quis
984 1542 1343 1610 objiceretur:
1370 1558 1479 1595 non
1497 1549 1731 1611 poteras.
1754 1543 1879 1597 Non
1899 1543 2060 1613 quasi
2087 1558 2197 1596 non
2226 1541 2588 1596 habuerimus
2610 1548 2965 1613 potestatem,
2989 1542 3086 1595 sed
3103 1546 3165 1595 ut
3184 1538 3559 1609 nosmetipsos

291 1628 537 1683 formam
568 1627 837 1682 daremus
856 1627 1445 1683 vobisadimitandum
1467 1646 1589 1685 nos.
1610 1631 1663 1687 5.
1686 1632 1831 1686 Nam
1861 1638 1918 1685 et
1942 1648 2070 1685 cum
2101 1646 2351 1685 essemus
2391 1632 2539 1702 apud
2571 1648 2684 1695 vos,
2718 1632 2823 1685 hoc
2854 1628 3327 1685 denuntiabamus
3349 1626 3504 1680 vobis
3542 1644 3552 1679 :

292 1717 565 1786 quoniam
594 1716 641 1771 si
657 1717 784 1787 quis
800 1733 914 1771 non
934 1718 1052 1771 vult
1069 1718 1312 1789 operari,
1334 1735 1438 1773 nec
1452 1721 1771 1775 manducet.
1796 1723 1952 1776 Ratio
1971 1736 2074 1773 cur
2093 1722 2297 1774 laboris
2325 1723 2417 1773 sui
2436 1724 2770 1773 mentionem
2799 1722 3006 1787 fecerit.
3041 1717 3376 1771 Audiviinus
3406 1714 3558 1768 enim

293 1805 442 1859 inter
460 1822 562 1860 vos
582 1805 855 1876 quosdam
887 1803 1178 1860 ambulare
1194 1806 1465 1877 inquiete,
1481 1811 1660 1863 otiose.
1686 1809 1825 1863 nihil
1849 1813 2168 1879 operantes,
2191 1808 2287 1861 sed
2308 1807 2523 1861 curiose
2543 1814 2793 1877 agentes,
2814 1805 3328 1861 rumorizantesdis
3339 1809 3556 1869 autem,

298 1895 396 1966 qui
429 1894 717 1965 ejusmodi
738 1900 890 1959 sunt,
916 1894 1336 1960 denuntiamus,
1377 1901 1431 1949 et
1446 1895 1803 1951 obsecramus
1833 1898 1890 1950 in
1919 1896 2157 1951 Domino
2185 1897 2318 1950 Jesu
2345 1897 2590 1961 Christo,
2620 1902 2686 1950 ut
2711 1912 2840 1949 cum
2871 1894 3094 1949 silentio
3126 1911 3195 1948 ne
3222 1897 3335 1947 sint
3354 1894 3563 1946 curiosi

297 1987 465 2037 etiam
487 1989 813 2055 operantes,
831 1999 1019 2047 suum,
1050 2000 1162 2039 non
1182 1988 1417 2038 alterius
1447 2001 1651 2056 panem
1674 1986 2032 2039 manducent.
2052 1985 2170 2039 Vos
2189 1992 2380 2040 autem
2410 1985 2632 2051 fratres,
2664 1985 2838 2039 nolite
2860 1984 3098 2037 deﬁcere
3129 1981 3560 2045 benefacientes,

295 2075 392 2141 qui
419 2074 769 2140 benefacitis,
804 2076 972 2127 nolite
999 2074 1220 2141 deﬁcere
1236 2089 1259 2139 ;
1287 2076 1369 2127 vel
1396 2075 1448 2126 si
1472 2077 1726 2127 nesciunt
1754 2076 1994 2142 operari,
2025 2078 2285 2128 sustinete
2304 2091 2404 2128 eos.
2435 2073 2495 2128 6.
2526 2074 2687 2137 Quod
2716 2072 2763 2126 si
2793 2072 2918 2143 quis
2945 2087 3059 2125 non
3079 2068 3444 2125 obeditverbo
3461 2083 3564 2121 no-

298 2165 435 2228 stro,
467 2164 618 2230 quod
639 2178 743 2230 per
769 2163 1071 2231 Epistolam
1098 2164 1401 2230 loquimur,
1431 2178 1533 2233 per
1561 2162 1855 2233 epistolam
1880 2162 2028 2216 hunc
2051 2169 2262 2228 notate,
2301 2166 2523 2231 arguite
2574 2163 2880 2230 separando
2927 2177 2962 2213 a
3011 2162 3158 2213 vobis
3180 2178 3196 2223 ;
3228 2162 3286 2213 et
3311 2173 3382 2212 ne
3409 2171 3563 2210 com-

290 260 395 321 345
985 266 1065 323 ΙΝ
1100 266 1168 322 D.
1207 266 1423 322 PAULI
1459 267 1682 326 EPIST.
1720 266 2094 327 COMMENT.
2136 294 2207 309 --
2244 265 2471 325 EPIST.
2512 267 2537 322 Ι
2574 266 2671 323 AD
2707 265 2856 322 TIM.

301 2251 652 2305 misceamini
679 2267 808 2305 cum
836 2251 953 2316 illo,
984 2255 1049 2305 ut
1078 2249 1485 2318 confundatur;
1517 2256 1575 2305 et
1603 2251 1776 2305 nolite
1805 2251 1966 2322 quasi
1988 2250 2280 2306 inimicum
2303 2251 2643 2315 existimare,
2673 2249 2771 2303 sed
2795 2248 3057 2319 corripite
3087 2252 3151 2301 ut
3166 2248 3417 2301 fratrem.
3436 2245 3565 2314 lpse

298 2346 486 2394 autem
516 2341 669 2394 Deus
699 2340 855 2411 pacis
883 2339 978 2394 det
1003 2339 1159 2394 vobis
1178 2356 1371 2411 pacem
1401 2340 1804 2411 sempiternam
1826 2341 1884 2394 in
1913 2340 2067 2393 omni
2097 2341 2241 2394 loco.
2272 2340 2545 2394 Dominus
2578 2339 2653 2392 sit
2678 2354 2805 2392 cum
2830 2337 3089 2391 omnibus
3118 2336 3291 2390 vobis.
3317 2333 3371 2390 7.
3401 2332 3565 2388 Salu-

299 2428 453 2492 tatio,
486 2444 619 2482 mea
642 2444 817 2482 manu
844 2428 1003 2483 Pauli
1022 2432 1248 2497 scripta,
1283 2428 1432 2499 quod
1460 2435 1547 2483 est
1574 2430 1800 2500 signum
1825 2428 1884 2482 in
1913 2427 2068 2481 omni
2098 2428 2344 2499 Epistola
2370 2447 2383 2496 ;
2417 2428 2499 2482 ita
2526 2426 2727 2482 scribo.
2764 2426 2961 2481 Gratia
2980 2424 3205 2480 Domini
3234 2422 3412 2477 nostri
3432 2422 3565 2477 Jesu

298 2516 507 2571 Christi
536 2532 667 2571 cum
696 2516 956 2571 omnibus
983 2517 1162 2582 vobis.
1190 2518 1390 2571 Amen.

1640 2606 2233 2666 COMMENTARIUS.

364 2692 537 2749 CAP.
562 2694 740 2750 III.—
764 2694 811 2752 1.
831 2695 1047 2751 ωιτη.
1070 2695 1270 2749 Fidelis
1281 2699 1488 2760 autem,
1508 2692 1568 2747 id
1583 2699 1687 2760 est,
1707 2710 1892 2759 verax,

301 2782 396 2853 qui
424 2782 759 2837 adfuturum
786 2799 846 2839 se
869 2782 1131 2854 promisit
1178 2782 1437 2837 ﬁdelibus
1486 2782 1603 2836 suis
1630 2798 1809 2853 usque
1838 2783 1897 2836 in

298 2873 469 2928 ﬁnem
497 2874 708 2931 saeculi.

368 2960 423 3015 2.
440 2964 697 3017 mnos.
720 2964 920 3017 Fidelis
957 2967 1164 3017 autem.
1187 2963 1306 3016 Hoc
1335 2962 1406 3017 ad
1430 2960 1603 3016 verba
1628 2960 1897 3016 orationis
1924 2968 1927 2973 ’

301 3065 424 3120 qua:
446 3050 660 3106 fecerat
682 3051 944 3105 reddidit.
1056 3120 1059 3123 _

372 3138 427 3193 3.
450 3141 724 3195 Dominus
751 3146 938 3195 autem
967 3142 1198 3208 dirigat,
1229 3140 1287 3194 id
1315 3144 1421 3204 est,
1441 3140 1731 3209 contingat
1744 3138 1900 3193 vobis

303 3243 638 3297 permanere
670 3229 727 3283 in
756 3229 853 3283 illa
878 3228 1174 3285 charitate.
1204 3245 1327 3298 qua:
1352 3234 1438 3282 est
1465 3244 1602 3297 erga
1636 3244 1785 3287 eum,
1819 3233 1905 3281 to-

302 3314 548 3370 lerantes
570 3315 797 3370 etiamsi
839 3314 1052 3386 aliquid
1082 3314 1376 3369 conveniat
1409 3330 1510 3385 pro
1562 3330 1628 3369 eo
1658 3314 1794 3385 pati.
1836 3315 1907 3368 Et

304 3405 452 3475 quod
480 3405 643 3469 dixit,
672 3404 777 3459 Dei
808 3411 868 3459 et
894 3403 1126 3468 Christi,
1161 3403 1220 3458 in
1242 3419 1543 3457 commune
1574 3403 1630 3456 id
1655 3403 1903 3474 positum

305 3509 424 3547 esse
450 3493 694 3548 videtur.

376 3583 428 3637 4.
450 3583 663 3639 Lmn.
692 3584 806 3651 Ipsi
835 3585 987 3637 enim
1009 3583 1180 3635 scitis.
1204 3580 1378 3645 Quasi
1408 3580 1650 3635 diceret:
1672 3581 1798 3634 Non
1822 3584 1908 3635 est

306 3687 446 3743 opus
472 3677 539 3726 ut
568 3688 845 3742 exponam
874 3672 1019 3725 hanc
1046 3669 1430 3736 traditionem,
1455 3669 1524 3723 de
1545 3685 1658 3740 qua
1685 3669 1903 3740 loquor,

1980 2695 2113 2768 quia
2131 2712 2226 2750 vos
2250 2711 2373 2750 eam
2398 2694 2569 2749 scitis.

2047 2786 2102 2838 5.
2133 2786 2280 2840 Nam
2308 2789 2357 2837 et
2387 2801 2512 2839 cum
2537 2799 2791 2838 essemus.
2818 2782 2944 2836 Alia
2970 2781 3135 2849 ratio,
3169 2797 3270 2835 cur
3292 2780 3351 2834 in
3379 2778 3572 2834 labore

1979 2876 2036 2926 et
2053 2872 2382 2943 fatigatione
2411 2874 2758 2927 incessanter
2785 2872 2934 2942 apud
2965 2888 3059 2925 eos
3076 2875 3339 2941 operatus
3358 2868 3462 2935 sit;
3492 2868 3573 2922 sic

1980 2962 2129 3015 enim
2161 2962 2239 3015 eis
2261 2962 2462 3025 facere,
2499 2963 2632 3015 dum
2655 2961 2803 3032 apud
2826 2977 2920 3013 eos
2940 2964 3106 3025 esset,
3137 2956 3425 3012 suadebat.

2052 3049 2102 3104 6.
2131 3052 2385 3110 AMBROS.
2419 3052 2570 3118 Quod
2614 3052 2836 3119 siquis,
2884 3048 2940 3102 id
2994 3052 3096 3113 est,
3134 3063 3235 3118 per
3267 3045 3573 3116 Epistolam

1980 3139 2285 3209 loquimur.

2053 3229 2105 3282 7.
2133 3228 2410 3283 Salutatiu
2432 3244 2568 3281 mea.
2607 3228 2722 3281 Hoc
2763 3226 2984 3296 adjecit.
3013 3224 3147 3295 quia
3176 3223 3273 3294 qui
3307 3238 3572 3277 consum-

1985 3316 2292 3371 mationem
2319 3316 2509 3371 saeculi
2535 3316 2796 3370 dicebant
2823 3330 2945 3368 esse
2974 3310 3579 3384 propinquam,suade-

1984 3404 2124 3458 bant
2153 3406 2256 3458 hoc
2309 3406 2471 3476 quasi
2520 3422 2585 3459 ex
2636 3404 2885 3474 Epistola
2915 3401 3204 3473 Apostoli;
3246 3400 3353 3454 hoc
3386 3405 3577 3453 autem

1985 3493 2212 3547 additur
2238 3499 2302 3547 ut
2329 3494 2468 3547 nihil
2504 3493 2847 3548 contrarium
2899 3490 3174 3570 recipiant
3199 3488 3287 3543 his
3325 3504 3450 3559 qum
3489 3486 3580 3541 hic

1984 3581 2193 3653 scripta
2221 3586 2370 3637 sunt.

408 3916 429 3935 ’
518 3989 1063 4084 EPISTULA
1148 3986 1248 4080 B.
1324 3986 1668 4082 PAULI
1726 3985 2297 4081 'APOSTOLI
2374 3990 2529 4081 AD
2602 3987 3278 4081 TIMOTHEUM
3354 3986 3395 4077 Ι

934 4137 1118 4201 CUM
1156 4137 1256 4199 IN
1264 4137 1541 4200 TERJE
1547 4138 1597 4201 ί*
1608 4138 1741 4200 TIS
1788 4138 1862 4200 Β.

2007 4138 2414 4202 ιΝΕΒΑΝσι
2460 4138 2931 4204 GLOSSULIS

395 4389 433 4449 1
449 4387 573 4449 83
588 4379 1382 4437 Anounmquimotheum
1413 4378 1647 4433 instruit
1673 4382 1731 4433 et
1755 4378 1917 4433 docet

315 4472 384 4527 de
410 4471 766 4527 ordinatione
795 4468 1171 4539 episcopatus,
1200 4472 1255 4522 et
1278 4467 1544 4533 diaconii,
1567 4484 1632 4521 ac
1657 4468 1916 4522 ecclesia-

1995 4380 2147 4435 sticae
2170 4381 2495 4453 disciplinae,
2544 4380 2793 4435 scribens
2817 4378 2869 4434 ei
2897 4396 2932 4433 a
2960 4378 3232 4434 Laodicea
3257 4393 3359 4450 per
3388 4377 3586 4450 Tychi-

1996 4485 2124 4523 cum
2154 4470 2473 4525 diaconum.

1669 4557 1903 4612 CAPUT
1933 4558 2242 4615 PRIMUM.

382 4649 590 4703 Paulus
602 4646 1049 4719 ApostolusJesu
1063 4645 1271 4701 Christi
1287 4645 1596 4700 secundum
1626 4644 1923 4716 imperium
1952 4647 2052 4700 Dei
2070 4648 2374 4704 Salvatoris
2404 4650 2603 4717 nostri,
2629 4656 2686 4705 et
2705 4649 2915 4705 Christi
2942 4650 2971 4704 J
2976 4664 3076 4703 esu
3106 4648 3225 4719 spei
3240 4652 3467 4712 nostrae,
3490 4654 3591 4715 qui

318 4745 392 4793 est
424 4755 536 4808 spes
559 4743 772 4801 nostra,
793 4736 1089 4790 Timotheo
1107 4735 1308 4789 dilecto
1338 4734 1455 4789 ﬁlio
1485 4735 1544 4787 in
1575 4734 1702 4798 ﬁde,
1740 4750 1899 4804 quem

2015 4739 2117 4802 ﬁde
2144 4744 2334 4807 genui.
2361 4741 2575 4806 Gratia,
2598 4740 2980 4795 misericordia
3001 4744 3186 4808 (causa
3228 4741 3379 4792 inter
3406 4739 3590 4805 effecta

318 4844 417 4881 sua
440 4828 647 4897 posita)
660 4831 720 4881 et
746 4842 853 4897 pax
880 4825 1043 4879 aDeo
1064 4825 1232 4879 Patre
1248 4830 1305 4878 et
1324 4823 1546 4878 Christo
1570 4824 1599 4877 J
1605 4839 1704 4877 esu
1728 4823 1964 4878 Domino
1980 4832 2191 4881 nostro.
2227 4829 2386 4883 Sicut
2409 4830 2599 4900 rogavi
2629 4836 2686 4885 te
2713 4835 2778 4884 ut
2829 4844 3152 4883 remaneres
3199 4826 3422 4898 Ephesi,
3464 4841 3593 4879 cum

319 4916 455 4971 ii'em
470 4918 529 4971 in
550 4914 963 4979 Macedoniam,
990 4914 1088 4967 hoc
1103 4915 1313 4981 rogavi,
1342 4917 1408 4967 ut
1426 4912 1788 4966 denuntiares
1800 4911 2134 4982 quibusdam
2150 4933 2221 4970 ne
2242 4918 2409 4971 aliter
2430 4919 2712 4983 docerent,
2733 4933 2901 4987 quam.
2918 4933 3036 4979 nos,
3062 4916 3107 4969 l.
3131 4932 3314 4986 neque
3330 4913 3595 4969 intende-

320 5012 445 5060 rent
471 5005 679 5059 fabulis
699 5008 758 5057 et
774 5002 829 5060 2.
852 5002 1200 5073 genealogiis
1220 5000 1617 5067 interminatis,
1633 5003 1752 5054 sine
1775 5004 2030 5066 termino,
2050 5006 2373 5073 inde/initis,
2404 5012 2485 5063 vel
2503 5009 2798 5077 prohibitis
2826 5024 2861 5061 a
2884 5022 2988 5074 me,
3004 5009 3593 5075 inquirerentur;quae

1659 5107 2258 5169 COMMENTARIUS.

393 5220 549 5275 CAP.
575 5216 720 5275 I.—1
743 5262 755 5274 .
794 5218 1042 5273 AMBROS.
1071 5218 1256 5285 Neque
1280 5214 1743 5269 intenderent.Eo
1770 5212 1919 5284 quod

320 5308 498 5364 Judaei
524 5314 662 5362 tunc
688 5306 929 5360 multam
957 5304 1387 5359 sollicitudinem
1427 5301 1830 5374 expendebant.
1856 5307 1922 5356 ut

323 5397 687 5452 ostenderent
717 5394 1005 5449 Christum
1032 5409 1147 5448 non
1172 5409 1238 5447 ex
1264 5391 1571 5457 Abraham,
1599 5390 1697 5446 sed
1727 5407 1793 5445 ex
1823 5390 1921 5445 Da-

323 5486 417 5540 vid
443 5484 817 5540 descendisse.

397 5574 454 5631 ‘2.
474 5574 680 5633 Lucra.
713 5572 1070 5640 Genealogiis.
1096 5568 1586 5635 Generationibus,
1618 5568 1922 5642 quotannis

1999 5222 2258 5277 videlicet
2278 5223 2478 5277 vixerit
2498 5221 2874 5277 Mathusalem
2906 5226 2965 5276 et
2982 5221 3189 5275 czeteri.
3214 5218 3321 5273 Vel
3362 5234 3594 5289 genera-

2000 5313 2247 5368 tionibus
2278 5311 2509 5372 Christi,
2542 5311 2822 5382 quomodo
2879 5308 3235 5368 concordent,
3276 5305 3362 5358 vel
3390 5305 3598 5360 discor-

2001 5405 2164 5471 dent;
2192 5403 2413 5457 videtur
2443 5401 2595 5457 enim
2644 5398 2963 5455 discordare
3007 5396 3085 5449 ibi
3141 5395 3317 5449 Lucas
3369 5411 3403 5448 a
3458 5393 3598 5448 Mat-

2003 5495 2170 5549 thico.
