3936 6178
398 257 515 331 351,
1374 262 1437 317 Β.
1478 262 1893 322 LANFRANCI
1929 264 1952 320 (

2123 262 2286 319 UAR.
2328 262 2665 318 ARCHIEP.
3556 263 3677 331 352,

403 388 463 438 et
488 383 669 441 Adam
698 402 812 442 non
843 391 929 442 est
951 386 1235 454 seductus,
1276 389 1501 445 muliere
1527 395 1715 445 autem
1747 393 1957 447 seducti

2109 392 2551 462 pravaricatione
2580 391 2687 445 fuit
2718 391 2803 457 14,
2854 390 2939 447 15.
2991 376 3312 446 Ξαιῦειῦὶωι·
3340 395 3528 445 autem
3559 408 3663 463 per

397 471 641 527 ﬁlioru'm
684 474 1126 544 generationem,
1149 479 1200 529 si
1224 479 1366 543 ﬁlios
1386 481 1450 532 in
1478 478 1587 549 ﬁde
1617 484 1888 534 nutrierit
1914 483 2185 549 religiose,
2214 484 2295 537 vel
2321 496 2422 553 per
2457 482 2598 537 bona
2644 496 2828 550 opera,
2868 480 2916 536 si
2938 480 3312 552 permanserit
3334 480 3394 537 in
3424 481 3552 548 ﬁde,
3597 490 3663 537 et

401 560 698 618 dilectione
723 569 780 618 et
804 564 1248 622 sanctiﬁcatione
1274 582 1401 624 cum
1429 566 1748 626 sobrietate.

1738 701 1915 762 ιδτ
1958 697 2194 752 CAPUT
2222 698 2323 755 III.

466 791 694 860 Fidelis,
713 797 916 864 dignus
931 797 1059 869 ﬁde,
1093 815 1278 854 sermo
1310 817 1325 854 :
1357 817 1490 866 ecce,
1513 803 1566 855 l.
1607 802 1655 855 si
1684 803 1810 873 quis
1837 801 1891 859 ‘2.
1927 803 2316 874 episcopatum
2347 802 2649 870 desiderat,
2681 803 2888 859 bonum
2920 821 3060 875 opus
3087 803 3390 857 desiderat.
3413 802 3653 873 Oportet

397 897 551 951 ergo,
579 886 723 951 quod
755 887 1117 941 intentionem
1154 893 1373 945 tantam
1403 894 1619 958 quierit.
1652 891 1971 964 episcopum
1999 907 2115 960 (per
2144 895 2453 960 episcopum
2473 897 2523 945 et
2537 894 2826 961 presbyter
2863 896 3228 959 intelligitur,
3251 891 3663 962 irreprehensi-

396 966 565 1024 bilem
596 988 738 1039 esse,
763 973 815 1027 3.
838 975 1005 1029 unius
1028 977 1217 1030 uxoris
1239 978 1521 1046 virum,(si
1548 995 1660 1033 non
1688 983 1984 1048 rirginun,
2006 996 2120 1032 non
2146 985 2325 1032 tamen
2347 982 2652 1048 bigamwn)
2671 981 2724 1035 4.
2747 980 3016 1046 sobrium,
3038 982 3392 1052 prudentem,
3416 979 3464 1035 5.
3486 996 3662 1033 orna-

395 1061 539 1124 tum,
570 1058 623 1114 6.
659 1062 942 1131 pudicum,
968 1064 1323 1134 hospitalem,
1355 1066 1659 1131 doctorem,
1692 1084 1802 1121 non
1833 1069 2204 1132 vinolentum,
2233 1084 2346 1120 non
2376 1069 2897 1137 percussorem.sed
2928 1069 3263 1131 modestum,
3284 1083 3397 1121 non
3440 1066 3661 1137 litigio-

396 1161 543 1213 sum,
577 1165 687 1202 non
718 1151 1001 1220 cupidum,
1033 1153 1127 1206 sed
1174 1170 1288 1207 sua
1320 1154 1511 1208 domui
1536 1154 1676 1209 bene
1707 1156 2091 1227 praepositum.
2108 1157 2252 1210 ﬁlios
2283 1155 2583 1210 habentem
2605 1156 2858 1211 subditos
2884 1174 3009 1211 cum
3041 1157 3195 1210 omni
3225 1157 3501 1210 castitate.
3520 1152 3573 1210 7.
3597 1154 3665 1210 Si

401 1236 526 1306 quis
555 1243 744 1291 autem
777 1239 969 1294 domui
993 1258 1107 1295 sua
1133 1243 1261 1296 bene
1286 1259 1522 1312 praesse
1552 1244 2031 1314 nescit,quomodo
2051 1244 2314 1298 Ecclesia
2330 1245 2431 1297 Dei
2450 1245 2798 1314 diligentiam
2814 1245 3042 1300 habebit
3058 1246 3082 1298 ’ἶ
3094 1247 3219 1299 Non
3230 1243 3664 1314 neophytum.8.

401 1339 473 1377 ne
503 1324 560 1377 in
585 1325 904 1395 superbiam
940 1329 1142 1401 elatus,
1175 1330 1233 1383 in
1252 1330 1526 1399 judicium
1552 1331 1764 1386 incidat
1792 1329 2333 1401 diaboli,nejudieet
2361 1350 2413 1387 se
2443 1350 2547 1387 esse
2581 1339 2933 1401 magnum-,ct
2956 1332 3659 1397 sanctum,sieutdiabolus

390 1413 669 1478 judicavit
697 1430 749 1467 se
774 1420 1035 1483 aequalem
1065 1419 1188 1471 Deo.
1208 1420 1439 1488 Oportet
1460 1427 1647 1473 autem
1678 1420 1836 1474 illum
1868 1427 1924 1474 et
1953 1421 2335 1475 testimonium
2365 1421 2572 1474 habere
2601 1421 2810 1475 bonum
2842 1422 2912 1475 ab
2941 1421 3008 1475 iis
3027 1421 3124 1491 qui
3143 1420 3280 1474 foris
3300 1424 3451 1475 sunt.
3470 1425 3533 1472 ut
3548 1433 3669 1472 nou

397 1499 456 1552 in
486 1500 847 1571 opprobrium
879 1504 1106 1571 incidat,
1135 1511 1193 1558 et
1207 1504 1259 1570 9,
1296 1504 1382 1562 10.
1413 1507 1750 1581 inlaqueum
1781 1508 2296 1564 diaboli.Diaconos
2320 1510 2583 1563 similiter
2604 1510 2836 1580 pudicos
2856 1516 3058 1579 oportet
3076 1526 3200 1572 esse,
3228 1525 3342 1563 non
3362 1507 3663 1577 bilingues,

396 1604 508 1642 non
540 1591 717 1644 multo
748 1592 872 1645 vino
905 1592 1140 1657 deditos,
1169 1611 1281 1649 non
1311 1600 1474 1666 turpe
1503 1596 1722 1651 lucrum
1744 1604 2039 1663 sectantes,
2078 1596 2159 1654 11.
2179 1598 2450 1652 habentes
2471 1598 2803 1669 mysterium
2824 1598 2974 1663 ﬁdei,
2997 1598 3141 1665 quod
3153 1598 3311 1665 jubet
3332 1597 3659 1651 Christiana

396 1678 545 1744 ﬁdes,
578 1678 638 1732 in
662 1679 1004 1734 conscientia
1028 1699 1185 1752 pura.
1218 1683 1289 1736 Et
1316 1683 1374 1737 hi
1425 1692 1634 1740 autem.
1691 1689 1911 1743 diaconi
1942 1693 1989 1740 et
2022 1690 2203 1740 deteri
2231 1688 2543 1756 probentur
2563 1687 2843 1756 primum;
2877 1691 2935 1739 et
2962 1690 3041 1739 sic
3070 1684 3411 1746 ministrent.
3442 1683 3665 1737 nullum

394 1764 608 1819 crimen
631 1767 919 1824 habentes.
954 1770 1235 1835 Mulieres,
1267 1776 1715 1828 sanctimoniales
1746 1776 2008 1829 similiter
2031 1775 2280 1846 pudicas,
2307 1775 2396 1829 1‘2.
2439 1791 2551 1828 non
2580 1775 2960 1838 detrahentes,
2993 1773 3226 1837 sobrias,
3249 1773 3442 1827 ﬁdeles
3466 1773 3525 1826 in
3545 1788 3668 1825 om-

394 1851 577 1907 nibus.
604 1856 832 1911 Diaconi
862 1857 977 1912 sint
1001 1859 1168 1913 unius
1197 1861 1384 1914 uxoris
1416 1861 1537 1923 viri,
1571 1862 1668 1933 qui
1711 1863 1841 1917 filiis
1870 1864 1987 1917 suis
2016 1863 2159 1918 bene
2180 1868 2343 1932 prius
2370 1864 2621 1935 prasint,
2651 1870 2708 1918 et
2735 1865 2851 1918 suis
2881 1863 3157 1918 domibus.
3199 1865 3354 1918 Ratio
3378 1879 3480 1916 cur
3526 1866 3664 1916 tales

391 1942 619 1996 debeant
647 1961 769 1998 esse.
795 1946 903 2009 Qui
932 1948 1083 2000 enim
1110 1947 1250 2002 bene
1268 1949 1731 2016 ministraverint,
1759 1950 1843 2008 13.
1878 1953 2118 2022 gradum
2156 1952 2388 2013 bonum,
2408 1955 2690 2018 honorem,
2717 1953 2823 2006 sibi
2845 1953 3299 2023 acquirent,mon
3317 1955 3379 2005 in
3399 1954 3667 2019 prasenti

393 2034 584 2087 mento
611 2034 762 2093 dicit)
797 2041 853 2089 et
881 2036 1119 2093 multam
1151 2037 1414 2092 ﬁduciam
1443 2041 1637 2094 habere
1656 2047 1869 2109 possint
1890 2043 1949 2096 in
1983 2049 2020 2108 ι
2040 2046 2162 2106 88
2196 2042 2323 2108 ﬁde,
2360 2058 2484 2112 qua
2513 2046 2598 2096 est
2623 2042 2679 2096 in
2713 2042 2934 2096 Christo
2971 2041 3125 2096 Iesu.
3162 2040 3296 2098 Haec
3332 2045 3449 2093 tam
3469 2054 3661 2107 pauca

1729 2165 2327 2241 COMMENTARIUS.

396 2266 623 2333 putasse
650 2265 798 2321 idolo
829 2284 951 2322 esse
975 2269 1348 2335 serviendum,
1393 2271 1488 2324 sed
1516 2270 1803 2325 blanditiis
1826 2273 1989 2326 femi-
2007 2275 2345 2347 Aintendat,
2402 2290 2595 2329 curam
2648 2289 2839 2327 eorum
2889 2272 3100 2327 scilicet
3171 2287 3393 2342 gerens.
3448 2270 3662 2340 Scopos

395 2352 516 2406 neis
542 2354 613 2407 ad
634 2354 729 2408 illa
751 2357 1232 2427 sacrilegiafuisse
1260 2360 1988 2430 compulsum.ltecreden-
2070 2364 2278 2434 quippe
2344 2364 2583 2418 intentio
2620 2368 2735 2429 est;
2793 2378 2926 2432 ergo
2990 2359 3266 2414 ἐπισκοπεῖν
3320 2359 3366 2413 si
3418 2358 3663 2412 velimus

395 2440 531 2495 dum
562 2448 647 2496 est
674 2444 832 2500 illum
865 2446 1047 2500 virum
1072 2464 1188 2501 sua
1215 2447 1434 2503 femina
1464 2449 1580 2514 uni,
1602 2466 1779 2504 unum
1810 2451 1987 2504 homi-
2070 2452 2269 2505 Latine
2287 2451 2735 2519 superintendere
2754 2464 3052 2519 possumus
3073 2447 3276 2512 dicere,
3292 2452 3354 2500 ut
3381 2446 3668 2515 intelligat

396 2545 524 2583 nem
546 2530 759 2586 homini
788 2536 1083 2605 conjugem
1107 2536 1348 2607 conjugi,
1375 2538 1444 2591 ad
1474 2539 1654 2608 legem
1686 2539 1785 2593 Dei
1808 2546 1988 2593 trans-
2068 2556 2181 2593 non
2212 2556 2272 2593 se
2303 2555 2424 2593 esse
2453 2538 2774 2609 episcopum
2816 2536 2912 2606 qui
2952 2552 3191 2607 praeesse
3225 2535 3499 2599 dilexerit,
3546 2550 3669 2588 non

393 2620 758 2688 grediendam
787 2639 898 2677 non
917 2630 1185 2695 tanquam
1206 2642 1397 2680 verum
1414 2628 1665 2698 loquenti
1683 2628 1986 2682 credidisse
2068 2628 2332 2700 prodesse
2361 2632 2539 2681 curat.

396 2708 710 2777 seductum,
742 2712 840 2765 sed
869 2713 1061 2767 sociali
1087 2714 1497 2770 necessitudine
1524 2716 1796 2787 paruisse.
2138 2715 2193 2773 ‘2.
2227 2717 2441 2772 LANFR.
2475 2717 2881 2785 Episcopatum.
2940 2711 3312 2783 Episcopatus
3364 2717 3451 2766 est
3494 2727 3672 2782 super

465 2797 562 2855 12.
599 2798 804 2853 LANFR.
836 2803 1014 2855 Adam
1048 2819 1160 2857 non
1198 2810 1274 2858 est
1296 2807 1571 2861 seductus.
1618 2806 1892 2859 Seductus
1922 2805 1981 2859 in
2064 2822 2225 2860 suam
2249 2810 2306 2858 et
2333 2804 2573 2858 aliorum
2598 2803 2770 2856 vitam
2793 2800 3207 2871 intentio,quod
3238 2799 3333 2871 qui
3349 2799 3666 2867 desiderat,

396 2899 463 2938 ea
488 2887 627 2941 rein
656 2904 767 2959 qua
796 2890 946 2959 Eva;
1002 2907 1183 2962 neque
1225 2893 1375 2947 enim
1408 2894 1491 2948 vel
1523 2894 1720 2960 Deum,
1767 2895 1851 2948 vel
1880 2894 1982 2948 Dei
2067 2894 2275 2949 bonum
2305 2910 2445 2964 opus
2473 2892 2786 2947 desiderat.

397 2972 639 3029 similem
668 2993 769 3047 pro
794 2978 945 3048 pomi
974 2980 1316 3034 comestione
1341 2982 1593 3035 futurum
1624 2998 1745 3037 esse
1773 2999 1833 3035 se
1862 2998 1984 3035 cre-
2139 2981 2190 3039 3.
2212 2984 2383 3036 Unius
2414 2984 2623 3043 uxoris,
2649 2979 2707 3032 id
2737 2983 2840 3041 est,
2862 2978 2957 3049 qui
2986 2994 3152 3031 unam
3179 2982 3400 3031 tantum
3423 2993 3661 3031 uxorem

397 3059 989 3136 didit,certissimeque
1010 3084 1070 3121 se
1091 3076 1320 3122 noverat
1348 3070 1495 3123 male
1516 3070 1718 3132 facere,
1742 3076 1799 3124 et
1826 3087 1984 3124 men-
2066 3070 2343 3135 habuerit,
2392 3070 2478 3124 vel
2506 3070 2563 3122 in
2594 3069 2737 3122 laica
2768 3083 3029 3138 persona,
3061 3067 3149 3120 vel
3177 3067 3235 3122 in
3263 3064 3530 3135 gradibus
3576 3065 3663 3117 li-

397 3148 619 3204 dacium
648 3168 770 3207 esse
808 3156 957 3224 quod
995 3156 1341 3211 suadebatur
1368 3157 1473 3211 sibi
1507 3176 1541 3211 a
1573 3158 1843 3229 muliere;
1886 3159 1983 3213 sed
2070 3160 2217 3213 citis.

396 3243 701 3309 utrumque
712 3258 873 3312 posse
892 3244 1014 3297 ﬁeri
1033 3244 1623 3308 existimavit,etuxori
1639 3263 1752 3301 sua
1770 3263 1983 3301 morem
2134 3249 2187 3301 4.
2216 3249 2566 3302 AMBROSIUS.
2600 3247 2887 3309 Subrium,
2921 3244 3002 3297 ita
3029 3247 3095 3297 ut
3131 3259 3257 3297 cum
3283 3241 3670 3297 sollicitudine

394 3342 610 3395 gerere,
644 3335 699 3383 et
729 3332 938 3400 peracti
967 3332 1192 3387 sceleris
1239 3339 1363 3387 acta
1392 3334 1721 3404 poenitentia
1766 3352 1802 3388 a
1846 3335 1981 3401 Deo,
2070 3336 2375 3408 prospiciat
2403 3351 2469 3388 ea
2499 3351 2622 3405 qua
2650 3333 3008 3387 conveniunt.

398 3429 561 3484 posse
591 3417 813 3471 veniam
845 3418 1116 3473 obtinere.
1136 3422 1322 3475 Minus
1343 3438 1476 3492 ergo
1493 3423 1740 3492 peccavit
1758 3423 1850 3492 qui
1866 3440 1984 3493 pa-
2136 3428 2191 3481 5.
2238 3425 2530 3483 Ornatam.
2565 3422 3008 3481 conversatione,
3035 3424 3211 3482 motu,
3240 3419 3444 3489 specie.

398 3502 613 3559 nitendi
643 3505 1013 3562 intentionem
1042 3509 1239 3564 habuit
1269 3527 1439 3581 quam
1470 3528 1536 3565 ea
1565 3528 1686 3582 qua
1717 3528 1898 3581 neque
1915 3513 1983 3567 de
2137 3513 2186 3568 6.
2228 3515 2521 3576 Pudicam,
2571 3527 2637 3564 eo
2676 3510 2823 3581 quod
2870 3510 2927 3563 in
2974 3524 3270 3562 commune
3308 3507 3553 3561 virorum
3611 3512 3677 3562 et

395 3592 725 3660 paenitentia
741 3612 923 3667 neque
947 3597 1015 3651 de
1036 3598 1198 3652 venia
1223 3598 1277 3652 in
1297 3600 1752 3670 pravaricatione
1772 3600 1983 3671 aliquid
2004 3586 2050 3644 Β
2072 3602 2372 3656 mulierum
2402 3599 2763 3654 constituitur
2780 3598 2994 3653 doctor.

397 3680 680 3751 cogitavit,
709 3685 807 3739 sed
836 3686 1012 3740 Deum
1044 3688 1264 3758 Deoque
1296 3687 1536 3742 similem
1564 3688 1748 3760 potius
1773 3706 1872 3759 per
1898 3690 1987 3743 in—
2142 3691 2192 3744 7.
2227 3691 2435 3743 LANFR.
2469 3687 2532 3742 Si
2561 3691 2685 3757 quis
2735 3691 2923 3740 autem
2957 3686 3154 3739 domui
3188 3701 3320 3749 sua,
3364 3690 3475 3741 etc.
3513 3684 3675 3738 Talis

402 3767 775 3826 obedientiam
807 3791 865 3828 se
896 3775 1013 3829 fore
1039 3775 1392 3830 existimavit.
2069 3778 2236 3833 debet
2263 3778 2392 3847 eligi
2425 3777 2521 3848 qui
2559 3777 2700 3830 sciat
2736 3775 2929 3829 domui
2966 3790 3083 3828 sua
3137 3790 3402 3844 praeesse;
3444 3773 3676 3827 nescius

469 3858 560 3911 13.
581 3861 826 3917 AMBROS.
849 3862 1030 3918 Adam
1048 3880 1159 3918 non
1174 3870 1251 3917 est
1279 3866 1545 3931 seductus,
1571 3881 1635 3919 eo
1658 3866 1805 3936 quod
1835 3866 1985 3920 illius
2072 3867 2222 3921 enim
2258 3865 2512 3929 minoris,
2544 3865 2768 3934 ignorat
2787 3864 3018 3932 majora.

398 3947 737 4004 seductionis
759 3951 962 4006 mulier
989 3968 1159 4007 causa
1185 3953 1405 4008 videtur
1427 3953 1726 4010 exstitisse.
2147 3956 2201 4009 8.
2235 3956 2485 4008 Amanos.
2536 3955 2604 4007 In
2645 3954 2959 4021 superbiam
2982 3954 3176 4005 elatus.
3205 3950 3362 4005 Unde
3389 3949 3668 4004 extollens

470 4037 553 4092 l4.
586 4038 911 4095 Salrabitur
937 4046 1142 4095 autem.
1168 4042 1429 4097 Ostendit
1457 4042 1606 4113 quod
1635 4043 1816 4097 salute
1844 4043 1991 4097 vide-
2081 4060 2141 4097 se
2170 4049 2401 4113 propter
2419 4040 2829 4111 magisterium,
2870 4038 3011 4092 nihil
3031 4038 3215 4092 ditlert
3254 4054 3289 4091 a
3318 4036 3538 4091 diabolo
3567 4039 3676 4108 qui

392 4129 488 4180 tur
507 4127 679 4199 digna
706 4144 827 4183 esse
869 4131 1164 4201 progenies
1203 4147 1302 4202 per
1325 4148 1419 4185 eas
1460 4131 1724 4185 mulieres
1755 4147 1877 4201 qua
1915 4132 1987 4185 ad
2070 4132 2329 4185 minister
2352 4130 2448 4184 Dei
2480 4133 2701 4183 creatus
2730 4133 2834 4194 est,
2868 4127 3098 4181 adnisus
3130 4130 3215 4179 est
3238 4125 3345 4180 sibi
3375 4142 3580 4180 nomen
3614 4131 3678 4180 et

394 4215 661 4287 pietatem
692 4219 1020 4291 respiciunt.
1061 4221 1178 4274 Nec
1208 4221 1277 4274 de
1308 4221 1421 4274 Eva
1464 4220 1570 4274 hoc
1598 4219 1753 4285 dixit,
1790 4220 1887 4274 sed
1917 4221 1986 4274 de
2068 4222 2337 4274 honorem
2362 4219 2482 4272 Dei.
3140 4279 3146 4285 ,

350 4369 359 4373 ,
390 4321 597 4375 genere
622 4308 889 4378 loquitur.
2135 4308 2189 4362 9.
2220 4309 2285 4361 In
2317 4309 2575 4375 laqueum
2606 4307 2835 4359 diaboli.
2878 4305 3006 4359 Alia
3049 4319 3237 4370 causa,
3267 4304 3325 4357 id
3353 4307 3456 4368 est,
3496 4318 3569 4356 ne
3609 4303 3677 4359 in

466 4393 1084 4466 15.AUGUST.(e.rpos.in
1108 4395 1754 4467 psal.Lxxxv}.Satvatur
1773 4402 1979 4452 autem.
2065 4396 2300 4467 antiqua
2325 4394 2636 4466 pracipitet
2659 4394 2866 4448 delicta
2901 4409 2965 4448 eo
3003 4392 3152 4463 quod
3187 4408 3368 4462 nuper
3401 4392 3470 4445 ab
3509 4396 3677 4445 exte-

393 4481 710 4537 Salvabitur
741 4501 871 4555 ergo
902 4486 1251 4556 mulier,qua
1270 4487 1327 4540 in
1352 4492 1485 4558 typo
1513 4474 1697 4539 carnis
1713 4486 1985 4557 accipitur
2063 4484 2305 4539 rioribus
2335 4483 2626 4537 recessisse
2651 4482 2892 4536 videtur.

393 4586 495 4640 per
548 4572 792 4627 ﬁliorum
844 4575 1290 4643 generationem,
1333 4575 1390 4628 id
1421 4581 1521 4638 est,
1567 4575 1614 4627 si
1643 4575 1810 4628 faciat
1837 4574 1985 4628 bona
2130 4573 2221 4627 10.
2254 4574 2462 4627 Lmen.
2491 4574 2557 4625 In
2595 4575 2857 4639 laqueum
2883 4572 3112 4624 diaboli.
3147 4569 3298 4623 Solet
3325 4567 3546 4621 evenire
3595 4569 3675 4623 iis

394 4675 565 4728 opera
585 4660 703 4727 (sed
730 4677 841 4714 non
860 4660 1194 4732 ubicunque)
1235 4662 1293 4715 in
1321 4663 1429 4715 ﬁde
1477 4679 1627 4727 vera,
1661 4662 1718 4715 in
1748 4663 1858 4716 ﬁde
1887 4680 1980 4716 ca-
2064 4663 2159 4732 qui
2184 4661 2253 4715 ab
2274 4660 2399 4714 aliis
2460 4659 2845 4730 despciuntur,
2878 4664 2944 4712 ut
2979 4657 3353 4728 despicientes
3384 4672 3444 4709 se
3474 4661 3531 4709 et
3558 4656 3679 4726 ipsi

393 4748 620 4813 tholica,
676 4748 734 4801 in
789 4748 1054 4803 societate
1113 4750 1278 4803 unius
1308 4750 1562 4805 Ecclesia
1587 4751 1773 4821 pariat
1814 4767 1985 4822 opera
2065 4751 2396 4821 despiciant,
2421 4754 2478 4801 et
2504 4747 2583 4801 sic
2604 4748 2662 4800 in
2688 4746 2831 4800 iram
2863 4753 2920 4800 et
2947 4746 3158 4810 odium,
3194 4750 3252 4798 et
3284 4750 3516 4799 cateros
3537 4744 3673 4797 dia-

391 4854 512 4905 sua;
540 4842 837 4909 propterea
855 4843 912 4891 et
939 4839 1008 4893 de
1028 4839 1126 4893 illa
1145 4856 1274 4893 cum
1305 4846 1634 4910 quereretur
1654 4841 1978 4911 Apostolus,
2000 4867 2042 4924 ρ
2066 4839 2176 4893 boli
2198 4840 2427 4907 laqueos
2456 4836 2722 4889 incidant.

391 4928 648 4999 subjecit:
666 4926 1030 4983 Salvaautem
1050 4932 1266 4998 eritper
1283 4932 1531 4997 ﬁliorum
1551 4934 1977 4997 generationem,
2008 4918 2042 4924 ν
2137 4928 2226 4981 11.
2278 4928 2523 4980 AMBROS.
2583 4925 2847 4978 Habentes
2912 4925 3265 4989 mysterium.
3322 4918 3679 4991 Mysterium

392 5020 445 5073 si
466 5021 839 5087 permanserit
860 5021 923 5071 in
933 5019 1054 5085 ﬁde,
1079 5023 1128 5072 et
1143 5020 1430 5072 dilectione
1447 5024 1495 5072 et
1520 5021 1976 5084 sanctiﬁcatione.
2070 5021 2225 5070 vocat
2243 5014 2607 5091 illudﬁogma
2629 5011 2894 5083 quodest
2913 5010 2982 5063 de
3013 5010 3258 5063 Christo.

463 5106 617 5161 CAP.
652 5107 748 5161 III.
780 5135 850 5149 —
908 5106 959 5160 1.
1014 5108 1254 5162 Ancusr.
1307 5105 1419 5169 (lib.
1462 5123 1495 5159 x
1540 5108 1613 5160 De
1671 5109 1820 5160 civit.
1865 5109 1982 5171 Dei,
2142 5103 2224 5161 12.
2271 5104 2391 5158 Νοη
2433 5102 2799 5155 detrahentes.
2853 5098 2930 5152 Eo
2979 5098 3127 5168 quod
3179 5095 3492 5151 necessarie
3540 5096 3681 5151 ﬁeri

390 5195 711 5267 cap.’l9).Si
736 5195 860 5264 quis
881 5195 1384 5264 episcopatum.Ait
1400 5194 1700 5266 Apostolus
1733 5213 1744 5246 :
1776 5195 1840 5249 Si
1862 5197 1985 5262 quis
2072 5193 2252 5247 soleat
2278 5196 2342 5244 ut
2369 5195 2581 5244 catera
2619 5187 2885 5241 mulieres
2915 5186 3262 5240 confidenter
3311 5200 3379 5237 ea
3408 5199 3529 5253 qua
3564 5183 3682 5237 de—

390 5289 757 5354 episcopatum
787 5285 1083 5350 desiderat,
1129 5286 1335 5338 bonum
1373 5301 1506 5352 opus
1550 5284 1841 5337 desiderat.
1881 5283 1989 5336 Ex—
2072 5288 2206 5335 sunt
2226 5280 2489 5333 referant.

389 5388 599 5444 ponere
626 5372 801 5427 voluit
839 5372 973 5443 quid
1004 5372 1080 5426 sit
1109 5372 1482 5442 episcopatus,
1498 5371 1632 5441 quia
1660 5386 1865 5424 nomen
1896 5376 1987 5424 est
2082 5410 2083 5413 η
2140 5368 2228 5422 13.
2294 5369 2541 5424 Gradum
2600 5367 2819 5421 bonum.
2878 5362 3004 5416 Non
3059 5361 3119 5415 in
3156 5360 3422 5433 prasenti
3458 5360 3680 5415 saeculo

393 5462 596 5532 aperis.
635 5477 750 5515 non
770 5462 1020 5516 honoris.
1055 5461 1312 5518 Graecum
1341 5466 1427 5515 est
1456 5460 1606 5514 enim
1647 5464 1816 5530 atque
1854 5458 1985 5512 inde
2071 5457 2229 5510 dicit.

391 5549 622 5603 ductum
651 5549 1004 5617 vocabulum,
1033 5549 1182 5619 quod
1209 5548 1303 5603 ille
1324 5549 1419 5620 qui
1438 5548 1762 5620 praeﬁcitur,
1795 5563 1985 5617 super-
