4040 6186
288 257 393 312 353
488 214 489 217 Ἴ
990 256 1068 311 IN
1106 255 1175 309 D.
1216 254 1431 311 PAULI
1469 256 1692 312 EPIST.
1734 256 2105 311 COMMENT.
2146 284 2217 298 —-
2252 254 2473 311 EPIST.
2515 256 2540 310 Ι
2577 255 2675 309 AD
2712 255 2863 310 TIM.
3446 258 3549 316 32:4

290 382 387 436 tibi
414 382 622 447 scribo,
654 396 885 452 sperans
914 396 1007 435 me
1036 381 1107 435 ad
1134 385 1190 435 te
1212 382 1401 435 venire
1432 382 1562 435 cito.
1598 381 1655 435 Si
1682 386 1869 434 autem
1900 381 2217 445 tardavero,
2246 386 2294 434 et
2317 385 2603 449 propterea
2627 381 2824 448 scribo,
2864 382 2914 433 si
2954 380 3266 450 tardavero,
3295 387 3363 436 ut
3407 382 3550 438 scias

290 470 570 541 quomodo
593 476 853 540 oporteat
877 475 934 523 te
963 470 1021 523 in
1048 470 1214 523 domo
1245 471 1344 524 Dei
1371 471 1709 534 conversari,
1746 487 1868 541 quae
1896 475 1983 523 est
2018 468 2097 523 14.
2124 468 2367 522 Ecclesia
2400 468 2481 522 15.
2516 467 2620 521 Dei
2652 467 2775 523 vivi.
2807 467 2897 522 16.
2948 468 3210 522 columna
3264 475 3323 523 et
3365 471 3553 525 ﬁrma-

289 564 543 612 mentum
572 558 849 623 veritatis,
882 575 1000 626 quae
1026 563 1230 623 tuetur,
1259 564 1306 611 el
1340 562 1531 625 ﬁrmat
1547 562 1851 612 veritatem.
1894 558 1980 614 l7.
2013 558 2083 610 Et
2106 556 2403 610 manifeste
2427 554 2513 611 18.
2549 572 2816 626 magnum
2848 561 2935 609 est
2963 556 3186 627 pietatis
3231 574 3553 613 sacramen-

214 666 219 669 ·
286 651 406 699 tum
434 647 587 717 quod
618 646 1041 700 manifestatum
1070 652 1155 700 est
1178 646 1234 699 in
1266 663 1453 711 carne,
1487 646 1575 701 19.
1603 646 1974 715 justiﬁcatum
2004 650 2090 698 est
2117 645 2174 699 in
2208 630 2432 715 spiritu,
2459 660 2558 712 per
2584 647 2849 712 spiritum
2881 648 2945 697 in
2971 647 3230 710 Jordane,
3261 651 3343 701 vel
3391 664 3550 701 assu-

287 737 483 788 mendo
512 750 737 789 carnem
759 733 846 790 20.
882 734 1144 804 apparuit
1168 735 1383 804 angelis
1408 738 1574 801 (Deus
1592 752 1715 799 esse,
1758 739 1838 789 vel
1854 737 2067 800 angelis
2083 736 2235 787 bonis
2263 735 2673 800 famulantibus
2702 738 2885 797 natus,
2917 736 2995 785 vel
3025 736 3088 786 in
3120 736 3324 789 deserto
3364 737 3551 807 malis)

286 823 652 894 praedicatum
679 829 766 878 est
781 823 1064 894 gentibus,
1089 824 1363 879 creditum
1399 830 1484 878 est
1512 824 1571 877 in
1604 824 1832 887 mundo,
1874 827 2226 893 assumptum
2250 826 2334 875 est
2360 821 2417 875 in
2445 821 2645 891 gloria,
2679 825 2741 875 in
2769 825 3160 890 assumptione.
3502 818 3505 823 ’

1740 964 1975 1018 CAPUT
2002 963 2100 1017 IV.

364 1092 413 1147 1.
450 1091 697 1161 Spiritus
718 1095 907 1144 autem
934 1089 1225 1143 manifeste
1254 1088 1389 1143 dicit
1409 1090 1643 1157 (exponit
1671 1093 1861 1142 contra
1882 1105 2015 1156 quos
2045 1090 2279 1142 Ecclesia
2312 1090 2617 1151 veritatem,
2646 1090 2850 1142 scilicet
2879 1093 3073 1143 contra
3096 1091 3385 1160 hereticos)
3418 1092 3553 1163 quia

288 1183 345 1236 in
366 1179 691 1233 novissimis
712 1177 1057 1248 temporibus
1084 1178 1374 1231 discedent
1398 1178 1626 1248 quidam
1640 1194 1674 1230 a
1688 1177 2178 1240 ﬁde,attendentes
2204 1176 2495 1247 spiritibus
2514 1177 2742 1239 erroris,
2768 1184 2824 1231 et
2839 1178 3107 1232 doctrinis
3126 1179 3551 1248 dmmoniorum,

287 1271 346 1323 in
384 1268 672 1338 hypocrisi
711 1266 1061 1337 loquentium
1093 1267 1467 1330 mendacium,
1498 1268 1687 1319 docent
1710 1267 1853 1333 quod
1885 1282 1995 1319 non
2027 1267 2266 1332 faciunt,
2311 1263 2365 1320 2.
2407 1270 2464 1318 et
2486 1265 2871 1331 cauteriatam,
2898 1269 3174 1330 adustam,
3208 1276 3549 1337 corruptam,

289 1361 369 1414 rel
394 1358 725 1409 adurentem
755 1361 803 1407 et
832 1357 972 1409 alios
1004 1360 1464 1422 corrumpenlem,
1494 1353 1544 1409 3.
1580 1353 1908 1407 habentium
1945 1370 2106 1407 suam
2144 1354 2564 1409 conscientiam.
2585 1354 2635 1406 4.
2665 1354 3079 1423 prohibentium
3104 1354 3336 1419 nubere,
3364 1359 3555 1415 {diver-

286 1461 484 1498 sarum
516 1445 786 1498 haereseon
814 1446 1148 1497 mentionem
1177 1446 1332 1510 facit)
1353 1443 1653 1505 abstinere,
1677 1445 1878 1496 scilicet
1897 1445 2401 1510 precipientiumm
2428 1441 2584 1503 cibis,
2604 1444 2839 1509 (exponit
2869 1459 2985 1509 qua;
3004 1444 3298 1497 mendacia
3324 1445 3559 1511 loquan-

290 1538 404 1584 tur)
435 1548 579 1601 quos
597 1531 749 1584 Deus
777 1531 987 1587 creavit
1002 1530 1069 1583 ad
1089 1531 1506 1600 percipiendum
1527 1546 1653 1583 cum
1673 1531 1989 1599 gratiarum
2018 1530 2236 1584 actione
2265 1530 2607 1594 ﬁdelibus,et
2626 1529 2692 1582 iis
2713 1529 2809 1599 qui
2832 1537 3214 1597 cognoverunt
3240 1532 3553 1587 veritatem.

290 1622 398 1685 Qui
420 1623 533 1672 cibi
560 1621 852 1687 rejiciendi
870 1635 995 1672 non
1022 1624 1176 1682 sunt,
1212 1621 1340 1671 boni
1370 1622 1519 1672 enim
1540 1630 1691 1673 sunt.
1717 1620 1773 1672 5.
1804 1617 1951 1679 Quia
1975 1619 2160 1672 omnis
2189 1624 2447 1671 creatura
2460 1617 2559 1670 Dei
2583 1617 3388 1687 bonaest,nihilrejiciendum,
3408 1622 3557 1692 quod

292 1723 422 1761 cum
455 1707 774 1776 gratiarum
805 1706 1024 1760 actione
1054 1706 1398 1777 percipitur;
1430 1706 1815 1760 sanetiticatur
1842 1705 1991 1759 enim
2036 1715 2068 1771 |
2089 1712 2214 1771 89
2246 1723 2346 1777 per
2387 1706 2617 1760 verbum
2664 1704 2763 1759 Dei
2794 1711 2852 1759 et
2896 1706 3208 1760 orationem
3239 1712 3556 1765 sacerdotis.

288 1793 341 1847 6.
398 1794 532 1847 Haec
578 1810 897 1864 proponens
950 1793 1235 1859 fratribus,
1300 1794 1476 1848 bonus
1519 1793 1628 1847 eris
1674 1792 1933 1847 minister
1989 1794 2197 1848 Christi
2246 1796 2398 1853 Jesu.
2445 1792 2494 1848 7.
2550 1793 2830 1847 enutritus
2889 1792 3068 1847 verbis
3120 1795 3251 1849 ﬁdei
3291 1803 3349 1850 et
3398 1797 3556 1853 bonae

290 1882 586 1950 doctrinm,
633 1897 803 1952 quam
856 1887 1144 1935 assecutus
1186 1898 1265 1935 es.
1324 1883 1549 1952 Ineptas
1599 1887 1791 1935 autem
1847 1886 1904 1935 et
1966 1882 2145 1936 aniles
2192 1881 2410 1935 fabulas
2467 1882 2694 1947 devita;
2734 1879 2787 1936 8.
2845 1898 3036 1935 exerce
3083 1889 3276 1937 autem
3312 1885 3557 1957 teipsum

289 1971 359 2024 ad
405 1972 699 2041 pietatem,
727 1986 883 2037 pasce
921 1986 1137 2036 gregem
1182 1972 1284 2023 tibi
1319 1973 1669 2024 commissum
1713 1972 2011 2038 spirituali
2058 1972 2174 2023 cibo
2224 1974 2273 2022 et
2330 1972 2556 2022 carnali
2589 1975 2651 2022 ut
2682 1971 2756 2022 sis
2792 1972 2944 2036 pius-
2985 1970 3138 2023 Nam
3192 1975 3312 2025 sine
3359 1976 3559 2041 pietate

288 2060 339 2113 9.
368 2058 682 2128 corporalis
712 2057 1034 2112 exercitatio
1072 2058 1142 2111 ad
1180 2057 1480 2123 modicum,
1528 2076 1733 2126 parum
1763 2057 1920 2112 utilis
1949 2063 2071 2124 est;
2109 2057 2289 2128 pietas
2325 2062 2518 2111 autem
2553 2057 2626 2111 ad
2655 2057 2845 2110 omnia
2873 2057 3027 2111 utilis
3057 2064 3161 2124 est,
3194 2057 3286 2124 10,
3314 2059 3397 2116 11.
3428 2078 3560 2133 pro-

292 2147 617 2199 missionem
653 2145 863 2199 habens
887 2146 1030 2210 vitze,
1059 2162 1181 2215 quae
1209 2162 1358 2199 nunc
1388 2152 1490 2206 est,
1510 2152 1567 2200 et
1586 2147 1806 2200 futurae.
1832 2146 2041 2200 Fidelis
2069 2161 2275 2209 sermo,
2305 2161 2467 2213 quem
2506 2146 2644 2209 dixi,
2687 2150 2745 2199 et
2783 2144 2935 2199 omni
2975 2146 3295 2216 acceptione
3323 2148 3554 2219 dignus.

292 2232 357 2286 In
378 2234 482 2287 hoc
515 2234 758 2301 enim,in
778 2238 1141 2303 promissione
1156 2235 1607 2302 illa,laboramus
1620 2241 1677 2289 et
1694 2234 2243 2304 maledicimur,quia
2258 2250 2549 2305 speramus
2568 2233 2627 2287 in
2650 2234 2833 2288 Deum
2857 2234 3059 2301 vivum,
3078 2234 3173 2304 qui
3193 2242 3280 2290 est
3310 2238 3565 2295 Salvator

1656 2376 2248 2433 COMMENTARIUS.

361 2508 451 2564 1i.
485 2510 707 2565 Lassa.
748 2509 984 2562 Ecclesia
1022 2510 1118 2561 Dei
1165 2511 1295 2574 vivi,
1329 2512 1610 2568 columna.
1642 2512 1746 2561 etc.
1780 2508 1955 2567 Ec-A
2051 2508 2100 2561 5.
2124 2509 2370 2562 Aususr.
2407 2509 2657 2577 (exposit.
2692 2513 2753 2564 in
2780 2514 2921 2579 psal.
2955 2527 3140 2577 CXLIII,
3171 2517 3310 2568 tom.
3346 2514 3480 2570 VIII
3512 2523 3571 2572 et

292 2598 480 2663 clesia,
505 2598 566 2651 id
585 2604 691 2658 est,
727 2597 920 2651 ﬁdeles
956 2602 1091 2649 sunt
1116 2598 1375 2651 columna
1404 2597 1674 2661 veritatis,
1707 2596 1763 2649 id
1786 2602 1889 2655 est.
1976 2594 2074 2648 lib.
2106 2613 2158 2649 vi
2184 2598 2336 2650 Uont.
2369 2598 2553 2649 Iv‘aust.
2583 2614 2631 2650 c.
2673 2599 2723 2658 7,
2756 2598 2959 2661 initio).
3018 2600 3158 2665 Quia
3199 2604 3379 2655 omnis
3423 2619 3571 2656 crea-

288 2696 351 2739 nt
381 2687 568 2756 ipsam
600 2686 911 2745 veritatem.
942 2684 999 2738 id
1051 2691 1137 2738 est
1189 2686 1494 2747 Christum,
1529 2702 1598 2739 ne
1648 2686 1895 2756 perversi
1979 2689 2128 2737 tura.
2154 2685 2434 2738 Animalia
2464 2686 2717 2755 quaedam
2761 2703 2871 2741 non
2902 2693 3104 2742 natura
3141 2690 3238 2743 sed
3290 2690 3572 2761 signiﬁca-

289 2776 643 2839 subvertant,
665 2774 876 2828 directe
900 2779 1240 2828 sustentant.
1979 2772 2132 2825 tione
2161 2773 2450 2826 immunda
2470 2773 2691 2840 dixisse;
2725 2775 2914 2845 itaque
2935 2774 3016 2847 [al
3047 2815 3061 2838 ,
3101 2776 3181 2829 ita
3200 2779 3390 2847 quod],
3418 2779 3571 2833 verbi

366 2863 448 2919 15.
483 2866 733 2917 Animos.
760 2864 857 2916 Dei
886 2866 1016 2915 rivi.
1055 2863 1276 2933 Optime
1300 2863 1507 2934 adjecit
1532 2864 1631 2918 Dei
1661 2863 1786 2929 vivi,
1833 2869 1897 2917 ut
1976 2861 2179 2930 gratia,
2213 2862 2262 2914 si
2314 2862 2383 2914 de
2428 2879 2593 2932 porco
2635 2869 2692 2916 et
2720 2880 2865 2933 agno
2895 2865 3236 2934 requiratur,
3268 2871 3572 2937 utrumque

291 2952 553 3006 ostendat
584 2969 649 3005 ex
678 2951 783 3004 hoc
822 2950 1077 3005 Ecclesiae
1105 2951 1455 3021 dignitatem.
1976 2957 2181 3003 natura
2211 2949 2484 3004 mundum
2517 2956 2619 3017 est,
2647 2951 2777 3021 quia
2809 2952 2991 3006 omnis
3019 2958 3278 3008 creatura
3306 2955 3404 3009 Dei
3427 2954 3572 3010 bona

362 3040 451 3094 16.
471 3039 683 3093 ΒΑΜ-ιι.
705 3040 995 3094 Columna.
1030 3040 1276 3094 Ecclesia
1298 3041 1400 3095 Dei
1438 3034 1496 3094 in
1525 3041 1744 3110 magnis
1764 3041 1894 3095 viris
1978 3044 2079 3101 est;
2098 3039 2351 3109 quadam
2372 3056 2500 3093 vero
2519 3040 2929 3110 signiﬁcatione
2963 3058 3142 3111 agnus
3172 3044 3571 3116 mundus,por-

294 3128 556 3181 columna
581 3133 686 3194 est,
716 3128 813 3198 qui
862 3128 1001 3181 alios
1038 3129 1354 3195 sustinent;
1384 3130 1443 3183 in
1481 3129 1692 3183 eisdem
1724 3130 1894 3183 etiam
1975 3143 2074 3181 cus
2099 3128 2444 3181 immundus.

296 3217 592 3270 ﬁrmamur
608 3233 736 3270 cum
756 3215 1009 3270 veritatis
1040 3219 1559 3289 ﬁrmamento,quia
1580 3218 1687 3288 ipsi
1714 3218 1893 3272 verbis
2044 3215 2098 3270 6.
2132 3215 2338 3270 Larum.
2359 3218 2479 3271 Ha’c
2516 3234 2819 3286 proponens
2857 3222 3151 3287 fratribus,
3182 3222 3399 3292 Duplex
3427 3238 3575 3276 com-

296 3310 353 3358 et
379 3305 670 3359 miraculis
701 3305 995 3358 veritatem
1034 3306 1319 3376 Evangelii
1350 3308 1704 3360 conﬁrmant.
1978 3304 2209 3358 modum
2239 3304 2344 3358 sibi
2374 3306 2668 3374 promittit,
2685 3306 2895 3362 scilicet
2914 3309 3047 3379 quia
3074 3309 3254 3364 bonus
3292 3310 3571 3377 minister,

370 3393 461 3449 17.
492 3396 741 3448 AMBROS.
776 3394 1083 3460 Mani/este.
1130 3395 1275 3458 Quia
1329 3395 1630 3449 Ecclesiam
1683 3395 1897 3449 colum-
1980 3398 2037 3447 et
2055 3393 2368 3447 doctrinam
2390 3393 2512 3464 ipso
2551 3410 2656 3448 usu
2686 3397 3024 3466 assequitur.

294 3498 423 3536 nam
453 3482 711 3536 veritatis
729 3480 890 3546 dixit,
930 3483 1177 3537 ostendit
1222 3484 1403 3553 ipsam
1429 3484 1742 3550 veritatem,
1777 3501 1899 3555 quae
2053 3482 2106 3538 7.
2135 3483 2382 3536 AMBROS.
2416 3484 2733 3537 Enutrilus.
2770 3485 3013 3550 Proficit,
3046 3486 3247 3557 inquit,
3286 3487 3393 3542 hoc
3429 3493 3485 3543 et
3511 3490 3579 3543 ti-

296 3571 385 3625 είι,
1981 3569 2058 3633 bi;
2095 3586 2225 3624 nam
2265 3570 2396 3624 dum
2435 3571 2623 3625 debita
2660 3573 3034 3628 sollicitudine
3060 3574 3225 3629 doces
3253 3575 3412 3644 alios,
3444 3578 3579 3632 assi-
3654 3586 3663 3590 '

367 3658 453 3715 18.
486 3661 701 3714 LANFR.
750 3662 1016 3730 Magnum
1070 3666 1144 3715 est
1196 3664 1417 3729 pietatis
1466 3666 1897 3715 sacramentum.
1982 3658 2094 3713 dua
2132 3659 2494 3714 meditatione
2522 3661 2776 3720 nutriris.

298 3747 523 3803 Veritas
549 3754 609 3802 et
636 3754 1053 3803 sacramentum
1086 3749 1233 3819 quod
1268 3749 1358 3802 hic
1395 3748 1653 3815 habetur,
1696 3750 1752 3803 id
1792 3755 1896 3815 est,
2052 3745 2107 3800 8.
2131 3749 2333 3802 Exerce
2360 3754 2544 3801 autem
2585 3755 2651 3802 te.
2681 3750 3147 3807 Exercitationem
3174 3753 3419 3823 pietatis,
3449 3756 3581 3811 dili-

299 3836 577 3900 Christus,
597 3836 693 3907 qui
714 3842 798 3890 est
817 3837 1023 3890 veritas
1052 3843 1109 3890 et
1134 3843 1569 3903 sacramentum,
1603 3837 1897 3891 manifeste
1916 3831 1961 3890 B
1983 3835 2233 3906 gentiam
2266 3836 2533 3890 doctrinae
2561 3836 2722 3891 dixit.

298 3941 535 3995 magnus
567 3932 674 3981 est.
2055 3923 2108 3978 9.
2132 3924 2345 3977 LANFR.
2405 3926 2718 3993 Corporalis
2761 3930 3095 3982 exercitatio.
3129 3930 3309 3985 Datur
3334 3931 3581 4002 intelligi

369 4015 460 4069 19.
493 4017 746 4069 AMBROS.
775 4017 1173 4082 Justiﬁcalum.
1216 4015 1491 4069 Humanae
1542 4020 1759 4070 natum
1797 4016 1902 4069 hoc
1984 4012 2114 4083 quia
2144 4012 2198 4065 in
2222 4012 2445 4081 vigiliis,
2498 4013 2750 4083 jejuniis,
2783 4013 2955 4068 labori
2988 4032 3258 4072 manuum
3288 4025 3346 4072 et
3365 4020 3582 4074 caeteris

301 4109 549 4173 aptatur,
586 4104 720 4174 quia
765 4103 999 4174 spiritus
1046 4102 1446 4158 habitationem
1476 4103 1535 4157 in
1562 4102 1902 4174 baptismate
1984 4101 2368 4172 corporalibus
2389 4100 2675 4155 laboribus
2703 4118 2763 4155 se
2791 4103 3081 4157 exercebat
3124 4106 3388 4175 operibus
3417 4108 3582 4162 mise-

300 4192 532 4262 accepit.
1981 4189 2235 4245 rieordiae
2261 4206 2373 4243 non
2394 4190 2534 4245 adeo
2561 4189 2832 4244 intentus.

372 4278 460 4334 20.
489 4282 788 4349 Apparuit.
833 4281 953 4335 Hoc
984 4286 1089 4347 est,
1122 4280 1449 4352 perspicuus
1478 4281 1693 4351 angelis
1719 4280 1902 4336 factus
2059 4277 2137 4335 1οπ
2199 4280 2439 4334 Auousr.
2475 4282 2716 4346 (exposit.
2760 4282 2823 4332 in
2856 4283 2997 4348 psal.
3031 4295 3212 4335 cxmn.
3244 4286 3378 4337 tom.
3405 4284 3582 4355 VIII).

301 4374 406 4423 est.
1518 4378 1529 4386 ’
1985 4370 2433 4422 Promissioncm.
2466 4367 2708 4421 Sinistra
2754 4368 2874 4437 ejus
2923 4368 3027 4421 sub
3064 4371 3247 4440 capite
3278 4389 3422 4427 meo.
3454 4374 3583 4428 Non

374 4459 533 4512 CAP.
556 4453 652 4512 IV.
689 4489 754 4499 —
797 4456 1077 4513 l.LANI-‘l.
1101 4457 1350 4526 Spiritus
1368 4463 1555 4512 autem
1588 4459 1901 4524 manifeste,
1986 4472 2076 4508 me
2100 4456 2311 4509 deserit
2339 4455 2474 4509 etin
2529 4456 2936 4526 temporalibus
2981 4459 3327 4526 necessariis,
3370 4461 3468 4516 sed
3507 4468 3589 4517 ta-

304 4556 409 4601 cte.
432 4546 537 4600 Vel
556 4547 823 4600 columna
850 4547 1060 4601 Christi
1089 4547 1338 4601 ﬁrmabit
1361 4548 1663 4602 Ecclesiam
1710 4553 1906 4601 contra
1987 4560 2118 4597 men
2145 4543 2267 4614 ipsa
2295 4544 2526 4597 sinistra
2552 4545 2658 4599 sub
2683 4546 2865 4616 capite
2895 4546 3005 4600 erit
3027 4563 3138 4601 non
3170 4549 3340 4620 capiti
3365 4566 3589 4622 praepo-

302 4635 704 4705 impugnantes
751 4651 786 4688 a
840 4635 948 4688 ﬁde
997 4635 1367 4696 discedentes,
1398 4641 1457 4689 et
1485 4636 1633 4706 quod
1664 4635 1909 4690 discede-
1988 4638 2172 4697 netur,
2216 4632 2315 4687 sed
2337 4633 2447 4686 erit
2460 4633 2563 4687 sub
2598 4635 2879 4704 capite.Et
2903 4635 3131 4690 dextera
3158 4638 3278 4707 ejus
3297 4640 3588 4710 amplecti-

304 4732 432 4777 rent
455 4723 692 4792 spiritus
721 4723 1017 4777 manifeste
1046 4723 1198 4777 dicit.
1979 4727 2084 4774 tur
2105 4738 2214 4785 me,
2248 4721 2513 4792 pollicens
2541 4722 2710 4776 vitam
2746 4728 3032 4778 aeternam.
3064 4725 3153 4779 Ita
3180 4726 3330 4780 enim
3358 4728 3590 4785 sinistra

367 4811 423 4866 2.
441 4814 508 4867 Et
524 4815 913 4866 cauteriotam.
934 4812 1279 4877 Cauterium,
1302 4812 1514 4868 ferrum
1531 4829 1640 4884 quo
1655 4812 1914 4867 aduritur
1994 4809 2097 4863 sub
2116 4810 2317 4881 capite,
2349 4810 2579 4865 dextera
2605 4828 2775 4882 super
2802 4817 2987 4884 caput,
3027 4813 3297 4885 impletur
3332 4820 3481 4888 quod
3511 4819 3590 4874 sic

306 4901 384 4954 rei
404 4901 597 4955 facies.
1993 4897 2200 4952 dictum
2231 4904 2332 4965 est,
2354 4902 2778 4967 promissionem
2809 4902 3009 4955 habens
3050 4909 3336 4971 praesentis
3367 4910 3509 4974 vita,
3540 4914 3591 4963 et

374 4987 426 5045 3.
454 4989 711 5044 AMBROS.
733 4992 1066 5045 Habentium
1108 5006 1291 5044 suam.
1324 4990 1432 5054 Qui
1463 4990 1612 5044 enim
1646 4990 1714 5043 de
1741 4989 1909 5044 casti-
1991 4988 2231 5053 futurae;
2259 4988 2409 5057 quod
2438 4988 2496 5042 in
2527 4989 2810 5060 praesenti,
2844 4989 3076 5045 sinistra
3101 4993 3420 5066 subcapite;
3442 4997 3591 5067 quod

306 5082 421 5130 tate
444 5094 507 5131 se
536 5078 812 5132 simulant
837 5078 1147 5147 disputare,
1172 5094 1397 5133 omnem
1426 5077 1754 5149 spurcitiam
1775 5078 1832 5131 in
1850 5093 1910 5131 se
1992 5074 2052 5128 in
2083 5074 2291 5139 futuro,
2326 5076 2556 5130 dextera
2583 5079 2703 5147 ejus
2732 5078 3133 5149 complectetur
3158 5099 3266 5137 me.

306 5171 635 5234 perpetrare
667 5165 1051 5223 inveniuntur.
1928 5189 1972 5249 ρ
2064 5164 2154 5218 41.
2192 5163 2403 5223 Lassa.
2437 5169 2863 5221 Promissionem
2901 5169 3103 5222 habens
3147 5173 3287 5224 vita.
3320 5172 3459 5235 Quia
3491 5190 3593 5244 per

375 5251 428 5308 4.
453 5254 660 5307 Lxsrn.
716 5254 1132 5309 Prohibentium
1165 5254 1385 5319 nubere,
1414 5258 1518 5307 etc.
1560 5252 1821 5324 Praecipit
1854 5254 1908 5308 ei
1993 5269 2165 5323 opera
2184 5253 2384 5307 melius
2412 5253 2584 5309 habet
2609 5256 2776 5310 homo
2807 5262 2865 5311 et
2892 5256 2951 5311 in
2981 5256 3086 5311 hoc
3111 5260 3313 5313 saeculo
3334 5266 3392 5315 et
3418 5261 3478 5315 in
3508 5263 3592 5317 fu-

310 5345 375 5392 nt
396 5339 701 5395 interdicat
727 5340 811 5395 eis
840 5356 1105 5411 spernere
1120 5339 1289 5406 cibos,
1314 5355 1427 5394 non
1451 5340 1747 5407 nubere,et
1766 5358 1909 5412 prai-
1992 5346 2141 5396 turo.

307 5427 495 5481 dicare
519 5445 624 5499 per
642 5428 928 5500 spiritum,
958 5428 1090 5501 quia
1117 5429 1223 5483 hoc
1250 5424 1581 5498 prohibetur
1596 5428 1675 5483 eis
1692 5445 1726 5482 a
1744 5445 1912 5499 pseu-
2074 5429 2156 5487 12.
2180 5433 2287 5486 Per
2306 5434 2676 5502 prophetiam.
2699 5424 3061 5505 Prophetiam
3089 5437 3594 5510 vocatinspiratio-

309 5515 673 5589 doapostolis.
