3936 6178
503 273 605 331 359
1480 268 1544 322 Β.
1583 266 1999 325 LANFRANCI
2039 269 2398 327 CANTUAR.
2438 273 2777 329 ARCHIEP.
3634 285 3725 345 360

503 402 705 455 fratres
734 400 881 461 sunt,
916 394 1015 451 sed
1043 393 1225 464 magis
1253 391 1516 455 serviant,
1551 395 1686 465 quia
1715 396 1908 449 ﬁdeles
1939 400 2092 454 sunt.
2123 397 2341 451 domini
2369 414 2580 464 eorum,
2615 403 2696 454 rel
2726 402 2854 468 ipsi,
2882 405 2937 455 et
2962 400 3149 457 dilecti
3168 418 3203 457 a
3222 404 3342 467 Deo,
3366 404 3490 476 quia
3503 405 3730 465 beneﬁcii

503 485 804 558 participes
841 490 991 549 sunt,
1026 483 1356 538 Christiana:
1385 486 1693 550 religionis,
1729 486 1811 537 rel
1840 484 2216 538 humaniores.
2253 487 2379 540 Haec
2412 487 2568 554 doce,
2595 494 2653 542 et
2680 490 2991 544 exhortare.
3012 490 3070 544 Si
3095 491 3217 561 quis
3246 493 3407 546 aliter
3430 494 3580 549 docet
3600 498 3730 562 (eum

504 577 723 644 devita),
756 578 813 628 et
832 589 943 627 non
972 571 1279 642 acquiescit
1306 572 1458 625 sanis
1480 572 1832 626 sermonibus
1855 572 2073 626 Domini
2106 574 2286 628 nostri
2314 576 2342 629 J
2349 592 2445 629 esu
2467 575 2694 642 Christi,
2710 580 3009 632 anathema
3032 583 3125 641 sit,
3155 585 3212 633 et
3233 580 3302 645 ei,
3323 598 3439 652 quae
3451 585 3729 639 secundum

503 663 792 733 pietatem,
825 664 1170 729 religionem,
1199 664 1303 725 est,
1339 659 1625 725 doctrinae,
1651 659 1924 730 superbus
1954 670 2058 727 est,
2092 662 2229 715 nihil
2261 663 2464 728 sciens,
2494 663 2545 718 3.
2582 666 2679 718 sed
2712 666 2982 736 languens
3008 670 3169 735 (quia
3206 674 3369 723 nescit
3416 675 3603 725 solvere
3629 689 3732 741 qua

497 752 776 822 proponit)
807 751 955 805 circa
974 749 1307 821 quaestiones
1334 755 1392 803 et
1410 766 1626 820 pugnas
1646 750 1937 803 verborum
1963 768 1975 816 ;
2002 766 2066 803 ex
2089 750 2291 820 quibus
2321 752 2583 806 oriuntur
2617 754 2861 824 invidiae,
2884 756 3290 826 contentiones,
3311 757 3738 829 blasphemiaepn

503 846 647 898 alter
673 845 843 896 atteri
871 843 1117 909 maligne
1148 846 1402 909 opponat,
1437 840 1787 910 suspiciones
1814 841 1996 901 malae,
2026 839 2470 895 conﬂictationes
2498 841 2791 896 hominum
2822 851 3009 899 mente
3038 851 3445 917 corruptorum,
3475 852 3530 901 et
3554 848 3642 919 qui
3663 865 3739 903 ve-

500 928 671 983 ritate
699 927 901 999 privati
929 925 1140 983 sunt.4.
1160 926 1601 981 existimantium
1624 924 1675 981 5.
1709 932 1987 996 quaestum
2019 931 2371 996 temporalem
2400 946 2521 984 esse
2551 931 3662 1004 pietatem,religionem,pr.zdicationem.
3680 934 3734 996 6.

504 1017 603 1071 Est
622 1022 812 1071 autem
844 1020 1090 1087 quaestus
1126 1018 1407 1085 (mquivoce
1437 1021 1707 1084 quaestum
1735 1019 1954 1084 accipit)
1974 1034 2231 1086 magnus,
2248 1017 2429 1088 pietas
2452 1035 2577 1073 cum
2600 1022 2953 1088 sufﬁcientia,
2974 1026 3103 1091 ﬁdes
3131 1027 3225 1077 cui
3236 1027 3437 1092 sufﬁcit
3453 1027 3631 1094 quoda
3654 1027 3745 1081 Deo

501 1109 692 1161 datur.
724 1108 881 1161 Ratio
900 1121 1002 1158 cur
1020 1106 1270 1172 sufﬁcere
1298 1106 1509 1169 debeat,
1532 1120 1638 1172 quo
1666 1107 2177 1173 impraesentiarum
2206 1112 2299 1162 est.
2327 1107 2480 1161 Nihil
2510 1109 2661 1162 enim
2690 1110 2986 1166 intulimus
3016 1112 3074 1165 in
3105 1112 3255 1167 hunc
3293 1113 3575 1178 mundum,
3607 1113 3743 1168 haud

502 1195 734 1250 dubium
755 1194 889 1265 quia
918 1209 1027 1247 nec
1059 1194 1280 1247 auferre
1307 1192 1440 1263 quid
1473 1209 1790 1263 possumus,
1825 1210 1920 1247 nec
1938 1197 2044 1247 ista
2075 1199 2205 1248 sunt
2237 1201 2448 1262 nostra,
2480 1214 2592 1251 non
2617 1202 2769 1253 enim
2816 1201 3099 1254 nobiscum
3127 1203 3448 1268 deferemus.
3489 1202 3743 1257 Habentes

386 1282 405 1293 λ’
503 1290 695 1338 autem
724 1283 990 1336 alimenta
1020 1288 1078 1335 et
1099 1281 1300 1352 quibus
1315 1288 1590 1351 tegamur,
1618 1282 1705 1335 his
1724 1282 1974 1335 contenti
2004 1299 2219 1336 sumus.
2252 1286 2360 1337 Nec
2389 1300 2644 1338 curemus
2661 1288 2857 1341 ditari.
2879 1289 3020 1342 Nam
3053 1292 3146 1359 qui
3175 1290 3367 1344 volunt
3394 1290 3583 1344 divites
3610 1290 3743 1355 ﬁeri,

502 1372 760 1427 incidunt
785 1371 843 1425 in
872 1368 1243 1424 tentationem
1273 1374 1331 1422 et
1357 1369 1415 1422 in
1446 1370 1709 1439 laqueum
1739 1369 1966 1434 diaboli,
1999 1376 2056 1423 et
2084 1370 2363 1425 desideria
2384 1374 2564 1427 multa
2593 1374 2832 1440 inutilia,
2863 1382 2921 1430 et
2948 1376 3162 1443 nociva,
3205 1395 3331 1448 quae
3362 1384 3615 1448 mergunt
3656 1379 3745 1432 ho-

504 1461 685 1516 mines
712 1462 769 1515 in
798 1462 1111 1525 interitum,
1136 1465 1193 1512 et
1210 1459 1601 1529 perditionem.
1629 1456 1682 1513 7.
1707 1458 1884 1512 Radix
1904 1458 2051 1512 enim
2085 1459 2334 1513 omnium
2368 1462 2641 1516 malorum
2676 1469 2762 1517 est
2796 1465 3072 1535 cupiditas
3100 1484 3114 1532 ;
3149 1482 3319 1537 quam
3340 1465 3395 1519 8.
3432 1466 3645 1536 quidam
3663 1482 3745 1537 at»

502 1555 777 1622 petentes.
810 1552 1154 1609 erraverunt,
1197 1550 1377 1612 19:3
1408 1563 1441 1600 a
1472 1546 1605 1610 ﬁde,
1640 1552 1697 1600 et
1725 1547 2085 1601 inseruerunt
2114 1564 2175 1601 se
2200 1548 2485 1604 doloribus
2516 1553 2728 1606 multis.
2757 1552 2810 1607 9.
2841 1555 2924 1608 Tu
2953 1560 3166 1616 autem.
3205 1572 3238 1609 ο
3285 1555 3452 1609 homo
3497 1554 3609 1621 Dei,
3646 1555 3747 1609 haec

503 1639 631 1708 fuge
658 1657 669 1705 ;
698 1644 912 1692 sectare
941 1654 1068 1690 vero
1085 1635 1387 1706 justitiam,
1416 1635 1702 1705 pietatem,
1735 1635 1925 1700 ﬁdem,
1947 1636 2299 1698 charitatem.
2322 1638 2673 1707 patientiam,
2701 1643 3213 1700 mansuetudinem.
3239 1644 3407 1698 Certa
3426 1642 3623 1697 bonum
3638 1659 3744 1696 cer-

503 1732 695 1781 tamen
719 1726 867 1791 ﬁdei,
903 1727 1047 1795 quod
1071 1741 1174 1794 pro
1202 1725 1305 1791 ﬁde
1331 1724 1655 1778 Christiana
1678 1726 2006 1778 certandum
2034 1731 2107 1778 est
2133 1744 2147 1778 :
2173 1728 2251 1778 sic
2280 1732 2538 1783 certando
2562 1731 2921 1800 apprehende
2946 1732 3117 1786 vitam
3139 1737 3428 1797 aeternam,
3456 1731 3513 1785 in
3541 1747 3661 1802 qua,
3677 1732 3741 1785 ad

501 1831 671 1886 quam
701 1816 1028 1880 habendam,
1062 1819 1287 1867 vocatus
1318 1829 1397 1877 es,
1434 1817 1492 1866 et
1519 1812 1805 1865 confessus
1832 1811 2036 1866 bonam
2061 1813 2488 1881 confessionem,
2521 1820 2845 1874 catholicam
2875 1822 3057 1887 ﬁdem,
3079 1836 3269 1875 coram
3300 1820 3490 1875 multis
3507 1819 3742 1891 testibus,

502 1921 568 1974 in
595 1906 856 1974 baptismi
882 1906 968 1957 die
997 1906 1080 1956 vel
1107 1905 1443 1970 susceptione
1463 1903 1832 1969 presbyterii.
1873 1902 2141 1974 Prmeipio
2166 1901 2268 1956 tibi
2296 1917 2482 1955 coram
2510 1903 2646 1968 Deo,
2680 1903 2774 1973 qui
2806 1904 3047 1957 viviﬁcat
3066 1905 3275 1970 omnia,
3309 1910 3368 1959 et
3382 1903 3743 1963 ChristoJesu.

504 1992 601 2062 qui
630 1991 1019 2046 testimonium
1050 1990 1296 2045 reddidit
1321 1988 1409 2047 10.
1444 1989 1547 2044 sub
1576 1989 1774 2044 Pontio
1802 1990 1985 2044 Pilato
2026 2007 2138 2045 non
2165 1992 2476 2045 erubescens
2504 1978 3162 2055 bonamconfessionem,
3192 1991 3414 2043 Patrem
3453 1991 3659 2053 scilicet,
3690 1992 3748 2040 ut

503 2095 690 2133 serves
711 2081 795 2145 11,
827 2081 1158 2134 mandatum
1176 2079 1295 2133 sine
1312 2079 1548 2136 macula.
1575 2078 1599 2147 (
1600 2095 1709 2132 non
1724 2079 2001 2132 erubescas
2025 2094 2211 2132 coram
2234 2078 2449 2143 regibus
2464 2078 2839 2143 evangelicum
2866 2082 3215 2145 praeceptum,
3244 2078 3308 2130 de
3329 2079 3517 2145 quoin
3533 2077 3748 2144 psalmo:

507 2184 590 2237 lea:
618 2168 841 2220 Domini
866 2169 1246 2224 immaculata)
1278 2165 1788 2238 irreprehensibile,
1821 2182 1998 2236 usque
2020 2165 2108 2221 12.
2140 2166 2200 2218 in
2230 2165 2535 2218 adventum
2561 2162 2785 2217 Domini
2817 2164 2995 2217 nostri
3015 2165 3148 2219 Jesu
3171 2164 3381 2220 Christi
3406 2183 3419 2230 ;
3453 2179 3610 2235 quem
3628 2163 3750 2228 suis,

504 2259 784 2322 congruis,
814 2256 1160 2326 temporibus
1184 2274 1196 2322 ;
1232 2253 1315 2311 13.
1347 2256 1603 2309 ostendet
1633 2258 1778 2309 Deus
1800 2255 2022 2320 beatus,
2055 2259 2109 2308 et
2137 2253 2291 2307 solus
2320 2258 2538 2323 potens,
2564 2253 2679 2306 Rex
2704 2268 2923 2322 regum,
2955 2258 3014 2307 et
3041 2253 3317 2307 Dominus
3362 2251 3750 2307 dominantium

506 2343 602 2413 qui
624 2344 777 2397 solus
806 2343 976 2397 habet
1014 2342 1093 2407 id,
1131 2342 1217 2399 15.
1254 2343 1766 2410 immortalitatem,
1804 2349 1861 2396 et
1884 2344 2062 2397 lucem
2104 2341 2384 2395 inhabitat
2409 2340 2849 2395 inaccessibilem
2880 2360 2894 2408 ;
2928 2358 3092 2412 quem
3116 2342 3307 2397 nullus
3335 2342 3620 2396 hominum
3643 2355 3757 2409 per-

504 2447 736 2484 manens
758 2434 820 2484 in
846 2432 947 2485 hac
977 2432 1439 2499 corruptibilitate
1469 2431 1624 2497 vidit,
1664 2431 1761 2485 sed
1786 2447 1889 2485 nec
1908 2428 1995 2485 16.
2047 2429 2233 2483 videre
2265 2434 2484 2499 potest:
2515 2429 2601 2483 cui
2648 2429 2849 2492 honor,
2904 2434 2963 2483 et
3000 2429 3304 2499 imperium
3351 2429 3755 2500 sempiternum.

506 2522 704 2574 Amen.
739 2520 1015 2574 Divitibus
1042 2521 1211 2591 hujus
1238 2520 1425 2575 saeculi
1455 2520 1714 2590 prmeipe,
1744 2536 1857 2573 non
1885 2518 2126 2573 sublime
2157 2533 2373 2587 sapere,
2406 2521 2469 2570 in
2497 2518 2711 2572 divitiis
2739 2520 2997 2586 gloriari,
3032 2535 3215 2590 neque
3239 2535 3470 2590 sperare
3492 2518 3550 2572 in
3568 2518 3759 2571 incerto

507 2609 849 2674 divitiarum,
879 2610 976 2663 sed
1006 2609 1064 2663 in
1095 2610 1211 2663 Deo
1231 2609 1353 2662 vivo
1384 2608 1502 2679 (qui
1526 2612 1754 2678 praestat
1777 2606 1937 2660 nobis
1958 2605 2149 2659 omnia
2172 2604 2394 2659 abunde
2415 2604 2786 2659 adfruendum
2817 2622 2929 2659 non
2958 2609 3429 2676 congregandum)
3461 2608 3533 2660 ad
3557 2607 3649 2659 hoc
3673 2605 3762 2657 sci-

509 2700 738 2765 licet,eel
753 2701 982 2766 pracipe
1006 2697 1144 2758 bene
1157 2696 1548 2775 agere.divites
1560 2696 1682 2750 ﬁeri
1695 2696 1753 2750 in
1767 2695 1926 2749 bonis
1945 2692 2204 2765 operibus
2219 2694 2379 2748 facile
2395 2693 3081 2758 tribuere,communicare
3093 2699 3368 2764 proximis
3386 2694 3759 2763 indigentibus,

510 2786 888 2841 tbesaurizare
908 2786 1014 2840 sibi
1034 2787 1462 2840 fundamentum
1495 2784 1701 2839 bonum
1722 2785 1779 2838 in
1811 2784 2086 2847 futurum,
2118 2778 2636 2852 ut'apprehendant
2654 2799 2841 2837 veram
2863 2783 3055 2838 vitam.
3092 2784 3138 2839 Ο
3167 2784 3484 2849 Timothee,
3505 2781 3592 2838 17.
3614 2782 3766 2851 depo-

506 2875 699 2941 situm,
728 2879 909 2943 ﬁdem,
931 2878 1268 2944 episcopatus
1292 2878 1558 2942 gratiam,
1581 2872 1816 2939 custodi,
1855 2872 2106 2926 devitans
2135 2871 2398 2942 profanas
2428 2887 2625 2925 vocum
2659 2871 2954 2934 novitates,
2982 2873 3280 2940 deceptivas
3300 2873 3764 2941 propositiones,et

506 2963 883 3042 oppositiones
910 2963 1037 3017 falsi
1066 2962 1312 3016 nominis
1341 2962 1606 3027 scientiae,
1638 2964 1833 3029 (artem
1857 2961 2207 3029 sophisticam
2234 2960 2387 3029 dicit)
2422 2976 2597 3030 quam
2628 2960 2859 3031 quidam
2884 2957 2974 3016 18.
2997 2960 3413 3031 promittentes,
3439 2962 3761 3029 proﬁtentes,

506 3052 656 3106 circa
685 3053 852 3107 ﬁdem
879 3052 1222 3119 exciderunt,
1256 3055 1321 3106 in
1353 3053 1596 3109 hareses.
1628 3050 1825 3105 Gratia
1849 3055 2056 3107 tecum.
2087 3049 2286 3102 Amen.

1858 3179 2458 3238 COMMENTARIUS.

578 3292 627 3347 3.
657 3294 901 3347 AMBROS.
928 3289 1032 3346 Sed
1056 3297 1346 3361 languens.
1387 3292 1741 3362 Languorem
1787 3287 1925 3345 dicit
1966 3286 2112 3359 cogi-
2128 3292 2167 3346 Α
2189 3289 2257 3342 In
2279 3288 2783 3354 adventquuem
2808 3288 3022 3345 scilicet
3040 3287 3346 3345 adventum
3365 3285 3589 3344 Domini
3604 3283 3767 3342 nostri

507 3383 786 3436 tationum
808 3398 1022 3448 eorum,
1046 3399 1112 3436 eo
1143 3382 1291 3452 quod
1324 3382 1706 3452 relinquentes
1725 3380 1995 3451 pietatem
2033 3378 2105 3432 ad
2187 3377 2216 3431 J
2222 3393 2320 3431 esu
2340 3378 2547 3432 Christi
2570 3379 2842 3438 ostendet.

507 3471 844 3540 quaestiones
868 3468 1283 3529 evolvebantur.
2265 3465 2349 3524 13.
2376 3468 2628 3523 AMBROS-
2665 3469 2914 3524 Ostendet
2958 3472 3164 3524 beatus.
3195 3469 3437 3523 Beatum
3478 3465 3680 3523 vocavit
3706 3462 3770 3518 ad

573 3560 627 3612 4.
657 3559 868 3612 LANFR.
890 3560 1369 3612 Emistimantium.
1395 3556 1803 3612 Existimabant
1817 3555 2104 3610 Christum
2188 3555 2670 3611 conﬁrmationem
2701 3557 3136 3612 invertibilitatis
3164 3564 3386 3612 naturae
3409 3557 3469 3611 in
3499 3556 3652 3610 nobis
3686 3554 3770 3607 fu-

505 3663 627 3702 esse
677 3647 975 3701 colendum
1020 3646 1414 3701 tantummodo
1457 3651 1686 3717 prepter
1736 3646 1893 3699 lucra
1934 3645 2105 3715 hujus
2188 3650 2349 3709 turea,
2385 3662 2506 3715 quae
2526 3645 2607 3699 illi
2629 3653 2715 3700 est
2743 3647 2797 3700 in
2818 3653 3023 3701 natura
3052 3646 3335 3717 potentiae.
3379 3645 3456 3701 Et
3495 3659 3681 3715 regem
3713 3657 3771 3695 ac

504 3737 649 3791 vitaz.
2187 3732 2497 3801 dominum,
2530 3734 2663 3805 quia
2691 3742 2890 3806 potens
2919 3742 3023 3801 est,
3060 3740 3119 3789 et
3147 3735 3433 3790 daemones
3463 3734 3766 3803 subjugare,

496 3878 505 3883 .
573 3825 610 3879 5
670 3826 945 3892 Quaestum
970 3842 1093 3879 esse.
1123 3823 1207 3878 Ab
1235 3824 1339 3877 hoc
1362 3840 1422 3878 se
1450 3823 1573 3894 pios
1603 3822 1887 3888 exhibent,
1906 3829 1971 3878 ut
1988 3828 2107 3877 ter-
2188 3826 2246 3875 et
2264 3827 2501 3876 mortem
2533 3822 2799 3878 adimere.
2820 3825 2888 3879 Et
2917 3824 3099 3879 lucem
3122 3824 3367 3894 habitat,
3398 3823 3532 3895 quia
3554 3834 3773 3893 corpora

502 3930 640 3968 rena
659 3919 1049 3984 assequuntur,
1078 3913 1279 3984 quibus
1309 3929 1410 3966 sua
1436 3929 1548 3966 non
1577 3912 1886 3967 sufﬁciunt
2187 3917 2509 3965 sanctorum
2533 3911 2854 3967 illustrabit.

572 4000 629 4058 6.
662 4003 961 4057 Estautem
995 4008 1245 4072 quaestus.
1290 4002 1461 4066 Quasi
1489 4001 1727 4055 diceret:
1763 4008 1848 4055 est
1873 4001 2101 4073 quidem
2260 3997 2343 4055 14.
2375 4002 2622 4056 Auansr.
2657 4003 2875 4069 (ibid.).
2908 4004 3418 4057 lmmortalitatcm.
3447 3994 3770 4055 Immortali-

501 4090 697 4162 religio
726 4090 1046 4146 Christiana
1066 4097 1332 4162 quaestus,
1365 4090 1464 4144 sed
1493 4106 1606 4143 non
1637 4091 1859 4161 qualem
1874 4090 1979 4161 ipsi
1993 4107 2098 4161 pu-
2182 4094 2359 4143 tatem
2385 4096 2576 4143 autem
2613 4089 2819 4144 dicitur
2845 4090 3051 4146 habere
3081 4092 3233 4145 solus
3281 4091 3457 4145 Deus.
3510 4090 3574 4144 In
3628 4083 3768 4141 omni

499 4186 643 4245 tant,
677 4181 776 4235 sed
804 4197 1063 4251 magnus,
1102 4180 1160 4235 id
1181 4186 1267 4234 est
1293 4184 1556 4234 aeternus.
2164 4177 2334 4232 enim
2364 4178 2623 4232 mutabili
2654 4184 2876 4246 natura,
2909 4181 3181 4235 nonnulla
3210 4196 3365 4233 mors
3395 4184 3484 4233 est
3512 4178 3633 4248 ipsa
3656 4188 3771 4228 mu-

571 4267 630 4325 7.
656 4272 839 4327 Radix
865 4274 1121 4324 omnium
1147 4270 1452 4334 malorum,
1474 4272 1578 4322 etc.
1610 4267 1879 4335 Avaritia,
1912 4267 1970 4322 id
1994 4273 2097 4335 est,
2181 4266 2356 4335 tatio;
2393 4266 2526 4338 quia
2554 4267 2686 4321 facit
2712 4268 2926 4339 aliquid
2946 4269 3004 4322 in
3037 4285 3104 4323 ea
3122 4285 3236 4323 non
3255 4285 3379 4323 esse
3404 4266 3554 4339 quod
3584 4268 3719 4320 erat.

501 4358 778 4429 cupiditas
804 4358 1126 4414 divitiarum
1156 4359 1327 4413 infert
1356 4358 1473 4413 haec
1501 4357 1683 4425 mala;
1718 4374 1821 4412 nec
1869 4357 2097 4424 mirum,
2252 4355 2342 4410 15.
2383 4356 2590 4411 Lassa.
2624 4357 3134 4426 Immortalitatem,
3165 4357 3220 4411 id
3248 4363 3333 4412 est
3363 4350 3775 4411 immutabilita-

503 4446 637 4517 quia
654 4448 928 4519 cupiditas
948 4449 1199 4502 omnium
1225 4452 1311 4502 est
1332 4447 1491 4501 radix
1513 4446 1810 4500 malorum.
2180 4449 2294 4498 tem
2323 4462 2336 4511 ;
2371 4443 2554 4498 omnis
2573 4445 2722 4499 enim
2743 4451 3004 4500 creatura
3027 4445 3332 4500 mutabilis.

575 4534 627 4589 8.
671 4536 916 4591 Aunaos.
943 4536 1178 4603 Quidam
1206 4539 1526 4605 appetentes.
1559 4534 1671 4589 Pro
1699 4534 1812 4588 illis
1842 4552 1965 4606 quae
1993 4534 2100 4589 sibi
2251 4529 2341 4588 46.
2388 4534 2569 4588 Videre
2594 4539 2769 4602 potest
2831 4535 2896 4589 In
2925 4534 3028 4588 hac
3056 4535 3172 4590 vita
3208 4533 3644 4605 intelligendum
3672 4531 3769 4591 est,

506 4622 849 4677 acciderunt.
2112 4680 2157 4692 _
2182 4637 2295 4675 non
2317 4637 2479 4692 posse
2498 4620 2568 4675 ab
2588 4621 2907 4676 hominibus
2937 4622 3111 4677 videri
3138 4623 3338 4678 Deum.
3373 4623 3523 4677 Nam
3564 4619 3633 4674 de
3676 4613 3779 4672 alia

574 4709 625 4767 9.
666 4712 744 4766 Tu
773 4717 979 4779 autem,
1012 4731 1041 4767 o
1065 4713 1223 4768 homo
1252 4713 1367 4766 Dei.
1417 4711 1625 4782 Aperte
1662 4710 1811 4766 visus
1842 4717 1929 4767 est
1974 4680 2160 4767 eumB
2185 4680 2453 4781 scriptum
2473 4716 2595 4765 est:
2629 4712 2931 4766 Videbimus
2959 4729 3085 4767 eum
3112 4715 3280 4767 sicuti
3318 4717 3417 4765 est.

504 4800 845 4866 exhortasse,
872 4801 1157 4856 hominem
1184 4800 1284 4855 Dei
1312 4800 1472 4854 illum
1501 4800 1709 4854 dicens.
2259 4796 2344 4853 17.
2395 4800 2730 4867 Depositum,
2782 4799 2839 4853 id
2890 4805 2996 4866 est,
3043 4799 3364 4872 spiritualia
3419 4795 3772 4857 charismata,

579 4886 662 4944 10.
694 4889 903 4944 LANFR.
927 4890 1039 4946 Sub
1066 4892 1278 4946 Pontio.
1301 4888 1536 4953 Quando
1569 4887 1725 4955 dixit,
1772 4889 1961 4944 Omnis
1999 4893 2101 4959 qui
2182 4904 2304 4960 quia
2325 4887 2426 4942 tibi
2445 4888 2596 4942 Deus
2624 4887 2919 4959 disposuit,
2950 4890 3009 4944 id
3030 4894 3118 4944 est
3154 4885 3601 4944 commendavit.

502 4982 816 5032 exveritate
844 4984 940 5045 est,
972 4979 1133 5032 audit
1159 4994 1338 5033 meam
1360 4994 1557 5038 vocem,
1584 4981 1688 5031 etc.
2213 5035 2221 5043 ,
2256 4976 2339 5035 18.
2375 4979 2712 5032 Ρωηίιθηιεε.
2774 4978 2943 5033 Ordo.
3003 4978 3263 5034 Scientiae
3312 4976 3409 5050 [f.,
3461 4966 3775 5043 scientiam]

577 5065 596 5122 1
619 5065 663 5123 l.
693 5068 1048 5135 Mandatum,
1083 5067 1140 5121 id
1169 5073 1272 5134 est,
1301 5064 1685 5137 evangelicum
1733 5071 2094 5138 praeceptum,
2176 5067 2307 5121 falsi
2333 5066 2574 5121 nominis
2599 5072 2791 5122 autem
2818 5067 3179 5139 sophisticam
3196 5066 3352 5133 dicit,
3380 5081 3510 5136 quae
3529 5062 3670 5117 falso
3690 5074 3781 5113 no-

500 5155 571 5211 de
597 5156 786 5228 quoin
806 5157 1024 5228 psalmo
1049 5175 1061 5211 :
1083 5159 1187 5212 Lex
1213 5158 1441 5211 Domini
1464 5156 1846 5210 immaculata.
2180 5156 2332 5211 mine
2351 5156 2586 5210 scientia
2613 5156 2819 5211 dicitur
2841 5177 2856 5227 ς
2886 5173 3015 5212 cum
3037 5172 3197 5211 error
3226 5161 3283 5210 et
3313 5153 3539 5209 fallacia
3576 5147 3777 5205 rectius

572 5244 661 5305 42.
689 5245 1166 5321 Ausus'r.(lib.1u
1196 5250 1388 5301 contra
1404 5245 1634 5299 Maxim.
1666 5242 1891 5311 Arian.,
1914 5260 1961 5298 c.
1982 5243 2093 5318 12).
2180 5246 2479 5301 diceretur.
