3936 6178
206 276 278 335 361
831 273 911 329 IN
950 272 1019 329 D.
1059 271 1277 330 PAULI
1317 272 1540 331 EPIST.
1582 272 1955 331 COMMENT.
1997 303 2063 316 --
2102 271 2329 330 EPIST.
2371 272 2423 330 II
2460 273 2557 330 AD
2594 273 2745 330 TIM.

361 611 910 711 EPISTOLA
975 612 1074 706 B.
1136 611 1482 705 PAULI
1541 610 2096 707 APOSTOLI
2156 610 2311 704 AD
2380 609 3059 708 TIMOTHEUM
3128 612 3241 711 Il.

783 793 973 858 CUM
1007 791 1589 856 INTERJEC'TIS
1629 793 1712 855 B.
1756 789 2265 854 LANFRANCI
2302 789 2791 865 GLOSSUL/S.

218 1116 223 1123 ι
246 1093 278 1152 ι
288 1082 961 1151 θιιΑῐισωίεκτωιᾸιεω
975 1083 1272 1138 Timotheo
1282 1082 1475 1137 scribit
1483 1083 1551 1137 de
1563 1083 1757 1138 exhor-

1897 1099 2030 1137 rum
2091 1082 2168 1137 sit
2219 1082 2564 1154 temporibus
2601 1083 2938 1151 novissimis,
2979 1090 3038 1140 et
3074 1084 3144 1140 de
3172 1102 3277 1142 sua
3302 1105 3432 1161 pas-

198 1176 366 1230 tatioue
377 1173 658 1247 martyrii,
673 1177 732 1228 et
751 1174 906 1228 omni
919 1173 1113 1244 regula
1133 1171 1408 1238 veritatis,
1438 1177 1497 1227 et
1524 1172 1657 1244 quid
1674 1172 1757 1226 fu-
1841 1172 1997 1226 sione
2024 1172 2273 1227 scribens
2292 1172 2344 1227 ei
2371 1173 2442 1227 ab
2463 1172 2600 1228 urbe
2629 1174 2828 1228 Roma.

1495 1288 1729 1342 CAPUT
1776 1287 2065 1342 PRIMUM
2077 1333 2092 1347 .

251 1389 438 1445 Paulus
464 1387 770 1459 Apostolus
793 1386 926 1469 Iesu
955 1384 1165 1440 Christi
1185 1400 1285 1455 per
1305 1384 1647 1438 voluntatem
1675 1381 1796 1447 Dei,
1828 1383 2136 1436 secundum
2186 1381 2229 1438 l.
2264 1383 2693 1454 promissionem
2718 1387 2858 1455 vitae,
2905 1390 3211 1458 (Apostolus
3232 1393 3438 1459 pradi-

195 1493 299 1531 rans
314 1479 738 1547 promissionem
761 1477 884 1528 vita:
911 1479 1142 1538 eterna,
1166 1474 1468 1527 secundum
1484 1473 1629 1541 quod
1643 1472 1899 1540 promisit
1922 1472 2084 1536 Deus)
2104 1487 2226 1542 quee
2242 1478 2327 1526 est
2350 1472 2408 1527 in
2430 1475 2653 1530 Christo
2682 1478 2710 1530 J
2716 1494 2834 1542 esu,
2859 1479 2921 1531 in
2947 1479 3054 1545 ﬁde
3083 1479 3308 1541 Christi,
3326 1495 3440 1534 non

195 1565 696 1631 mritis,Timotheo
715 1562 1047 1618 charissimo
1068 1560 1203 1629 ﬁlio,
1235 1559 1439 1630 gratia,
1471 1558 1874 1624 misericordia,
1910 1562 2094 1629 (causa
2125 1562 2274 1613 inter
2302 1563 2482 1626 emota
2509 1579 2612 1617 sua
2644 1567 2841 1632 posita,
2878 1567 2937 1618 id
2965 1570 3060 1631 est,
3090 1570 3355 1633 gratiam,
3390 1570 3437 1620 et

190 1655 365 1725 pacem)
393 1671 508 1726 pax
536 1671 573 1708 a
591 1655 707 1708 Deo
734 1652 919 1719 Patre,
944 1669 1008 1705 ar
1022 1668 1128 1720 quo
1146 1653 1369 1719 genitus
1397 1666 1524 1704 sum
1554 1653 1616 1704 in
1636 1650 1980 1713 Ecclesia,vet
1994 1650 2053 1701 in
2078 1664 2260 1702 massa
2281 1655 2599 1705 sanctorum
2623 1655 2879 1717 Patrum,
2910 1670 2977 1707 ea:
2999 1656 3199 1723 quibus
3222 1671 3368 1717 sum,
3383 1661 3443 1709 et

192 1741 382 1798 Christo
409 1745 552 1799 Jesu
569 1742 816 1797 Domino
845 1746 1056 1796 nostro.
1079 1739 1134 1797 2.
1168 1739 1393 1794 Gratias
1422 1755 1528 1809 ago
1555 1737 1795 1802 Deo,cui
1817 1736 2000 1790 servio
2029 1752 2063 1790 a
2082 1737 2532 1808 progenitoribus
2565 1743 2957 1808 meisxtnania,
2989 1748 3037 1797 et
3060 1746 3211 1809 aliis,
3229 1743 3287 1797 in
3308 1760 3442 1799 con-

194 1831 390 1886 scientia
416 1849 588 1904 pura,
624 1848 737 1886 non
762 1834 825 1885 in
854 1828 1308 1899 hypocrisi,quod
1330 1828 1451 1881 sine
1480 1825 1896 1880 intermissione
1917 1826 2047 1893 (ecce
2076 1828 2219 1879 unde
2246 1830 2461 1894 gratias
2490 1831 2625 1896 agit)
2651 1828 2888 1884 habeam
2920 1831 3005 1884 tui
3035 1832 3362 1886 memoriam
3384 1833 3444 1888 in

190 1921 509 1976 orationibus
537 1920 701 1986 meis,
732 1924 896 1974 nocte
924 1936 988 1973 ac
1016 1918 1109 1973 die
1132 1917 1460 1972 desiderans
1488 1922 1546 1970 te
1571 1914 1779 1971 videre.
1800 1930 2013 1969 memor
2035 1914 2411 1986 lacrymarum
2438 1919 2958 1983 tuarum,desictcrio
2985 1923 3096 1973 mei
3118 1924 3440 1986 e/I‘usarum,

192 2014 243 2062 ut
262 2010 457 2080 gaudio
484 2010 743 2081 implear,
777 2007 1220 2063 recordationem
1254 2005 1534 2076 accipiens
1561 2005 1686 2074 ejus
1716 2002 1869 2066 ﬁdei,
1900 2018 2023 2073 quae
2052 2008 2139 2057 est
2163 2002 2221 2057 in
2249 2008 2306 2057 te
2338 2020 2449 2058 non
2474 2005 2622 2070 ﬁcta,
2658 2022 2782 2076 quae
2813 2013 2871 2060 et
2899 2006 3172 2062 habitavit
3197 2009 3443 2079 primum

193 2099 358 2161 (bonus
381 2115 418 2152 a
453 2100 612 2153 bonis
636 2100 979 2166 progenitus)
1010 2096 1069 2150 in
1083 2096 1208 2150 avia
1233 2100 1329 2150 tua
1356 2094 1614 2161 Loide,et
1650 2098 1831 2146 matre
1858 2097 1959 2146 tua
1989 2092 2371 2164 Eunice,(non
2399 2095 2536 2161 facit
2558 2097 2892 2148 mentionem
2906 2099 3216 2165 patris,qui
3234 2101 3298 2151 in
3320 2114 3449 2165 gen-

191 2189 262 2239 tili
282 2203 469 2241 errore
497 2185 834 2256 permansit)
857 2191 1044 2241 certus
1073 2201 1198 2239 sum
1220 2190 1410 2238 autem
1441 2182 1590 2252 quod
1621 2187 1680 2236 et
1706 2181 1765 2235 in
1782 2187 1839 2235 te
1861 2182 2064 2235 habitet
2079 2182 2226 2249 ﬁdes.
2257 2182 2675 2253 Propterquam
2690 2199 2917 2238 causam
2945 2185 3219 2240 admoneo
3244 2191 3320 2253 te,
3342 2187 3449 2258 (hic

187 2276 352 2329 innuit
380 2293 519 2329 eum
542 2279 778 2345 pigrum
802 2277 987 2329 essein
1012 2275 1425 2343 praedicatione)
1458 2277 1524 2326 ut
1546 2270 1875 2324 ressuscites
1902 2271 2163 2339 (torpebat
2183 2273 2331 2324 enim
2351 2286 2467 2339 pra:
2496 2274 2707 2337 timore)
2742 2271 2793 2337 3,
2823 2272 2875 2329 4.
2910 2274 3154 2343 gratiam
3188 2275 3304 2341 Dei,
3331 2272 3449 2345 epi-

187 2368 426 2434 sropatus,
469 2381 598 2435 quae
626 2369 713 2418 est
744 2364 803 2417 in
825 2367 883 2417 te
908 2379 1010 2435 per
1036 2361 1453 2433 impositionem
1486 2370 1755 2413 manuum
1785 2374 2063 2412 mearum.
2096 2360 2220 2413 Non
2249 2361 2501 2413 debemus
2532 2364 2746 2427 timere,
2775 2362 2899 2417 Non
2926 2362 3075 2417 enim
3092 2363 3262 2439 ,dedit
3289 2364 3451 2419 nobis

182 2448 308 2504 Deus
332 2451 603 2523 spiritum
630 2451 868 2514 timoris,
904 2451 1002 2505 sed
1027 2451 1274 2515 virtutis,
1297 2455 1355 2504 et
1378 2447 1714 2510 dilectionis,
1735 2453 1793 2502 et
1819 2447 2162 2504 sobrietatis.
2193 2448 2320 2503 Noli
2349 2448 2542 2519 itaque
2564 2449 2914 2517 erubescere,
2944 2455 3160 2519 timere,
3190 2453 3451 2508 testimo-

179 2538 335 2604 nium,
352 2542 839 2610 przdicationem,
869 2539 1095 2594 Domini
1124 2538 1323 2599 nostri.
1347 2554 1528 2608 neque
1561 2553 1652 2590 me
1678 2536 1923 2591 vinctum
1944 2537 2086 2606 ejus,
2120 2553 2223 2605 pro
2248 2554 2304 2591 eo
2344 2542 2525 2603 I95
2553 2541 2924 2594 rinculatum.
2948 2541 2999 2595 5.
3033 2542 3141 2596 Sed
3169 2542 3454 2597 collabora.

190 2627 472 2699 Evangelio
494 2628 804 2683 secundum
833 2628 1099 2683 virtutem
1123 2627 1246 2689 Dei,
1264 2631 1433 2695 prout
1462 2627 1643 2679 virtus
1661 2626 1760 2679 Dei
1785 2627 2158 2693 opitulabitur
2187 2626 2303 2690 tibi,
2340 2626 2437 2696 qui
2459 2626 2852 2692 nosliberavit,
2883 2634 2941 2683 et
2967 2630 3020 2685 6.
3053 2632 3269 2684 vocavit
3299 2647 3452 2685 voca-

180 2717 314 2771 tione
342 2735 449 2773 sua
484 2724 820 2777 sancta,non
850 2717 1159 2772 secundum
1191 2732 1363 2787 Opera
1391 2714 1712 2779 nostra,sed
1743 2713 2051 2768 secundum
2083 2714 2429 2784 propositum
2453 2721 2703 2781 suum,et
2728 2719 3029 2770 secundum
3055 2718 3452 2789 gratiamque:

184 2804 304 2860 data
324 2813 411 2862 est
438 2808 608 2862 nobis
626 2824 663 2862 a
689 2809 792 2862 Deo
820 2807 879 2861 in
903 2806 1128 2862 Christo
1155 2807 1290 2860 Jesu
1314 2811 1445 2859 ante
1474 2810 1732 2874 tempora
1761 2802 2069 2867 saecularia,
2111 2806 2173 2856 in
2198 2804 2698 2871 praedestinatione.
2744 2804 3107 2859 Manifestata
3144 2811 3232 2860 est
3260 2813 3450 2861 autem

185 2909 321 2949 nunc
348 2899 413 2949 in
446 2902 691 2966 tempore
715 2898 1085 2966 plenitudinis
1112 2911 1213 2966 per
1240 2893 1715 2949 illuminationem
1743 2891 2047 2946 Salvatoris
2083 2891 2262 2945 nostri
2292 2892 2422 2945 Jesu
2454 2891 2683 2958 Christi,
2716 2893 2814 2962 qui
2843 2892 2895 2947 7.
2919 2894 3196 2948 destruxit
3224 2894 3453 2965 quidem

180 2988 426 3050 mortem,
458 2984 807 3039 illuminavit
825 2989 1020 3038 autem
1039 2983 1231 3048 vitam,
1261 2983 1646 3050 illuminanda
1666 2981 1812 3034 dedit
1842 2983 2036 3047 vitam,
2064 2986 2123 3035 et
2148 2980 2644 3052 incorruptionem,
2672 2982 2817 3036 hanc
2846 2985 3455 3055 incorruptibitem,per

179 3069 538 3144 Evangelium
563 3093 580 3140 ;
613 3073 673 3127 in
705 3091 816 3145 quo
842 3075 1194 3144 praedicando
1215 3072 1431 3144 positus
1458 3086 1582 3124 sum
1610 3086 1713 3139 ego
1750 3069 2097 3140 praedicator,
2130 3075 2186 3124 et
2212 3071 2515 3141 Apostolus
2539 3077 2596 3125 et
2624 3071 2893 3141 magister
2905 3072 3455 3146 gentium.0bquam

180 3176 394 3216 musam
432 3163 615 3218 etiam
645 3164 763 3217 haec
791 3165 1020 3218 vincula
1047 3162 1233 3234 patior
1265 3179 1278 3214 :
1312 3159 1411 3215 sed
1437 3157 1496 3215 8.
1530 3175 1644 3213 non
1673 3158 2002 3225 confundor,
2036 3175 2148 3213 non
2176 3161 2444 3213 erubesco.
2487 3159 2612 3215 Scio
2657 3160 2807 3215 enim
2847 3161 2937 3215 cui
2960 3161 3190 3229 credidi,
3215 3179 3319 3232 pro
3347 3181 3454 3233 quo

172 3253 364 3319 patior,
402 3254 465 3321 (α
493 3254 684 3307 simili
703 3253 993 3306 creditoris
1018 3252 1327 3321 sumptum)
1358 3256 1416 3304 et
1438 3254 1624 3303 certus
1652 3264 1798 3314 sum,
1816 3249 1961 3316 quod
1989 3263 2102 3301 non
2131 3264 2222 3302 ero
2251 3251 2543 3303 immunis.
2568 3247 2621 3306 9.
2654 3249 2787 3320 quia
2801 3255 2999 3320 potens
3028 3256 3115 3304 est
3137 3251 3455 3322 depositum

180 3354 376 3407 meum,
409 3342 566 3410 quod
593 3342 702 3395 sibi
737 3342 979 3410 deposui,
1024 3342 1084 3393 id
1124 3345 1218 3400 est,
1252 3356 1386 3409 opus
1417 3340 1639 3403 bonum,
1675 3338 1818 3406 quod
1845 3353 1937 3405 ego
1965 3339 2087 3406 feci,
2122 3354 2345 3393 servare
2378 3343 2430 3392 et
2460 3339 2688 3393 reddere
2717 3339 2776 3393 in
2801 3340 2962 3394 illum
2988 3339 3161 3394 diem.
3191 3341 3454 3397 Formam

180 3424 311 3482 habe
330 3445 620 3484 sanorum
646 3428 967 3496 verborum,
998 3431 1275 3484 cottabora
1314 3428 1629 3495 Evangelia,
1664 3427 1747 3480 uel
1779 3431 1885 3480 esto
1914 3426 2115 3480 habens
2159 3428 2404 3494 formam
2433 3429 2743 3490 verborum,
2771 3445 2890 3497 qua
2909 3433 3132 3496 sanant,
3168 3427 3252 3486 10.
3277 3447 3402 3502 quae
3421 3449 3458 3486 a

182 3530 261 3570 me
285 3519 507 3573 audisti
535 3519 599 3572 in
626 3518 736 3572 ﬁde
757 3519 1022 3583 habenda,
1041 3523 1100 3572 et
1124 3518 1182 3572 in
1210 3515 1602 3581 dilectione,in
1625 3515 1849 3569 Christo
1877 3515 1906 3569 J
1912 3532 2031 3570 esu.
2064 3515 2288 3571 Bonum
2316 3516 2653 3587 depositum,
2683 3518 2997 3572 doctrinam
3018 3535 3056 3574 a
3076 3535 3160 3574 me
3188 3537 3464 3582 commen.

184 3606 359 3662 datam
389 3610 521 3673 tibi,
556 3607 779 3662 custodi
806 3622 906 3679 per
937 3606 1208 3678 Spiritum
1231 3611 1511 3669 sanctum,
1535 3621 1636 3674 per
1662 3606 1951 3659 auxilium
1982 3606 2230 3674 Spiritus
2257 3609 2458 3674 sancti,
2489 3606 2585 3677 qui
2617 3605 2836 3661 habitat
2858 3607 2917 3661 in
2946 3607 3126 3662 nobis.
3162 3610 3226 3664 Ut
3257 3612 3458 3678 ﬁrmus

183 3698 445 3751 custodiat
481 3698 608 3763 hoc,
622 3698 757 3751 dicit
778 3713 794 3758 ;
828 3694 915 3752 11.
941 3695 1061 3750 Scis
1085 3696 1208 3761 hoc,
1234 3695 1383 3766 quod
1403 3694 1583 3749 aversi
1616 3699 1750 3748 sunt
1777 3710 1811 3747 a
1838 3710 1926 3747 me
1954 3709 2149 3749 omnes
2180 3696 2276 3767 qui
2305 3695 2363 3749 in
2391 3695 2526 3750 Asia
2552 3701 2707 3765 sunt,
2730 3713 2795 3750 ex
2826 3696 3028 3767 quibus
3056 3703 3144 3753 est
3171 3699 3459 3771 Phigellus

182 3788 232 3835 et
254 3784 673 3857 Hermogenes.
703 3785 811 3839 Det
837 3783 1277 3839 misericordiam
1302 3783 1574 3838 Dominus
1595 3781 1928 3854 Onesiphori
1957 3786 2074 3853 (qui
2099 3802 2134 3838 a
2156 3801 2238 3839 me
2266 3802 2377 3839 non
2405 3787 2665 3847 discessit,
2692 3802 2789 3840 nec
2820 3789 3064 3857 erubuit)
3091 3788 3303 3855 domui,
3325 3790 3461 3861 quia

176 3888 310 3944 ape
340 3892 440 3929 me
468 3873 851 3944 refrigeravit,
882 3875 1155 3928 risitando
1179 3889 1280 3939 me,
1308 3878 1357 3926 et
1385 3873 1515 3925 aliis
1537 3872 1730 3935 modis,
1766 3874 1824 3923 et
1857 3868 1935 3927 1'2.
1971 3878 2229 3928 catenam
2256 3889 2441 3929 meam
2466 3890 2579 3928 non
2605 3873 2863 3943 erubuit;
2905 3876 3028 3946 sed,
3057 3893 3187 3932 cum
3219 3878 3457 3933 Romam

1546 3984 2140 4043 COMMENTARIUS.

223 4096 388 4153 CAP.
431 4098 485 4156 Ι.
540 4125 617 4141 -
646 4098 705 4152 1.
740 4097 987 4154 Αυρῦετ.
1028 4098 1451 4152 Promissionem
1481 4095 1626 4159 vitae,
1671 4093 1778 4147 hoc
1798 4104 1991 4158 Acens
2024 4112 2036 4147 :
2079 4096 2253 4150 Venite
2281 4097 2356 4150 ad
2389 4113 2487 4159 me,
2523 4112 2706 4151 omnes
2741 4099 2841 4165 qui
2872 4098 3135 4152 laboratis
3160 4102 3207 4153 et
3240 4103 3459 4155 onerati

163 4191 273 4241 ﬁt:
298 4187 630 4260 Apostolus
642 4191 867 4241 creatus
895 4202 1041 4254 sum,
1068 4190 1140 4240 ut
1161 4184 1457 4257 praedicem
1486 4182 1658 4236 vitam
1679 4195 1780 4252 per
1862 4187 2004 4248 estis,
2035 4189 2085 4238 et
2100 4201 2194 4253 ego
2222 4201 2311 4239 vos
2340 4189 2669 4255 requiescere
2690 4186 2927 4253 faciam.

163 4272 452 4363 θῗξτίδῒιιω
480 4272 853 4363 Promissa")-
892 4362 899 4363 ί
1134 4362 1145 4363 7
1342 4358 1354 4363 _
1516 4357 1527 4363 _
1724 4356 1740 4363 _
1934 4290 1986 4347 7.
2032 4294 2329 4353 Destruwit,
2368 4291 2426 4346 id
2458 4295 2562 4358 est,
2594 4291 2885 4363 perspicue
2917 4292 3163 4348 ostendit
3190 4291 3286 4348 ubi
3314 4300 3462 4352 esset
3527 4337 3535 4343 ρ

221 4360 275 4417 2.
307 4364 552 4419 Gratias
581 4380 711 4452 ago.
746 4362 970 4418 Gratias
995 4378 1101 4433 ago
1130 4362 1245 4417 Deo
1269 4358 1358 4414 cui
1387 4357 1568 4452 servio
1591 4375 1605 4425 ;
1628 4356 1779 4412 unde
1860 4381 1975 4437 vita
1996 4386 2054 4435 et
2075 4381 2379 4452 corruptio.
2550 4356 2557 4358 '
2594 4356 2614 4363 ’
2724 4356 2746 4363 ’
2874 4374 2879 4377 ‘

3317 273 3535 336 362*

154 4449 250 4505 hoc
276 4453 362 4507 ita
392 4470 465 4508 se
505 4450 687 4507 habet
719 4470 733 4507 :
767 4452 1034 4523 quoniam
1062 4450 1183 4505 sine
1210 4447 1629 4504 intermissione
1658 4463 1778 4500 me-

154 4541 387 4596 moriam
414 4541 515 4596 tui
546 4541 726 4596 habeo
753 4541 814 4595 in
830 4538 1199 4595 orationibus.
1229 4538 1379 4593 Ordo
1401 4542 1487 4590 est
1520 4554 1531 4589 :
1558 4534 1781 4589 Gratias

150 4644 243 4698 ago
298 4646 553 4685 memor
600 4630 979 4701 lacrymarum
1029 4633 1282 4691 tuarum,
1313 4631 1378 4680 ut
1422 4624 1629 4696 gaudio
1672 4624 1781 4677 im-

150 4718 313 4787 ple-ar,
336 4727 411 4775 ut
434 4736 570 4776 non
598 4735 846 4785 causam,
869 4718 967 4773 sed
992 4717 1141 4789 quod
1169 4715 1444 4787 sequitur,
1476 4714 1776 4785 signiticet.

204 4808 259 4863 3.
297 4810 590 4865 Gratiam
618 4810 733 4863 Dei.
769 4806 1028 4862 Divinam
1057 4805 1420 4861 donationem
1461 4804 1522 4858 in
1558 4803 1782 4858 ordina-

145 4896 288 4952 tione
313 4913 697 4955 concessam.

202 4992 255 5043 4.
276 4988 525 5046 [ματη.
555 4987 813 5043 Gratiam
840 4987 960 5041 Dei.
996 4984 1252 5040 Gratiam
1283 4983 1638 5056 episcopatus
1676 4981 1781 5036 ad—

145 5084 328 5133 monet
354 5095 513 5133 eum
552 5077 938 5138 ressuscitare,
982 5081 1047 5130 ut
1091 5073 1466 5129 confidentius
1516 5070 1781 5143 praedicet

145 5164 373 5221 tabum
415 5163 566 5230 Dei,
609 5180 722 5218 non
749 5164 957 5219 timens
1004 5168 1261 5217 terrenas
1305 5164 1630 5232 potestates,
1675 5175 1779 5212 nec

143 5253 495 5309 erubescens
531 5268 601 5306 se
629 5251 814 5307 dicere
837 5252 1174 5324 discipulum
1202 5249 1470 5314 cruciﬁxi,
1488 5254 1546 5302 et
1559 5248 1728 5301 vincti
1761 5265 1775 5315 ;

143 5342 590 5417 aliquantisper
624 5342 775 5396 enim
802 5342 1037 5396 timidus
1056 5345 1114 5395 et
1137 5340 1429 5410 negligens
1454 5343 1594 5392 erat.

203 5435 256 5488 5.
286 5438 586 5490 Λῠοῠετ.
618 5432 724 5487 Sed
750 5432 1054 5488 collabora.
1107 5429 1184 5484 Ut
1211 5428 1480 5501 praedices
1518 5427 1783 5481 virtutem

143 5519 251 5590 Dei,
287 5523 397 5597 qui
425 5538 559 5580 nos
590 5521 768 5576 salvos
796 5521 949 5575 fecit.

202 5615 257 5672 6.
292 5616 545 5674 Luam.
594 5612 804 5666 Voeavit
832 5612 1130 5679 vocatione,
1159 5608 1219 5665 id
1247 5613 1354 5676 est,
1394 5605 1666 5674 invitavit,
1705 5604 1785 5660 di-

435 5715 727 5775 PATBOL.
757 5709 878 5775 CL.

1935 4470 1987 4526 8.
2020 4472 2270 4528 Aunaos.
2299 4471 2423 4524 Non
2453 4472 2783 4539 confundor.
2814 4470 2962 4525 Bene
2986 4470 3179 4542 posuit
3199 4488 3309 4528 non
3340 4490 3462 4529 con-

1864 4568 2093 4637 fundor,
2128 4566 2262 4637 quia
2290 4566 2507 4621 dixerat
2527 4583 2639 4623 non
2665 4569 2963 4622 erubescas-

1934 4673 1988 4729 9.
2022 4675 2216 4728 Potens
2246 4678 2320 4727 est
2345 4674 2671 4742 depositum,
2702 4672 2761 4727 id
2791 4679 2895 4740 est,
2940 4674 3246 4745 perfectam
3290 4677 3463 4750 spiri-

1860 4766 1955 4817 tus
1989 4761 2254 4833 gratiam,
2287 4760 2345 4814 in
2370 4777 2482 4832 qua
2508 4778 2606 4833 spe
2635 4761 2707 4815 ad
2750 4778 2996 4833 praesens
3040 4762 3185 4817 hanc
3229 4765 3464 4837 spiritus

1860 4850 2126 4921 gratiam,
2158 4854 2224 4904 ut
2250 4848 2452 4921 pignus
2477 4851 2561 4903 vel
2591 4850 2840 4917 arrham,
2862 4851 3103 4906 assecuti
3132 4868 3350 4908 sumus.

1933 4940 2021 4996 10.
2061 4938 2275 4993 LANFR.
2329 4940 2455 5006 Qua
2495 4955 2529 4991 a
2576 4955 2660 4993 me
2696 4941 2924 4998 audisti.
2950 4939 3008 4993 id
3034 4946 3143 5011 est,
3170 4958 3297 4996 cum
3331 4942 3466 4997 insi-

1861 5014 2098 5082 nuarem
2128 5027 2298 5081 ﬁdem
2325 5034 2383 5081 et
2408 5026 2763 5082 dilectionem
2794 5045 2917 5099 quae
2943 5036 3164 5100 oportet
3192 5031 3463 5087 baberiin

1859 5118 1969 5172 ﬁde
1988 5116 2195 5172 Christi
2224 5117 2377 5171 Jesu.

1930 5224 2020 5279 11.
2045 5224 2164 5281 Scis
2193 5225 2344 5277 enim
2373 5225 2535 5292 quod.
2569 5224 2653 5279 Ad
2676 5226 2779 5280 hoc
2804 5225 2855 5280 ei
2877 5225 3014 5280 istos
3036 5232 3459 5296 commemorat,

1862 5319 1927 5369 ut
1957 5320 2014 5369 et
2044 5314 2164 5385 ipse
2189 5321 2389 5370 cautus
2421 5314 2513 5381 sit,
2546 5330 2618 5369 ne
2647 5314 2911 5368 similiter
2937 5330 3059 5368 sese
3080 5320 3316 5368 avertat.

1799 5388 1843 5446 Β
1934 5423 2025 5481 12.
2061 5423 2323 5479 Catenam
2358 5439 2539 5478 meam
2599 5422 3020 5492 Consequenter
3054 5421 3161 5476 hoc
3184 5420 3460 5492 adjunxit,

1864 5513 1998 5585 quia
2043 5513 2115 5566 ad
2160 5511 2604 5567 exhortationem
2635 5510 2755 5581 ejus
2782 5508 3018 5581 dixerat,
3042 5526 3146 5565 nec
3167 5509 3464 5569 erubescas

1865 5602 2257 5660 testimonium
2292 5598 2538 5657 Domini.

3142 5699 3212 5762 12
