3852 6178
1381 296 1442 362 Β,
1485 295 1901 364 LANFBANCI
1943 292 2302 363 ΟΛΝἸἮᾼΒ.
2344 293 2682 362 ᾼΕΟΗΙΕΡ.

3558 301 3646 370 364

444 426 706 491 venisset,
738 421 972 478 sollicite
1001 436 1091 474 me
1116 418 1367 491 quaesivit
1398 425 1454 474 et
1483 420 1710 473 invenit.
1739 419 1847 471 Det
1869 417 1947 470 illi
1980 416 2251 470 Dominus
2287 418 2444 468 Pater
2475 417 2724 470 invenire
2758 416 3207 471 misericordiam
3238 435 3269 470 a
3292 419 3501 475 Domino
3525 429 3652 492 apud

449 519 748 576 Christum,
789 515 921 582 quia
967 526 1124 563 omne
1157 511 1442 577 judicium
1489 511 1634 562 dedit
1678 512 1837 562 Pater
1870 508 2024 566 Filio,
2047 505 2138 562 13.
2172 506 2228 558 in
2259 505 2357 558 illa
2385 505 2494 558 die.
2528 505 2602 559 Et
2631 512 2839 576 quanta
2872 507 3075 576 Ephesi
3100 507 3416 562 ministravit
3441 512 3576 576 mihi,
3601 520 3654 567 tu

447 607 650 661 melius
675 603 841 680 nosti,
878 617 1047 670 quam
1068 603 1192 666 alii,
1229 605 1284 654 tu
1319 603 1469 662 enim
1492 602 1779 663 intereras,

1919 684 2152 739 CAPUT
2181 679 2258 739 II.

516 784 601 837 Tu
631 799 784 852 ergo,
815 781 894 835 ﬁli
926 780 1023 843 mi,
1047 781 1181 846 quia
1211 781 1299 834 illi
1321 780 1700 836 discesserunt.
1737 775 2048 836 confortare
2071 774 2125 827 in
2155 773 2336 843 gratia
2379 789 2500 843 qua:
2523 773 2683 825 estin
2717 774 3102 840 ChristoJesu,
3134 779 3187 828 in
3205 779 3301 843 ﬁde.
3322 779 3509 831 Christi
3525 781 3663 832 Jesu:

449 873 498 926 1.
534 878 591 926 et
622 889 743 942 quae
767 869 972 923 audisti
1007 885 1036 921 a
1070 884 1159 920 me
1183 864 1238 922 ‘2.
1273 883 1372 934 per
1402 865 1606 918 multos
1628 871 1818 922 testes,
1841 864 2198 931 prmeutibus
2234 865 2422 914 multis
2456 863 2697 918 testibus.
2715 863 2830 915 haec
2851 865 3181 917 commenda
3205 866 3443 919 fidelibus
3461 867 3666 921 homini-

446 961 574 1029 bus,
603 961 696 1032 qui
718 958 902 1012 idonei
934 963 1098 1011 erum
1124 962 1181 1008 et
1206 955 1344 1008 alios
1369 955 1586 1007 docere,
1623 952 1842 1008 Labore
1876 953 2021 1008 sicut
2050 950 2226 1008 bonus
2258 951 2418 1006 miles
2450 951 2654 1004 Christi
2686 952 2840 1014 Jesu,
2867 969 2975 1005 non
3009 956 3307 1021 implicitus
3335 958 3667 1008 saecularibus.

445 1053 623 1106 Nemo
652 1050 900 1104 militans
928 1048 1044 1100 Deo
1076 1044 1346 1114 implicat,
1375 1045 1520 1095 debet
1555 1045 1862 1110 implicare,
1893 1058 1951 1094 se
1984 1041 2221 1109 negotiis
2253 1039 2633 1101 szecularibus,
2667 1047 2727 1094 ut
2755 1041 2824 1103 ei,
2855 1043 2957 1094 Deo
2982 1043 3218 1112 placeat,
3249 1044 3338 1112 qui
3357 1061 3410 1097 se
3431 1044 3668 1114 probavit,

444 1143 789 1210 placiturum
819 1138 994 1201 elegit.
1030 1132 1080 1186 3.
1113 1134 1254 1185 Nam
1301 1136 1357 1184 et
1394 1130 1487 1200 qui
1522 1135 1701 1182 certat
1742 1129 1796 1183 in
1826 1145 2028 1198 agone,
2061 1145 2172 1182 non
2202 1128 2580 1193 coronabitur,
2609 1132 2716 1183 nisi
2748 1130 2996 1199 legitime
3027 1132 3336 1184 certaverit.
3366 1133 3416 1196 ι,
3449 1131 3497 1187 5.
3524 1132 3676 1185 Labo-

443 1234 663 1282 rantem
694 1224 997 1295 agricolam
1027 1225 1250 1291 oportet
1277 1219 1516 1288 primum
1545 1219 1614 1271 de
1643 1216 1914 1270 fructibus
1944 1218 2247 1288 percipere.
2283 1221 2452 1285 Quasi
2485 1221 2844 1286 melap/mriee
2874 1223 3082 1288 loquor,
3117 1221 3370 1290 Intellige
3387 1237 3502 1289 quae
3531 1222 3668 1276 dico:

444 1316 600 1370 dabit
633 1315 783 1368 enim
814 1318 860 1365 et
890 1313 1053 1379 faciet
1084 1309 1184 1362 tibi
1209 1309 1478 1362 Dominus
1505 1308 1562 1360 in
1589 1307 1848 1360 omnibus
1878 1307 2244 1366 intellectum.
2274 1307 2492 1360 Memor
2521 1313 2639 1360 esto
2667 1309 2966 1361 Dominum
2989 1310 3180 1362 Jesum
3214 1310 3487 1362 Christum
3513 1327 3676 1363 resur-

441 1405 651 1466 rexisse
683 1401 986 1464 amortuis.
1021 1405 1220 1462 uatum
1251 1414 1316 1451 ex
1345 1397 1557 1460 semine
1577 1396 1770 1458 David,
1803 1396 2108 1448 secundum
2135 1397 2493 1466 Evangelium
2519 1413 2728 1464 meum,
2751 1397 2807 1450 in
2831 1413 2939 1467 quo
2961 1397 3151 1456 laboro
3169 1400 3509 1466 pradz’cmulo
3528 1416 3681 1469 usque

441 1495 512 1558 ad
544 1493 894 1561 vincula,quo
921 1506 1089 1557 usque
1107 1488 1514 1557 rineiar,quasi
1535 1487 1680 1548 male
1699 1502 1936 1556 operans
1969 1503 1980 1537 :
2013 1487 2121 1551 Ego
2141 1487 2359 1552 quidem
2394 1486 2663 1552 ligonsed
2693 1486 2922 1539 verbum
2946 1487 3044 1540 Dei
3065 1487 3120 1541 ϋ.
3144 1504 3258 1541 non
3287 1494 3370 1541 est
3397 1488 3676 1558 alligatum.

441 1583 596 1653 Ideo,
634 1588 694 1636 ut
723 1581 1084 1646 Evangelium
1110 1578 1420 1646 praedicem,
1455 1575 1645 1630 omnia
1669 1573 1917 1628 sustineo
1949 1580 2178 1644 propter
2208 1573 2412 1626 electos
2435 1575 2824 1640 sali'anrlos,ut
2840 1579 2896 1627 et
2921 1575 3026 1644 ipsi
3057 1575 3318 1636 salutem,
3340 1591 3450 1628 rem
3463 1579 3684 1629 issimzem

432 1670 1474 1744 peccatorum.consequanlumqumest
1504 1665 1560 1718 in
1593 1664 1814 1718 Christo
1839 1665 2122 1726 Jesu,cum
2144 1661 2324 1732 gloria
2353 1662 2583 1723 caelesti,
2617 1665 2933 1724 sali/(mmet
2960 1666 3200 1730 gloriam
3228 1665 3685 1729 /'uturam.Fidelis

438 1778 646 1833 sermo,
678 1775 838 1830 quem
873 1759 1011 1817 dixi,
1047 1760 1093 1807 et
1119 1757 1376 1808 dicturus
1408 1771 1552 1813 sum,
1583 1758 1642 1806 ut
1665 1756 1898 1806 salutem
1935 1756 2369 1821 consequantur;
2404 1753 2546 1817 quod
2579 1755 2627 1803 et
2653 1753 2858 1816 facient
2885 1769 2898 1812 ;
2933 1768 3061 1812 nam
3091 1752 3135 1804 si
3164 1752 3495 1806 commortui
3518 1770 3689 1806 sumus

437 1853 672 1910 Christo.
702 1852 759 1901 et
785 1846 1161 1914 convivemus,
1187 1843 1232 1895 si
1265 1841 1843 1906 sustinebimus,sie:'t
1873 1842 1983 1908 ille,
2011 1847 2067 1892 et
2087 1837 2554 1906 conregnabimus
2580 1857 2591 1899 ;
2622 1838 2668 1892 si
2691 1839 3098 1908 negaverimus,
3123 1846 3179 1893 et
3209 1840 3304 1893 ille
3334 1839 3684 1909 negabitnos;

436 1943 487 2008 si
517 1957 628 2002 non
664 1937 966 1996 credimus.
993 1935 1022 1988 7
1041 1979 1052 1990 .
1096 1933 1187 1986 ille
1214 1932 2054 2002 ﬁdelis,reraa,permanet,(qui
2081 1930 2363 1981 erubuerit
2396 1944 2478 1980 mc
2507 1943 2693 1980 eorum
2719 1929 3110 1990 hominibus,et
3139 1945 3233 1997 ego
3259 1946 3385 1982 cum
3406 1931 3694 1984 erubescam

435 2046 625 2097 param
678 2030 839 2090 Patre
883 2023 1023 2092 meo)
1053 2038 1258 2093 negare
1293 2038 1352 2074 se
1382 2021 1564 2092 ipsum
1593 2037 1701 2078 non
1731 2024 1933 2088 potest.
1969 2018 2096 2072 Haec
2122 2033 2436 2076 commone,
2481 2016 2788 2080 testiﬁcans
2817 2033 3003 2082 coram
3035 2016 3298 2076 Domino.
3329 2023 3508 2071 testem
3531 2020 3684 2071 Deum

434 2120 722 2188 adhibens.
754 2114 881 2170 Noli
912 2112 1248 2173 contendere
1279 2110 1458 2164 verbis
1486 2129 1498 2176 ;
1523 2110 1592 2162 ad
1623 2109 1759 2162 nihil
1801 2108 1950 2162 enim
1983 2105 2438 2168 utileest,nisiad
2455 2105 2874 2158 subvru'sionem
2898 2106 3394 2174 audientium,ni'si
3425 2108 3696 2160 contende:

438 2213 499 2274 ut
530 2209 827 2270 conrertas,
864 2203 1008 2269 nihil
1040 2204 1178 2262 utile
1203 2205 1295 2252 est.
1323 2198 1567 2260 Sollicita
1589 2206 1776 2251 autem
1809 2214 1944 2250 cura
1973 2196 2211 2267 teipsum
2230 2193 2572 2264 probabilem
2604 2194 2864 2248 exhibere
2890 2195 3025 2258 Deo,
3062 2196 3388 2266 operarium
3415 2195 3700 2248 inconlusi-

434 2296 624 2363 bilem,
653 2310 767 2359 non
797 2293 1190 2346 erubescentem
1211 2289 1526 2357 praedicare,
1555 2293 1703 2340 recte
1733 2291 2069 2340 tractantem
2102 2283 2332 2336 verbum
2359 2283 2625 2336 veritatis.
2661 2283 2900 2336 Profana
2923 2290 3115 2338 autem
3132 2287 3316 2350 verba,
3334 2291 3391 2336 et
3403 2283 3702 2354 vaniloquia

432 2385 650 2452 devita;
701 2382 941 2450 multum
994 2378 1144 2433 enim
1192 2377 1493 2448 proﬁciunt
1543 2377 1613 2429 ad
1660 2375 2006 2446 impietatem
2038 2391 2048 2426 :
2085 2379 2140 2426 et
2183 2389 2366 2426 sermo
2412 2389 2605 2433 eorum
2655 2379 2719 2426 ut
2763 2371 2814 2427 8.
2862 2389 3060 2426 cancer
3104 2376 3380 2441 (morbus)
3420 2371 3615 2443 serpit;
3647 2388 3703 2424 ex

432 2475 636 2546 quibus
688 2477 773 2537 est
828 2472 1183 2540 Hymenzeus,
1237 2473 1293 2522 et
1338 2466 1605 2533 ,Philetus,
1648 2465 1742 2534 qui
1785 2482 1818 2518 a
1868 2463 2100 2528 veritate
2152 2461 2494 2523 exciderunt,
2533 2465 2637 2526 (vel
2685 2465 2820 2532 quia
2859 2465 3077 2514 nullius
3116 2464 3480 2526 crediderunt
3525 2475 3698 2514 resur-

434 2565 749 2628 rectionem,
787 2560 900 2612 nisi
930 2558 1152 2623 Christi.
1184 2557 1265 2610 rel
1290 2557 1403 2610 nisi
1427 2557 1715 2607 mortalem
1739 2556 1800 2605 in
1832 2552 2111 2619 baptismo)
2141 2550 2390 2602 dicentes
2414 2549 2468 2603 9.
2503 2551 2966 2609 resurrectionem
2991 2567 3110 2604 esse
3138 2552 3264 2622 jam
3312 2553 3702 2624 ‘96-‘97

429 2653 656 2719 tactam,
690 2650 904 2704 Christo
935 2649 1246 2712 resurgmte
1277 2659 1406 2695 cum
1439 2641 1789 2710 quibusdam,
1829 2642 1907 2692 rel
1933 2643 1990 2691 ίη
2019 2639 2302 2705 baptismo,
2334 2644 2390 2690 et
2419 2638 2812 2706 subverterunt
2836 2641 3214 2711 quorumdam
3247 2641 3442 2694 Iidem.
3479 2639 3582 2692 Sed
3605 2639 3707 2706 (qui

432 2741 699 2806 templum
728 2736 826 2789 Dei
849 2736 998 2799 sunt)
1028 2730 1116 2796 '10,
1152 2729 1234 2785 ll.
1271 2731 1494 2793 ﬁrmum
1517 2728 1943 2782 fundamentum
1973 2727 2072 2780 Dei
2097 2727 2370 2797 stat,(eeee
2385 2744 2487 2779 cur
2507 2730 2760 2794 ﬁrmum)
2786 2729 2996 2786 habens
3019 2729 3385 2799 signaculum
3407 2728 3714 2794 hoc,~muni-

432 2831 679 2890 ment-um
708 2825 803 2877 hoc
833 2823 977 2892 quod
1005 2838 1039 2874 α
1071 2822 1172 2874 Deo
1201 2823 1604 2888 cognoscuntur
1627 2819 1923 2870 secundum
1945 2817 2482 2884 praetestintitionem
2504 2818 3074 2888 ;cognovitDominus
3088 2818 3186 2892 qui
3218 2824 3359 2882 sunt
3382 2819 3592 2886 ejus;e:
3609 2817 3712 2868 ideo

427 2919 537 2985 stat
557 2933 576 2982 ί
611 2917 687 2980 et,
718 2911 971 2974 discedat
993 2909 1063 2963 ab
1089 2907 1388 2981 iniquitate
1420 2907 1602 2971 omnis
1629 2905 1724 2978 qui
1753 2906 1974 2958 invocat
1995 2921 2199 2960 nomen
2231 2905 2474 2958 Domini.
2509 2906 2596 2960 12.
2630 2907 2693 2972 In
2723 2924 2928 2976 magna
2957 2914 3145 2961 autem
3169 2908 3372 2972 dumo,
3405 2924 3520 2970 non
3548 2905 3719 2972 solum

1775 3011 2174 3068 COMMENTA
2186 3012 2370 3066 RIUS.

500 3125 584 3182 (3.
622 3127 687 3179 In
707 3127 809 3179 illa
837 3126 943 3179 die.
975 3122 1148 3187 Quasi
1171 3121 1384 3174 diceret
1413 3132 1426 3168 ε
1459 3120 1528 3172 de
1560 3136 1670 3189 quo
1702 3135 1924 3189 semper
1953 3119 2086 3178 lo-A
2113 3136 2263 3185 suos,
2298 3135 2558 3191 magnam
2605 3120 2662 3174 in
2693 3120 2880 3174 orbem
2924 3128 3214 3176 terrarum
3248 3124 3513 3177 futuram
3547 3121 3725 3175 Eccle-

427 3229 572 3284 φλοι-
599 3219 805 3268 tecum.

497 3303 656 3357 CAP.
691 3303 762 3355 ΙΙ,
796 3331 852 3342 -
887 3301 940 3354 1.
975 3301 1226 3355 AMBROS.
1260 3301 1386 3366 0in
1431 3298 1643 3350 audisti
1689 3312 1723 3349 a
1764 3313 1868 3349 me.
1893 3298 2026 3361 Quae

424 3389 636 3444 audisti
679 3406 712 3442 a
759 3405 868 3452 me,
916 3388 1240 3458 frequenter
1277 3389 1416 3441 alios
1446 3387 1685 3440 docere:
1736 3387 1839 3438 hoc
1870 3386 2021 3451 dicit,

422 3495 525 3550 per
543 3481 744 3537 multos
759 3483 928 3531 testes.

499 3567 554 3622 θ.
604 3567 985 3621 LANFRANGUS.
1019 3568 1118 3619 Per
1145 3567 1348 3617 mullos
1376 3569 1548 3620 testes.
1582 3563 1692 3616 Per
1720 3563 1943 3628 multos,
1970 3563 2026 3616 id

429 3663 534 3722 est,
565 3655 716 3712 inter
741 3656 965 3708 multos.
1005 3655 1079 3708 Ut
1117 3653 1382 3723 Virgilius
1414 3670 1424 3704 :
1465 3653 1568 3705 Via
1599 3657 1748 3705 secta
1778 3669 1877 3722 per
1905 3669 2026 3705 am-

427 3745 551 3810 bas,
574 3745 631 3800 id
663 3748 767 3808 est,
800 3745 948 3798 inter
977 3742 1185 3802 ambas.
1221 3743 1319 3795 Vel
1347 3743 1425 3794 ita
1459 3756 1612 3811 tque:
1637 3741 1844 3796 audisti
1877 3759 1910 3795 a
1938 3759 2028 3795 me

425 3840 565 3896 sunt
579 3833 818 3905 prebata
857 3849 958 3903 per
995 3833 1205 3886 multos
1238 3837 1426 3896 testes,
1453 3831 1507 3884 id
1538 3847 1638 3900 per
1665 3831 1844 3885 multa
1867 3831 2028 3885 testi-

424 3924 624 3977 monia
654 3923 1090 3993 Seripturarum.

505 4013 556 4066 3.
591 4013 794 4067 LANFR.
823 4012 967 4065 Nam
987 4013 1085 4078 qui
1107 4013 1278 4063 certat
1298 4011 1357 4061 in
1381 4025 1571 4076 agone.
1600 4010 1765 4062 Certa
1784 4008 2032 4077 legitime

433 4109 498 4167 ut
522 4101 823 4166 coroneris,
862 4118 895 4153 a
923 4099 1203 4154 contrario
1248 4116 1258 4150 :
1302 4098 1468 4151 aliter
1512 4115 1623 4152 non
1653 4097 2028 4162 coronaberis,

433 4208 469 4245 a
496 4190 700 4246 simili:
745 4191 884 4244 Nam
916 4193 1200 4258 quieertal
1233 4191 1293 4240 in
1308 4204 1495 4250 agone,
1534 4191 1638 4240 etc.

505 4281 559 4333 4.
592 4283 841 4342 ΑλιΒΒοε.
874 4280 1254 4331 Laborantem.
1292 4275 1433 4339 Quia
1466 4277 1723 4328 hortatus
1754 4279 1839 4328 est
1883 4280 1944 4328 ut
1976 4275 2034 4327 in

433 4369 530 4423 illa
559 4367 988 4421 sollicitudinem
1013 4365 1080 4419 de
1110 4365 1470 4418 saecularibus
1499 4364 2033 4423 liabeat,necessitas

2111 3210 2275 3272 siam,
2301 3217 2358 3263 et
2385 3211 2654 3280 populum
2677 3211 2972 3280 grandem,
2989 3211 3044 3264 in
3074 3229 3187 3281 quo
3208 3213 3545 3265 laudandus
3567 3213 3724 3263 esset.

2111 3298 2168 3352 Si
2198 3316 2352 3368 ergo,
2389 3299 2589 3369 inquit,
2630 3316 2729 3352 nos
2762 3317 2870 3353 non
2913 3301 3240 3369 credimus;
3278 3303 3379 3355 ille
3420 3309 3617 3356 tamen
3652 3314 3735 3350 ve-

2109 3403 2207 3440 rax
2228 3395 2334 3456 est,
2370 3388 2637 3458 seipsum,
2667 3388 2723 3441 id
2753 3396 2856 3451 est,
2883 3388 3050 3442 verba
3080 3407 3186 3443 sua
3215 3407 3254 3443 a
3289 3408 3353 3444 se
3388 3391 3612 3461 prolata
3643 3405 3735 3442 ne-

2108 3493 2242 3546 gare
2270 3493 2378 3530 non
2411 3483 2611 3546 potest,
2636 3477 2965 3532 inventurus
2987 3479 3128 3532 alios
3157 3497 3270 3550 per
3289 3497 3440 3551 quos
3463 3489 3522 3534 et
3548 3481 3607 3533 in
3632 3478 3743 3550 qui-

2110 3565 2214 3618 bus
2241 3567 2518 3619 laudetur.

2181 3653 2234 3710 8.
2292 3656 2511 3709 (Iancer.
2575 3655 2798 3709 Morbus
2845 3656 2915 3710 ad
2960 3656 3418 3714 similitudinem
3465 3656 3743 3718 animalis,

2111 3744 2244 3815 quia
2274 3744 2419 3797 sicut
2447 3745 2694 3815 undique
2726 3745 2817 3797 hic
2846 3745 3011 3799 habet
3034 3747 3234 3817 pedes,
3255 3749 3346 3802 ita
3376 3749 3473 3802 hic
3504 3748 3747 3817 undique

2111 3839 2362 3903 Occupat.

2188 3921 2236 3977 9.
2273 3924 2758 3977 Ilcsurreetionem.
2791 3925 2890 3978 Vel
2913 3942 3023 3996 quo
3053 3931 3333 3997 tempore
3369 3927 3657 3982 Dominus
3675 3942 3754 3979 re-

2115 4012 2376 4079 surrexit,
2409 4017 2467 4065 et
2492 4029 2616 4066 cum
2645 4029 2709 4066 eo
2748 4015 2926 4067 multa
2953 4031 3196 4084 corpora
3229 4024 3635 4083 mortuorum,
3672 4014 3757 4069 vel

2115 4101 2173 4154 in
2205 4101 2503 4172 baptismo,
2549 4102 2605 4154 in
2659 4119 2768 4171 quo
2812 4104 3123 4157 secundum
3156 4107 3500 4176 quemdam
3532 4107 3761 4172 modum

2117 4190 2371 4244 homines
2404 4191 2742 4260 moriuntur,
2766 4199 2821 4244 et
2851 4200 3191 4262 resurgunt.

2195 4279 2274 4331 10.
2304 4281 2550 4334 AMBROS.
2585 4281 2838 4331 Firmmn
2869 4283 3342 4346 ﬁrmamentum.
3378 4286 3504 4340 Ista
3529 4287 3607 4358 ad
3638 4302 3768 4339 eou-

2117 4367 2446 4422 solationem
2465 4369 2586 4442 ejus
2605 4368 2822 4424 videtur
2833 4368 3037 4422 dixisse
3058 4371 3419 4448 Apostolus,
3452 4392 3528 4429 ne
3547 4374 3768 4448 quando

437 4457 656 4525 ﬂagitat
680 4457 930 4509 humana
958 4455 1028 4507 de
1057 4455 1166 4507 illis
1185 4453 1432 4524 perquiri
1459 4471 1579 4524 quae
1610 4469 1744 4522 erga
1773 4469 1953 4506 escam
1983 4448 2098 4513 etB
2119 4456 2211 4510 det
2233 4457 2342 4509 illis
2381 4457 2548 4521 Deus,
2591 4457 2647 4510 id
2691 4463 2795 4526 est,
2829 4462 2891 4510 ut
2927 4458 3233 4522 veritatem
3268 4467 3626 4540 prospicere
3657 4483 3776 4536 pos-

435 4546 767 4600 indumenta
795 4551 946 4598 sunt.

511 4636 560 4688 5.
595 4637 975 4689 Laborantcm.
1006 4631 1333 4687 Timotheus
1361 4631 1468 4685 iste
1501 4631 1752 4701 exemplo
1784 4632 2034 4702 Apostoli

433 4721 628 4781 labore
649 4737 921 4776 manuum
953 4737 1182 4774 suarum
1204 4720 1424 4774 volebat
1442 4720 1638 4782 vivere,
1659 4726 1716 4773 et
1732 4721 1801 4773 ab
1821 4722 2037 4774 audito-

433 4810 611 4876 ribus,
661 4811 864 4881 quibus
901 4809 1131 4865 verbum
1186 4810 1285 4862 Dei
1340 4808 1693 4879 praedicabat,
1725 4810 1864 4863 nihil
1893 4811 2038 4863 acci-

438 4917 590 4971 pere,
618 4900 768 4952 unde
801 4899 1094 4969 penuriam
1136 4898 1375 4951 multam
1418 4898 1755 4967 patiebatur,
1790 4899 1922 4969 quia
1950 4899 2038 4953 in-

437 4991 635 5042 ﬁrmus
667 4994 808 5053 erat,
841 4995 898 5041 et
925 4986 1103 5040 labori
1134 5003 1403 5040 manuum
1439 5003 1631 5040 vacare
1653 5004 1763 5041 non
1795 4993 2033 5058 poterat.

437 5078 718 5131 Admonet
747 5092 879 5144 ergo
909 5092 1036 5128 eum
1081 5074 1185 5128 sub
1211 5074 1396 5144 specie
1427 5075 1684 5143 agricolae
1715 5081 1779 5128 ut
1806 5076 1874 5128 de
1901 5092 2036 5144 agro

437 5183 605 5239 quem
637 5165 769 5219 colit
787 5164 1053 5231 fructum,
1086 5164 1235 5218 unde
1264 5168 1544 5217 sustentet
1579 5181 1656 5230 se,
1689 5181 1800 5217 non
1844 5180 2038 5234 asper-

435 5261 605 5319 netur
633 5254 936 5325 percipere.
986 5261 998 5272 ’

507 5341 560 5399 6.
595 5345 719 5400 Νοη
746 5348 824 5405 est
853 5344 1172 5409 alligatum.
1222 5341 1394 5405 Quasi
1421 5342 1670 5401 diceret:
1701 5359 1793 5400 me
1837 5341 2031 5412 ligant,

429 5433 538 5492 sed
589 5431 819 5504 verbum
862 5431 963 5498 Dei
1000 5431 1176 5502 ligare
1214 5447 1326 5485 non
1370 5436 1622 5502 possunt,
1660 5432 1789 5502 quia
1829 5430 2036 5502 ubique

431 5520 693 5602 praedico,

510 5610 566 5663 7.
599 5611 701 5664 Ille
729 5609 924 5663 ﬁdelis.
963 5608 1230 5663 Praedixit
1266 5608 1560 5688 Dominus,
1602 5624 1705 5688 per
1731 5609 2037 5688 prophetas

2117 4545 2245 4600 sint.

2196 4632 2249 4688 ll
2287 4634 2490 4701 Lassa.
2524 4637 2777 4688 Firmum
2803 4638 3272 4706 ﬁrmamentum.
3313 4642 3630 4716 Quidquid
3658 4660 3782 4714 gar-

2116 4723 2267 4776 riant
2293 4723 2561 4791 haeretici,
2593 4724 3020 4779 fundamentum
3070 4727 3202 4794 Dei,
3241 4730 3310 4784 id
3357 4739 3457 4801 est
3496 4735 3695 4800 homo,
3731 4733 3784 4785 in

2121 4829 2230 4884 quo
2262 4812 2399 4865 fides
2418 4813 2512 4866 Dei
2542 4814 2803 4880 ﬁrmatur
2828 4819 2884 4868 et
2901 4815 3132 4882 fundata
3166 4820 3362 4875 est.id
3393 4839 3520 4880 non
3553 4822 3790 4889 titubat,

2121 4917 2232 4953 non
2263 4900 2503 4962 vacillat,
2537 4902 2747 4955 habens
2791 4903 2895 4956 hoc
2925 4904 3337 4979 signaculum,
3398 4912 3464 4978 id
3499 4919 3612 4980 est,
3650 4913 3794 4972 hanc

2121 4989 2296 5043 menti
2315 4990 2776 5066 sumimpressam
2801 4993 3794 5065 memoriamﬂognovitDominus,

2120 5084 2224 5132 etc.
2261 5079 2367 5132 Per
2395 5079 2499 5133 hoc
2541 5080 2688 5133 enim
2722 5087 2778 5134 et
2818 5082 3056 5144 haereses
3088 5087 3152 5145 et
3187 5070 3417 5149 omnia
3450 5092 3639 5146 saluti
3665 5067 3802 5145 con-

2119 5167 2294 5222 traria
2325 5167 2534 5221 devitat
2559 5189 2573 5229 -,
2599 5169 2730 5242 quia
2777 5170 2881 5234 scit
2926 5170 3130 5228 debere
3167 5157 3511 5236 discedere
3540 5180 3618 5236 ab
3649 5181 3806 5242 omni

2119 5253 2417 5323 iniquitate
2449 5257 2630 5310 omnis
2655 5257 2748 5327 qui
2777 5257 2996 5323 invocat
3022 5275 3254 5328 nomen
3288 5243 3581 5324 Domini.
3651 5239 3658 5248 ι
3689 5242 3692 5244 Ὺ

2195 5343 2278 5399 12.
2312 5346 2379 5398 In
2423 5362 2628 5413 magna
2670 5353 2875 5400 autem.
2911 5347 2994 5402 Ne
3024 5348 3181 5403 forte
3215 5354 3577 5428 miraretur
3609 5360 3751 5433 quia
3781 5377 3812 5413 a

2118 5433 2227 5488 ﬁde
2260 5433 2490 5506 quidam
2530 5435 2902 5508 discederent,
2942 5437 3426 5508 similitudinem
3457 5425 3808 5512 handfacit.

2122 5523 2363 5586 Quidam
2406 5528 2578 5592 stant,
2628 5525 2855 5596 quidam
2881 5527 3181 5595 excidunt,
3219 5547 3349 5588 nec
3383 5513 3611 5611 omnes
3640 5539 3815 5596 unius

2118 5612 2273 5678 modi
2298 5617 2450 5686 sunt,
2482 5613 2628 5675 sicut
2649 5615 2707 5670 in
2736 5631 2943 5693 magna
2966 5616 3167 5672 domo.
