3936 6178
452 285 558 347 367
1437 289 1501 343 Β.
1542 289 1957 346 LANFRANCI
1997 289 2357 347 CANTUAR.
2397 290 2740 347 ARCHIEP.
3569 297 3655 357 368

450 430 619 487 crepa
644 413 705 469 in
729 429 881 469 omn.
907 411 1200 485 patientia,
1231 414 1471 467 eaterius
1499 416 1729 475 ostensa,
1765 415 2007 467 interius
2039 414 2247 477 habita,
2281 419 2339 469 et
2366 415 2640 470 doctrina.
2662 415 2975 476 verborum,
3007 418 3059 467 et
3089 427 3326 481 operum.
3354 415 3417 469 Et
3441 420 3509 471 sic
3530 434 3661 487 opor-

450 504 619 575 tebit}
642 504 767 558 Erit
793 503 944 558 enim
967 507 1191 574 tempus
1215 518 1362 568 cum,
1388 502 1627 570 quando,
1662 517 1859 556 sanam
1879 501 2192 557 doctrinam
2221 520 2332 557 non
2350 504 2727 570 sustinebunt,
2759 503 2857 557 sed
2878 503 2948 556 ad
2978 519 3081 557 sua
3106 502 3374 558 desideria
3413 521 3661 562 coacerva~

445 592 591 648 bunt
620 592 726 647 sibi
743 593 1061 662 magistros,
1082 590 1137 648 2.
1162 590 1480 663 prurientes
1499 589 1749 656 auribus,
1782 594 1839 644 et
1865 607 1901 644 a
1924 590 2160 645 veritate
2190 591 2416 662 quidem
2443 593 2700 647 auditum
2722 598 2994 657 avertent,
3028 593 3098 646 ad
3130 590 3339 647 fabulas
3356 598 3528 649 autem
3552 613 3668 652 con-

445 686 758 736 vertentur.
785 682 1065 750 Quidquid
1084 683 1192 743 illi,
1213 681 1298 734 Tu
1332 696 1460 733 vero
1489 678 1678 749 vigila,
1709 679 1767 733 in
1800 677 2061 733 omnibus
2090 677 2301 739 labora.
2331 682 2389 733 3.
2441 698 2583 752 opus
2627 681 2713 735 fac
2739 679 3117 751 evangelistee,
3147 679 3502 735 ministerium
3526 688 3663 738 tuum

443 770 638 840 imple.
660 769 892 825 Sobrius
914 775 1055 824 esto.
1077 768 1131 823 4.
1149 769 1266 839 Ego
1283 768 1433 822 enim
1453 768 1573 838 jam
1596 767 1829 832 delibor,
1843 771 2123 830 immolor,
2151 772 2207 821 et
2228 773 2454 840 tempus
2474 768 2837 823 resolutionis
2851 784 2989 823 mea:
3009 767 3259 822 instat.5.
3282 768 3486 823 Bonum
3512 778 3668 827 certa-

440 874 574 913 men
601 858 831 925 certavi,
863 874 1091 913 cursum
1117 855 1518 922 consummavi,
1551 856 1720 909 ﬁdem
1750 855 1982 910 servavi.
2007 854 2058 910 6.
2088 856 2153 910 In
2177 857 2392 929 reliquo
2415 861 2484 926 (et
2514 861 2649 927 quid
2677 860 3026 927 relinquitur
3047 858 3185 912 ?hoc
3201 858 3421 929 scilicet)
3432 861 3665 930 reposita,

440 949 502 1001 id
529 952 622 1011 est,
657 952 893 1013 servata,
919 951 1006 1001 est
1033 944 1087 1000 7.
1107 944 1246 999 mihi
1274 960 1479 999 corona
1503 943 1759 1015 justitize,
1780 961 1950 1012 quam
1969 961 2182 1000 mereor
2207 950 2515 1015 justitiam,
2551 964 2718 1018 quam
2746 946 2946 1001 reddet
2964 945 3101 999 mihi
3135 945 3400 1001 Dominus
3418 947 3476 1000 in
3492 947 3582 1003 illa
3594 949 3673 1004 die

434 1038 625 1107 justus
647 1037 847 1107 judex,
879 1052 993 1090 non
1018 1035 1200 1089 solum
1226 1038 1416 1088 autem
1446 1032 1604 1098 mihi,
1637 1032 1734 1086 sed
1765 1040 1823 1086 et
1848 1031 1902 1089 8.
1934 1033 2006 1087 iis
2035 1034 2131 1105 qui
2177 1035 2438 1106 diligunt.
2472 1033 2522 1092 9.
2552 1035 2855 1090 adventum
2912 1036 3050 1105 ejus,
3086 1037 3230 1098 boni,
3274 1052 3381 1090 non
3408 1043 3672 1093 metuentes

441 1128 859 1181 damnationem
880 1128 944 1179 in
967 1125 1053 1177 die
1072 1125 1302 1193 judicii.
1333 1121 1561 1177 Festina
1586 1121 1657 1175 ad
1688 1138 1778 1175 me
1802 1121 1992 1176 venire
2022 1122 2152 1177 cito.
2178 1123 2382 1178 Demas
2411 1124 2560 1179 enim
2574 1141 2664 1179 me
2691 1124 2937 1195 reliquit,
2970 1124 3210 1195 diligens
3230 1124 3333 1178 hoc
3359 1125 3676 1189 saeculum,“

439 1214 581 1269 abiit
598 1212 1075 1279 Thessalonicam,
1099 1212 1368 1266 Crescens
1392 1211 1450 1264 in
1473 1210 1775 1277 Galatiam,
1806 1210 1966 1264 Titus
1993 1210 2053 1264 in
2072 1211 2411 1266 Dalmatiam
2439 1231 2452 1280 ;
2484 1214 2664 1267 Lucas
2693 1217 2779 1267 est
2806 1229 3027 1267 mecum
3055 1214 3224 1268 solus.
3268 1214 3507 1268 Marcum
3534 1231 3675 1269 assu-

436 1308 611 1366 me,et
637 1303 821 1357 adduc
846 1306 1055 1367 tecum;
1083 1304 1169 1355 est
1196 1300 1347 1354 enim
1376 1299 1515 1353 mihi
1534 1298 1687 1353 utilis
1716 1298 1775 1352 in
1806 1298 2513 1373 ministerium.Tychicum
2536 1307 2727 1356 autem
2749 1302 2878 1356 misi
2908 1302 3674 1375 Ephesum.Paenulam,quam

433 1391 638 1462 reliqui
661 1390 878 1446 Troade
902 1389 1051 1459 apud
1072 1390 1336 1459 Carpum,
1360 1387 1588 1442 veniens
1606 1387 1745 1441 affer
1771 1391 1978 1453 tecum,
2007 1393 2065 1441 et
2091 1388 2280 1455 libros,
2314 1407 2476 1459 meos,
2505 1391 2749 1445 maxime
2776 1396 2970 1445 autem
2986 1390 3362 1446 membranas.
3384 1391 3674 1446 Alexander

432 1480 682 1537 Erarius
713 1483 929 1546 (narrat
960 1482 1012 1532 ei
1038 1480 1175 1547 quid
1200 1478 1308 1531 sibi
1335 1479 1514 1533 Roma
1565 1474 1881 1544 contigerit)
1906 1477 2083 1530 multa
2110 1478 2261 1531 mala
2285 1478 2424 1532 mihi
2448 1480 2723 1534 ostendit:
2753 1480 2952 1534 reddet
2974 1480 3059 1534 illi
3088 1481 3362 1536 Dominus
3391 1481 3674 1535 secundum

431 1586 603 1641 opera
630 1570 773 1639 ejus,
791 1584 959 1640 quem
984 1572 1043 1622 et
1067 1573 1129 1621 tu
1158 1566 1363 1631 devita,
1396 1582 1462 1619 ne
1488 1568 1815 1632 altoquaris,
1852 1565 2008 1619 valde
2036 1566 2184 1620 enim
2210 1567 2418 1622 restitit
2434 1568 2617 1623 verbis
2646 1570 2871 1625 nostris.
2907 1570 2970 1624 In
2992 1570 3177 1640 prima
3205 1587 3333 1624 mea
3357 1569 3673 1633 defensione,

432 1673 544 1727 qua
574 1674 661 1711 me
689 1658 842 1726 apud
867 1659 1139 1711 Neronem
1168 1656 1406 1722 defendi,
1439 1669 1604 1707 nemo
1636 1652 1775 1706 mihi
1812 1653 2012 1721 adfuit,
2047 1655 2146 1709 sed
2183 1673 2377 1711 omnes
2429 1674 2519 1711 me
2562 1658 3002 1730 dereliquerunt;
3044 1675 3156 1713 non
3193 1659 3306 1713 illis
3364 1659 3673 1729 imputetur.

422 1747 697 1803 Dominus
728 1751 920 1800 autem
949 1744 1089 1799 mihi
1115 1743 1300 1798 astitit
1327 1749 1384 1797 et
1401 1742 1736 1797 confortavit
1762 1759 1871 1810 me;
1894 1747 1960 1797 ut
1985 1760 2088 1814 per
2114 1761 2205 1799 me
2235 1746 2556 1817 praedicatio
2585 1747 2909 1818 impleatur,
2935 1754 2992 1802 et
3014 1748 3253 1803 audiant
3267 1764 3461 1802 omnes
3478 1753 3676 1818 gentes:

421 1842 480 1892 et
506 1838 586 1891 sic
613 1835 888 1890 liberatus
912 1851 1038 1889 sum
1067 1834 1137 1889 de
1162 1850 1259 1888 ore
1279 1832 1479 1899 leonis,
1511 1834 1765 1887 Neronis.
1799 1830 2082 1887 Liberavit
2107 1850 2197 1889 me
2208 1835 2480 1891 Dominus
2511 1836 2581 1891 ab
2606 1838 2760 1891 omni
2791 1854 2959 1908 opere
2976 1837 3126 1892 malo
3150 1856 3163 1906 ;
3210 1842 3270 1891 et
3288 1837 3502 1891 salvum
3530 1835 3679 1891 faciet

421 1923 482 1977 in
501 1938 742 1994 regnum
758 1938 924 1977 suum
953 1922 1196 1988 caeleste;
1221 1920 1312 1975 cui
1330 1920 1512 1991 gloria
1539 1920 1598 1974 in
1623 1920 1824 1975 saecula
1843 1923 2192 1978 saeculorum.
2243 1926 2445 1980 Amen.
2488 1927 2685 1981 Saluta
2712 1928 2965 1982 Priscam
3004 1932 3062 1982 et
3108 1926 3398 1998 Aquilam,
3425 1931 3482 1980 et
3506 1926 3685 1981 Onesi-

356 2000 362 2007 ’
418 2010 588 2082 phori
616 2011 866 2065 domum.
903 2011 1139 2065 Erastus
1163 2009 1439 2065 remansit
1464 2009 1750 2076 Corinthi;
1777 2010 2147 2082 Trophimum
2176 2018 2367 2069 autem
2392 2016 2596 2087 reliqui
2620 2016 2910 2072 infirmum
2932 2016 3130 2072 Mileti.
3162 2016 3399 2071 Festina
3425 2020 3551 2070 ante
3578 2015 3682 2069 hie-

414 2116 566 2155 mem
594 2098 805 2154 venire.
837 2099 1098 2154 Salutant
1114 2102 1172 2152 te
1197 2096 1470 2165 Eubulus,
1497 2100 1555 2150 et
1573 2097 1818 2165 Pudens,
1848 2097 2114 2167 etLinus,
2146 2107 2205 2156 et
2233 2104 2468 2159 Claudia
2491 2110 2549 2160 et
2573 2105 2777 2162 fratres
2805 2122 3021 2162 omnes.
3047 2105 3327 2161 Dominus
3368 2106 3527 2161 Jesus
3541 2103 3684 2160 Chri-

413 2194 536 2246 stus
554 2204 684 2245 cum
714 2187 929 2261 Spiritu
955 2193 1074 2244 tuo.
1107 2186 1306 2243 Gratia
1326 2185 1641 2245 vobiscum.
1667 2187 1866 2242 Amen.

1740 2327 2334 2389 COMMENTARIUS.

473 2447 527 2507 2.
557 2448 769 2505 LANFR.
796 2446 1203 2514 Prurientes,id
1222 2449 1326 2515 est,
1349 2445 1516 2515 leves,
1539 2442 2000 2512 instabiles,nova
2016 2433 2067 2490 A
2083 2441 2264 2507 parte,
2298 2454 2420 2510 quae
2439 2439 2631 2495 instat.

403 2554 628 2610 semper
652 2538 851 2593 audire
866 2537 1135 2591 volentes.
2154 2523 2205 2580 7.
2238 2528 2485 2584 Amnnos.
2526 2529 2672 2583 Mihi
2722 2544 2945 2584 corona.
2975 2528 3126 2585 Bene
3157 2528 3406 2601 justitiae
3432 2544 3688 2584 coronam

472 2626 526 2682 3.
560 2628 702 2696 Opus
729 2628 821 2695 fac
848 2628 1207 2693 evangelista.
1236 2624 1391 2695 Opus
1410 2622 1764 2694 evangelista:
1783 2626 1884 2689 est,
1908 2621 2001 2676 be.
2081 2616 2297 2670 vocavit
2324 2616 2483 2672 illam
2503 2634 2626 2689 quae
2666 2619 3137 2690 contemplatione
3167 2617 3688 2691 [compensatione?

400 2731 474 2770 ne
502 2715 708 2783 vivere,
736 2719 794 2770 et
820 2713 1195 2781 benedicere;
1225 2712 1476 2768 moribus
1505 2717 1563 2767 et
1600 2710 1780 2767 verbis
1810 2709 1999 2780 subje-
2081 2703 2182 2757 ΕΒ.
2210 2702 2298 2777 Ρ.]
2327 2705 2584 2760 laborum
2603 2706 2789 2762 datur.

394 2809 516 2860 ctos
536 2804 837 2860 instruere.
2151 2797 2204 2850 8.
2235 2795 2335 2848 llis
2360 2798 2461 2863 qui
2507 2798 2775 2864 diligunt.
2818 2796 3074 2851 Miraculi
3124 2796 3374 2868 dignum
3404 2795 3554 2867 quod
3584 2810 3688 2850 non

465 2892 519 2950 4,
548 2895 660 2963 Ego
687 2896 839 2949 enim
859 2891 1186 2965 jam,Quasi
1215 2891 1462 2946 diceret:
1488 2889 1615 2944 ideo
1643 2894 1763 2944 tam
1788 2886 2000 2942 studio-
2080 2880 2246 2952 dixit,
2264 2882 2376 2938 illis
2394 2884 2490 2955 qui
2519 2884 2916 2940 laboraverunt
2933 2890 3035 2940 aut
3072 2887 3228 2957 passi
3250 2891 3414 2951 sunt,
3443 2885 3542 2940 sed
3562 2883 3697 2939 dixit

394 2998 458 3037 se
479 2987 537 3038 te
576 2999 803 3050 moneo,
848 2983 981 3054 quia
1012 2982 1072 3037 in
1119 2980 1383 3054 praesenti
1426 2978 1736 3035 moriturus
1764 2992 1911 3043 sum,
1942 2980 1999 3031 te
2081 2970 2177 3041 qui
2200 2971 2462 3043 diligunt,
2486 2973 2619 3045 quia
2647 2974 3019 3029 certaminum
3035 2980 3092 3029 et
3108 2975 3452 3046 passionum
3477 2979 3694 3046 tempus

392 3076 593 3144 postea
614 3089 729 3128 non
755 3073 1085 3128 moriturus.
2080 3076 2192 3116 non
2224 3078 2447 3133 semper
2470 3069 2574 3118 est.

464 3160 518 3217 5.
534 3162 781 3217 AMBROS.
812 3163 1028 3216 Bonum
1048 3157 1481 3214 certamen.Non
1499 3155 1702 3211 ludens
1728 3155 1858 3223 ista,
1893 3154 1992 3209 sed
2153 3151 2206 3207 9.
2229 3152 2437 3207 LANFR.
2461 3154 2775 3209 Adventum
2791 3157 2927 3224 ejus.
2968 3155 3302 3211 Adventum
3330 3155 3551 3211 Christi
3572 3153 3691 3209 dili-

392 3249 465 3307 ad
497 3250 943 3305 exhortationem
971 3247 1113 3302 dixit
1133 3245 1437 3302 Timothei.
2073 3245 2217 3312 gunt
2235 3241 2329 3312 qui
2353 3258 2387 3296 a
2410 3241 2574 3297 malis
2602 3248 2843 3311 cessant,
2885 3248 2944 3299 et
2969 3243 3118 3300 bona
3159 3245 3413 3315 faciunt;
3451 3244 3514 3300 hi
3544 3242 3694 3299 enim

463 3337 515 3393 6.
538 3338 748 3394 LANFR.
770 3340 840 3394 In
856 3340 1090 3408 reliquo,
1132 3336 1191 3391 id
1211 3340 1315 3403 est,
1354 3335 1415 3390 in
1440 3334 1659 3405 reliqua
1692 3332 1991 3388 aeternitati
2075 3330 2138 3385 in
2166 3330 2257 3385 die
2279 3330 2479 3401 judicii
2507 3332 2769 3387 damnari
2795 3349 2909 3388 non
2937 3339 3225 3391 metuunt.

707 3574 1293 3750 EPISTULA
1368 3653 1472 3746 B.
1549 3650 1958 3748 PAULI
2037 3646 2615 3747 APOSTOLI
2686 3653 2859 3748 ΑΙ)
2931 3654 3358 3752 TITUM.

1018 3860 1201 3925 CUM
1204 3859 1623 3944 IINTERJE
1632 3858 1827 3923 CTIS
1865 3859 1946 3923 Β.
1992 3857 2508 3923 LANFRANCI
2544 3859 3034 3923 GLOSSULIS.

452 4054 648 4118 πω
670 4048 1080 4105 ARGUMENTUM.
1123 4072 1190 4086 --
1227 4043 1417 4099 Titum
1462 4041 1889 4097 commonefacit
1925 4047 1984 4098 et
2066 4043 2515 4113 conversatione,
2542 4047 2599 4098 et
2625 4042 2902 4099 haereticis
2925 4041 3170 4098 vitandis
3201 4042 3313 4115 qui
3344 4042 3408 4098 in
3434 4041 3709 4098 traditio-

381 4140 613 4199 instruit
639 4139 710 4195 de
737 4136 1137 4194 constitutione
1164 4131 1585 4206 presbyterii,et
1605 4131 1674 4187 de
1700 4131 1979 4204 spirituali
2062 4133 2228 4189 nibus
2257 4134 2502 4190 Judaicis
2531 4133 2789 4202 credunt,
2820 4132 3067 4189 scribens
3095 4132 3150 4187 ei
3177 4149 3218 4187 a
3235 4133 3546 4206 Nicopoli.

1699 4272 1929 4328 CAPUT
1954 4273 2265 4334 PRIMUM.

445 4383 657 4439 Paulus
678 4399 870 4438 servus
896 4381 1018 4448 Dei,
1043 4381 1346 4454 Apostolus
1371 4383 1583 4447 autem,
1616 4383 1873 4448 nuntius,
1898 4381 1929 4436 J
1932 4397 2032 4437 esu
2057 4381 2268 4437 Christi
2287 4383 2314 4437 1
2334 4384 2706 4454 .praedicando
2734 4383 3046 4439 secundum
3066 4383 3270 4452 ﬁdem,
3299 4389 3397 4443 vel
3430 4402 3558 4443 non
3588 4401 3706 4441 me-

382 4474 531 4538 ritis,
552 4472 859 4526 electorum
880 4471 1003 4536 Dei,
1030 4475 1088 4524 et
1102 4472 1159 4526 2.
1180 4470 1526 4540 agnitionem
1554 4469 1825 4535 veritatis,
1845 4486 1968 4541 quae
1992 4468 2045 4523 3.
2071 4471 2378 4527 secundum
2402 4473 2691 4544 pietatem,
2709 4475 3094 4531 Christianam
3115 4478 3506 4544 religionem,
3536 4482 3629 4532 est
3651 4476 3711 4529 in

376 4576 537 4631 spem
563 4558 688 4614 vitm
715 4564 958 4627 aeternae,
989 4573 1158 4628 quam
1180 4562 1355 4613 vitam
1388 4558 1667 4630 promisit,
1695 4559 1791 4630 qui
1815 4575 1929 4614 non
1956 4561 2247 4625 mentitur,
2270 4562 2440 4629 Deus,
2473 4567 2605 4617 ante
2632 4566 2889 4634 tempora
2919 4562 3247 4632 saecularia;
3286 4564 3707 4621 manifestavit

374 4652 566 4703 autem
594 4645 944 4719 temporibus
968 4646 1106 4714 suis,
1135 4649 1418 4714 congruis,
1449 4651 1512 4705 4.
1548 4645 1806 4701 Verbum
1837 4664 2024 4716 suum,
2045 4648 2349 4708 Christum,
2384 4648 2484 4716 qui
2511 4651 2586 4700 est
2615 4662 2784 4702 causa
2802 4649 2963 4702 illius
2992 4651 3135 4709 vitae.
3148 4647 3213 4702 in
3243 4651 3709 4721 praedicatione,

1685 4788 2278 4845 COMMENTARIUS.

436 4900 595 4956 CAP.
616 4900 733 4955 I.—
760 4898 813 4954 l.
835 4898 1090 4953 AMBRos.
1111 4895 1427 4952 Secundum
1456 4898 1620 4964 ﬁdem
1648 4898 1962 4953 electorum.
2047 4902 2194 4961 tum,
2223 4902 2512 4952 mortuum
2536 4897 2932 4964 resurrexisse,
2963 4913 3149 4953 nosse.

361 4990 511 5048 Dicit
529 4989 860 5061 Apostolus:
893 4987 1234 5042 constitutus
1271 5002 1396 5041 sum
1416 4991 1483 5041 ut
1499 5002 1602 5057 per
1628 5002 1720 5040 me
1734 4986 1967 5041 credant
2119 4984 2170 5039 3.
2204 4986 2520 5042 Secundum
2544 4988 2824 5054 pietatem.
2856 4984 2970 5040 Per
3006 5002 3177 5057 quam
3206 4986 3531 5047 habemus
3543 5008 3717 5066 spem

359 5080 543 5147 electi,
561 5084 627 5135 ut
647 5078 820 5133 vitam
848 5081 1116 5131 aeternam
1147 5075 1370 5146 assequi
1390 5075 1626 5147 possint,
1658 5090 1829 5146 quam
1858 5075 1965 5129 du-
2046 5079 2270 5129 aeterna:
2298 5074 2443 5129 vitae.
2478 5075 2704 5130 Diceret
2730 5075 2856 5147 quis
2887 5093 2899 5129 :
2929 5074 3067 5129 satis
3101 5080 3277 5147 potes
3334 5096 3618 5152 sperare,
3652 5087 3715 5136 et

355 5170 492 5226 dum
538 5172 944 5241 repraesentare
971 5168 1466 5238 praesumpserant.
1524 5165 1591 5220 In
1642 5180 1781 5235 opus
1828 5180 1957 5219 vero
2043 5163 2185 5218 nihil
2215 5164 2519 5236 consequi;
2580 5165 2653 5219 ad
2676 5164 2784 5220 hoc
2814 5165 3156 5236 respondet:
3190 5167 3407 5233 Quam
3428 5174 3717 5240 promisit

350 5274 501 5315 nunc
510 5256 775 5329 produxit
788 5255 1091 5310 adventum
1110 5254 1342 5323 Christi,
1388 5252 1614 5325 quando
1660 5252 1871 5324 optime
1895 5269 1956 5308 se
2037 5255 2204 5309 Deus.
2222 5254 2435 5309 Iterum
2457 5252 2739 5324 objicienti
2763 5270 2774 5304 :
2798 5270 2926 5326 spes
2945 5253 3260 5325 aliquando
3278 5256 3475 5326 fallit,
3498 5261 3577 5316 ad
3577 5262 3718 5332 jun-

347 5362 471 5402 rem
499 5346 708 5400 habere
737 5343 1093 5399 existimavit.
2035 5342 2122 5414 git
2153 5361 2165 5396 :
2195 5347 2295 5412 qui
2332 5355 2445 5398 non
2473 5346 2762 5399 mentitur.

419 5434 697 5491 2mm.
716 5435 1072 5505 Agnitionem
1092 5433 1362 5486 veritatis.
1389 5429 1613 5485 Veritas
1641 5429 1950 5485 secundum
2102 5430 2158 5488 4.
2208 5434 2436 5487 Verbum
2464 5449 2651 5487 suum.
2676 5432 2867 5487 Vitam
2885 5435 3156 5487 aeternam
3189 5432 3366 5504 (qum
3400 5441 3720 5509 promissa

340 5522 631 5596 pietatem,
662 5522 723 5577 id
752 5528 860 5591 est,
873 5522 1254 5577 Christianam
1292 5519 1641 5591 religionem,
1664 5524 1753 5575 est
1775 5520 1948 5576 Crea—
2031 5524 2089 5575 et
2105 5520 2464 5577 manifestata
2483 5521 2594 5592 est)
2613 5521 2753 5579 dicit
2770 5538 2892 5578 esse
2906 5520 3161 5579 Verbum
3177 5520 3303 5579 Dei
3332 5542 3349 5580 :
3386 5527 3523 5599 Ego
3546 5547 3689 5588 sum
3703 5573 3721 5602 ,

339 5618 527 5669 torem
547 5616 867 5669 creaturam
902 5611 1113 5668 factum
1121 5651 1137 5681 ,
1165 5609 1455 5668 hominem
1485 5609 1557 5665 de
1573 5607 1812 5681 Virgine
1840 5624 1949 5665 na-
2027 5610 2232 5682 inquit,
2262 5614 2373 5677 via,
2405 5617 2455 5668 et
2481 5614 2684 5669 veritas
2713 5616 2763 5668 et
2781 5614 2917 5669 vita.
