3936 6178
263 243 347 301 369
967 235 1046 290 IN
1082 233 1149 289 D.
1191 230 1407 288 PAULI
1445 231 1668 287 EPIST.
1710 227 2083 288 COMMENT.
2124 257 2187 271 —
2226 226 2450 284 EPIST.
2488 225 2587 282 AD
2622 225 2759 282 TIT.
3050 230 3057 237 “
3389 223 3498 282 370

262 383 359 440 qua:
381 364 596 421 credita
623 367 708 418 est
728 361 869 417 mihi
895 358 1207 416 secundum
1232 362 1573 428 praeceptum
1603 353 1908 411 Salvatoris
1938 350 2119 407 nostri
2148 350 2290 419 Dei;
2330 350 2457 406 Tito
2480 350 2532 405 5.
2569 349 2773 405 dilecto
2801 349 2918 405 ﬁlio
2946 350 3256 406 secundum
3296 350 3494 418 (deter-

260 438 407 512 minat
457 454 722 524 quomodo
769 454 842 505 sit
887 448 1065 519 ﬁlius)
1114 462 1471 501 communem
1510 445 1700 510 ﬁdem,
1756 441 1941 513 gratia
1978 447 2035 495 et
2071 456 2180 512 pax
2217 455 2252 494 a
2288 440 2404 493 Deo
2436 438 2604 493 Patre
2655 444 2712 493 et
2762 439 2985 494 Christo
3027 441 3161 494 Jesu
3208 439 3494 494 Salvatore

253 550 438 603 nostro.
480 544 662 614 Hujus
690 541 775 596 rei
817 538 1006 611 gratia
1044 535 1248 607 reliqui
1293 540 1351 590 te
1380 534 1579 600 Cretae,
1611 537 1676 587 ut
1703 531 1757 586 6.
1790 548 1857 586 ea
1906 547 2029 601 quae
2073 529 2277 583 desunt
2321 527 2592 597 corrigas,
2637 532 2905 597 suppleas,
2940 533 2998 582 et
3041 529 3351 583 constituas
3395 543 3497 600 per

253 637 480 691 civitates
514 631 894 705 presbyteros,
934 631 1221 697 episcopos,
1253 624 1399 679 sicut
1427 629 1481 677 et
1510 640 1613 693 ego
1642 620 1894 693 disposui
1931 618 2055 673 tibi.
2090 618 2148 673 Si
2178 617 2303 687 quis
2336 617 2386 671 7.
2420 616 2542 672 sine
2571 616 2806 671 crimine
2834 623 2937 684 est,
2971 618 3141 672 unius
3168 617 3358 672 uxoris
3386 617 3494 687 vir,

251 725 368 781 ﬁlios
394 722 608 777 habens
652 719 866 785 ﬁdeles,
897 732 1010 771 non
1053 714 1114 768 in
1149 712 1505 768 accusatione
1547 710 1800 777 luxuriae,
1832 714 1932 763 aut
1977 723 2090 761 non
2136 705 2408 760 subditos.
2439 709 2491 762 8.
2534 706 2766 777 Oportet
2815 707 2964 761 enim
3002 706 3342 778 episcopum,
3369 705 3492 760 sine

252 818 399 881 ωε
431 810 672 867 crimine
692 824 835 874 esse,
864 806 1009 861 sicut
1032 804 1137 859 Dei
1162 803 1607 874 dispensatorem
1633 820 1646 869 ;
1679 815 1792 854 non
1812 795 2138 869 superbum,
2158 792 2212 851 9.
2238 811 2350 849 non
2376 794 2729 861 iracundum,
2753 812 2867 850 non
2891 796 3257 863 vinolentum,
3281 796 3493 862 e/fectus

250 903 549 968 iracundia,
563 916 678 954 non
698 911 1105 971 percussorem,
1127 909 1238 947 non
1267 891 1450 962 turpis
1475 890 1613 945 lucri
1638 889 1933 960 cupidum;
1957 885 2056 940 sed
2075 884 2432 956 hospitalem,
2461 884 2788 955 benignum,
2816 885 3083 951 sobrium,
3102 887 3339 957 justum,
3364 899 3493 938 san-

249 998 391 1058 ctum,
406 990 814 1053 continentem,
828 1002 918 1041 am
924 985 1280 1057 plectentem,
1296 982 1690 1049 adimplentem
1704 993 1876 1046 opere,
1885 992 2015 1031 eum
2029 974 2123 1045 qui
2138 974 2447 1028 secundum
2465 973 2780 1028 doctrinam
2796 975 3129 1042 est,ﬁdelem
3143 988 3484 1037 sermonem,

248 1083 535 1135 doctrinam
555 1081 758 1133 scilicet
779 1077 1161 1131 Christianam
1180 1087 1446 1135 ueracem,
1467 1074 1532 1122 ut
1560 1072 1759 1139 potens
1785 1069 1857 1120 sit
1884 1062 2167 1119 exhortari
2196 1062 2254 1116 in
2281 1062 2537 1117 doctrina
2564 1079 2722 1129 sana,
2755 1067 3006 1127 sanante,
3034 1066 3092 1116 et
3118 1078 3213 1116 eos
3234 1061 3331 1133 qui
3361 1076 3489 1115 con-

246 1170 527 1234 tradicunt,
554 1168 935 1226 inobedientes,
962 1178 1219 1234 arguere.
1245 1161 1392 1215 Sunt
1418 1157 1569 1212 enim
1595 1155 1757 1210 multi
1786 1155 1959 1209 etiam
1988 1153 2393 1218 inobedientes,
2417 1152 2720 1223 vaniloqui,
2743 1157 2802 1206 et
2828 1152 3169 1219 seductores,
3197 1151 3418 1220 (pseudo
3438 1155 3486 1204 et

246 1261 606 1314 incircumcisi
622 1258 939 1325 quaestiones
960 1254 1254 1321 deceptorie
1277 1250 1480 1304 caeteris
1495 1247 1789 1314 faciebant)
1805 1242 2047 1296 maxime
2067 1242 2163 1312 qui
2182 1241 2252 1295 de
2272 1241 2697 1295 circumcisione
2715 1245 2875 1305 sunt;
2901 1256 3040 1311 quos
3060 1243 3282 1310 oportet
3296 1238 3485 1291 redar-

242 1349 348 1419 gui;
377 1347 477 1418 qui
495 1347 788 1401 universas
808 1344 1025 1407 domos,
1048 1342 1320 1409 familias,
1344 1336 1677 1392 subvertunt
1694 1350 1729 1387 a
1758 1332 1879 1400 ﬁde,
1903 1331 2167 1386 docentes
2188 1347 2311 1403 quae
2338 1347 2452 1385 non
2477 1336 2719 1399 oportet,
2742 1330 2924 1402 turpis
2948 1330 3089 1385 lucri
3112 1328 3317 1401 gratia.
3330 1328 3488 1383 Dixit

243 1418 443 1509 quidam
477 1452 544 1489 ex
574 1435 687 1488 illis
712 1430 803 1489 10.
831 1431 1092 1503 pmprius
1133 1430 1386 1501 ipsorum
1427 1425 1703 1497 prepheta
1731 1440 1743 1476 :
1781 1420 1864 1477 11.
1899 1422 2192 1477 Cretenses
2220 1436 2443 1491 semper
2472 1420 2790 1484 mendaces,
2822 1419 2984 1473 malae
3018 1418 3229 1483 bestiae,
3260 1420 3486 1469 ventres

232 1525 371 1598 pigri.
392 1516 808 1579 Testimonium
828 1521 935 1574 hoc
953 1522 1018 1574 de
1038 1517 1383 1576 Cretensibus
1404 1529 1599 1567 verum
1629 1516 1733 1566 est.
1757 1510 1938 1574 Quam
1967 1509 2037 1564 ob
2056 1525 2280 1564 causam
2310 1510 2540 1580 increpa
2562 1508 2687 1562 illos
2709 1508 2867 1575 dure,
2894 1512 2959 1564 ut
2976 1507 3101 1562 sani
3120 1507 3237 1562 sint
3262 1506 3324 1560 in
3350 1504 3482 1572 ﬁde,

234 1630 328 1668 non
352 1612 715 1667 intendentes
736 1608 984 1665 Judaicis
1003 1606 1225 1671 fabulis,
1259 1609 1318 1658 et
1341 1601 1643 1667 mandatis,
1678 1600 2096 1665 traditionibus,
2124 1598 2420 1653 hominum
2451 1596 2826 1651 avertentium
2854 1613 2915 1650 se
2946 1614 2982 1650 a
3006 1594 3265 1661 veritate,
3298 1596 3484 1648 volen-

232 1708 351 1758 tium
368 1704 693 1771 judaisare,
716 1716 752 1752 a
783 1700 916 1754 cibis
934 1699 1229 1762 abstinere,
1253 1693 1396 1763 quod
1418 1707 1528 1746 non
1551 1692 1713 1752 decet,
1741 1690 1877 1758 quia
1901 1686 1983 1753 12,
2010 1685 2093 1753 13,
2118 1688 2208 1742 14.
2236 1686 2441 1742 Omnia
2464 1686 2675 1741 munda
2695 1685 2921 1740 mundis
2947 1703 2959 1752 ;
3001 1683 3083 1740 15.
3105 1681 3485 1753 coinquinatis

231 1798 391 1847 autem
420 1797 485 1846 et
512 1788 834 1844 inﬁdelibus
862 1785 1004 1841 nihil
1032 1789 1120 1840 est
1147 1781 1444 1845 mundum,
1476 1778 1576 1833 sed
1600 1775 1908 1847 inquinatas
1936 1780 2071 1830 sunt
2097 1791 2294 1830 eorum
2312 1780 2369 1829 et
2401 1790 2560 1828 mens
2581 1779 2639 1827 et
2666 1772 3026 1828 conscientia.
3052 1771 3406 1826 Conﬁtentur
3425 1785 3486 1824 se

230 1898 368 1936 nosse
384 1882 597 1947 Deum,
620 1878 783 1934 factis
806 1882 996 1934 autem
1014 1877 1250 1944 negant,
1270 1886 1398 1926 cum
1419 1867 1534 1923 sint
1560 1865 1890 1931 abominati,
1920 1865 2117 1932 abjecti
2143 1879 2179 1917 a
2208 1865 2331 1927 Deo,
2359 1866 2416 1917 et
2444 1861 2817 1930 incredibiles,
2847 1867 2905 1917 et
2932 1861 3004 1917 ad
3032 1876 3198 1916 omne
3223 1875 3365 1931 opus
3391 1856 3489 1913 bo-

228 1986 342 2025 num
367 1967 620 2043 reprobi.

1663 2041 1898 2099 CAPUT
1936 2040 2012 2096 II.

281 2186 358 2240 Tu
382 2189 581 2240 autem
600 2184 830 2254 loquere
856 2196 979 2253 qua:
1007 2178 1210 2233 docent
1227 2188 1424 2229 sanam
1456 2169 1792 2226 doctrinam.
1816 2168 2062 2223 Admone
2103 2166 2296 2234 Senes,
2317 2169 2384 2220 ut
2415 2163 2588 2220 sobrii
2611 2164 2747 2233 sint,
2769 2163 2979 2236 pudici,
3003 2161 3332 2235 prudentes,
3358 2159 3485 2216 sani

224 2275 271 2329 in
299 2275 422 2343 ﬁde,
448 2274 513 2329 in
542 2271 865 2336 dilectione,
887 2269 948 2323 in
975 2264 1282 2338 patientia;
1316 2263 1549 2316 admone
1570 2275 1712 2313 anus
1730 2255 1992 2311 similiter
2012 2260 2073 2309 ut
2098 2257 2213 2309 sint
2235 2253 2296 2309 in
2318 2253 2514 2309 habitu
2540 2259 2754 2321 sancto,
2780 2270 2896 2309 non
2923 2250 3350 2317 criminatrices,
3373 2265 3489 2304 non

224 2365 378 2419 multo
409 2336 549 2419 vino
581 2360 908 2421 servientes,
938 2336 1082 2410 bene
1110 2354 1395 2420 docentes,
1427 2354 1492 2405 ut
1522 2346 1884 2419 prudentiam
1912 2346 2149 2400 doceant
2172 2344 2642 2411 adolescentulas,
2669 2348 2735 2398 ut
2760 2343 2910 2397 viros
2939 2358 3071 2397 suos
3099 2344 3312 2406 ament,
3343 2336 3489 2391 ﬁlios

226 2470 336 2509 suos
362 2454 628 2523 diligant,
670 2468 723 2504 se
770 2448 1060 2502 exhibeant
1086 2442 1412 2516 prudentes,
1445 2444 1646 2503 castas,
1679 2434 1914 2499 sobrias,
1947 2436 2148 2489 domus
2178 2451 2370 2489 curam
2402 2434 2694 2501 habentes,
2728 2432 3022 2502 benignas,
3066 2429 3322 2485 subditas
3348 2427 3485 2483 viris

224 2545 341 2610 suis,
363 2548 427 2597 ut
446 2514 566 2596 lion
591 2514 1014 2610 blasphemetur
1031 2514 1263 2590 verbum
1287 2531 1408 2587 Dei.
1435 2530 1677 2584 Juvenes
1700 2523 1964 2579 similiter
1984 2523 2214 2577 hortare
2233 2528 2298 2576 ut
2322 2521 2495 2576 sobrii
2514 2522 2645 2576 sint.
2669 2522 2734 2576 In
2757 2519 3016 2575 omnibus
3037 2518 3282 2589 teipsum
3302 2514 3491 2587 praebe

224 2633 527 2704 exemplum
554 2629 836 2684 bonorum
857 2642 1111 2698 Operum,
1135 2624 1195 2677 in
1223 2619 1500 2688 doctrina,
1521 2619 1580 2672 in
1608 2614 1935 2684 integritate
1955 2616 2096 2679 vitae,
2118 2612 2178 2666 in
2197 2613 2474 2684 gravitate
2495 2627 2718 2665 morum
2737 2609 2969 2664 verbum
2998 2624 3201 2663 sanum
3224 2609 3296 2660 sit
3327 2610 3491 2659 tuum

221 2693 709 2793 irreprehensibile
734 2693 925 2783 20$:
946 2720 1011 2769 ut
1033 2714 1082 2769 is
1105 2712 1201 2785 qui
1228 2728 1294 2765 ex
1316 2709 1550 2764 adverso
1578 2708 1682 2770 est,
1707 2703 1947 2770 inﬁdelis
1968 2704 2049 2755 vel
2069 2703 2340 2764 diabolus,
2365 2706 2647 2770 vereatur,
2667 2699 2807 2754 nihil
2827 2697 3040 2753 habens
3064 2696 3277 2750 malum
3302 2693 3490 2749 dicere

218 2811 277 2864 de
301 2809 486 2867 nobis.
523 2809 797 2864 Admone.
834 2806 1032 2861 Servos
1070 2801 1312 2857 dominis
1341 2797 1460 2853 suis
1490 2794 1744 2851 subditos
1779 2807 1921 2852 esse,
1967 2790 2028 2844 in
2069 2789 2327 2845 omnibus
2356 2790 2659 2861 placentes,
2700 2804 2814 2842 non
2860 2785 3331 2851 contradicentes,
3370 2797 3489 2837 non

214 2900 559 2964 fraudantes,
585 2896 687 2973 sed
704 2895 765 2949 in
789 2893 1047 2948 omnibus
1075 2890 1246 2946 ﬁdem
1272 2888 1479 2943 bonam
1501 2881 1886 2948 ostendentes,
1912 2877 1961 2936 1.
1988 2883 2054 2933 ut
2078 2878 2391 2934 doctrinam
2413 2877 2717 2932 Salvatoris
2748 2874 2930 2930 nostri
2949 2873 3051 2929 Dei
3070 2870 3125 2930 2.
3150 2873 3377 2936 ornent,
3398 2885 3489 2924 or-

221 2994 333 3042 nate
359 2957 623 3051 habeant,
646 2960 709 3040 in
733 2981 995 3039 omnibus
1012 2982 1169 3043 actis,
1194 2983 1242 3033 et
1266 2978 1448 3033 dictis.
1468 2975 1561 3030 Est
1588 2988 1655 3027 ne
1674 2972 1869 3037 aliqua
1888 2967 2143 3022 doctrina
2159 2972 2183 3021 ?
2200 2972 2274 3021 est
2301 2967 2410 3022 hac
2428 2982 2538 3036 qua
2557 2966 2693 3020 dicit
2713 2982 2730 3018 :
2752 2961 2805 3020 3.
2826 2960 3107 3034 Apparuit
3127 2959 3278 3014 enim
3299 2957 3489 3029 gratia

1582 3108 2176 3169 COMMENTARIUS.

270 3254 320 3311 5.
340 3257 553 3311 Dilecto
583 3256 719 3323 ﬁlio.
739 3251 849 3317 Qui
882 3254 969 3306 est
984 3248 1133 3304 ﬁlius
1153 3262 1331 3313 meus,
1355 3258 1470 3299 non
1490 3238 1800 3297 secundum
1819 3235 1872 3294 A
1897 3231 2097 3287 Omnia
2118 3233 2329 3287 munda
2344 3227 2802 3286 mundis.0mnia
2813 3227 3027 3283 munda
3044 3223 3272 3280 mundis
3291 3238 3490 3281 secun.

210 3360 443 3413 carnem,
479 3344 586 3399 sed
621 3341 933 3398 secundum
962 3337 1294 3394 catholicam
1324 3333 1511 3398 ﬁdem,
1552 3343 1722 3401 quam
1751 3324 1802 3379 ei

208 3432 515 3502 insinuavi;
573 3431 912 3487 catholicum
955 3428 1105 3484 enim
1150 3426 1361 3492 Grazce,
1402 3434 1688 3478 commune
1715 3415 1802 3470 vel

212 3528 514 3578 universale
542 3522 750 3577 dicitur
776 3520 995 3575 Latine.

266 3611 316 3670 6.
347 3615 613 3668 AKBROS.
658 3612 740 3666 Ea
783 3625 901 3678 qua
928 3610 1150 3665 desunt.
1188 3606 1339 3660 Bene
1374 3599 1515 3656 dixit
1543 3613 1666 3669 quae
1703 3594 1803 3649 de-

207 3710 367 3771 sunt;
408 3719 553 3758 nam
599 3700 828 3773 pietatis
875 3698 1020 3753 ratio
1050 3695 1309 3752 omnibus
1337 3690 1551 3748 credita
1577 3691 1701 3741 erat
1734 3683 1805 3740 ab

206 3792 480 3863 Apostolo.

266 3882 314 3936 7.
353 3884 625 3938 Anausr.
671 3881 863 3948 (es-pos.
909 3882 973 3933 in
1014 3878 1222 3943 Ecang.
1260 3875 1445 3933 Joan.,
1485 3869 1670 3923 Tract.
1710 3862 1799 3930 41,

207 3977 329 4025 tom.
358 3970 465 4041 ΙΧ)
494 3970 631 4026 Sine
661 3971 900 4024 crimine
943 3970 1039 4022 est.
1072 3963 1300 4020 Crimen
1339 3963 1529 4014 autem
1558 3960 1645 4010 est
1673 3969 1803 4026 pec-

204 4068 379 4115 catum
407 4075 610 4131 grave,
643 4056 1000 4112 accusatione
1039 4058 1097 4110 et
1134 4048 1496 4109 damnatione
1539 4041 1804 4115 dignissi-

206 4165 367 4204 mum.

267 4239 316 4294 8.
345 4239 566 4294 LANF'B.
604 4238 819 4305 Oportet
847 4237 1173 4304 episcopum.
1203 4229 1307 4285 Hic
1344 4231 1536 4300 aperte
1561 4220 1808 4279 ostendit

205 4328 665 4400 presbyterorum
692 4324 921 4380 nomine
949 4321 1236 4394 episcopos
1266 4316 1523 4390 superius
1546 4312 1805 4383 designa-

203 4422 280 4472 tos
312 4417 514 4473 fuisse.

1884 3322 2019 3377 dum
2047 3327 2307 3376 naturam
2338 3320 2398 3375 in
2427 3337 2540 3392 qua
2569 3324 2759 3374 creata
2785 3321 2956 3384 sunt;
2996 3331 3112 3370 non
3136 3319 3331 3368 tamen
3363 3327 3489 3366 om-

1885 3411 1981 3466 nia
1995 3411 2302 3466 secundum
2325 3408 2793 3481 signiﬁcationem
2808 3406 3021 3461 munda
3040 3422 3051 3457 :
3076 3403 3259 3475 primo
3278 3401 3487 3472 populo

1885 3501 2234 3569 Judeeorum;
2262 3515 2365 3554 nec
2393 3498 2554 3553 nobis
2573 3497 2764 3552 omnia
2776 3496 2863 3550 vel
2886 3499 3116 3566 propter
3139 3491 3383 3546 salutem
3399 3489 3488 3544 vel

1884 3596 2114 3662 propter
2128 3593 2397 3644 consuetu
2404 3588 2590 3643 dinem
2603 3588 2866 3641 humanae
2885 3582 3168 3638 societatis
3182 3585 3317 3652 apta
3329 3582 3484 3646 sunt,

1886 3679 1985 3734 sed
2003 3695 2129 3733 cum
2151 3694 2255 3733 sua
2269 3678 2472 3749 cuique
2489 3676 2805 3731 redduntur
2821 3679 2879 3728 et
2893 3670 3211 3727 naturalem
3232 3668 3488 3724 ordinem

1883 3773 2128 3836 servant,
2159 3766 2351 3823 omnia
2376 3765 2590 3821 munda
2607 3769 2740 3820 sunt
2766 3761 3016 3820 mundis.
3088 3758 3095 3763 ’
3342 3748 3349 3753 ’

1953 3873 2044 3931 44.
2066 3876 2286 3932 LANFR.
2322 3874 2522 3930 Omnia
2550 3872 2785 3927 munda.
2817 3870 3000 3924 Datur
3033 3863 3274 3935 intelligi
3312 3861 3482 3934 quod,

1884 3981 1952 4019 ex
1978 3964 2260 4018 mandatis
2288 3963 2541 4035 ipsorum
2566 3960 2881 4026 hominum,
2914 3955 3143 4028 quidam
3181 3952 3293 4008 cibi
3327 3950 3485 4022 judi-

1885 4059 2147 4110 carentur
2168 4051 2467 4108 immundi.

1960 4159 2046 4218 15.
2074 4161 2318 4216 Auousr.
2341 4155 2530 4231 (ibid.)
2558 4146 3319 4224 Coinquinatis.1mmundos
3345 4142 3488 4201 dicit

1886 4250 2187 4322 Apostolus
2231 4248 2379 4320 quod
2427 4245 2730 4301 carnaliter
2779 4244 3076 4312 saperent;
3117 4242 3177 4291 et
3226 4232 3485 4289 inﬁdeles

1888 4338 2037 4410 quod
2064 4343 2288 4408 tempus
2312 4335 2510 4406 gratiae
2540 4349 2573 4387 a
2614 4330 2754 4402 legis
2780 4335 3034 4399 tempore
3058 4339 3172 4380 non
3199 4322 3488 4376 discerne-

1890 4407 2037 4494 rent,
2067 4407 2271 4498 quibus
2314 4424 2441 4479 ideo
2475 4421 2612 4477 dicit
2638 4418 2781 4473 nihil
2822 4416 3117 4481 mundum,
3152 4411 3287 4483 quia
3314 4414 3372 4464 et
3395 4407 3486 4463 his

264 4506 315 4560 9.
348 4508 607 4560 AMBROS.
635 4504 761 4560 Non
789 4502 1151 4557 iracundum.
1176 4499 1295 4553 Hoc
1326 4502 1411 4589 est
1438 4491 1806 4589 reminiscen-
1823 4475 1873 4537 Β
1894 4475 2456 4589 Ψω⁷ΐξερἶιᾶθξιῖι⁷ν
2483 4475 2609 4583 tat”
2643 4504 3021 4579 respuebant],
3047 4475 3220 4556 et'his
3248 4513 3372 4570 qua,
3398 4511 3490 4552 su_

202 4598 305 4647 tem
334 4594 512 4660 iram,
545 4599 604 4648 et
626 4609 731 4665 per
758 4591 910 4663 longi
940 4589 1211 4661 temporis
1239 4586 1423 4659 spatia
1448 4586 1757 4639 tenentem.

258 4682 349 4740 10.
379 4685 602 4741 Lma.
619 4684 888 4751 Proprias
913 4697 1107 4735 eorum
1121 4678 1406 4748 propheta.
1431 4672 1673 4730 Attende
1696 4684 1811 4725 non

201 4770 373 4827 solum
401 4772 659 4837 Iudaeos,
692 4771 791 4826 sed
814 4776 872 4825 et
895 4776 1093 4841 gentes
1121 4766 1387 4822 habuisse
1411 4762 1736 4836 prophetas.

264 4863 349 4915 ll.
394 4861 684 4918 Cretenses
726 4874 936 4929 semper
974 4858 1274 4912 mendaces.
1325 4855 1488 4909 Tales
1544 4866 1667 4906 esse
1715 4863 1810 4902 eos

203 4950 505 5005 conﬁrmat
527 4954 727 5004 auctor
750 4948 1128 5020 Epimenides,
1151 4950 1321 5019 poeta
1346 4941 1592 5016 gentilis.

264 5038 634 5095 12.Axaaos.
656 5038 855 5092 Omnia
877 5038 1091 5090 munda
1112 5036 1355 5090 mundis.
1378 5034 1515 5097 Quae
1534 5030 1605 5085 ad
1625 5044 1810 5084 escam

202 5126 337 5183 facta
357 5134 527 5194 sunt,
547 5125 692 5181 nihil
720 5125 777 5180 in
798 5142 859 5179 se
886 5123 1245 5179 immundum
1273 5121 1516 5189 habent;
1547 5119 1595 5174 si
1620 5123 1811 5173 tamen

200 5220 317 5288 quis
341 5235 485 5273 cum
510 5215 725 5271 munda
744 5213 1088 5269 conscientia
1110 5213 1244 5267 velit
1269 5211 1573 5266 insumere.
1605 5208 1661 5263 Si
1686 5206 1811 5278 quis

200 5312 383 5362 autem
403 5323 522 5379 per
543 5321 705 5360 suam
735 5303 1191 5359 incredulitatem
1213 5301 1385 5356 habet
1411 5297 1815 5355 conscientiam

199 5397 651 5468 coinquinatam,
683 5393 828 5449 nihil
866 5392 1143 5448 mundum
1184 5390 1394 5464 poterit
1428 5388 1513 5444 illi
1541 5402 1682 5452 esse,
1717 5384 1815 5457 qui

199 5486 466 5542 taliaest.

260 5574 358 5636 13.
389 5576 662 5633 Accusa.
686 5571 807 5645 (lib.
830 5576 1119 5642 xxxxcont.
1147 5573 1382 5645 Fausta,
1403 5584 1455 5625 c.
1476 5568 1530 5637 4,
1557 5570 1694 5627 tom.
1716 5565 1815 5636 Vi)

1890 4605 2121 4661 mebant
2148 4620 2262 4659 non
2291 4606 2503 4669 sancte,
2523 4615 2637 4655 non
2656 4599 2810 4670 juste
2836 4593 3163 4649 utebantur.

1964 4713 2120 4770 CAP.
2142 4711 2290 4767 II.—-
2309 4709 2358 4767 1.
2376 4710 2584 4765 Lmen.
2614 4707 2674 4761 Ut
2698 4705 3030 4759 doctrinam.
3058 4698 3176 4753 Hoc
3203 4695 3276 4750 ad
3299 4692 3493 4749 omnia

1889 4804 2183 4877 superiora
2210 4799 2471 4866 refertur,
2502 4813 2570 4852 ex
2598 4810 2664 4850 eo
2701 4794 2843 4859 loco,
2887 4804 2998 4863 quo
3025 4786 3162 4842 dicit
3193 4802 3207 4840 :
3238 4800 3389 4840 senes
3425 4785 3492 4837 ut

1889 4895 2064 4950 sobrii
2090 4895 2223 4947 sint.

1963 5001 2017 5056 2.
2054 5001 2262 5057 Ornent
2288 5000 2354 5052 in
2378 4994 2652 5050 omnibus.
2688 4989 3104 5045 Ornamentum
3133 4978 3379 5038 doctoris
3408 4980 3494 5032 est

1892 5092 2131 5147 honesta
2158 5087 2271 5142 vita
2301 5083 2726 5156 discipulorum.

1965 5199 2019 5257 3.
2037 5198 2315 5267 Apparuit
2345 5195 2496 5247 enim
2526 5189 2801 5245 omnibus.
2825 5181 3000 5249 Quasi
3021 5179 3262 5267 diceret:
3282 5169 3497 5267 Dat-{tri-

1896 5305 2032 5345 nam
2073 5257 2280 5341 Christi
2310 5296 2512 5336 ornare
2554 5280 2779 5349 oportet
2806 5271 2990 5327 omnis
3032 5266 3123 5347 cui
3157 5260 3345 5335 gratia
3369 5257 3496 5324 Dei,

1897 5380 1957 5435 id
1984 5383 2072 5434 est
2098 5373 2354 5430 remissio
2383 5372 2762 5444 peccatorum,
2782 5367 2841 5417 et
2868 5361 2982 5416 vita
3000 5362 3211 5414 aeterna
3228 5351 3289 5407 in
3306 5363 3504 5422 prom-

1899 5475 2003 5545 ptu
2033 5472 2140 5535 est,
2173 5462 2437 5520 omnibus
2460 5453 2791 5515 ornantibus
2817 5465 2963 5506 eam.
