3852 6178
241 216 340 280 373
785 228 866 285 IN
907 229 964 284 υ.
1011 230 1224 288 PAULI
1267 218 1490 288 EPIST.
1533 221 1906 288 COMMENT.
1951 261 2015 273 .-
2055 220 2278 287 EPlS'l‘.
2321 223 2418 285 AD
2457 220 2958 285 PHILEllONEM.
3403 223 3511 284 374

235 351 426 420 Appia;
449 355 618 412 uxori
643 353 818 407 sorori
842 356 1204 422 Charissimze,
1240 363 1296 412 et
1326 358 1605 429 Archippo
1638 359 1754 425 filio
1785 360 1898 424 eius
1920 359 2287 412 commilitoni
2323 362 2534 416 nostro,
2569 359 2623 409 et
2657 356 2932 419 Ecclesiae,
2967 363 3093 426 quin
3121 355 3177 409 in
3208 355 3377 408 domo
3399 360 3504 410 tua

238 439 552 494 est.Gratia
571 437 740 504 vobis,
756 448 813 496 et
836 454 946 514 pax
967 461 1000 498 a
1023 448 1136 499 Deo
1165 449 1332 500 Patre
1356 453 1566 502 nostro.
1585 454 1642 500 et
1663 433 1899 500 Domino
1921 447 2051 500 Jesu
2073 447 2314 500 Christo.
2335 445 2558 498 Gratias
2587 462 2690 514 ago
2725 446 2836 498 Deo
2869 453 3013 508 meo,
3043 451 3268 514 semper
3289 455 3507 498 memoa'

237 528 373 580 riam
405 529 489 581 tui
519 529 724 583 faciens
763 532 824 585 in
864 534 1209 590 orationibus
1255 537 1414 598 meis,
1451 537 1686 590 audiens
1715 536 2045 590 charitatem
2077 543 2252 599 tuam,
2294 543 2350 588 et
2377 535 2564 600 ﬁdem",
2593 546 2761 603 quam
2792 531 2964 586 habes
2993 534 3050 587 in‘
3082 533 3319 587 Domino
3348 533 3501 598 Jesti,

237 633 401 684 quam
416 619 917 674 charitatemhabes
932 622 1053 680 et3.
1077 626 1136 679 in
1161 643 1355 679 omnes
1373 634 1619 694 sanctos,
1642 625 1692 681 --i.
1718 632 1780 679 ut
1804 627 2235 680 communicatio
2265 625 2392 678 ﬁdei
2413 637 2519 678 tuze
2546 625 2771 678 evidens
2795 626 2910 684 ﬁat.
2936 625 2991 678 in
3017 625 3303 695 agnitione
3321 624 3505 678 omnis

239 707 419 776 operis
451 706 584 764 boni
621 714 858 778 patrati,
892 714 1038 782 quod
1081 718 1166 766 est
1186 714 1243 767 in
1269 715 1441 777 vobis,
1466 717 1547 767 rel
1571 716 1741 776 nobis,
1766 715 1815 769 5.
1847 716 1906 769 in
1945 716 2165 768 Christo
2195 717 2348 780 Jesu,
2383 715 2454 766 ad
2494 715 2702 769 Christi
2729 715 3009 767 honorem.
3035 714 3315 767 Gaudium
3353 713 3506 766 enim

237 798 373 863 (alia
391 801 610 850 ratione
642 801 817 852 reddit
847 805 1076 870 gratias)
1103 820 1367 873 magnum
1399 804 1588 871 habui,
1612 812 1668 857 et
1687 804 2122 857 consolationem
2146 804 2201 856 in
2231 803 2523 868 charitate,
2549 802 2681 872 quia
2701 802 2908 855 viscera
2940 807 3262 856 sanctorum
3279 803 3506 873 requie-

239 895 437 938 rerunt
463 891 569 956 per
596 887 672 953 te,
703 888 899 957 frater,
928 896 1140 944 sanctos
1173 895 1412 957 rae/irati
1448 892 1629 946 dando
1657 895 1720 946 de
1753 896 1863 946 tuis
1887 933 1898 944 .
1921 893 2156 964 PrOpter
2185 893 2353 964 quod,
2388 882 2445 943 id
2487 898 2582 956 est,
2619 885 2945 944 charitatem
2970 893 3145 954 tuam,
3178 885 3214 945 ϐ
3265 887 3506 945 multam

241 974 503 1026 ﬁduciam
535 969 818 1029 habensin
836 979 1200 1034 ChristoJesu
1227 981 1539 1051 imperandi
1562 981 1662 1034 tibi
1690 983 1836 1051 quod
1857 982 1924 1035 ad
1951 999 2064 1035 rem
2090 980 2942 1052 pertinet;preptercharitatem
2968 981 3145 1049 magis
3166 979 3413 1044 obsecro,
3449 977 3502 1033 7.

242 1079 359 1114 cum
396 1062 475 1115 sis
505 1062 560 1118 8.
591 1066 740 1130 talis,
774 1074 837 1119 ut
865 1085 957 1134 ego
986 1069 1192 1122 Paulus
1224 1087 1412 1130 senex.
1444 1087 1591 1123 nunc
1620 1078 1806 1124 autem
1835 1077 1891 1124 et
1920 1072 2134 1125 vinctus
2160 1073 2290 1125 Jesu
2330 1071 2538 1123 Christi
2566 1089 2577 1134 ;
2615 1068 2842 1122 obsecro
2873 1074 2927 1121 te
2970 1085 3068 1138 pro
3114 1067 3166 1120 9.
3215 1085 3336 1122 meo
3367 1069 3503 1130 filio,

242 1168 400 1221 quem
429 1153 627 1220 genui,
659 1156 956 1222 baptizari,
991 1158 1046 1210 in
1073 1159 1329 1224 vinculis,
1355 1158 1442 1214 10.
1480 1160 1762 1222 Onesimo,
1793 1160 1888 1230 qui
1927 1160 2029 1212 tibi
2079 1159 2153 1214 11.
2199 1160 2502 1229 aliquando
2533 1157 2745 1211 inutilis
2779 1157 3166 1224 (tempe-retire)
3198 1155 3324 1221 fuit,
3359 1172 3509 1208 nunc

241 1247 425 1292 autem
461 1247 522 1294 et
549 1243 688 1295 mihi
719 1243 804 1299 1'2.
837 1251 895 1299 et
923 1247 1026 1299 tibi
1052 1248 1205 1301 utilis
1235 1251 1359 1314 ε’νιίέ,
1385 1266 1550 1320 quem
1585 1250 1770 1302 remisi
1801 1248 1920 1303 tibi.
1951 1249 2034 1302 Tu
2065 1255 2250 1301 autem
2283 1248 2444 1300 illum
2474 1252 2538 1300 ut
2560 1264 2683 1299 mea
2707 1232 2913 1299 viscera
2936 1245 3190 1314 Suscipe;
3217 1253 3384 1314 quem
3406 1257 3509 1314 ego

243 1329 529 1384 volueram
565 1340 784 1386 mecum
829 1335 1098 1393 detinere.
1125 1341 1185 1390 ut
1205 1355 1305 1407 pro
1321 1344 1376 1391 te
1399 1339 1536 1391 mihi
1565 1337 1642 1393 13.
1671 1339 2017 1393 ministraret
2055 1336 2140 1392 'l-‘i.
2178 1337 2236 1390 in
2270 1334 2499 1390 vinculis
2531 1336 2851 1405 Evangelii;
2885 1335 3013 1388 sine
3050 1326 3282 1387 censilio
3316 1337 3510 1385 autem

244 1429 336 1470 tuo
366 1420 512 1472 nihil
544 1423 692 1475 volui
718 1423 901 1476 facere
935 1425 1013 1478 uti
1044 1442 1113 1478 ne
1144 1428 1310 1492 velut,
1331 1430 1390 1480 ut
1417 1439 1625 1491 non,ex
1649 1428 1998 1488 necessitate,
2026 1429 2311 1479 eaactorie.
2347 1425 2554 1479 bonum
2584 1431 2742 1478 tuam
2774 1432 2941 1486 esset,
2975 1423 3070 1476 sed
3103 1422 3509 1475 voluntarium.

245 1506 506 1561 Forsitan
529 1510 678 1562 enim
701 1511 826 1564 ideo
842 1512 1100 1566 discessit
1118 1515 1186 1566 ad
1211 1515 1407 1568 horam
1430 1531 1463 1568 ει
1484 1519 1559 1580 te,
1578 1517 1642 1568 ut
1668 1515 1746 1582 15‘,
1778 1513 2173 1580 l6.aeternl1m,
2197 1515 2302 1579 hic,
2328 1521 2375 1567 et
2394 1519 2454 1568 in
2479 1516 2742 1581 [lituram
2765 1514 2915 1579 ﬁdeli
2920 1517 3001 1565 ter
3020 1513 3180 1565 illum
3204 1511 3502 1580 reciperes;

238 1595 350 1662 jam
376 1608 492 1650 non
525 1598 609 1654 17.
636 1606 700 1652 ut
729 1611 974 1662 Servum,
998 1603 1093 1654 sed
1118 1607 1216 1672 pro
1241 1615 1400 1656 servo
1429 1605 1823 1658 charissimum
1864 1606 2114 1664 fratrem,
2159 1603 2415 1662 maxime,
2449 1605 2620 1663 valde,
2671 1603 2828 1666 mihi,
2857 1605 3073 1671 quanto
3109 1603 3300 1653 autem
3330 1596 3514 1667 magis

242 1682 358 1747 tibi,
385 1690 441 1737 et
475 1684 557 1739 13.
582 1683 643 1738 in
665 1695 832 1739 Carne
856 1705 1062 1753 servus,
1088 1697 1145 1742 et
1175 1691 1232 1742 in
1269 1691 1536 1745 Domino?
1559 1695 1618 1744 in
1648 1695 1750 1759 [ille
1783 1695 1970 1759 ﬁrma.
1995 1693 2053 1747 Si
2086 1709 2218 1762 ergo
2242 1689 2593 1759 (adjuratirel
2617 1692 2788 1744 habes
2811 1699 2898 1743 me
2926 1691 3007 1745 l9.
3032 1689 3266 1750 socium,
3290 1687 3532 1756 ειιεςιίρεςΔ

243 1773 394 1825 illum
419 1775 567 1828 sicut
585 1792 703 1842 me;
729 1777 774 1829 si
797 1782 986 1831 autem
1011 1779 1244 1848 aliquid,
1273 1782 1607 1833 detrahendo
1640 1796 1723 1832 res
1748 1785 1888 1847 luas,
1924 1781 2113 1835 notuit
2143 1781 2263 1834 tibi.
2298 1786 2396 1834 aut
2425 1781 2590 1834 debet
2614 1799 2625 1846 ;
2659 1781 2762 1833 hoc
2791 1779 2928 1832 inihi
2961 1780 3199 1848 imputa.
3227 1777 3338 1845 Ego
3364 1772 3512 1829 Pan}a

241 1860 323 1912 lus
339 1863 546 1932 scripsi
567 1881 696 1917 mea
720 1882 893 1919 manu
915 1886 926 1934 ;
949 1884 1051 1936 ego
1075 1868 1328 1933 reddam,
1352 1876 1415 1922 ut
1438 1886 1547 1922 non
1574 1870 1754 1923 dicam
1776 1871 1895 1934 tibi,
1914 1871 2061 1940 quod
2095 1875 2150 1923 et
2170 1871 2411 1940 teipsutn
2437 1870 2573 1922 mihi
2595 1867 2763 1922 debes
2789 1887 2800 1935 ;
2824 1866 2913 1923 ‘20.
2939 1867 3036 1931 ita,
3059 1867 3255 1919 frater.
3276 1865 3392 1934 Ego
3418 1862 3511 1919 Si;

246 1957 298 2001 te
335 1951 498 2005 fruar
529 1953 589 2005 in
621 1953 860 2008 Domino
889 1975 901 2021 ;
936 1957 1099 2010 reﬁce
1130 1958 1339 2011 viscera
1360 1975 1505 2019 mea,
1529 1961 1694 2019 hunc,
1713 1960 1768 2012 in
1799 1960 2053 2012 Domino.
2079 1959 2377 2011 Conﬁdens
2405 1958 2462 2011 in
2484 1957 2803 2011 obedientia
2830 1963 2928 2010 tua
2959 1955 3152 2026 scripsi
3183 1954 3304 2015 tibi,
3330 1953 3515 2006 sciens

243 2041 510 2108 quoniam
541 2048 598 2095 et
616 2059 786 2115 super
803 2045 857 2098 id
879 2047 1027 2115 quod
1049 2047 1300 2113 dico,(vel
1324 2049 1580 2110 liberum,
1610 2052 1685 2102 vel
1705 2051 1866 2103 aliud
1887 2051 2110 2107 bonum)
2136 2047 2322 2101 facies.
2347 2047 2523 2102 Simul
2539 2055 2729 2101 autem
2754 2052 2810 2100 et
2834 2063 2972 2119 para
3000 2044 3135 2099 mihi
3160 2042 3469 2114 hospitium
3500 2061 3514 2108 ς

1600 2196 2186 2253 COMMENTARIUS.

240 2327 289 2374 et
307 2335 461 2377 nunc
492 2323 562 2376 de
593 2321 676 2377 his
708 2341 830 2395 quae
870 2324 929 2377 in
968 2330 1245 2394 potestate
1285 2324 1627 2379 Philemonis
1655 2332 1835 2378 erant.
1860 2331 1903 2384 Α
1925 2331 2080 2380 zatus
2112 2332 2232 2395 est;
2268 2344 2431 2398 quem
2460 2326 2774 2388 remittens,
2807 2338 2907 2394 pro
2933 2338 2998 2376 eo
3026 2335 3178 2375 nunc
3203 2312 3385 2388 rogat.

239 2409 302 2463 Et
332 2411 476 2466 illud
529 2413 710 2484 magis
753 2414 1174 2484 proponendum
1223 2415 1441 2468 censuit
1487 2416 1630 2485 quod
1681 2416 1839 2469 valde
2002 2413 2082 2469 ll.
2115 2417 2359 2469 AMBROS.
2390 2415 2721 2482 .tlliquando.
2747 2412 2979 2482 Adjecto
3009 2407 3330 2479 aliquando,
3345 2401 3521 2460 alium

239 2498 479 2554 suadere
503 2508 746 2572 poterat,
768 2502 900 2572 quia
924 2518 1024 2572 pro
1053 2503 1290 2556 aliorum
1322 2503 1500 2556 salute
1530 2502 1842 2558 habebatur
1925 2520 2046 2558 esse
2075 2503 2224 2558 hunc
2253 2504 2499 2558 ostendit
2526 2502 2594 2556 ab
2624 2502 2717 2555 illo
2748 2501 2843 2571 qui
2872 2499 3107 2553 dudum.

238 2587 291 2640 in
329 2590 595 2644 vinculis.
1996 2593 2090 2649 1‘2.
2125 2596 2190 2648 Et
2222 2597 2341 2648 tibi.
2386 2596 2450 2648 In
2482 2592 2674 2664 primis
2700 2590 2854 2644 dixit.
2884 2588 3005 2655 tibi,
3033 2593 3097 2642 ut
3124 2603 3237 2641 non
3266 2579 3525 2664 videatur

302 2677 352 2734 ‘2.
385 2681 724 2733 Philemoni.
747 2679 1150 2749 Maritojunxit
1171 2697 1420 2746 uxorem,
1444 2680 1643 2734 deinde
1664 2681 1840 2734 ﬁlium
1923 2682 2170 2738 alienum
2196 2700 2415 2737 servum
2465 2682 2795 2736 subtrahere
2826 2679 2895 2732 ab
2925 2679 3047 2748 ejus
3074 2675 3320 2731 domino.
3361 2661 3523 2737 Quod

239 2767 583 2822 Philemonis
613 2776 667 2822 et
698 2770 912 2839 Appiae,
945 2787 1043 2822 nec
1072 2777 1322 2837 caeteros,
1356 2770 1450 2840 qui
1487 2769 1843 2841 pertinebant
1922 2771 2082 2831 dixit,
2122 2771 2243 2837 tibi,
2276 2770 2672 2841 contemplatio
2703 2770 2791 2839 [f.,
2839 2761 3334 2836 contemplatione}
3364 2759 3524 2814 obse-

238 2856 302 2908 ad
329 2873 447 2917 eos,
482 2853 768 2910 fraudavit
797 2857 1133 2911 salutatione
1925 2860 2039 2930 quii
2069 2860 2234 2925 dixit;
2268 2861 2415 2930 quod
2446 2867 2655 2923 autem,
2684 2853 2839 2923 mihi,
2872 2855 3181 2910 secundum
3211 2843 3520 2921 correptio-

303 2945 354 2997 3.
389 2948 458 2998 In
507 2964 698 3000 omnes
728 2953 957 3000 sanctos.
1003 2949 1079 3001 Ex
1123 2949 1228 3001 hoc
1267 2948 1405 3001 illud
1459 2947 1834 3016 cognoscitur.
1924 2962 2052 3001 nem
2083 2951 2204 3018 ejus
2231 2950 2388 3003 dixit.

239 3034 374 3087 Nam
404 3052 546 3104 erga
572 3045 797 3088 sanctos
825 3038 1066 3090 Charitas
1100 3037 1159 3090 in
1191 3037 1453 3108 operibus
1484 3039 1839 3091 demonstra-
1998 3034 2080 3092 13.
2113 3039 2476 3091 Ministraret.
2505 3035 2837 3090 Vultdicere
2856 3031 3217 3086 :etiamsihoc
3241 3029 3518 3095 fecisSem,

239 3131 310 3187 ta,
352 3126 645 3190 allectum,
679 3142 847 3195 quem
875 3142 1010 3195 erga
1043 3127 1220 3179 Deum
1253 3126 1444 3185 habes,
1490 3127 1834 3197 comprobat.
1922 3130 2081 3178 tuum
2132 3127 2350 3179 lucrum
2393 3132 2514 3179 erat.
2546 3132 2608 3179 ut
2633 3126 2680 3178 is
2712 3123 2850 3177 mihi
2900 3121 3264 3175 ministraret.
3296 3120 3447 3179 Nam,
3473 3117 3524 3172 si

237 3211 389 3266 Unde
417 3221 480 3266 et
515 3214 730 3284 optime
757 3215 964 3284 adjecit
995 3234 1006 3267 :
1044 3217 1104 3268 Ut
1134 3219 1561 3269 communicatio
1585 3217 1713 3282 ﬁdei
1735 3221 1842 3269 tua
1921 3229 2112 3268 servus
2169 3212 2299 3269 tuus
2355 3215 2706 3268 ministraret
2748 3212 2904 3274 mihi,-
2949 3209 3266 3264 mercedem
3322 3208 3525 3278 utique

233 3306 470 3368 perfecta
499 3307 600 3369 ﬁat
629 3307 695 3357 in
722 3308 1006 3370 agnitione
1034 3308 1214 3358 omnis
1245 3306 1393 3358 boni.
1920 3303 2020 3356 tibi
2045 3303 2388 3374 acquirebat.
2418 3301 2533 3358 Nec
2557 3303 2699 3356 dixit
2727 3318 2826 3372 pro
2856 3307 2931 3366 te,
2963 3299 3061 3353 sed
3089 3315 3191 3369 pro
3225 3298 3326 3351 tuo
3362 3309 3521 3351 Coms

298 3391 348 3446 4.
385 3393 602 3446 Lmen.
637 3395 698 3447 Ut
727 3395 1246 3460 communicatio,id
1276 3400 1382 3460 est,
1416 3393 1838 3449 communicaris
1921 3393 2105 3446 modo.

238 3480 357 3533 ﬁdei
396 3489 612 3535 nostra:
646 3482 784 3535 ﬁdes
812 3485 932 3536 tua.
2002 3482 2080 3538 14.
2117 3483 2326 3536 LANFR.
2379 3484 2445 3535 In
2499 3482 2738 3534 vinculis
2790 3479 3094 3545 Evangelii,
3129 3477 3187 3530 id
3239 3479 3345 3542 est,
3393 3479 3517 3546 quae

300 3569 350 3622 Ξ).
377 3572 452 3624 In
478 3571 708 3624 Clanis-to.
747 3573 854 3635 Qui
888 3587 981 3625 me
1003 3573 1334 3642 Apostolum
1357 3569 1506 3625 fecit.
1854 3607 1898 3642 ι)
1919 3573 2169 3626 sustineo
2198 3578 2428 3642 propter
2459 3570 2839 3640 Evangelium,
2873 3568 3021 3638 quod
3050 3567 3310 3638 praedico.-

298 3657 348 3711 6.
379 3661 649 3715 AMBROS.
697 3662 986 3714 Fiduciam
1017 3665 1274 3714 multam.
1307 3663 1428 3714 Non
1460 3661 1600 3714 dixit
1633 3679 1644 3714 ε
1676 3667 1835 3731 pote-

239 3753 432 3801 statem
469 3749 650 3802 habeo
681 3750 1058 3821 przeeipiendi,
1093 3750 1189 3804 sed
1229 3751 1511 3804 fiduciam.
1544 3753 1668 3804 Non
1697 3751 1840 3804 dixit

240 3845 464 3907 propter
487 3841 889 3908 apostolatum,
919 3841 1016 3893 sed
1047 3846 1276 3910 propter
1297 3840 1631 3894 charitatem
1664 3856 1834 3909 quam

241 3942 359 3995 erga
383 3945 588 3981 omnes
620 3929 884 3982 habebat.
911 3929 1016 3992 Qui
1048 3929 1194 3982 enim
1219 3945 1354 3998 erga
1384 3943 1577 3982 omnes
1611 3935 1833 3982 sanctos

239 4014 306 4068 sic
326 4017 580 4070 liberalis
599 4024 703 4079 est.
730 4032 1018 4088 nunquam
1040 4017 1189 4072 hunc
1207 4019 1449 4088 gratiam
1494 4017 1832 4090 postulatam

240 4104 362 4157 dare
392 4106 631 4176 pigebit.

305 4194 350 4245 ἶ.
385 4197 524 4248 Cum
556 4198 632 4246 sis
657 4197 797 4248 talis
820 4200 881 4247 ut
899 4199 1125 4250 Paulus.
1160 4197 1338 4251 Omne
1365 4198 1514 4266 quod
1551 4209 1832 4251 summum

242 4279 434 4336 bonum
458 4283 704 4353 intelligi
728 4289 966 4354 poterat,
984 4286 1086 4339 hoc
1101 4292 1225 4340 erat
1253 4287 1308 4340 in
1339 4287 1534 4340 Paulo.
1555 4287 1835 4356 Adjicion-

241 4369 303 4420 do
329 4373 612 4430 seniorem
644 4379 703 4426 et
727 4373 996 4440 vinctum,
1025 4373 1095 4428 ad
1129 4376 1499 4429 reverentiam
1537 4391 1665 4429 eum
1698 4374 1835 4430 invi-

237 4461 384 4514 tavit.

299 4549 350 4604 8.
383 4551 600 4605 Lucra.
639 4553 804 4605 Talis.
843 4553 1021 4606 Senex
1053 4557 1178 4612 erat
1204 4553 1310 4606 iste
1337 4554 1482 4607 sicut
1507 4553 1831 4624 Apostolus,

239 4640 428 4691 etideo
457 4656 576 4692 non
598 4641 717 4694 vult
745 4640 852 4693 sibi
883 4641 1181 4711 imperare,
1213 4642 1309 4695 sed
1340 4641 1632 4695 obsecrare
1659 4661 1672 4709 ;
1712 4643 1832 4712 ipse

238 4726 378 4779 enim
407 4729 670 4798 superius
702 4729 842 4783 dixit
868 4749 878 4782 :
908 4729 1194 4784 Seniorem
1224 4746 1290 4784 ne
1318 4733 1706 4798 inereparerts,
1747 4733 1838 4785 sed

238 4814 444 4870 obsecra
473 4822 537 4870 ut
559 4823 797 4885 patrem.

303 4905 353 4959 9.
381 4910 631 4961 Asianos.
651 4909 757 4961 Pro
788 4923 902 4961 meo
920 4911 1052 4974 ﬁlio.
1074 4909 1223 4962 Bene
1249 4910 1494 4980 primum
1531 4905 1688 4973 dixit,
1710 4922 1837 4980 pro-

243 4997 428 5064 positis
472 4999 596 5068 ejus
643 4999 1080 5053 mutabilitatem
1115 4999 1207 5071 [f.,
1241 5002 1528 5071 proposita
1555 5003 1678 5070 ejus
1708 5015 1833 5055 mu-

248 5084 565 5159 tabilitate];
597 5103 665 5140 ac
692 5088 771 5140 sic
803 5089 988 5158 posuit
1009 5105 1234 5159 nomen,
1261 5105 1327 5144 eo
1356 5091 1503 5160 quod
1535 5090 1704 5143 sciret
1724 5107 1833 5143 non

245 5171 372 5227 bene
403 5176 618 5229 habere
642 5176 825 5230 deillo
855 5177 1258 5245 Philemonem,
1293 5179 1835 5250 propterpristinam

245 5264 354 5330 Pjus
386 5263 848 5321 mutabilitatem.

307 5349 394 5406 10.
439 5353 648 5407 Lai-ara.
683 5354 954 5408 OnesimO.
988 5354 1288 5408 Onesimus
1305 5355 1410 5409 iste
1429 5367 1622 5409 servas
1655 5354 1835 5409 Phile-

252 5442 420 5494 monis
452 5448 596 5508 erat,
628 5442 723 5512 qui
759 5441 982 5512 fugiens
1025 5443 1320 5498 dminum
1367 5457 1550 5510 suum,
1580 5445 1834 5514 quadam

251 5528 462 5584 furatus
491 5537 604 5599 est;
637 5531 738 5586 sed
767 5531 995 5586 veniens
1009 5531 1254 5590 Romam
1282 5532 1354 5587 ab
1374 5533 1641 5604 Apostolo
1661 5532 1836 5603 bapti—

1994 3661 2077 3717 ‘15.
2098 3661 2466 3724 Ait-eratlde
2484 3657 2936 3724 est,aiternaliter
2955 3654 3140 3710 tecum
3162 3655 3353 3723 ,οε
3370 3655 3524 3710 ﬂutat:

1918 3766 2062 3816 rum,
2083 3757 2147 3804 ut
2175 3764 2286 3804 non
2307 3751 2486 3804 dicam
2514 3749 2634 3803 tibi.
2658 3752 2858 3802 Astute
2883 3751 3046 3817 rogat
3070 3752 3134 3800 ut
3153 3747 3301 3816 quod
3323 3745 3522 3800 servat

1917 3839 1966 3891 ei
2000 3839 2182 3903 debet,
2217 3839 2322 3892 sibi
2351 3839 2620 3892 dimittat.
2653 3835 2824 3901 Quasi
2852 3833 3067 3889 diceret
3089 3836 3350 3892 :Possem
3373 3836 3522 3889 (11οω

1916 3945 1978 3980 re
2004 3929 2150 3998 quod
2181 3943 2289 3983 non
2313 3929 2495 3982 solum
2527 3929 2646 3993 hoc,
2676 3928 2774 3982 sed
2799 3933 2855 3981 et
2884 3927 3125 3998 teipsam
3156 3926 3328 3981 debes
3352 3924 3515 3990 mihi,

1917 4018 2012 4070 sed
2043 4018 2189 4070 nolo.
3357 4062 3368 4078 .

1987 4106 2694 4160 16.AMcn0s.1Eternum.
2746 4099 2985 4157 Evidens
3033 4109 3120 4157 est
3157 4101 3425 4173 quoniam
3448 4101 3515 4154 in

1919 4193 2110 4264 fugam.
2142 4210 2332 4248 versus
2373 4201 2460 4248 est
2489 4192 2706 4246 arbitrii
2750 4190 2852 4264 per
2897 4192 3254 4263 pravitatem.
3304 4188 3384 4243 Ex
3431 4189 3521 4245 his

1920 4299 2048 4336 vero
2077 4297 2200 4354 quae
2226 4284 2373 4337 facta
2401 4284 2625 4337 fuerant
2652 4282 2941 4336 occasione
2964 4279 3366 4351 acceptamixit
3381 4283 3514 4334 eum

1917 4373 2228 4436 recessisse,
2261 4378 2326 4425 ut
2355 4373 2552 4425 melior
2590 4374 2781 4437 ﬁeret;
2816 4368 3100 4440 pmbebat
3143 4370 3296 4422 enim
3341 4369 3512 4423 firmi-

1916 4469 2090 4516 tatem
2121 4462 2417 4518 verborum
2466 4459 2608 4532 erS,
2653 4461 2836 4515 exitus
2856 4459 3050 4530 'ipsius
3083 4459 3311 4530 negotii.
3353 4453 3520 4514 Undc

1915 4567 2021 4604 nec
2043 4551 2346 4615 definitive,
2381 4551 2479 4604 sed
2507 4550 2814 4604 dubitativa
2837 4549 2994 4603 dixit.

1983 4657 2070 4715 17.
2101 4660 2160 4712 Ut
2190 4675 2426 4711 servum.
2463 4652 2580 4710 Hoc
2609 4663 2714 4720 est,
2749 4654 2986 4726 recipias
3016 4665 3145 4710 eam
3174 4657 3288 4710 non
3331 4655 3516 4710 salum

1916 4749 2115 4801 servile
2135 4745 2465 4817 obsequium
2494 4746 2922 4817 persolventem.

1985 4852 2072 4910 18.
2110 4853 2174 4908 In
2205 4871 2386 4908 carne.
2417 4856 2636 4908 Statum
2661 4855 2809 4908 hunc
2838 4851 3204 4928 temporalem
3231 4849 3388 4922 dixit,
3421 4837 3521 4929 qui

1852 4967 1894 5026 ρ
1916 4944 1974 4998 in
2013 4944 2306 5015 praesentia
2337 4943 2597 4998 habetur.

1991 5050 2074 5108 l‘J.
2103 5051 2344 5106 Sosium.
2397 5052 2475 5118 Si,
2529 5052 2728 5122 inquit,
2785 5050 3074 5107 existimas
3115 5050 3275 5106 nobis
3325 5051 3517 5107 omnia

1918 5158 2038 5195 esse
2067 5141 2406 5204 communia,
2439 5140 2623 5211 recipe
2655 5140 2825 5208 hunc,
2865 5157 2930 5194 eo
2959 5140 3110 5211 quod
3149 5157 3276 5194 eum
3307 5139 3515 5210 recepi,

1989 5246 2075 5303 20-
2107 5249 2211 5311 Ita,
2240 5248 2436 5313 frater.
2472 5247 2580 5300 Pro
2609 5247 2967 5316 adjuratione
2994 5248 3199 5316 posuit.-

1988 5355 2082 5410 21.
2128 5355 2196 5406 Te
2221 5356 2408 5421 fruar.
2446 5354 2569 5407 Hoc
2594 5359 2681 5406 est
2703 5353 2786 5406 sic
2807 5352 3024 5405 videam
3056 5358 3132 5416 te,
3166 5351 3224 5405 in
3255 5351 3516 5408 omnibus

1917 5440 2028 5496 illis
2053 5457 2179 5512 quae
2201 5441 2507 5496 secundum
2553 5438 2732 5495 Deum
2778 5447 2929 5500 sunt,
2971 5442 3282 5510 promotum
3311 5441 3522 5497 habena

1915 5540 2030 5589 tem
2055 5531 2430 5604 spiritualom,
2475 5531 2628 5602 quod
2656 5540 2850 5586 nam
2881 5530 3104 5587 testim
3125 5538 3247 5589 esse
3272 5531 3512 5590 Momm.-
