3852 6178
380 180 487 242 375

1362 181 1425 235 Β.
1467 178 1884 235 LANFRANCI
1923 178 2285 235 CANTUAR.
2328 177 2665 234 ARCHIEP.

3513 184 3605 244 376

377 324 510 364 nam
544 323 711 380 spero
754 323 857 379 per
889 305 1172 361 orationes
1204 308 1418 359 vestras
1455 303 1652 359 donari
1678 320 1768 358 me
1786 303 1959 358 vobis.
1992 303 2216 358 Veniam
2238 304 2390 357 enim
2418 304 2493 357 ad
2522 308 2587 356 te.
2622 302 2844 358 Salutat
2867 307 2924 357 te
2952 301 3243 374 Epaphras
3265 310 3591 379 concaptivus

381 415 543 453 meus
571 398 630 453 in
657 397 881 453 Christo
909 397 1062 463 Jesu,
1095 395 1337 459 Marcus,
1369 393 1753 461 Aristarchus,
1781 393 1986 449 Demus
2014 396 2071 448 et
2097 392 2298 460 Lucas,
2338 391 2628 464 adjutores
2656 392 2789 448 mei.
2824 392 3020 449 Gratia
3047 391 3269 450 Domini
3299 398 3463 453 nostri
3494 399 3612 458 Iesu

380 486 595 543 Christi
624 503 752 543 cum
781 485 984 558 spiritu
1016 489 1222 540 vestro.
1252 484 1452 541 Amen.

367 690 641 706 β

525 825 1182 939 EPISTOLA
1239 826 1358 935 B.
1419 825 1824 937 PAULI
1880 825 2545 937 APOSTOLI
2603 827 2782 935 AD
2837 826 3488 941 HEBRZEOS

1026 1033 1204 1095 CUM
1248 1030 1831 1093 INTERJECTIS
1872 1031 1951 1092 Β.
1997 1030 2502 1094 LANFRANCI
2544 1030 3031 1096 GLOSSULIS.

452 1203 859 1256 Aaeuuax'ruu.
887 1224 946 1237 -η
969 1194 1033 1249 In
1055 1194 1254 1264 primis
1273 1193 1571 1248 dicendum
1604 1199 1689 1248 est
1715 1210 1816 1248 cur
1834 1195 1979 1265 Apo-
1997 1194 2226 1255 Aferre.
2258 1193 2402 1249 Nam
2427 1193 2595 1248 simili
2626 1193 2792 1247 modo
2821 1192 2993 1247 etiam
3015 1198 3073 1246 et
3101 1193 3343 1247 Joannes
3369 1196 3632 1264 apostolus

384 1292 564 1349 stolas
585 1288 795 1344 Paulus
824 1286 884 1340 in
909 1285 1013 1339 hac
1048 1284 1298 1355 Epistola
1343 1283 1636 1339 scribenda
1664 1301 1772 1338 non
1799 1300 1982 1338 serva-
2060 1287 2292 1354 propter
2318 1282 2691 1337 humilitatem
2721 1282 2779 1336 in
2808 1280 3057 1351 Epistola
3099 1297 3202 1335 sua
3239 1297 3438 1336 nomen
3485 1300 3631 1338 suum

384 1380 528 1435 verit
554 1393 769 1433 morem
816 1390 1003 1439 suum,
1034 1377 1098 1427 ut
1127 1373 1211 1427 vel
1237 1372 1567 1427 vocabulum
1600 1372 1843 1427 nominis
1870 1373 1978 1439 sui,
2063 1372 2260 1426 eadem
2289 1372 2508 1426 ratione
2533 1388 2645 1426 non
2674 1371 2942 1442 praetulit.
2986 1371 3143 1425 Hanc
3181 1387 3312 1441 ergo
3351 1372 3632 1442 Epistulam

386 1471 474 1524 vel
499 1466 713 1523 ordinis
758 1461 1102 1519 describeret
1143 1461 1496 1532 dignitatem.
1532 1462 1663 1516 Haec
1699 1478 1870 1517 causa
1897 1467 1983 1517 est
2062 1461 2242 1516 fertur
2267 1462 2566 1532 Apostolus
2590 1461 2662 1515 ad
2695 1459 2954 1515 Hebraeos
2982 1459 3352 1531 conscriptam
3384 1459 3637 1516 Hebraica

388 1555 642 1630 quod,ad
663 1570 757 1608 eos
787 1551 1036 1607 scribens
1052 1550 1149 1621 qui
1178 1566 1244 1604 ex
1279 1550 1704 1605 circumcisione
1730 1551 1983 1606 credide-
2062 1549 2259 1620 lingua
2298 1550 2537 1606 misisse.
2580 1550 2754 1621 Cujus
2782 1565 3010 1603 sensum
3049 1553 3106 1603 et
3133 1549 3383 1604 ordinem
3412 1549 3636 1604 retinens

385 1649 535 1709 rant,
559 1642 717 1714 quasi
736 1640 994 1712 gentium
1025 1638 1345 1710 Apostolus,
1370 1644 1428 1693 et
1446 1655 1560 1693 non
1581 1639 1980 1709 Hebraeorum;

385 1733 568 1788 sciens
610 1744 833 1802 quoque
852 1744 1048 1783 eorum
1084 1726 1427 1799 superbiam,
1450 1744 1723 1800 suamque
1750 1729 1986 1784 humili-

388 1825 564 1877 tatem
593 1821 1008 1885 demonstrans,
1040 1815 1303 1871 meritum
1326 1816 1494 1872 ofﬁcii
1518 1817 1607 1873 sui
1631 1818 1813 1874 noluit
1831 1823 1987 1874 ante-

2066 1639 2245 1694 Lucas
2272 1639 2635 1710 evangelista,
2666 1645 2794 1711 post
2822 1654 3111 1693 excessum
3139 1637 3291 1694 beati
3319 1638 3473 1695 Pauli
3515 1655 3637 1714 apo-

2066 1728 2214 1795 stoli,
2250 1730 2437 1785 Graeco
2461 1745 2721 1785 sermone
2750 1727 3081 1799 composuit.

1625 1939 1819 2000 σιω
1855 1934 2099 1992 CAPUT
2136 1935 2446 1993 PRIMUM.

432 2053 518 2110 r‘l.
552 2052 607 2107 2.
640 2051 691 2108 3.
721 2050 1108 2116 Multifariam,
1143 2048 1196 2106 4.
1240 2050 1546 2121 multisque
1596 2050 1779 2105 modis
1818 2053 1980 2118 faelis
2018 2052 2152 2107 olim
2199 2054 2349 2108 Deus
2396 2054 2630 2126 loquens
2678 2055 2931 2127 patribus
2958 2055 3018 2111 in
3048 2055 3359 2128 prophetis,
3391 2071 3488 2125 per
3516 2069 3638 2124 pro-

388 2143 600 2215 phetas,
632 2140 931 2196 novissime
966 2139 1163 2194 diebus
1196 2138 1323 2194 istis
1361 2140 1418 2196 5.
1457 2140 1677 2194 locutus
1698 2145 1785 2195 est
1805 2140 1968 2195 nobis
1980 2142 2035 2195 6.
2060 2142 2118 2196 in
2134 2142 2295 2210 Filio,
2313 2158 2415 2211 per
2434 2145 2665 2211 Filium,
2692 2147 2754 2199 in
2770 2161 2848 2207 eo,
2874 2146 3019 2215 quod
3059 2147 3237 2209 homo,
3263 2162 3431 2216 quem
3459 2143 3645 2199 consti-

392 2232 504 2287 tuit
524 2233 575 2287 7.
599 2230 878 2286 haeredem
908 2228 1321 2294 universorum,
1356 2229 1496 2296 (qua
1524 2234 1658 2282 tunc
1684 2245 1783 2297 per
1811 2232 1993 2298 ipsum
2021 2231 2171 2297 facta
2198 2237 2351 2301 sunt)
2376 2249 2477 2304 per
2505 2249 2673 2304 quem
2698 2233 2828 2288 fecit
2855 2239 2914 2288 et
2936 2235 3159 2300 saicula,
3199 2234 3497 2289 secundum
3517 2232 3648 2301 quod

391 2323 551 2377 Deus.
575 2319 628 2375 8.
655 2319 763 2384 Qui
782 2335 909 2373 cum
927 2319 1002 2372 sit
1020 2317 1285 2388 splendor
1307 2316 1520 2387 gloriae,
1551 2319 1865 2385 (procedens
1887 2335 1920 2371 a
1941 2320 2121 2381 Patre,
2142 2326 2207 2375 ut
2225 2323 2484 2389 splendor
2501 2338 2537 2375 a
2551 2324 2678 2388 sole,
2699 2339 2812 2377 non
2835 2329 3022 2377 tamen
3042 2326 3291 2378 diversus
3311 2325 3400 2376 sed
3419 2322 3649 2376 eamdem

396 2412 600 2465 habens
629 2410 1018 2473 substantiam)
1043 2413 1100 2460 et
1120 2406 1168 2461 9.
1192 2408 1393 2477 ﬁgura,
1420 2409 1642 2471 veritas,
1666 2406 1993 2462 substantiae
2037 2409 2178 2478 ejus,
2220 2415 2582 2480 portansque,
2618 2426 2829 2478 regens,
2860 2411 3051 2466 omnia
3080 2411 3250 2466 verbo
3281 2410 3500 2465 virtutis
3526 2426 3648 2473 suae,

385 2503 552 2570 jussu
572 2500 801 2567 potenti,
828 2494 912 2561 10,
946 2494 1025 2551 li.
1061 2495 1453 2566 purgationem
1475 2500 1831 2566 peccatorum
1860 2496 2090 2561 faciens,
2121 2513 2233 2551 non
2263 2502 2449 2552 tamen
2463 2505 2695 2567 portans
2710 2506 2951 2566 peccata,
2984 2502 3077 2554 sed
3097 2502 3384 2570 dejiciens,
3406 2497 3488 2554 12-
3511 2497 3654 2552 sedet

396 2588 469 2643 ad
497 2587 785 2641 dexteram
808 2585 1124 2656 majestatis
1152 2589 1299 2649 (eum
1322 2585 1608 2638 dexteram
1626 2600 1724 2638 nec
1741 2587 2034 2638 sinistram
2052 2586 2193 2639 Deus
2214 2588 2426 2652 habeat,
2449 2590 2825 2655 mqualitatem
2853 2592 2971 2656 ejus
2990 2594 3038 2642 et
3064 2590 3211 2651 Filii,
3237 2590 3465 2642 dextera
3489 2587 3649 2640 sedem

397 2676 767 2744 appellamus)
786 2674 845 2728 in
865 2673 1128 2740 excelsis;
1152 2677 1311 2727 tanto
1337 2671 1538 2726 melior
1556 2672 1773 2743 angelis
1789 2673 2040 2740 effectus,
2063 2680 2275 2746 quanto
2287 2675 2636 2730 dilferentius
2667 2692 2783 2747 prae
2804 2677 2914 2731 illis
2938 2693 3145 2732 nomen
3166 2675 3535 2732 haereditavit.
3558 2673 3653 2728 Cui

397 2765 548 2820 enim
575 2764 718 2819 dixit
742 2762 1045 2835 aliquando
1068 2762 1399 2833 angelorum
1427 2780 1438 2815 :
1466 2761 1642 2817 Filius
1660 2778 1818 2816 meus
1838 2778 1898 2816 es
1916 2768 2008 2827 tu;
2032 2779 2136 2833 ego
2162 2762 2246 2831 l3,
2271 2762 2358 2820 14.
2375 2764 2565 2830 hodie,
2584 2768 2647 2820 in
2665 2770 2957 2835 aeternum,
2979 2766 3152 2838 genui
3182 2772 3240 2822 te
3260 2767 3286 2821 Ἰ
3307 2769 3488 2832 πυτ
3510 2763 3658 2819 Nulli

1729 2878 2321 2935 COMMENTARIUS.

376 3040 386 3048 .
470 2997 630 3053 CAP.
659 2996 706 3051 Ῑ.
734 3025 809 3039 -
832 2995 883 3051 1.
912 2996 1119 3051 Laure.
1147 2997 1551 3064 Mulli/“ariam,
1576 3001 1683 3051 etc.
1724 2995 1994 3050 Conscius
2014 2995 2215 3053 Adabo
2241 2997 2344 3049 tibi
2368 3000 2568 3063 gentes,
2605 3000 2712 3050 etc.

397 3085 804 3157 indignationis
831 3091 891 3140 et
915 3085 1136 3141 invidiae
1153 3102 1349 3140 eorum
1381 3085 1574 3140 audito
1591 3086 1818 3140 nomine
1835 3085 1995 3140 Pauli

399 3174 658 3246 apostoli,
707 3174 875 3230 solita
926 3180 1112 3230 cessat
1154 3175 1511 3241 salutatione,
1546 3173 1652 3228 etsi
1699 3174 1826 3228 ideo
1875 3175 1995 3244 ejus

398 3264 651 3335 Epistola
676 3262 1008 3334 denegatur,
1033 3263 1166 3334 quia
1189 3265 1237 3335 ej
1247 3281 1311 3318 us
1340 3264 1567 3318 nomine
1581 3279 1695 3317 non
1707 3263 1991 3331 titulatur;

397 3353 777 3419 nulliusesse,
809 3353 981 3407 simili
1004 3352 1223 3407 ratione
1244 3351 1532 3424 probatur.

469 3439 524 3498 2.
581 3443 981 3509 Multi/ariam.
1028 3442 1104 3496 Ut
1149 3441 1219 3495 de
1265 3442 1539 3512 propheta
1592 3440 1681 3494 cui
1733 3439 1997 3512 praecepit

398 3546 630 3585 uxorem
661 3530 912 3602 accipere
951 3530 1307 3585 fornicariam
1335 3532 1469 3597 (Ose.
1500 3533 1560 3585 ι).
1591 3530 1660 3583 Et
1683 3530 1752 3584 de
1781 3529 1877 3583 illo
1905 3530 1996 3584 cui

400 3619 665 3692 praecepit
711 3635 919 3691 ponere
960 3618 1218 3673 lumbare
1256 3618 1361 3672 sub
1390 3618 1595 3689 lapide,
1628 3623 1686 3672 et
1714 3623 1840 3689 post
1864 3635 1999 3689 qua-

401 3708 665 3780 draginta
691 3708 812 3763 dies
839 3708 1035 3765 visere.
1060 3706 1209 3778 quod
1240 3706 1422 3760 visens
1450 3707 1663 3761 invenit
1682 3707 1817 3778 quia
1843 3724 1998 3762 com-

401 3797 623 3869 putruit
648 3799 782 3868 (Jer.
815 3800 952 3852 xm).
999 3797 1071 3850 Et
1117 3797 1187 3849 de
1233 3795 1329 3850 illo
1375 3796 1466 3850 cui
1502 3797 1766 3869 praecepit
1796 3813 1997 3868 panem

402 3902 570 3941 suum
597 3891 788 3956 tegere
816 3884 1064 3938 humano
1092 3885 1257 3953 fimo;
1289 3885 1387 3939 sed
1412 3885 1544 3956 quia
1564 3902 1676 3940 non
1706 3891 1893 3956 posset
1911 3902 2000 3941 co-

403 3975 575 4042 medi,
609 3980 735 4045 post
759 3973 1024 4045 praecepit
1044 3973 1157 4044 tegi
1189 3972 1388 4029 bovino
1420 3975 1629 4043 (Ezeeh.
1664 3974 1760 4045 ιν).

475 4062 537 4120 3.
574 4064 975 4131 Multifariam,
1008 4062 1064 4116 id
1101 4068 1206 4129 est,
1236 4063 1539 4135 aliquando
1569 4079 1859 4135 prospera,
1892 4064 1996 4117 ali-

407 4151 631 4222 quando
658 4151 891 4207 adversa
919 4152 1244 4224 praedicens,
1269 4152 1570 4224 aliquando
1595 4154 1996 4225 prophetarum

400 4239 605 4308 verbis,
627 4246 685 4296 et
702 4242 1004 4314 aliquando
1028 4259 1224 4298 eorum
1273 4242 1433 4297 factis
1455 4241 1648 4296 futura
1674 4242 1994 4298 ostendens.

2146 3081 2198 3140 8.
2236 3085 2344 3152 Qui
2360 3101 2485 3138 eum
2505 3087 2578 3138 sit
2596 3086 2870 3153 splendor.
2897 3084 3116 3157 Ubique
3137 3084 3369 3156 quidem
3392 3082 3665 3154 religionis

2077 3171 2239 3226 nobis
2267 3177 2354 3227 est
2377 3173 3118 3244 opusintellectus,maxime
3145 3179 3341 3228 autem
3363 3171 3459 3227 ubi
3475 3171 3542 3225 de
3560 3170 3665 3224 Deo

2078 3265 2176 3314 aut
2190 3260 2475 3332 loquimur
2491 3268 2591 3317 aut
2600 3262 3127 3334 audimus.0portet
3149 3268 3366 3327 autem,
3382 3260 3477 3316 ubi
3495 3274 3667 3314 sermo

2077 3349 2265 3403 deﬁcit
2306 3351 2391 3405 vel
2434 3350 2720 3421 cogitatio,
2773 3351 3095 3422 gloriﬁcare
3141 3367 3248 3406 nos
3296 3351 3496 3415 Deum,
3529 3345 3667 3419 quod

2076 3438 2248 3492 talem
2281 3439 2456 3493 Deum
2476 3439 2749 3495 habemus
2774 3440 2869 3511 qui
2885 3446 2943 3494 et
2959 3440 3309 3494 intellectum
3338 3436 3672 3493 transcendit

2080 3532 2137 3580 et
2164 3526 2518 3597 cogitationis
2547 3529 2836 3584 intuitum.
2863 3528 3069 3583 Merito
3098 3535 3294 3583 autem
3328 3526 3668 3599 splendorem

2081 3632 2209 3669 eum
2231 3615 2386 3679 dicit,
2410 3618 2505 3687 qui
2523 3624 2610 3672 est
2629 3618 2723 3672 lux
2745 3618 2959 3685 mundi,
2987 3618 3179 3672 lumen
3197 3618 3271 3672 de
3291 3616 3525 3681 lumine,
3548 3613 3672 3668 insi-

2080 3720 2261 3759 nuans
2281 3705 2442 3760 nobis
2470 3707 2715 3762 Patrem.
2748 3707 2857 3761 Per
2884 3707 3244 3778 splendorem
3276 3711 3468 3761 autem
3495 3703 3670 3759 unita-

2079 3800 2193 3849 tem
2225 3793 2530 3850 declaravit
2571 3797 2844 3862 essentiae,
2893 3802 2952 3851 et
2986 3796 3127 3851 duas
3157 3795 3389 3867 aperuit
3417 3807 3672 3867 personas

2078 3883 2137 3937 in
2163 3884 2346 3954 gloria
2373 3891 2431 3939 et
2458 3886 2775 3956 splendore.

2148 3971 2202 4027 9.
2236 3974 2442 4041 Figura
2472 3976 2806 4030 substantia.
2840 3975 2971 4030 Hzec
2990 3975 3174 4046 ﬁgura
3186 3973 3530 4046 aequalitatis
3543 3986 3672 4043 prie-

2079 4060 2176 4116 bet
2212 4063 2509 4133 judicium,
2540 4068 2597 4118 et
2625 4064 2863 4135 ﬁguram
2895 4064 3031 4119 dicit
3077 4063 3226 4135 quod
3270 4064 3386 4118 alio
3420 4063 3539 4118 loco
3573 4060 3672 4114 foro

2080 4167 2231 4206 mam
2264 4169 2276 4204 :
2311 4154 2420 4220 Qui
2446 4169 2572 4207 cum
2600 4156 2665 4208 in
2692 4155 2877 4221 forma
2904 4154 3003 4207 Dei
3026 4159 3172 4207 esset.

2154 4238 2238 4298 10.
2268 4241 2471 4296 Lmen.
2505 4244 2922 4309 Purgationem.
2955 4243 3165 4313 Aperte
3209 4242 3302 4313 [f.,
3347 4241 3551 4313 aperit,
3599 4239 3675 4292 vel

422 4368 428 4374 ο
475 4327 529 4386 4.
560 4328 815 4387 Animos.
836 4332 1132 4399 Multisque
1149 4332 1342 4386 modis.
1362 4330 1756 4386 Totaintentio
1777 4332 1838 4385 B.
1858 4324 2062 4403 Apo-B
2080 4328 2257 4402 apud]
2305 4330 2533 4385 Patrem
2577 4330 2887 4386 exhibendo
2928 4332 3366 4397 humanitatem,
3400 4345 3569 4403 quam
3596 4342 3677 4382 as-

407 4418 559 4486 stoli,
581 4418 641 4473 in
670 4419 936 4490 Epistola,
962 4419 1226 4475 Hebmos
1255 4419 1326 4473 ad
1355 4419 1522 4474 ﬁdem
1558 4420 1768 4474 Christi
1795 4436 2000 4474 convo-

406 4523 554 4575 care,
585 4507 1064 4579 eminentiamque
1091 4508 1312 4579 gratiae,
1341 4524 1464 4579 quae
1493 4524 1594 4580 per
1619 4508 1825 4563 Filium
1868 4509 2001 4564 data

407 4601 514 4663 est,
548 4612 584 4651 a
607 4595 881 4667 legalibus
907 4596 1224 4652 discernere
1248 4596 1451 4654 verbis.

478 4685 532 4739 5.
566 4686 772 4743 Laure.
801 4687 1032 4741 Locutus
1071 4690 1147 4740 est
1195 4688 1350 4741 nobis
1384 4689 1448 4741 in
1484 4689 1648 4751 Filio,
1678 4691 1782 4741 etc.
1834 4685 2003 4741 Com-

405 4774 672 4830 mendato
699 4774 860 4842 Filio,
882 4776 1238 4832 commendat
1262 4777 1480 4832 Novum
1490 4777 1911 4832 Testamentum
1930 4776 2001 4831 ab

406 4863 532 4934 ipso
569 4864 802 4933 datum;
835 4870 891 4920 et
919 4865 1229 4921 humiliatis
1256 4866 1496 4937 angelis,
1524 4866 1859 4927 humiliatur
1902 4882 2003 4938 per

402 4952 530 5008 illos
556 4953 731 5008 Vetus
759 4953 975 5009 datum.

475 5038 529 5098 6.
558 5043 807 5099 Auenos.
833 5046 902 5098 In
938 5045 1099 5108 Filio,
1131 5045 1291 5116 quasi
1339 5045 1551 5099 diceret
1581 5063 1594 5098 :
1627 5045 1736 5099 Per
1771 5045 1996 5110 Filium,

402 5131 550 5186 sicut
576 5131 635 5186 in
663 5131 857 5186 multis
883 5133 1018 5187 locis
1047 5134 1425 5204 Epistolarum
1462 5133 1746 5188 invenitur
1788 5149 1996 5206 praepo-

403 5218 702 5274 sitionibus
728 5219 1118 5276 indifferenter
1143 5221 1247 5278 uti.

474 5308 527 5362 7.
559 5310 854 5375 Haeredem,
885 5311 992 5365 hoc
1021 5315 1106 5366 est
1134 5312 1436 5366 Dominum
1456 5310 1631 5366 totius
1654 5311 1869 5375 mundi,
1902 5326 2002 5365 nec

397 5397 517 5465 jam
540 5397 723 5468 portio
738 5397 963 5453 Domini
974 5405 1197 5455 tantum
1216 5399 1407 5466 Jacob,
1425 5406 1483 5455 et
1500 5416 1625 5455 sors
1654 5401 1703 5470 ej
1714 5417 1778 5454 us
1797 5397 1995 5463 Israel,

400 5485 502 5552 Sed
527 5486 675 5551 sicut
699 5487 759 5544 in
787 5489 1004 5560 psalmo
1040 5489 1111 5548 de
1139 5505 1206 5546 eo
1234 5490 1445 5560 legitur
1473 5502 1486 5539 :
1512 5492 1736 5547 Postula
1755 5505 1791 5544 a
1812 5504 1919 5558 me,
1949 5495 2001 5544 et

2081 4420 2324 4490 sumpsit
2346 4436 2447 4490 pro
2465 4418 2646 4474 nobis.

2158 4505 2241 4563 11.
2264 4509 2508 4563 Auenos.
2532 4510 2946 4577 Purgationem.
2973 4508 3059 4563 Ad
3079 4510 3323 4565 humilia
3346 4505 3679 4565 incarnatio-

2082 4596 2171 4651 nis
2197 4596 2504 4664 descendit,
2531 4597 2755 4653 dicens:
2790 4598 3192 4669 Purgationem
3217 4604 3582 4670 peccatorum
3608 4594 3682 4649 fa-

2084 4685 2238 4740 ciens
2266 4703 2369 4757 per
2394 4686 2731 4758 passionem.

2159 4773 2241 4831 12.
2269 4776 2439 4831 Sedet.
2465 4775 2545 4830 De
2564 4776 2972 4831 resurrectione
2999 4780 3057 4831 et
3084 4777 3416 4832 ascensione
3446 4777 3569 4847 ejus
3586 4790 3684 4829 nos

2082 4863 2329 4919 instruit.
2358 4865 2469 4919 Per
2506 4865 2794 4921 dexteram
2839 4870 3030 4921 autem
3080 4865 3541 4936 magnitudinem
3587 4863 3682 4917 de-

2083 4953 2415 5008 monstravit
2442 4954 2693 5009 honoris.

2153 5041 2242 5099 13.
2278 5043 2483 5098 LANFB.
2506 5045 2617 5111 Ego
2642 5044 2821 5112 hodie,
2853 5043 2912 5098 id
2958 5050 3064 5108 est,
3095 5043 3156 5098 in
3201 5044 3307 5097 hac
3341 5042 3680 5105 aeternitate,

2080 5148 2183 5186 nec
2219 5131 2420 5187 melius
2446 5132 2631 5203 potuit
2657 5132 2893 5204 exprimi
2919 5134 3204 5189 aeternitas
3233 5149 3360 5204 quae
3390 5131 3686 5187 continua-

2081 5222 2245 5276 verit.

2156 5311 2240 5365 14.
2270 5311 2379 5379 Ego
2408 5312 2565 5365 hodie
2582 5314 2753 5378 genui
2776 5316 2842 5378 te,
2875 5316 2980 5366 etc.
3011 5310 3289 5366 Probatur
3315 5309 3500 5366 Filius
3521 5323 3644 5364 esse
3667 5325 3680 5374 ;

2080 5415 2213 5454 nam
2236 5399 2358 5471 ipse
2385 5404 2471 5454 est
2493 5400 2681 5467 Pater,
2713 5399 2845 5471 quia
2881 5399 3003 5471 ipse
3029 5400 3184 5470 dicit,
3214 5399 3367 5473 quod
3398 5404 3489 5455 est
3528 5416 3541 5452 :
3577 5398 3683 5452 Ero

2082 5490 2174 5545 illi
2200 5491 2265 5545 in
2293 5491 2533 5554 Patrem,
2564 5493 2614 5545 et
2637 5493 2750 5558 ipse
2771 5492 2898 5555 erit,
2920 5493 3028 5545 etc.
