3852 6178
184 222 261 285 3n
803 222 882 277 IN
919 221 985 279 D.
1032 219 1249 276 PAULI
1288 216 1517 275 EPIST.
1556 217 1931 275 COMMENT.
1983 253 2036 269 ο.
2077 219 2301 277 EPIST.
2343 220 2439 275 AD
2479 219 2693 275 usus.
3281 220 3387 281 378

177 353 330 415 itaque.
365 343 693 408 Et‘rursum,
742 344 837 397 cui
878 343 1221 411 Angelorum
1271 344 1415 397 dixit
1465 361 1481 398 :
1522 342 1638 414 Ego
1683 360 1779 398 ero
1820 342 1904 399 illi
1943 343 2004 400 in
2043 344 2294 403 Patrem.
2338 349 2397 400 et
2439 344 2561 417 ipse
2606 345 2717 401 erit
2752 344 2891 401 mihi
2920 346 2978 401 in
3015 347 3265 404 Filium?
3297 347 3381 406 15.

180 437 351 491 Etcum
376 434 570 488 iterum
600 435 765 488 Pater
808 431 892 499 16,
928 432 1252 493 introducit,
1295 434 1646 488 introducere
1682 436 1944 503 disponit,
2000 435 2060 488 id
2104 440 2199 496 est,
2251 436 2572 497 incarnari,
2618 435 3069 506 Primogenitum
3104 438 3163 493 in
3193 437 3389 493 orbem

184 532 323 590 terra,
348 523 511 577 dicit:
561 520 647 584 l7,
678 523 749 578 Et
795 522 1034 576 adorent
1081 538 1211 576 eum
1261 537 1458 576 omnes
1504 522 1691 593 angeli
1738 522 1860 577 Dei.
1898 523 1982 578 ,Εἰ
2032 521 2117 579 18.
2166 523 2238 577 ad
2288 524 2539 593 angelos,
2573 526 2637 578 de
2677 528 2907 593 angelis,
2943 526 3170 597 quidem
3200 526 3338 583 dicit
3371 527 3384 564 ³

177 615 252 677 Qui
267 612 381 668 facit
417 612 640 682 angelos
657 614 819 674 (dum
837 616 971 665 sunt
986 614 1158 671 missi)
1181 626 1330 676 suos,
1363 610 1616 681 spiritus,
1637 617 1695 666 et
1714 611 2002 666 ministros
2020 628 2171 675 suos,
2198 612 2350 681 (dum
2371 614 2638 666 assistunt
2658 614 2782 681 Deo)
2806 613 3092 668 ﬂammam
3111 615 3278 685 ignis.
3301 614 3389 669 Ad

177 702 332 756 Filium
348 705 544 766 autem,
571 716 674 769 per
701 699 1045 769 prophetam,
1074 696 1161 766 19,
1192 696 1264 756 20
1288 719 1299 755 :
1329 699 1588 754 Thronus
1614 704 1748 754 tuus
1776 700 1944 753 Deus.
1975 701 2103 761 Fili,
2130 698 2190 752 in
2219 699 2482 753 saeculum
2508 700 2696 754 seculi
2720 721 2733 769 ;
2775 700 2932 771 virga
2959 702 3263 773 aequitatis,
3294 702 3385 759 21.

180 789 293 860 virga
314 788 456 859 regni
492 788 592 844 tui.
626 786 717 846 22.
744 786 997 842 Dilexisti
1021 786 1324 859 justitiam,
1364 792 1423 842 et
1441 788 1609 842 odisti
1635 786 1990 859 iniquitatem
2020 787 2177 854 (item
2197 788 2425 854 dignior
2450 792 2543 848 est,
2575 791 2709 856 quia
2739 793 2946 857 majori
2972 791 3112 844 dono
3140 790 3388 860 Spiritus

177 881 311 934 sancti
338 884 521 932 unctus
550 882 647 943 est,
681 893 850 946 quam
879 879 988 930 alii
1002 879 1181 931 sancti
1200 895 1218 941 ;
1254 893 1390 931 nam
1417 877 1717 946 Scriptura
1745 878 1904 943 dicit)
1933 897 1943 929 :
1975 874 2058 930 '33.
2090 876 2395 947 Pr0pterea
2410 876 2569 931 unxit
2582 882 2661 946 te,
2682 879 2896 944 oDeus,
2919 880 3068 935 Deus
3087 886 3241 945 tuus,
3263 880 3386 935 oleo

176 965 520 1032 exsultationis,
549 967 844 1034 spirituali
870 966 1082 1032 gratia,
1104 980 1223 1031 qua
1244 965 1501 1032 laetiﬁcat,
1525 981 1639 1036 prae
1657 963 1745 1017 24.
1768 963 2134 1036 participibus
2154 965 2288 1029 tuis,
2308 968 2439 1033 plus
2456 968 2587 1019 aliis
2607 970 2812 1020 sanctis
2835 985 2851 1020 :
2874 968 2961 1031 Et,
2984 972 3045 1022 tu
3068 970 3177 1022 Fili
3193 967 3304 1025 25..
3326 970 3386 1024 in

176 1053 390 1125 principio
421 1066 506 1113 me
532 1054 817 1106 sileretur
833 1056 1133 1122 posterior;
1182 1057 1264 1107 rel
1315 1058 1376 1107 tu
1422 1055 1585 1107 Pater
1622 1057 1687 1108 in
1734 1056 1893 1120 Filio,
1914 1057 2014 1121 qui
2028 1058 2103 1107 est
2114 1057 2482 1122 principium)
2515 1054 2771 1121 Domine,
2788 1060 3000 1109 terram
3029 1056 3297 1122 fundasti,
3331 1064 3389 1112 et

175 1159 301 1214 opera
321 1157 574 1196 manuum
603 1146 853 1207 tuarum,
886 1143 1041 1207 Filii,
1077 1144 1177 1210 qui
1202 1146 1277 1195 est
1299 1157 1498 1196 manus
1518 1144 1722 1209 Patris,
1742 1145 1915 1197 uetad
1941 1145 2205 1209 litteram,
2226 1148 2360 1197 sunt
2378 1143 2520 1197 coeli.
2543 1140 2631 1199 26.
2649 1143 2761 1215 Ipsi
2783 1144 3066 1215 peribunt,
3091 1148 3388 1201 mutabun-

175 1238 259 1296 tur,
288 1238 342 1285 tu
366 1236 548 1286 autem
578 1229 954 1301 permanebis,
979 1234 1039 1285 et
1067 1246 1262 1284 omnes
1280 1235 1347 1285 ut
1364 1230 1759 1285 vestimentum
1782 1235 2151 1297 veterascent,
2179 1236 2236 1284 et
2263 1231 2417 1285 velut
2444 1230 2711 1286 amictum
2737 1231 2981 1286 mutabis
2996 1249 3111 1299 eos,
3134 1238 3192 1287 et
3211 1239 3390 1288 muta-

173 1318 361 1387 buntur;
390 1326 448 1375 tu
486 1324 676 1374 autem
698 1319 846 1373 idem
877 1319 997 1390 ipse
1018 1334 1096 1382 es,
1124 1322 1181 1372 et
1206 1318 1340 1372 anni
1362 1318 1442 1372 tui
1468 1335 1579 1374 non
1601 1320 1881 1375 deﬁcient.
1905 1323 2058 1379 (Item
2084 1322 2278 1389 probat
2300 1324 2399 1387 qui
2414 1322 2642 1386 dignior
2668 1327 2759 1381 est,
2783 1327 2845 1375 ut
2875 1324 3090 1389 supra.)
3108 1322 3190 1375 Ad
3221 1338 3388 1393 quem

167 1414 313 1463 autem
335 1408 654 1478 angelorum
683 1407 821 1462 dixit
841 1405 1171 1478 aliquando:
1206 1405 1352 1463 Sede
1381 1424 1415 1461 a
1438 1407 1647 1462 dextris
1678 1407 1836 1474 meis,
1866 1407 1954 1463 27.
1992 1409 2357 1479 quoadusque
2402 1426 2607 1479 ponam
2638 1410 2895 1464 inimicos
2916 1416 3044 1464 tuos
3072 1410 3381 1465 scabellum

163 1496 320 1568 pedum
341 1501 557 1552 tuorum
577 1496 602 1549 τ
626 1495 718 1553 28.
760 1496 959 1551 Nonne
989 1510 1184 1549 omnes
1218 1502 1353 1551 sunt
1381 1494 1469 1552 29.
1503 1496 1970 1554 administratorii
2020 1497 2272 1573 spiritus,
2306 1496 2363 1554 in
2392 1497 2766 1557 ministerium
2814 1499 2971 1554 missi
3000 1505 3231 1574 propter
3291 1516 3386 1556 eos

164 1587 316 1653 Meles,
340 1586 429 1660 qui
453 1585 844 1643 hereditatem
870 1583 1099 1659 capiunt
1127 1583 1327 1641 salutis
1344 1583 1372 1641 ?

1454 1686 1643 1749 ωδ
1675 1680 1912 1741 CAPUT
1940 1680 2014 1741 ΙΙ.

211 1768 631 1843 LPropterea2.
677 1768 1058 1826 abundantius
1087 1775 1310 1842 oportet
1333 1770 1629 1827 observare
1659 1790 1762 1828 nos
1793 1790 1861 1829 ea
1886 1791 2009 1845 quae
2041 1774 2376 1833 audivimus.
2408 1777 2551 1844 Ergo
2578 1778 2713 1844 quia
2743 1774 2971 1843 dignior
3022 1776 3253 1843 angelis,
3289 1775 3381 1831 di-

158 1860 285 1925 gnius
301 1864 367 1913 est
388 1865 735 1929 praceptum,
762 1876 931 1929 quam
951 1865 1101 1914 vetus
1126 1861 1322 1916 datum
1344 1876 1447 1930 per
1474 1865 1715 1929 angelos.
1744 1869 1793 1917 et
1816 1866 1950 1932 quia
1975 1864 2204 1932 dignius
2231 1869 2328 1923 est.
2361 1869 2566 1934 oportet
2596 1881 2693 1919 nos
2722 1866 2867 1919 illud
2892 1880 3130 1927 servare,
3154 1880 3225 1919 ne
3242 1864 3386 1919 forte

164 1948 202 2001 3.
226 1950 613 2019 peret'ﬂuamus,
643 1965 1029 2004 evanescamus
1056 1965 1212 2018 opere
1237 1952 1301 2004 in
1326 1952 1450 2018 ﬁde.
1485 1951 1542 2006 Si
1565 1952 1714 2007 enim
1746 1952 1842 2023 qui
1866 1968 1969 2023 per
1996 1954 2227 2024 angelos
2257 1953 2439 2009 dictus
2466 1958 2553 2007 est
2572 1953 2626 2008 4.
2657 1953 2712 2012 5.
2742 1970 2947 2017 sermo,
2970 1952 3148 2008 factus
3176 1958 3263 2008 est
3286 1954 3385 2007 ﬁr—

160 2052 267 2104 mus,
287 2045 336 2093 et
362 2039 540 2093 omnis
566 2038 969 2110 praevaricatio,
1000 2043 1058 2093 et
1080 2037 1464 2094 inobedientia
1488 2044 1683 2095 veteris
1704 2042 1837 2109 tegis
1862 2040 2077 2112 accepit
2090 2042 2306 2111 justam
2328 2040 2600 2095 mercedis
2626 2039 3075 2105 retributionem,
3097 2038 3379 2110 quomodo

159 2129 438 2197 nullatenus,
469 2144 575 2184 nos
590 2128 942 2199 etl‘ugiemus,
971 2127 1021 2182 si
1053 2132 1271 2182 tantam
1295 2126 1350 2184 6.
1384 2129 1794 2200 neglexerimus
1823 2130 2081 2195 salutem,
2117 2131 2257 2185 Novi
2291 2132 2618 2185 Testamenti
2643 2131 2866 2193 scilicet,
2894 2145 3007 2183 non
3037 2133 3258 2183 tantum
3277 2143 3388 2184 ser-

1466 2237 2056 2293 COMMENTARIUS.

207 2320 272 2379 15.
290 2325 348 2380 Et
364 2342 487 2380 cum
516 2329 745 2382 iterum.
776 2325 927 2381 Ordo
950 2343 963 2379 :
994 2330 1054 2381 et
1078 2342 1205 2380 cum
1226 2323 1551 2392 introducit,
1580 2332 1684 2382 etc.
1709 2332 1761 2389 Α
1778 2325 1885 2380 Per
1916 2326 2085 2398 pedes
2105 2325 2328 2381 Domini
2349 2326 2633 2381 stabilitas
2660 2332 2872 2381 aeterna
2896 2326 3264 2397 signiﬁcatur,
3287 2323 3385 2379 ubi

160 2410 324 2467 lterum
349 2414 495 2471 dicit.
1782 2420 2051 2485 tanquam
2106 2414 2358 2485 vestigiis
2407 2416 2642 2485 positus,
2692 2414 3112 2486 omnipotentiae
3172 2411 3380 2467 virtute

212 2500 278 2557 16.
300 2505 603 2559 lntroducit
631 2506 1090 2573 Primogenitum,
1119 2511 1223 2560 etc.
1258 2506 1400 2559 Item
1431 2505 1701 2577 probatur
1781 2503 2069 2570 consistit;
2103 2504 2190 2557 his
2220 2503 2454 2574 pedibus
2483 2509 2703 2558 constat
2748 2520 2868 2557 esse
2905 2501 3222 2557 subdendos
3267 2501 3387 2572 qui,

158 2589 257 2659 quia
276 2590 481 2662 dignior
507 2599 597 2648 est
623 2591 860 2663 angelis,
908 2608 1041 2646 nam
1089 2592 1359 2648 adoratur
1387 2593 1458 2648 ab
1485 2594 1567 2648 eis
1597 2611 1610 2660 ;
1643 2598 1701 2647 et
1782 2593 1930 2647 vitiis
1959 2593 2261 2661 derelictis,
2305 2595 2427 2665 ejus
2484 2592 2976 2665 praedicationibus
3019 2590 3385 2646 inclinantur.

153 2679 294 2735 omnis
320 2681 409 2753 qui
434 2683 710 2738 adoratur
734 2680 956 2753 dignior
1001 2687 1089 2736 est
1140 2682 1435 2737 adorante.
1487 2682 1701 2738 Deinde
1781 2681 1973 2737 Donec
1992 2698 2121 2737 vero
2147 2699 2258 2737 non
2284 2683 2374 2737 hic
2396 2684 2564 2737 ﬁnem
2578 2681 2869 2753 temporis,
2893 2679 2993 2735 sed
3011 2678 3382 2735 aeternitatem

152 2768 284 2824 etiam
307 2770 571 2841 probatur
614 2771 769 2844 ipsos
796 2787 917 2825 esse
944 2770 1311 2842 indigniores,
1360 2772 1456 2843 qui
1503 2772 1701 2826 minis-
1783 2773 2155 2828 demonstrat.

151 2862 271 2914 trant
292 2859 356 2924 ei,
384 2867 441 2915 et
462 2861 572 2916 hoc
601 2861 673 2915 ab
697 2860 1057 2927 auctoritate,
1086 2847 1235 2932 quod
1263 2866 1351 2916 est
1373 2877 1385 2912 :
1406 2862 1474 2917 Et
1491 2863 1567 2916 ad
1592 2878 1703 2916 an-
1853 2861 1944 2916 28.
1975 2864 2171 2917 Nonne
2215 2878 2421 2916 omnes.
2449 2861 2625 2916 Filius
2648 2861 2801 2915 solus
2830 2861 3041 2926 salvat;
3075 2855 3170 2912 isti
3212 2853 3384 2910 saluti

151 2949 276 3014 getes,
295 2955 415 3017 etc.,
445 2956 532 3005 et:
564 2952 675 3019 Qui
700 2951 837 3019 facit
861 2953 1100 3018 angelos,
1134 2955 1241 3004 etc.
1788 2951 2314 3023 praedestinatorum
2334 2951 2659 3006 deserviunt
2684 2991 2697 3016 ,
2718 2966 2851 3005 nam
2873 2948 3137 3019 angelum
3168 2945 3239 3000 ad
3266 2944 3389 2999 Ma—

206 3033 274 3093 17.
296 3038 358 3093 Et
382 3041 637 3095 adorent.
670 3036 1036 3096 Incarnatum
1055 3036 1304 3093 Verbum
1331 3038 1569 3093 adorare
1605 3038 1707 3094 ad-
1789 3042 1934 3096 riam
1963 3041 2203 3113 legimus
2231 3041 2467 3096 missum
2497 3041 2849 3113 ;pastoribus
2869 3040 3041 3095 etiam
3063 3042 3121 3093 et
3144 3034 3392 3091 mulieri-

152 3127 369 3183 monendi
388 3135 555 3185 erant
574 3128 764 3200 angeli
789 3146 804 3198 ;
826 3128 885 3183 in
906 3128 1029 3201 ipsa
1056 3126 1348 3183 divinitate
1374 3127 1709 3183 admonitio-
1788 3130 1893 3185 bus
1913 3131 1971 3185 in
2000 3130 2410 3186 resurrectione
2438 3130 2625 3201 angeli
2659 3133 3064 3202 apparuerunt.

151 3214 218 3268 nis
235 3232 333 3273 non
348 3218 697 3291 indigebant-
1860 3218 2141 3277 29.LANi-'a
2150 3261 2160 3273 .
2170 3221 2666 3275 Administratorii
2673 3216 3173 3289 spiritus.Probato
3185 3213 3391 3269 Filium

208 3303 275 3361 18.
309 3309 389 3363 Ad
412 3310 659 3378 angelos.
692 3307 880 3366 Ordo:
913 3306 1009 3379 qui
1036 3307 1172 3362 facit
1191 3306 1422 3379 spiritus
1448 3323 1581 3363 suos
1606 3323 1711 3362 an-
1793 3326 1915 3363 esse
1937 3310 2249 3380 digniorem
2279 3308 2482 3379 probat
2523 3324 2744 3380 quoque
2795 3307 3025 3378 angelos
3072 3321 3195 3359 esse
3241 3302 3394 3357 indi-

152 3394 288 3462 gelos,
316 3404 370 3453 et
398 3400 691 3453 ﬂammam
722 3397 865 3468 ignis
888 3414 1020 3451 suos
1048 3396 1353 3451 ministros.
1789 3399 2014 3470 gniores
2039 3418 2053 3468 ;
2086 3406 2219 3453 sunt
2237 3398 2386 3453 enim
2417 3398 2470 3452 ei
2496 3404 2553 3452 et
2575 3396 2893 3452 hominibus
2912 3394 3391 3450 administrantes.

200 3486 273 3540 19.
306 3490 556 3543 Thronus
587 3493 722 3542 tuus
756 3488 917 3542 Deus.
944 3487 1087 3541 Item
1136 3486 1407 3558 probatur
1442 3486 1705 3556 dignior;
1864 3488 2021 3542 CAP.
2055 3488 2127 3543 ll.
2148 3517 2221 3529 —
2254 3487 2298 3544 1.
2328 3488 2532 3542 LANFR-
2560 3489 2872 3554 Propterea.
2900 3485 3047 3550 Quia
3063 3488 3282 3538 tantam
3302 3497 3397 3535 cu-

156 3588 252 3629 nam
276 3578 524 3645 thronus,
549 3578 609 3632 id
642 3583 750 3648 est,
776 3577 937 3631 sedes
983 3577 1108 3647 ejus
1163 3582 1221 3631 et
1266 3581 1548 3648 sceptrum
1588 3577 1710 3647 ejus
1792 3593 1914 3631 ram
1946 3577 2144 3633 habuit
2172 3582 2231 3631 et
2273 3576 2444 3631 habet
2472 3575 2646 3639 Deus,
2682 3580 2746 3629 ut
2771 3581 2828 3629 et
2849 3574 3054 3628 Filium
3086 3587 3253 3626 suum
3292 3585 3395 3641 pro

155 3674 303 3722 manet
327 3669 379 3723 in
407 3676 689 3724 aeternum
722 3685 735 3720 :
769 3666 918 3738 quod
955 3682 1069 3720 non
1098 3671 1188 3720 est
1213 3666 1564 3736 angelorum.
1726 3693 1773 3753 B
1794 3666 1954 3721 nobis
1970 3666 2164 3721 fecerit
2180 3665 2783 3734 incarnari,etangelos
2800 3680 2931 3718 suos
2946 3662 3007 3717 in
3022 3658 3396 3716 ministerium

204 3753 276 3810 20.
306 3759 547 3813 Asianos.
592 3758 845 3811 Thronus
877 3759 1024 3809 tuus.
1052 3754 1313 3809 Thronus
1341 3754 1443 3809 Dei
1471 3754 1542 3808 ad
1564 3753 1714 3826 judi-
1792 3764 2051 3813 nostrum
2080 3755 2331 3827 quotidie
2363 3754 2583 3809 invitet.

154 3843 265 3899 cium
290 3847 530 3918 pertinet
546 3846 805 3902 futurum
830 3862 843 3912 ;
871 3843 929 3898 in
949 3843 1215 3898 saculum
1246 3842 1434 3898 saeculi
1458 3843 1556 3908 ait,
1580 3843 1715 3914 quia

1863 3863 1917 3918 2.
1949 3866 2195 3918 AMBROS.
2229 3863 2642 3917 Abundantius.
2687 3861 2805 3915 Hoc
2832 3864 2918 3914 est
2943 3858 3187 3930 amplius
3226 3870 3396 3928 quam

156 3934 470 4023 Mfissimum
492 3934 782 4008 judicium
814 3938 1027 4023 aeterna
1049 3932 1386 4023 discretione
1413 3931 1604 4023 stabit.
1794 3954 1853 4009 in
1881 3955 2004 4023 lege
2032 3950 2351 4007 solebamus
2380 3950 2603 4009 audire.

200 4020 274 4079 2|.
306 4026 462 4095 Virga
488 4028 679 4095 regni.
712 4024 846 4078 Haec
891 4022 1049 4093 virga
1077 4021 1347 4077 fortitudo
1372 4027 1459 4076 est
1482 4020 1713 4085 invicta,
1869 4058 1904 4095 ρ
1938 4019 2135 4095 ’τμηωη
2202 4060 2270 4095 λγ,
2295 4059 2430 4095 rm,"
2453 4019 2650 4095 "nam:

153 4115 341 4183 equites
366 4114 709 4180 rectissima,
732 4110 1052 4167 inﬂexibilis
1080 4110 1393 4180 disciplina.

200 4201 274 4260 2t.
300 4208 569 4261 Di’lczisti.
603 4204 738 4275 Ipsa
772 4207 859 4256 est
881 4200 1040 4272 virga
1066 4206 1240 4263 recta,
1263 4215 1455 4255 amare
1482 4198 1719 4271 aequita-

152 4296 255 4357 tem,
277 4297 449 4351 odisse
471 4295 861 4367 iniquitatem.

202 4381 275 4441 23.
304 4387 620 4456 Propterea.
648 4384 864 4439 Unctus
906 4379 1165 4435 Christus
1191 4384 1247 4434 et
1285 4395 1475 4449 regem
1503 4380 1720 4450 signiti-

163 4477 299 4528 cstet
322 4476 676 4530 sacerdotem
703 4491 718 4541 ;
749 4471 846 4526 sed
874 4470 974 4524 illa
999 4475 1206 4523 natura
1235 4477 1440 4523 unctus
1492 4468 1717 4531 dicitur,

158 4568 242 4630 qua
262 4570 420 4620 natus
450 4571 511 4620 et
539 4578 748 4635 passus
780 4579 794 4628 ;
818 4558 968 4631 quod
1008 4557 1144 4611 dicit
1180 4556 1351 4622 Deus,
1380 4557 1719 4629 praeconium

154 4664 325 4721 magna
350 4652 678 4709 dilectionis
699 4648 966 4705 ostendit.
1000 4646 1200 4700 Oleum
1239 4646 1444 4701 laetitiae
1471 4652 1577 4710 est,
1599 4664 1724 4718 pec-

154 4739 232 4795 cati
257 4744 530 4798 maculam
561 4758 679 4797 non
704 4738 950 4805 habere;
986 4736 1136 4790 unde
1184 4735 1524 4792 conscientia
1567 4738 1723 4792 exhi-

152 4825 345 4899 laretur,
372 4832 611 4905 quando
638 4829 795 4885 nulla
823 4803 1146 4898 asperitatis
1173 4824 1560 4881 recordatione
1578 4842 1720 4881 mor-

1874 4807 1928 4862 5.
1959 4805 2151 4861 Sermo
2178 4807 2362 4874 factus
2380 4809 2456 4860 est
2491 4808 2712 4873 ﬁrmus.
2746 4803 2982 4875 Oportet
3031 4818 3134 4857 nos
3177 4817 3404 4857 servare

157 4893 342 4974 κλείω-,⁷
387 4893 409 4905 ⁸
888 4893 908 4898 ”
1806 4911 2124 4951 sermonem
2183 4895 2345 4965 ejus;
2382 4910 2529 4974 nam
2576 4895 2773 4948 ﬁrmus
2813 4898 2942 4947 est:
3009 4893 3208 4947 ﬁrmus
3257 4893 3413 4946 enim

201 4970 700 5081 ρξνρσνιίείρίὺω.
725 5006 882 5063 Finis
912 5003 1206 5069 hominum
1235 5002 1397 5062 dicit.
1745 5010 1790 5069 ο
1810 4984 1991 5039 factus
2020 4990 2108 5039 est
2121 5000 2306 5038 sermo
2329 4970 2495 5038 datus
2553 4999 2652 5054 per
2702 4982 2957 5081 angelos,
3009 4982 3247 5053 Oportet
3302 4996 3408 5079 nos

204 5093 277 5152 25.
310 5100 377 5155 [η
397 5068 715 5170 ,πίλα-ρίο,
742 5098 992 5152 Domina
1032 5068 1167 5155 post
1209 5092 1578 5150 humanitatis
1631 5111 1729 5149 ex-
1760 5068 1775 5069 ί
1809 5089 2053 5142 servare,
2075 5079 2150 5136 et,
2173 5073 2356 5142 sinon
2380 5071 2806 5139 servaverimus,
2824 5070 3145 5143 puniemur;
3158 5086 3290 5124 nam
3311 5068 3410 5137 qui

158 5159 451 5255 “eum,
484 5159 711 5244 “eam,
743 5187 816 5242 ad
870 5188 1249 5243 aeternitatem
1305 5185 1432 5241 Filii
1487 5201 1548 5239 se
1602 5201 1733 5239 con.
1810 5180 1924 5255 non
1952 5167 2315 5217 servaverunt
2364 5162 2545 5232 legem
2592 5159 2805 5228 datam,
2840 5176 2941 5231 per
2970 5159 3199 5229 angelos
3225 5159 3411 5228 puniti

1866 4058 1921 4114 3.
1953 4060 2158 4113 Lassa.
2192 4060 2270 4113 Ne
2289 4059 2430 4126 forte
2449 4058 2865 4127 peref/luamus.
2887 4054 2972 4108 Ne
2995 4054 3153 4124 pejus
3190 4050 3395 4123 punia-

1801 4165 1948 4215 mur,
1978 4148 2103 4202 ideo
2134 4147 2282 4219 quod
2311 4145 2691 4218 cognovimus,
2722 4147 2919 4198 notum
2945 4141 3390 4214 postposuimus.

1802 4238 1922 4304 Vel,
1954 4237 2087 4308 quia
2109 4237 2231 4306 jam
2259 4253 2323 4290 ex
2343 4241 2503 4307 parte
2531 4234 2862 4303 decidimus,
2906 4248 2976 4286 ne
3004 4248 3070 4286 ex
3097 4235 3216 4286 toto
3244 4226 3396 4284 deci-

1802 4326 2021 4381 damus.

1873 4433 1926 4487 4.
1958 4431 2146 4487 Sermo
2175 4434 2376 4500 factus.
2402 4428 2624 4484 Veteris
2654 4427 2999 4483 Testamenti
3032 4427 3215 4497 legem
3243 4424 3399 4493 dicit,

1803 4540 1926 4593 quae
1947 4538 2048 4593 per
2077 4521 2306 4591 angelos
2320 4520 2453 4574 data
2472 4524 2559 4573 est
2586 4517 2788 4587 Moysi.
2815 4518 2940 4572 Non
2968 4516 3117 4571 enim
3135 4516 3283 4570 Deus
3304 4531 3406 4586 per

1802 4610 2088 4682 propriam
2103 4608 2479 4664 substantiam
2498 4606 2851 4679 loquebatur,
2873 4606 2971 4661 sed
2993 4605 3180 4677 angeli
3202 4605 3263 4659 in
3283 4620 3408 4677 per-

1803 4716 1940 4755 sona
1979 4698 2099 4754 Dei.

162 5275 310 5330 vertit.
442 5252 447 5255 ⁷

1835 5253 2062 5306 'uerunt.

212 5362 286 5421 28.
310 5368 416 5435 Ipsi
431 5367 731 5437 peribunt.
772 5366 1023 5420 Pereunt
1045 5364 1116 5420 ab
1147 5381 1213 5420 eo
1242 5363 1391 5437 quod
1414 5367 1566 5430 sunt,
1597 5360 1734 5416 dum
1885 5356 1940 5414 6.
1967 5362 2210 5414 Amisos.
2247 5359 2679 5427 Negtexcrimus.
2714 5356 2824 5411 Per
2840 5356 2945 5409 hoc
2972 5353 3251 5424 significat
3279 5353 3417 5424 quia

165 5445 498 5510 inmutantur
528 5456 595 5509 in
622 5453 841 5509 melius.
1817 5464 1931 5503 non
1982 5452 2105 5502 erat
2140 5452 2301 5502 tanta
2342 5447 2495 5501 salus
2534 5446 2593 5500 in
2639 5444 2831 5499 Veteri
2876 5444 3276 5511 Testamento;
3316 5442 3416 5502 illa

217 5538 291 5598 '27.
311 5542 500 5611 Quoad
529 5558 709 5613 usque
738 5540 1068 5615 |al.,donec]
1082 5555 1290 5612 ponam
1318 5542 1577 5597 inimicos
1594 5542 1735 5594 tuos.
1820 5537 1971 5592 enim
2003 5536 2351 5607 temporalis,
2385 5535 2504 5594 haec
2541 5540 2829 5606 perpetua.
