3852 6178
199 267 275 330 $1
851 269 931 324 IN
966 268 1034 322 D.
1078 269 1296 326 PAULI
1329 271 1553 332 EPIST.
1598 268 1972 329 CUMMENT.
2015 299 2076 312 --
2115 263 2343 322 EPIS’I‘.
2383 264 2481 322 AD
2519 266 2732 321 HEBR.
3321 264 3434 324 882

199 405 303 464 ergo
327 393 483 463 pueri
516 392 1235 448 communicaveruntrarni
1249 401 1306 450 et
1325 396 1607 465 sanguini.
1633 399 1694 451 id
1723 399 1817 460 est,
1848 400 1980 450 sunt
2005 395 2124 447 veri
2143 393 2407 456 homines,
2441 397 2498 446 et
2525 391 2645 462 ipse
2666 391 2925 445 similiter
2943 389 3296 462 participav'it
3311 393 3432 460 fac:

200 490 265 536 tu:
283 483 432 536 homo
458 495 643 534 versus
668 481 1078 546 eisdem,c'arni
1105 489 1154 536 et
1182 488 1476 553 sanguini,
1493 492 1558 540 ut
1584 501 1685 558 per
1713 489 1952 538 mortem
1972 483 2289 536 destrueret
2315 481 2464 540 eum,
2484 479 2579 550 qui
2600 479 2842 533 habebat
2871 479 3069 532 mortis
3098 479 3424 550 imperium;

197 572 238 626 id
263 579 351 632 est,
382 569 686 634 diabolum,
717 574 898 639 (cujus
927 574 1226 640 imperium
1266 578 1648 642 mortiﬁcath
1683 573 1769 628 27.
1801 580 1858 628 et
1889 571 2154 626 liberaret
2182 587 2276 623 eos
2305 570 2401 641 qui
2431 568 2521 625 “28.
2556 570 2756 622 timore
2789 569 2986 622 mortis
3013 585 3114 639 per
3136 573 3316 623 totam
3336 569 3430 624 vi:-

200 654 394 711 ωωέυ.
416 655 638 710 obnOxii
669 664 832 710 erant
856 660 988 725 tegis
1009 659 1380 726 servituti.30,
1416 660 1502 718 31.
1545 663 1836 734 Nusquam
1867 661 2016 715 enim
2045 661 2296 730 angelos,
2338 662 2645 726 angelicam
2695 663 2984 722 naturam,
3031 659 3426 729 apprehendit;

198 747 273 800 sed
294 756 478 800 Semen
506 745 745 801 Abrabm
772 747 1162 817 apprehendit,-
1199 751 1291 804 sed
1315 750 1625 804 humanam
1657 753 1944 806 naturam.
1968 749 2055 806 32.
2089 747 2251 804 Unde
2274 751 2428 816 (quia
2448 763 2626 801 semen
2656 748 2888 801 Abrahae
2915 748 3274 815 apprehendit
3298 764 3315 809 ι
3345 751 3430 802 vel

197 840 302 906 quia
315 837 675 904 participdvit
701 840 865 889 carni
894 841 943 888 et
971 841 1270 907 sanguini)
1297 838 1494 892 debuit
1535 857 1637 910 per
1664 841 1850 894 omnia
1873 832 2254 906 frag‘ilitatum
2282 837 2552 892 fratribus
2579 836 2834 898 similari,
2864 835 2951 892 33.
2987 842 3052 890 ut
3075 841 3332 906 δώῃσι-ιω
3364 839 3430 892 in

193 941 236 978 se
257 925 489 978 hominis
516 927 802 978 miseriam
834 925 1150 980 misericors
1172 928 1350 991 ﬁeret,
1376 934 1432 982 et
1460 928 1639 982 ﬁdelis
1663 929 1904 999 pontifex
1933 929 2004 980 ad
2035 928 2234 993 Deum,
2265 926 2355 981 34.
2393 931 2454 980 ut
2481 925 2896 996 repropitiaret,
2930 927 3289 987 candanaret,
3325 925 3428 979 ded

194 1014 300 1067 licia
323 1013 536 1084 pepuli,
557 1016 700 1082 quod
726 1020 929 1082 potest;
954 1017 1072 1068 ideo
1099 1019 1365 1070 similari.
1395 1015 1461 1070 In
1491 1034 1557 1071 eo
1590 1017 1738 1071 enim
1771 1018 1858 1082 3.3,
1891 1015 1980 1074 36.
2013 1018 2070 1071 in
2097 1030 2208 1088 quo
2231 1021 2318 1076 (in
2348 1020 2535 1085 carne)
2554 1031 2753 1087 passus
2782 1020 2870 1069 est
2897 1015 3036 1086 ipse,
3069 1019 3125 1069 et
3151 1020 3427 1085 tentatus;

192 1107 356 1172 potens
387 1110 496 1168 est,
523 1103 680 1156 modo
709 1109 922 1172 accepta
951 1106 1504 1173 incorruptibilitatc,
1542 1110 1599 1160 et
1619 1107 1700 1160 eis
1718 1107 1813 1178 qui
1845 1111 2136 1161 tentantur
2158 1106 2434 1160 auxiliari.

1616 1258 1850 1312 CAPUT
1879 1259 1980 1316 111.

249 1377 290 1432 1.
311 1377 473 1432 Unde
497 1381 645 1447 (quia
675 1384 862 1446 potens
883 1381 1182 1448 daridari)
1213 1380 1488 1437 °2.fratres
1509 1383 1708 1447 sancti,
1731 1383 2035 1437 vocationis
2048 1384 2290 1438 cmiestis
2310 1384 2626 1454 participes,»
2663 1380 2716 1435 3.
2737 1375 3431 1448 consideratewoghoscitei

193 1467 447 1530 honorate,
482 1467 796 1537 apostolum
820 1473 876 1521 et
887 1467 1207 1538 pontiﬁcem
1219 1470 1586 1524 confessionis
1604 1471 1738 1538 ﬁdei
1758 1480 1962 1526 nostrae
1977 1471 2250 1536 Jr-sum,4.
2274 1474 2369 1543 qni
2383 1473 2660 1526 ﬂdelisest
2675 1471 2726 1525 ei
2743 1471 2839 1542 qui
2857 1469 2984 1524 fecit
3017 1460 3078 1536 ἡ
3091 1475 3132 1534 Ι
3147 1475 3298 1534 θα,
3313 1475 3350 1534 Ι
3381 1475 3424 1534 ι.

189 1557 338 1615 illum.
378 1556 530 1609 sicut
559 1563 616 1609 et
643 1556 862 1628 M0y3es
889 1557 948 1611 in
992 1559 1146 1613 omni
1177 1559 1344 1613 domo
1374 1561 1496 1630 ejus
1523 1565 1722 1629 populo
1753 1558 2092 1615 Judzrorum.
2129 1561 2177 1616 5.
2218 1561 2524 1632 Amplloris
2551 1560 2699 1613 enim
2725 1559 2920 1629 gloria:
2959 1557 3066 1611 iste
3085 1567 3206 1628 prie
3241 1559 3433 1629 Moyse

187 1646 360 1715 dignus
408 1652 500 1700 est
545 1646 772 1700 habitus
812 1647 1100 1718 (exponit),
1136 1647 1188 1703 6.
1219 1655 1430 1719 quanto
1459 1650 1793 1720 ampliorem
1824 1650 2090 1704 honorem
2121 1650 2291 1704 habet
2319 1651 2539 1716 domus,
2581 1649 2677 1720 qui
2715 1646 3007 1701 fabricavit
3046 1646 3220 1710 illam,
3263 1661 3432 1714 quam

186 1737 396 1788 serviens
418 1737 480 1787 in
511 1751 594 1787 ea.
620 1735 824 1800 Omnis
847 1753 1089 1807 namque
1110 1738 1310 1792 domus
1339 1738 1644 1792 fabricatur
1660 1737 1730 1792 ab
1759 1734 1975 1808 aliquo;
2009 1740 2105 1810 qui
2125 1745 2313 1793 autem
2339 1741 2529 1793 omnia
2549 1738 2931 1800 crcavit,Deus
2953 1742 3039 1790 est
3055 1738 3103 1791 7.
3132 1737 3432 1806 EtMoyses

188 1822 382 1892 quidem
419 1822 604 1877 ﬁdelis
619 1830 741 1877 erat
763 1824 821 1877 in
850 1829 964 1878 tota
989 1826 1155 1879 domo
1184 1827 1306 1895 ejus
1335 1833 1604 1898 tanquam
1630 1828 1957 1895 famulus,in
1977 1830 2568 1885 testimoniumeorum
2589 1831 2814 1884 dicendo
2832 1844 2956 1899 quae
2982 1827 3217 1881 dicenda
3231 1829 3428 1890 erant;

187 1910 416 1964 Christus
450 1921 580 1966 vero
608 1918 878 1984 tanquam
913 1913 1062 1967 Illius
1091 1913 1148 1966 in
1169 1914 1335 1968 domo‘
1356 1896 1489 1981 sua;
1516 1933 1639 1987 quae
1667 1917 1867 1972 dbmus
1887 1922 2082 1972 sumus
2107 1917 2290 1983 no:.,8.
2317 1919 2364 1972 si
2394 1916 2445 1974 9.
2481 1918 2828 1983 ﬁduciam,et
2848 1896 3090 1988 gloriam
3119 1914 3238 1985 spei
3253 1920 3434 1983 usque
3477 1896 3488 1916 ’

186 1997 240 2050 ad
258 1997 672 2062 finem,ﬁrmam
693 1999 1060 2055 retineamus.
1090 2000 1180 2055 10.
1196 2001 1549 2074 Quapropter
1572 2004 1719 2058 sicut
1738 2006 1874 2060 dicit
1899 2007 2142 2078 Spiritus
2166 2014 2394 2062 sanctus
2419 2026 2429 2060 :
2464 2009 2642 2062 Hodie
2663 2007 2711 2060 si
2738 2012 2927 2060 vocem
2963 2006 3086 2075 ejus
3115 2003 3432 2070 audieritis,

183 2085 332 2140 nolite
345 2086 632 2142 obdurare
661 2089 833 2143 corda
868 2100 1072 2157 vestra,
1104 2090 1250 2145 sicut
1275 2091 1334 2145 in
1365 2093 1788 2149 exacerbatione
1821 2095 2237 2150 obduraoerunt
2271 2102 2472 2165 patres,
2515 2095 2825 2150 secundum
2871 2092 3042 2160 dictu,
3074 2095 3138 2147 iri
3172 2097 3434 2160 tempe"!

1501 2245 2096 2306 COMMENTARIUS.

241 2363 320 2420 27.
349 2366 566 2421 Lassa.
607 2367 674 2420 Et
725 2367 960 2420 liberare
1005 2369 1105 2421 eos.
1162 2367 1430 2422 Homines
1475 2369 1818 2436 liberavit,A
1909 2372 1995 2432 36.
2029 2377 2241 2430 Lmen.
2269 2377 2333 2430 In
2369 2388 2475 2444 quo
2499 2387 2692 2442 passus
2720 2376 2814 2425 est.
2835 2370 2900 2425 In
2928 2383 3096 2423 carne
3111 2368 3436 2439 passasest;

185 2454 310 2522 quod
339 2455 550 2525 probat
571 2471 604 2508 a
627 2455 938 2520 contrario;
972 2471 1084 2510 non
1109 2457 1258 2510 enim
1279 2454 1525 2527 angelos,
1551 2475 1681 2512 nam
1714 2460 1760 2513 si
1842 2468 1899 2517 et
1927 2467 2176 2519 tentatus
2208 2472 2310 2530 est,
2334 2455 2390 2519 et
2417 2465 2474 2518 in
2499 2469 2666 2518 carne
2694 2460 2928 2516 tentatis
2949 2457 3208 2513 auxiliari
3228 2455 3437 2528 potest:

182 2543 389 2612 angelos
437 2544 723 2610 liberaret,
759 2545 1069 2614 angelicam
1109 2553 1369 2600 naturam
1423 2555 1757 2615 assumeret,

182 2632 266 2684 sed
322 2645 608 2705 nusquam
661 2635 989 2705 angelorum
1045 2641 1308 2690 naturam
1366 2638 1757 2708 apprehendit,

180 2735 318 2792 ergo,
340 2730 450 2778 etc.

237 2810 318 2864 28.
350 2813 574 2867 Timore
602 2817 818 2868 mortis.
841 2813 1061 2868 Fideles
1085 2815 1221 2870 dicit
1249 2816 1344 2886 qui
1376 2813 1578 2871 timore
1609 2821 1760 2871 mor-

179 2899 257 2964 tis,
283 2918 382 2956 seu
410 2903 686 2974 corporis,
728 2919 828 2957 seu
877 2904 1096 2962 animm.
1131 2919 1232 2976 per
1259 2902 1434 2960 totam
1464 2907 1636 2962 vitam
1669 2906 1762 2960 ob-

178 2991 466 3046 servabant
515 2993 734 3063 legem;
787 2995 926 3064 qu'os
975 2993 1232 3048 liberavit
1269 2995 1522 3050 Christus
1565 3004 1664 3050 seu
1689 2997 1760 3049 ab

177 3076 400 3144 inferno,
427 3099 532 3136 seu
563 3081 635 3135 ab
661 3082 1004 3152 importabili
1029 3084 1165 3153 jugo
1191 3084 1347 3154 legis.

233 3166 314 3224 ‘29.
339 3172 596 3225 AMBROS.
631 3171 870 3225 Obnacii
895 3178 1074 3225 erant.
1109 3173 1262 3226 Servi
1306 3173 1350 3227 si
1387 3169 1613 3245 quidem
1647 3177 1762 3229 oin-

176 3268 263 3312 nes
285 3259 521 3314 {uetant
553 3260 769 3320 mortis,
805 3259 936 3330 quia
967 3267 1202 3315 mortem
1233 3263 1526 3317 timebant.

240 3346 327 3404 30.
377 3349 598 3402 Linea.
632 3350 920 3418 Nusquam
964 3354 1132 3404 enim.
1181 3351 1388 3405 Probat
1417 3353 1760 3423 superiorem

180 3450 411 3503 causam,
444 3437 586 3509 quia
620 3438 744 3492 ideo
787 3439 954 3492 homo
1003 3439 1182 3493 factus
1213 3447 1298 3494 est
1325 3440 1493 3506 Deus,
1529 3447 1592 3496 ut
1620 3443 1762 3496 mori

179 3527 456 3594 potuisset,
489 3526 766 3581 'nisienim
797 3543 900 3598 pro
927 3528 1174 3583 humana
1203 3531 1386 3584 salute
1416 3530 1558 3584 mori
1581 3531 1764 3602 dispo-

1911 2555 2064 2609 CAP.
2100 2554 2199 2608 IlI.
2233 2586 2289 2595 --
2340 2553 2386 2611 1.
2431 2555 2637 2608 Lmen.
2685 2552 2832 2605 Unda
2865 2551 3094 2618 fratres;
3127 2553 3233 2602 etc.
3261 2542 3438 2617 Supe-

1843 2641 1962 2697 rius
1991 2643 2323 2698 monstravit
2351 2643 2636 2697 Christum
2670 2640 2984 2710 digniorem
3010 2637 3259 2708 angelis;
3285 2648 3438 2690 nunc

1844 2723 2122 2786 monstrat
2173 2733 2486 2803 digniorem
2533 2737 2591 2785 et
2640 2729 2853 2800 Moyse,
2887 2720 2954 2782 ut
2987 2726 3177 2782 Veteri
3214 2725 3436 2780 Novum

1843 2822 2103 2892 "praeferat
2127 2820 2595 2876 Testamentum?

1912 2909 1964 2966 ‘2.
1998 2912 2245 2965 Annuus.
2296 2912 2514 2963 Fratres
2561 2910 2764 2962 sancti.
2811 2905 3048 2960 Animos
3083 2907 3278 2958 eorum
3316 2900 3438 2954 vult

1843 2997 2058 3068 erigere
2101 2999 2169 3052 ad
2220 2998 2599 3053 excellentiam
2631 2995 3067 3068 promissionum
3097 2987 3216 3056 Dei,
3249 2989 3437 3044 nerui-3

1842 3104 1984 3142 nans
2013 3104 2108 3141 eos
2125 3088 2327 3142 fratres
2357 3087 2716 3140 charissimos
2737 3085 2808 3138 ad
2837 3083 3082 3138 coelestia
3111 3085 3356 3135 vocatos.

1915 3175 1966 3230 3.
2013 3177 2358 3232 Considerate
2386 3179 2720 3245 Apostolum,
2752 3173 2809 3227 id
2838 3180 2942 3237 est,
2973 3169 3289 3241 cognoscite
3311 3167 3440 3238 quis

1845 3271 1932 3320 est
1956 3263 2117 3320 Jesus
2146 3266 2408 3320 saverdos
2426 3271 2484 3319 et
2503 3263 2706 3334 aliquis
2735 3263 2823 3333 υἱ,
2853 3258 3086 3332 ﬁdelis],
3109 3265 3168 3313 et
3195 3270 3306 3312 non
3341 3257 3438 3312 ha-

1845 3354 1983 3408 bens
2008 3368 2147 3425 Opus
2174 3355 2286 3408 alia
2307 3353 2702 3408 consolatione.

1916 3446 1966 3498 4.
2001 3445 2130 3510 Quis
2159 3446 2353 3511 ﬁdelis.
2378 3445 2595 3497 Asserit
2621 3458 2748 3496 eum
2780 3440 3022 3505 fidelem,-
3054 3437 3112 3492 id
3139 3441 3244 3502 est,
3276 3435 3442 3490 dero-

1843 3540 1986 3595 tum,
2019 3533 2409 3587 defendentem
2439 3545 2506 3587 ea
2535 3548 2657 3603 quae
2699 3535 2835 3585 sunt
2878 3530 3016 3600 ejus,
3067 3543 3181 3582 non
3209 3523 3439 3620 permit-

179 3623 335 3680 neret,
386 3629 671 3688 apparere
711 3617 902 3670 volens
943 3618 1284 3684 hominibus,
1319 3636 1431 3674 non
1455 3620 1760 3686 hominem,
1780 3626 2054 3714 Btentem
2080 3621 2382 3695 corrumpi.

174 3705 256 3758 sed
275 3706 568 3776 angelum,
593 3705 774 3776 inquo
805 3707 1150 3776 loqueretur.
1185 3716 1518 3762 assumeret.

235 3791 318 3848 3|.
357 3797 610 3849 Axenus.
654 3795 944 3863 Nusquam
987 3799 1135 3848 enim
1165 3800 1405 3863 angelos.
1440 3797 1586 3861 Quia
1613 3797 1764 3851 dixe-

175 3889 250 3935 rat
280 3887 599 3950 :Quoniam
625 3887 793 3952 pueri
813 3887 1536 3940 communicaveruntcarni
1562 3893 1611 3940 et
1632 3903 1767 3940 san-

177 3975 340 4036 guini,
363 3979 416 4025 et
441 3977 559 4042 ipse
585 3975 856 4026 similiter
878 3977 1239 4042 participari?
1259 3977 1477 4030 eisdem.
1503 3975 1649 4042 ideo,
1677 3977 1767 4029 iu-

178 4063 302 4130 quit,
326 4077 616 4132 nusquam
632 4065 854 4132 angelus
866 4065 1244 4130 amirehendit,
1269 4065 1360 4116 sed
1387 4082 1568 4118 semen
1599 4068 1635 4120 A
1648 4067 1770 4120 bra-

179 4149 248 4202 h:
270 4153 656 4220 apprehendit.
691 4151 877 4215 Quare
897 4151 1036 4205 dixit
1064 4152 1478 4222 apprehendit?
1501 4154 1646 4217 Quia
1666 4170 1768 4208 nos

177 4241 323 4309 quasi
349 4241 685 4295 recedentes
720 4240 791 4294 ab
827 4251 911 4307 eo,
947 4246 1003 4294 et
1043 4241 1209 4311 longe
1239 4241 1516 4312 fugientes
1546 4243 1768 4298 insecu-

181 4333 258 4381 tus
276 4329 688 4400 apprehendit;
723 4338 780 4384 et
808 4329 866 4383 in
894 4336 1064 4383 unam
1106 4336 1401 4401 personam
1428 4337 1631 4387 nostris
1661 4333 1770 4386 fra-

179 4417 398 4486 gilitatis
429 4425 699 4472 naturam
731 4417 838 4472 s’ibi
859 4420 1323 4490 contemperavit.

242 4505 324 4563 3i.
377 4510 536 4563 Unde
581 4510 788 4562 debuit.
836 4509 958 4562 Non
991 4508 1181 4579 itaque
1227 4509 1339 4562 alia
1367 4509 1473 4562 fuit
1503 4509 1770 4564 causailli

179 4609 268 4666 per
289 4599 492 4652 omnia
512 4596 784 4650 fratribus
801 4597 1122 4661 assimilari,
1156 4597 1263 4651 nisi
1289 4603 1353 4651 ut
1375 4599 1554 4652 ﬁdelis
1582 4599 1771 4670 ponti-

178 4685 252 4738 fex
273 4687 331 4740 in
361 4686 554 4750 nobis,
585 4687 906 4756 nostrisque
935 4687 1265 4758 propitiaret
1292 4687 1552 4758 peccatis.

235 4773 321 4828 33.
354 4777 578 4831 Labra.
605 4776 935 4830 Mitem-ore.
973 4776 1185 4830 Revera
1205 4791 1316 4830 non
1345 4781 1574 4830 vocatur
1600 4775 1771 4830 mise-

178 4864 338 4918 ricors
385 4865 502 4919 nisi
561 4865 763 4931 homo;
793 4865 1112 4920 misericors
1153 4881 1186 4918 a
1215 4865 1420 4920 misero
1451 4865 1617 4919 corde
1643 4865 1774 4919 dici-

181 4960 290 5019 tur;
312 4955 394 5007 sic
419 4955 494 5010 B.
530 4953 837 5024 Gregorius
861 4954 918 5008 in
943 4953 1268 5010 Moralibus.

241 5010 324 5098 ὄλ.
349 5045 420 5098 Ut
441 5010 854 5112 repropitiaret.
876 5043 1084 5098 Probat
1094 5044 1241 5114 quod
1259 5049 1444 5114 potest
1455 5045 1774 5098 condonare
1791 5010 1838 5072 θ

182 5129 392 5196 delicta,
421 5132 490 5186 id
505 5137 610 5196 est,
626 5132 914 5198 auxiliari;
947 5149 1076 5186 nam
1097 5133 1574 5203 perdivinitatem,
1593 5139 1650 5188 et
1673 5149 1776 5204 per

181 5223 438 5275 uit-nem?
470 5221 582 5275 Per
609 5221 980 5288 divinitatem,
1013 5221 1148 5292 quia
1178 5221 1349 5275 etiam
1387 5237 1490 5292 per
1525 5237 1770 5276 carnem.

241 5311 326 5364 35.
356 5313 617 5364 Asianos.
662 5312 728 5364 In
764 5327 821 5364 eo
853 5315 915 5364 in
944 5327 1051 5380 quo
1071 5325 1265 5379 passus
1285 5316 1380 5364 est.
1412 5311 1476 5366 In
1493 5328 1577 5377 eo,
1605 5312 1660 5364 id
1690 5318 1777 5366 est

177 5394 228 5448 in
251 5397 512 5460 homine,
541 5398 600 5451 in
632 5407 742 5468 quo
775 5409 972 5469 passus
1001 5405 1106 5462 est,
1153 5407 1352 5468 potens
1398 5406 1484 5454 est
1529 5406 1775 5454 tentatas

179 5486 463 5554 adjuvare,
518 5500 589 5540 ne
641 5487 951 5554 vincantur,
994 5488 1129 5558 quia
1158 5487 1500 5543 tentationes
1527 5497 1771 5556 nostras,

177 5573 310 5629 sicut
328 5573 605 5641 homo,in
621 5575 810 5646 seipse
828 5591 932 5647 per
946 5577 1395 5648 esperimentum
1422 5577 1700 5647 cog-nevit.

1913 3711 1964 3764 5.
2001 3712 2208 3765 Laure.
2251 3712 2554 3778 Amplioris
2593 3711 2742 3762 cnim
2798 3711 2893 3773 est,
2929 3710 3032 3760 etc.
3069 3703 3302 3774 Dignior
3331 3705 3438 3768 est;

1844 3813 1976 3852 nam
2021 3798 2311 3870 amplioris
2339 3799 2532 3869 glorise
2559 3801 2663 3863 est,
2695 3796 2972 3868 siquidem
3005 3800 3228 3848 creator
3255 3797 3358 3858 est;
3382 3796 3441 3846 et

1845 3889 2065 3960 Moyses
2107 3894 2400 3954 creatura;
2449 3888 2632 3941 omnis
2671 3891 2890 3940 creator
2927 3882 3218 3955 amplioris
3243 3881 3442 3952 ειοτὶω

1849 3983 1936 4031 est
1958 3994 2125 4048 quam
2157 3984 2444 4039 creatura;
2470 3993 2600 4030 nam
2629 3975 2909 4029 fabricans
2941 3973 3171 4026 domum
3209 3969 3443 4040 majori!

1849 4066 2080 4121 honoris
2107 4073 2193 4120 est
2221 4069 2384 4137 quam
2409 4066 2630 4119 domus.

1920 4151 1974 4208 Β.
2031 4157 2246 4222 Quanto
2299 4157 2650 4224 ampliorem,
2683 4154 2790 4208 etc;
2829 4148 3038 4204 Probat
3077 4147 3210 4219 quia
3237 4145 3446 4201 debent

1851 4244 2225 4310 considerare,
2259 4243 2315 4296 id
2366 4248 2470 4308 est,
2501 4242 2780 4296 honorare
2809 4237 3116 4300 Christum;
3149 4235 3284 4306 quia
3322 4250 3444 4288 ama

1852 4333 2046 4404 pllo’ris
2075 4331 2365 4403 dignitatis
2394 4337 2481 4386 est
2505 4344 2677 4402 quam
2705 4328 2951 4400 Moyses;
2973 4333 3031 4382 et
3052 4327 3158 4381 hoc
3185 4343 3219 4380 a
3244 4324 3438 4392 simili,

1851 4429 1909 4476 et
1928 4439 1962 4476 a
1988 4422 2128 4493 pari.

1922 4505 1972 4566 7.
2008 4512 2074 4564 Et
2119 4506 2323 4578 Moyses
2378 4508 2624 4578 quidem.
2657 4505 2866 4561 Probat
2918 4505 3050 4577 quia
3088 4504 3314 4576 dignior
3357 4507 3446 4558 est

1853 4601 2110 4654 Christus
2153 4599 2346 4671 Moyse
2375 4617 2387 4650 :
2421 4598 2616 4654 Omnis
2657 4597 2808 4651 enim
2845 4595 2997 4650 filius
3027 4595 3249 4666 dignior
3276 4594 3445 4650 estid

1848 4691 2016 4744 domo
2047 4689 2242 4760 patris,
2277 4694 2333 4743 et
2355 4703 2477 4752 sua,
2501 4702 2670 4758 quam
2690 4685 2953 4740 famulus.

1921 4777 1975 4834 8.
2008 4777 2070 4834 Si
2100 4780 2380 4847 ﬁduciam,
2413 4777 2470 4832 id
2517 4781 2622 4842 est,
2665 4775 2832 4830 fidem
2861 4781 2919 4830 et
2940 4775 3142 4829 bunum
3171 4773 3447 4847 operati'os

1854 4885 2002 4932 nem,
2040 4883 2137 4938 per
2161 4884 2301 4938 quas
2321 4883 2476 4937 spem
2509 4865 2802 4919 habemus.

1927 4955 1960 5012 9
2013 4958 2074 5011 Si
2101 4959 2364 5023 ﬁduciam
2394 4961 2440 5008 et
2471 4957 2731 5022 gloriam,
2755 4953 3094 5024 etc.Ergo'ut
3107 4952 3231 5022 ejus
3248 4951 3450 5006 domus

1856 5047 2053 5110 simus,
2085 5045 2251 5098 ﬁdem
2283 5041 2488 5098 habere
2510 5041 2814 5108 debemus;
2839 5042 3014 5113 igitur
3038 5045 3150 5096 non
3177 5040 3448 5095 debemus

1857 5145 1978 5188 esse
2007 5133 2302 5197 increduli,
2335 5133 2483 5203 quod
2508 5136 2612 5197 est,
2639 5133 2807 5185 videte
2834 5132 3058 5198 fratres,
3091 5133 3279 5200 potest
3296 5127 3449 5182 enim

1856 5217 1990 5277 illuc
2019 5231 2195 5292 usque
2223 5222 2466 5292 pendere
2494 5221 2798 5277 sententia.

1930 5309 2013 5388 ω.
2046 5311 2385 5378 Quapropter
2412 5313 2553 5364 sicut
2572 5311 2728 5371 dicit,
2758 5313 2864 5362 etc.
2888 5307 3254 5372 Quasidicat:
3281 5305 3446 5376 Ergu',

1859 5400 1990 5470 quia
2019 5405 2188 5454 mnta;
2226 5399 2518 5469 dignitatis
2565 5404 2655 5452 est
2697 5397 2844 5450 lator
2891 5396 3033 5450 Novi
3079 5395 3446 5462 Testamenta

1858 5491 1969 5544 n‘on
2006 5488 2313 5542 habeamus
2339 5503 2438 5544 cor
2467 5487 2828 5552 obduratum,
2851 5485 2954 5540 sed
2973 5484 3130 5540 illius
3156 5485 3450 5557 μηρὼ

1855 5575 2296 5649 acqui‘eScamus.
