3852 6178
336 291 443 354 383

1324 288 1387 358 is.
1430 288 1848 348 LANFRANCI
1888 292 2249 350 CANTUAR.
2287 293 2627 353 ARCHIEP.

3505 292 3607 350 384

330 418 662 476 tentationis
690 417 750 472 in
773 417 1014 481 deserto,
1043 412 1140 469 ubi
1167 417 1529 470 tentaverunt
1554 432 1644 471 me
1672 421 1862 487 patres
1881 418 2071 487 vestri,
2091 418 2467 490 probaverunt
2486 436 2590 484 me,
2617 423 2676 474 et
2703 403 2960 474 viderunt
2986 436 3158 492 opera
3186 437 3315 477 mea
3344 423 3486 475 sicut
3509 423 3608 475 Dei

342 509 715 581 quadraginta
743 506 906 561 annis
929 524 941 571 ;
976 508 1208 576 propter
1234 504 1402 575 quod,
1435 508 1569 574 quia
1589 510 1959 573 tentaverunt,
1983 508 2236 563 infensus
2260 508 2340 564 fui
2363 508 2714 580 generationi
2743 509 2893 575 huic,
2927 515 2985 563 et
3010 509 3150 564 dixit
3173 529 3185 564 :
3217 510 3610 581 Semper,nam

339 600 576 663 assidue,
599 601 790 650 errant
817 593 1005 650 corde.
1046 592 1160 664 Ipsi
1185 598 1374 646 autem
1399 608 1514 648 non
1542 600 1924 662 cognoverunt
1952 597 2068 651 vias
2098 613 2272 665 meas,
2299 603 2565 666 praecepta
2596 613 2737 663 mea,
2760 597 2911 652 sicut
2931 598 3118 667 juravi
3146 597 3205 652 in
3233 598 3321 652 ira
3350 615 3477 652 mea
3505 617 3517 652 ε
3552 598 3612 653 Si

342 688 705 757 (aposiopesis)
733 683 1068 749 introibant,
1103 698 1214 736 non
1244 683 1503 736 introibit
1530 683 1922 751 quisquam,in
1946 685 2199 757 requiem
2223 703 2428 741 meam.
2459 685 2680 752 Videte,
2708 685 2930 751 fratres,
2964 702 3031 740 ne
3058 690 3179 740 sitis
3213 689 3509 753 increduli,
3542 702 3614 740 ne

337 777 480 831 forte
510 775 582 829 sit
604 774 665 828 in
694 773 883 844 aliquo
912 779 1162 827 vestrum
1192 787 1288 824 cor
1314 770 2310 841 malum,incredulitatis,discedendi
2341 792 2377 829 a
2405 775 2521 830 Deo
2548 775 2670 829 vivo
2692 794 2705 843 ;
2727 775 2824 829 sed
2841 775 3221 830 adhortamini
3245 776 3615 847 vosmetipsos

334 880 437 937 per
464 863 717 933 singulos
739 863 879 929 dies,
912 862 1090 916 donec
1114 860 1282 914 hodie
1315 860 1396 930 (in
1419 864 1683 928 praesenti
1709 863 1847 916 dum
1872 862 2020 932 licet)
2048 864 2500 935 cognominatur,
2532 868 2598 918 ut
2633 879 2747 918 non
2767 864 3078 918 obduretur
3097 863 3223 935 quis
3244 880 3311 918 ex
3339 863 3493 918 vobis
3528 862 3611 920 ll.

334 952 556 1008 fallacia
584 951 797 1024 peccati
822 952 1007 1026 (causa
1035 966 1139 1005 cur
1166 966 1278 1004 non
1315 950 1601 1003 debeamus
1625 951 1936 1018 obdurari).
1978 951 2059 1008 12.
2092 952 2398 1023 Participes
2418 953 2571 1006 enim
2597 952 2823 1020 Christi,
2843 957 2905 1006 ut
2923 955 3169 1007 membra
3198 952 3415 1021 capitis,
3432 952 3614 1006 effecti

334 1058 563 1109 sumus;
620 1040 709 1095 i3.
749 1040 799 1095 si
841 1046 1031 1095 tamen
1077 1038 1162 1095 14.
1194 1038 1421 1092 initium
1458 1037 1788 1094 substantiae
1838 1042 1983 1110 ejus,
2023 1043 2152 1108 [idsi
2197 1044 2418 1111 quando
2471 1044 2840 1107 substitimus,
2880 1058 3060 1113 usque
3091 1041 3163 1095 ad
3192 1042 3360 1095 ﬁnem
3388 1042 3615 1096 ﬁrmum

337 1132 702 1186 retineamus.
731 1131 878 1183 Dum
908 1128 1114 1182 dicitur
1143 1146 1155 1181 :
1192 1128 1389 1194 Hodie,
1422 1129 1485 1183 in
1516 1131 1795 1196 praesenti,
1845 1129 1895 1184 si
1932 1145 2123 1184 vocem
2176 1132 2296 1200 ejus
2339 1130 2652 1197 audieritis,
2683 1130 2857 1183 nolite
2905 1129 3185 1184 obdurare
3209 1129 3379 1183 corda
3406 1136 3611 1196 vestra,

340 1219 817 1292 quemadmodum
846 1220 1258 1272 obduraverunt
1283 1221 1470 1285 patres
1497 1220 1665 1270 vestri
1682 1216 1741 1271 in
1764 1217 1863 1272 illa
1882 1218 2322 1274 exacerbatione.
2349 1220 2653 1287 Responsio.
2687 1217 2930 1282 Quidam
2959 1217 3107 1272 enim
3140 1217 3453 1284 audientes,
3482 1234 3614 1272 exa-

339 1307 727 1373 cerbaverant,
754 1306 854 1360 sed
882 1321 994 1359 non
1020 1304 1265 1360 universi
1293 1304 1391 1374 qui
1422 1303 1655 1375 profecti
1683 1311 1816 1360 sunt
1835 1306 1905 1361 ab
1925 1307 2165 1379 Egypto
2194 1324 2294 1378 per
2322 1308 2571 1378 Moysen.
2603 1305 2818 1370 Quibus
2846 1312 3038 1363 autem
3066 1307 3320 1361 infensus
3348 1312 3435 1361 est
3471 1323 3614 1378 qua-

337 1398 601 1467 draginta
629 1395 832 1449 annis?
869 1396 1069 1449 Nonne
1097 1394 1207 1451 illis
1233 1394 1328 1466 qui
1350 1400 1737 1465 peccaverunt,
1771 1411 2012 1466 quorum
2040 1395 2312 1449 cadavera
2341 1400 2623 1466 prostrata
2654 1400 2786 1452 sunt
2810 1395 2870 1449 in
2896 1395 3149 1451 deserto?
3179 1394 3391 1459 Quibus
3421 1402 3614 1452 autem

331 1486 546 1556 juravit
568 1501 681 1539 non
709 1483 944 1538 introire
974 1484 1031 1536 in
1048 1483 1301 1555 requiem
1331 1483 1525 1554 ipsius,
1544 1487 1625 1538 vel
1658 1488 1872 1539 terram
1896 1487 2307 1552 promissionis,
2341 1483 2450 1539 nisi
2475 1484 2588 1539 illis
2615 1483 2712 1555 qui
2739 1483 3011 1541 increduli
3038 1483 3271 1540 fuerunt
3296 1485 3321 1540 Τ
3361 1485 3430 1541 Et
3456 1486 3612 1541 vide-

338 1591 467 1632 mus
501 1573 635 1645 quia
664 1589 777 1630 non
806 1577 1115 1647 potuerunt
1140 1571 1377 1628 introire
1404 1578 1632 1645 propter
1663 1572 2137 1629 incredulitatem.

1684 1733 1875 1794 πίω
1904 1726 2140 1783 CAPUT
2166 1724 2264 1781 IV.

410 1856 734 1912 Timeamus
756 1870 889 1925 ergo
915 1853 978 1925 (a
1008 1855 1207 1921 simili)
1240 1868 1366 1921 ergo
1399 1869 1497 1907 nec
1526 1868 1624 1906 nos
1644 1853 1987 1915 intrabimus,
2016 1854 2303 1908 existentes
2332 1855 2631 1918 increduli,
2666 1870 2792 1922 ergo
2815 1857 3133 1920 timeamus,
3164 1870 3236 1909 ne
3261 1854 3405 1908 forte
3418 1852 3617 1907 relicta

337 1945 746 2019 pollicitatione
775 1945 904 2012 ﬁdei
930 1941 1254 1997 introeundi
1284 1942 1343 1996 in
1372 1942 1624 2013 requiem
1651 1942 1788 2013 ejus,
1820 1943 1880 1996 id
1902 1946 2265 2009 est,2lernam
2282 1942 2912 2012 requiem,existimetur
2928 1942 3133 2015 aliquis
3152 1960 3218 1998 ex
3230 1942 3610 2012 vobisdeesse.

337 2035 452 2090 Cur
485 2039 805 2089 timeremus
825 2039 848 2087 ?
871 2034 990 2086 illis
1003 2037 1222 2086 tantum
1236 2034 1675 2087 nuntiatumest.
1689 2031 1911 2086 Etenim
1933 2037 1991 2086 et
2003 2032 2164 2086 nobis
2181 2032 2505 2087 nuntiatum
2532 2033 3119 2104 est,quemadmodum
3139 2038 3198 2088 et
3208 2032 3350 2101 illis;
3381 2032 3480 2086 sed
3495 2047 3610 2085 non

334 2123 547 2195 profuit
574 2123 687 2177 illis
706 2138 891 2177 sermo
921 2121 1287 2187 auditus,non
1315 2118 2015 2186 admistus,creditus,ﬁdei
2034 2119 2183 2174 exiis
2204 2138 2330 2192 qua:
2356 2121 3076 2193 audieruntlngrediemur
3091 2122 3242 2177 enim
3263 2124 3616 2191 (nuntiatum

335 2218 417 2267 est
439 2214 755 2275 nobis,nam
768 2212 1153 2279 ingrediemur
1182 2228 1197 2273 ;
1232 2213 1332 2276 vel,
1366 2211 1456 2263 sed
1486 2211 1660 2272 nobis,
1683 2210 1783 2277 qui
1809 2208 2163 2275 credidimus,
2180 2211 2584 2280 ingrediemur)
2608 2211 2665 2264 in
2688 2210 2941 2282 requiem
2969 2215 3104 2280 ejus,
3126 2211 3225 2281 qui
3247 2210 3613 2273 credidimus,

338 2301 817 2372 quemadmodum
845 2300 990 2354 dixit
1010 2300 1219 2369 (probat
1251 2300 1394 2367 quod
1424 2315 1535 2353 non
1557 2299 1935 2366 profuit,nam
1956 2313 2069 2351 non
2090 2299 2387 2352 intrabunt
2426 2301 2489 2353 in
2507 2299 2771 2368 requiem)
2795 2298 2991 2353 :‘Sicut
3012 2300 3199 2370 juravi
3223 2300 3283 2354 in
3312 2299 3401 2354 ira
3437 2315 3565 2353 mea
3600 2316 3612 2352 :

337 2391 397 2445 Si
423 2389 740 2445 introibunt
760 2391 1121 2459 (aposiopesis)
1152 2387 1208 2441 in
1241 2387 1493 2458 requiem
1526 2403 1732 2449 meam,
1760 2392 1972 2440 terram
2002 2389 2408 2454 promissionis,
2448 2386 2498 2444 1.
2529 2394 2587 2442 et
2616 2388 2842 2460 quidem
2870 2388 3133 2459 operibus
3161 2389 3231 2443 ab
3259 2389 3620 2444 institutione

329 2477 527 2534 mundi
549 2476 987 2549 perfectisDixit
1002 2475 1153 2530 enim
1175 2475 1230 2529 in
1251 2475 1497 2545 quodam
1519 2476 1639 2529 loco
1655 2474 1723 2528 de
1737 2473 1828 2528 die
1850 2474 2091 2546 septima
2111 2475 2190 2529 sic
2224 2493 2238 2529 :
2271 2475 2402 2530 ρει
2421 2476 2700 2547 requievit
2723 2477 2872 2531 Deus
2892 2477 2982 2531 die
2993 2478 3237 2548 septima
3260 2477 3330 2532 ab
3360 2477 3623 2533 omnibus

334 2566 595 2639 operibus
626 2567 764 2621 suis.
798 2566 867 2619 Et
894 2565 954 2619 in
983 2565 1092 2619 isto
1124 2581 1349 2619 rursum
1379 2582 1389 2617 :
1425 2564 1483 2619 Si
1521 2562 1836 2617 introibunt
1864 2562 1923 2616 in
1961 2564 2215 2634 requiem
2247 2580 2453 2618 meam.
2496 2564 2549 2621 3.
2594 2566 2874 2630 Quoniam
2913 2582 3046 2636 ergo
3085 2572 3345 2638 superest
3380 2567 3619 2621 introire

337 2656 611 2729 quosdam
637 2655 696 2710 in
724 2655 900 2722 illam,
923 2660 981 2708 et
996 2654 1058 2718 ii,
1083 2653 1285 2725 quibus
1307 2652 1585 2724 prioribus
1605 2651 2008 2706 annuntiatum
2034 2658 2137 2718 est,
2163 2669 2275 2707 non
2293 2653 2636 2710 introierunt
2653 2655 3351 2727 propterincredulitatem
3375 2675 3389 2725 ;
3411 2656 3622 2711 iterum

331 2746 605 2802 terminat
631 2746 782 2800 diem
813 2744 845 2801 4
880 2744 1220 2816 .quemdam,
1266 2743 1464 2810 Hodie,
1506 2742 1566 2797 in
1593 2741 1770 2797 David
1813 2741 2068 2809 dicendo,
2116 2748 2243 2813 post
2275 2748 2496 2798 tantum
2541 2745 2833 2817 temporis,
2881 2744 3029 2800 sicut
3058 2746 3444 2817 supradictum
3486 2751 3620 2800 est:

333 2835 514 2890 Hodie
544 2835 591 2889 si
621 2851 810 2889 vocem
838 2834 961 2904 ejus
990 2832 1302 2899 audieritis,
1338 2833 1513 2887 nolite
1533 2831 1813 2886 obdurare
1831 2831 2002 2885 corda
2030 2837 2234 2885 vestra.
2277 2833 2328 2887 5.
2351 2834 2495 2887 Nam
2513 2834 2560 2888 si
2581 2834 2663 2889 eis
2685 2835 2848 2890 Jesus
2877 2832 2928 2892 6.
2957 2834 3210 2905 requiem
3240 2835 3617 2906 praestitisset,

334 2940 627 2996 nunquam
656 2924 726 2978 de
758 2923 871 2978 alia
898 2923 1226 2994 loqueretur
1253 2922 1488 2993 posthac
1517 2920 1627 2975 die.
1647 2919 1698 2975 7.
1722 2921 1919 2991 Itaque
1938 2920 2277 2991 relinquitur
2291 2922 2666 2978 sabbatismus
2687 2924 2891 2995 populo
2906 2923 3145 2988 Dei.Qui
3163 2924 3314 2978 enim
3332 2924 3627 2995 ingressus

333 3013 495 3069 estin
514 3013 769 3086 requiem
791 3013 949 3085 ejus;
982 3012 1153 3068 etiam
1186 3012 1238 3068 8.
1272 3011 1394 3083 ipse
1432 3010 1709 3083 requievit
1737 3009 1808 3064 ab
1837 3008 2100 3080 operibus
2133 3009 2270 3078 suis,
2304 3010 2450 3066 sicut
2473 3028 2508 3066 a
2535 3012 2652 3067 suis
2674 3012 2845 3068 Deus.
2876 3010 2930 3079 9,
2975 3012 3066 3068 10.
3098 3013 3451 3068 Festinemus
3487 3028 3629 3082 ergo

1685 3160 2282 3219 COMMENTARIUS.

406 3289 494 3348 11.
544 3291 789 3345 Fallacia
828 3290 1055 3358 peccati.
1097 3288 1397 3342 Peccatum
1436 3292 1596 3341 vocat
1624 3284 1929 3351 diabolum,
1952 3285 2180 3345 Aenim
2210 3293 2371 3344 vocat
2391 3286 2564 3361 [sup.,
2592 3286 3099 3362 incredulos],cum
3120 3289 3256 3344 dicit
3289 3307 3302 3342 :
3330 3288 3510 3344 Nolite
3540 3291 3633 3344 ob-

327 3379 419 3436 vel
464 3378 939 3443 incredulitatem,
964 3394 1074 3447 quo
1111 3377 1199 3431 vel
1226 3392 1338 3448 qua
1370 3376 1639 3430 fallantur
1664 3375 1936 3439 inﬁdeles,

332 3484 405 3524 ne
436 3467 669 3522 credant
689 3467 837 3537 quod
867 3465 1211 3520 credendum
1243 3470 1349 3519 est.

404 3557 493 3612 12.
526 3558 775 3612 AMBROS.
810 3558 1113 3623 Participes
1138 3557 1289 3608 enim
1318 3555 1541 3615 Christi,
1576 3553 1633 3607 id
1667 3558 1773 3617 est,
1794 3567 1941 3606 unus

332 3645 517 3701 effecti
546 3660 740 3699 sumus
773 3658 898 3699 cum
928 3644 1023 3697 illo
1051 3642 1098 3697 si
1137 3643 1364 3714 quidem
1402 3643 1522 3713 ipse
1549 3647 1720 3718 caput
1749 3646 1853 3708 est,
1885 3646 1943 3694 et

332 3750 439 3790 nos
468 3732 741 3791 membra.

409 3819 495 3879 13.
523 3821 589 3877 Si
618 3828 803 3876 tamen
834 3824 1089 3876 initium.
1130 3820 1274 3885 Quid
1305 3825 1392 3875 est
1420 3819 1644 3874 initium
1675 3818 1941 3873 substan-

329 3911 467 3967 tiae?
519 3911 713 3967 Fidem
759 3911 1056 3981 signiﬁcat,
1105 3926 1207 3982 per
1257 3926 1427 3981 quam
1473 3908 1853 3973 subsistimus,
1885 3913 1943 3961 et

330 4000 450 4057 Deo
472 4000 592 4057 nati
611 4017 806 4056 sumus
827 4000 883 4054 in
904 4000 1069 4054 ﬁlios.

2020 3376 2233 3429 durare
2256 3377 2421 3430 corda
2446 3381 2643 3430 vestra.

2091 3463 2144 3516 4.
2183 3464 2502 3530 Quemdam.
2526 3464 2678 3519 Ordo
2706 3466 3041 3537 :quemdam
3068 3466 3157 3536 [/'.,
3186 3465 3458 3520 terminat
3475 3464 3634 3519 diem

2024 3552 2348 3623 quemdam]
2369 3557 2496 3623 post
2514 3558 2739 3609 tantum
2765 3555 3038 3626 temporis
3065 3554 3232 3609 hodie
3261 3554 3319 3608 in
3340 3553 3515 3608 David
3537 3553 3636 3607 di—

2023 3645 2220 3709 cendo,
2250 3646 2399 3700 sicut
2426 3663 2596 3718 supra
2620 3647 2833 3702 dictum
2857 3653 2944 3702 est
2972 3649 3139 3701 Hodie
3168 3650 3237 3714 si,
3270 3652 3375 3702 etc.

2095 3735 2147 3786 5.
2172 3735 2318 3787 Nam
2355 3738 2405 3788 si
2441 3740 2518 3789 eis
2541 3738 2713 3790 Jesus.
2748 3737 2875 3790 Non
2913 3741 3000 3790 est
3029 3735 3136 3790 iste
3172 3736 3336 3790 Jesus
3373 3735 3639 3791 Salvator

2024 3821 2259 3890 mundi;
2293 3821 2393 3876 sed
2435 3823 2619 3888 Jesus,
2662 3823 2759 3895 qui
2788 3822 2960 3877 etiam
3000 3824 3170 3877 Josue
3219 3822 3566 3891 nominatur,
3599 3839 3638 3878 a

2025 3927 2135 3984 quo
2185 3911 2426 3982 populus
2472 3913 2793 3967 Judaeorum
2838 3913 3044 3967 ductus
3072 3917 3158 3967 est
3185 3912 3244 3966 in
3267 3917 3477 3967 terram
3506 3929 3641 3984 pro-

2023 3999 2344 4066 missionis;
2380 4000 2475 4070 qui
2512 4001 2561 4054 si
2608 4017 2797 4055 veram
2847 4001 3103 4072 requiem
3149 4001 3231 4055 eis
3261 4001 3637 4072 pmsﬁﬁsset,

400 4091 491 4147 14.
522 4092 729 4146 LANFR.
773 4093 1015 4146 Initium
1043 4087 1382 4144 substantias.
1425 4086 1756 4143 Substantia
1785 4091 1947 4140 vocat
2027 4103 2316 4159 nunquam
2347 4094 2475 4160 post
2497 4089 2650 4144 illam
2674 4091 2780 4144 hac
2808 4089 2918 4157 die,
2950 4089 3006 4144 id
3036 4094 3123 4144 est
3140 4090 3326 4158 hodie,
3358 4090 3465 4145 hoc
3486 4094 3640 4144 tem-

331 4179 671 4252 ﬁdem,quia
706 4180 831 4252 ipsa
856 4179 1008 4234 velut
1036 4178 1465 4232 fundamentum
1494 4175 1655 4230 bonis
1683 4173 1944 4247 operibus

333 4267 576 4335 substet,
610 4268 668 4322 id
707 4274 793 4323 est
810 4268 980 4338 jacet.

405 4358 564 4412 CAP.
600 4357 692 4411 IV.
719 4386 785 4397 —
830 4355 873 4412 l.
908 4357 1113 4411 LANFR.
1145 4357 1213 4410 Et
1242 4355 1464 4424 quidem
1494 4355 1766 4423 operibus.
1799 4351 1939 4405 Pro-

330 4445 432 4500 bat
450 4445 592 4500 duas
619 4461 740 4500 esse
762 4445 1004 4516 requies,
1029 4460 1202 4499 unam
1217 4449 1649 4513 terrenam,quae
1666 4439 1940 4512 promissa

2032 4194 2163 4249 pore
2192 4177 2367 4232 David
2397 4178 2468 4232 de
2496 4178 2607 4233 alia
2635 4179 2982 4250 loqueretur.

2098 4266 2150 4321 6.
2175 4268 2431 4336 Requiem
2453 4271 2817 4336 prastitisset.
2850 4268 2939 4322 Illi
2980 4267 3220 4338 ingressi
3256 4272 3406 4335 sunt,
3441 4267 3498 4322 id
3527 4278 3641 4333 est,

2022 4356 2135 4410 illis
2163 4373 2277 4411 non
2305 4357 2463 4412 dedit
2490 4357 2746 4428 requiem
2769 4357 2948 4417 illam,
2972 4374 3104 4412 nam
3133 4357 3182 4412 si
3212 4357 3324 4411 illis
3349 4358 3645 4428 praestitis-

2024 4449 2131 4509 set,
2159 4460 2451 4516 nunquam
2474 4446 2544 4500 de
2572 4445 2684 4500 alia
2713 4446 2935 4500 locutus
2956 4445 3281 4501 fuisset.Vel
3299 4446 3591 4518 respondit
3625 4474 3639 4509 ε

335 4539 423 4589 est
444 4534 691 4604 Judaeis;
732 4533 903 4587 aliam
925 4533 1208 4587 ccelestem
1237 4549 1359 4603 quia
1388 4530 1737 4603 promittitur
1756 4527 1994 4606 nobis._
2024 4547 2139 4586 non
2169 4549 2394 4587 omnem
2443 4536 2697 4606 requiem
2745 4535 2946 4590 tribuit
2969 4536 3049 4591 eis
3087 4537 3253 4590 Jesus
3280 4538 3434 4591 Nave
3466 4539 3641 4602 (nun-

333 4623 403 4678 Et
427 4627 514 4677 est
531 4599 1011 4694 responsio,quasi
1022 4621 1225 4692 aliquis
1240 4599 1452 4675 dicere:
1475 4638 1486 4672 :
1513 4620 1698 4684 Quare
1713 4599 2000 4672 dixistizB
2027 4636 2195 4691 quam
2221 4621 2291 4674 de
2319 4621 2451 4692 alia)
2489 4599 2715 4676 omnem
2761 4622 3017 4693 requiem
3055 4623 3113 4677 id
3151 4632 3239 4678 est
3263 4599 3643 4696 temporalem

332 4711 684 4782 ingredimur
721 4711 780 4764 in
808 4710 1083 4782 requiem,
1115 4726 1245 4764 cum
1284 4710 1344 4764 in
1380 4709 1593 4764 nullam
1622 4707 1942 4779 promissio-
2023 4716 2081 4764 et
2105 4710 2409 4767 caelestem.

332 4800 422 4854 nis
450 4806 662 4855 terram
702 4799 917 4854 intrare
957 4798 1121 4853 nobis
1161 4815 1276 4863 non
1317 4805 1613 4870 tantopere
1641 4797 1780 4852 utile
1817 4795 1892 4851 sit
1916 4795 1943 4849 ’ἲ

331 4888 489 4957 Duae,
521 4888 727 4960 inquit,
750 4888 973 4960 requies
1002 4893 1155 4943 sunt.

399 4977 455 5034 2.
487 4979 555 5033 Et
585 4981 875 5048 requievit.
911 4978 1040 5033 Ilaec
1070 4983 1155 5032 est
1186 4976 1410 5048 requies
1439 4992 1562 5047 quae
1591 4973 1943 5046 promittitur

330 5067 561 5135 sanctis,
599 5067 856 5123 videlicet
881 5067 1142 5133 ccelestis,
1174 5064 1473 5121 inetiabilis
1522 5064 1625 5119 Dei
1674 5062 1942 5120 suavitas.

402 5161 456 5215 3.
491 5157 763 5225 Quoniam
795 5172 921 5224 ergo
960 5161 1223 5225 superest.
1267 5155 1413 5219 Quia
1452 5153 1703 5225 quidam,
1738 5150 1942 5222 inquit,

332 5246 598 5301 intraturi
639 5249 772 5300 sunt
802 5245 861 5298 in
891 5244 1146 5315 requiem
1178 5243 1280 5298 Dei
1310 5242 1615 5311 caelestem,
1647 5246 1705 5296 et
1740 5240 1799 5293 hi
1827 5238 1949 5309 qui-

2095 4795 2149 4852 7.
2194 4799 2386 4866 Itaque
2434 4801 2800 4869 relinquitur.
2836 4799 3136 4855 Concludit
3176 4800 3325 4870 quod
3373 4799 3644 4871 superius

2023 4887 2386 4960 probabatur.
2411 4888 2585 4953 Quasi
2609 4889 2856 4944 diceret:
2892 4888 3244 4960 ingredimur
3272 4888 3447 4960 igitur
3469 4889 3531 4943 in
3550 4905 3647 4943 re-

2064 4990 2236 5032 mem.

2064 4992 2236 5032 mem.

2026 4992 2066 5048 q
2100 5063 2160 5121 8.
2203 5066 2459 5122 Aunaos.
2491 5068 2606 5134 Ipse
2646 5067 2937 5133 requievit.
2981 5064 3225 5135 Requies
3262 5064 3364 5119 Dei
3399 5080 3647 5136 operum

2029 5154 2296 5225 perfectio
2335 5153 2698 5224 intelligenda
2745 5158 2860 5219 est;
2910 5169 3012 5224 per
3040 5152 3195 5207 illam
3224 5169 3356 5207 vero
3381 5153 3648 5223 requiem

2031 5259 2154 5315 quae
2184 5249 2395 5297 aeterna
2445 5248 2530 5297 est
2570 5258 2672 5296 nos
2726 5242 2797 5296 ad
2844 5248 3114 5297 aeternam
3149 5247 3430 5312 provocat,
3464 5258 3648 5311 quam

332 5335 439 5391 bus
478 5335 878 5390 annuntiatum
931 5337 1018 5387 est
1066 5332 1126 5386 in
1172 5332 1393 5387 deserto
1436 5348 1550 5386 non
1582 5330 1943 5393 introierunt,
2029 5331 2434 5386 sabbatismum
2465 5330 2794 5391 nominavit.
2825 5346 2937 5384 non
2987 5331 3264 5401 requiem,
3309 5330 3405 5401 qui
3431 5330 3651 5385 Judzais

334 5423 470 5495 quia
495 5423 731 5479 verbum
759 5438 871 5477 non
900 5421 1672 5479 crediderunt.Admonentur
1700 5435 1939 5491 praesen-
2020 5421 2387 5493 loquebatur;
2427 5436 2531 5475 nec
2558 5420 2679 5474 vult
2719 5419 2834 5474 tale
2878 5418 3178 5473 sabbatum
3205 5419 3267 5472 in
3306 5434 3480 5488 regno
3510 5418 3650 5484 Dei,

335 5512 411 5566 tis
453 5512 725 5584 temporis
769 5511 984 5576 ﬁdeles,
1026 5526 1097 5565 ne
1129 5510 1407 5565 obdurent
1434 5510 1605 5565 corda
1631 5526 1735 5564 sua
1771 5508 1940 5563 verbo
2024 5517 2089 5565 ut
2111 5511 2319 5564 iterum
2345 5509 2470 5581 quis
2493 5508 2692 5563 exinde
2718 5512 3036 5562 revertatur
3064 5508 3317 5579 adopera
3334 5506 3645 5566 laboriosa.

337 5600 460 5667 Dei,
493 5600 641 5661 sicut
687 5599 1105 5655 obduraverunt
1146 5601 1466 5672 superiores
1512 5598 1804 5667 increduli,
1849 5616 1945 5656 eos
2025 5601 2171 5657 sicut
2197 5600 2256 5656 in
2285 5598 2516 5655 sabbato
2545 5597 2756 5653 carnali
2782 5596 3053 5653 fecerunt.
3086 5596 3245 5653 Istud
3276 5610 3408 5651 vero
3439 5594 3649 5651 sabba.
