3852 6178
189 237 269 296 385

851 239 929 294 IN
969 238 1038 294 D.
1079 237 1296 296 PAULI
1337 238 1576 298 EPIST.
1620 241 1992 301 COMMENT.
2032 267 2097 280 —
2137 238 2352 297 EPIST.
2399 240 2498 297 AD
2535 241 2752 299 HEBR.

3323 235 3433 297 386

186 360 370 434 ingredi
396 361 460 417 in
483 361 639 418 illam
666 362 943 434 requiem,
969 368 1036 419 ut
1061 380 1133 419 ne
1159 364 1250 419 11.
1273 365 1332 421 in
1353 366 1598 439 idipsum
1616 369 1743 440 quis
1766 367 1979 423 incidat
2006 365 2417 421 incredulitatis
2440 367 2527 425 i2.
2552 369 2890 441 exemplum.
2914 365 2998 433 13,
3026 362 3111 424 14.
3144 364 3315 419 Vivus
3343 368 3431 419 est

187 453 304 506 enim
330 467 523 506 sermo
546 451 667 513 Dei.
695 457 754 507 et
781 452 996 515 efﬁcax,
1028 459 1086 507 et
1114 456 1519 524 penetrabilior
1546 458 1701 511 omni
1729 456 1918 528 gladio
1947 454 2211 526 ancipiti;
2244 461 2302 509 et
2329 456 2654 527 pertingens
2683 473 2862 528 usque
2881 454 2953 510 ad
2967 454 3297 509 divisionem
3339 452 3424 529 15,

191 538 252 597 16.
277 539 480 594 animae
500 556 565 595 ac
585 540 837 611 spiritus,
872 541 960 607 17,
980 557 1314 613 compagum
1354 561 1577 616 quoque
1615 562 1680 600 ac
1717 544 2113 609 medullarum,
2137 549 2194 598 et
2221 544 2497 599 discretor
2529 545 2934 617 cogitationum
2964 548 3021 598 et
3048 542 3427 598 intentionum

184 628 351 683 cordis.
381 628 453 683 Et
476 645 588 683 non
604 634 690 684 est
705 630 821 684 ulla
838 636 1097 685 creatura
1116 631 1411 687 invisibilis
1431 634 1489 688 in
1509 640 1811 705 conspectu
1832 634 1979 703 ejus;
1999 632 2190 687 omnia
2218 638 2406 687 autem
2440 635 2592 688 nuda
2617 640 2674 688 et
2701 638 2898 705 aperta
2925 636 3058 687 sunt
3085 631 3261 685 oculis
3282 631 3425 701 ejus,

183 717 251 775 18.
284 718 349 771 ad
382 734 552 790 quem
583 718 746 773 nobis
777 736 982 773 sermo.
1018 720 1305 776 Habentes
1335 739 1468 793 ergo
1496 724 1819 794 pontiﬁcem
1849 740 2137 794 magnum,
2173 723 2267 794 qui
2298 726 2614 795 penetravit
2634 726 2820 791 caelos,
2844 726 3038 779 Jesum
3065 723 3269 777 Filium
3299 719 3420 787 Dei,

179 814 445 862 teneamus
471 808 898 863 confessionem.
929 810 1057 864 Non
1094 811 1246 864 enim
1290 810 1561 866 habemus
1603 813 1925 884 pontiﬁcem
1955 812 2051 883 qui
2081 829 2194 866 non
2220 813 2403 884 possit
2439 814 2683 885 compati
2727 813 3148 868 inﬁrmitatibus
3194 809 3420 874 nostris,

179 902 427 951 tentatum
459 903 649 952 autem
682 914 785 968 per
811 898 1002 952 omnia
1031 896 1115 966 19,
1147 899 1237 954 20.
1271 916 1372 970 pro
1398 901 1769 956 similitudine
1797 901 2008 973 absque
2038 907 2291 972 peccato.
2329 902 2615 958 Adeamus
2646 918 2777 972 ergo
2802 918 2926 956 cum
2954 901 3158 956 ﬁducia
3174 899 3243 955 ad
3263 899 3422 953 thro-

178 1002 285 1041 num
309 987 531 1058 gratize,
561 992 628 1042 ut
655 988 1100 1043 misericordiam
1131 1005 1565 1062 consequamur,
1590 997 1649 1046 et
1671 991 1914 1063 gratiam
1945 990 2297 1046 inveniamus
2322 990 2412 1048 21.
2446 992 2506 1046 in
2536 991 2743 1046 auxilio
2773 996 3111 1063 opportuno.

1408 1112 1469 1173 π
1484 1113 1520 1171 1
1537 1112 1692 1172 8-2
1708 1114 1745 1173 Ι
1761 1113 1821 1173 4
1861 1106 2095 1162 CAPUT
2123 1106 2190 1161 V.

228 1229 274 1283 1.
298 1228 355 1287 2.
394 1229 596 1285 Omnis
626 1246 870 1301 namque
901 1231 1169 1302 pontifex,
1198 1248 1264 1286 ex
1290 1232 1615 1288 hominibus
1628 1236 1974 1304 assumptus,
1996 1248 2098 1303 pro
2124 1230 2448 1287 hominibus
2476 1231 2840 1287 constituitur
2865 1231 2925 1285 in
2949 1230 3016 1285 iis
3046 1246 3169 1301 quae
3197 1233 3330 1284 sunt
3348 1228 3420 1283 ad

173 1318 342 1383 Deum,
377 1324 443 1373 ut
462 1320 667 1373 oﬁ'erat
694 1320 842 1374 dona
869 1325 927 1374 et
954 1321 1227 1375 sacriﬁcia
1244 1338 1346 1393 pro
1372 1322 1647 1393 peccatis;
1674 1321 1769 1393 qui
1785 1321 2081 1375 condolere
2105 1322 2279 1393 possit
2298 1321 2367 1375 iis
2387 1321 2484 1392 qui
2506 1322 2767 1392 ignorant
2783 1326 2840 1375 et
2859 1324 3069 1385 errant,
3086 1319 3352 1391 quoniam
3364 1324 3423 1373 et

172 1409 269 1478 ipse
291 1408 671 1463 circumdatus
685 1415 768 1463 est
784 1409 1141 1478 inﬁrmitate;
1166 1415 1225 1465 et
1247 1418 1543 1482 propterea
1558 1410 1743 1476 debet,
1760 1410 2232 1482 quemadmodum
2256 1426 2355 1481 pro
2376 1411 2602 1481 populo,
2627 1410 2706 1464 ita
2728 1410 2897 1464 etiam
2926 1414 2983 1464 et
3002 1425 3103 1480 pro
3122 1408 3423 1479 semetipso

182 1500 351 1552 ollerre
373 1514 478 1569 pro
508 1498 776 1569 peccatis.
814 1500 928 1553 Nec
957 1499 1257 1571 quisquam
1297 1500 1473 1555 sumit
1517 1500 1621 1554 sibi
1665 1499 1959 1565 honorem,
1993 1499 2092 1553 sed
2122 1499 2219 1570 qui
2250 1505 2480 1553 vocatur
2510 1517 2544 1553 a
2564 1501 2678 1554 Deo
2708 1505 2979 1570 tanquam
3009 1500 3213 1551 Aaron.
3249 1496 3338 1551 Sic
3368 1501 3424 1550 et

174 1587 403 1642 Christus
433 1604 551 1641 non
581 1588 946 1659 semetipsum
969 1588 1295 1643 clariﬁcavit
1314 1595 1379 1644 ut
1399 1588 1647 1660 pontifex
1664 1590 1853 1655 ﬁeret;
1886 1588 1979 1642 sed
2006 1588 2100 1659 qui
2118 1589 2339 1642 locutus
2360 1594 2446 1642 est
2465 1589 2534 1642 ad
2568 1605 2727 1643 eum:
2754 1587 2928 1642 Filius
2958 1602 3117 1640 meus
3137 1602 3196 1639 es
3214 1590 3295 1649 tu,
3319 1600 3422 1654 ego

169 1676 306 1730 hodie
329 1677 505 1747 genui
534 1682 610 1730 te.
633 1677 1114 1740 Quemadmodum
1139 1684 1196 1731 et
1216 1678 1273 1732 in
1306 1678 1415 1732 alio
1453 1678 1575 1732 loco
1602 1677 1773 1732 dicit:
1797 1676 1852 1731 3.
1876 1679 1961 1732 Tu
1983 1694 2043 1731 es
2064 1677 2321 1731 sacerdos
2349 1678 2407 1731 in
2442 1684 2716 1733 aeternum
2747 1676 3052 1731 secundum
3083 1673 3335 1728 ordinem
3366 1670 3417 1727 4.

166 1765 571 1821 Melchisedech.
607 1766 714 1829 Qui
743 1767 803 1820 in
832 1766 1039 1821 diebus
1056 1768 1240 1822 carnis
1270 1785 1387 1822 suae
1416 1782 1630 1839 preces,
1662 1767 1717 1825 5.
1750 1767 2298 1839 supplicationesque
2329 1768 2397 1823 ad
2426 1785 2553 1823 eum
2584 1767 2680 1839 qui
2725 1766 2903 1838 possit
2927 1768 2979 1821 6.
3011 1764 3171 1819 illum
3202 1762 3418 1817 salvum

1483 1890 2078 1947 COMMENTARIUS.

164 1997 262 2047 tum
289 1994 388 2049 Dei
435 1996 761 2068 quicunque
796 1997 991 2064 intrat,
1027 1997 1307 2069 requievit
1350 2002 1623 2070 perpetuo
1666 1997 1737 2052 ab
1761 1999 1958 2058 Astris
1985 1999 2044 2053 in
2072 1998 2163 2053 die
2182 1998 2399 2069 judicii.

169 2082 399 2152 operibus
430 2086 570 2153 suis,
602 2086 753 2141 sicut
777 2087 927 2142 Deus
956 2103 991 2141 a
1010 2087 1145 2142 suis.

219 2168 269 2227 9.
294 2174 641 2229 Festinamus
672 2178 914 2243 ingredi.
965 2175 1244 2240 Quoniam
1284 2191 1397 2231 non
1438 2175 1648 2231 sufﬁcit
1674 2175 1741 2229 ﬁ-

165 2258 259 2325 des,
285 2262 379 2316 sed
415 2263 589 2318 debet
633 2264 766 2319 addi
811 2265 942 2320 ﬁdei
969 2265 1142 2336 digna
1173 2265 1307 2331 vita,
1344 2265 1393 2319 si
1439 2265 1588 2320 enim
1619 2281 1741 2319 me-

160 2358 369 2406 ruerunt
399 2358 639 2420 terram,
658 2354 1102 2425 quimurmurati
1132 2359 1284 2420 sunt,
1308 2354 1590 2425 quomodo
1617 2370 1739 2408 me-

159 2437 382 2495 rebimur
402 2442 611 2497 caelum
638 2443 1026 2498 indifferenter
1053 2444 1303 2498 viventes
1332 2449 1397 2498 ut
1422 2448 1622 2514 gentes
1641 2449 1668 2498 ἢ

216 2528 292 2583 10.
321 2530 548 2589 ΙΑΑΝΡΒ.
588 2533 924 2587 Festinamus
952 2549 1078 2601 ergo
1109 2534 1350 2601 ingredi,
1380 2532 1436 2586 id
1469 2537 1574 2597 est,
1607 2531 1740 2603 quia

155 2619 352 2687 requies
377 2619 484 2674 illa
513 2626 726 2675 aeterna
747 2628 991 2693 est,ergo
1014 2620 1342 2676 festinemus
1362 2621 1471 2675 ﬁde
1490 2621 1731 2691 ingredi.

154 2705 254 2772 Vel,
288 2725 427 2780 ergo
456 2710 592 2781 quia
629 2710 711 2764 illi
740 2727 841 2781 per
867 2710 1320 2765 incredulitatem
1350 2727 1462 2764 non
1493 2709 1734 2781 ingressi

153 2804 282 2863 sunt,
312 2814 450 2869 ergo
480 2815 587 2853 nos
616 2816 717 2870 per
735 2800 902 2854 ﬁdem
931 2799 1317 2870 ingrediemur
1335 2798 1395 2853 in
1422 2799 1597 2853 illam.

215 2884 290 2942 11.
319 2888 576 2944 Animos.
607 2890 676 2942 In
706 2890 889 2957 ipsum
912 2890 1345 2954 incredulitatis,
1370 2888 1427 2941 id
1451 2892 1552 2951 est,
1586 2903 1656 2941 ne
1675 2886 1735 2941 in

153 2975 339 3030 similia
361 2977 707 3045 incidamus,
723 2994 793 3032 ne
813 2978 1009 3034 eadem
1028 2977 1316 3049 patiamur
1331 2993 1457 3048 quae
1481 2976 1563 3031 illi
1585 2975 1734 3047 passi

149 3070 281 3121 sunt.

206 3153 292 3211 12.
320 3156 537 3211 Lassa.
571 3159 916 3226 Exemplum.
961 3155 1291 3227 Exemplum
1324 3154 1735 3210 incredulitatis

152 3249 294 3299 vocat
316 3245 630 3300 vindictam
662 3246 777 3311 Dei,
811 3263 935 3318 quae
958 3250 1120 3301 tanta
1140 3245 1300 3299 illata
1326 3251 1434 3310 est,
1458 3248 1523 3299 ut
1550 3261 1736 3299 exem-

1893 2087 1984 2142 19.
2016 2086 2263 2143 Ausaos.
2299 2091 2407 2143 Pro
2434 2088 2830 2143 similitudine.
2860 2079 3421 2141 Similitudinemita-

1825 2192 1933 2246 que
1961 2177 2173 2248 peccati
2202 2176 2418 2244 habuit,
2466 2193 2589 2248 quae
2617 2182 2810 2231 tamen
2845 2190 2974 2230 caro
3020 2172 3173 2228 illius
3208 2168 3421 2241 absque

1824 2265 1979 2321 omni
2006 2271 2233 2337 peccato
2258 2266 2384 2321 fuit.

1894 2353 1982 2411 20.
2010 2356 2218 2410 Lassa.
2235 2358 2342 2410 Pro
2364 2356 2739 2409 similitudine
2760 2356 2988 2422 peccati.
3016 2352 3127 2407 Pro
3151 2353 3419 2409 similitu-

1820 2443 1972 2511 dine,
2005 2443 2062 2498 id
2087 2448 2191 2510 est,
2226 2444 2535 2499 secundum
2564 2442 3018 2507 similitudinem,
3040 2441 3299 2498 videlicet
3326 2458 3418 2497 se-

1820 2533 2065 2588 cundum
2116 2550 2363 2600 carnem,
2416 2532 2547 2604 quia
2590 2532 2650 2586 in
2699 2530 3071 2586 similitudine
3122 2531 3418 2586 hominum

1817 2622 1998 2677 factus
2029 2628 2134 2677 est.
2158 2623 2259 2677 Vel
2275 2639 2376 2694 pro
2403 2621 2791 2685 similitudine,
2825 2620 2884 2674 id
2908 2625 3012 2686 est,
3035 2636 3138 2691 pro
3161 2620 3416 2691 exemplo

1816 2712 2001 2765 dando
2029 2711 2306 2771 ﬁdelibus.
2342 2717 2406 2765 ut
2432 2716 2491 2765 et
2517 2710 2626 2781 ipsi
2649 2708 2862 2780 absque
2900 2726 3173 2763 consensu
3205 2708 3419 2780 peccati

1814 2804 2141 2867 tententur;
2188 2799 2547 2853 observantes
2575 2814 2646 2851 ne
2674 2798 3019 2851 inducantur
3054 2796 3111 2850 in
3149 2796 3416 2851 tentatio-

1816 2905 1967 2943 nem.
1998 2889 2101 2943 Vel
2129 2889 2227 2954 ita,
2250 2905 2351 2960 pro
2376 2887 2765 2952 similitudine,
2789 2886 2846 2939 id
2867 2891 2970 2952 est,
3005 2889 3236 2956 propter
3265 2885 3418 2939 simi-

1816 2977 2135 3046 litudinem,
2165 2982 2396 3049 propter
2430 2993 2658 3031 carnem
2687 2974 2900 3030 scilicet
2936 2991 3105 3045 quam
3129 2972 3363 3045 gerebat
3397 2992 3410 3029 :

1815 3066 1924 3121 nisi
1952 3066 2104 3120 enim
2133 3066 2258 3120 aliis
2285 3065 2608 3120 hominibus
2628 3062 2826 3117 similis
2846 3067 3010 3129 esset,
3042 3067 3262 3117 tentare
3283 3078 3415 3117 eum

1817 3153 2073 3208 diabolus
2102 3170 2215 3208 non
2243 3153 2497 3209 auderet.
2549 3152 2701 3208 Ordo
2733 3170 2747 3205 :
2781 3156 3063 3206 tentatum
3093 3167 3193 3222 per
3223 3150 3414 3206 omnia

1816 3242 2026 3314 absque
2054 3248 2301 3315 peccato.

150 3332 228 3401 plo
251 3333 378 3388 aliis
407 3351 539 3389 esse
568 3334 768 3402 valeat,
800 3351 872 3389 ne
894 3333 1168 3390 increduli
1217 3350 1339 3389 esse
1362 3338 1727 3405 praesumant.
1746 3355 1791 3414 Β
1887 3332 1977 3387 21.
2010 3335 2078 3389 In
2105 3335 2341 3387 auxilio.
2374 3330 2657 3385 Auxilium
2687 3329 2789 3386 Dei
2817 3345 3041 3401 semper
3082 3333 3170 3384 est
3201 3344 3414 3414 roppor-

214 3418 290 3477 l3.
321 3425 578 3479 AHBROS.
634 3424 792 3478 Vivus
838 3430 915 3478 est
955 3427 1127 3479 enim.
1179 3423 1440 3479 Ostendit
1491 3422 1583 3478 hic
1629 3439 1734 3478 nos

149 3511 389 3566 eumdem
421 3511 636 3567 habere
653 3513 904 3583 judicem
930 3513 1029 3584 qui
1054 3513 1182 3568 illos
1209 3517 1440 3584 propter
1472 3511 1735 3567 incredu-

149 3597 346 3656 litatem
376 3618 583 3656 eorum
617 3602 924 3659 damnavit.

205 3691 286 3744 14.
311 3692 538 3746 Lassa.
585 3693 739 3745 Vivus
758 3697 833 3746 cst
861 3694 1031 3756 enim,
1062 3690 1121 3745 id
1147 3696 1254 3759 est,
1272 3691 1452 3756 vivax,
1469 3690 1736 3746 vivaciter

149 3784 330 3834 etcum
361 3780 561 3852 vigore
607 3796 801 3851 agens,
849 3780 1011 3852 quasi
1063 3780 1367 3835 incredulis
1411 3780 1732 3851 respondet.

144 3869 217 3922 An
243 3869 397 3924 novit
425 3871 584 3924 Deus
613 3869 661 3923 si
689 3870 875 3936 credo,
921 3870 1009 3924 vel
1050 3886 1165 3925 non
1202 3870 1404 3925 credo?
1429 3869 1601 3924 Vivus
1627 3875 1732 3934 est,

142 3957 329 4028 inquit,
376 3960 487 4013 Dei
543 3974 729 4014 sermo
780 3959 840 4014 id
894 3963 999 4025 est,
1046 3958 1297 4014 Verbum
1334 3958 1519 4013 Patris
1564 3958 1735 4014 homo

144 4045 413 4115 Christus,
448 4053 561 4103 etc.

201 4137 284 4191 15.
311 4140 576 4194 Asianos.
611 4138 827 4192 Animae
850 4129 925 4192 ac’
942 4139 1196 4207 spiritus.
1225 4137 1433 4193 Anima
1477 4137 1731 4203 vivimus,

138 4224 327 4295 spiritu
350 4226 764 4297 intelligimus;
798 4230 855 4280 et
878 4232 995 4281 tam
1024 4226 1219 4281 efﬁcax
1237 4232 1324 4281 est
1346 4226 1445 4281 Dei
1459 4226 1737 4298 judicium

138 4319 195 4367 ut
214 4315 507 4370 discernat
533 4314 683 4369 inter
710 4315 958 4370 carnalia
988 4320 1046 4370 et
1072 4315 1412 4386 spiritualia.

205 4402 284 4460 16.
313 4405 542 4459 Lmen.
574 4406 790 4459 Anim
826 4421 892 4459 ac
936 4407 1194 4473 spiritus.
1245 4404 1524 4459 Discernit
1560 4404 1737 4459 Filius

140 4492 275 4547 inter
300 4494 564 4548 animam
580 4498 638 4547 et
649 4493 932 4565 spiritum,
950 4493 1084 4564 quia
1103 4493 1222 4565 ipse
1242 4494 1396 4548 novit
1414 4493 1547 4565 quid
1568 4495 1737 4548 homo

141 4582 338 4653 cogitet
377 4588 490 4637 aut
530 4582 700 4637 faciat
754 4588 986 4654 propter
1040 4587 1268 4637 terrena
1304 4583 1619 4650 commoda,
1681 4587 1739 4637 et

138 4678 358 4742 propter
389 4670 665 4726 caelestia.

201 4760 286 4815 17.
319 4764 691 4830 Gompagum.
741 4760 1057 4833 Compages
1104 4766 1267 4817 vocat
1321 4759 1741 4832 conjunctiones

138 4851 565 4921 cogitationum,
596 4850 872 4905 medullas
901 4850 1243 4906 intentiones
1273 4867 1489 4917 eorum,
1510 4856 1570 4904 et
1589 4848 1739 4904 idem

139 4942 381 5013 apertius
439 4940 652 5011 repetit
688 4940 1095 5011 cogitationum
1140 4944 1198 4995 et
1239 4939 1637 4996 intentionum.
1668 4938 1739 4992 Et

138 5040 212 5085 est
236 5032 379 5087 ordo
417 5049 433 5084 :
472 5029 748 5084 discretor
774 5045 1133 5100 compagum,
1163 5033 1271 5083 etc.
1306 5028 1366 5083 Si
1395 5027 1546 5082 enim
1590 5026 1738 5097 cogi-

138 5121 264 5175 tatio
286 5118 632 5191 cogitationi
663 5118 1043 5189 conjungitur,
1075 5117 1195 5189 ipse
1217 5117 1375 5171 novit
1402 5133 1526 5187 qua:
1554 5115 1631 5170 sit
1647 5132 1737 5170 se-

138 5210 376 5265 cundum
420 5209 629 5273 Deum,
658 5207 746 5261 vel
769 5207 1078 5261 secundum
1106 5205 1373 5260 saeculum
1404 5224 1417 5260 :
1453 5205 1574 5276 ipse
1592 5221 1735 5275 quo-

140 5315 235 5367 que
265 5315 387 5371 qua
417 5301 618 5367 vergat
638 5295 877 5350 intentio
894 5294 1213 5366 cogitantis,
1236 5293 1351 5349 sive
1372 5293 1600 5360 bonum,
1621 5292 1736 5347 sive

140 5388 342 5444 malum
368 5386 641 5441 videatur
668 5400 793 5439 esse
822 5384 970 5455 quod
998 5384 1136 5454 agit.

202 5477 285 5533 18.
312 5477 409 5535 Ad
443 5491 608 5545 quem
638 5475 793 5529 nobis
816 5489 1013 5527 sermo.
1035 5473 1122 5527 Ad
1147 5472 1435 5528 Christum
1449 5470 1560 5527 erit
1576 5468 1738 5525 nobis

139 5582 333 5635 sermo,
368 5564 518 5638 quia
545 5564 654 5619 sibi
682 5562 983 5618 reddemus
1012 5562 1287 5618 rationem
1316 5561 1387 5619 de
1414 5559 1630 5616 actibus
1645 5574 1739 5615 no-

1816 3422 2054 3486 tunum;
2086 3418 2220 3489 quia
2266 3417 2326 3471 in
2379 3415 2809 3471 necessitatibus
2836 3413 3133 3481 subvenit;
3165 3413 3313 3468 sicut
3354 3414 3417 3468 in

1815 3507 2031 3579 psalmo
2060 3508 2333 3576 :Adjutor
2358 3509 2423 3560 in
2450 3506 2978 3575 opportunitatibus,
3000 3506 3065 3557 in
3092 3504 3416 3558 tribulatio-

1816 3613 1885 3651 ne
1918 3598 2080 3658 (Psal.
2113 3603 2214 3666 1x).

1889 3703 2049 3758 CAP.
2080 3702 2148 3756 V.
2186 3730 2240 3741 -
2282 3700 2329 3758 1.
2371 3698 2573 3756 Ι,.Ξ.Νιι’ῃ.
2614 3702 2806 3756 Omnis
2853 3716 3097 3770 namque
3133 3699 3407 3768 ponti/“er.

1817 3792 1990 3857 Quasi
2020 3792 2232 3847 diceret
2257 3809 2270 3845 :
2303 3792 2430 3845 Non
2462 3795 2550 3845 est
2578 3789 2948 3844 difﬁdendum
2976 3788 3112 3860 quin
3141 3805 3243 3860 per
3266 3788 3418 3843 hunc

1817 3882 2139 3954 pontiﬁcem
2171 3879 2612 3935 misericordiam
2636 3884 2693 3933 et
2719 3878 2960 3949 gratiam
2978 3893 3417 3949 consequamur,

1819 3971 1953 4043 quia
1980 3970 2077 4025 alii
2107 3969 2280 4025 etiam
2311 3968 2620 4040 pontiﬁces,
2655 3967 2752 4039 qui
2789 3966 2917 4038 puri
2959 3966 3217 4020 homines
3262 3970 3414 4033 sunt,

1818 4060 1890 4115 ad
1920 4060 2037 4115 haec
2065 4058 2424 4131 impetranda
2446 4055 2768 4111 hominibus
2800 4054 3093 4109 constituti
3124 4058 3277 4109 sunt.

1889 4166 1943 4222 2.
1972 4167 2219 4221 Aunnos.
2270 4165 2462 4219 Omnis
2509 4178 2747 4231 namque
2792 4162 3061 4230 ponti/er.
3108 4158 3275 4215 Ponit
3323 4158 3416 4214 hic

1818 4256 2121 4329 Apostolus
2139 4254 2395 4326 quaedam
2416 4250 2737 4306 communia
2750 4250 2975 4305 Christo
3001 4264 3130 4303 cum
3155 4248 3417 4303 sacerdo-

1817 4345 2007 4413 tibus;
2041 4343 2300 4415 quaedam
2336 4357 2467 4395 vero
2514 4339 2717 4394 altiora
2751 4357 2762 4392 :
2797 4339 2916 4393 Hoc
2954 4354 3252 4393 commune
3282 4342 3368 4391 est
3398 4354 3411 4390 :

1818 4451 1921 4507 pro
1945 4432 2205 4488 omnibus
2233 4429 2612 4494 constituitur,
2629 4433 2695 4483 ut
2722 4428 2923 4483 offerat
2949 4443 3051 4499 pro
3078 4426 3342 4499 peccatis.

1892 4538 1943 4597 3.
1981 4539 2060 4593 Tu
2084 4555 2135 4592 es
2162 4538 2426 4591 sacerdos.
2455 4535 2728 4590 Sacerdos
2759 4533 2971 4588 dicitur
3006 4531 3285 4599 Christus,
3320 4533 3418 4605 qui

1747 4633 1791 4694 ο
1817 4628 1991 4683 semel
2020 4644 2080 4683 se
2104 4626 2307 4681 obtulit
2336 4623 2762 4688 immolandum,
2796 4622 2940 4677 sicut
2970 4622 3146 4676 semel
3174 4621 3243 4677 de
3274 4621 3419 4677 Mel-

1825 4716 2123 4772 chisedech
2145 4715 2207 4769 in
2238 4719 2433 4769 sancta
2471 4712 2680 4784 legitur
2710 4711 3021 4783 Scriptura.

1896 4823 1948 4881 4.
1982 4824 2198 4879 LANFR.
2235 4820 2638 4876 Melchisedech.
2672 4816 3076 4873 Melchisedech
3108 4834 3312 4889 panem
3363 4822 3423 4873 et

1820 4913 2013 4968 vinum
2044 4911 2356 4967 sacriﬁcare
2387 4910 2502 4964 Deo
2532 4907 2860 4975 constituit;
2896 4923 3062 4978 quem
3112 4906 3284 4962 ritum
3314 4906 3420 4962 Do-

1818 5003 2006 5057 minus
2033 5003 2194 5056 Jesus
2225 4998 2482 5055 Christus
2509 4996 2841 5063 observavit,
2875 5001 2931 5050 et
2960 4995 3021 5050 in
3051 4996 3294 5051 Ecclesia
3317 5012 3420 5051 sua

1818 5090 2106 5147 observari
2128 5089 2407 5162 praecepit.

1891 5200 1941 5254 5.
1971 5200 2220 5253 ΑΜιιιιοε.
2250 5196 2709 5264 Supplicationes.
2752 5192 2901 5248 Dicit
2946 5208 3136 5264 preces
3187 5207 3315 5245 eum
3362 5197 3421 5246 et

1817 5287 2255 5360 supplicationes
2306 5285 2543 5339 fundere
2599 5299 2713 5337 non
2768 5282 3003 5342 timore,
3063 5280 3161 5334 sed
3214 5284 3419 5335 nostrae

1818 5393 1989 5433 causa
2022 5375 2239 5430 salutis.
2271 5374 2408 5429 Inde
2432 5377 2490 5427 et
2516 5372 2575 5426 in
2597 5371 2710 5426 alio
2754 5370 2875 5424 loco
2912 5368 3046 5423 dicit
3086 5368 3419 5439 sanguinem

1822 5465 2029 5523 Christi
2059 5464 2259 5520 melius
2287 5463 2559 5517 clamasse
2581 5476 2684 5533 pro
2700 5457 2863 5514 nobis
2883 5473 3054 5529 quam
3081 5456 3419 5527 sanguinem

1821 5555 1994 5624 Abel;
2028 5555 2125 5628 qui
2148 5552 2219 5610 ad
2235 5551 2610 5609 accusandum
2636 5549 2705 5605 de
2724 5554 2875 5604 terra
2895 5547 3207 5604 fraternum
3236 5548 3421 5606 scelus
