3852 6178
227 286 304 347 389
845 283 922 335 IN
961 283 1028 336 D.
1076 283 1290 340 PAULI
1333 283 1555 354 EPIST,
1600 279 1972 348 CDMMENT.
2015 306 2080 334 -.-.--
2121 274 2342 348 EPIST.
2383 275 2478 328 AD
2519 272 2728 327 HEBR.
3319 279 3429 346 390

224 428 328 479 inus,
344 407 595 480 siquidem
619 407 942 478 permiserit
963 407 1129 462 Deus.
1159 409 1238 462 Im
1250 407 1510 479 possibile
1532 412 1618 462 est
1638 405 1783 472 enim
1810 420 1907 457 eos
1925 403 2015 472 qui
2038 401 2210 454 semel
2235 406 2366 454 sunt
2385 398 2708 466 illuminati,
2730 405 3108 470 gustaveruut
3129 402 3298 456 etiam
3320 402 3417 468 do-

225 519 321 556 num
347 481 568 559 i-cileste,
596 503 651 550 et
671 497 971 576 participes
995 498 1122 550 facti
1147 505 1280 551 sunt
1302 499 1544 570 Spiritus
1567 496 1762 558 sancti,
1783 489 2773 566 gustat-eruntnihilominusbonum.
2796 489 2845 543 6.
2867 490 2965 544 Dei
2988 490 3155 554 verbu
3167 509 3218 545 m
3240 492 3412 556 virtu-

221 597 368 658 tesque
403 585 575 638 saeculi
609 586 848 651 venturi,
879 593 930 636 ei.
959 585 1200 660 prolapsi
1228 592 1377 643 sunt,
1402 603 1594 638 rursus
1623 583 1876 637 renovari
1905 582 1973 634 ad
1997 580 2406 651 paenitentiam,
2429 595 2650 638 rursum
2673 577 2717 630 7.
2753 578 3142 647 cruciﬁgentes
3165 579 3412 645 sibimet-

222 678 321 749 ipsis
356 675 542 730 Filium
600 675 696 726 Dei
732 681 784 726 et
816 675 1058 728 ostentui
1081 675 1350 730 habentes
1372 674 1404 731 8
1432 677 1603 730 Terra
1625 674 1796 738 enim,
1821 689 1967 742 saepe
1993 670 2306 723 vmientei'n
2331 684 2497 737 super
2517 685 2574 719 se
2607 667 2798 720 bibens
2816 667 3070 732 imbrem,
3092 667 3140 721 9.
3166 675 3222 721 et
3237 686 3410 738 genes

221 782 320 820 -ans
346 762 555 816 herbam
587 777 958 836 opportunam
992 763 1102 814 illis
1133 780 1164 815 a
1196 763 1396 832 quibus
1418 763 1638 828 colitur,
1665 761 1869 833 accipit
1896 759 2338 812 benedictionem
2364 774 2397 808 a.
2417 758 2530 809 Deo
2559 775 2569 821 ;
2604 755 2682 808 l(l.
2708 756 2994 826 pmferens
3010 765 3197 818 autem
3221 759 3410 827 spinas

221 872 264 910 ac
289 853 491 906 tribulos
523 851 758 921 reproba
791 857 891 916 est,
919 857 975 903 et
1007 851 1018 905 l
1042 850 1083 906 1.
1120 852 1415 904 maledicto
1442 851 1695 921 proxima
1721 869 1732 915 ;
1761 849 1848 901 1‘2.
1875 849 2034 915 cujus
2056 845 2467 909 consummatio
2491 845 2544 896 in
2570 844 3032 911 combustimiem.
3063 847 3411 909 (lonﬁdimus

217 949 362 1001 autem
393 942 452 994 de
468 940 1021 999 vobis.dilectissimi.
1048 941 1278 994 meliora
1311 956 1367 993 et
1404 941 1667 994 viciniora
1697 937 1861 1005 saluti
1887 956 1897 988 :
1925 923 2216 1003 tametipsi
2239 934 2314 1000 ita
2346 933 2792 1004 loquimur.Non
2815 933 2963 986 enim
2998 935 3237 1002 injustus
3259 934 3409 998 Deus

218 1030 601 1092 utoblivisratur
631 1029 814 1098 operis
847 1029 1036 1092 vestri,
1071 1041 1126 1081 et
1154 1029 1470 1082 dilectionis
1493 1045 1659 1099 quam
1691 1025 2011 1080 ostendistis
2041 1025 2093 1077 in
2127 1023 2352 1076 nomine
2382 1022 2574 1092 ipsius,
2607 1022 2700 1090 qui
2727 1022 3082 1082 ministrastis
3112 1023 3414 1089 sanctis,et

221 1119 511 1180 ministratis.
547 1118 816 1186 Cupimus
843 1124 1030 1178 autem
1074 1134 1532 1188 unumquemque
1575 1122 1820 1170 vestrum
1863 1113 2118 1167 eamdem
2153 1117 2436 1164 ostentare.
2483 1109 2913 1175 sollicitudinem
2946 1111 3016 1174 ad
3041 1112 3413 1179 expletionem

215 1209 300 1278 spei
325 1224 475 1277 usque
499 1207 552 1262 in
590 1209 776 1269 linem,
813 1212 876 1264 ut
906 1223 1013 1260 non
1045 1223 1243 1276 segnes
1277 1205 1620 1270 clliciamini,
1651 1221 1838 1260 verum
1875 1203 2188 1256 imitatores
2215 1216 2407 1252 eorum
2442 1199 2537 1269 qui
2567 1198 2674 1250 ﬁde
2713 1204 2768 1249 et
2809 1199 3080 1267 patientia
3113 1200 3412 1266 haeredita-

215 1298 321 1354 bunt
350 1296 748 1366 promissiones.
778 1295 1017 1348 Abi-abin
1053 1312 1296 1366 namque
1323 1295 1659 1365 promittens
1691 1293 1838 1346 Deus
1872 1291 2136 1360 quoniam
2172 1289 2458 1354 neminem
2501 1287 2699 1342 habuit
2727 1304 2826 1357 per
2855 1305 3020 1356 quem
3043 1289 3264 1356 juraret
3291 1306 3413 1344 ina-,-

209 1389 368 1455 jorem,
393 1385 600 1456 juravit
618 1401 719 1453 per
743 1384 1130 1454 semetipsum.
1157 1384 1382 1438 dicens:
1417 1383 1537 1452 Nisi
1573 1381 1906 1435 benedicens
1936 1380 2260 1433 benedicam
2306 1386 2382 1440 te,
2415 1384 2470 1430 et
2502 1377 2879 1446 multiplicans
2930 1377 3310 1446 multiplicabo
3335 1384 3409 1442 te.

213 1461 260 1534 Ei
285 1473 754 1540 siciouganimiter
777 1475 982 1530 ferens.
1011 1473 1246 1543 adeptus
1280 1480 1366 1526 est
1394 1471 1906 1543 repromissionem.
1942 1470 2209 1522 Homines
2241 1469 2387 1521 enim
2422 1485 2524 1537 per
2564 1469 2834 1536 majorem
2863 1467 2948 1521 sui
2989 1467 3323 1535 jurant;13.
3359 1473 3416 1531 et

211 1563 352 1616 omnis
373 1563 755 1620 controversiae
778 1578 969 1614 eorum
1007 1563 1228 1621 linis,ad
1260 1561 1743 1626 conﬁrmationem
1778 1565 1860 1632 est
1887 1557 2371 1628 juramentumln
2403 1575 2510 1627 quo
2543 1556 2919 1610 abundantius
2953 1558 3141 1610 volens
3161 1557 3308 1619 Deus
3332 1575 3418 1611 os-

217 1651 401 1703 tendere
428 1650 845 1720 pollicitationis
876 1650 1188 1707 incredibus
1219 1649 1670 1702 immobilitatem
1703 1648 1917 1704 consilii
1941 1648 2047 1711 sui,
2085 1647 2423 1717 interposuit
2459 1646 2876 1714 jusjurandum,
2917 1645 3000 1711 14,
3038 1652 3097 1711 ut
3133 1663 3232 1715 per
3275 1647 3416 1709 duas

213 1739 612 1798 resimmobiles,
647 1739 849 1808 quibus
878 1738 1222 1808 impossibile
1251 1744 1335 1790 “st
1366 1738 1589 1791 mentiri
1635 1738 1832 1790 Deum.
1868 1736 2234 1789 fortissimum
2275 1734 2532 1801 solatium
2571 1735 2891 1801 habeamus,
2929 1735 3022 1803 qui
3063 1735 3416 1804 confugimus

210 1829 260 1880 ad
282 1828 556 1881 tenendam
591 1828 933 1900 propositam
960 1844 1114 1897 spem
1147 1844 1352 1898 ;quam
1395 1826 1472 1882 15.
1508 1827 1652 1879 sicut
1683 1826 1988 1878 anchoram
2030 1825 2300 1879 habemus
2341 1825 2539 1878 animae
2573 1830 2751 1876 tutam
2804 1840 2867 1876 ac
2897 1825 3137 1889 ﬁrmam,
3177 1830 3233 1876 et
3261 1823 3414 1876 ince-

209 1917 388 1970 dentem
418 1916 501 1972 16.
540 1935 718 1987 usque
749 1918 816 1970 ad
850 1918 1118 1972 interiora
1139 1917 1448 1976 velaminis,
1483 1917 1568 1969 1:3.
1612 1915 1702 1970 ubi
1739 1931 2048 1987 praecursor
2078 1931 2177 1984 pro
2208 1914 2368 1968 nobis
2415 1913 2669 1966 introivit
2705 1914 2890 1979 Jesus,
2922 1912 3230 1978 secundum
3270 1911 3417 1975 ordi-

207 2022 304 2059 nem
332 2007 728 2060 Melchisedech
752 2006 995 2076 pontifex
1019 2008 1197 2059 factus
1229 2007 1284 2058 in
1317 2011 1608 2058 internum.

1633 2111 1866 2164 CAPUT
1905 2109 2028 2177 v11.

255 2203 298 2254 1.
319 2204 408 2256 Hic
437 2204 588 2256 enim
610 2203 1139 2256 Melchisedechmex
1157 2201 1632 2266 Salem,saccrdos
1653 2201 1750 2253 Dei
1781 2200 2005 2262 summi,
2026 2199 2119 2269 qui
2143 2198 2382 2252 obviavit
2411 2198 2645 2251 Abrahae
2662 2213 2915 2266 regresso
2945 2214 2978 2249 a
3003 2197 3152 2250 caede
3182 2213 3403 2265 regum,

206 2297 246 2344 et
266 2291 524 2346 benedixit
556 2292 629 2358 ei;
665 2292 753 2350 cui
779 2298 834 2344 et
862 2293 1110 2346 decimas
1142 2291 1394 2358 omnium
1421 2289 1608 2344 divisit
1638 2288 1943 2350 Abraham:
1972 2289 2212 2358 primum
2242 2288 2466 2358 quidem
2491 2287 2582 2359 qui
2616 2288 3021 2359 interpretatur
3050 2290 3414 2350 rcrjust-z'tic'e;

205 2382 372 2445 deinde
394 2391 581 2446 autem
614 2388 670 2434 et
700 2399 793 2434 rex
826 2383 1032 2442 Salem,
1059 2380 1204 2450 quod
1239 2386 1340 2444 est,
1377 2396 1471 2432 rer
1515 2381 1688 2448 pacis.
1720 2376 1771 2431 ‘2.
1805 2377 1924 2447 sine
1970 2385 2150 2448 patre,
2185 2376 2304 2430 sine
2332 2385 2527 2440 matre,
2559 2376 2678 2429 sine
2715 2375 3068 2446 genealogia,
3103 2391 3286 2445 neque
3315 2374 3419 2428 ini.-

202 2470 314 2528 .tium
342 2471 576 2536 dierum,
617 2487 795 2542 neque
826 2471 994 2536 linem
1022 2470 1150 2530 vitae
1201 2469 1432 2534 habens,
1465 2453 1804 2528 aSsimilalus
1829 2472 2016 2520 autem
2057 2467 2196 2521 Filio
2239 2467 2357 2532 Dei,
2391 2468 2439 2520 3.
2479 2471 2668 2519 manet
2697 2465 2956 2534 sacerdos
2988 2465 3044 2517 in
3082 2470 3416 2537 perpetuum

1473 2573 2064 2631 COMMENTARIUS.

245 2684 576 2750 Impossibile.
633 2683 930 2737 Rationem
964 2683 1152 2735 reddit
1202 2699 1301 2735 cur
1339 2698 1451 2734 non
1502 2680 1803 2749 expediam
1834 2681 2019 2746 nosin
2043 2698 2230 2734 rerum
2255 2681 2495 2750 speciem
2521 2679 2798 2750 quomodo
2819 2679 2925 2731 fide
2947 2683 3002 2730 et
3032 2694 3130 2747 spe
3150 2682 3428 2730 tenemus.

193 2771 396 2838 ptimum
423 2773 593 2826 ﬁdem
619 2772 935 2841 relinquere
956 2777 1012 2824 et
1038 2771 1092 2824 in
1117 2777 1345 2841 peccata
1371 2770 1569 2824 cadere.
1593 2788 1605 2831 ;
1641 2786 1750 2822 non

191 2859 310 2912 enim
338 2865 681 2914 revertentes
705 2862 824 2929 jam
847 2861 996 2913 ultra
1027 2859 1295 2930 baptizari
1328 2865 1562 2929 possunt
1583 2858 1639 2910 in
1664 2874 1751 2909 re-

190 2948 474 3003 missionem
501 2958 885 3020 peccatorum,
917 2949 1063 3002 sicut
1094 2949 1269 3018 prius.

244 3037 288 3091 6.
317 3039 675 3101 Dea'wrbum,
713 3039 767 3090 id
800 3044 903 3097 est,
938 3039 1140 3098 Patris,
1174 3037 1270 3108 qui
1309 3037 1364 3090 in
1396 3037 1752 3108 perceptione

189 3127 403 3194 corporis
441 3135 500 3180 et
522 3128 821 3198 sanguinis
852 3128 970 3197 ejus
993 3133 1274 3194 gustatur.

249 3213 294 3266 '7.
318 3217 722 3283 Cruci/ignita.
750 3218 812 3270 In
845 3217 1161 3287 semetipsis
1193 3216 1528 3285 cruciﬁgunt
1553 3216 1754 3269 Filium

184 3302 350 3364 Dei,et
366 3305 640 3369 ostentui,
677 3305 732 3358 id
765 3310 850 3359 est
871 3306 1224 3359 contumeliae
1259 3305 1465 3358 habent
1486 3306 1600 3374 qui,
1633 3322 1759 3374 gra-

319 3394 436 3461 ejus
465 3395 894 3464 vilipendentes,
927 3394 985 3448 in
1008 3395 1247 3465 peccatis
1268 3395 1478 3464 jacent.

237 3479 282 3536 8.
306 3484 551 3537 AEGL'ST.
569 3485 736 3536 Terra
765 3487 915 3536 enim
936 3500 1086 3550 5.17m.
1119 3483 1221 3535 Hic
1251 3484 1319 3535 de
1332 3484 1408 3536 31a
1421 3488 1508 3535 rat
1533 3482 1684 3552 quod
1705 3481 1762 3534 hi

187 3568 238 3620 ad
257 3587 382 3639 quos
405 3572 528 3640 ejus
557 3589 746 3625 sermo
778 3571 900 3634 fuit,
918 3578 1283 3643 susceperunt
1304 3578 1360 3624 ct
1375 3572 1762 3625 combiberunt

192 3659 384 3714 verbum
406 3661 662 3714 cmlestis
690 3661 975 3714 doctrinm.

243 3747 284 3800 9.
302 3749 363 3801 Et
383 3766 665 3814 generalis
687 3751 930 3803 herbam.
985 3749 1138 3803 Nihil
1169 3748 1248 3801 sic
1274 3755 1651 3819 opportunum
1693 3747 1762 3802 si-

190 3836 407 3890 cutﬂdes
436 3838 494 3891 in
532 3839 738 3891 Filium
767 3839 865 3892 Dei
890 3844 945 3890 et
971 3839 1080 3891 vita
1110 3838 1344 3908 Optima.

248 3926 319 3978 10.
351 3929 652 3993 Pro/irem
681 3933 884 3980 autem.
915 3929 991 3980 De
1026 3928 1108 3979 his
1129 3927 1304 3996 Spinis
1336 3926 1604 3979 Dominus
1633 3924 1768 3977 dicit

196 4013 301 4082 quia
326 4031 458 4068 cura
481 4016 656 4085 huius
685 4016 872 4069 surculi
901 4023 956 4068 et
989 4015 1240 4085 decepiio
1268 4015 1589 4067 divitiarum
1623 4028 1765 4084 pia:-

186 4102 339 4158 foeant
369 4105 631 4166 verbum,
667 4111 725 4157 et
748 4106 1160 4158 infructuosum
1191 4104 1449 4158 efﬁcitur.

253 4190 319 4246 11.
346 4194 673 4248 dialecticae
701 4197 990 4261 proxima.
1031 4194 1310 4256 Quantam
1348 4191 1516 4244 habet
1543 4190 1768 4244 solatio-

193 4296 292 4333 uem
311 4282 396 4334 hic
428 4299 628 4338 sermo
661 4282 1041 4348 maledictioni
1082 4284 1350 4352 proxima,
1403 4297 1514 4333 non
1543 4279 1770 4332 maledi-

196 4379 293 4428 απ
325 4387 445 4440 qum
498 4373 657 4426 enim
697 4372 937 4425 necdum
979 4372 1036 4424 in
1070 4371 1520 4426 maledictionem
1552 4368 1768 4435 incidit,

189 4458 266 4511 sed
293 4461 554 4528 proxima
575 4467 666 4514 est
687 4467 743 4514 et
769 4462 935 4531 longe
963 4461 1084 4515 fieri
1113 4466 1316 4531 potest.

251 4550 319 4604 1'2.
352 4548 528 4617 Cujus
563 4555 971 4604 consummatio
1020 4555 1080 4602 in.
1129 4550 1582 4603 combustioncm.
1645 4546 1774 4602 Hmc

192 4643 478 4697 combustio
513 4658 632 4695 non
668 4639 796 4704 erit,
825 4638 933 4692 nisi
971 4639 1096 4708 quis
1131 4654 1304 4707 usque
1343 4636 1401 4689 in
1430 4638 1603 4688 linem
1641 4651 1774 4705 per-

193 4738 388 4784 maneat
415 4733 476 4785 in
516 4729 785 4802 peccatis.

252 4818 391 4875 l3.Et
411 4823 611 4874 omnis
639 4819 1038 4871 controversia.
1062 4816 1122 4870 Si
1140 4815 1429 4869 hominum
1451 4814 1774 4882 iuramento

190 4909 504 4964 credendum
532 4914 643 4973 est,
678 4913 891 4977 quanto
922 4905 1101 4976 magis
1125 4905 1226 4959 Dei
1258 4903 1352 4974 qui
1390 4920 1492 4957 nec
1518 4902 1635 4955 falli
1674 4918 1774 4957 nec

188 4999 382 5053 mentiri
413 4997 649 5070 potest?

246 5086 316 5140 lii.
349 5088 570 5142 Lssrn.
608 5087 667 5140 Ut
686 5099 785 5153 per
814 5085 953 5136 duas
991 5100 1094 5138 res.
1128 5080 1556 5150 Jusjurandum,
1595 5084 1652 5132 et
1683 5097 1782 5150 per

191 5177 557 5248 semetipsum,
589 5173 792 5244 quibus
821 5172 1103 5225 immobile
1130 5172 1206 5224 sit
1227 5171 1374 5241 quod
1393 5169 1618 5222 dicitur.

251 5265 318 5319 15.
353 5269 622 5332 Δῃβᾷοδ.
664 5263 820 5316 Sicut
849 5263 1159 5316 anclioram
1183 5262 1461 5314 habemus.
1492 5259 1650 5312 Sicut
1679 5274 1782 5310 an-

195 5351 337 5410 chora
365 5373 482 5410 non
512 5351 800 5425 permittit
829 5351 1013 5404 navim
1046 5349 1409 5414 circum-ferri,
1467 5348 1596 5401 licet
1631 5344 1780 5401 venti

197 5450 570 5500 commoveant
603 5451 750 5503 eam,
784 5440 864 5494 sic
883 5457 1010 5511 spes
1030 5440 1140 5494 ﬁde
1171 5439 1434 5493 roborata
1469 5437 1780 5491 introducit

1841 2769 1961 2822 ideo
1993 2770 2248 2823 addidit:
2288 2772 2616 2823 liiccdcnlem
2656 2785 2823 2834 usque
2865 2769 2938 2819 ad
2981 2770 3252 2818 interiora
3298 2769 3439 2818 vela-

1839 2862 2026 2910 mim‘s.
2050 2860 2187 2926 Spes
2217 2859 2365 2911 enim
2391 2863 2649 2928 penetrat
2680 2856 2952 2909 interiora
2980 2854 3435 2918 velaminis,dum

1836 2948 2082 3000 coelestia
2103 2947 2312 3016 absque
2343 2946 2691 2999 dubitatione
2722 2945 2914 2998 credit.

1917 3053 1994 3109 16.
2028 3054 2230 3107 Lmrn.
2265 3055 2431 3120 Usque
2461 3055 2532 3105 ad
2562 3055 2852 3105 interiora.
2880 3053 3018 3122 Spes
3048 3055 3239 3103 nostra
3259 3065 3441 3119 usque

1840 3143 1908 3195 ad
1933 3143 2283 3213 praesentiam
2317 3142 2416 3195 Dei
2447 3141 2673 3196 incedit.
2707 3158 2873 3211 quam
2920 3139 3313 3210 signiﬁcabant
3351 3140 3439 3193 in-

1842 3231 2050 3285 teriora.
2074 3232 2384 3286 velaminis.

1921 3337 2004 3393 l7.
2039 3341 2287 3392 Attenes.
2325 3340 2419 3393 Ubi
2441 3353 2752 3406 pra’cursor
2769 3354 2872 3405 pro
2904 3339 3073 3399 nobis,
3105 3337 3231 3390 Non
3255 3341 3314 3400 ’ἒ
3390 3340 3440 3399 'ﬁ

1847 3428 1987 3482 dixit
2030 3427 2355 3498 simpliciter
2387 3426 2596 3490 introit,
2632 3426 2747 3480 sed.
2775 3425 2870 3478 ubi
2891 3442 3203 3496 przecursor
3222 3441 3323 3494 pro
3347 3440 3443 3478 n0-

1847 3517 1933 3584 bis
1963 3515 2433 3586 introiit,oportet
2461 3515 2723 3586 prosequi
2745 3503 3147 3586 praecursorem
3166 3520 3444 3580 nostrum,

1847 3623 2249 3678 praecursorem
2278 3605 2553 3676 siquidem
2597 3610 2652 3658 et
2695 3609 3129 3674 consequentem
3168 3603 3228 3657 in
3249 3602 3446 3660 eodem

1845 3717 1966 3752 esse
1985 3699 2260 3758 convenit.

1919 3807 2074 3859 (ἈΡ.
2108 3805 2593 3871 VII.—1.LAxra.
2627 3806 2727 3867 llic
2750 3807 2898 3858 enim
2932 3803 3454 3872 Mclchiscdccluﬁa-

1853 3895 1928 3947 tio
1956 3913 2056 3947 cur
2093 3895 2398 3948 secundum
2449 3894 2702 3952 ordinem
2746 3893 3148 3956 Melchisedech
3203 3893 3448 3962 pontifex

1849 3985 2028 4040 factus
2055 3985 2126 4038 sit
2151 3985 2426 4047 Christus,
2448 3989 2504 4037 et
2525 3999 2635 4043 non
2660 3983 2967 4042 secundum
2999 3981 3254 4038 ordinem
3288 3981 3449 4043 Levi-

1853 4074 2040 4137 ticum,
2073 4073 2328 4126 videlicet
2356 4073 2486 4142 quia
2519 4071 2748 4140 majoris
2778 4070 3069 4139 dignitatis
3111 4074 3196 4124 est
3218 4070 3450 4126 Melchi-

1851 4162 2070 4216 sedech.
2093 4163 2201 4232 (:34:
2233 4164 2376 4215 Nam
2407 4162 2452 4215 si
2482 4160 2869 4230 reprobamur,
2889 4158 3186 4216 maledicto
3211 4157 3449 4226 proximi

1851 4253 2098 4314 erimus;
2134 4258 2190 4302 et
2216 4251 2472 4321 probata
2501 4249 2669 4311 simili
2715 4265 2725 4298 :
2760 4265 2888 4309 nam
2920 4248 2962 4300 si
2993 4245 3322 4324 germinans
3355 4245 3455 4308 tri-

1854 4341 2015 4404 bulos
2045 4340 2297 4410 proxima
2327 4344 2412 4392 est
2441 4337 2759 4402 maledicto,
2790 4341 2852 4397 .et
2893 4337 2997 4396 hoc
3025 4334 3224 4404 probat
3251 4351 3285 4398 ρ.
3313 4349 3450 4398 con-

1854 4431 2067 4496 trario;
2097 4446 2227 4495 nam
2255 4427 2582 4498 germinans
2626 4425 2856 4487 herbam
2901 4423 3158 4495 proxima
3195 4430 3253 4488 et
3282 4423 3454 4487 bene-

1855 4520 2110 4574 dictioni.

1927 4627 1977 4680 2.
2037 4627 2168 4682 Sine
2207 4631 2384 4694 patre.
2418 4624 2544 4678 Non
2575 4639 2770 4676 revera
2817 4622 2938 4675 sine
2981 4625 3140 4691 patre
3185 4626 3244 4674 et
3275 4624 3458 4673 matre

1858 4716 1992 4782 fuit;
2026 4731 2129 4768 nec
2157 4731 2351 4768 revera
2389 4713 2551 4766 initio
2605 4717 2660 4765 et
2689 4713 2799 4764 fine
2829 4711 3048 4765 dierum
3091 4710 3302 4775 caruit;
3357 4710 3456 4764 sed

1858 4805 2026 4870 unde,
2059 4810 2117 4857 et
2144 4803 2367 4874 quando
2396 4807 2552 4855 ortus
2583 4800 2676 4864 sit,
2708 4801 2792 4853 vel
2821 4817 2931 4869 quo
2951 4805 3204 4869 tempore
3233 4798 3456 4867 abierit,

1861 4894 2151 4964 Scriptura
2178 4909 2286 4945 non
2320 4895 2741 4944 commemorat.
2775 4889 2940 4943 Illum
2966 4903 3212 4958 namque
3236 4888 3458 4962 signiﬁ-

1863 4982 2046 5051 cabat,
2076 4983 2170 5052 qui
2196 4997 2390 5034 revera
2417 4997 2521 5033 nec
2547 4985 2766 5049 patrem
2807 4978 3113 5031 secundum
3144 4976 3458 5031 humanita-

1863 5077 1995 5134 tem,
2032 5087 2134 5124 nec
2157 5075 2419 5133 matrem,
2443 5085 2543 5122 nec
2574 5068 2801 5128 initium
2833 5068 2918 5121 vel
2946 5068 3114 5120 tinem
3149 5065 3460 5120 secundum

1863 5161 2213 5214 divinitatem
2244 5158 2540 5212 habiturus
2568 5163 2708 5211 erat.

1938 5266 1988 5323 3.
2041 5269 2222 5320 Manet
2269 5267 2531 5318 sacerdos.
2568 5263 2975 5318 Melchisedech
3010 5276 3122 5314 non
3162 5259 3371 5312 mansit
3398 5261 3461 5314 in

1865 5363 2218 5429 perpetuum,
2248 5355 2346 5410 sed
2377 5354 2734 5409 sacerdotalis
2762 5353 2880 5421 ejus
2919 5349 3241 5404 constitutio
3271 5354 3461 5404 manet

1863 5449 1922 5502 in
1949 5453 2299 5518 perpetuum.

247 5605 511 5676 ($0112.24:
542 5619 669 5672 non
697 5601 956 5673 videntis
982 5601 1264 5667 cohaerere
1295 5613 1424 5660 cum
1454 5595 1910 5669 praecedentibus.
