3978 6174
444 245 548 303 391
1424 241 1489 298 Β.
1529 240 1947 302 LANFRANCI
1986 238 2346 301 CANTUAR.
2385 236 2724 297 ARCHIEP.
3586 235 3687 296 392

441 369 749 426 Intuemini
774 373 961 425 autem
996 371 1239 439 quantus
1267 366 1342 422 sit
1373 367 1482 436 hic,
1511 369 1601 424 cui
1622 375 1678 427 et
1697 372 1942 427 decimas
1963 368 2119 425 dedit
2145 368 2215 422 de
2245 366 2544 438 praecipuis
2566 365 2854 421 Abraham
2870 365 3211 438 patriarcha.
3230 365 3301 421 Et
3317 365 3536 438 quidem
3552 364 3602 421 4.
3623 365 3689 421 de

439 459 570 514 ﬁliis
590 459 724 514 Levi
744 456 1117 513 sacerdotium
1134 455 1488 528 accipientes,
1515 460 1843 515 mandatum
1864 458 2079 514 habens
2106 456 2352 510 decimas
2374 472 2597 510 sumere
2627 473 2662 510 a
2690 456 2896 527 populo
2923 455 3230 510 secundum
3264 455 3527 526 legem,id
3554 460 3635 509 est
3662 472 3693 509 a

442 547 711 602 fratribus
739 546 874 612 suis,
909 560 1230 617 quanquam
1271 550 1329 599 et
1351 545 1457 617 ipsi
1485 547 1729 603 exierint
1757 548 1826 603 de
1850 547 2057 603 lumbis
2085 545 2340 600 Abrahaz.
2365 546 2540 616 Cujus
2566 551 2754 600 autem
2776 544 3064 616 generatio
3091 561 3203 599 non
3224 549 3623 600 annumeratur
3642 544 3693 598 in

438 636 540 703 eis,
567 635 809 690 decimas
838 635 1080 706 sumpsit
1108 633 1178 688 ab
1202 633 1507 695 Abraham.
1541 643 1599 691 et
1627 637 1777 691 hunc
1799 637 1895 708 qui
1922 635 2168 691 habebat
2194 635 2658 707 repromissiones
2678 624 2982 690 benedixit.
3004 634 3055 689 5.
3081 634 3213 689 Sine
3241 635 3353 689 ulla
3373 639 3555 688 autem
3576 650 3693 688 con-

441 724 793 789 tradictione,
840 724 990 794 quod
1033 724 1221 778 minus
1251 729 1337 778 est
1366 740 1400 777 a
1426 724 1658 780 meliore
1690 725 2057 780 benedicitur.
2092 724 2161 778 Et
2189 724 2279 778 hic
2308 723 2554 794 quidem,
2587 720 2638 778 6.
2674 724 2918 778 decimas
2946 723 3251 777 morientes
3276 723 3530 777 homines
3559 722 3694 776 acci-

440 810 640 883 piunt;
672 811 750 865 ibi
779 817 968 867 autem
1004 817 1355 866 contestatur
1379 813 1511 883 quia
1540 814 1696 870 vivit.
1735 815 1805 869 Et
1830 816 1922 881 (ut
1943 815 2023 869 ita
2052 814 2262 868 dictum
2291 810 2391 878 sit)
2419 828 2519 882 per
2539 812 2822 866 Abraham
2853 817 2910 866 et
2933 812 3188 883 Lavi,qui
3209 812 3453 867 decimas
3475 810 3692 882 accipit,

443 900 755 955 decimatas
783 906 870 954 est
894 920 906 968 ;
942 901 1128 955 adhuc
1152 901 1299 955 enim
1333 900 1391 954 in
1413 901 1620 956 lumbis
1648 903 1826 974 patris
1854 909 1999 973 erat,
2033 892 2256 974 quando
2281 900 2524 955 obviavit
2548 901 2598 955 ei
2619 901 3040 956 Melchisedech.
3060 901 3112 966 7,
3132 898 3192 958 8.
3215 901 3274 956 Si
3304 916 3693 971 ergoconsum-

442 989 616 1044 matio
645 1005 747 1060 per
765 988 1139 1043 sacerdotium
1162 989 1471 1044 Leviticum
1506 997 1628 1045 erat
1679 992 1935 1063 (populus
1968 991 2116 1046 enim
2154 988 2258 1044 sub
2301 989 2420 1061 ipso
2460 991 2640 1060 legem
2667 989 2907 1061 accepit)
2935 990 3069 1061 quid
3107 990 3291 1044 adhuc
3330 990 3697 1044 necessarium

442 1078 549 1133 fuit
578 1078 887 1134 secundum
919 1077 1174 1132 ordinem
1205 1078 1608 1133 Melchisedech
1642 1080 1815 1135 alium
1842 1095 2074 1149 surgere
2104 1079 2472 1145 sacerdotem,
2509 1084 2567 1133 et
2587 1095 2697 1133 non
2722 1079 3028 1133 secundum
3063 1079 3319 1133 ordinem
3345 1079 3531 1133 Aaron
3554 1077 3700 1132 dici?

441 1169 738 1224 Translato
759 1167 908 1222 enim
940 1167 1276 1229 sacerdotio,
1298 1183 1527 1223 necesse
1557 1175 1641 1223 est
1666 1174 1731 1223 ut
1759 1174 1816 1223 et
1843 1168 1984 1239 legis
2010 1167 2308 1222 translatio
2327 1168 2445 1221 ﬁat.
2470 1168 2535 1223 In
2565 1184 2676 1239 quo
2706 1168 2854 1222 enim
2876 1168 2993 1223 haic
3019 1168 3303 1233 dicuntur,
3330 1167 3400 1222 de
3424 1167 3533 1222 alia
3560 1166 3700 1220 tribu

444 1262 531 1313 est
559 1258 628 1312 de
653 1274 764 1329 qua
784 1257 973 1311 nullus
1002 1254 1169 1309 altari
1198 1260 1402 1326 prmsto
1422 1256 1546 1310 fuit.
1572 1256 1931 1312 Manifestum
1962 1262 2046 1311 est
2073 1256 2223 1310 enim
2257 1258 2407 1327 quod
2435 1273 2501 1311 ex
2532 1256 2561 1311 J
2566 1257 2678 1311 uda
2705 1262 2862 1311 ortus
2891 1256 2966 1311 sit
2996 1256 3269 1311 Dominus
3284 1262 3496 1322 noster;
3517 1255 3575 1309 in
3600 1270 3702 1325 qua

443 1345 597 1400 tribu
616 1346 758 1399 nihil
780 1345 850 1399 de
889 1342 1269 1399 sacerdotibus
1282 1334 1733 1416 Moyseslocutus
1750 1346 1930 1400 est.Et
1949 1346 2194 1415 amplius
2213 1345 2397 1399 adhuc
2416 1345 2777 1399 manifestum
2802 1350 2887 1399 est
2897 1346 2940 1398 si
2963 1344 3271 1399 secundum
3288 1343 3702 1398 similitudinem

440 1434 860 1490 Melchisedech
887 1438 1148 1503 exsurgat
1177 1432 1322 1487 alius
1352 1434 1732 1505 sacerdos,qui
1766 1434 1961 1489 non‘9.
1986 1434 2295 1488 secundum
2320 1434 2502 1503 legem
2518 1433 2770 1488 mandati
2796 1434 3040 1488 carnalis
3070 1434 3254 1488 factus
3274 1438 3379 1500 est,
3402 1434 3498 1487 sed
3517 1430 3702 1489 lO.se-

447 1524 694 1579 cundum
725 1523 993 1577 virtutem
1018 1521 1484 1577 vitaeinsolubilis.
1520 1521 1570 1579 ll
1597 1568 1607 1579 .
1634 1522 2157 1577 Contestaturenim
2183 1541 2194 1575 :
2222 1522 2499 1586 Quoniam
2529 1527 2591 1576 tu
2622 1538 2681 1576 es
2710 1522 2971 1576 sacerdos
2991 1522 3050 1576 in
3079 1522 3488 1579 mternum.l‘2.
3517 1538 3704 1577 secun-

446 1614 581 1669 dum
615 1613 869 1668 ordinem
892 1612 1673 1683 Melchisedech.Reprobatio
1692 1612 1915 1684 quidem
1936 1614 2001 1666 ﬁt
2013 1611 2378 1683 praecedentis
2398 1611 2672 1677 mandati,
2706 1618 2936 1683 propter
2964 1612 3045 1666 13.
3075 1612 3467 1667 inﬁrmitatem
3512 1613 3628 1682 ejus
3655 1616 3707 1665 et

451 1702 535 1761 14.
558 1702 956 1769 inutilitatem;
989 1702 1133 1755 nihil
1167 1701 1315 1756 enim
1338 1701 1406 1755 ad
1440 1702 1747 1773 perfectum
1776 1700 2008 1754 adduxit
2033 1700 2117 1754 lex
2140 1698 2254 1763 15.,
2275 1699 2615 1753 introductio
2637 1715 2767 1753 vero
2797 1699 3045 1753 melioris
3068 1700 3206 1771 spei,
3230 1717 3332 1771 per
3361 1716 3527 1771 quam
3540 1699 3707 1771 proxi-

447 1807 673 1846 mamur
691 1791 763 1845 ad
781 1792 980 1845 Deum.
1005 1791 1074 1845 Et
1098 1797 1372 1861 quantum
1404 1796 1488 1845 est
1512 1807 1624 1845 non
1646 1790 1765 1844 sine
1781 1789 2151 1860 jurejurando
2169 1789 2284 1857 (alii
2307 1788 2530 1859 quidem
2550 1788 2672 1842 sine
2687 1789 3063 1859 jurejurando
3086 1790 3409 1844 sacerdotes
3424 1790 3551 1844 facti
3566 1794 3703 1855 sunt;

447 1879 538 1935 hic
566 1885 757 1937 autem
784 1896 909 1935 cum
931 1879 1323 1950 jurejurando,
1349 1896 1450 1951 per
1477 1895 1607 1935 eum
1638 1878 1734 1951 qui
1763 1878 1904 1933 dixit
1930 1878 2003 1933 ad
2029 1878 2190 1933 illum
2223 1896 2235 1931 :
2266 1877 2486 1932 Juravit
2504 1877 2797 1945 Dominus,
2818 1883 2876 1933 et
2906 1894 3017 1933 non
3048 1878 3348 1950 paenitebit
3372 1895 3499 1934 eum
3523 1896 3534 1932 :
3557 1878 3636 1933 Tu
3654 1894 3707 1932 es

1796 2074 2389 2131 COMMENTARIUS.

516 2262 568 2317 4.
614 2262 685 2316 De
713 2262 851 2329 ﬁliis
878 2259 1018 2313 Levi.
1054 2256 1137 2313 De
1165 2255 1443 2329 superiori
1466 2256 1749 2312 sententia
1776 2256 1883 2311 hoc
1910 2254 2048 2326 obji—
2064 2258 2113 2317 Α
2132 2253 2315 2309 factus
2341 2253 2603 2309 sacerdos
2641 2253 2949 2310 secundum
2997 2253 3182 2325 legem
3225 2253 3567 2320 Iudaeorum,
3599 2267 3711 2325 qua:

446 2352 609 2409 citur.
652 2349 823 2415 Quasi
878 2347 1082 2419 aliquis
1119 2347 1331 2402 diceret
1382 2365 1398 2401 :
1451 2347 1577 2401 Non
1616 2351 1774 2418 potes
1812 2345 2050 2417 probare
2132 2344 2387 2399 carnales
2435 2344 2856 2399 observationes
2894 2344 3274 2416 prmcipiebat,
3316 2343 3448 2415 quia
3483 2360 3593 2398 non
3636 2348 3713 2397 est

450 2438 862 2498 Melchisedech
916 2453 1019 2508 per
1054 2437 1160 2491 hoc
1216 2435 1562 2508 superiorem
1627 2435 1865 2489 Abrahae
1919 2434 2052 2505 quia

448 2530 694 2586 decimas
732 2527 802 2582 ab
854 2542 920 2581 eo
978 2525 1208 2597 accepit,
1258 2525 1392 2596 quia
1427 2524 1747 2578 sacerdotes
1790 2524 1859 2577 de
1901 2522 2051 2577 tribu

446 2618 579 2676 Levi
643 2618 713 2673 ab
766 2616 892 2670 aliis
930 2614 1187 2669 tribubus
1224 2614 1533 2668 secundum
1588 2613 1771 2683 legem
1809 2611 2054 2666 decimas

450 2707 749 2780 accipiunt,
791 2706 998 2759 fratres
1037 2704 1248 2758 scilicet
1278 2719 1313 2756 a
1337 2702 1624 2769 fratribus,
1659 2707 1716 2755 et
1743 2701 2054 2772 coaequales

455 2814 488 2852 a
525 2794 918 2867 coaequalibus.

523 2883 575 2940 5.
608 2884 745 2939 Sine
771 2885 890 2937 ulla
913 2885 1120 2936 autem.
1151 2879 1478 2952 Responsio,
1497 2877 1626 2933 novi
1655 2878 1738 2933 ita
1766 2892 1908 2933 esse.
1947 2876 2055 2932 Sed

451 2972 859 3028 Melchisedech
887 2986 999 3025 non
1025 2968 1419 3024 tantummodo
1446 2968 1692 3022 decimas
1704 2966 1932 3038 accepit,
1958 2965 2056 3020 sed

453 3063 623 3118 etiam
663 3061 949 3115 Abraham
999 3051 1306 3123 benedixit,
1360 3073 1426 3111 ac
1470 3073 1571 3128 per
1616 3057 1722 3110 hoc
1776 3056 1899 3110 sine
1936 3055 2056 3109 ulla

452 3148 891 3205 contradictione
921 3148 1100 3218 major
1137 3164 1203 3201 eo
1243 3152 1347 3214 est,
1380 3145 1514 3217 quia
1550 3145 1737 3199 minor
1760 3162 1795 3199 a
1822 3143 2054 3199 meliore

453 3255 677 3311 semper
699 3236 1068 3293 benedicitur.
2046 3301 2054 3309 _

519 3328 569 3382 6.
595 3329 841 3381 Decimus
862 3328 1180 3379 morientes.
1208 3323 1380 3388 Quasi
1399 3322 1609 3377 diceret
1640 3340 1652 3375 :
1689 3322 1798 3376 Per
1813 3322 1918 3375 hoc
1934 3336 2052 3375 non

451 3431 751 3487 possumus
791 3412 1104 3485 approbare
1134 3411 1544 3466 Melchisedech
1572 3410 1745 3465 fuisse
1762 3410 2052 3464 immorta-

448 3503 581 3570 lem,
613 3502 669 3555 id
700 3504 804 3566 est,
823 3499 1168 3571 significasse
1196 3498 1600 3564 immortalem,
1641 3498 1775 3569 quia
1805 3497 2053 3551 decimas

2133 2433 2203 2488 de
2222 2432 2373 2487 tribu
2393 2433 2542 2497 Levi,
2564 2434 2712 2489 unde
2728 2434 3046 2489 sacerdotes
3060 2432 3189 2504 eligi
3209 2432 3336 2505 ipsa
3364 2433 3449 2487 lex
3463 2432 3709 2503 jubebat,

2135 2523 2233 2577 sed
2255 2523 2563 2577 secundum
2603 2523 2751 2595 quod
2780 2523 2993 2595 placuit
3030 2523 3221 2577 virtuti
3251 2522 3558 2577 divinitatis
3589 2538 3711 2586 suae,

2135 2611 2195 2666 in
2226 2629 2337 2683 qua
2365 2618 2424 2667 et
2450 2629 2515 2666 ex
2545 2628 2655 2684 qua
2682 2618 2771 2666 est
2796 2612 2911 2666 vita
2940 2611 3276 2679 insolubilis,
3297 2612 3354 2666 id
3377 2617 3479 2678 est,
3499 2616 3712 2675 aeterna,

2137 2717 2262 2772 qua}
2293 2707 2473 2755 morte
2493 2701 2901 2756 interveniente
2935 2718 3047 2755 non
3077 2700 3330 2755 solvitur.
3367 2700 3558 2755 Aliter.
3600 2700 3715 2754 Non

2137 2796 2224 2844 est
2251 2791 2430 2845 factus
2468 2790 2728 2845 sacerdos
2774 2795 2840 2844 ut
2864 2791 2924 2844 in
2964 2790 3255 2844 sacriﬁciis
3287 2789 3607 2844 observaret
3642 2787 3716 2842 vel

2138 2878 2419 2933 observari
2467 2879 2795 2950 praeciperet
2835 2880 3084 2934 carnalia
3120 2884 3402 2950 praecepta
3429 2879 3582 2949 legis,
3629 2876 3718 2930 sed

2138 2966 2489 3039 spiritualem
2508 2968 2962 3038 intelligentiam,
2985 2985 3109 3039 quae
3137 2972 3224 3022 est
3242 2968 3424 3022 virtus
3445 2983 3541 3039 per
3562 2982 3720 3038 quam

2136 3057 2305 3111 datur
2333 3057 2444 3110 vita
2473 3056 2794 3112 insolubilis
2823 3059 3064 3112 :Liltera
3089 3060 3241 3111 enim
3271 3057 3716 3126 occidit,spirilus

2133 3150 2321 3199 autem
2350 3148 2609 3213 viri/icat.

2205 3232 2295 3288 10.
2320 3236 2573 3291 AMBROS.
2608 3234 2924 3290 Secundum
2951 3236 3234 3300 virtutem,
3266 3235 3327 3289 id
3359 3240 3461 3301 est,
3482 3233 3644 3288 vitam
3666 3230 3719 3285 in

2134 3323 2436 3394 semetipso
2480 3323 2692 3378 habens
2730 3321 3114 3379 insolubilem.
3171 3323 3441 3388 Quamvis
3478 3323 3619 3378 enim
3653 3319 3717 3374 ad

2133 3416 2359 3483 tempus
2387 3416 2645 3467 mortuus
2666 3417 2753 3467 est
2780 3428 2967 3472 carne.
2993 3417 3186 3467 tamen
3209 3412 3269 3468 in
3298 3419 3570 3469 aeternum
3596 3408 3720 3465 divi-

2136 3500 2316 3554 nitate
2347 3500 2492 3554 vivit.

450 3590 737 3648 Abraham
775 3588 1012 3660 accepit;
1048 3587 1183 3659 quia
1204 3587 1297 3640 hic
1324 3586 1589 3652 etiam,id
1612 3593 1718 3648 est,
1753 3586 1812 3640 in
1840 3586 1964 3656 lege
1994 3580 2114 3641 etB
2208 3588 2226 3644 1
2251 3587 2293 3644 l.
2320 3589 2527 3646 Lmra.
2547 3589 2911 3644 Contestalur.
2933 3589 3142 3645 Probat
3159 3592 3497 3647 auctoritate
3523 3589 3713 3655 divina,

452 3679 765 3736 sacerdotio
795 3676 1039 3733 Levitico
1053 3676 1359 3731 morientes
1378 3676 1635 3730 homines
1657 3675 1905 3730 decimas
1921 3675 2063 3729 acci-

2143 3676 2278 3746 quia
2305 3676 2610 3731 secundum
2637 3677 3064 3733 similitudinem
3097 3679 3524 3747 Melchisedech,
3546 3693 3719 3734 exsur-

453 3770 634 3843 piunt.
667 3768 778 3822 Sed
803 3765 898 3833 ibi,
923 3766 1027 3821 hoc
1048 3771 1134 3820 est
1162 3764 1257 3820 ubi
1286 3764 1406 3818 sine
1427 3770 1588 3835 patre
1617 3770 1673 3819 et
1702 3769 1885 3819 matre
1937 3764 2060 3818 sine
2142 3763 2287 3818 rexit
2315 3763 2459 3818 alius
2487 3762 2764 3821 sacerdos.

457 3858 620 3913 initio
651 3861 707 3911 et
734 3857 847 3910 ﬁne
875 3854 1096 3909 dierum
1129 3853 1420 3925 Scriptura
1456 3870 1585 3908 eum
1612 3857 2054 3920 commemorat;

463 3952 658 4019 aperte
679 3949 1030 3999 contestatur
1055 3943 1179 4015 ipsa
1207 3942 1501 4014 Scriptura
1531 3941 1665 4013 quia
1687 3941 1839 4009 vivit,
1862 3940 1920 3994 id
1949 3946 2053 4008 est,

451 4036 731 4091 viventem
769 4039 827 4089 et
852 4033 1235 4087 immortalem
1255 4031 1552 4102 signiﬁcat.

527 4124 581 4182 7.
614 4125 677 4181 Si
704 4140 828 4193 ergo
873 4124 1295 4177 consummatio.
1332 4120 1392 4175 Si
1431 4119 1637 4192 inquit,
1668 4121 1755 4175 lex
1790 4135 2053 4176 consum-

450 4219 625 4281 mata,
656 4213 714 4267 id
742 4217 850 4281 est,
871 4211 1136 4284 perfecta,
1169 4226 1283 4264 non
1314 4210 1586 4264 mutanda
1623 4209 1721 4263 sed
1752 4226 1930 4281 usque
1979 4209 2051 4264 ad

358 4328 359 4333 π
454 4305 628 4359 ﬁnem
657 4301 846 4357 saeculi
876 4315 1250 4371 permansura
1271 4304 1332 4364 π
1349 4305 1382 4362 1
1402 4304 1486 4367 8,
1502 4303 1624 4352 erat
1644 4298 1776 4352 data
1796 4315 1896 4370 per
1909 4299 2048 4353 illud

456 4400 682 4465 tempus
703 4407 815 4463 quo
829 4390 1199 4445 constitutum
1218 4394 1305 4443 est
1323 4388 1700 4443 sacerdotium
1716 4388 2047 4455 Leviticum,

458 4499 558 4537 cur
586 4480 739 4535 aliud
763 4478 1143 4533 sacerdotium
1180 4476 1487 4547 subrogat?
1518 4476 1660 4540 Quia
1681 4476 1829 4530 enim
1860 4477 2046 4544 simul,

458 4575 517 4626 et
546 4570 616 4624 ab
636 4568 853 4633 eodem,
877 4572 935 4621 et
961 4565 1064 4621 sub
1094 4565 1291 4619 eadem
1321 4564 1617 4637 sponsione
1638 4571 1879 4637 utraque
1917 4566 2054 4620 data

459 4663 618 4725 sunt;
653 4655 803 4728 quod
838 4655 909 4708 de
962 4670 1076 4708 uno
1118 4653 1342 4718 dicitur,
1386 4653 1455 4707 de
1485 4654 1665 4708 altero
1702 4670 1930 4709 necesse
1968 4659 2055 4708 est

434 4746 824 4816 intelligatur.
853 4744 995 4798 Tota
1029 4741 1180 4797 enim
1218 4741 1364 4796 ratio
1403 4741 1481 4796 sic
1516 4742 1768 4813 procedit
1812 4761 1824 4797 :
1860 4742 1918 4797 Si
1959 4742 2052 4797 lex

458 4841 583 4893 erat
597 4847 986 4906 permansura,
999 4836 1057 4885 et
1090 4830 1489 4896 sacerdotium,
1521 4831 1619 4885 sed
1648 4831 2046 4897 sacerdotium,

454 4924 813 4989 transfertur,
844 4921 932 4975 lex
967 4925 1156 4974 autem
1194 4935 1420 4974 necesse
1458 4924 1544 4974 est
1571 4920 1965 4974 transferatur.

368 5004 369 5011 “
524 5013 579 5068 8.
610 5014 864 5069 AIBBOS.
881 5010 944 5065 Si
961 5025 1087 5078 ergo
1105 5011 1525 5063 consummatio.
1552 5009 1610 5063 Si
1622 5007 2047 5072 consummatio,

2210 3851 2300 3907 1'2.
2340 3854 2582 3909 AMBROS.
2603 3856 2916 3910 Secundum
2939 3856 3191 3910 ordinem
3213 3856 3607 3912 Melchisedech.
3628 3853 3720 3909 Or-

2140 3941 2325 3995 dinem
2354 3946 2544 3996 autem
2570 3943 2691 4013 ejus
2716 3944 2907 3999 multis
2938 3944 3119 3999 modis
3155 3945 3558 4017 interpretatur
3581 3941 3717 4016 quod

2139 4030 2291 4085 solus
2321 4034 2379 4084 et
2406 4047 2503 4085 rex
2542 4031 2649 4086 fuit
2675 4037 2734 4087 et
2760 4032 3038 4095 sacerdos.
3072 4039 3204 4089 ante
3255 4035 3718 4091 circumcisionem

2138 4117 2369 4173 functus
2400 4120 2732 4188 sacerdotio,
2765 4127 2831 4176 ut
2858 4139 2970 4176 non
2996 4139 3135 4191 gens
3165 4140 3228 4177 ex
3256 4124 3483 4190 Judaeis,
3514 4123 3608 4178 sed
3634 4121 3719 4175 Ju-

2133 4206 2239 4263 daei
2264 4224 2330 4262 ex
2356 4208 2621 4279 gentibus
2641 4211 3014 4266 sacerdotium
3048 4219 3406 4284 acceperunt.

2210 4295 2290 4353 13.
2325 4297 2530 4352 Lara.
2565 4301 2980 4366 Inﬁrmitatem.
3007 4301 3183 4355 Vetus
3210 4301 3298 4356 lex
3327 4301 3551 4356 inﬁrma
3578 4302 3709 4361 erat,

2131 4385 2267 4456 quia
2294 4385 2604 4441 cultoribus
2654 4387 2771 4442 suis
2809 4389 3112 4459 perfectam
3145 4389 3428 4460 justitiam
3456 4391 3586 4445 dare
3611 4403 3713 4442 non

2133 4480 2374 4546 poterat.
2395 4476 2455 4530 Si
2479 4476 2627 4530 enim
2659 4477 2903 4531 cultores
2929 4480 3049 4547 ejus
3072 4478 3315 4550 perfecte
3338 4480 3480 4551 justi
3518 4481 3709 4540 essent,

2132 4571 2262 4635 post
2290 4568 2528 4618 mortem
2545 4564 2736 4619 statim
2766 4567 3019 4637 requiem
3037 4567 3283 4623 habituri
3312 4570 3513 4624 caelum
3540 4580 3716 4621 ascen-

2134 4652 2351 4706 derent.
2381 4652 2487 4707 Sed
2528 4657 2651 4707 erat
2679 4670 2780 4724 per
2808 4656 2931 4726 ejus
2973 4655 3385 4712 observantiam
3409 4653 3716 4728 justilicatio

2133 4740 2423 4808 nonnulla,
2485 4747 2841 4812 peccatorum
2872 4744 3128 4800 remissio
3158 4746 3368 4818 aliqua,
3401 4762 3511 4802 non
3540 4750 3715 4799 tamen

2134 4829 2319 4899 plena.

2086 4899 2130 4959 θ
2214 4917 2297 4974 14.
2330 4920 2614 4974 Inutilem.
2650 4920 2857 4975 Inutile
2879 4921 2988 4977 fuit
3025 4928 3152 4994 post
3179 4923 3478 4979 adventum
3517 4918 3713 4978 Christi

2135 5006 2431 5061 observare
2451 5023 2518 5062 ea
2531 5025 2654 5080 quae
2674 5009 2801 5065 ideo
2822 5011 3054 5075 ﬁebant,
3074 5019 3139 5068 ut
3156 5031 3222 5068 ea
3242 5031 3363 5086 quae
3388 5030 3536 5068 nunc
3559 5013 3707 5075 ﬁunt,

454 5104 513 5160 id
535 5108 639 5170 est,
671 5101 980 5173 perlectum
1010 5097 1388 5152 sacerdotium
1418 5096 1726 5151 Leviticum
1766 5096 1891 5162 fuit,
1915 5096 2050 5167 quid
2131 5095 2499 5167 przedicerent
2529 5114 2650 5152 esse
2678 5099 2886 5156 futura.

452 5205 681 5246 necesse
720 5185 831 5240 fuit
866 5183 1039 5238 alium
1077 5198 1310 5252 surgere
1347 5181 1733 5236 sacerdotem?
1773 5181 1831 5236 Si
1875 5181 2050 5251 igitur

2197 5183 2288 5240 15.
2308 5186 2554 5240 AMBROS.
2582 5189 2953 5249 lntroductio.
2979 5189 3189 5244 Habuit
3218 5191 3423 5263 quippe
3452 5209 3514 5245 ex
3541 5204 3709 5261 spem,

454 5276 748 5336 sacerdotii
787 5271 1239 5339 translationem,
1278 5287 1506 5325 necesse
1543 5276 1630 5325 est
1665 5278 1722 5324 et
1748 5269 1887 5340 legis
1926 5287 2047 5325 esse
2129 5275 2224 5330 sed
2256 5290 2368 5329 non
2389 5275 2590 5331 talem:
2623 5277 2927 5348 sperabant
2967 5280 3115 5333 enim
3145 5279 3289 5334 bene
3319 5281 3615 5351 placentes,
3659 5282 3712 5331 et

453 5365 921 5431 translationem;
968 5376 1152 5433 neque
1198 5364 1384 5432 potest
1411 5359 1672 5414 sacerdos
1710 5359 1832 5414 sine
1871 5364 2047 5415 testa-
2127 5362 2309 5434 legem
2361 5364 2464 5418 Dei
2517 5366 2894 5422 custodientes
2949 5368 3237 5439 possidere
3284 5375 3513 5436 terram,
3571 5364 3704 5421 nihil

454 5461 645 5514 mento
681 5469 823 5509 esse.

2123 5468 2502 5508 aerumnosum
2536 5454 2670 5526 pati;
2694 5456 3011 5527 evangelica
3042 5463 3231 5513 autem
3253 5465 3527 5530 praecepta
3541 5461 3709 5511 custo-

524 5544 579 5604 9.
618 5545 827 5601 Lam.
884 5538 1200 5596 Secundum
1249 5539 1438 5607 legem.
1494 5535 1751 5592 Christus
1798 5554 1912 5594 non
1958 5545 2046 5596 est
2123 5541 2361 5610 dientes,
2392 5558 2504 5600 non
2536 5548 2749 5600 terram
2782 5552 3017 5618 sperant
3044 5547 3348 5620 possidere,
3375 5547 3469 5604 sed
3493 5544 3703 5601 coelum.
