3978 6174
240 243 345 302 393
936 244 1016 300 1N
1054 244 1118 300 D.
1163 243 1380 300 PAULI
1418 242 1648 300 EPIST.
1687 242 2060 299 COMMENT.
2104 274 2163 287 οι
2204 241 2428 297 EPIST.
2466 242 2562 296 AD
2602 241 2815 295 IIEBR.
3403 241 3508 302 39’!

238 364 502 419 sacerdos
531 364 591 419 in
622 363 1185 434 eternum)16,l7.in
1216 372 1438 423 tantum
1472 366 1818 426 18.melioris
1850 367 2169 423 testamenti
2204 366 2527 437 19.sponsor
2554 366 2733 421 factus
2764 370 2849 420 est
2867 365 3050 421 Jesus.
3070 367 3140 422 Et
3160 368 3258 423 alii
3283 368 3511 440 quidem

238 455 426 525 plures
450 452 586 509 facti
605 459 735 508 sunt
758 454 1101 519 sacerdotes,
1124 456 1329 511 idcirco
1360 458 1509 529 quod
1539 463 1721 513 morte
1752 455 2183 529 prohiberentur
2206 455 2572 528 permanere?
2590 455 2679 508 hic
2702 459 2891 509 autem
2918 471 2983 509 eo
3013 457 3162 527 quod
3186 464 3416 513 maneat
3450 457 3510 513 in

235 549 534 610 aeternum,
563 544 973 615 sempiternum
996 544 1167 600 habet
1194 547 1590 601 sacerdotium.
1621 544 1710 603 20.
1746 534 1908 602 Unde
1934 551 1991 601 et
2020 547 2236 601 salvare
2267 545 2324 599 in
2353 550 2687 616 perpetuum
2710 549 2899 614 potest
2936 545 3262 600 accedentes
3289 564 3390 618 per
3416 546 3508 603 21.

236 632 608 705 semetipsum
638 634 709 688 ad
741 634 920 689 Deum
947 651 1173 706 semper
1202 635 1387 690 vivens
1416 636 1489 690 ad
1520 636 1991 707 interpellandum
2016 652 2116 707 pro
2145 633 2487 689 nobis.Talis
2507 633 2655 687 enim
2671 631 2905 686 decebat
2929 639 2994 687 ut
3014 633 3173 687 nobis
3202 640 3349 689 esset
3370 652 3510 707 pon-

238 721 394 783 tifex.
412 727 664 788 sanctus,
688 723 980 787 innocens,
1015 724 1366 795 impollutus,
1390 730 1721 795 segregatus
1749 742 1785 779 a
1812 723 2217 797 peccatoribus,
2241 729 2297 777 et
2316 722 2401 777 2‘2.
2422 722 2692 776 excelsior
2719 721 2871 775 caelis
2892 722 3087 789 factus;
3104 722 3199 793 qui
3216 740 3326 777 non
3344 724 3515 779 habet

237 809 635 863 necessitatem
657 810 1409 882 quotidie,quemadmodum
1423 811 1932 883 sacerdotes,prius
1952 830 2053 886 pro
2076 813 2194 867 suis
2224 810 2441 866 delictis
2462 810 2673 865 hostias
2704 810 2903 863 offerre
2933 810 3135 865 deinde
3165 828 3266 882 pro
3294 813 3505 883 populi;

238 898 343 953 hoc
355 898 509 953 enim
530 898 662 953 fecit
689 900 862 955 semel
886 917 947 955 se
977 901 1162 972 ipsum
1192 899 1599 958 oﬁ‘erendo.‘.’3.
1625 901 1735 955 Lex
1762 902 1914 957 enim
1953 902 2209 973 homines
2238 899 2531 955 constituit
2560 898 3276 955 sacerdotesinﬁrmitatem
3301 900 3513 956 haben-
3563 886 3577 897 ’

234 992 347 1054 tes;
382 1004 571 1043 sermo
593 989 719 1059 ejus
736 988 1130 1059 jurisjurandi,
1161 988 1254 1061 qui
1277 995 1403 1061 post
1418 990 1601 1060 legem
1630 995 1734 1054 est,
1772 990 1973 1046 Filium
2003 992 2060 1046 in
2083 997 2353 1047 aeternum
2377 990 2708 1061 perfectum.

1709 1114 1943 1171 CAPUT
1980 1114 2138 1170 VIII.

311 1236 756 1308 1:2.Capitulum
784 1243 976 1293 autem
1004 1257 1177 1312 super
1195 1258 1264 1296 ea
1280 1258 1401 1313 quae
1424 1242 1722 1303 dicuntur:
1755 1242 1949 1296 Talem
1979 1241 2249 1295 habemus
2275 1240 2594 1312 pontiﬁcem
2624 1241 2719 1311 qui
2737 1241 2990 1296 consedit
3023 1242 3081 1297 in
3106 1244 3338 1300 dextera
3370 1246 3518 1302 sedis

242 1327 653 1398 magnitudinis
682 1327 743 1381 in
772 1328 948 1395 caelis,
971 1335 1293 1384 sanctorum
1318 1330 1595 1397 minister,
1630 1336 1687 1387 et
1714 1329 2059 1386 tabernaculi
2084 1329 2196 1383 veri
2220 1329 2368 1400 quod
2399 1329 2519 1383 ﬁxit
2537 1330 2831 1395 Dominus,
2860 1337 2916 1385 et
2955 1348 3068 1386 non
3098 1333 3285 1388 homo.
3324 1334 3523 1389 Omnis

243 1416 399 1469 enim
417 1413 470 1469 3.
506 1416 756 1487 pontifex
786 1417 859 1471 ad
883 1418 1229 1472 oﬁ‘erendum
1263 1436 1501 1474 munera
1535 1427 1592 1475 et
1622 1421 1836 1475 hostias
1865 1418 2227 1474 constituitur
2251 1436 2263 1481 ;
2292 1417 2442 1472 unde
2462 1434 2691 1471 necesse
2721 1424 2806 1471 est
2826 1424 2882 1472 et
2910 1420 3059 1474 hunc
3088 1421 3293 1475 habere
3309 1422 3525 1493 aliquid

242 1503 395 1575 quod
421 1505 641 1559 oﬁ‘erat.
668 1506 790 1561 4.Si
816 1522 949 1577 ergo
977 1511 1127 1561 esset
1154 1524 1324 1579 super
1344 1513 1578 1576 terram,
1603 1526 1707 1563 nec
1729 1514 1878 1563 esset
1905 1508 2199 1571 sacerdcs;
2233 1522 2361 1561 cum
2390 1513 2576 1560 essent
2603 1507 2698 1577 qui
2728 1509 3001 1584 oll‘errent»
3021 1511 3325 1564 secundum
3344 1512 3526 1581 legem

243 1610 507 1659 munera,
542 1594 640 1665 qui
667 1595 973 1666 exemplari
1004 1601 1061 1650 et
1089 1596 1304 1652 umbra:
1328 1597 1652 1653 deserviunt
1676 1599 1726 1653 5.
1757 1597 2087 1652 caelestium.
2118 1597 2269 1651 Sicut
2291 1612 2621 1667 responsum
2652 1602 2710 1659 2
2728 1604 2759 1661 Ι
2776 1600 3066 1662 9-220
3086 1604 3171 1652 est
3190 1599 3524 1671 Moysi,cum

240 1687 668 1737 consummaret
682 1682 1147 1738 tabernaculum:
1172 1685 1331 1750 Vide,
1350 1686 1552 1758 inquit,
1572 1687 1760 1741 omnia
1792 1686 1960 1741 facito
1988 1686 2295 1741 secundum
2328 1685 2379 1740 6.
2421 1685 2707 1756 exemplar
2730 1686 2878 1754 quod
2908 1685 3010 1739 tibi
3033 1692 3321 1742 ostensum
3352 1693 3438 1743 est
3465 1687 3524 1742 in

240 1771 630 1827 monte.Nunc
656 1778 848 1827 autem
881 1774 1083 1829 melius
1108 1775 1341 1830 sortitus
1373 1782 1460 1831 est
1480 1776 1882 1840 ministerium,
1910 1781 2121 1847 quanto
2151 1780 2206 1829 et
2234 1773 2285 1829 7.
2308 1773 2557 1828 melioris
2589 1774 2908 1827 testamenti
2938 1775 3217 1829 mediator
3242 1782 3345 1842 est,
3376 1777 3525 1847 quod

242 1862 298 1917 in
329 1863 662 1919 melioribus
683 1866 1214 1936 repromissionibus
1229 1867 1506 1922 sancitum
1537 1872 1639 1924 est.
1664 1870 1811 1922 Nam
1857 1867 1906 1922 si
1934 1863 2074 1918 illud
2104 1862 2262 1933 prius
2294 1862 2462 1933 culpa
2484 1867 2870 1926 vacasset,non
2899 1862 3093 1933 utique
3110 1864 3339 1918 secundi
3369 1866 3526 1919 locus

244 1952 656 2024 inquireretur.
682 1951 735 2010 8.
769 1955 1112 2026 Vituperans
1133 1955 1283 2010 enim
1312 1974 1405 2011 eos
1435 1957 1573 2011 dicit
1598 1974 1609 2009 :
1644 1958 1781 2012 Ecce
1810 1979 1815 2007 1

1960 1952 2204 2017 venient,
2238 1951 2373 2006 dicit
2402 1951 2690 2014 Dominus,
2723 1957 2780 2005 et
2805 1951 3204 2006 consummabo
3235 1970 3405 2024 super
3432 1954 3527 2008 do-

247 2057 404 2095 mum
435 2040 637 2109 Israel,
663 2048 723 2096 et
736 2059 910 2113 super
931 2044 1159 2101 domum
1192 2045 1358 2112 Juda,
1385 2050 1786 2099 testamentum
1817 2058 2169 2108 novum,non
2193 2040 2499 2096 secundum
2530 2045 2932 2094 testamentum
2967 2041 3114 2111 quod
3143 2041 3247 2096 feci
3273 2041 3527 2113 patribus

253 2147 472 2199 eorum,
508 2131 568 2185 in
593 2131 687 2186 die
717 2148 829 2203 qua
848 2132 1194 2203 apprehendi
1228 2149 1458 2189 manum
1482 2151 1674 2190 eorum
1712 2146 1777 2188 ut
1806 2134 2098 2188 educerem
2122 2131 2247 2185 illos
2281 2131 2351 2186 de
2378 2135 2529 2183 terra
2556 2129 2800 2202 Egypti,
2833 2129 3097 2200 quoniam
3128 2128 3232 2201 ipsi
3260 2148 3371 2185 non
3398 2147 3525 2204 per-

1557 2238 2150 2296 COMMENTARIUS.

320 2344 411 2400 16.
435 2346 504 2399 In
524 2351 746 2400 tantum
777 2349 1043 2402 melioris.
1075 2348 1397 2404 Secundum
1426 2348 1573 2421 quod
1597 2349 1851 2419 juratum
1874 2352 1918 2408 Α
1937 2343 2239 2409 sententia,
2264 2341 2334 2395 ab
2353 2357 2420 2395 eo
2439 2340 2518 2394 sic
2536 2340 2888 2395 nominatum
2910 2340 3058 2411 quod
3086 2339 3330 2397 breviter
3347 2342 3534 2414 capiat

249 2444 334 2488 est
354 2434 431 2487 de
469 2451 536 2489 eo
555 2451 779 2506 semper
799 2452 930 2490 eum
958 2453 1309 2495 mansurum.
1939 2435 2115 2489 totius
2132 2430 2368 2487 rationis
2385 2446 2680 2485 summam.
2726 2433 2839 2486 Hoc
2875 2435 3064 2484 autem
3105 2431 3413 2503 capitulum
3444 2432 3533 2487 in-

311 2520 413 2577 17.
444 2522 654 2577 Lm.
685 2525 752 2577 In
782 2529 1027 2578 tantum.
1061 2524 1127 2579 In
1157 2530 1432 2596 quantum
1463 2524 1722 2596 superius
1743 2523 1857 2578 dixi
1941 2522 2077 2592 cipit
2105 2521 2175 2575 ab
2192 2537 2258 2575 eo
2280 2519 2427 2591 quod
2466 2518 2722 2589 sequitur
2753 2539 2787 2573 :~
2808 2520 2985 2572 Talem
3028 2519 3306 2573 habemus.
3342 2520 3412 2574 Et
3434 2521 3535 2575 de-

250 2611 391 2682 quia
418 2611 535 2665 vita
577 2617 790 2666 interna
843 2611 1213 2683 promittitur,
1246 2619 1303 2669 et
1344 2630 1459 2668 non
1500 2614 1622 2668 sine
1646 2613 1859 2684 jureju-
1940 2610 2073 2665 sinit
2100 2609 2197 2664 ubi
2230 2609 2470 2663 dicitur:
2500 2610 2625 2661 Non
2663 2608 2837 2661 homo.

243 2700 455 2755 rando.
2014 2698 2066 2753 3.
2100 2700 2367 2766 Ponti/er.
2424 2697 2511 2751 Ad
2554 2696 2900 2767 superiorem
2948 2697 3286 2752 sententiam
3336 2698 3483 2753 redit
3518 2717 3528 2753 :

320 2787 413 2845 18.
439 2789 706 2852 Melioris,
743 2788 801 2843 id
838 2795 942 2853 est,
993 2791 1137 2848 Novi
1177 2791 1540 2854 Testamenti,
1575 2808 1674 2863 per
1700 2791 1863 2861 cujus
1942 2791 2053 2845 [Ioc
2079 2791 2230 2843 enim
2261 2789 2389 2854 fecit
2418 2788 2579 2840 semel
2616 2786 2904 2851 offerendo.
2935 2785 3106 2849 Quasi
3142 2785 3352 2841 diceret
3387 2805 3398 2840 :
3431 2787 3539 2841 Ra-

250 2876 677 2932 observantiam
709 2894 867 2949 spem
887 2878 1160 2934 habemus
1184 2881 1353 2935 eundi
1371 2881 1442 2936 ad
1472 2882 1671 2936 Deum.
1944 2878 2116 2933 tionis
2144 2876 2254 2930 fuit
2284 2874 2435 2946 quod
2482 2890 2543 2928 se
2580 2873 2801 2939 obtulit,
2831 2877 2965 2942 quia
2987 2876 3170 2928 omnis
3186 2877 3438 2943 ponti/ea:
3463 2876 3540 2930 ad

321 2966 422 3022 19.
450 2966 955 3034 Sponsor.Veteres
980 2969 1297 3024 sacerdotes
1328 2969 1864 3041 promittebantcul-
1946 2968 2236 3035 o/fercnda,
2269 2970 2373 3019 etc.

250 3055 481 3110 toribus
507 3055 653 3127 legis
670 3057 887 3127 copiam
907 3056 1155 3128 frugum,
1188 3059 1495 3130 longaevam
1526 3059 1718 3123 vitam,
1750 3059 1864 3113 vic-
2016 3056 2077 3113 4.
2114 3054 2178 3109 Si
2204 3070 2329 3122 ergo
2353 3068 2517 3122 super
2543 3057 2754 3105 terram
2778 3057 2928 3106 esset.
2956 3052 3121 3107 Ratio
3149 3068 3252 3107 cur
3278 3053 3539 3109 Christus

251 3145 467 3200 teriam
498 3144 875 3206 inimicorum,
910 3152 969 3200 et
990 3153 1192 3202 caetera
1217 3148 1306 3202 his
1330 3147 1557 3202 similia.
1582 3150 1746 3203 Jesus
1761 3164 1864 3202 au-
1948 3145 2198 3217 seipsum
2252 3141 2536 3207 obtulerit,
2569 3140 2637 3207 si,
2682 3140 2884 3211 inquit,
2911 3145 3061 3195 esset
3109 3158 3279 3213 super
3330 3147 3541 3197 terram

253 3240 372 3289 tem
406 3234 652 3305 spondet
679 3251 836 3306 spem
868 3251 970 3306 per
994 3252 1163 3307 quam
1194 3237 1576 3308 proximamus
1590 3237 1866 3303 adDeum,
1952 3234 2099 3307 quod
2124 3249 2224 3304 pro
2244 3230 2484 3304 peccatis
2511 3230 2687 3284 totius
2711 3230 2909 3283 mundi
2938 3229 3107 3301 digne
3124 3236 3313 3301 posset
3330 3230 3539 3298 oﬁ‘erri,

254 3321 311 3375 id
331 3327 448 3379 est.
467 3320 644 3376 vitam
670 3322 1030 3389 aeternam,in
1060 3340 1169 3395 qua
1198 3324 1508 3379 videbimus
1527 3325 1708 3380 Deum
1728 3324 1871 3379 facie
1951 3341 2064 3379 non
2090 3329 2239 3378 esset
2266 3320 2527 3376 sacerdos
2554 3320 2754 3373 offerre
2804 3319 3024 3389 dignus,
3059 3324 3118 3374 et
3149 3319 3277 3375 ideo
3302 3321 3547 3376 mundus

260 3411 329 3465 ad
360 3411 592 3465 faciem.
626 3410 731 3464 Vel
755 3427 991 3482 sponsor
1008 3419 1096 3467 est
1118 3412 1258 3467 Novi
1280 3414 1629 3468 Testamenti
1667 3429 1869 3469 secun-
1950 3413 2092 3468 bene
2118 3411 2322 3466 obtulit
2338 3409 2569 3464 mundo.

261 3497 399 3553 dum
436 3498 810 3568 divinitatem,
857 3501 991 3571 quia
1024 3501 1217 3557 omnia
1246 3519 1369 3573 quae
1412 3504 1582 3558 Pater
1622 3503 1772 3570 facit,
1813 3508 1871 3558 et
2023 3501 2075 3558 5.
2113 3502 2439 3557 Calatiam.
2472 3495 2734 3553 Ccelestia
2772 3499 2935 3549 vocat
2974 3501 3306 3567 praesentem
3336 3497 3548 3554 Christi

264 3586 386 3658 ipse
415 3588 573 3642 facit.
1892 3583 2281 3654 BEcclesiam,
2309 3588 2468 3658 cujus
2500 3602 2631 3658 pars
2670 3590 2759 3639 est
2784 3583 2842 3637 in
2880 3584 3069 3648 ccelis:
3112 3602 3241 3655 pars
3290 3592 3554 3642 secutura

334 3676 432 3733 20.
456 3679 710 3732 Alanos.
743 3679 889 3733 Unde
908 3687 957 3734 et
974 3682 1205 3734 salvare.
1232 3680 1369 3745 Quis
1390 3685 1475 3734 est
1491 3680 1583 3751 qui
1609 3680 1872 3751 interpel-
1958 3679 2141 3733 adhuc
2158 3675 2550 3749 peregrinatur
2573 3674 2631 3727 in
2659 3672 2845 3726 terris.
2875 3673 3031 3727 Hanc
3058 3673 3378 3744 ﬁgurabant
3400 3693 3556 3747 quaa-

264 3765 369 3834 lat,
393 3765 510 3820 nisi
532 3766 1020 3822 humanaenaturze
1040 3769 1321 3823 divinitati
1350 3770 1690 3839 conjunctio,
1707 3785 1875 3840 quam
1959 3784 2181 3838 cunque
2208 3767 2264 3820 in
2291 3762 2658 3820 sacramentis
2694 3761 2917 3815 Veteris
2951 3763 3297 3818 Testamenti
3322 3764 3552 3821 ﬁebant.

263 3862 512 3926 paterno
536 3856 678 3910 solio
708 3857 934 3912 advexit
958 3875 1317 3930 semper......
1447 3860 1515 3913 ad
1548 3860 1877 3914 salvandum
1960 3858 2117 3913 Sicut
2147 3856 2321 3910 alias:
2357 3856 2477 3908 [lare
2505 3855 2692 3906 omnia
2725 3854 2788 3905 in
2802 3853 2987 3918 ﬁgura
3015 3854 3549 3919 contingebantillis.

262 3944 543 3999 idoneos?
595 3945 706 4000 Alii
754 3947 1069 4017 pontiﬁces,
1100 3948 1235 4019 quia
1281 3965 1505 4020 semper
1531 3966 1644 4003 non
1695 3954 1875 4014 erant,
2033 3946 2081 4002 6.
2116 3946 2429 4013 Ermnptar.
2458 3941 2754 4011 Exemplar
2778 3944 3022 4001 vocatur,
3047 3944 3105 3993 et
3133 3940 3272 3994 illud
3301 3942 3446 4012 quod
3470 3944 3554 4006 ﬁt,

259 4048 495 4104 semper
519 4050 635 4088 non
681 4033 1154 4107 interpellabant;
1183 4037 1275 4092 hic
1299 4054 1410 4093 non
1437 4038 1619 4093 solum
1666 4037 1727 4092 in
1776 4038 1881 4092 hac
1961 4041 2019 4091 et
2044 4034 2179 4090 illud
2228 4033 2295 4086 ad
2343 4032 2504 4102 cujus
2555 4028 2979 4084 similitudinem
3022 4028 3233 4099 aliquid
3292 4031 3372 4095 ﬁt,
3414 4030 3560 4085 sicut
3610 4098 3615 4101 _

258 4122 382 4175 vita
396 4122 584 4176 salvat
602 4139 703 4194 per
722 4123 1236 4196 interpellationem
1258 4126 1876 4191 humanitatissuae,sed
1960 4124 2190 4196 species,
2223 4122 2432 4192 imago,
2454 4121 2654 4190 ﬁgura,
2673 4116 2999 4171 similitudo.

215 4206 225 4215 ’
263 4210 448 4264 etiam
478 4211 536 4265 in
554 4211 746 4267 futuro
774 4213 1070 4284 gloriﬁcat,
1100 4215 1234 4270 dum
1276 4215 1464 4269 tradet
1502 4231 1737 4286 regnum
1764 4215 1881 4269 Deo
2032 4211 2087 4268 7.
2117 4212 2382 4267 Melioris.
2424 4205 2673 4262 Melioris
2704 4210 3106 4259 testamentum
3145 4211 3303 4260 vocat
3346 4223 3555 4277 prmce-

261 4304 326 4353 et
359 4298 545 4367 Patri,
572 4306 630 4355 et
656 4301 929 4372 perducet
962 4308 1184 4359 sanctos
1227 4303 1300 4358 ad
1326 4303 1591 4359 visionem
1635 4309 1883 4375 paterna:
1965 4306 2064 4373 pta
2094 4292 2435 4369 evangelica,
2460 4312 2559 4365 per
2578 4310 2816 4365 quorum
2844 4293 3255 4348 observantiam
3273 4295 3559 4365 promitti-

257 4389 612 4459 majestatis.
1836 4399 1845 4407 '
1946 4397 2061 4444 -tur
2087 4405 2218 4443 vera
2232 4386 2456 4457 justitia
2484 4389 2541 4439 et
2558 4384 2672 4437 vita
2700 4388 2928 4449 aeterna,
2960 4383 3065 4437 hoc
3115 4388 3201 4438 est
3232 4384 3381 4438 enim
3412 4384 3562 4456 quod

329 4476 403 4534 21
419 4476 650 4533 .Lura.
678 4479 782 4533 Per
795 4483 1162 4550 semetipsum.
1200 4479 1332 4553 Ipse
1361 4481 1691 4536 Salvatorin
1710 4481 1887 4537 Evan-
1969 4478 2225 4550 sequitur
2256 4495 2268 4531 :
2301 4477 2453 4544 Quod
2481 4477 2543 4527 in
2571 4474 2912 4536 melioribus,
2943 4478 3049 4527 etc.

262 4566 427 4638 gelio
456 4564 592 4620 dicit
627 4586 639 4620 :
684 4568 857 4623 Nemo
891 4573 1038 4624 venit
1075 4572 1150 4625 ad
1204 4573 1443 4632 Patrem,
1504 4572 1621 4624 nisi
1651 4586 1750 4639 per
1804 4584 1889 4623 me
2039 4567 2094 4625 8.
2137 4568 2460 4634 l’itupcrans
2497 4565 2668 4617 enim.
2703 4560 2909 4617 Probat
2963 4562 3286 4633 prephetica
3324 4564 3565 4619 auctori-

252 4658 456 4727 (Joan.
483 4654 617 4726 xw).
638 4656 709 4711 Et
726 4656 898 4713 alias:
925 4660 1035 4727 Ego
1052 4676 1179 4713 sum
1200 4663 1425 4723 ostium;
1447 4675 1549 4729 per
1577 4676 1661 4713 mc
1689 4662 1741 4713 si
1765 4661 1889 4729 quis
1969 4661 2087 4712 tate
2135 4654 2267 4727 quia
2314 4652 2501 4708 saeculi
2552 4652 2707 4705 locus
2753 4649 3075 4721 inquiritur.
3113 4652 3337 4716 Quanta
3373 4658 3562 4709 autem

258 4747 582 4809 introierit,
606 4747 924 4801 satoabitur
949 4750 1124 4814 (Joan.
1152 4750 1235 4818 Χ).
1970 4746 2220 4800 locorum
2250 4748 2307 4797 et
2334 4740 2779 4812 disputationum
2816 4739 3126 4794 subtilitate
3182 4741 3268 4797 hze
3318 4742 3567 4813 epistola:

334 4833 437 4889 2‘2.
463 4834 714 4891 Alanos.
770 4837 1047 4891 Escelsior
1080 4840 1284 4905 factus.
1318 4836 1462 4902 Quia
1490 4836 1730 4892 adorant
1758 4852 1885 4891 eum
1972 4836 2150 4907 plenae
2198 4833 2330 4899 sint,
2367 4832 2515 4899 (licet
2542 4830 2660 4902 ipse
2688 4830 2988 4901 Apostolus
3016 4830 3075 4885 in
3130 4831 3423 4887 scribendo
3452 4850 3566 4888 non

259 4937 472 4977 omnes
496 4923 685 4993 angeli
716 4924 838 4979 Dei.
1972 4928 2212 4985 curaret,
2238 4921 2357 4993 ipse
2381 4920 2528 4975 enim
2558 4919 2615 4973 in
2664 4919 2943 4990 sapientia
2968 4919 3123 4975 verbi
3152 4925 3209 4975 et
3254 4921 3566 4977 subtilitate

334 5009 437 5068 ‘23.
472 5011 682 5067 Lassa.
703 5015 810 5068 Lex
827 5017 1000 5070 enim.
1026 5014 1193 5070 Ratio
1224 5031 1326 5070 cur
1343 5014 1663 5070 sacerdotes
1693 5030 1890 5070 neces-
1909 5022 1953 5082 ο
1972 5027 2292 5067 sermonum
2323 5026 2382 5064 se
2417 5025 2529 5063 non
2548 5007 2704 5079 loqui
2733 5009 2872 5063 alias
2891 5011 3469 5081 testatur),perspicax
3492 5011 3567 5065 le-

263 5097 507 5153 sitatem
554 5098 803 5155 habeant
847 5102 1097 5173 quotidie
1127 5119 1228 5175 pro
1258 5102 1374 5159 suis
1404 5102 1622 5158 delictis
1677 5102 1890 5157 sacriﬁ-
1973 5107 2095 5156 ctor
2114 5101 2320 5173 poterit
2340 5097 2849 5152 invenire.Summa
2876 5098 3272 5169 disputationis
3287 5098 3366 5152 sic
3383 5115 3442 5152 se
3463 5099 3569 5152 ha-

264 5187 469 5253 candi;
501 5187 758 5244 Christus
787 5196 977 5246 autem
1006 5208 1139 5248 non.
1973 5191 2067 5245 bet
2093 5209 2104 5245 :
2126 5191 2189 5246 Si
2211 5189 2356 5243 illud
2376 5190 2539 5257 prius
2587 5190 2750 5255 culpa
2780 5192 3034 5252 vacasset,
3057 5188 3245 5240 saeuli
3272 5189 3417 5240 locus
3456 5202 3568 5240 non

342 5274 516 5331 CAP.
534 5276 686 5332 VIII.
726 5309 789 5319 —
817 5278 1126 5337 laniones.
1152 5282 1473 5351 Capitulum
1516 5288 1724 5336 autem.
1748 5281 1894 5337 Pt‘tB-
1976 5277 2814 5349 inqm'reretmituperansenim,
2838 5275 3113 5328 etc.Prius
3130 5289 3261 5343 ergo
3281 5274 3444 5344 culpa
3457 5291 3568 5329 non

267 5364 538 5420 cedentis
578 5366 964 5439 dispositionis
1008 5370 1420 5443 recapitulatio,
1454 5371 1525 5426 ad
1553 5387 1671 5425 rem
1712 5371 1893 5442 ipsam
1974 5366 2269 5433 vacavit,id
2291 5371 2394 5429 est,
2414 5363 2696 5419 hominem
2712 5364 2919 5433 aculpa
2932 5360 3428 5433 perfecteliberare
3457 5379 3568 5417 non

267 5455 571 5510 deducens
598 5457 934 5513 auditorem.
1974 5457 2175 5529 potuit,
2208 5455 2352 5510 sicut
2373 5458 2601 5509 econtra
2628 5452 2698 5506 de
2730 5453 2884 5506 Novo
2928 5451 3289 5504 Testamento
3315 5450 3524 5505 dicitur
3555 5470 3567 5506 :

340 5541 406 5600 ‘2.
436 5542 645 5598 Laure.
663 5545 984 5616 Capitulum
1011 5551 1220 5604 autem.
1244 5550 1568 5623 Capitulum
1590 5553 1678 5603 est
1707 5547 1889 5604 brevis
1973 5547 2302 5602 Mandatum
2322 5546 2438 5598 sine
2451 5543 2693 5605 macula;
2707 5544 2764 5595 et
2788 5541 2923 5594 πιθα)
2943 5540 3171 5594 Domini
3180 5540 3571 5617 immaculata.

527 5644 791 5708 Parnm.
839 5646 958 5709 GL.
3257 5634 3331 5700 i3
