3978 6174
512 282 619 354 395
1500 295 1564 349 B.
1603 282 2019 351 LANFRANCI
2058 286 2418 352 CANTUAR.
2459 294 2798 353 ARCHIEP.
3634 306 3725 363 395

500 406 844 509 plauserunt
864 419 923 486 in
945 422 1286 503 testamento
1330 435 1474 487 meo,
1500 425 1557 474 et
1586 437 1689 504 ego
1720 422 1939 504 neglexi
1970 437 2084 485 eos,
2114 420 2249 475 dicit
2274 418 2567 507 Dominus,
2600 423 2731 494 quia
2750 423 2855 477 hoc
2875 427 2962 477 est
2989 426 3383 491 testamentum
3401 426 3536 497 quod
3558 428 3725 500 disPo-

512 500 646 565 nam
667 500 859 563 domui
880 506 1054 563 Israel
1075 513 1200 579 post
1221 500 1340 561 dies
1369 508 1518 579 illos,
1543 500 1689 563 dicit
1718 500 2020 564 Dominus:
2065 511 2261 565 Dando
2283 500 2432 582 leges
2453 529 2608 566 meas
2634 513 2691 565 in
2708 518 2955 567 mentem
2982 529 3195 578 eorum,
3228 519 3283 568 et
3309 514 3362 567 in
3381 516 3534 570 corde
3558 534 3729 574 eorum

516 584 929 671 superscribam
951 613 1067 661 eas,
1090 602 1146 651 et
1169 613 1263 650 ero
1293 597 1373 652 eis
1404 598 1463 651 in
1494 599 1691 659 Deum,
1731 605 1789 652 et
1817 599 1921 671 ipsi
1955 606 2124 653 erunt
2151 599 2288 652 mihi
2306 600 2364 655 in
2387 602 2676 673 p0pu1um,
2709 608 2765 654 et
2790 618 2902 654 non
2934 601 3153 655 docebit
3182 604 3545 675 unusquisque
3574 609 3729 676 proxi-

512 704 670 741 mum
692 703 877 767 suum,
911 692 968 767 et
998 686 1387 757 unusquisque
1418 687 1653 740 fratrem
1686 703 1872 753 suum,
1929 688 2120 741 dicens
2156 700 2168 734 ε
2211 690 2495 759 Cognosce
2544 689 2865 753 Dominum,
2899 691 3162 761 quoniam
3208 708 3394 745 omnes
3421 693 3585 747 scient
3609 711 3734 749 mea

512 762 731 861 minore
756 762 935 845 usque
952 763 1022 829 ad
1060 776 1337 844 majorem
1368 792 1585 855 eorum,
1611 776 1746 846 quia
1764 776 2041 847 propitius
2061 794 2156 832 ero
2185 777 2578 846 iniquitatibus
2595 795 2808 844 eorum,
2836 783 2893 832 et
2922 786 3277 849 peccatorum
3305 796 3489 834 eorum
3513 783 3622 850 jam
3639 799 3732 836 non

426 886 435 891 ·
512 856 887 939 memorabor.
912 863 962 919 9.
994 856 1238 918 Dicendo
1268 869 1459 918 autem
1487 880 1714 931 novum,
1746 865 2017 919 veteravit
2041 866 2219 936 prius.
2245 866 2405 931 Quod
2434 873 2623 921 autem
2662 867 2993 939 antiquatur
3028 874 3085 922 et
3127 869 3361 923 senescit
3387 885 3550 940 prOpe
3577 870 3733 924 inter-

510 944 655 1010 itum
684 960 789 1009 est.

1958 1060 2194 1116 CAPUT
2221 1062 2314 1116 IX.

580 1187 794 1244 Habuit
813 1189 1041 1261 quidem
1067 1194 1125 1244 et
1150 1189 1305 1261 prius
1322 1187 1754 1259 justiﬁcationes
1785 1189 2039 1251 culturae,
2063 1193 2121 1241 et
2140 1193 2395 1240 sanctum
2421 1187 2470 1243 1.
2503 1189 2789 1243 saeculare.
2822 1187 3267 1243 Tabernaculum
3293 1188 3436 1243 enim
3462 1189 3654 1244 factum
3666 1196 3739 1244 est

508 1270 776 1350 primum,
800 1277 860 1332 in
890 1286 999 1349 quo
1015 1283 1179 1331 erant
1208 1276 1564 1339 candelabra,
1588 1281 1645 1329 et
1662 1293 1876 1342 mensa,
1909 1282 1966 1330 et
1989 1276 2295 1347 propositio
2320 1292 2552 1348 panum,
2584 1294 2705 1348 quae
2730 1277 2936 1331 dicitur
2964 1277 3187 1332 Sancta.
3233 1277 3369 1331 Post
3395 1278 3740 1332 Velamentum

508 1358 697 1422 autem
715 1367 1040 1431 secundum,
1065 1365 1514 1429 tabernaculum,
1552 1365 1700 1435 quod
1729 1365 1951 1431 dicitur,
1986 1366 2192 1420 Sancta
2220 1371 2563 1433 sanctorum;
2602 1383 2837 1420 aureum
2865 1366 3080 1421 habens
3110 1365 3476 1433 thuribulum,
3499 1370 3554 1420 et
3575 1370 3740 1419 arcam

507 1457 832 1510 testamenti
859 1456 1278 1509 circumtectam
1311 1471 1376 1507 ex
1408 1454 1560 1507 omni
1591 1460 1748 1524 parte
1776 1470 1930 1518 auro,
1979 1456 2037 1508 iu
2070 1471 2181 1525 qua
2211 1470 2356 1507 urna
2399 1472 2573 1509 aurea
2626 1450 2837 1509 habens
2876 1473 3103 1522 manna,
3135 1462 3192 1510 et
3230 1456 3387 1525 virga
3412 1457 3606 1519 Aaron,
3637 1472 3741 1525 qua:

509 1546 631 1611 ππ
648 1546 683 1609 Ι
701 1544 1113 1610 fronduerat,et
1126 1538 1331 1596 tabula:
1349 1547 1548 1596 testam
1558 1542 1982 1613 enti,superque
1994 1559 2116 1596 eam
2137 1551 2299 1597 erant
2314 1544 2616 1598 Cherubim
2638 1545 2839 1615 gloriae
2857 1545 3253 1599 obumbrantia
3282 1543 3704 1615 propitiatorium
3724 1563 3734 1603 ;

506 1631 575 1686 d'e
596 1632 801 1703 quibus
830 1642 944 1686 non
974 1638 1059 1686 est
1087 1632 1252 1685 modo
1282 1628 1582 1686 dicendum
1610 1648 1712 1702 per
1740 1632 1982 1701 singula.
2031 1631 2131 1686 His
2182 1648 2313 1686 vero
2329 1619 2421 1686 ita
2479 1632 2824 1704 compositis,
2858 1634 2915 1686 in
2945 1633 3118 1703 priori
3147 1634 3373 1704 quidem
3412 1631 3741 1686 tabernaculo

504 1739 729 1793 semper
756 1721 1069 1776 introibant
1096 1722 1430 1786 sacerdotes,
1457 1722 1865 1777 sacriﬁciorum
1896 1721 2079 1775 ofﬁcia
2100 1728 2587 1789 consummantes;
2620 1722 2701 1775 ita
2729 1722 2970 1776 secundo
2997 1728 3185 1776 autem
3218 1722 3390 1776 semel
3427 1721 3483 1774 in
3508 1736 3643 1774 anno
3664 1737 3741 1774 so-

504 1812 592 1865 lus
612 1810 1007 1882 pontifex,non
1038 1810 1157 1863 sine
1182 1810 1477 1879 sanguine,
1509 1825 1673 1880 quem
1701 1809 1865 1863 oﬂ'ert
1892 1826 1994 1880 pro
2020 1825 2124 1863 sua
2153 1815 2212 1863 et
2230 1810 2423 1880 pepuli
2452 1810 2791 1880 ignorantia,
2813 1810 2919 1864 hoc
2948 1811 3301 1880 signiﬁCante
3333 1809 3539 1880 Spiritu
3569 1812 3740 1862 sancto

502 1888 753 1955 nondum
778 1900 1125 1971 propalatam
1151 1898 1669 1954 esse2.sanctorum
1704 1896 1874 1967 viam,
1895 1899 2078 1952 adhuc
2104 1897 2153 1953 3.
2163 1899 2350 1969 priore
2380 1899 2743 1954 tabernaculo
2767 1900 3009 1954 habente
3031 1906 3261 1954 statum.
3285 1900 3418 1964 Quae
3448 1896 3750 1969 4.parabola

503 1992 588 2044 est
623 1987 897 2059 temporis
925 1986 1207 2049 instantis,
1230 1987 1391 2055 juxta
1424 2003 1593 2057 quam
1616 2002 1853 2039 munera
1885 1993 1942 2040 et
1969 1986 2163 2041 hostiae
2203 1989 2531 2048 offeruntur.
2565 2005 2687 2058 qua:
2712 2005 2822 2042 non
2860 1997 3097 2059 possunt
3119 1990 3277 2058 juxta
3305 1989 3354 2042 5.
3380 1986 3747 2041 conscientiam

502 2073 811 2150 perfectum
842 2076 1024 2129 facere
1053 2075 1389 2129 servientem
1423 2075 1775 2129 solummodo
1796 2076 1854 2128 in
1885 2075 2108 2139 cibis,et
2126 2076 2185 2129 in
2214 2077 2457 2147 potibus,
2477 2082 2534 2131 et
2558 2077 2727 2131 variis
2756 2076 3205 2148 baptismatibus,
3230 2083 3289 2131 et
3313 2076 3546 2148 ju’stitiis
3563 2074 3745 2138 carnis,

498 2166 678 2236 usque
699 2165 769 2218 a'd
795 2169 1019 2235 tempus
1048 2162 1407 2217 correctionis
1438 2162 1736 2232 impositis.
1771 2164 2031 2217 Christus
2056 2170 2247 2218 autem
2278 2166 2545 2221 assistens
2576 2165 2821 2237 pontifex
2850 2166 3167 2221 futurorum
3196 2166 3495 2231 bonorum,
3528 2181 3622 2235 per
3639 2178 3747 2216 am-

498 2256 647 2327 plius
672 2259 730 2309 et
756 2253 1055 2325 perfectius
1086 2250 1139 2307 6.
1171 2251 1600 2305 tabernaculum
1627 2269 1741 2306 non
1773 2254 2177 2319 manufactum,
2208 2253 2265 2307 id
2296 2261 2399 2316 est,
2429 2272 2541 2308 non
2569 2255 2736 2325 hujus
2766 2255 3084 2321 creationis,
3107 2272 3292 2324 neque
3313 2271 3415 2325 per
3441 2252 3750 2323 sanguinem

499 2344 783 2398 hircorum
815 2347 915 2397 aut
944 2341 1268 2406 vitulorum,
1293 2341 1392 2394 sed
1421 2358 1524 2411 per
1552 2342 1847 2413 pr0prium
1875 2342 2229 2411 sanguinem,
2265 2342 2517 2397 introivit
2544 2344 2718 2397 semel
2747 2343 2863 2397 7.in
2893 2344 3117 2408 Sancta,
3142 2349 3356 2397 aeterna
3386 2339 3749 2410 redemptione

497 2432 823 2489 inventa.Si
850 2431 999 2485 enim
1019 2431 1250 2501 sanguis
1281 2429 1568 2484 hircorum
1598 2438 1652 2484 et
1681 2436 1995 2496 taurorum,
2025 2437 2082 2485 et
2116 2431 2256 2485 cinis
2284 2433 2471 2486 vitulae
2502 2450 2783 2503 aspersus,
2804 2433 3129 2503 inquinatos
3155 2432 3474 2487 sanctiﬁcat
3491 2430 3560 2484 ad
3575 2444 3749 2483 emun-

495 2521 781 2577 dationem
794 2519 1218 2590 carnis,quanto
1238 2520 1417 2588 magis
1433 2520 1665 2589 sanguis
1683 2519 2015 2590 Christi.qui
2045 2536 2145 2590 per
2164 2520 2433 2589 Spiritum
2459 2525 2714 2574 sanctum
2740 2521 3105 2591 semetipsum
3119 2520 3328 2574 obtulit
3343 2518 3750 2574 immaculatum

494 2609 970 2677 Deo,emundabit
992 2607 1393 2662 conscientiam
1415 2606 1746 2664 nostram8.
1772 2607 1841 2661 ab
1873 2607 2140 2678 operibus
2188 2609 2443 2673 mortuis,
2477 2610 2547 2663 ad
2585 2610 2939 2664 serviendum
2968 2611 3085 2664 Deo
3111 2609 3366 2664 viventi?
3395 2610 3465 2663 Et
3492 2607 3612 2661 ideo
3631 2602 3745 2658 novi

494 2699 821 2755 testamenti
836 2698 888 2753 9.
924 2697 1201 2751 mediator
1217 2702 1393 2764 est,ut
1409 2696 1498 2750 10.
1536 2702 1715 2751 morte
1745 2696 2139 2750 intercedente
2165 2697 2612 2767 redemptionem
2669 2714 2864 2751 earum
2893 2696 3419 2768 praevaricationum
3455 2712 3579 2767 quae
3608 2696 3755 2748 erant

491 2789 597 2844 sub
612 2788 786 2861 priori
805 2792 1150 2842 testamento
1169 2785 1660 2856 repromissionem
1681 2786 1984 2856 accipiant,
2010 2784 2105 2855 qui
2137 2785 2313 2839 vocati
2334 2775 2722 2851 sunt,teternae
2751 2787 3113 2840 imreditatis.
3152 2785 3171 2842 1
3194 2785 3237 2842 ι.
3262 2786 3373 2841 Ubi
3402 2786 3553 2840 enim
3590 2786 3750 2836 testa-

491 2884 745 2934 mentum
767 2883 874 2943 est,
907 2893 1059 2931 mors
1075 2890 1303 2930 necesse
1333 2880 1419 2928 est
1446 2875 1758 2928 intercedat
1789 2874 2524 2928 testatoris.Testamentum
2556 2875 2705 2929 enim
2741 2873 2823 2930 12.
2856 2876 2915 2928 in
2945 2874 3182 2929 mortuis
3211 2876 3611 2928 conﬁrmatum
3633 2875 3714 2923 est
3745 2887 3754 2921 :

496 2968 746 3038 alioquin
765 2967 1013 3021 nondum
1030 2966 1197 3028 valet,
1215 2965 1350 3018 dum
1373 2964 1503 3016 vivit
1520 2963 1616 3032 qui
1636 2968 1878 3017 testatus
1891 2968 1995 3017 est.
2014 2964 2175 3018 Unde
2204 2979 2306 3017 nec
2335 2964 2582 3033 primum
2603 2964 2833 3034 quidem
2861 2964 2982 3018 sine
2995 2963 3272 3033 sanguine
3304 2963 3625 3017 dedicatum
3652 2964 3749 3012 est.

500 3057 689 3111 Lectio
719 3056 871 3110 enim
899 3055 1054 3109 omni
1082 3053 1349 3107 mandato
1378 3052 1519 3122 legis
1545 3069 1580 3106 a
1612 3052 1807 3123 Moyse
1837 3053 2099 3106 universo
2138 3053 2362 3122 populo,
2396 3053 2674 3124 accipiens
2695 3053 3027 3123 sanguinem
3052 3052 3363 3105 vitulorum
3393 3056 3454 3113 et
3484 3048 3753 3103 hircorum

494 3160 627 3199 eum
653 3160 822 3214 aqua,
854 3148 912 3196 et
938 3142 1070 3196 lana
1093 3141 1350 3195 coccinea
1378 3146 1436 3194 et
1462 3141 1704 3211 hyssopo
1753 3141 1936 3211 ipsum
1991 3157 2210 3211 quoque
2236 3140 2442 3196 librum
2471 3147 2530 3196 et
2555 3159 2779 3197 omnem
2805 3143 3071 3213 populum
3102 3141 3367 3212 aspersit.
3397 3139 3589 3193 dicens
3620 3153 3631 3188 :
3668 3131 3762 3187 Hic

492 3233 731 3304 sanguis
757 3230 1083 3295 testamenti
1102 3231 1250 3300 quod
1281 3229 1569 3283 mandavit
1588 3229 1659 3282 ad
1688 3246 1784 3284 vos
1806 3230 1973 3283 Deus.
2009 3230 2194 3284 Etiam
2225 3228 2646 3285 tabernaculum
2671 3238 2728 3285 et
2755 3236 2945 3301 ππςι
2973 3230 3162 3285 omnia
3189 3224 3767 3283 vasaministeriisan-

492 3322 667 3392 guine
687 3319 952 3374 similiter
979 3318 1318 3388 aspersit.Et
1340 3316 1532 3371 omnia
1548 3332 1690 3386 pene
1712 3317 1772 3369 in
1810 3317 2084 3388 sanguine
2113 3319 2419 3373 secundum
2464 3321 2649 3391 legem
2688 3320 3055 3387 mundantur,
3084 3324 3142 3373 et
3166 3318 3291 3372 sine
3314 3315 3608 3387 sanguinis
3634 3312 3763 3367 ellu-

500 3410 657 3465 sione
690 3426 805 3464 non
831 3410 897 3462 ﬁt
917 3407 1194 3462 remissio.
1225 3408 1467 3461 Necesse
1493 3412 1579 3461 est
1597 3422 1730 3477 ergo
1758 3408 2101 3478 exemplaria
2130 3408 2355 3478 quidem
2384 3409 2696 3464 caelestium
2724 3409 2814 3463 his
2846 3407 3130 3473 mundari,
3152 3406 3280 3477 ipsa
3308 3412 3507 3460 autem
3534 3397 3770 3457 caelestia

1901 3532 2498 3590 COMMENTARIUS.

563 3644 874 3722 9.1}1'c‘endo
890 3649 1312 3719 antemnarum.
1337 3640 1425 3696 Ita
1454 3646 1587 3721 sunt
1607 3639 1755 3695 inter
1778 3657 1838 3694 se
1856 3637 2090 3721 ANovum
2110 3646 2152 3700 A
2246 3637 2298 3695 7.
2330 3642 2397 3693 In
2426 3641 2648 3695 Sancta.
2668 3637 2907 3712 Exponit
2926 3638 3074 3711 quod
3102 3636 3368 3708 superius
3390 3631 3672 3689 vocaverit
3695 3635 3769 3683 ta-

494 3740 553 3811 et
568 3732 763 3800 Vetus,
787 3734 932 3788 sicut
949 3748 1217 3802 magnum
1247 3737 1304 3785 et
1332 3746 1591 3803 parvum.
1632 3730 2090 3800 Quotiescunque
2173 3728 2539 3784 bernaculum
2568 3747 2683 3784 non
2711 3727 3115 3795 manufactum,
3146 3724 3414 3780 videlicet
3442 3728 3636 3779 sancta
3649 3734 3771 3774 san-

495 3825 792 3880 eninrduae
816 3840 907 3877 res
935 3824 1086 3876 inter
1114 3838 1173 3876 se
1215 3820 1598 3883 conferuntur,
1642 3820 1691 3874 si
1722 3836 1835 3874 una
1864 3823 2096 3873 vocatur
2176 3823 2393 3872 ctorum
2423 3819 2686 3873 cmlestia.

497 3931 658 3977 nova,
687 3913 868 3983 altera
894 3916 1091 3979 vetus;
1126 3916 1183 3964 et
1208 3916 1454 3964 econtra.

567 3985 725 4062 CAP.
756 4003 853 4059 IX.
877 3984 1239 4057 —1.Lx1vra.
1265 4000 1555 4054 Sarcutare.
1602 3998 1948 4053 Sacriﬁcium
2001 4000 2094 4054 Ju-

494 4094 745 4149 dzeorum
769 4096 927 4145 vocat
957 4089 1241 4161 saeculare,
1272 4088 1358 4141 vel
1383 4087 1519 4158 quia
1544 4087 1950 4152 transitorium,
1987 4087 2095 4141 sic-

496 4188 562 4237 ut
583 4181 773 4237 omnia
802 4197 925 4256 quae
954 4179 1123 4255 hujus
1152 4176 1341 4231 smculi
1367 4181 1518 4242 sunt,
1543 4177 1627 4230 vel
1648 4177 1850 4255 quiain
1863 4177 2091 4231 modum

496 4272 767 4343 temporis
788 4268 1025 4343 singulis
1045 4267 1208 4321 annis
1234 4266 1431 4321 eadem
1458 4265 1875 4337 repetebantur.

567 4360 622 4417 2.
655 4362 988 4431 Sanctorum
1016 4360 1188 4433 piam.
1224 4356 1557 4411 Sanctorum
1602 4344 1693 4409 via
1745 4360 1832 4410 est
1859 4358 1943 4411 vel
1975 4348 2094 4428 ipse

498 4449 773 4513 Christus,
805 4448 892 4500 vel
922 4444 1229 4517 spiritualis
1257 4444 1634 4514 intelligentia
1654 4444 1820 4514 legis.

565 4537 835 4591 3.Priore.
867 4534 1029 4597 Prius
1057 4532 1488 4609 tabernaculum
1518 4538 1605 4586 est
1624 4534 1867 4589 carnalis
1896 4535 2098 4589 intelli-

495 4624 687 4697 gentia
714 4630 771 4678 et
798 4622 1152 4677 observantia
1180 4622 1340 4692 legis;
1365 4622 1693 4689 secundum,
1716 4610 2043 4696 spiritualis.

2177 4091 2481 4147 mortuum,
2506 4086 2922 4141 contaminatur
2942 4102 3043 4156 per
3068 4082 3500 4139 conscientiam.

2175 4350 2280 4406 bus
2310 4353 2525 4410 attulit.

496 4798 743 4876 praesens
770 4808 1012 4877 tempus,
1032 4800 1092 4854 in
1113 4817 1222 4871 quo
1246 4800 1493 4877 Ecclesia
1522 4794 1730 4854 Christi
1757 4802 2025 4857 fundatur
2037 4808 2093 4856 et
2114 4797 2493 4877 _redi_meret.

442 4946 443 4949 η
495 4892 683 4964 gratia
704 4891 844 4968 Novi
871 4890 1216 4946 Testamenti
1238 4890 1598 4962 praedicatur,
1626 4890 1922 4961 signiﬁcat.

567 4983 620 5037 5.
682 4982 1104 5035 Conscientiam.
1155 4980 1323 5055 Juxta
1376 4979 1775 5034 conscientiam
1826 4980 1978 5045 dicit,
2006 4982 2092 5035 vel

495 5071 628 5144 quia
654 5068 863 5141 legales
881 5069 1076 5131 hostiae
1123 5073 1357 5139 peccata
1387 5068 1790 5141 cogitationum
1821 5085 1933 5123 non
1956 5086 2092 5138 pur—

491 5163 722 5235 gabant,
751 5161 837 5214 vel
863 5160 996 5231 quia
1015 5158 1085 5215 ab
1122 5158 1314 5213 anima
1351 5157 1751 5211 conscientiam
1787 5156 2093 5227 perpetrati

490 5251 718 5325 sceleris
744 5249 991 5321 perfecte
1019 5247 1344 5317 abstergere
1372 5262 1484 5299 non
1508 5250 1792 5316 poterant.

563 5341 617 5396 6.
655 5340 1113 5393 Tabernaculum.
1141 5335 1590 5389 Tabernaculum
1645 5333 1797 5403 quod
1837 5332 2092 5387 Christus

488 5427 760 5498 introivit,
806 5431 966 5481 vocat
993 5425 1214 5497 caelum,
1267 5422 1417 5493 quod
1448 5422 1792 5494 peramplius
1831 5427 1889 5476 et
1916 5422 2091 5492 perfe-

488 5518 634 5589 ctius
663 5520 750 5589 est
775 5531 946 5588 quam
974 5513 1115 5586 illud
1144 5511 1471 5587 Judaeorum
1493 5511 1921 5566 tabernaculum
1941 5510 2091 5583 quod

486 5603 759 5659 vocabant
786 5603 991 5661 Sancta
1011 5605 1357 5657 sanctorum.

2175 5153 2354 5207 riente
2383 5172 2494 5209 non
2515 5155 2793 5209 conditur.

2249 3904 2302 3963 8.
2333 3911 2586 3962 Amnaos.
2618 3909 2697 3963 Ab
2726 3910 2994 3977 operibus.
3030 3906 3088 3962 Si
3128 3906 3251 3979 quis
3273 3901 3557 3974 tangebat
3583 3912 3774 3969 corpus

2176 4002 2481 4059 mortuum,
2515 3995 2891 4079 polluebatur;
2925 4002 2981 4051 et
3003 3996 3093 4050 hic
3124 3993 3171 4049 si
3204 3995 3333 4065 quis
3364 3989 3624 4062 tetigerit
3646 3999 3777 4058 opus

2246 4172 2298 4231 9.
2320 4176 2527 4229 [ΔΝΜ.
2551 4176 2820 4229 Mcclz'ator
2840 4181 2931 4229 est.
2964 4175 3030 4230 In
3051 4190 3116 4228 eo
3137 4170 3289 4245 quod
3318 4171 3496 4226 homo
3525 4173 3631 4234 est,
3657 4162 3779 4220 novi

2173 4262 2519 4317 Testamenti
2549 4262 2824 4317 mediator
2844 4262 2980 4333 fuit;
3033 4261 3164 4333 quia
3192 4261 3385 4332 legem
3417 4258 3526 4315 Dei
3553 4248 3782 4312 homini-

2249 4438 2343 4498 10.
2374 4443 2545 4494 Morte
2563 4442 2943 4495 intercedente.
2969 4439 3229 4494 Christus
3248 4444 3522 4493 mortuus
3542 4440 3647 4502 est,
3678 4447 3784 4487 non

2179 4531 2360 4586 solum
2386 4535 2451 4584 ut
2472 4535 2688 4600 gentes,
2751 4529 2850 4583 sed
2903 4534 2961 4582 et
2995 4529 3238 4598 Judaeos,
3277 4536 3404 4583 tam
3438 4527 3595 4609 vivos
3623 4538 3784 4611 quam

2175 4625 2445 4684 mortuos,
2480 4620 2551 4672 ad
2568 4619 2737 4672 vitam
2758 4625 3025 4673 aeternam
3060 4618 3504 4691 praedestinatos
3527 4635 3563 4671 a
3590 4628 3789 4687 praeva-

566 4714 899 4769 LParabola
918 4717 1015 4777 est.
1038 4710 1331 4781 Allegoria
1351 4710 1570 4765 Veteris
1598 4713 1963 4781 Testamenti;
1991 4715 2092 4768 hoc
2173 4707 2534 4762 ricationibus
2558 4723 2695 4779 quas
2722 4706 2830 4778 ipsi
2856 4707 2958 4762 sub
2983 4707 3155 4762 veteri
3192 4709 3319 4779 lege
3353 4704 3782 4767 commiserant,

2111 4863 2160 4923 Β
2244 4874 2328 4941 ll.
2369 4888 2464 4941 Ubi
2510 4891 2661 4942 enim
2718 4892 3125 4942 testamentum.
3158 4886 3409 4958 Exponit
3430 4899 3671 4940 causam
3699 4894 3794 4935 cur

2175 4973 2433 5029 Christus
2459 4982 2714 5032 mortuus
2761 4977 2852 5043 sit,
2881 4977 3138 5031 videlicet
3184 4975 3315 5047 quia
3375 4978 3796 5030 testamentum

2176 5064 2504 5120 conditurus
2549 5073 2689 5120 erat.
2747 5066 3169 5121 Testamentum
3208 5069 3408 5119 autem
3456 5056 3575 5118 niSi
3620 5079 3657 5116 a
3684 5074 3799 5113 mo-

2246 5241 2335 5299 1‘2.
2362 5245 2425 5297 In
2444 5244 2696 5295 mortuis.
2726 5240 3044 5296 Secundum
3066 5239 3277 5311 legales
3292 5241 3497 5295 saeculi
3518 5240 3796 5312 loquitur,

2175 5331 2234 5384 in
2255 5330 2458 5402 quibus
2491 5329 2811 5402 praecipitur
2831 5331 3048 5384 vivente
3068 5324 3341 5399 testatore
3371 5334 3801 5384 testamentum

2138 5466 2141 5469 .
2175 5436 2286 5475 non
2313 5437 2435 5475 esse
2464 5425 2667 5473 ratum.
2694 5419 2792 5473 Est
2810 5425 2999 5473 autem
3042 5422 3482 5481 testamentum,
3520 5436 3558 5473 a
3597 5434 3713 5489 quo
3734 5414 3802 5469 ad

2172 5509 2361 5565 divina
2411 5513 2751 5564 testamenta
2793 5507 3163 5563 similitudine
3208 5506 3468 5576 ducitur,
3508 5505 3801 5563 ordinatio
