3852 6178
473 310 578 368 399
1459 308 1522 360 Β.
1561 306 1976 362 LANFRANCI

2161 305 2373 362 TUAR.
2412 305 2751 363 ARCHIEP.
3593 314 3680 372 4ου

471 451 603 491 vero
631 415 796 490 corde
825 434 882 488 in
911 431 1263 504 plenitudine
1292 431 1443 496 ﬁdei,
1478 431 1690 502 aspersi
1713 432 1882 486 corda
1905 448 1938 485 a
1966 429 2309 485 conscientia
2331 432 2500 498 mala,
2529 437 2587 486 et
2606 431 2784 486 abluti
2812 445 3014 501 corpus
3032 445 3179 500 aqua
3202 431 3688 494 munda,teneamus

471 525 590 596 spei
622 530 824 578 nostra;
853 521 1259 576 confessionem
1286 520 1734 574 indeclinabilem
1763 520 1962 589 (fidelis
1993 519 2143 574 enim
2172 525 2259 574 est
2287 521 2382 592 qui
2403 520 2842 591 repromisit),et
2856 518 3606 589 consideremus,12.invicem
3633 527 3684 582 in

468 613 914 686 provocationem
944 609 1234 664 charitatis
1255 615 1312 663 et
1333 609 1606 663 bonorum
1634 626 1888 680 operum,
1914 625 2025 662 non
2047 609 2368 663 deserentes
2397 610 2780 664 collectionem
2813 613 3082 672 nostram,
3120 607 3263 661 sicut
3303 613 3685 670 consuetudinis

465 709 550 758 est
572 701 1029 773 quibusdam,sed
1051 700 1422 764 consolantes,
1443 706 1500 753 et
1526 704 1684 752 tanto
1707 698 1888 769 magis
1915 697 1994 752 l3.
2011 703 2220 768 quanto
2251 696 2502 750 videritis
2524 697 3071 768 appropinquantem
3088 695 3254 749 diem.
3285 694 3357 751 l4.
3387 698 3681 757 Voluntaric

463 791 611 846 enim
627 791 986 862 peccantibus
1007 790 1192 853 nobis,
1208 793 1335 860 post
1350 793 1636 859 acceptam
1657 788 1915 842 notitiam
1937 786 2207 850 veritatis,
2227 787 2346 856 jam
2380 801 2491 840 non
2520 787 2861 857 relinquitur
2879 802 2980 857 pro
3009 784 3248 856 peccatis
3269 785 3461 849 hostia,
3485 791 3683 846 terribi-

459 882 529 936 lis
557 885 745 935 autem
767 881 1023 952 quaedam
1043 878 1381 949 exspectatio
1406 877 1625 947 judicii,
1652 883 1710 930 et
1758 877 1904 946 ignis
1929 875 2231 933 aemulatio,
2266 891 2388 944 qum
2409 881 2810 944 consumptum
2841 880 2926 927 est
2954 864 3320 927 adversarios.
3345 874 3554 929 Irritam
3577 879 3686 948 quis

457 969 666 1024 iaciens
695 969 878 1039 legem
905 967 1103 1039 Moysi,
1137 967 1257 1021 sine
1287 967 1400 1020 ulla
1427 967 1786 1020 miseratione
1816 965 2034 1019 duobus
2053 964 2137 1017 vel
2167 963 2347 1016 tribus
2362 963 2600 1017 testibus
2625 963 3102 1032 moritur,quanto
3133 961 3310 1032 magis
3330 963 3526 1033 putatis
3553 966 3687 1020 dete-

456 1059 609 1113 riora
637 1058 841 1112 mereri
868 1056 1163 1128 supplicia,
1189 1056 1284 1126 qui
1321 1055 1399 1110 15.
1433 1055 1636 1109 Filium
1663 1055 1764 1109 Dei
1790 1053 2215 1117 conculcaverit,
2241 1059 2298 1106 et
2310 1053 2643 1121 sanguinem
2663 1051 2985 1105 testamenti
3001 1051 3276 1122 pollutum
3297 1051 3506 1106 duxerit
3521 1053 3571 1107 in
3591 1071 3686 1125 quo

455 1147 838 1201 sanctificatus
857 1149 1158 1211 est,124
1176 1150 1233 1197 et
1262 1144 1497 1214 Spiritui
1525 1143 1720 1213 gratiae
1741 1142 2136 1197 contumeliam
2167 1141 2401 1194 fecerit?
2426 1141 2507 1194 16.
2527 1141 2747 1194 Scimus
2769 1141 2917 1194 enim
2940 1140 3034 1210 qui
3061 1139 3205 1194 dixit
3237 1157 3248 1192 :
3284 1140 3417 1195 Mihi
3444 1142 3681 1209 vindicta,

453 1241 512 1290 et
533 1251 636 1305 ego
666 1233 996 1288 retribuam.
1030 1233 1099 1286 Et
1128 1230 1333 1286 iterum
1367 1250 1379 1285 :
1410 1231 1541 1302 quia
1556 1231 1834 1302 judicabit
1861 1230 2135 1284 Dominus
2167 1230 2436 1301 populum
2467 1228 3030 1286 suum.Horrendum
3048 1234 3132 1282 est
3153 1228 3394 1283 incidere
3426 1229 3480 1284 in
3509 1247 3686 1286 manus

451 1324 554 1380 Dei
569 1323 821 1378 viventis.
845 1315 1319 1376 Rememoramini
1339 1326 1528 1374 autem
1551 1320 1818 1390 pristinos
1834 1319 1970 1382 dies,
1989 1318 2046 1372 in
2078 1319 2278 1389 quibus
2298 1318 2602 1372 illuminati
2627 1334 2892 1388 magnum
2930 1323 3214 1372 certamen
3242 1318 3576 1373 sustinuistis
3611 1319 3680 1376 17.

449 1413 797 1484 passionum,
830 1415 887 1464 et
914 1410 972 1464 in
994 1410 1171 1463 altero
1192 1409 1436 1480 quidem,
1477 1408 1788 1480 opprobriis
1819 1412 1876 1461 ct
1904 1407 2364 1461 tribulationibus
2389 1408 2770 1478 spectaculum
2801 1406 2933 1460 facti
2959 1425 2972 1471 ;
3008 1406 3066 1460 in
3115 1407 3293 1461 altero
3335 1413 3535 1473 autem,
3565 1409 3684 1464 socii

447 1502 640 1558 taliter
666 1499 1114 1555 conversantium
1147 1497 1348 1552 effecti.
1385 1499 1530 1551 Nam
1561 1503 1616 1550 et
1640 1497 1840 1550 vinctis
1865 1497 2142 1568 compassi
2171 1495 2323 1559 estis,
2353 1501 2410 1549 et
2438 1495 2695 1566 rapinam
2726 1494 3001 1549 bonorum
3032 1502 3342 1549 vestrorum
3366 1512 3487 1550 cum
3501 1497 3684 1566 gaudio

445 1590 790 1661 suscepistis,
811 1592 1208 1658 cognoscentes
1233 1603 1326 1640 vos
1346 1585 1550 1639 habere
1572 1585 1857 1639 meliorem
1881 1590 1937 1638 et
1957 1591 2278 1639 manentem
2294 1583 2695 1638 substantiam.
2722 1583 2910 1638 Nolite
2935 1583 3125 1654 itaque
3146 1581 3235 1640 18.
3251 1584 3509 1638 amittere
3528 1586 3680 1638 confi-

443 1679 694 1733 dentiam
725 1685 1119 1746 vestram,quze
1150 1691 1415 1745 magnam
1443 1674 1613 1728 habet
1640 1671 2269 1728 renumerationem.l9.
2291 1672 2572 1726 Patientia
2597 1672 2746 1726 enim
2777 1671 2930 1725 vobis
2960 1672 3280 1725 necessaria
3307 1677 3406 1736 est,
3423 1677 3485 1726 ut
3509 1673 3682 1726 volun-

441 1773 618 1822 tatem
645 1768 748 1822 Dei
768 1765 1054 1830 facientes,
1090 1763 1390 1834 reportetis
1420 1762 1874 1833 promissionem.
1908 1762 2106 1815 Adhuc
2133 1761 2282 1815 enim
2313 1761 2595 1815 modicum
2618 1761 3034 1831 aliquantulum
3063 1760 3159 1830 qui
3179 1766 3446 1815 venturus
3470 1766 3566 1826 est,
3597 1777 3678 1814 ve-

439 1857 578 1923 niet,
611 1860 669 1910 et
696 1871 808 1910 non
858 1853 1124 1907 tardabit.
1155 1851 1351 1905 Justus
1379 1857 1568 1904 autem
1596 1868 1756 1904 meus
1788 1867 1854 1904 ex
1883 1851 1992 1904 fide
2017 1850 2150 1904 vivit
2174 1869 2186 1917 ;
2217 1851 2365 1922 quod
2395 1849 2441 1904 si
2463 1849 2805 1905 subtraxerit
2831 1867 2912 1914 se,
2936 1866 3049 1904 non
3069 1850 3311 1920 placebit
3329 1850 3523 1906 animm
3535 1867 3674 1904 meae.

438 1947 553 2001 Nos
581 1951 772 2002 autem
801 1960 914 1999 non
935 1959 1133 1998 sumus
1162 1941 1588 1996 substractionis
1615 1940 1716 1995 filii
1738 1940 1796 1994 in
1825 1940 2225 2012 perditionem,
2259 1939 2357 1992 sed
2386 1938 2516 1992 fidei
2546 1939 2604 1993 in
2629 1938 3049 2010 acquisitionem
3072 1938 3296 1994 animae.

1882 2056 2116 2110 CAPUT
2139 2054 2246 2110 XI.

510 2171 557 2227 1.
579 2171 676 2225 Est
703 2175 893 2226 autem
916 2169 1055 2226 ﬁdes
1084 2171 1489 2242 sperandarum
1516 2171 1833 2226 substantia
1859 2187 2070 2235 rerum,
2104 2175 2501 2241 argumentum
2533 2185 2645 2224 non
2673 2169 3086 2240 apparentium.
3119 2171 3184 2225 In
3219 2171 3324 2224 hac
3353 2170 3499 2224 enim
3535 2169 3678 2224 testi-

431 2259 685 2314 monium
710 2261 994 2315 consecuti
1027 2266 1162 2314 sunt
1189 2277 1371 2314 senes.
1405 2261 1540 2315 Fide
1567 2261 1936 2332 intelligimus
1961 2267 2155 2332 aptata
2185 2277 2308 2315 esse
2339 2260 2542 2315 saecula
2571 2258 2738 2313 verbo
2756 2260 2878 2325 Dei,
2911 2265 2976 2314 ut
3001 2277 3066 2315 ex
3095 2259 3146 2318 2.
3171 2260 3538 2315 invisibilibus
3560 2259 3678 2313 visi-

428 2345 565 2403 bilia
584 2351 803 2404 fierent.
825 2349 962 2403 Fide
983 2349 1284 2421 plurimam
1307 2349 1550 2403 hostiam
1576 2349 1715 2404 Abel
1734 2367 1904 2422 quam
1935 2351 2072 2405 Cain
2093 2350 2299 2404 obtulit
2328 2350 2480 2418 Deo;
2511 2345 2611 2420 per
2636 2365 2805 2419 quam
2836 2349 3222 2403 testimonium
3258 2354 3576 2404 consecutus
3603 2352 3680 2401 est

427 2454 550 2491 esse
565 2437 1164 2508 justus,testimonium
1184 2437 1513 2507 perhibente
1533 2438 1858 2492 muneribus
1880 2439 2002 2508 ejus
2023 2439 2134 2492 Deo
2155 2443 2212 2492 et
2231 2438 2499 2508 perillam
2521 2437 2817 2491 defunctus
2835 2437 3021 2492 adhuc
3037 2437 3449 2508 loquitur.Fide
3467 2437 3675 2491 Henoch

425 2527 734 2580 translatus
763 2531 849 2581 est
891 2543 962 2580 ne
1004 2526 1218 2580 videret
1246 2531 1506 2590 mortem,
1549 2533 1607 2581 et
1635 2543 1746 2581 non
1773 2527 2182 2593 inveniebatur,
2213 2527 2344 2597 quia
2363 2525 2652 2580 transtulit
2689 2525 2848 2580 illum
2882 2525 3064 2593 Deus;
3097 2533 3232 2582 ante
3271 2527 3676 2582 translationem

424 2615 575 2668 enim
622 2615 1008 2669 testimonium
1040 2614 1240 2669 habuit
1290 2616 1566 2685 placuisse
1618 2617 1754 2671 Deo.
1805 2618 1936 2672 Sine
1965 2617 2073 2670 fide
2100 2620 2291 2669 autem
2335 2613 2680 2685 impossibile
2723 2617 2809 2667 est
2838 2614 3056 2684 placere
3088 2615 3228 2670 Deo.
3265 2615 3502 2670 Credere
3538 2615 3674 2669 enim

429 2709 653 2774 oportet
681 2704 1036 2758 accedentem
1069 2703 1138 2756 ad
1170 2704 1347 2758 Deum
1373 2705 1506 2774 quia
1534 2711 1638 2771 est,
1673 2710 1730 2758 et
1767 2703 2178 2775 inquirentibus
2209 2720 2269 2757 se
2299 2707 2690 2756 remunerator
2717 2702 2809 2755 sit.
2842 2702 2975 2756 Fide
2995 2704 3134 2770 Noe,
3166 2721 3440 2776 responso
3465 2709 3675 2775 accepto

421 2791 491 2846 de
518 2791 587 2846 iis
626 2809 749 2863 qua:
780 2793 962 2846 adhuc
991 2809 1101 2846 non
1127 2792 1477 2858 videbantur,
1516 2799 1773 2847 metuens
1800 2793 2012 2864 aptavit
2041 2808 2228 2847 arcam
2261 2793 2318 2846 in
2348 2793 2586 2846 salutem
2607 2792 2809 2846 domus
2827 2809 2960 2858 sum,
2993 2809 3093 2863 per
3119 2811 3294 2864 quam
3319 2793 3370 2851 3.
3403 2793 3674 2848 damnavit

415 2881 696 2935 mundum
724 2887 780 2935 et
801 2881 1056 2951 justitize,
1090 2898 1212 2952 qua:
1244 2887 1434 2946 τεπὸ
1460 2899 1560 2952 per
1597 2882 1765 2936 fidem
1786 2888 1889 2947 est,
1920 2883 2096 2936 hazrcs
2119 2886 2204 2934 est
2233 2880 2546 2934 institutus.
2592 2879 2727 2933 Fide
2757 2879 3099 2948 quivocatur
3121 2881 3429 2948 Abraham,
3448 2880 3672 2935 obedivit

414 2968 476 3024 in
505 2970 689 3024 locum
723 2969 892 3036 exire,
933 2986 1099 3040 quem
1130 2975 1462 3040 accepturus
1492 2976 1615 3024 erat
1642 2971 1701 3024 in
1730 2970 2137 3035 haereditatem,
2171 2976 2228 3024 et
2255 2970 2408 3029 exiit,
2440 2968 2694 3023 nesciens
2716 2985 2825 3039 quo
2857 2969 2980 3027 iret.
3009 2969 3143 3024 Fide
3172 2971 3499 3024 demoratus
3518 2975 3597 3023 est
3622 2969 3674 3022 in

413 3064 568 3114 terra
597 3058 1067 3130 repromissionis,
1099 3063 1367 3129 tanquam
1392 3060 1449 3112 in
1479 3059 1682 3125 alieno,
1719 3059 1775 3112 in
1796 3060 1998 3113 casulis
2017 3057 2484 3123 habitando,cum
2516 3059 2672 3112 Isaac
2703 3062 2760 3111 et
2779 3057 2948 3111 Jacob
2977 3059 3363 3114 cohazredibus
3392 3058 3671 3129 repromis-

413 3148 589 3203 sionis
619 3149 892 3218 ejusdem.
917 3147 1284 3217 Exspectabat
1309 3147 1459 3201 enim
1490 3147 1854 3202 fundamenta
1883 3148 2180 3202 habentem
2198 3148 2670 3216 civitatem,cujus
2702 3146 2900 3200 artifex
2927 3153 2983 3200 et
3011 3148 3275 3203 conditor
3293 3149 3458 3203 Deus.
3475 3147 3600 3202 Fide
3618 3151 3669 3200 et

412 3236 538 3308 ipsa
565 3238 707 3292 Sara
735 3236 941 3290 sterilis
957 3235 1222 3291 virtutem
1241 3237 1299 3290 in
1325 3238 1747 3308 conceptionem
1770 3237 2004 3291 seminis
2033 3239 2270 3310 accepit,
2295 3239 2463 3293 etiam
2496 3243 2699 3310 praeter
2721 3242 2943 3308 tempus
2962 3240 3440 3312 aetatis,quoniam
3461 3240 3665 3294 fidelem

412 3327 654 3380 credidit
682 3342 802 3380 esse
818 3342 945 3380 eum
963 3325 1059 3396 qui
1074 3325 1492 3396 repromiserat.
1513 3327 1752 3397 PrOpter
1773 3327 1921 3397 quod
1948 3331 2005 3380 et
2027 3328 2079 3381 Δ.
2115 3328 2184 3381 ab
2215 3345 2326 3382 uno
2353 3328 2462 3382 orti
2491 3333 2624 3382 sunt
2648 3327 2850 3392 (ethoc
2883 3333 3161 3394 emortuo)
3191 3335 3466 3401 tanquam
3495 3328 3665 3382 sidera

409 3414 534 3468 cmli
554 3414 613 3467 in
645 3413 1087 3476 multitudinem,
1103 3420 1159 3467 et
1177 3414 1323 3468 sicut
1340 3430 1512 3468 arena
1530 3431 1652 3484 qua)
1673 3415 1849 3468 estad
1868 3432 2026 3469 oram
2048 3417 2222 3470 maris
2243 3417 2867 3472 innumerabilis.Juxta
2889 3417 3056 3471 fidem
3075 3418 3329 3473 defuncti
3344 3423 3476 3472 sunt
3490 3433 3667 3472 omnes

406 3501 522 3568 isti,
556 3518 670 3556 non
691 3501 931 3572 acceptis
960 3501 1509 3573 repromissionibus,
1542 3504 1640 3557 sed
1671 3503 1885 3574 alonge
1906 3521 2000 3558 eas
2023 3506 2362 3576 aspicientes
2394 3512 2450 3561 et
2471 3507 2802 3571 salutantes,
2824 3512 2878 3559 et
2897 3507 3235 3561 confitentes
3251 3507 3387 3578 quia
3404 3504 3668 3579 peregrini

409 3598 463 3646 et
483 3592 733 3662 hospites
747 3597 877 3646 sunt
893 3608 1062 3662 super
1078 3592 1433 3656 terram.Qui
1464 3593 1615 3647 enim
1654 3593 1770 3648 hare
1799 3593 2013 3658 dicunt,
2035 3595 2356 3665 significant
2383 3611 2442 3649 se
2473 3595 2712 3665 patriam
2735 3594 3041 3665 inquirere.
3069 3595 3137 3649 Et
3166 3596 3220 3650 si
3254 3595 3482 3667 quidem
3511 3595 3668 3666 ipsius

409 3680 798 3737 meminissent
816 3681 885 3735 de
907 3698 1017 3752 qua
1037 3681 1312 3748 exierunt,
1331 3681 1618 3736 habebant
1642 3683 1835 3754 utique
1855 3690 2076 3755 tempus
2092 3684 2438 3749 revertendi;
2462 3701 2610 3738 nunc
2639 3688 2828 3738 autem
2855 3684 3146 3738 meliorem
3163 3689 3464 3757 appetunt,
3478 3683 3538 3739 id
3566 3685 3663 3747 est,

1737 3796 2330 3852 COMMENTARIUS.

479 3907 566 3964 12.
603 3911 858 3964 Invicem.
889 3910 1048 3964 Alter
1075 3909 1392 3964 consideret
1429 3909 1562 3980 quid
1589 3910 1882 3967 bonialter
1907 3914 1993 3968 fa-
2017 3913 2295 3979 Aamittit,
2335 3913 2430 3985 qui
2459 3913 2668 3969 bonum
2697 3915 2906 3971 deserit
2934 3922 2990 3971 et
3021 3917 3242 3973 malum
3273 3919 3432 3976 facit.

401 3997 532 4064 ciat,
561 4014 673 4054 non
693 4004 757 4054 ut
776 3999 1044 4070 invideat,
1075 3999 1173 4054 sed
1194 4005 1259 4054 ut
1286 4001 1604 4072 exemplum
1628 3999 1838 4057 bonum
1869 4003 1999 4058 inde
2157 3999 2240 4058 19.
2261 4005 2554 4058 Patientia.
2596 4004 2858 4059 Ostendit
2908 4005 3196 4076 quomodo
3241 4023 3359 4061 non
3405 4004 3667 4061 amittitur

401 4094 608 4142 sumat.
2080 4091 2420 4146 confidentia
2459 4110 2470 4146 :
2497 4095 2562 4146 In
2586 4097 2862 4161 patientia
2891 4095 3065 4161 enim,
3096 4095 3309 4166 inquit,
3339 4094 3667 4165 possidebitis

473 4176 562 4232 13.
598 4181 812 4245 Quanto
853 4179 1123 4232 videritis.
1171 4177 1331 4232 Diem
1373 4178 1511 4234 dicit
1556 4180 1642 4235 vel
1681 4187 1992 4237 extremum
2076 4182 2299 4234 animas
2329 4187 2562 4238 vestras.

390 4265 609 4336 judicii,
634 4267 719 4321 vel
749 4266 1072 4338 temporalis
1099 4267 1437 4323 afflictionis.
2145 4269 2303 4323 CAP.
2321 4269 2492 4336 XI,—
2519 4271 2566 4325 1.
2593 4271 2796 4328 [ΑΜ-ει.
2825 4271 2913 4325 Est
2933 4277 3121 4326 autem
3141 4275 3299 4339 ﬁdes.
3331 4273 3484 4329 Talis
3512 4269 3667 4326 debet

465 4353 556 4408 14.
608 4357 942 4410 Voluntaria.
1001 4357 1240 4411 Causam
1273 4358 1460 4412 reddit
1500 4376 1602 4414 cur
1641 4360 1887 4415 Charitas
1917 4361 1991 4416 sit
2071 4375 2192 4413 esse
2213 4359 2351 4413 fides
2373 4365 2436 4414 ut
2465 4361 2772 4431 sperandas
2794 4360 2963 4415 resin
3002 4362 3171 4416 corde
3202 4363 3488 4418 credentis
3510 4359 3665 4414 faciat

394 4443 660 4506 tenenda,
690 4450 746 4498 et
781 4461 815 4497 a
842 4445 1005 4498 malis
1033 4445 1106 4500 sit
1134 4447 1500 4516 cessandum;
1560 4449 1694 4503 dum
1725 4451 1874 4504 enim
1899 4468 1989 4504 vo-
2070 4446 2395 4515 subsistere,
2427 4449 2532 4504 etsi
2572 4450 2718 4504 alius
2747 4449 2968 4504 dubitet
2986 4451 3135 4520 quod
3167 4452 3295 4507 sine
3327 4453 3654 4523 argumento

393 4532 584 4585 luntas
624 4533 890 4602 peccandi
918 4539 1002 4587 est
1029 4534 1087 4587 in
1135 4535 1316 4602 nobis,
1347 4537 1489 4591 nihil
1529 4539 1756 4608 prodest
1803 4539 1988 4594 hostia
2069 4537 2287 4606 possint
2313 4554 2434 4592 esse
2469 4557 2480 4591 :
2507 4539 2654 4609 quod
2677 4539 2928 4609 plerique
2967 4538 3138 4593 divini
3166 4541 3383 4613 eloquii
3413 4542 3665 4595 tractato-

395 4618 684 4674 immolata
704 4637 804 4691 pro
831 4623 1073 4692 peccatis
1102 4624 1324 4676 nostris.
2069 4641 2157 4679 res
2187 4626 2457 4692 fecerunt,
2508 4628 2808 4698 probantes
2849 4628 3332 4686 resurrectionem
3377 4640 3664 4700 corporum

469 4706 548 4763 15-
579 4710 788 4764 Filium
828 4711 944 4764 Dei.
970 4711 1223 4764 Gratiam
1272 4712 1399 4766 Filii
1429 4712 1532 4768 Dei
1575 4713 1634 4767 in
1683 4714 1984 4785 semetipso
2068 4719 2126 4768 et
2145 4715 2317 4770 vitam
2350 4727 2643 4786 aeternam,
2675 4717 2967 4788 multaque
2999 4717 3110 4771 alia
3139 4736 3267 4774 esse
3298 4721 3384 4774 vel
3406 4719 3575 4774 fuisse
3603 4730 3663 4768 ex

390 4797 698 4865 aonculcat,
727 4803 784 4852 et
811 4798 1142 4869 sanguinem
1167 4799 1568 4872 redemptionis
1593 4802 1890 4873 pollutum,
1925 4803 1981 4858 id
2065 4819 2130 4857 eo
2159 4805 2309 4875 quod
2341 4806 2704 4876 patriarchas,
2737 4807 3060 4878 prophetas,
3107 4810 3428 4879 apostolos,
3456 4809 3660 4878 marty—

389 4892 494 4954 est,
527 4891 752 4958 peccata
784 4904 1024 4958 purgare
1052 4905 1163 4943 non
1181 4890 1459 4944 valentem
1482 4896 1646 4962 putat
1677 4909 1688 4944 :
1713 4897 1770 4945 et
1799 4892 1979 4963 Spiri-
2061 4907 2150 4946 res
2181 4899 2401 4949 constat
2430 4912 2496 4949 ea
2533 4895 2854 4954 credidisse.

386 4976 472 5030 tui
501 4981 716 5044 sancto,
750 4994 853 5048 per
879 4979 1043 5048 qnem
1086 4979 1373 5032 confitenti
1404 4985 1633 5050 peccata
1671 4981 1976 5036 remittun-
2129 4980 2183 5036 εὶ.
2232 4985 2555 5040 Invisibilis.
2613 4985 2922 5042 Invisibilia
2972 4992 3132 5042 erant
3195 4987 3486 5042 elementa
3539 4985 3660 5037 ante

385 5071 500 5133 tur,
532 5065 930 5121 contumeliam
958 5065 1109 5130 facit,
1157 5067 1254 5138 qui
1277 5068 1591 5122 voluntarie
1637 5067 1696 5122 in
1736 5070 1978 5139 peccatis
2058 5071 2253 5126 mundi
2285 5073 2765 5130 constitutionem.

376 5156 545 5226 jacet.
2129 5160 2180 5217 3.
2214 5163 2512 5217 Damnavit
2544 5165 2963 5220 mundmn.Per
2988 5181 3181 5221 arcam
3213 5165 3340 5220 Noe
3372 5160 3653 5219 damnavit

449 5244 539 5300 16.
572 5246 788 5301 Scimus
815 5244 1358 5317 cnim.Sup'eriorem
1376 5246 1713 5302 sententiam
1728 5248 1927 5321 probat
1955 5267 1968 5304 :
1993 5318 2034 5326 ,Α
2058 5250 2331 5304 mundum
2359 5270 2371 5317 ;
2403 5251 2536 5322 quia
2584 5258 2742 5308 tanto
2785 5255 2970 5325 majus
3010 5259 3310 5326 peccatum
3342 5252 3660 5308 habuerunt

385 5335 670 5388 Terribilis
691 5339 878 5387 autem
909 5335 1172 5404 quaedam.
1213 5341 1320 5390 etc.
1992 5318 2038 5377 Β
2061 5339 2332 5405 homines,
2366 5348 2577 5411 quanto
2607 5343 2882 5413 majorem
2912 5344 3035 5414 ejus
3073 5343 3131 5397 in
3173 5342 3511 5397 fabricanda
3539 5353 3662 5392 arca

449 5421 531 5477 17.
559 5425 902 5477 Passionum.
925 5423 1220 5479 Passiones
1245 5429 1605 5480 certaverunt
1629 5431 1822 5483 contra
1851 5446 1969 5499 eos,
2053 5427 2381 5483 instantiam
2409 5430 2686 5498 videbant,
2724 5439 2781 5486 et
2801 5449 2912 5487 non
2941 5431 3275 5486 credebant.

374 5518 437 5567 ut
465 5514 794 5583 patientiam
819 5513 927 5585 ipsi
957 5514 1285 5569 amitterent
1313 5520 1370 5569 et
1389 5515 1557 5570 ﬁdem
1581 5523 1874 5586 negarent.
2119 5516 2175 5571 4.
2204 5519 2282 5573 Ab
2314 5535 2429 5574 uno
2458 5523 2592 5574 orti.
2609 5520 2760 5576 Ordo
2786 5540 2798 5576 :
2833 5520 2917 5576 Ab
2938 5537 3050 5576 uno
3069 5520 3255 5576 ethoc
3272 5524 3538 5576 emortuo
3556 5516 3659 5572 orti

437 5599 528 5658 48.
558 5604 839 5657 Amittcre.
891 5602 1305 5658 Confidentiam
1349 5603 1551 5660 divinae
1581 5605 1968 5662 retributionis
2051 5612 2186 5662 sunt
2216 5612 2511 5679 tanquam,
2545 5614 2651 5665 etc.
