3978 6174
361 257 465 316 401

1082 264 1160 345 IN
1198 263 1264 317 D.
1309 263 1524 320 PAULI
1564 263 1793 320 EPIST.
1836 263 2208 322 COMMENT.
2249 293 2313 307 -
2353 262 2566 320 EPIST.
2613 263 2709 318 AD
2747 263 2961 319 HEBR.

3534 261 3642 322 402

359 385 669 440 ccelestem.
696 385 830 442 Ideo
859 403 975 443 non
1015 387 1377 445 confunditur
1413 390 1564 445 Deus
1585 391 1767 446 vocari
1789 407 1985 446 eorum
2007 389 2258 462 :paravit
2284 388 2433 442 enim
2464 389 2576 442 illis
2608 389 2908 444 civitatem.
2957 389 3094 444 Fide
3114 388 3318 445 obtulit
3353 389 3639 445 Abraham

353 474 534 540 Isaac,
566 492 696 529 cum
716 481 1050 544 tentaretur,
1084 483 1141 531 et
1169 479 1523 548 unigenitum
1547 480 1814 535 offerebat
1833 480 1928 550 qui
1956 483 2280 550 susceperat
2299 477 2759 548 repromissiones
2783 498 2796 546 ;
2843 479 2914 532 ad
2932 496 3098 549 quem
3119 479 3330 534 dictum
3351 485 3464 534 est:
3485 479 3629 545 Quia

356 563 420 616 in
467 562 629 618 Isaac
658 566 950 620 vocabitur
972 566 1074 620 tibi
1107 583 1297 621 semen
1328 568 1379 621 5.
1413 568 1697 623 arbitrans
1745 569 1878 640 quia
1907 573 1964 623 et
1987 587 2021 622 a
2050 567 2286 621 mortuis
2334 566 2604 620 suscitare
2634 573 2833 637 potens
2865 573 2950 621 est
2979 568 3126 622 Deus
3164 587 3176 634 ;
3205 570 3354 623 unde
3403 585 3533 623 eum
3573 575 3631 624 et

352 651 411 705 6.
440 653 498 706 in
527 653 856 724 parabolam
887 655 1106 727 accipit.
1133 656 1269 711 Fide
1291 662 1348 711 et
1377 657 1446 711 de
1477 657 1680 711 futuris
1708 657 1994 712 benedixit
2012 659 2188 721 Isaac,
2229 655 2397 708 Jacob
2419 660 2477 708 et
2495 655 2662 710 Esau.
2691 654 2828 708 Fide
2845 656 3032 723 Jacob,
3067 657 3332 723 moriens,
3374 658 3624 727 singulos

353 742 605 796 ﬁliorum
620 741 835 815 Joseph
854 744 1158 813 benedixit,
1176 751 1234 800 et
1248 746 1502 800 adoravit
1514 745 1562 802 7.
1589 747 1877 816 fastigium
1895 746 2064 817 virga
2080 746 2221 815 ejus.
2250 743 2384 797 Fide
2407 744 2632 814 Joseph,
2658 744 2923 810 moriens,
2947 745 3016 798 de
3032 745 3370 816 perfectione
3382 746 3626 800 filiorum

349 829 537 886 Israel
558 838 906 887 memoratus
923 839 1090 898 est,et
1099 835 1167 888 de
1188 835 1408 889 ossibus
1420 835 1536 889 suis
1551 835 2003 890 mandavit.Fide
2021 836 2242 904 Moyses
2259 833 2763 898 natus,occultatus
2785 838 2872 886 est
2889 834 3173 889 mensibus
3192 835 3374 889 tribus
3389 852 3424 889 a
3442 851 3619 906 paren

347 915 507 969 tibus
529 916 739 982 suis,eo
761 918 912 988 quod
924 919 1190 974 vidissent
1203 922 1514 991 elegantem
1538 922 1806 977 infantem
1829 930 1886 978 et
1905 941 2016 978 non
2039 923 2352 978 timuerunt
2365 921 2512 990 regis
2535 921 2940 976 edictum.Fide
2951 923 3170 993 Moyses
3187 924 3419 993 grandis
3438 923 3618 978 factus

349 1005 585 1074 negavit
604 1019 664 1060 se
685 1022 806 1061 esse
827 1007 1006 1062 tilium
1033 1008 1160 1063 tiliae
1173 1010 1501 1070 Pharaonis.
1520 1012 1700 1081 magis
1714 1012 1926 1082 eligens
1947 1012 2120 1082 affligi
2136 1028 2262 1065 cum
2280 1011 2483 1081 populo
2506 1010 2606 1064 Dei
2628 1026 2793 1080 quam
2817 1011 3140 1080 temporalis
3172 1012 3383 1082 peccati
3410 1013 3619 1067 habere

343 1094 1037 1166 jucunditatem,majores
1056 1097 1278 1152 divitias
1298 1099 1601 1166 aestimans,
1635 1101 1900 1155 thesauro
1917 1100 2326 1172 .Egyptiorum,
2351 1099 2754 1170 improperium
2777 1099 2985 1153 Christi
3011 1121 3024 1165 ;
3048 1099 3352 1170 aspiciebat
3379 1102 3529 1155 enim
3561 1101 3622 1156 in

349 1183 1035 1238 remunerationem.Fide
1064 1185 1290 1257 reliquit
1310 1187 1641 1259 Egyptum,
1671 1205 1782 1242 non
1811 1189 2021 1242 veritus
2048 1187 2462 1242 animositatem
2491 1188 2639 1258 regis
2664 1207 2676 1254 ;
2715 1188 3053 1242 iuvisibilem
3083 1189 3235 1242 enim
3253 1195 3521 1260 tanquam
3538 1189 3621 1244 vi-

349 1268 493 1322 dens
514 1271 944 1326 sustinuit.Fide
969 1273 1269 1329 celebravit
1297 1277 1511 1330 Pascha
1542 1283 1600 1331 et
1628 1278 1917 1346 sanguinis
1948 1278 2374 1343 cliusionem,ne
2390 1277 2752 1346 quivastabat
2767 1278 3049 1347 primitiva
3063 1283 3323 1346 tangeret
3343 1295 3457 1333 eos.
3481 1278 3617 1332 Fide

346 1359 704 1414 transierunt
731 1377 887 1414 mare
916 1363 1480 1435 Rubrum,tanquam
1511 1382 1612 1436 per
1631 1365 1848 1419 aridam
1874 1372 2112 1433 terram;
2151 1367 2298 1436 quod
2329 1365 2542 1436 experti
2579 1365 2825 1436 Egyptii
2857 1366 3105 1420 devorati
3138 1373 3290 1420 sunt.
3315 1366 3449 1420 Fide
3470 1366 3617 1420 muri

343 1445 581 1500 Jericho
610 1451 1188 1505 corrueruntcircuitu
1220 1453 1438 1507 dierum
1459 1460 1694 1525 septem.
1727 1455 1862 1508 Fide
1891 1454 2086 1508 Rahab
2116 1455 2380 1508 meretrix
2401 1471 2513 1508 non
2535 1453 2701 1524 periit
2726 1471 2854 1507 cum
2875 1454 3195 1519 incredulis,
3227 1455 3506 1526 excipiens
3529 1471 3620 1508 ex-

333 1536 656 1605 ploratores
673 1553 801 1591 cum
832 1541 1067 1608 pace.Et
1081 1541 1215 1611 quid
1237 1543 1419 1596 adhuc
1433 1543 1656 1597 dicam?
1675 1543 1913 1598 Deficiet
1929 1544 2077 1598 enim
2090 1562 2177 1598 me
2194 1551 2416 1614 tempus
2436 1549 2792 1597 enarrantem
2814 1544 2882 1597 de
2895 1543 3614 1612 Gedeon,Barac,Samson,

333 1631 536 1690 226
553 1623 606 1681 8.
630 1627 850 1697 Jephte,
877 1629 1070 1696 David,
1105 1631 1350 1697 Samuel,
1367 1637 1423 1686 et
1441 1634 1759 1704 prophetis;
1785 1634 1881 1704 qui
1903 1651 2002 1705 per
2028 1635 2195 1688 fidem
2219 1633 2472 1687 vicerunt
2491 1649 2685 1702 regna,
2710 1633 2928 1702 operati
2950 1639 3082 1686 sunt
3095 1633 3398 1702 justitiam,
3423 1633 3613 1703 adepti

329 1721 471 1768 sunt
497 1716 980 1786 repromissiones.
1005 1715 1409 1776 obturaverunt
1430 1739 1529 1776 ora
1551 1722 1796 1786 leonum,
1817 1725 2202 1778 exstinxerunt
2217 1723 2489 1793 impetum
2511 1721 3188 1791 ignis,eliugeruntaciem
3199 1722 3391 1791 gladii,
3416 1737 3612 1775 conva-

325 1800 568 1857 luerunt
595 1805 666 1858 de
695 1805 1044 1874 infirmitate,
1064 1809 1236 1864 fortes
1271 1810 1402 1864 facti
1433 1817 1568 1866 sunt
1603 1812 1660 1865 in
1688 1812 1854 1875 bello,
1891 1817 2076 1866 castra
2105 1815 2395 1864 verterunt
2422 1815 2739 1863 exterorum
2765 1827 2776 1876 ;
2805 1807 2858 1862 9.
2887 1816 3224 1881 acceperunt
3248 1809 3512 1863 mulieres
3541 1810 3610 1863 de

326 1893 746 1948 resurrectione
775 1901 1030 1950 mortuos
1048 1914 1200 1951 suos.
1233 1899 1343 1952 Alii
1374 1907 1564 1954 autem
1591 1900 1822 1955 distenti
1842 1906 1994 1966 sunt,
2023 1916 2134 1953 non
2151 1898 2458 1970 suscipient
2471 1898 2938 1966 redemptionem,
2963 1897 3044 1951 10.
3062 1903 3126 1952 ut
3147 1898 3434 1952 meliorem
3451 1897 3610 1952 inve-

325 1979 520 2035 nirent
553 1984 1043 2038 resurrectionem.
1076 1986 1186 2039 Alii
1205 2004 1333 2041 vero
1349 1987 1592 2042 ludibria
1617 1996 1674 2043 et
1700 1990 1931 2044 verbera
1959 1988 2196 2060 experti,
2228 1988 2460 2059 insuper
2475 1995 2534 2042 et
2552 1987 2771 2041 vincula
2793 1993 2850 2042 et
2874 2004 3126 2042 carceres
3151 2007 3163 2055 ;
3197 1987 3430 2058 lapidati
3451 1992 3604 2055 sunt,

323 2070 466 2124 secti
486 2077 641 2137 sunt,
676 2072 879 2126 tentati
909 2080 1059 2139 sunt,
1088 2075 1147 2128 in
1177 2075 1452 2131 occisione
1493 2078 1668 2147 gladii
1697 2080 1908 2133 mortui
1951 2082 2102 2143 sunt,
2133 2078 2479 2132 circuierunt
2506 2077 2589 2133 ll.
2617 2077 2674 2130 in
2707 2077 2948 2142 melotis,
2986 2077 3046 2130 in
3075 2077 3314 2148 pellibus
3339 2075 3602 2146 caprinis,

323 2164 582 2228 egentes,
607 2160 933 2230 augustiati,
978 2162 1209 2231 afflicti;
1243 2164 1447 2233 quibus
1476 2165 1680 2234 dignus
1710 2181 1823 2219 non
1848 2170 1970 2220 erat
1997 2168 2264 2234 mundus,
2296 2167 2354 2220 in
2383 2164 2781 2220 solitudinibus
2812 2172 3085 2233 errantes,
3119 2167 3178 2219 in
3211 2165 3517 2231 montibus,
3548 2169 3606 2218 et

319 2247 634 2316 speluncis,
668 2257 725 2302 et
751 2249 808 2302 in
838 2251 1090 2305 cavernis
1111 2253 1382 2307 terrae.Et
1400 2253 1459 2307 hi
1489 2271 1684 2308 omnes
1711 2254 2032 2311 testimonio
2061 2257 2190 2311 ﬁdei
2220 2255 2462 2327 probati,
2484 2272 2595 2309 non
2620 2261 2956 2326 acceperunt
2976 2255 3058 2312 12.
3089 2255 3600 2328 repromissionem,

315 2335 441 2390 Deo
472 2353 577 2406 pro
607 2337 769 2392 nobis
796 2339 1002 2395 melius
1031 2340 1241 2414 aliquid
1272 2343 1620 2414 providente,
1651 2349 1848 2399 utnon
1878 2343 2000 2400 sine
2032 2345 2194 2401 nobis
2222 2349 2765 2399 consummarentur.

1764 2486 2000 2541 CAPUT
2023 2487 2145 2542 XII.

381 2611 632 2683 Ideoque
663 2623 722 2668 et
746 2631 850 2669 nos
878 2620 1097 2671 tantam
1128 2615 1400 2673 habentes
1436 2617 1484 2674 1.
1515 2618 1835 2689 impositam
1867 2619 2073 2674 nubem
2103 2619 2350 2685 testium,
2380 2620 2726 2690 deponentes
2754 2617 2807 2675 2.
2841 2634 3005 2673 omne
3034 2618 3254 2689 pondus
3277 2622 3336 2672 et
3363 2617 3597 2672 circum-

307 2707 472 2755 stans
495 2718 600 2756 nos
630 2710 1050 2776 peccatum,per
1067 2707 1398 2777 patientiam
1410 2724 1704 2762 curramus
1721 2708 1792 2761 ad
1817 2710 2167 2780 propositum
2195 2707 2358 2763 nobis
2385 2707 3041 2778 certamen,aspicientes
3062 2707 3120 2760 in
3150 2712 3440 2762 auctorem
3459 2706 3593 2760 fidei

305 2797 368 2844 et
401 2789 462 2847 3.
501 2800 1016 2848 consummatorem
1049 2796 1263 2862 Jesum,
1294 2797 1390 2866 qui
1417 2795 1702 2867 proposito
1723 2796 1832 2850 sibi
1858 2795 1908 2851 4-.
1941 2795 2430 2865 gaudiosustinuit
2443 2793 3023 2861 crucem,confusione
3049 2798 3389 2864 contempta,
3422 2797 3594 2863 atque

306 2877 368 2931 in
401 2878 640 2934 dextera
666 2882 817 2936 sedis
865 2883 965 2937 Dei
1013 2884 1187 2939 sedet.
1228 2885 1558 2954 Recogitate
1604 2885 1754 2939 enim
1794 2901 1925 2938 eum
1955 2884 2052 2955 qui
2080 2885 2252 2940 talem
2281 2885 2550 2938 sustinuit
2577 2901 2612 2938 a
2641 2882 3028 2954 peccatoribus
3057 2882 3352 2936 adversum
3381 2886 3591 2936 semet-

301 2984 497 3058 ipsum
553 2971 1072 3041 contradictionem,
1107 2977 1280 3028 utne
1334 2973 1668 3044 fatigemini,
1719 2974 1924 3028 animis
1977 2973 2176 3028 vestris
2230 2973 2574 3028 deficientes.
2623 2972 2887 3027 Nondum
2931 2971 3082 3025 enim
3120 2985 3299 3040 usque
3324 2969 3396 3024 ad
3448 2985 3583 3024 san-

1671 3135 2264 3190 COMMENTARIUS.

370 3248 426 3301 5.
454 3248 759 3302 Arbitrans
789 3252 942 3318 quia.
993 3249 1308 3322 Utrumque
1338 3251 1577 3305 credidit
1595 3251 1902 3318 Abraham,
1923 3249 2164 3318 Atilium
2195 3250 2360 3304 vidua
2390 3250 2722 3320 Sareptana,
2751 3254 2807 3303 et
2826 3248 2896 3302 ab
2926 3248 3110 3303 Eliseo
3141 3246 3470 3303 Sunamitis.

294 3341 355 3388 et
381 3335 520 3406 quia
547 3336 608 3390 in
651 3337 807 3392 Isaac
851 3355 1044 3393 semen
1090 3339 1386 3394 habiturus
1426 3358 1566 3405 esse,
1597 3347 1654 3395 et
1681 3342 1902 3412 placere

293 3424 416 3478 Deo
452 3425 500 3479 si
555 3426 609 3478 ei
653 3426 836 3497 ipsum
886 3428 1044 3482 Isaac
1081 3428 1439 3497 immolaret;
1473 3430 1710 3484 credidit
1751 3431 1900 3484 enim

293 3515 571 3584 quoniam
595 3522 884 3570 mortuum
905 3517 1055 3572 Deus
1084 3518 1445 3573 resuscitaret
1460 3563 1472 3576 .

363 3600 418 3658 6.
468 3605 539 3657 In
569 3607 919 3672 parabolam.
960 3606 1123 3660 Aries
1153 3607 1249 3677 qui
1278 3607 1428 3661 inter
1455 3624 1650 3679 vepres
1679 3608 1916 3661 haerens

289 3691 558 3746 cornibus
583 3703 844 3763 repertus
873 3701 976 3759 est,
1001 3701 1057 3750 et
1091 3697 1248 3750 Isaac
1271 3713 1447 3751 unum
1480 3697 1762 3752 Christum
1792 3697 1896 3751 ho-

288 3782 504 3834 minem
557 3787 616 3835 et
657 3782 838 3836 Deum
883 3783 1222 3854 significant.
1272 3786 1379 3840 Per
1421 3786 1526 3840 hoc
1555 3785 1728 3856 igitur
1746 3785 1894 3856 quod

285 3869 440 3923 aries
451 3871 684 3940 quidem
697 3878 785 3926 est
794 3872 1044 3928 immolat
1053 3875 1298 3938 us,Isaac
1309 3891 1439 3930 vero
1454 3881 1634 3930 morte
1646 3874 1893 3929 subtrac-

285 3959 788 4029 tus,significatum
809 3969 894 4016 est
914 3962 1198 4018 Christum
1210 3965 1516 4019 secundum
1530 3978 1753 4018 carnem
1770 3979 1893 4034 pas-

284 4049 722 4114 surum,secund
733 4067 825 4104 um
839 4067 968 4106 vero
985 4052 1353 4118 divinitatem,
1370 4053 1567 4108 mortis
1588 4051 1891 4106 discrimen

285 4152 401 4190 non
426 4153 550 4191 esse
563 4155 885 4193 sensurum.
916 4141 984 4194 Et
1008 4141 1112 4194 hoc
1139 4142 1287 4212 quod
1310 4142 1424 4196 ait:
1455 4143 1514 4195 in
1538 4140 1885 4212 parabolam,

285 4225 342 4278 id
369 4232 459 4279 est
476 4227 812 4298 allegoriam
831 4244 960 4282 eum
983 4230 1213 4301 accepit.
1244 4231 1436 4301 Ipsum
1458 4230 1604 4284 enim
1637 4231 1794 4301 prius
1815 4230 1886 4284 ad

285 4316 643 4372 moriendum
669 4319 844 4385 dedit,
877 4319 974 4374 sed
998 4328 1124 4391 post
1161 4322 1608 4392 experimentum
1641 4321 1772 4374 fidei
1802 4337 1888 4375 re-

280 4415 447 4474 perto
475 4406 654 4461 ariete
683 4408 755 4462 ad
798 4408 1096 4463 videndum
1120 4410 1348 4480 recepit.
1380 4411 1496 4464 Hoc
1524 4409 1630 4463 sibi
1656 4416 1887 4480 propter

279 4494 454 4548 fidem
484 4501 544 4549 et
570 4495 948 4551 obedientiam
972 4498 1182 4553 honore
1209 4499 1430 4565 collato,
1456 4505 1522 4552 ut
1548 4515 1647 4568 per
1675 4498 1775 4551 filii
1804 4498 1885 4552 vi-

2059 3337 2143 3394 10.
2156 3341 2438 3392 Meliorem
2454 3340 2790 3392 invenirent.
2807 3337 3099 3392 Meliorem
3111 3335 3582 3391 resurrectionem

1986 3435 2144 3482 vocat
2193 3427 2645 3481 excellentiorem
2708 3427 2947 3496 gloriam
3011 3427 3070 3480 in
3143 3424 3576 3489 resurrectione,

1981 3521 2192 3586 quanto
2219 3515 2368 3570 enim
2399 3516 2580 3586 magis
2610 3515 2733 3586 quis
2762 3514 2993 3586 patitur,
3025 3521 3183 3570 tanto
3209 3513 3389 3584 magis
3416 3528 3579 3567 coro-

1980 3605 2225 3658 nabitur.

2056 3693 2137 3751 11.
2175 3696 2242 3747 In
2271 3695 2500 3755 melotis,
2553 3698 2619 3748 in
2660 3695 2912 3763 pellibus.
2945 3691 3362 3746 Vestimentum
3389 3696 3476 3745 est
3511 3707 3577 3744 ex

1975 3781 2123 3853 pilis,
2149 3787 2213 3836 ut
2239 3781 2418 3849 aiunt,
2451 3782 2794 3836 camelorum
2818 3781 3048 3848 factum,
3078 3797 3188 3852 quo
3211 3781 3295 3834 vel
3326 3778 3570 3850 caprinis

1974 3869 2216 3941 pellibus
2245 3870 2372 3940 quis
2420 3869 2479 3923 in
2508 3869 2682 3924 veteri
2718 3871 2924 3941 populo
2954 3869 3276 3924 Judaeorum
3306 3885 3442 3923 usus
3471 3867 3566 3932 sit,

1973 3970 2167 4035 aperte
2194 3963 2485 4034 Scriptura
2503 3979 2616 4017 non
2637 3963 2774 4017 dicit
2795 3981 2806 4015 :
2836 3961 3086 4016 Joannes
3105 3968 3297 4016 autem
3315 3960 3572 4031 Baptista

1973 4069 2107 4108 usus
2136 4058 2242 4111 est.

2046 4141 2127 4198 12.
2163 4143 2674 4210 Repromissioncm.
2727 4138 3085 4194 Beatitudine
3128 4137 3448 4191 animarum
3481 4152 3566 4190 re-

1968 4236 2149 4301 cepta,
2180 4228 2515 4284 resurrectio
2545 4245 2866 4299 corporum,
2895 4244 3064 4298 quam
3081 4225 3290 4280 sanctis
3310 4223 3427 4278 suis
3440 4241 3566 4295 pro-

1969 4320 2123 4374 misit
2149 4321 2318 4384 Deus,
2353 4317 2478 4371 ideo
2526 4317 2709 4371 adhuc
2753 4317 3031 4382 differtur,
3082 4321 3147 4370 ut
3171 4313 3338 4368 simul
3366 4329 3563 4367 omnes

1967 4411 2652 4478 resurgamus,quatenus,
2665 4405 2726 4459 in
2749 4404 3034 4460 communi
3056 4402 3266 4474 gaudio
3285 4401 3563 4468 omnium,

1967 4499 2152 4568 majus
2175 4497 2271 4550 fiat
2301 4495 2674 4566 singulorum.

277 4591 422 4650 tam,
471 4584 784 4639 divinitatis
823 4586 1239 4656 signiﬁcaretur
1285 4604 1319 4641 a
1347 4593 1528 4642 morte
1559 4587 1945 4646 subtractio.B
2040 4587 2198 4641 CAP.
2228 4586 2350 4640 XII.
2382 4615 2450 4624 —
2488 4588 2534 4638 l.
2568 4584 2782 4640 LANFR.
2817 4584 3144 4652 Impositum
3174 4583 3392 4635 nubem.
3414 4579 3565 4634 Mul-

347 4673 402 4725 7.
443 4675 752 4742 Fastigium
779 4678 965 4744 virgas.
996 4677 1097 4730 Vel
1125 4682 1409 4747 sceptrum
1439 4676 1654 4730 ferebat
1676 4678 1884 4748 Joscph

277 4778 437 4816 more
459 4763 690 4816 secundi
715 4779 751 4817 a
779 4781 930 4834 rege.
963 4765 1065 4819 Vel
1093 4765 1382 4835 fastigium
1410 4766 1579 4836 virgae
1598 4765 1735 4820 dicit
1759 4766 1885 4820 alti-

276 4851 538 4905 tudinem
583 4852 878 4922 regiminis
929 4854 1069 4923 ejus,
1113 4871 1281 4925 quam
1321 4855 1678 4910 altitudinem
1711 4853 1881 4909 Jacob

274 4939 555 5005 adoravit,
589 4940 648 4994 id
695 4946 780 4994 est
828 4941 886 4995 in
924 4959 1148 4996 summa
1176 4944 1533 4998 veneratione
1563 4942 1778 4998 habuit.
1812 4944 1882 4998 Et

274 5027 382 5081 hoc
412 5029 544 5094 ﬁde,
581 5029 715 5100 quia
743 5047 776 5083 a
797 5031 914 5085 Deo
941 5031 1154 5086 factum
1186 5049 1307 5087 esse
1336 5033 1594 5088 credidit.

342 5116 399 5171 8.
431 5119 640 5186 Jephte,
673 5120 864 5173 David.
896 5120 1024 5174 Non
1049 5137 1115 5174 ex
1147 5138 1213 5176 eo
1243 5121 1472 5176 ducitur
1497 5121 1697 5192 Jephte
1720 5121 1779 5175 in
1803 5127 1882 5176 tes

273 5204 609 5260 stimonium
641 5207 790 5277 quod
823 5207 994 5262 filiam
1025 5209 1315 5273 occiderit,
1346 5210 1444 5263 sed
1496 5211 1643 5280 quod
1686 5227 1788 5281 per
1813 5211 1881 5263 ti-

273 5293 424 5360 dem,
457 5295 766 5364 adjuvante
801 5313 931 5351 eum
961 5298 1097 5363 Deo,
1121 5298 1314 5353 hostes
1334 5298 1701 5369 superaverit.
1730 5334 1733 5341 ι

342 5382 396 5438 9.
422 5386 763 5452 Acceperunt
791 5389 1078 5444 mulieres.
1121 5386 1272 5442 Ordo
1305 5402 1316 5436 ε
1350 5387 1612 5442 Mulieres
1647 5403 1872 5458 accepe-

274 5479 428 5537 runt,
461 5473 677 5527 scilicet
699 5490 735 5527 a
761 5474 971 5528 sanctis
999 5474 1101 5529 Dei
1136 5482 1390 5531 mortuos
1425 5493 1558 5530 suos
1590 5477 1660 5530 de
1689 5491 1880 5530 resur-

277 5562 546 5629 rectione,
578 5562 639 5616 id
697 5569 803 5628 est,
848 5569 1229 5634 resurgentes,
1282 5570 1347 5618 ut
1383 5564 1453 5619 ab
1496 5565 1617 5619 Elia
1651 5564 1880 5618 unicum

1968 4675 2266 4730 titudinem
2283 4678 2606 4728 sanctorum
2620 4678 2776 4727 vocat
2786 4669 3156 4742 nubem,quia
3168 4667 3349 4724 verbis
3358 4668 3564 4740 pluunt

1969 4768 2025 4817 et
2051 4762 2335 4816 miraculis
2363 4766 2676 4815 coruscant.

2023 4850 2087 4908 2.
2123 4852 2291 4907 Omne
2313 4851 2554 4920 pondus.
2588 4849 2814 4903 Pondus
2853 4854 3014 4903 vocat
3065 4852 3382 4920 peccatum,
3415 4847 3559 4902 sicut

1961 4942 2022 4996 in
2068 4940 2284 5012 psalmo
2317 4957 2329 4992 :
2365 4939 2639 5006 Quoniam
2673 4941 2998 5007 iniquitates
3038 4954 3166 4992 mea
3203 4953 3561 5006 supergressa:

1961 5037 2090 5085 sunt
2117 5034 2279 5098 caput
2317 5044 2539 5093 meum;
2585 5029 2726 5081 sicut
2771 5043 2909 5081 onus
2955 5043 3119 5095 grave
3158 5031 3401 5095 gravata:
3427 5031 3560 5080 sunt

1962 5135 2126 5188 super
2145 5135 2229 5172 me
2257 5120 2421 5183 (Psai.
2453 5118 2675 5184 xxxvn).

2031 5212 2085 5262 3.
2119 5210 2654 5272 Consu-mmatorem,
2678 5205 2734 5258 id
2750 5213 2855 5272 est,
2875 5204 2971 5275 qui
2999 5220 3102 5259 nos
3123 5201 3554 5268 consummabit,

1962 5297 2020 5351 id
2047 5301 2151 5364 est,
2191 5295 2394 5349 animae
2424 5300 2482 5348 et
2505 5295 2755 5366 corporis
2796 5293 3102 5364 perfectam
3150 5289 3557 5344 beatitudinem

1998 5384 2136 5440 abit.

1998 5386 2136 5440 abit.

1959 5386 1992 5440 ἀ
2031 5474 2083 5531 4.
2116 5475 2349 5531 Gaudio.
2378 5473 2480 5526 Vel
2512 5473 2672 5542 regni
2699 5469 2959 5537 caelestis,
3009 5468 3093 5522 vel
3123 5467 3284 5537 regni
3321 5467 3555 5536 terreni,

1964 5564 2113 5636 quod
2145 5563 2251 5617 sibi
2277 5562 2527 5617 oblatum
2552 5568 2655 5616 est.
