  <div class='ocr_page' id='page_1' title='image "/cluster/home/n/w/nwhite01/storage/ocr_20150623/150/hvd.32044054760087/207.png"; bbox 0 0 3978 6174; ppageno 0'>
   <div class='ocr_carea' id='block_1_1' title="bbox 456 202 3681 303">
    <p class='ocr_par' dir='ltr' id='par_1_1' title="bbox 456 202 3681 303">
     <span class='ocr_line' id='line_1_1' title="bbox 456 202 3681 303; baseline -0.002 -43"><span class='ocrx_word' id='word_1_1' title='bbox 456 204 572 281; x_wconf 68' lang='grc'>,403</span> <span class='ocrx_word' id='word_1_2' title='bbox 1440 205 1503 269; x_wconf 85' lang='grc' dir='ltr'>Β.</span> <span class='ocrx_word' id='word_1_3' title='bbox 1546 202 1967 293; x_wconf 82' lang='lat' dir='ltr'>LANFRANCI</span> <span class='ocrx_word' id='word_1_4' title='bbox 2006 203 2365 279; x_wconf 80' lang='lat' dir='ltr'>CANTUAR.</span> <span class='ocrx_word' id='word_1_5' title='bbox 2408 202 2745 257; x_wconf 87' lang='lat' dir='ltr'>ARCHIEP.</span> <span class='ocrx_word' id='word_1_6' title='bbox 3588 209 3681 303; x_wconf 48' lang='lat' dir='ltr'>40f;</span> 
     </span>
    </p>
   </div>
   <div class='ocr_carea' id='block_1_2' title="bbox 459 326 3686 409">
    <p class='ocr_par' dir='ltr' id='par_1_2' title="bbox 459 326 3686 409">
     <span class='ocr_line' id='line_1_2' title="bbox 459 326 3686 409; baseline -0 -23"><span class='ocrx_word' id='word_1_7' title='bbox 459 332 1028 409; x_wconf 66' lang='lat' dir='ltr'>guinemrestitistis,</span> <span class='ocrx_word' id='word_1_8' title='bbox 1059 331 1325 385; x_wconf 86' lang='lat' dir='ltr'>adversus</span> <span class='ocrx_word' id='word_1_9' title='bbox 1356 335 1646 404; x_wconf 89' lang='lat' dir='ltr'>peccatum</span> <span class='ocrx_word' id='word_1_10' title='bbox 1680 335 2075 407; x_wconf 84' lang='lat' dir='ltr'>repugnantes,</span> <span class='ocrx_word' id='word_1_11' title='bbox 2113 335 2169 381; x_wconf 90' lang='lat' dir='ltr'>et</span> <span class='ocrx_word' id='word_1_12' title='bbox 2198 327 2355 399; x_wconf 85' lang='lat' dir='ltr'>obliti</span> <span class='ocrx_word' id='word_1_13' title='bbox 2387 328 2521 380; x_wconf 83' lang='lat' dir='ltr'>estis</span> <span class='ocrx_word' id='word_1_14' title='bbox 2541 326 2954 406; x_wconf 60' lang='lat' dir='ltr'>consolationis,</span> <span class='ocrx_word' id='word_1_15' title='bbox 2985 343 3106 397; x_wconf 63' lang='lat' dir='ltr'>quae</span> <span class='ocrx_word' id='word_1_16' title='bbox 3130 326 3282 381; x_wconf 82' lang='lat' dir='ltr'>vobis</span> <span class='ocrx_word' id='word_1_17' title='bbox 3304 333 3557 399; x_wconf 81' lang='lat' dir='ltr'>tanquam</span> <span class='ocrx_word' id='word_1_18' title='bbox 3570 333 3686 385; x_wconf 85' lang='lat' dir='ltr'>ﬁliis</span> 
     </span>
    </p>
   </div>
   <div class='ocr_carea' id='block_1_3' title="bbox 462 404 3681 505">
    <p class='ocr_par' dir='ltr' id='par_1_3' title="bbox 462 404 3681 505">
     <span class='ocr_line' id='line_1_3' title="bbox 462 404 3681 505; baseline -0.002 -26"><span class='ocrx_word' id='word_1_19' title='bbox 462 404 733 505; x_wconf 60' lang='lat' dir='ltr'>ioqpitur,</span> <span class='ocrx_word' id='word_1_20' title='bbox 766 404 972 476; x_wconf 87' lang='lat' dir='ltr'>dicens.</span> <span class='ocrx_word' id='word_1_21' title='bbox 1117 419 1224 493; x_wconf 76' lang='lat' dir='ltr'>Fili</span> <span class='ocrx_word' id='word_1_22' title='bbox 1275 419 1367 483; x_wconf 90' lang='lat' dir='ltr'>mi,</span> <span class='ocrx_word' id='word_1_23' title='bbox 1417 420 1533 474; x_wconf 91' lang='lat' dir='ltr'>noli</span> <span class='ocrx_word' id='word_1_24' title='bbox 1573 404 1859 490; x_wconf 82' lang='lat' dir='ltr'>negligere</span> <span class='ocrx_word' id='word_1_25' title='bbox 1906 418 2257 488; x_wconf 83' lang='lat' dir='ltr'>disciplinam</span> <span class='ocrx_word' id='word_1_26' title='bbox 2292 417 2537 477; x_wconf 86' lang='lat' dir='ltr'>Domini,</span> <span class='ocrx_word' id='word_1_27' title='bbox 2584 404 2766 486; x_wconf 85' lang='lat' dir='ltr'>neque</span> <span class='ocrx_word' id='word_1_28' title='bbox 2809 414 3061 484; x_wconf 82' lang='lat' dir='ltr'>tatigeris</span> <span class='ocrx_word' id='word_1_29' title='bbox 3089 415 3221 469; x_wconf 88' lang='lat' dir='ltr'>dum</span> <span class='ocrx_word' id='word_1_30' title='bbox 3251 414 3318 469; x_wconf 89' lang='lat' dir='ltr'>ab</span> <span class='ocrx_word' id='word_1_31' title='bbox 3347 434 3409 470; x_wconf 94' lang='lat' dir='ltr'>eo</span> <span class='ocrx_word' id='word_1_32' title='bbox 3436 422 3681 487; x_wconf 88' lang='lat' dir='ltr'>argueris.</span> 
     </span>
    </p>
   </div>
   <div class='ocr_carea' id='block_1_4' title="bbox 468 492 3687 594">
    <p class='ocr_par' dir='ltr' id='par_1_4' title="bbox 468 492 3687 594">
     <span class='ocr_line' id='line_1_4' title="bbox 468 492 3687 594; baseline -0.002 -27"><span class='ocrx_word' id='word_1_33' title='bbox 686 492 864 575; x_wconf 82' lang='lat' dir='ltr'>Quem</span> <span class='ocrx_word' id='word_1_34' title='bbox 894 492 1039 562; x_wconf 85' lang='lat' dir='ltr'>enim</span> <span class='ocrx_word' id='word_1_35' title='bbox 1068 496 1253 578; x_wconf 81' lang='lat' dir='ltr'>diligit</span> <span class='ocrx_word' id='word_1_36' title='bbox 1276 509 1551 563; x_wconf 82' lang='lat' dir='ltr'>Dominus</span> <span class='ocrx_word' id='word_1_37' title='bbox 1581 509 1835 580; x_wconf 85' lang='lat' dir='ltr'>castigat,</span> <span class='ocrx_word' id='word_1_38' title='bbox 1869 508 2116 577; x_wconf 76' lang='lat' dir='ltr'>ﬂagellat</span> <span class='ocrx_word' id='word_1_39' title='bbox 2156 513 2342 559; x_wconf 84' lang='lat' dir='ltr'>autem</span> <span class='ocrx_word' id='word_1_40' title='bbox 2391 523 2609 559; x_wconf 83' lang='lat' dir='ltr'>onmem</span> <span class='ocrx_word' id='word_1_41' title='bbox 2656 506 2832 558; x_wconf 83' lang='lat' dir='ltr'>filium</span> <span class='ocrx_word' id='word_1_42' title='bbox 2881 520 3047 575; x_wconf 85' lang='lat' dir='ltr'>quem</span> <span class='ocrx_word' id='word_1_43' title='bbox 3078 504 3288 575; x_wconf 84' lang='lat' dir='ltr'>recipit.</span> <span class='ocrx_word' id='word_1_44' title='bbox 3321 507 3383 560; x_wconf 92' lang='lat' dir='ltr'>In</span> <span class='ocrx_word' id='word_1_45' title='bbox 3418 498 3687 578; x_wconf 82' lang='lat' dir='ltr'>disciplina</span> 
     </span>
    </p>
   </div>
   <div class='ocr_carea' id='block_1_5' title="bbox 465 578 3691 683">
    <p class='ocr_par' dir='ltr' id='par_1_5' title="bbox 465 578 3691 683">
     <span class='ocr_line' id='line_1_5' title="bbox 465 578 3691 683; baseline -0.002 -29"><span class='ocrx_word' id='word_1_46' title='bbox 465 578 835 683; x_wconf 32' lang='lat' dir='ltr'>pﬁerseverate.</span> <span class='ocrx_word' id='word_1_47' title='bbox 877 599 1166 667; x_wconf 84' lang='lat' dir='ltr'>Tanquam</span> <span class='ocrx_word' id='word_1_48' title='bbox 1196 597 1325 673; x_wconf 82' lang='lat' dir='ltr'>ﬁliis</span> <span class='ocrx_word' id='word_1_49' title='bbox 1353 598 1507 651; x_wconf 86' lang='lat' dir='ltr'>vobis</span> <span class='ocrx_word' id='word_1_50' title='bbox 1532 599 1695 673; x_wconf 78' lang='lat' dir='ltr'>oﬂert</span> <span class='ocrx_word' id='word_1_51' title='bbox 1723 616 1782 652; x_wconf 90' lang='lat' dir='ltr'>se</span> <span class='ocrx_word' id='word_1_52' title='bbox 1810 598 1986 663; x_wconf 82' lang='lat' dir='ltr'>Deus;</span> <span class='ocrx_word' id='word_1_53' title='bbox 2015 592 2138 666; x_wconf 85' lang='lat' dir='ltr'>quis</span> <span class='ocrx_word' id='word_1_54' title='bbox 2162 595 2309 648; x_wconf 87' lang='lat' dir='ltr'>enim</span> <span class='ocrx_word' id='word_1_55' title='bbox 2343 594 2489 665; x_wconf 83' lang='lat' dir='ltr'>ﬁlius</span> <span class='ocrx_word' id='word_1_56' title='bbox 2503 610 2669 664; x_wconf 84' lang='lat' dir='ltr'>quem</span> <span class='ocrx_word' id='word_1_57' title='bbox 2698 609 2809 646; x_wconf 91' lang='lat' dir='ltr'>non</span> <span class='ocrx_word' id='word_1_58' title='bbox 2830 590 3062 661; x_wconf 82' lang='lat' dir='ltr'>corripit</span> <span class='ocrx_word' id='word_1_59' title='bbox 3088 593 3278 662; x_wconf 87' lang='lat' dir='ltr'>pater?</span> <span class='ocrx_word' id='word_1_60' title='bbox 3308 593 3461 656; x_wconf 86' lang='lat' dir='ltr'>Quod</span> <span class='ocrx_word' id='word_1_61' title='bbox 3489 595 3532 647; x_wconf 91' lang='lat' dir='ltr'>si</span> <span class='ocrx_word' id='word_1_62' title='bbox 3548 602 3691 649; x_wconf 78' lang='lat' dir='ltr'>extra</span> 
     </span>
    </p>
   </div>
   <div class='ocr_carea' id='block_1_6' title="bbox 466 681 3691 761">
    <p class='ocr_par' dir='ltr' id='par_1_6' title="bbox 466 681 3691 761">
     <span class='ocr_line' id='line_1_6' title="bbox 466 681 3691 761; baseline -0.002 -18"><span class='ocrx_word' id='word_1_63' title='bbox 466 681 817 759; x_wconf 83' lang='lat' dir='ltr'>disciplinam</span> <span class='ocrx_word' id='word_1_64' title='bbox 848 686 982 756; x_wconf 80' lang='lat' dir='ltr'>estis</span> <span class='ocrx_word' id='word_1_65' title='bbox 1011 687 1171 761; x_wconf 83' lang='lat' dir='ltr'>cujus</span> <span class='ocrx_word' id='word_1_66' title='bbox 1203 687 1504 761; x_wconf 81' lang='lat' dir='ltr'>participes</span> <span class='ocrx_word' id='word_1_67' title='bbox 1532 687 1663 741; x_wconf 80' lang='lat' dir='ltr'>facti</span> <span class='ocrx_word' id='word_1_68' title='bbox 1693 693 1825 755; x_wconf 85' lang='lat' dir='ltr'>sunt</span> <span class='ocrx_word' id='word_1_69' title='bbox 1853 702 2066 749; x_wconf 89' lang='lat' dir='ltr'>omnes,</span> <span class='ocrx_word' id='word_1_70' title='bbox 2102 700 2233 753; x_wconf 87' lang='lat' dir='ltr'>ergo</span> <span class='ocrx_word' id='word_1_71' title='bbox 2265 682 2521 752; x_wconf 81' lang='lat' dir='ltr'>adulteri,</span> <span class='ocrx_word' id='word_1_72' title='bbox 2560 689 2617 736; x_wconf 91' lang='lat' dir='ltr'>et</span> <span class='ocrx_word' id='word_1_73' title='bbox 2662 698 2774 735; x_wconf 89' lang='lat' dir='ltr'>non</span> <span class='ocrx_word' id='word_1_74' title='bbox 2822 681 2922 734; x_wconf 85' lang='lat' dir='ltr'>ﬁlii</span> <span class='ocrx_word' id='word_1_75' title='bbox 2958 681 3112 733; x_wconf 86' lang='lat' dir='ltr'>estis.</span> <span class='ocrx_word' id='word_1_76' title='bbox 3141 681 3346 734; x_wconf 85' lang='lat' dir='ltr'>Deinde</span> <span class='ocrx_word' id='word_1_77' title='bbox 3374 687 3551 751; x_wconf 83' lang='lat' dir='ltr'>patres</span> <span class='ocrx_word' id='word_1_78' title='bbox 3579 684 3691 752; x_wconf 89' lang='lat' dir='ltr'>qui-</span> 
     </span>
    </p>
   </div>
   <div class='ocr_carea' id='block_1_7' title="bbox 466 768 3693 849">
    <p class='ocr_par' dir='ltr' id='par_1_7' title="bbox 466 768 3693 849">
     <span class='ocr_line' id='line_1_7' title="bbox 466 768 3693 849; baseline -0.003 -15"><span class='ocrx_word' id='word_1_79' title='bbox 466 778 595 835; x_wconf 86' lang='lat' dir='ltr'>dem</span> <span class='ocrx_word' id='word_1_80' title='bbox 625 775 808 829; x_wconf 89' lang='lat' dir='ltr'>carnis</span> <span class='ocrx_word' id='word_1_81' title='bbox 837 780 1059 841; x_wconf 78' lang='lat' dir='ltr'>nostrae,</span> <span class='ocrx_word' id='word_1_82' title='bbox 1091 775 1403 829; x_wconf 88' lang='lat' dir='ltr'>eruditores</span> <span class='ocrx_word' id='word_1_83' title='bbox 1435 775 1756 849; x_wconf 76' lang='lat' dir='ltr'>habuimus,</span> <span class='ocrx_word' id='word_1_84' title='bbox 1785 782 1841 830; x_wconf 91' lang='lat' dir='ltr'>et</span> <span class='ocrx_word' id='word_1_85' title='bbox 1868 773 2262 829; x_wconf 88' lang='lat' dir='ltr'>reverebamur</span> <span class='ocrx_word' id='word_1_86' title='bbox 2282 789 2396 825; x_wconf 92' lang='lat' dir='ltr'>eos.</span> <span class='ocrx_word' id='word_1_87' title='bbox 2432 771 2577 824; x_wconf 80' lang='lat' dir='ltr'>Num</span> <span class='ocrx_word' id='word_1_88' title='bbox 2613 770 2789 824; x_wconf 91' lang='lat' dir='ltr'>multo</span> <span class='ocrx_word' id='word_1_89' title='bbox 2822 771 3006 839; x_wconf 85' lang='lat' dir='ltr'>magis</span> <span class='ocrx_word' id='word_1_90' title='bbox 3034 768 3530 839; x_wconf 87' lang='lat' dir='ltr'>obtemperabimus</span> <span class='ocrx_word' id='word_1_91' title='bbox 3554 770 3693 824; x_wconf 85' lang='lat' dir='ltr'>Patri</span> 
     </span>
    </p>
   </div>
   <div class='ocr_carea' id='block_1_8' title="bbox 464 846 3696 947">
    <p class='ocr_par' dir='ltr' id='par_1_8' title="bbox 464 846 3696 947">
     <span class='ocr_line' id='line_1_8' title="bbox 464 846 3696 947; baseline -0.002 -28"><span class='ocrx_word' id='word_1_92' title='bbox 464 846 769 947; x_wconf 69' lang='lat' dir='ltr'>spirituum</span> <span class='ocrx_word' id='word_1_93' title='bbox 799 870 854 918; x_wconf 90' lang='lat' dir='ltr'>et</span> <span class='ocrx_word' id='word_1_94' title='bbox 880 865 1167 937; x_wconf 70' lang='lat' dir='ltr'>vivemus?</span> <span class='ocrx_word' id='word_1_95' title='bbox 1192 865 1262 935; x_wconf 84' lang='lat' dir='ltr'>Et</span> <span class='ocrx_word' id='word_1_96' title='bbox 1292 865 1371 917; x_wconf 91' lang='lat' dir='ltr'>illi</span> <span class='ocrx_word' id='word_1_97' title='bbox 1401 865 1627 937; x_wconf 87' lang='lat' dir='ltr'>quidem</span> <span class='ocrx_word' id='word_1_98' title='bbox 1660 865 1717 918; x_wconf 92' lang='lat' dir='ltr'>in</span> <span class='ocrx_word' id='word_1_99' title='bbox 1748 872 1998 937; x_wconf 87' lang='lat' dir='ltr'>tempore</span> <span class='ocrx_word' id='word_1_100' title='bbox 2027 878 2332 936; x_wconf 89' lang='lat' dir='ltr'>paucorum</span> <span class='ocrx_word' id='word_1_101' title='bbox 2355 860 2592 922; x_wconf 80' lang='lat' dir='ltr'>dierum,</span> <span class='ocrx_word' id='word_1_102' title='bbox 2618 859 2924 913; x_wconf 90' lang='lat' dir='ltr'>secundum</span> <span class='ocrx_word' id='word_1_103' title='bbox 2952 854 3290 912; x_wconf 82' lang='lat' dir='ltr'>voluntatem</span> <span class='ocrx_word' id='word_1_104' title='bbox 3320 874 3472 911; x_wconf 89' lang='lat' dir='ltr'>suam</span> <span class='ocrx_word' id='word_1_105' title='bbox 3492 859 3696 912; x_wconf 89' lang='lat' dir='ltr'>erudie-</span> 
     </span>
    </p>
   </div>
   <div class='ocr_carea' id='block_1_9' title="bbox 465 946 3694 1027">
    <p class='ocr_par' dir='ltr' id='par_1_9' title="bbox 465 946 3694 1027">
     <span class='ocr_line' id='line_1_9' title="bbox 465 946 3694 1027; baseline -0.003 -18"><span class='ocrx_word' id='word_1_106' title='bbox 465 946 604 1023; x_wconf 78' lang='lat' dir='ltr'>bant</span> <span class='ocrx_word' id='word_1_107' title='bbox 632 970 767 1022; x_wconf 86' lang='lat' dir='ltr'>nos;</span> <span class='ocrx_word' id='word_1_108' title='bbox 801 953 890 1027; x_wconf 80' lang='lat' dir='ltr'>hic</span> <span class='ocrx_word' id='word_1_109' title='bbox 919 958 1105 1027; x_wconf 91' lang='lat' dir='ltr'>autem</span> <span class='ocrx_word' id='word_1_110' title='bbox 1131 953 1201 1006; x_wconf 89' lang='lat' dir='ltr'>ad</span> <span class='ocrx_word' id='word_1_111' title='bbox 1229 953 1283 1006; x_wconf 92' lang='lat' dir='ltr'>id</span> <span class='ocrx_word' id='word_1_112' title='bbox 1315 954 1462 1025; x_wconf 90' lang='lat' dir='ltr'>quod</span> <span class='ocrx_word' id='word_1_113' title='bbox 1492 954 1629 1027; x_wconf 88' lang='lat' dir='ltr'>utile</span> <span class='ocrx_word' id='word_1_114' title='bbox 1658 960 1740 1007; x_wconf 91' lang='lat' dir='ltr'>est</span> <span class='ocrx_word' id='word_1_115' title='bbox 1771 955 1827 1007; x_wconf 92' lang='lat' dir='ltr'>in</span> <span class='ocrx_word' id='word_1_116' title='bbox 1857 953 2173 1024; x_wconf 89' lang='lat' dir='ltr'>recipiendo</span> <span class='ocrx_word' id='word_1_117' title='bbox 2202 949 2705 1003; x_wconf 83' lang='lat' dir='ltr'>sanctiﬁcationem</span> <span class='ocrx_word' id='word_1_118' title='bbox 2737 949 2877 1018; x_wconf 85' lang='lat' dir='ltr'>ejus.</span> <span class='ocrx_word' id='word_1_119' title='bbox 2912 947 3109 1003; x_wconf 88' lang='lat' dir='ltr'>Omnis</span> <span class='ocrx_word' id='word_1_120' title='bbox 3128 953 3314 1000; x_wconf 89' lang='lat' dir='ltr'>autem</span> <span class='ocrx_word' id='word_1_121' title='bbox 3340 946 3618 1025; x_wconf 81' lang='lat' dir='ltr'>disciplina</span> <span class='ocrx_word' id='word_1_122' title='bbox 3642 947 3694 999; x_wconf 92' lang='lat' dir='ltr'>in</span> 
     </span>
    </p>
   </div>
   <div class='ocr_carea' id='block_1_10' title="bbox 464 1026 3698 1117">
    <p class='ocr_par' dir='ltr' id='par_1_10' title="bbox 464 1026 3698 1117">
     <span class='ocr_line' id='line_1_10' title="bbox 464 1026 3698 1117; baseline -0.003 -21"><span class='ocrx_word' id='word_1_123' title='bbox 464 1042 730 1117; x_wconf 65' lang='lat' dir='ltr'>praesenti</span> <span class='ocrx_word' id='word_1_124' title='bbox 758 1026 984 1113; x_wconf 82' lang='lat' dir='ltr'>quidem</span> <span class='ocrx_word' id='word_1_125' title='bbox 1012 1042 1234 1111; x_wconf 83' lang='lat' dir='ltr'>videtur</span> <span class='ocrx_word' id='word_1_126' title='bbox 1254 1059 1364 1095; x_wconf 92' lang='lat' dir='ltr'>non</span> <span class='ocrx_word' id='word_1_127' title='bbox 1392 1026 1513 1096; x_wconf 89' lang='lat' dir='ltr'>esse</span> <span class='ocrx_word' id='word_1_128' title='bbox 1532 1042 1745 1114; x_wconf 83' lang='lat' dir='ltr'>gaudii,</span> <span class='ocrx_word' id='word_1_129' title='bbox 1778 1043 1874 1095; x_wconf 91' lang='lat' dir='ltr'>sed</span> <span class='ocrx_word' id='word_1_130' title='bbox 1904 1041 2159 1099; x_wconf 86' lang='lat' dir='ltr'>moeroris</span> <span class='ocrx_word' id='word_1_131' title='bbox 2184 1059 2197 1103; x_wconf 88' lang='lat'><strong>;</strong></span> <span class='ocrx_word' id='word_1_132' title='bbox 2228 1044 2421 1109; x_wconf 85' lang='lat' dir='ltr'>postea</span> <span class='ocrx_word' id='word_1_133' title='bbox 2452 1044 2639 1091; x_wconf 86' lang='lat' dir='ltr'>autem</span> <span class='ocrx_word' id='word_1_134' title='bbox 2665 1036 2717 1090; x_wconf 86' lang='lat'>6.</span> <span class='ocrx_word' id='word_1_135' title='bbox 2745 1037 2986 1109; x_wconf 86' lang='lat' dir='ltr'>fructum</span> <span class='ocrx_word' id='word_1_136' title='bbox 3015 1036 3429 1106; x_wconf 87' lang='lat' dir='ltr'>pacatissimum</span> <span class='ocrx_word' id='word_1_137' title='bbox 3456 1035 3698 1088; x_wconf 84' lang='lat' dir='ltr'>exercita-</span> 
     </span>
    </p>
   </div>
   <div class='ocr_carea' id='block_1_11' title="bbox 465 1126 3698 1207">
    <p class='ocr_par' dir='ltr' id='par_1_11' title="bbox 465 1126 3698 1207">
     <span class='ocr_line' id='line_1_11' title="bbox 465 1126 3698 1207; baseline -0.003 -23"><span class='ocrx_word' id='word_1_138' title='bbox 465 1130 541 1204; x_wconf 77' lang='lat' dir='ltr'>tis</span> <span class='ocrx_word' id='word_1_139' title='bbox 564 1148 671 1204; x_wconf 86' lang='lat' dir='ltr'>per</span> <span class='ocrx_word' id='word_1_140' title='bbox 716 1147 840 1184; x_wconf 90' lang='lat' dir='ltr'>eam</span> <span class='ocrx_word' id='word_1_141' title='bbox 882 1130 1081 1207; x_wconf 85' lang='lat' dir='ltr'>reddet</span> <span class='ocrx_word' id='word_1_142' title='bbox 1125 1130 1376 1199; x_wconf 67' lang='lat' dir='ltr'>iustitiae.</span> <span class='ocrx_word' id='word_1_143' title='bbox 1441 1132 1677 1202; x_wconf 87' lang='lat' dir='ltr'>Pr0pter</span> <span class='ocrx_word' id='word_1_144' title='bbox 1722 1131 1889 1203; x_wconf 89' lang='lat' dir='ltr'>quod,</span> <span class='ocrx_word' id='word_1_145' title='bbox 1922 1132 2185 1184; x_wconf 89' lang='lat' dir='ltr'>remissas</span> <span class='ocrx_word' id='word_1_146' title='bbox 2217 1145 2416 1181; x_wconf 87' lang='lat' dir='ltr'>manus</span> <span class='ocrx_word' id='word_1_147' title='bbox 2448 1134 2503 1180; x_wconf 88' lang='lat' dir='ltr'>et</span> <span class='ocrx_word' id='word_1_148' title='bbox 2534 1128 2717 1179; x_wconf 70' lang='lat' dir='ltr'>soluta</span> <span class='ocrx_word' id='word_1_149' title='bbox 2745 1143 2931 1196; x_wconf 90' lang='lat' dir='ltr'>genua</span> <span class='ocrx_word' id='word_1_150' title='bbox 2960 1126 3175 1195; x_wconf 80' lang='lat' dir='ltr'>erigite,</span> <span class='ocrx_word' id='word_1_151' title='bbox 3205 1130 3261 1179; x_wconf 90' lang='lat' dir='ltr'>et</span> <span class='ocrx_word' id='word_1_152' title='bbox 3286 1141 3507 1195; x_wconf 84' lang='lat' dir='ltr'>gressus</span> <span class='ocrx_word' id='word_1_153' title='bbox 3533 1129 3698 1175; x_wconf 86' lang='lat' dir='ltr'>rectos</span> 
     </span>
    </p>
   </div>
   <div class='ocr_carea' id='block_1_12' title="bbox 464 1213 3699 1291">
    <p class='ocr_par' dir='ltr' id='par_1_12' title="bbox 464 1213 3699 1291">
     <span class='ocr_line' id='line_1_12' title="bbox 464 1213 3699 1291; baseline -0.002 -19"><span class='ocrx_word' id='word_1_154' title='bbox 464 1218 631 1289; x_wconf 69' lang='lat' dir='ltr'>facite</span> <span class='ocrx_word' id='word_1_155' title='bbox 653 1218 704 1272; x_wconf 92' lang='lat'>7.</span> <span class='ocrx_word' id='word_1_156' title='bbox 738 1216 973 1291; x_wconf 81' lang='lat' dir='ltr'>pedibus</span> <span class='ocrx_word' id='word_1_157' title='bbox 1000 1218 1219 1286; x_wconf 81' lang='lat' dir='ltr'>vestris,</span> <span class='ocrx_word' id='word_1_158' title='bbox 1250 1224 1313 1271; x_wconf 93' lang='lat' dir='ltr'>ut</span> <span class='ocrx_word' id='word_1_159' title='bbox 1335 1234 1447 1272; x_wconf 90' lang='lat' dir='ltr'>non</span> <span class='ocrx_word' id='word_1_160' title='bbox 1476 1218 1793 1272; x_wconf 88' lang='lat' dir='ltr'>claudicans</span> <span class='ocrx_word' id='word_1_161' title='bbox 1824 1219 1948 1289; x_wconf 90' lang='lat' dir='ltr'>quis</span> <span class='ocrx_word' id='word_1_162' title='bbox 1977 1224 2145 1283; x_wconf 85' lang='lat' dir='ltr'>erret,</span> <span class='ocrx_word' id='word_1_163' title='bbox 2178 1217 2357 1285; x_wconf 85' lang='lat' dir='ltr'>magis</span> <span class='ocrx_word' id='word_1_164' title='bbox 2386 1223 2573 1269; x_wconf 90' lang='lat' dir='ltr'>autem</span> <span class='ocrx_word' id='word_1_165' title='bbox 2606 1222 2853 1269; x_wconf 87' lang='lat' dir='ltr'>sanetur.</span> <span class='ocrx_word' id='word_1_166' title='bbox 2886 1216 3087 1268; x_wconf 88' lang='lat' dir='ltr'>Pacem</span> <span class='ocrx_word' id='word_1_167' title='bbox 3120 1213 3413 1285; x_wconf 87' lang='lat' dir='ltr'>sequimini</span> <span class='ocrx_word' id='word_1_168' title='bbox 3442 1229 3561 1266; x_wconf 92' lang='lat' dir='ltr'>cum</span> <span class='ocrx_word' id='word_1_169' title='bbox 3590 1227 3699 1264; x_wconf 83' lang='lat' dir='ltr'>om-</span> 
     </span>
    </p>
   </div>
   <div class='ocr_carea' id='block_1_13' title="bbox 465 1301 3701 1379">
    <p class='ocr_par' dir='ltr' id='par_1_13' title="bbox 465 1301 3701 1379">
     <span class='ocr_line' id='line_1_13' title="bbox 465 1301 3701 1379; baseline -0.003 -19"><span class='ocrx_word' id='word_1_170' title='bbox 465 1306 652 1379; x_wconf 79' lang='lat' dir='ltr'>nibus,</span> <span class='ocrx_word' id='word_1_171' title='bbox 686 1312 743 1361; x_wconf 86' lang='lat' dir='ltr'>et</span> <span class='ocrx_word' id='word_1_172' title='bbox 763 1307 1212 1371; x_wconf 80' lang='lat' dir='ltr'>sanctimoniam,</span> <span class='ocrx_word' id='word_1_173' title='bbox 1246 1308 1366 1361; x_wconf 87' lang='lat' dir='ltr'>sine</span> <span class='ocrx_word' id='word_1_174' title='bbox 1415 1323 1526 1378; x_wconf 90' lang='lat' dir='ltr'>qua</span> <span class='ocrx_word' id='word_1_175' title='bbox 1567 1324 1732 1361; x_wconf 90' lang='lat' dir='ltr'>nemo</span> <span class='ocrx_word' id='word_1_176' title='bbox 1764 1308 1968 1361; x_wconf 84' lang='lat' dir='ltr'>videbit</span> <span class='ocrx_word' id='word_1_177' title='bbox 1993 1307 2208 1373; x_wconf 91' lang='lat' dir='ltr'>Deum;</span> <span class='ocrx_word' id='word_1_178' title='bbox 2251 1307 2693 1376; x_wconf 81' lang='lat' dir='ltr'>contemplantes</span> <span class='ocrx_word' id='word_1_179' title='bbox 2715 1322 2783 1358; x_wconf 93' lang='lat' dir='ltr'>ne</span> <span class='ocrx_word' id='word_1_180' title='bbox 2806 1304 2930 1375; x_wconf 88' lang='lat' dir='ltr'>quis</span> <span class='ocrx_word' id='word_1_181' title='bbox 2959 1304 3106 1358; x_wconf 88' lang='lat' dir='ltr'>desit</span> <span class='ocrx_word' id='word_1_182' title='bbox 3133 1305 3328 1374; x_wconf 69' lang='lat' dir='ltr'>gratia:</span> <span class='ocrx_word' id='word_1_183' title='bbox 3359 1301 3475 1358; x_wconf 86' lang='lat' dir='ltr'>Dei.</span> <span class='ocrx_word' id='word_1_184' title='bbox 3506 1317 3571 1353; x_wconf 88' lang='lat' dir='ltr'>ne</span> <span class='ocrx_word' id='word_1_185' title='bbox 3601 1316 3701 1369; x_wconf 86' lang='lat' dir='ltr'>qua</span> 
     </span>
    </p>
   </div>
   <div class='ocr_carea' id='block_1_14' title="bbox 465 1391 3702 1471">
    <p class='ocr_par' dir='ltr' id='par_1_14' title="bbox 465 1391 3702 1471">
     <span class='ocr_line' id='line_1_14' title="bbox 465 1391 3702 1471; baseline -0.002 -23"><span class='ocrx_word' id='word_1_186' title='bbox 465 1395 627 1471; x_wconf 66' lang='lat' dir='ltr'>radix</span> <span class='ocrx_word' id='word_1_187' title='bbox 654 1395 1048 1457; x_wconf 85' lang='lat' dir='ltr'>amaritudinis</span> <span class='ocrx_word' id='word_1_188' title='bbox 1076 1413 1295 1449; x_wconf 87' lang='lat' dir='ltr'>sursum</span> <span class='ocrx_word' id='word_1_189' title='bbox 1318 1396 1643 1469; x_wconf 84' lang='lat' dir='ltr'>germinans</span> <span class='ocrx_word' id='word_1_190' title='bbox 1662 1396 1951 1468; x_wconf 82' lang='lat' dir='ltr'>impediat,</span> <span class='ocrx_word' id='word_1_191' title='bbox 1976 1403 2033 1450; x_wconf 92' lang='lat' dir='ltr'>et</span> <span class='ocrx_word' id='word_1_192' title='bbox 2062 1415 2161 1468; x_wconf 90' lang='lat' dir='ltr'>per</span> <span class='ocrx_word' id='word_1_193' title='bbox 2189 1397 2344 1469; x_wconf 85' lang='lat' dir='ltr'>illam</span> <span class='ocrx_word' id='word_1_194' title='bbox 2372 1396 2739 1466; x_wconf 89' lang='lat' dir='ltr'>inquinentur</span> <span class='ocrx_word' id='word_1_195' title='bbox 2768 1394 2951 1450; x_wconf 89' lang='lat' dir='ltr'>multi.</span> <span class='ocrx_word' id='word_1_196' title='bbox 2988 1393 3076 1447; x_wconf 90' lang='lat' dir='ltr'>Ne</span> <span class='ocrx_word' id='word_1_197' title='bbox 3116 1393 3241 1467; x_wconf 90' lang='lat' dir='ltr'>quis</span> <span class='ocrx_word' id='word_1_198' title='bbox 3277 1391 3587 1449; x_wconf 80' lang='lat' dir='ltr'>fornicator.</span> <span class='ocrx_word' id='word_1_199' title='bbox 3616 1394 3702 1440; x_wconf 91' lang='lat' dir='ltr'>aut</span> 
     </span>
    </p>
   </div>
   <div class='ocr_carea' id='block_1_15' title="bbox 466 1482 3703 1563">
    <p class='ocr_par' dir='ltr' id='par_1_15' title="bbox 466 1482 3703 1563">
     <span class='ocr_line' id='line_1_15' title="bbox 466 1482 3703 1563; baseline -0.002 -27"><span class='ocrx_word' id='word_1_200' title='bbox 466 1484 737 1557; x_wconf 78' lang='lat' dir='ltr'>profanus</span> <span class='ocrx_word' id='word_1_201' title='bbox 766 1489 830 1557; x_wconf 79' lang='lat' dir='ltr'>ut</span> <span class='ocrx_word' id='word_1_202' title='bbox 858 1483 1026 1543; x_wconf 88' lang='lat' dir='ltr'>Esau,</span> <span class='ocrx_word' id='word_1_203' title='bbox 1059 1485 1152 1559; x_wconf 89' lang='lat' dir='ltr'>qui</span> <span class='ocrx_word' id='word_1_204' title='bbox 1181 1492 1410 1557; x_wconf 90' lang='lat' dir='ltr'>propter</span> <span class='ocrx_word' id='word_1_205' title='bbox 1440 1501 1605 1537; x_wconf 90' lang='lat' dir='ltr'>unam</span> <span class='ocrx_word' id='word_1_206' title='bbox 1644 1502 1826 1538; x_wconf 88' lang='lat' dir='ltr'>escam</span> <span class='ocrx_word' id='word_1_207' title='bbox 1872 1486 2121 1541; x_wconf 89' lang='lat' dir='ltr'>vendidit</span> <span class='ocrx_word' id='word_1_208' title='bbox 2160 1486 2444 1563; x_wconf 85' lang='lat' dir='ltr'>primitiva</span> <span class='ocrx_word' id='word_1_209' title='bbox 2482 1502 2601 1538; x_wconf 88' lang='lat' dir='ltr'>sua.</span> <span class='ocrx_word' id='word_1_210' title='bbox 2642 1482 2695 1539; x_wconf 89' lang='lat'>8.</span> <span class='ocrx_word' id='word_1_211' title='bbox 2728 1485 2936 1539; x_wconf 87' lang='lat' dir='ltr'>Scitote</span> <span class='ocrx_word' id='word_1_212' title='bbox 2956 1484 3104 1537; x_wconf 90' lang='lat' dir='ltr'>enim</span> <span class='ocrx_word' id='word_1_213' title='bbox 3140 1482 3403 1553; x_wconf 88' lang='lat' dir='ltr'>quoniam</span> <span class='ocrx_word' id='word_1_214' title='bbox 3450 1484 3504 1532; x_wconf 90' lang='lat' dir='ltr'>et</span> <span class='ocrx_word' id='word_1_215' title='bbox 3528 1482 3703 1548; x_wconf 87' lang='lat' dir='ltr'>postea</span> 
     </span>
    </p>
   </div>
   <div class='ocr_carea' id='block_1_16' title="bbox 465 1561 3700 1649">
    <p class='ocr_par' dir='ltr' id='par_1_16' title="bbox 465 1561 3700 1649">
     <span class='ocr_line' id='line_1_16' title="bbox 465 1561 3700 1649; baseline -0.002 -24"><span class='ocrx_word' id='word_1_216' title='bbox 465 1561 697 1649; x_wconf 59' lang='lat' dir='ltr'>:cupiens</span> <span class='ocrx_word' id='word_1_217' title='bbox 727 1570 1059 1647; x_wconf 39' lang='lat' dir='ltr'>h&#39;aereditare</span> <span class='ocrx_word' id='word_1_218' title='bbox 1077 1572 1544 1639; x_wconf 89' lang='lat' dir='ltr'>benedictionem,</span> <span class='ocrx_word' id='word_1_219' title='bbox 1577 1571 1907 1645; x_wconf 83' lang='lat' dir='ltr'>reprobatus</span> <span class='ocrx_word' id='word_1_220' title='bbox 1937 1582 2053 1637; x_wconf 81' lang='lat' dir='ltr'>est;</span> <span class='ocrx_word' id='word_1_221' title='bbox 2076 1561 2187 1630; x_wconf 86' lang='lat' dir='ltr'>non</span> <span class='ocrx_word' id='word_1_222' title='bbox 2217 1576 2365 1629; x_wconf 88' lang='lat' dir='ltr'>enim</span> <span class='ocrx_word' id='word_1_223' title='bbox 2396 1572 2609 1627; x_wconf 85' lang='lat' dir='ltr'>invenit</span> <span class='ocrx_word' id='word_1_224' title='bbox 2637 1573 2982 1643; x_wconf 78' lang='lat' dir='ltr'>poenitentiae</span> <span class='ocrx_word' id='word_1_225' title='bbox 3012 1573 3215 1637; x_wconf 89' lang='lat' dir='ltr'>locum,</span> <span class='ocrx_word' id='word_1_226' title='bbox 3248 1583 3560 1645; x_wconf 85' lang='lat' dir='ltr'>quanquam</span> <span class='ocrx_word' id='word_1_227' title='bbox 3588 1582 3700 1619; x_wconf 91' lang='lat' dir='ltr'>cum</span> 
     </span>
    </p>
   </div>
   <div class='ocr_carea' id='block_1_17' title="bbox 463 1658 3700 1737">
    <p class='ocr_par' dir='ltr' id='par_1_17' title="bbox 463 1658 3700 1737">
     <span class='ocr_line' id='line_1_17' title="bbox 463 1658 3700 1737; baseline -0.002 -24"><span class='ocrx_word' id='word_1_228' title='bbox 463 1658 729 1737; x_wconf 77' lang='lat' dir='ltr'>Iacrymis</span> <span class='ocrx_word' id='word_1_229' title='bbox 757 1661 1082 1735; x_wconf 85' lang='lat' dir='ltr'>inquisisset</span> <span class='ocrx_word' id='word_1_230' title='bbox 1110 1678 1256 1714; x_wconf 88' lang='lat' dir='ltr'>eam.</span> <span class='ocrx_word' id='word_1_231' title='bbox 1287 1659 1339 1715; x_wconf 83' lang='lat'>9.</span> <span class='ocrx_word' id='word_1_232' title='bbox 1368 1663 1493 1715; x_wconf 87' lang='lat' dir='ltr'>Non</span> <span class='ocrx_word' id='word_1_233' title='bbox 1521 1662 1672 1715; x_wconf 86' lang='lat' dir='ltr'>enim</span> <span class='ocrx_word' id='word_1_234' title='bbox 1701 1664 2010 1717; x_wconf 87' lang='lat' dir='ltr'>accessistis</span> <span class='ocrx_word' id='word_1_235' title='bbox 2040 1665 2110 1718; x_wconf 91' lang='lat' dir='ltr'>ad</span> <span class='ocrx_word' id='word_1_236' title='bbox 2136 1663 2485 1717; x_wconf 87' lang='lat' dir='ltr'>tractabilem</span> <span class='ocrx_word' id='word_1_237' title='bbox 2516 1671 2764 1716; x_wconf 76' lang='lat' dir='ltr'>montem</span> <span class='ocrx_word' id='word_1_238' title='bbox 2795 1667 2850 1716; x_wconf 90' lang='lat' dir='ltr'>et</span> <span class='ocrx_word' id='word_1_239' title='bbox 2880 1661 3268 1715; x_wconf 88' lang='lat' dir='ltr'>accensibilem</span> <span class='ocrx_word' id='word_1_240' title='bbox 3298 1659 3502 1730; x_wconf 76' lang='lat' dir='ltr'>ignem,</span> <span class='ocrx_word' id='word_1_241' title='bbox 3532 1662 3585 1709; x_wconf 91' lang='lat' dir='ltr'>et</span> <span class='ocrx_word' id='word_1_242' title='bbox 3601 1661 3700 1708; x_wconf 90' lang='lat' dir='ltr'>tur-</span> 
     </span>
    </p>
   </div>
   <div class='ocr_carea' id='block_1_18' title="bbox 462 1747 3704 1823">
    <p class='ocr_par' dir='ltr' id='par_1_18' title="bbox 462 1747 3704 1823">
     <span class='ocr_line' id='line_1_18' title="bbox 462 1747 3704 1823; baseline -0.002 -20"><span class='ocrx_word' id='word_1_243' title='bbox 462 1748 673 1823; x_wconf 67' lang='lat' dir='ltr'>hinem,</span> <span class='ocrx_word' id='word_1_244' title='bbox 707 1754 763 1803; x_wconf 90' lang='lat' dir='ltr'>et</span> <span class='ocrx_word' id='word_1_245' title='bbox 787 1750 1105 1821; x_wconf 69' lang='lat' dir='ltr'>caliginem,</span> <span class='ocrx_word' id='word_1_246' title='bbox 1128 1755 1184 1823; x_wconf 81' lang='lat' dir='ltr'>et</span> <span class='ocrx_word' id='word_1_247' title='bbox 1206 1751 1526 1820; x_wconf 83' lang='lat' dir='ltr'>procellam,</span> <span class='ocrx_word' id='word_1_248' title='bbox 1551 1756 1608 1804; x_wconf 90' lang='lat' dir='ltr'>et</span> <span class='ocrx_word' id='word_1_249' title='bbox 1622 1749 1769 1804; x_wconf 65' lang='lat' dir='ltr'>tuba;</span> <span class='ocrx_word' id='word_1_250' title='bbox 1798 1768 2018 1817; x_wconf 82' lang='lat' dir='ltr'>sonum,</span> <span class='ocrx_word' id='word_1_251' title='bbox 2043 1759 2100 1805; x_wconf 92' lang='lat' dir='ltr'>et</span> <span class='ocrx_word' id='word_1_252' title='bbox 2123 1769 2313 1805; x_wconf 89' lang='lat' dir='ltr'>vocem</span> <span class='ocrx_word' id='word_1_253' title='bbox 2341 1751 2654 1815; x_wconf 84' lang='lat' dir='ltr'>verborum,</span> <span class='ocrx_word' id='word_1_254' title='bbox 2686 1768 2855 1821; x_wconf 90' lang='lat' dir='ltr'>quam</span> <span class='ocrx_word' id='word_1_255' title='bbox 2884 1751 2978 1821; x_wconf 87' lang='lat' dir='ltr'>qui</span> <span class='ocrx_word' id='word_1_256' title='bbox 2999 1749 3305 1821; x_wconf 87' lang='lat' dir='ltr'>audierunt</span> <span class='ocrx_word' id='word_1_257' title='bbox 3324 1747 3704 1800; x_wconf 85' lang='lat' dir='ltr'>excusaverunt</span> 
     </span>
    </p>
   </div>
   <div class='ocr_carea' id='block_1_19' title="bbox 462 1831 3701 1913">
    <p class='ocr_par' dir='ltr' id='par_1_19' title="bbox 462 1831 3701 1913">
     <span class='ocr_line' id='line_1_19' title="bbox 462 1831 3701 1913; baseline -0.003 -21"><span class='ocrx_word' id='word_1_258' title='bbox 462 1854 525 1913; x_wconf 75' lang='lat' dir='ltr'>se</span> <span class='ocrx_word' id='word_1_259' title='bbox 554 1855 626 1892; x_wconf 91' lang='lat' dir='ltr'>ne</span> <span class='ocrx_word' id='word_1_260' title='bbox 656 1837 735 1891; x_wconf 89' lang='lat' dir='ltr'>eis</span> <span class='ocrx_word' id='word_1_261' title='bbox 762 1839 924 1892; x_wconf 87' lang='lat' dir='ltr'>ﬁeret</span> <span class='ocrx_word' id='word_1_262' title='bbox 946 1838 1194 1907; x_wconf 78' lang='lat' dir='ltr'>verbum.</span> <span class='ocrx_word' id='word_1_263' title='bbox 1232 1838 1357 1907; x_wconf 88' lang='lat' dir='ltr'>Non</span> <span class='ocrx_word' id='word_1_264' title='bbox 1389 1838 1537 1893; x_wconf 89' lang='lat' dir='ltr'>enim</span> <span class='ocrx_word' id='word_1_265' title='bbox 1566 1839 1868 1910; x_wconf 84' lang='lat' dir='ltr'>portabant</span> <span class='ocrx_word' id='word_1_266' title='bbox 1888 1840 2030 1910; x_wconf 91' lang='lat' dir='ltr'>quod</span> <span class='ocrx_word' id='word_1_267' title='bbox 2065 1840 2354 1894; x_wconf 88' lang='lat' dir='ltr'>dicebatur</span> <span class='ocrx_word' id='word_1_268' title='bbox 2380 1859 2390 1893; x_wconf 93' lang='lat'><strong>:</strong></span> <span class='ocrx_word' id='word_1_269' title='bbox 2426 1848 2480 1893; x_wconf 92' lang='lat' dir='ltr'>et</span> <span class='ocrx_word' id='word_1_270' title='bbox 2509 1841 2554 1893; x_wconf 90' lang='lat' dir='ltr'>si</span> <span class='ocrx_word' id='word_1_271' title='bbox 2589 1839 2766 1894; x_wconf 87' lang='lat' dir='ltr'>bestia</span> <span class='ocrx_word' id='word_1_272' title='bbox 2792 1839 3042 1909; x_wconf 77' lang='lat' dir='ltr'>tetigerit</span> <span class='ocrx_word' id='word_1_273' title='bbox 3071 1844 3338 1901; x_wconf 87' lang='lat' dir='ltr'>montem,</span> <span class='ocrx_word' id='word_1_274' title='bbox 3365 1831 3701 1907; x_wconf 88' lang='lat' dir='ltr'>Iapidabitur.</span> 
     </span>
    </p>
   </div>
   <div class='ocr_carea' id='block_1_20' title="bbox 463 1919 3702 2001">
    <p class='ocr_par' dir='ltr' id='par_1_20' title="bbox 463 1919 3702 2001">
     <span class='ocr_line' id='line_1_20' title="bbox 463 1919 3702 2001; baseline -0.003 -21"><span class='ocrx_word' id='word_1_275' title='bbox 463 1927 535 1987; x_wconf 86' lang='lat' dir='ltr'>Et</span> <span class='ocrx_word' id='word_1_276' title='bbox 553 1926 633 1993; x_wconf 86' lang='lat' dir='ltr'>ita</span> <span class='ocrx_word' id='word_1_277' title='bbox 664 1926 914 2001; x_wconf 80' lang='lat' dir='ltr'>terribile</span> <span class='ocrx_word' id='word_1_278' title='bbox 942 1933 1062 1981; x_wconf 89' lang='lat' dir='ltr'>erat</span> <span class='ocrx_word' id='word_1_279' title='bbox 1091 1927 1238 1997; x_wconf 91' lang='lat' dir='ltr'>quod</span> <span class='ocrx_word' id='word_1_280' title='bbox 1264 1925 1575 2001; x_wconf 87' lang='lat' dir='ltr'>videbatur.</span> <span class='ocrx_word' id='word_1_281' title='bbox 1597 1927 1815 1997; x_wconf 86' lang='lat' dir='ltr'>Moyses</span> <span class='ocrx_word' id='word_1_282' title='bbox 1849 1928 1987 1981; x_wconf 88' lang='lat' dir='ltr'>dixit</span> <span class='ocrx_word' id='word_1_283' title='bbox 2016 1946 2027 1981; x_wconf 87' lang='lat'><strong>:</strong></span> <span class='ocrx_word' id='word_1_284' title='bbox 2062 1929 2371 1982; x_wconf 83' lang='lat' dir='ltr'>Exterritus</span> <span class='ocrx_word' id='word_1_285' title='bbox 2399 1946 2522 1983; x_wconf 89' lang='lat' dir='ltr'>sum</span> <span class='ocrx_word' id='word_1_286' title='bbox 2553 1935 2608 1982; x_wconf 90' lang='lat' dir='ltr'>et</span> <span class='ocrx_word' id='word_1_287' title='bbox 2636 1927 3058 1982; x_wconf 88' lang='lat' dir='ltr'>tremebundus.</span> <span class='ocrx_word' id='word_1_288' title='bbox 3088 1926 3166 1982; x_wconf 86' lang='lat'>10.</span> <span class='ocrx_word' id='word_1_289' title='bbox 3204 1927 3311 1981; x_wconf 90' lang='lat' dir='ltr'>Sed</span> <span class='ocrx_word' id='word_1_290' title='bbox 3337 1919 3702 1978; x_wconf 85' lang='lat' dir='ltr'>accessistisad</span> 
     </span>
    </p>
   </div>
   <div class='ocr_carea' id='block_1_21' title="bbox 465 2007 3701 2089">
    <p class='ocr_par' dir='ltr' id='par_1_21' title="bbox 465 2007 3701 2089">
     <span class='ocr_line' id='line_1_21' title="bbox 465 2007 3701 2089; baseline -0.002 -22"><span class='ocrx_word' id='word_1_291' title='bbox 465 2007 601 2068; x_wconf 84' lang='lat' dir='ltr'>Sion</span> <span class='ocrx_word' id='word_1_292' title='bbox 629 2019 875 2083; x_wconf 86' lang='lat' dir='ltr'>montem</span> <span class='ocrx_word' id='word_1_293' title='bbox 909 2019 965 2067; x_wconf 92' lang='lat' dir='ltr'>et</span> <span class='ocrx_word' id='word_1_294' title='bbox 995 2013 1277 2089; x_wconf 82' lang='lat' dir='ltr'>civitatem</span> <span class='ocrx_word' id='word_1_295' title='bbox 1307 2014 1407 2068; x_wconf 91' lang='lat' dir='ltr'>Dei</span> <span class='ocrx_word' id='word_1_296' title='bbox 1436 2013 1684 2080; x_wconf 85' lang='lat' dir='ltr'>viventis,</span> <span class='ocrx_word' id='word_1_297' title='bbox 1725 2016 2036 2069; x_wconf 88' lang='lat' dir='ltr'>Jerusalem</span> <span class='ocrx_word' id='word_1_298' title='bbox 2070 2017 2373 2078; x_wconf 64' lang='lat' dir='ltr'>caelestem,</span> <span class='ocrx_word' id='word_1_299' title='bbox 2406 2024 2462 2071; x_wconf 90' lang='lat' dir='ltr'>et</span> <span class='ocrx_word' id='word_1_300' title='bbox 2493 2018 2796 2071; x_wconf 90' lang='lat' dir='ltr'>multorum</span> <span class='ocrx_word' id='word_1_301' title='bbox 2828 2016 3066 2069; x_wconf 88' lang='lat' dir='ltr'>millium</span> <span class='ocrx_word' id='word_1_302' title='bbox 3103 2015 3432 2086; x_wconf 82' lang='lat' dir='ltr'>angelorum</span> <span class='ocrx_word' id='word_1_303' title='bbox 3456 2010 3701 2080; x_wconf 86' lang='lat' dir='ltr'>frequen-</span> 
     </span>
    </p>
   </div>
   <div class='ocr_carea' id='block_1_22' title="bbox 462 2096 3704 2179">
    <p class='ocr_par' dir='ltr' id='par_1_22' title="bbox 462 2096 3704 2179">
     <span class='ocr_line' id='line_1_22' title="bbox 462 2096 3704 2179; baseline -0.002 -24"><span class='ocrx_word' id='word_1_304' title='bbox 462 2096 622 2175; x_wconf 66' lang='lat' dir='ltr'>tiam,</span> <span class='ocrx_word' id='word_1_305' title='bbox 655 2108 711 2157; x_wconf 93' lang='lat' dir='ltr'>et</span> <span class='ocrx_word' id='word_1_306' title='bbox 738 2102 1041 2179; x_wconf 84' lang='lat' dir='ltr'>Ecclesiam</span> <span class='ocrx_word' id='word_1_307' title='bbox 1072 2102 1482 2175; x_wconf 81' lang='lat' dir='ltr'>primitivorum</span> <span class='ocrx_word' id='word_1_308' title='bbox 1507 2105 1915 2175; x_wconf 87' lang='lat' dir='ltr'>quiconscripti</span> <span class='ocrx_word' id='word_1_309' title='bbox 1946 2110 2078 2158; x_wconf 90' lang='lat' dir='ltr'>sunt</span> <span class='ocrx_word' id='word_1_310' title='bbox 2104 2105 2161 2158; x_wconf 93' lang='lat' dir='ltr'>in</span> <span class='ocrx_word' id='word_1_311' title='bbox 2180 2107 2331 2159; x_wconf 62' lang='lat' dir='ltr'>caelis</span> <span class='ocrx_word' id='word_1_312' title='bbox 2361 2112 2417 2159; x_wconf 91' lang='lat' dir='ltr'>et</span> <span class='ocrx_word' id='word_1_313' title='bbox 2440 2107 2687 2176; x_wconf 91' lang='lat' dir='ltr'>judicem</span> <span class='ocrx_word' id='word_1_314' title='bbox 2719 2106 2972 2159; x_wconf 90' lang='lat' dir='ltr'>omnium</span> <span class='ocrx_word' id='word_1_315' title='bbox 3001 2105 3177 2158; x_wconf 88' lang='lat' dir='ltr'>Deum</span> <span class='ocrx_word' id='word_1_316' title='bbox 3206 2110 3263 2157; x_wconf 90' lang='lat' dir='ltr'>et</span> <span class='ocrx_word' id='word_1_317' title='bbox 3290 2102 3516 2174; x_wconf 85' lang='lat' dir='ltr'>spiritus</span> <span class='ocrx_word' id='word_1_318' title='bbox 3538 2099 3704 2168; x_wconf 87' lang='lat' dir='ltr'>justo-</span> 
     </span>
    </p>
   </div>
   <div class='ocr_carea' id='block_1_23' title="bbox 462 2182 3705 2273">
    <p class='ocr_par' dir='ltr' id='par_1_23' title="bbox 462 2182 3705 2273">
     <span class='ocr_line' id='line_1_23' title="bbox 462 2182 3705 2273; baseline -0.002 -28"><span class='ocrx_word' id='word_1_319' title='bbox 462 2182 589 2245; x_wconf 82' lang='lat' dir='ltr'>rum</span> <span class='ocrx_word' id='word_1_320' title='bbox 621 2191 1002 2273; x_wconf 66' lang='lat' dir='ltr'>perfectorum</span> <span class='ocrx_word' id='word_1_321' title='bbox 1034 2197 1091 2263; x_wconf 79' lang='lat' dir='ltr'>et</span> <span class='ocrx_word' id='word_1_322' title='bbox 1118 2192 1443 2264; x_wconf 79' lang='lat' dir='ltr'>testamenti</span> <span class='ocrx_word' id='word_1_323' title='bbox 1474 2192 1599 2245; x_wconf 90' lang='lat' dir='ltr'>novi</span> <span class='ocrx_word' id='word_1_324' title='bbox 1633 2194 1999 2249; x_wconf 87' lang='lat' dir='ltr'>mediatorem</span> <span class='ocrx_word' id='word_1_325' title='bbox 2029 2195 2241 2261; x_wconf 86' lang='lat' dir='ltr'>Jesum,</span> <span class='ocrx_word' id='word_1_326' title='bbox 2267 2202 2323 2247; x_wconf 92' lang='lat' dir='ltr'>et</span> <span class='ocrx_word' id='word_1_327' title='bbox 2342 2195 2630 2265; x_wconf 85' lang='lat' dir='ltr'>sanguinis</span> <span class='ocrx_word' id='word_1_328' title='bbox 2657 2196 3035 2265; x_wconf 84' lang='lat' dir='ltr'>aspersionem</span> <span class='ocrx_word' id='word_1_329' title='bbox 3060 2195 3138 2250; x_wconf 86' lang='grc'>11.</span> <span class='ocrx_word' id='word_1_330' title='bbox 3174 2194 3376 2247; x_wconf 87' lang='lat' dir='ltr'>melius</span> <span class='ocrx_word' id='word_1_331' title='bbox 3403 2190 3705 2262; x_wconf 88' lang='lat' dir='ltr'>loquentem</span> 
     </span>
    </p>
   </div>
   <div class='ocr_carea' id='block_1_24' title="bbox 464 2274 3703 2359">
    <p class='ocr_par' dir='ltr' id='par_1_24' title="bbox 464 2274 3703 2359">
     <span class='ocr_line' id='line_1_24' title="bbox 464 2274 3703 2359; baseline -0.002 -26"><span class='ocrx_word' id='word_1_332' title='bbox 464 2274 634 2350; x_wconf 79' lang='lat' dir='ltr'>quam</span> <span class='ocrx_word' id='word_1_333' title='bbox 654 2281 814 2334; x_wconf 89' lang='lat' dir='ltr'>Abel.</span> <span class='ocrx_word' id='word_1_334' title='bbox 838 2280 1035 2334; x_wconf 88' lang='lat' dir='ltr'>Videte</span> <span class='ocrx_word' id='word_1_335' title='bbox 1064 2298 1134 2334; x_wconf 90' lang='lat' dir='ltr'>ne</span> <span class='ocrx_word' id='word_1_336' title='bbox 1159 2281 1427 2334; x_wconf 82' lang='lat' dir='ltr'>recusetis</span> <span class='ocrx_word' id='word_1_337' title='bbox 1453 2282 1794 2352; x_wconf 89' lang='lat' dir='ltr'>loquentem.</span> <span class='ocrx_word' id='word_1_338' title='bbox 1822 2283 1879 2335; x_wconf 90' lang='lat' dir='ltr'>Si</span> <span class='ocrx_word' id='word_1_339' title='bbox 1909 2282 2058 2353; x_wconf 84' lang='lat' dir='ltr'>enim</span> <span class='ocrx_word' id='word_1_340' title='bbox 2088 2280 2169 2336; x_wconf 88' lang='lat' dir='ltr'>illi</span> <span class='ocrx_word' id='word_1_341' title='bbox 2199 2300 2310 2336; x_wconf 90' lang='lat' dir='ltr'>non</span> <span class='ocrx_word' id='word_1_342' title='bbox 2340 2285 2678 2353; x_wconf 70' lang='lat' dir='ltr'>effugerunt.</span> <span class='ocrx_word' id='word_1_343' title='bbox 2699 2290 3018 2338; x_wconf 85' lang='lat' dir='ltr'>recusantes</span> <span class='ocrx_word' id='word_1_344' title='bbox 3043 2300 3170 2337; x_wconf 90' lang='lat' dir='ltr'>eum</span> <span class='ocrx_word' id='word_1_345' title='bbox 3202 2282 3298 2353; x_wconf 90' lang='lat' dir='ltr'>qui</span> <span class='ocrx_word' id='word_1_346' title='bbox 3329 2296 3494 2359; x_wconf 78' lang='lat' dir='ltr'>super</span> <span class='ocrx_word' id='word_1_347' title='bbox 3512 2284 3703 2330; x_wconf 87' lang='lat' dir='ltr'>terram</span> 
     </span>
    </p>
   </div>
   <div class='ocr_carea' id='block_1_25' title="bbox 460 2367 3707 2443">
    <p class='ocr_par' dir='ltr' id='par_1_25' title="bbox 460 2367 3707 2443">
     <span class='ocr_line' id='line_1_25' title="bbox 460 2367 3707 2443; baseline -0.001 -22"><span class='ocrx_word' id='word_1_348' title='bbox 460 2367 815 2438; x_wconf 89' lang='lat' dir='ltr'>loquebatur,</span> <span class='ocrx_word' id='word_1_349' title='bbox 840 2369 1019 2422; x_wconf 90' lang='lat' dir='ltr'>multo</span> <span class='ocrx_word' id='word_1_350' title='bbox 1046 2370 1224 2439; x_wconf 86' lang='lat' dir='ltr'>magis</span> <span class='ocrx_word' id='word_1_351' title='bbox 1257 2387 1377 2435; x_wconf 89' lang='lat' dir='ltr'>nos,</span> <span class='ocrx_word' id='word_1_352' title='bbox 1411 2369 1507 2441; x_wconf 92' lang='lat' dir='ltr'>qui</span> <span class='ocrx_word' id='word_1_353' title='bbox 1537 2369 1606 2423; x_wconf 89' lang='lat' dir='ltr'>de</span> <span class='ocrx_word' id='word_1_354' title='bbox 1644 2370 1797 2423; x_wconf 79' lang='lat' dir='ltr'>caelis</span> <span class='ocrx_word' id='word_1_355' title='bbox 1823 2371 2147 2441; x_wconf 90' lang='lat' dir='ltr'>loquentem</span> <span class='ocrx_word' id='word_1_356' title='bbox 2171 2372 2329 2426; x_wconf 90' lang='lat' dir='ltr'>nobis</span> <span class='ocrx_word' id='word_1_357' title='bbox 2343 2374 2665 2429; x_wconf 85' lang='lat' dir='ltr'>avertimus.</span> <span class='ocrx_word' id='word_1_358' title='bbox 2687 2374 2847 2443; x_wconf 90' lang='lat' dir='ltr'>cujus</span> <span class='ocrx_word' id='word_1_359' title='bbox 2865 2391 2965 2427; x_wconf 86' lang='lat' dir='ltr'>vox</span> <span class='ocrx_word' id='word_1_360' title='bbox 2982 2374 3155 2426; x_wconf 83' lang='lat' dir='ltr'>movit</span> <span class='ocrx_word' id='word_1_361' title='bbox 3168 2379 3377 2426; x_wconf 86' lang='lat' dir='ltr'>terram</span> <span class='ocrx_word' id='word_1_362' title='bbox 3394 2376 3541 2423; x_wconf 90' lang='lat' dir='ltr'>tunc.</span> <span class='ocrx_word' id='word_1_363' title='bbox 3572 2382 3707 2421; x_wconf 90' lang='lat' dir='ltr'>nunc</span> 
     </span>
    </p>
   </div>
   <div class='ocr_carea' id='block_1_26' title="bbox 462 2457 3706 2531">
    <p class='ocr_par' dir='ltr' id='par_1_26' title="bbox 462 2457 3706 2531">
     <span class='ocr_line' id='line_1_26' title="bbox 462 2457 3706 2531; baseline -0.001 -22"><span class='ocrx_word' id='word_1_364' title='bbox 462 2462 652 2510; x_wconf 88' lang='lat' dir='ltr'>autem</span> <span class='ocrx_word' id='word_1_365' title='bbox 676 2458 1040 2528; x_wconf 88' lang='lat' dir='ltr'>repromittit,</span> <span class='ocrx_word' id='word_1_366' title='bbox 1064 2458 1253 2512; x_wconf 90' lang='lat' dir='ltr'>dicens</span> <span class='ocrx_word' id='word_1_367' title='bbox 1281 2477 1292 2511; x_wconf 91' lang='lat'>:</span> <span class='ocrx_word' id='word_1_368' title='bbox 1332 2459 1416 2515; x_wconf 75' lang='grc'>12.</span> <span class='ocrx_word' id='word_1_369' title='bbox 1450 2459 1646 2512; x_wconf 86' lang='lat' dir='ltr'>Adhuc</span> <span class='ocrx_word' id='word_1_370' title='bbox 1674 2460 1867 2525; x_wconf 91' lang='lat' dir='ltr'>semel,</span> <span class='ocrx_word' id='word_1_371' title='bbox 1900 2466 1957 2513; x_wconf 89' lang='lat' dir='ltr'>et</span> <span class='ocrx_word' id='word_1_372' title='bbox 1986 2478 2090 2531; x_wconf 89' lang='lat' dir='ltr'>ego</span> <span class='ocrx_word' id='word_1_373' title='bbox 2118 2461 2350 2515; x_wconf 89' lang='lat' dir='ltr'>movebo</span> <span class='ocrx_word' id='word_1_374' title='bbox 2381 2478 2492 2515; x_wconf 91' lang='lat' dir='ltr'>non</span> <span class='ocrx_word' id='word_1_375' title='bbox 2523 2465 2700 2516; x_wconf 88' lang='lat' dir='ltr'>solum</span> <span class='ocrx_word' id='word_1_376' title='bbox 2728 2471 2956 2531; x_wconf 87' lang='lat' dir='ltr'>terram,</span> <span class='ocrx_word' id='word_1_377' title='bbox 2989 2463 3085 2515; x_wconf 90' lang='lat' dir='ltr'>sed</span> <span class='ocrx_word' id='word_1_378' title='bbox 3106 2469 3163 2515; x_wconf 87' lang='lat' dir='ltr'>et</span> <span class='ocrx_word' id='word_1_379' title='bbox 3191 2463 3414 2515; x_wconf 87' lang='lat' dir='ltr'>coelum.</span> <span class='ocrx_word' id='word_1_380' title='bbox 3446 2457 3595 2521; x_wconf 84' lang='lat' dir='ltr'>Quod</span> <span class='ocrx_word' id='word_1_381' title='bbox 3615 2470 3706 2508; x_wconf 87' lang='lat' dir='ltr'>au-</span> 
     </span>
    </p>
   </div>
   <div class='ocr_carea' id='block_1_27' title="bbox 458 2545 3708 2625">
    <p class='ocr_par' dir='ltr' id='par_1_27' title="bbox 458 2545 3708 2625">
     <span class='ocr_line' id='line_1_27' title="bbox 458 2545 3708 2625; baseline -0.001 -26"><span class='ocrx_word' id='word_1_382' title='bbox 458 2548 577 2623; x_wconf 77' lang='lat' dir='ltr'>tem</span> <span class='ocrx_word' id='word_1_383' title='bbox 605 2545 785 2613; x_wconf 84' lang='lat' dir='ltr'>adhuc</span> <span class='ocrx_word' id='word_1_384' title='bbox 827 2546 1000 2623; x_wconf 77' lang='lat' dir='ltr'>semel</span> <span class='ocrx_word' id='word_1_385' title='bbox 1031 2547 1184 2611; x_wconf 84' lang='lat' dir='ltr'>dicit,</span> <span class='ocrx_word' id='word_1_386' title='bbox 1242 2546 1325 2605; x_wconf 85' lang='grc'>13.</span> <span class='ocrx_word' id='word_1_387' title='bbox 1372 2548 1619 2602; x_wconf 89' lang='lat' dir='ltr'>declarat</span> <span class='ocrx_word' id='word_1_388' title='bbox 1650 2547 1941 2621; x_wconf 83' lang='lat' dir='ltr'>mobilium</span> <span class='ocrx_word' id='word_1_389' title='bbox 1970 2550 2398 2603; x_wconf 90' lang='lat' dir='ltr'>translationem</span> <span class='ocrx_word' id='word_1_390' title='bbox 2429 2558 2618 2625; x_wconf 48' lang='grc' dir='ltr'>φης)</span> <span class='ocrx_word' id='word_1_391' title='bbox 2647 2558 2917 2622; x_wconf 90' lang='lat' dir='ltr'>tanquam</span> <span class='ocrx_word' id='word_1_392' title='bbox 2950 2554 3248 2615; x_wconf 82' lang='lat' dir='ltr'>factorum,</span> <span class='ocrx_word' id='word_1_393' title='bbox 3284 2555 3348 2604; x_wconf 91' lang='lat' dir='ltr'>ut</span> <span class='ocrx_word' id='word_1_394' title='bbox 3375 2550 3629 2601; x_wconf 88' lang='lat' dir='ltr'>maneant</span> <span class='ocrx_word' id='word_1_395' title='bbox 3648 2559 3708 2596; x_wconf 87' lang='lat' dir='ltr'>ea</span> 
     </span>
    </p>
   </div>
   <div class='ocr_carea' id='block_1_28' title="bbox 462 2626 3707 2721">
    <p class='ocr_par' dir='ltr' id='par_1_28' title="bbox 462 2626 3707 2721">
     <span class='ocr_line' id='line_1_28' title="bbox 462 2626 3707 2721; baseline -0.001 -34"><span class='ocrx_word' id='word_1_396' title='bbox 462 2628 587 2721; x_wconf 58' lang='lat' dir='ltr'>qua?</span> <span class='ocrx_word' id='word_1_397' title='bbox 618 2638 751 2713; x_wconf 82' lang='lat' dir='ltr'>sunt</span> <span class='ocrx_word' id='word_1_398' title='bbox 780 2626 1109 2721; x_wconf 86' lang='lat' dir='ltr'>immobilia.</span> <span class='ocrx_word' id='word_1_399' title='bbox 1134 2635 1330 2707; x_wconf 84' lang='lat' dir='ltr'>Itaque</span> <span class='ocrx_word' id='word_1_400' title='bbox 1358 2653 1597 2705; x_wconf 86' lang='lat' dir='ltr'>regnum</span> <span class='ocrx_word' id='word_1_401' title='bbox 1630 2634 1915 2691; x_wconf 86' lang='lat' dir='ltr'>immobile</span> <span class='ocrx_word' id='word_1_402' title='bbox 1946 2639 2330 2709; x_wconf 86' lang='lat' dir='ltr'>suscipientes.</span> <span class='ocrx_word' id='word_1_403' title='bbox 2354 2638 2627 2693; x_wconf 89' lang='lat' dir='ltr'>habemus</span> <span class='ocrx_word' id='word_1_404' title='bbox 2656 2642 2923 2711; x_wconf 88' lang='lat' dir='ltr'>gratiam,</span> <span class='ocrx_word' id='word_1_405' title='bbox 2955 2658 3057 2713; x_wconf 90' lang='lat' dir='ltr'>per</span> <span class='ocrx_word' id='word_1_406' title='bbox 3080 2657 3251 2711; x_wconf 87' lang='lat' dir='ltr'>quam</span> <span class='ocrx_word' id='word_1_407' title='bbox 3280 2638 3577 2693; x_wconf 88' lang='lat' dir='ltr'>serviamus</span> <span class='ocrx_word' id='word_1_408' title='bbox 3605 2632 3707 2704; x_wconf 84' lang='lat' dir='ltr'>pla-</span> 
     </span>
    </p>
   </div>
   <div class='ocr_carea' id='block_1_29' title="bbox 460 2718 2928 2799">
    <p class='ocr_par' dir='ltr' id='par_1_29' title="bbox 460 2718 2928 2799">
     <span class='ocr_line' id='line_1_29' title="bbox 460 2718 2928 2799; baseline 0.003 -23"><span class='ocrx_word' id='word_1_409' title='bbox 460 2718 650 2799; x_wconf 83' lang='lat' dir='ltr'>centes</span> <span class='ocrx_word' id='word_1_410' title='bbox 674 2723 809 2790; x_wconf 80' lang='lat' dir='ltr'>Deo,</span> <span class='ocrx_word' id='word_1_411' title='bbox 842 2718 970 2798; x_wconf 82' lang='lat' dir='ltr'>eum</span> <span class='ocrx_word' id='word_1_412' title='bbox 998 2728 1153 2779; x_wconf 90' lang='lat' dir='ltr'>metu</span> <span class='ocrx_word' id='word_1_413' title='bbox 1187 2729 1244 2779; x_wconf 91' lang='lat' dir='ltr'>et</span> <span class='ocrx_word' id='word_1_414' title='bbox 1272 2718 1605 2779; x_wconf 86' lang='lat' dir='ltr'>reverentia.</span> <span class='ocrx_word' id='word_1_415' title='bbox 1640 2724 1860 2793; x_wconf 85' lang='lat' dir='ltr'>Etenim</span> <span class='ocrx_word' id='word_1_416' title='bbox 1890 2724 2040 2780; x_wconf 90' lang='lat' dir='ltr'>Deus</span> <span class='ocrx_word' id='word_1_417' title='bbox 2072 2733 2263 2781; x_wconf 89' lang='lat' dir='ltr'>noster</span> <span class='ocrx_word' id='word_1_418' title='bbox 2292 2726 2436 2797; x_wconf 89' lang='lat' dir='ltr'>ignis</span> <span class='ocrx_word' id='word_1_419' title='bbox 2461 2745 2795 2783; x_wconf 89' lang='lat' dir='ltr'>consumens</span> <span class='ocrx_word' id='word_1_420' title='bbox 2824 2737 2928 2784; x_wconf 89' lang='lat' dir='ltr'>est.</span> 
     </span>
    </p>
   </div>
   <div class='ocr_carea' id='block_1_30' title="bbox 1871 2896 2302 2954">
    <p class='ocr_par' dir='ltr' id='par_1_30' title="bbox 1871 2896 2302 2954">
     <span class='ocr_line' id='line_1_30' title="bbox 1871 2896 2302 2954; baseline 0.005 -3"><span class='ocrx_word' id='word_1_421' title='bbox 1871 2896 2107 2951; x_wconf 82' lang='lat' dir='ltr'><strong>CAPUT</strong></span> <span class='ocrx_word' id='word_1_422' title='bbox 2143 2897 2302 2954; x_wconf 87' lang='lat' dir='ltr'>XIII.</span> 
     </span>
    </p>
   </div>
   <div class='ocr_carea' id='block_1_31' title="bbox 531 3035 3715 3116">
    <p class='ocr_par' dir='ltr' id='par_1_31' title="bbox 531 3035 3715 3116">
     <span class='ocr_line' id='line_1_31' title="bbox 531 3035 3715 3116; baseline -0.003 -19"><span class='ocrx_word' id='word_1_423' title='bbox 531 3042 789 3097; x_wconf 87' lang='lat' dir='ltr'>Charitas</span> <span class='ocrx_word' id='word_1_424' title='bbox 818 3041 1191 3095; x_wconf 84' lang='lat' dir='ltr'>fraternitatis</span> <span class='ocrx_word' id='word_1_425' title='bbox 1220 3045 1449 3096; x_wconf 83' lang='lat' dir='ltr'>maneat</span> <span class='ocrx_word' id='word_1_426' title='bbox 1467 3041 1523 3095; x_wconf 90' lang='lat' dir='ltr'>in</span> <span class='ocrx_word' id='word_1_427' title='bbox 1556 3039 1732 3097; x_wconf 91' lang='lat' dir='ltr'>vobis.</span> <span class='ocrx_word' id='word_1_428' title='bbox 1753 3041 1820 3094; x_wconf 89' lang='lat' dir='ltr'>Et</span> <span class='ocrx_word' id='word_1_429' title='bbox 1838 3041 2283 3111; x_wconf 88' lang='lat' dir='ltr'>hospitalitatem</span> <span class='ocrx_word' id='word_1_430' title='bbox 2311 3045 2486 3099; x_wconf 88' lang='lat' dir='ltr'>nolite</span> <span class='ocrx_word' id='word_1_431' title='bbox 2517 3045 2763 3100; x_wconf 85' lang='lat' dir='ltr'>oblivisci</span> <span class='ocrx_word' id='word_1_432' title='bbox 2788 3064 2799 3111; x_wconf 89' lang='lat'><strong>;</strong></span> <span class='ocrx_word' id='word_1_433' title='bbox 2831 3061 2932 3116; x_wconf 91' lang='lat' dir='ltr'>per</span> <span class='ocrx_word' id='word_1_434' title='bbox 2956 3045 3100 3098; x_wconf 91' lang='lat' dir='ltr'>hanc</span> <span class='ocrx_word' id='word_1_435' title='bbox 3120 3043 3270 3096; x_wconf 90' lang='lat' dir='ltr'>enim</span> <span class='ocrx_word' id='word_1_436' title='bbox 3291 3044 3579 3097; x_wconf 88' lang='lat' dir='ltr'>latuerunt</span> <span class='ocrx_word' id='word_1_437' title='bbox 3596 3035 3715 3108; x_wconf 87' lang='lat' dir='ltr'>qui-</span> 
     </span>
    </p>
   </div>
   <div class='ocr_carea' id='block_1_32' title="bbox 459 3126 3713 3202">
    <p class='ocr_par' dir='ltr' id='par_1_32' title="bbox 459 3126 3713 3202">
     <span class='ocr_line' id='line_1_32' title="bbox 459 3126 3713 3202; baseline -0.003 -16"><span class='ocrx_word' id='word_1_438' title='bbox 459 3130 834 3200; x_wconf 87' lang='lat' dir='ltr'>dam,angelis</span> <span class='ocrx_word' id='word_1_439' title='bbox 852 3130 1096 3200; x_wconf 90' lang='lat' dir='ltr'>hospitio</span> <span class='ocrx_word' id='word_1_440' title='bbox 1112 3130 1370 3201; x_wconf 89' lang='lat' dir='ltr'>receptis.</span> <span class='ocrx_word' id='word_1_441' title='bbox 1386 3130 1730 3184; x_wconf 86' lang='lat' dir='ltr'>Mementote</span> <span class='ocrx_word' id='word_1_442' title='bbox 1743 3130 2074 3193; x_wconf 85' lang='lat' dir='ltr'>vinctorum,</span> <span class='ocrx_word' id='word_1_443' title='bbox 2092 3135 2364 3202; x_wconf 88' lang='lat' dir='ltr'>tanquam</span> <span class='ocrx_word' id='word_1_444' title='bbox 2385 3132 2550 3187; x_wconf 89' lang='lat' dir='ltr'>simul</span> <span class='ocrx_word' id='word_1_445' title='bbox 2574 3134 2825 3198; x_wconf 83' lang='lat' dir='ltr'>vincti,et</span> <span class='ocrx_word' id='word_1_446' title='bbox 2838 3133 3234 3196; x_wconf 82' lang='lat' dir='ltr'>laborantium,</span> <span class='ocrx_word' id='word_1_447' title='bbox 3249 3138 3522 3201; x_wconf 82' lang='lat' dir='ltr'>tanquam</span> <span class='ocrx_word' id='word_1_448' title='bbox 3550 3134 3603 3180; x_wconf 92' lang='lat' dir='ltr'>et</span> <span class='ocrx_word' id='word_1_449' title='bbox 3619 3126 3713 3194; x_wconf 66' lang='lat' dir='ltr'>ipsi</span> 
     </span>
    </p>
   </div>
   <div class='ocr_carea' id='block_1_33' title="bbox 386 3216 3715 3290">
    <p class='ocr_par' dir='ltr' id='par_1_33' title="bbox 386 3216 3715 3290">
     <span class='ocr_line' id='line_1_33' title="bbox 386 3216 3715 3290; baseline -0.002 -16"><span class='ocrx_word' id='word_1_450' title='bbox 386 3216 399 3225; x_wconf 76' lang='grc'><em>’</em></span> <span class='ocrx_word' id='word_1_451' title='bbox 459 3220 519 3274; x_wconf 88' lang='lat' dir='ltr'>in</span> <span class='ocrx_word' id='word_1_452' title='bbox 549 3234 783 3290; x_wconf 85' lang='lat' dir='ltr'>corpore</span> <span class='ocrx_word' id='word_1_453' title='bbox 812 3225 1116 3274; x_wconf 86' lang='lat' dir='ltr'>morantes.</span> <span class='ocrx_word' id='word_1_454' title='bbox 1164 3218 1504 3273; x_wconf 90' lang='lat' dir='ltr'>Honorabile</span> <span class='ocrx_word' id='word_1_455' title='bbox 1534 3218 1875 3289; x_wconf 86' lang='lat' dir='ltr'>connubium</span> <span class='ocrx_word' id='word_1_456' title='bbox 1907 3219 1964 3273; x_wconf 92' lang='lat' dir='ltr'>in</span> <span class='ocrx_word' id='word_1_457' title='bbox 1997 3219 2275 3285; x_wconf 75' lang='lat' dir='ltr'>omnibuS,</span> <span class='ocrx_word' id='word_1_458' title='bbox 2301 3227 2357 3276; x_wconf 91' lang='lat' dir='ltr'>et</span> <span class='ocrx_word' id='word_1_459' title='bbox 2386 3223 2582 3277; x_wconf 80' lang='lat' dir='ltr'>thorus</span> <span class='ocrx_word' id='word_1_460' title='bbox 2611 3222 3024 3276; x_wconf 75' lang='lat' dir='ltr'>immaculatus.</span> <span class='ocrx_word' id='word_1_461' title='bbox 3059 3221 3452 3275; x_wconf 72' lang='lat' dir='ltr'>Fomicatorcs</span> <span class='ocrx_word' id='word_1_462' title='bbox 3473 3217 3634 3274; x_wconf 84' lang='lat' dir='ltr'>enim,</span> <span class='ocrx_word' id='word_1_463' title='bbox 3664 3220 3715 3266; x_wconf 85' lang='lat' dir='ltr'>et</span> 
     </span>
    </p>
   </div>
   <div class='ocr_carea' id='block_1_34' title="bbox 460 3302 3712 3379">
    <p class='ocr_par' dir='ltr' id='par_1_34' title="bbox 460 3302 3712 3379">
     <span class='ocr_line' id='line_1_34' title="bbox 460 3302 3712 3379; baseline -0.005 -15"><span class='ocrx_word' id='word_1_464' title='bbox 460 3310 749 3364; x_wconf 83' lang='lat' dir='ltr'>adulteros</span> <span class='ocrx_word' id='word_1_465' title='bbox 772 3307 1049 3376; x_wconf 85' lang='lat' dir='ltr'>judicabit</span> <span class='ocrx_word' id='word_1_466' title='bbox 1076 3308 1244 3369; x_wconf 85' lang='lat' dir='ltr'>Deus.</span> <span class='ocrx_word' id='word_1_467' title='bbox 1262 3308 1386 3363; x_wconf 91' lang='lat' dir='ltr'>Sint</span> <span class='ocrx_word' id='word_1_468' title='bbox 1404 3324 1587 3361; x_wconf 91' lang='lat' dir='ltr'>mores</span> <span class='ocrx_word' id='word_1_469' title='bbox 1608 3306 1727 3361; x_wconf 90' lang='lat' dir='ltr'>sine</span> <span class='ocrx_word' id='word_1_470' title='bbox 1750 3308 2005 3369; x_wconf 87' lang='lat' dir='ltr'>avaritia,</span> <span class='ocrx_word' id='word_1_471' title='bbox 2038 3306 2286 3360; x_wconf 88' lang='lat' dir='ltr'>contenti</span> <span class='ocrx_word' id='word_1_472' title='bbox 2311 3306 2679 3376; x_wconf 81' lang='lat' dir='ltr'>praesentibus</span> <span class='ocrx_word' id='word_1_473' title='bbox 2703 3326 2715 3371; x_wconf 90' lang='lat'><strong>;</strong></span> <span class='ocrx_word' id='word_1_474' title='bbox 2742 3306 2859 3379; x_wconf 88' lang='lat' dir='ltr'>ipse</span> <span class='ocrx_word' id='word_1_475' title='bbox 2879 3307 3026 3360; x_wconf 90' lang='lat' dir='ltr'>enim</span> <span class='ocrx_word' id='word_1_476' title='bbox 3052 3305 3217 3358; x_wconf 82' lang='lat' dir='ltr'>dixit:</span> <span class='ocrx_word' id='word_1_477' title='bbox 3236 3306 3368 3359; x_wconf 90' lang='lat' dir='ltr'>Non</span> <span class='ocrx_word' id='word_1_478' title='bbox 3383 3311 3439 3358; x_wconf 90' lang='lat' dir='ltr'>te</span> <span class='ocrx_word' id='word_1_479' title='bbox 3456 3302 3712 3369; x_wconf 82' lang='lat' dir='ltr'>deseram,</span> 
     </span>
    </p>
   </div>
   <div class='ocr_carea' id='block_1_35' title="bbox 458 3382 3715 3466">
    <p class='ocr_par' dir='ltr' id='par_1_35' title="bbox 458 3382 3715 3466">
     <span class='ocr_line' id='line_1_35' title="bbox 458 3382 3715 3466; baseline -0.005 -15"><span class='ocrx_word' id='word_1_480' title='bbox 458 3413 645 3466; x_wconf 84' lang='lat' dir='ltr'>neque</span> <span class='ocrx_word' id='word_1_481' title='bbox 662 3395 1071 3465; x_wconf 76' lang='lat' dir='ltr'>derelinquam,</span> <span class='ocrx_word' id='word_1_482' title='bbox 1096 3395 1176 3449; x_wconf 79' lang='lat' dir='ltr'>ita</span> <span class='ocrx_word' id='word_1_483' title='bbox 1202 3401 1265 3461; x_wconf 89' lang='lat' dir='ltr'>ut</span> <span class='ocrx_word' id='word_1_484' title='bbox 1293 3395 1640 3461; x_wconf 84' lang='lat' dir='ltr'>conﬁdenter</span> <span class='ocrx_word' id='word_1_485' title='bbox 1671 3395 1926 3465; x_wconf 85' lang='lat' dir='ltr'>dicamus</span> <span class='ocrx_word' id='word_1_486' title='bbox 1950 3412 1961 3447; x_wconf 90' lang='lat'>:</span> <span class='ocrx_word' id='word_1_487' title='bbox 1985 3395 2257 3457; x_wconf 87' lang='lat' dir='ltr'>Dominus</span> <span class='ocrx_word' id='word_1_488' title='bbox 2298 3392 2433 3448; x_wconf 91' lang='lat' dir='ltr'>mihi</span> <span class='ocrx_word' id='word_1_489' title='bbox 2456 3395 2680 3463; x_wconf 88' lang='lat' dir='ltr'>adjutor</span> <span class='ocrx_word' id='word_1_490' title='bbox 2706 3401 2820 3459; x_wconf 86' lang='lat' dir='ltr'>est;</span> <span class='ocrx_word' id='word_1_491' title='bbox 2861 3412 2973 3448; x_wconf 89' lang='lat' dir='ltr'>non</span> <span class='ocrx_word' id='word_1_492' title='bbox 2998 3393 3207 3448; x_wconf 89' lang='lat' dir='ltr'>timebo</span> <span class='ocrx_word' id='word_1_493' title='bbox 3233 3394 3374 3464; x_wconf 89' lang='lat' dir='ltr'>quid</span> <span class='ocrx_word' id='word_1_494' title='bbox 3398 3390 3561 3445; x_wconf 79' lang='lat' dir='ltr'>iaciat</span> <span class='ocrx_word' id='word_1_495' title='bbox 3590 3382 3715 3438; x_wconf 90' lang='lat' dir='ltr'>mihi</span> 
     </span>
    </p>
   </div>
   <div class='ocr_carea' id='block_1_36' title="bbox 457 3477 3694 3557">
    <p class='ocr_par' dir='ltr' id='par_1_36' title="bbox 457 3477 3694 3557">
     <span class='ocr_line' id='line_1_36' title="bbox 457 3477 3694 3557; baseline -0.003 -20"><span class='ocrx_word' id='word_1_496' title='bbox 457 3482 1007 3541; x_wconf 75' lang='lat' dir='ltr'>homo.Mementote</span> <span class='ocrx_word' id='word_1_497' title='bbox 1029 3485 1457 3554; x_wconf 67' lang='lat' dir='ltr'>prmpositorum</span> <span class='ocrx_word' id='word_1_498' title='bbox 1484 3490 1816 3557; x_wconf 82' lang='lat' dir='ltr'>vestrorum,</span> <span class='ocrx_word' id='word_1_499' title='bbox 1844 3484 1941 3554; x_wconf 91' lang='lat' dir='ltr'>qui</span> <span class='ocrx_word' id='word_1_500' title='bbox 1966 3482 2119 3537; x_wconf 89' lang='lat' dir='ltr'>vobis</span> <span class='ocrx_word' id='word_1_501' title='bbox 2137 3483 2306 3537; x_wconf 87' lang='lat' dir='ltr'>locuti</span> <span class='ocrx_word' id='word_1_502' title='bbox 2328 3490 2461 3537; x_wconf 91' lang='lat' dir='ltr'>sunt</span> <span class='ocrx_word' id='word_1_503' title='bbox 2491 3483 2716 3537; x_wconf 91' lang='lat' dir='ltr'>verbum</span> <span class='ocrx_word' id='word_1_504' title='bbox 2749 3484 2881 3546; x_wconf 89' lang='lat' dir='ltr'>Dei;</span> <span class='ocrx_word' id='word_1_505' title='bbox 2915 3500 3153 3555; x_wconf 84' lang='lat' dir='ltr'>quorum</span> <span class='ocrx_word' id='word_1_506' title='bbox 3182 3484 3468 3537; x_wconf 86' lang='lat' dir='ltr'>intuentes</span> <span class='ocrx_word' id='word_1_507' title='bbox 3497 3477 3694 3532; x_wconf 83' lang='lat' dir='ltr'>exitum</span> 
     </span>
    </p>
   </div>
   <div class='ocr_carea' id='block_1_37' title="bbox 461 3569 3717 3644">
    <p class='ocr_par' dir='ltr' id='par_1_37' title="bbox 461 3569 3717 3644">
     <span class='ocr_line' id='line_1_37' title="bbox 461 3569 3717 3644; baseline -0.003 -18"><span class='ocrx_word' id='word_1_508' title='bbox 461 3571 918 3638; x_wconf 85' lang='lat' dir='ltr'>conversationis,</span> <span class='ocrx_word' id='word_1_509' title='bbox 938 3572 1244 3627; x_wconf 90' lang='lat' dir='ltr'>imitamini</span> <span class='ocrx_word' id='word_1_510' title='bbox 1259 3574 1445 3627; x_wconf 85' lang='lat' dir='ltr'>ﬁdem.</span> <span class='ocrx_word' id='word_1_511' title='bbox 1470 3575 1559 3627; x_wconf 76' lang='grc'>1.]</span> <span class='ocrx_word' id='word_1_512' title='bbox 1567 3590 1694 3627; x_wconf 88' lang='lat' dir='ltr'>esus</span> <span class='ocrx_word' id='word_1_513' title='bbox 1710 3572 1964 3627; x_wconf 88' lang='lat' dir='ltr'>Christus</span> <span class='ocrx_word' id='word_1_514' title='bbox 1989 3572 2129 3640; x_wconf 90' lang='lat' dir='ltr'>heri,</span> <span class='ocrx_word' id='word_1_515' title='bbox 2161 3578 2217 3626; x_wconf 91' lang='lat' dir='ltr'>et</span> <span class='ocrx_word' id='word_1_516' title='bbox 2244 3572 2412 3627; x_wconf 91' lang='lat' dir='ltr'>hodie</span> <span class='ocrx_word' id='word_1_517' title='bbox 2437 3591 2449 3640; x_wconf 88' lang='lat'><strong>;</strong></span> <span class='ocrx_word' id='word_1_518' title='bbox 2475 3572 2595 3644; x_wconf 90' lang='lat' dir='ltr'>ipse</span> <span class='ocrx_word' id='word_1_519' title='bbox 2624 3578 2681 3626; x_wconf 89' lang='lat' dir='ltr'>et</span> <span class='ocrx_word' id='word_1_520' title='bbox 2708 3572 2767 3626; x_wconf 91' lang='lat' dir='ltr'>in</span> <span class='ocrx_word' id='word_1_521' title='bbox 2796 3573 3017 3628; x_wconf 82' lang='lat' dir='ltr'>saecula.</span> <span class='ocrx_word' id='word_1_522' title='bbox 3042 3571 3326 3627; x_wconf 89' lang='lat' dir='ltr'>Doctrinis</span> <span class='ocrx_word' id='word_1_523' title='bbox 3348 3569 3530 3633; x_wconf 85' lang='lat' dir='ltr'>variis,</span> <span class='ocrx_word' id='word_1_524' title='bbox 3558 3572 3609 3618; x_wconf 88' lang='lat' dir='ltr'>et</span> <span class='ocrx_word' id='word_1_525' title='bbox 3626 3578 3717 3633; x_wconf 77' lang='lat' dir='ltr'>pe-</span> 
     </span>
    </p>
   </div>
   <div class='ocr_carea' id='block_1_38' title="bbox 1816 3741 2414 3797">
    <p class='ocr_par' dir='ltr' id='par_1_38' title="bbox 1816 3741 2414 3797">
     <span class='ocr_line' id='line_1_38' title="bbox 1816 3741 2414 3797; baseline -0.003 0"><span class='ocrx_word' id='word_1_526' title='bbox 1816 3741 2414 3797; x_wconf 84' lang='lat' dir='ltr'>COMMENTARIUS.</span> 
     </span>
    </p>
   </div>
   <div class='ocr_carea' id='block_1_39' title="bbox 533 3878 2504 3960">
    <p class='ocr_par' dir='ltr' id='par_1_39' title="bbox 533 3878 2504 3960">
     <span class='ocr_line' id='line_1_39' title="bbox 533 3878 2504 3960; baseline 0.002 -26"><span class='ocrx_word' id='word_1_527' title='bbox 533 3878 585 3960; x_wconf 69' lang='lat'>5.</span> <span class='ocrx_word' id='word_1_528' title='bbox 623 3883 735 3960; x_wconf 85' lang='lat' dir='ltr'>Fili</span> <span class='ocrx_word' id='word_1_529' title='bbox 760 3884 860 3960; x_wconf 82' lang='lat' dir='ltr'>mi,</span> <span class='ocrx_word' id='word_1_530' title='bbox 898 3885 1035 3937; x_wconf 81' lang='lat' dir='ltr'>noli.</span> <span class='ocrx_word' id='word_1_531' title='bbox 1064 3878 1129 3938; x_wconf 90' lang='lat' dir='ltr'>In</span> <span class='ocrx_word' id='word_1_532' title='bbox 1159 3878 1477 3951; x_wconf 82' lang='lat' dir='ltr'>Proverbiis</span> <span class='ocrx_word' id='word_1_533' title='bbox 1505 3884 1588 3939; x_wconf 88' lang='lat' dir='ltr'>ita</span> <span class='ocrx_word' id='word_1_534' title='bbox 1615 3883 1857 3939; x_wconf 88' lang='lat' dir='ltr'>habetur</span> <span class='ocrx_word' id='word_1_535' title='bbox 1890 3901 1901 3936; x_wconf 93' lang='lat'><strong>:</strong></span> <span class='ocrx_word' id='word_1_536' title='bbox 1934 3885 2059 3938; x_wconf 83' lang='lat' dir='ltr'>Dis-</span> <span class='ocrx_word' id='word_1_537' title='bbox 2077 3886 2120 3942; x_wconf 86' lang='lat' dir='ltr'>A</span> <span class='ocrx_word' id='word_1_538' title='bbox 2140 3888 2504 3955; x_wconf 85' lang='lat' dir='ltr'>terpretatur.</span> 
     </span>
    </p>
   </div>
   <div class='ocr_carea' id='block_1_40' title="bbox 465 3956 3715 4043">
    <p class='ocr_par' dir='ltr' id='par_1_40' title="bbox 465 3956 3715 4043">
     <span class='ocr_line' id='line_1_40' title="bbox 465 3956 3715 4043; baseline -0.002 -19"><span class='ocrx_word' id='word_1_539' title='bbox 465 3956 738 4040; x_wconf 76' lang='lat' dir='ltr'>ciplinam</span> <span class='ocrx_word' id='word_1_540' title='bbox 785 3958 1031 4039; x_wconf 83' lang='lat' dir='ltr'>Domini,</span> <span class='ocrx_word' id='word_1_541' title='bbox 1068 3974 1154 4041; x_wconf 82' lang='lat' dir='ltr'>ﬁli</span> <span class='ocrx_word' id='word_1_542' title='bbox 1188 3977 1286 4037; x_wconf 87' lang='lat' dir='ltr'>mi,</span> <span class='ocrx_word' id='word_1_543' title='bbox 1322 3991 1389 4028; x_wconf 86' lang='lat' dir='ltr'>ne</span> <span class='ocrx_word' id='word_1_544' title='bbox 1416 3974 1665 4042; x_wconf 85' lang='lat' dir='ltr'>abjicias,</span> <span class='ocrx_word' id='word_1_545' title='bbox 1710 3990 1880 4043; x_wconf 83' lang='lat' dir='ltr'>neque</span> <span class='ocrx_word' id='word_1_546' title='bbox 1926 3975 2059 4040; x_wconf 79' lang='lat' dir='ltr'>deﬁ-</span> <span class='ocrx_word' id='word_1_547' title='bbox 2223 3972 2302 4028; x_wconf 83' lang='lat' dir='ltr'>ll.</span> <span class='ocrx_word' id='word_1_548' title='bbox 2357 3975 2552 4027; x_wconf 80' lang='lat' dir='ltr'>Melius</span> <span class='ocrx_word' id='word_1_549' title='bbox 2594 3972 2923 4040; x_wconf 81' lang='lat' dir='ltr'>loquentem.</span> <span class='ocrx_word' id='word_1_550' title='bbox 2967 3974 3234 4043; x_wconf 79' lang='lat' dir='ltr'>Aspersm</span> <span class='ocrx_word' id='word_1_551' title='bbox 3275 3968 3564 4042; x_wconf 83' lang='lat' dir='ltr'>sanguinis</span> <span class='ocrx_word' id='word_1_552' title='bbox 3589 3961 3715 4019; x_wconf 84' lang='lat' dir='ltr'>Abel</span> 
     </span>
    </p>
   </div>
   <div class='ocr_carea' id='block_1_41' title="bbox 464 4054 3723 4134">
    <p class='ocr_par' dir='ltr' id='par_1_41' title="bbox 464 4054 3723 4134">
     <span class='ocr_line' id='line_1_41' title="bbox 464 4054 3723 4134; baseline -0.003 -21"><span class='ocrx_word' id='word_1_553' title='bbox 464 4062 579 4113; x_wconf 88' lang='lat' dir='ltr'>cias</span> <span class='ocrx_word' id='word_1_554' title='bbox 598 4077 724 4115; x_wconf 86' lang='lat' dir='ltr'>cum</span> <span class='ocrx_word' id='word_1_555' title='bbox 754 4063 823 4116; x_wconf 88' lang='lat' dir='ltr'>ab</span> <span class='ocrx_word' id='word_1_556' title='bbox 842 4079 899 4116; x_wconf 84' lang='lat' dir='ltr'>eo</span> <span class='ocrx_word' id='word_1_557' title='bbox 927 4066 1256 4131; x_wconf 79' lang='lat' dir='ltr'>corriperis;</span> <span class='ocrx_word' id='word_1_558' title='bbox 1291 4081 1449 4134; x_wconf 83' lang='lat' dir='ltr'>quem</span> <span class='ocrx_word' id='word_1_559' title='bbox 1479 4068 1629 4117; x_wconf 88' lang='lat' dir='ltr'>enim</span> <span class='ocrx_word' id='word_1_560' title='bbox 1649 4066 1838 4131; x_wconf 82' lang='lat' dir='ltr'>diligit</span> <span class='ocrx_word' id='word_1_561' title='bbox 1866 4065 2055 4117; x_wconf 83' lang='lat' dir='ltr'>Domi-</span> <span class='ocrx_word' id='word_1_562' title='bbox 2140 4063 2348 4117; x_wconf 86' lang='lat' dir='ltr'>clamat</span> <span class='ocrx_word' id='word_1_563' title='bbox 2375 4058 2677 4116; x_wconf 89' lang='lat' dir='ltr'>vindictam</span> <span class='ocrx_word' id='word_1_564' title='bbox 2703 4081 2716 4130; x_wconf 88' lang='lat'><strong>;</strong></span> <span class='ocrx_word' id='word_1_565' title='bbox 2746 4062 2996 4133; x_wconf 84' lang='lat' dir='ltr'>aspersio</span> <span class='ocrx_word' id='word_1_566' title='bbox 3013 4061 3303 4132; x_wconf 87' lang='lat' dir='ltr'>sanguinis</span> <span class='ocrx_word' id='word_1_567' title='bbox 3335 4058 3543 4117; x_wconf 89' lang='lat' dir='ltr'>Christi</span> <span class='ocrx_word' id='word_1_568' title='bbox 3571 4054 3723 4109; x_wconf 89' lang='lat' dir='ltr'>mise-</span> 
     </span>
    </p>
   </div>
   <div class='ocr_carea' id='block_1_42' title="bbox 464 4138 2460 4220">
    <p class='ocr_par' dir='ltr' id='par_1_42' title="bbox 464 4138 2460 4220">
     <span class='ocr_line' id='line_1_42' title="bbox 464 4138 2460 4220; baseline 0.001 -17"><span class='ocrx_word' id='word_1_569' title='bbox 464 4165 575 4203; x_wconf 82' lang='lat' dir='ltr'>nus</span> <span class='ocrx_word' id='word_1_570' title='bbox 602 4138 854 4219; x_wconf 66' lang='lat' dir='ltr'>corripit,</span> <span class='ocrx_word' id='word_1_571' title='bbox 878 4157 927 4205; x_wconf 88' lang='lat' dir='ltr'>et</span> <span class='ocrx_word' id='word_1_572' title='bbox 956 4155 1118 4219; x_wconf 76' lang='lat' dir='ltr'>quasi</span> <span class='ocrx_word' id='word_1_573' title='bbox 1136 4154 1298 4206; x_wconf 77' lang='lat' dir='ltr'>Pater</span> <span class='ocrx_word' id='word_1_574' title='bbox 1326 4156 1389 4207; x_wconf 83' lang='lat' dir='ltr'>in</span> <span class='ocrx_word' id='word_1_575' title='bbox 1419 4156 1534 4219; x_wconf 83' lang='lat' dir='ltr'>ﬁlio</span> <span class='ocrx_word' id='word_1_576' title='bbox 1554 4153 1985 4220; x_wconf 74' lang='lat' dir='ltr'>complacetsibi.</span> <span class='ocrx_word' id='word_1_577' title='bbox 2140 4151 2460 4205; x_wconf 89' lang='lat' dir='ltr'>ricordiam.</span> 
     </span>
    </p>
   </div>
   <div class='ocr_carea' id='block_1_43' title="bbox 536 4233 2059 4317">
    <p class='ocr_par' dir='ltr' id='par_1_43' title="bbox 536 4233 2059 4317">
     <span class='ocr_line' id='line_1_43' title="bbox 536 4233 2059 4317; baseline 0.001 -25"><span class='ocrx_word' id='word_1_578' title='bbox 536 4233 588 4317; x_wconf 74' lang='grc'>6.</span> <span class='ocrx_word' id='word_1_579' title='bbox 615 4239 879 4305; x_wconf 77' lang='lat' dir='ltr'>Fructum</span> <span class='ocrx_word' id='word_1_580' title='bbox 904 4244 1345 4310; x_wconf 73' lang='lat' dir='ltr'>pacatissimam.</span> <span class='ocrx_word' id='word_1_581' title='bbox 1379 4242 1529 4296; x_wconf 89' lang='lat' dir='ltr'>Ordo</span> <span class='ocrx_word' id='word_1_582' title='bbox 1565 4260 1577 4295; x_wconf 92' lang='lat'><strong>:</strong></span> <span class='ocrx_word' id='word_1_583' title='bbox 1608 4241 1875 4295; x_wconf 88' lang='lat' dir='ltr'>Fructum</span> <span class='ocrx_word' id='word_1_584' title='bbox 1898 4257 2059 4311; x_wconf 82' lang='lat' dir='ltr'>paca-</span> 
     </span>
    </p>
   </div>
   <div class='ocr_carea' id='block_1_44' title="bbox 465 4321 2050 4401">
    <p class='ocr_par' dir='ltr' id='par_1_44' title="bbox 465 4321 2050 4401">
     <span class='ocr_line' id='line_1_44' title="bbox 465 4321 2050 4401; baseline 0.002 -20"><span class='ocrx_word' id='word_1_585' title='bbox 465 4322 746 4401; x_wconf 90' lang='lat' dir='ltr'>tissimum</span> <span class='ocrx_word' id='word_1_586' title='bbox 772 4321 1096 4398; x_wconf 74' lang='lat' dir='ltr'>justitize,id</span> <span class='ocrx_word' id='word_1_587' title='bbox 1115 4338 1218 4394; x_wconf 87' lang='lat' dir='ltr'>est,</span> <span class='ocrx_word' id='word_1_588' title='bbox 1244 4346 1409 4401; x_wconf 92' lang='lat' dir='ltr'>quem</span> <span class='ocrx_word' id='word_1_589' title='bbox 1434 4329 1657 4400; x_wconf 89' lang='lat' dir='ltr'>justitia</span> <span class='ocrx_word' id='word_1_590' title='bbox 1681 4335 2050 4401; x_wconf 87' lang='lat' dir='ltr'>promeretur.</span> 
     </span>
    </p>
   </div>
   <div class='ocr_carea' id='block_1_45' title="bbox 535 4400 2058 4490">
    <p class='ocr_par' dir='ltr' id='par_1_45' title="bbox 535 4400 2058 4490">
     <span class='ocr_line' id='line_1_45' title="bbox 535 4400 2058 4490; baseline 0.003 -21"><span class='ocrx_word' id='word_1_591' title='bbox 535 4402 591 4471; x_wconf 70' lang='lat'>7.</span> <span class='ocrx_word' id='word_1_592' title='bbox 624 4400 856 4471; x_wconf 67' lang='lat' dir='ltr'>Pedibus</span> <span class='ocrx_word' id='word_1_593' title='bbox 879 4421 1089 4481; x_wconf 79' lang='lat' dir='ltr'>vestris.</span> <span class='ocrx_word' id='word_1_594' title='bbox 1124 4414 1299 4474; x_wconf 83' lang='lat' dir='ltr'>Pedes</span> <span class='ocrx_word' id='word_1_595' title='bbox 1329 4414 1488 4474; x_wconf 81' lang='lat' dir='ltr'>vocat</span> <span class='ocrx_word' id='word_1_596' title='bbox 1516 4419 1903 4490; x_wconf 86' lang='lat' dir='ltr'>cogitationes,</span> <span class='ocrx_word' id='word_1_597' title='bbox 1936 4435 2058 4489; x_wconf 65' lang='lat' dir='ltr'>quae</span> 
     </span>
    </p>
   </div>
   <div class='ocr_carea' id='block_1_46' title="bbox 466 4507 2056 4593">
    <p class='ocr_par' dir='ltr' id='par_1_46' title="bbox 466 4507 2056 4593">
     <span class='ocr_line' id='line_1_46' title="bbox 466 4507 2056 4593; baseline 0.003 -36"><span class='ocrx_word' id='word_1_598' title='bbox 466 4509 602 4593; x_wconf 66' lang='lat' dir='ltr'>tunp</span> <span class='ocrx_word' id='word_1_599' title='bbox 646 4511 796 4576; x_wconf 85' lang='lat' dir='ltr'>recte</span> <span class='ocrx_word' id='word_1_600' title='bbox 852 4507 1208 4581; x_wconf 84' lang='lat' dir='ltr'>gradiuntur,</span> <span class='ocrx_word' id='word_1_601' title='bbox 1260 4524 1386 4562; x_wconf 91' lang='lat' dir='ltr'>cum</span> <span class='ocrx_word' id='word_1_602' title='bbox 1436 4509 1575 4563; x_wconf 90' lang='lat' dir='ltr'>bene</span> <span class='ocrx_word' id='word_1_603' title='bbox 1616 4509 1887 4575; x_wconf 86' lang='lat' dir='ltr'>credunt;</span> <span class='ocrx_word' id='word_1_604' title='bbox 1921 4512 2056 4563; x_wconf 89' lang='lat' dir='ltr'>tunc</span> 
     </span>
    </p>
   </div>
   <div class='ocr_carea' id='block_1_47' title="bbox 465 4584 1321 4667">
    <p class='ocr_par' dir='ltr' id='par_1_47' title="bbox 465 4584 1321 4667">
     <span class='ocr_line' id='line_1_47' title="bbox 465 4584 1321 4667; baseline 0.004 -21"><span class='ocrx_word' id='word_1_605' title='bbox 465 4584 800 4667; x_wconf 82' lang='lat' dir='ltr'>claudicant,</span> <span class='ocrx_word' id='word_1_606' title='bbox 833 4588 961 4658; x_wconf 79' lang='lat' dir='ltr'>eum</span> <span class='ocrx_word' id='word_1_607' title='bbox 993 4601 1203 4649; x_wconf 91' lang='lat' dir='ltr'>errant.</span> <span class='ocrx_word' id='word_1_608' title='bbox 1320 4588 1321 4591; x_wconf 36' lang='grc'><em>“</em></span> 
     </span>
    </p>
   </div>
   <div class='ocr_carea' id='block_1_48' title="bbox 535 4675 2055 4754">
    <p class='ocr_par' dir='ltr' id='par_1_48' title="bbox 535 4675 2055 4754">
     <span class='ocr_line' id='line_1_48' title="bbox 535 4675 2055 4754; baseline 0.004 -24"><span class='ocrx_word' id='word_1_609' title='bbox 535 4675 589 4730; x_wconf 87' lang='lat'>8.</span> <span class='ocrx_word' id='word_1_610' title='bbox 617 4676 833 4736; x_wconf 84' lang='lat' dir='ltr'>Scitote.</span> <span class='ocrx_word' id='word_1_611' title='bbox 882 4677 1141 4733; x_wconf 90' lang='lat' dir='ltr'>Ostensio</span> <span class='ocrx_word' id='word_1_612' title='bbox 1181 4682 1348 4750; x_wconf 89' lang='lat' dir='ltr'>quam</span> <span class='ocrx_word' id='word_1_613' title='bbox 1393 4680 1565 4735; x_wconf 84' lang='lat' dir='ltr'>fuerit</span> <span class='ocrx_word' id='word_1_614' title='bbox 1594 4681 1739 4736; x_wconf 89' lang='lat' dir='ltr'>Esau</span> <span class='ocrx_word' id='word_1_615' title='bbox 1768 4682 2055 4754; x_wconf 81' lang='lat' dir='ltr'>profanus,</span> 
     </span>
    </p>
   </div>
   <div class='ocr_carea' id='block_1_49' title="bbox 463 4763 1520 4822">
    <p class='ocr_par' dir='ltr' id='par_1_49' title="bbox 463 4763 1520 4822">
     <span class='ocr_line' id='line_1_49' title="bbox 463 4763 1520 4822; baseline 0.004 -5"><span class='ocrx_word' id='word_1_616' title='bbox 463 4763 523 4817; x_wconf 88' lang='lat' dir='ltr'>id</span> <span class='ocrx_word' id='word_1_617' title='bbox 552 4771 637 4818; x_wconf 89' lang='lat' dir='ltr'>est</span> <span class='ocrx_word' id='word_1_618' title='bbox 662 4781 697 4818; x_wconf 91' lang='lat' dir='ltr'>a</span> <span class='ocrx_word' id='word_1_619' title='bbox 717 4773 990 4820; x_wconf 87' lang='lat' dir='ltr'>conventu</span> <span class='ocrx_word' id='word_1_620' title='bbox 1007 4767 1257 4820; x_wconf 81' lang='lat' dir='ltr'>ﬁdelium</span> <span class='ocrx_word' id='word_1_621' title='bbox 1285 4768 1520 4822; x_wconf 89' lang='lat' dir='ltr'>alienus.</span> 
     </span>
    </p>
   </div>
   <div class='ocr_carea' id='block_1_50' title="bbox 535 4838 2060 4920">
    <p class='ocr_par' dir='ltr' id='par_1_50' title="bbox 535 4838 2060 4920">
     <span class='ocr_line' id='line_1_50' title="bbox 535 4838 2060 4920; baseline 0.004 -14"><span class='ocrx_word' id='word_1_622' title='bbox 535 4848 590 4906; x_wconf 71' lang='lat'>9.</span> <span class='ocrx_word' id='word_1_623' title='bbox 625 4854 747 4908; x_wconf 79' lang='lat' dir='ltr'>Non</span> <span class='ocrx_word' id='word_1_624' title='bbox 777 4856 926 4908; x_wconf 85' lang='lat' dir='ltr'>enim</span> <span class='ocrx_word' id='word_1_625' title='bbox 955 4858 1271 4910; x_wconf 75' lang='lat' dir='ltr'>accessistis.</span> <span class='ocrx_word' id='word_1_626' title='bbox 1297 4838 1531 4920; x_wconf 85' lang='lat' dir='ltr'>Quando</span> <span class='ocrx_word' id='word_1_627' title='bbox 1562 4858 1646 4911; x_wconf 83' lang='lat' dir='ltr'>lex</span> <span class='ocrx_word' id='word_1_628' title='bbox 1675 4859 1808 4912; x_wconf 88' lang='lat' dir='ltr'>data</span> <span class='ocrx_word' id='word_1_629' title='bbox 1838 4864 1924 4912; x_wconf 90' lang='lat' dir='ltr'>est</span> <span class='ocrx_word' id='word_1_630' title='bbox 1952 4860 2060 4913; x_wconf 89' lang='lat' dir='ltr'>Ju-</span> 
     </span>
    </p>
   </div>
   <div class='ocr_carea' id='block_1_51' title="bbox 466 4936 2062 5018">
    <p class='ocr_par' dir='ltr' id='par_1_51' title="bbox 466 4936 2062 5018">
     <span class='ocr_line' id='line_1_51' title="bbox 466 4936 2062 5018; baseline 0.005 -24"><span class='ocrx_word' id='word_1_631' title='bbox 466 4936 623 5018; x_wconf 66' lang='lat' dir='ltr'>daeis,</span> <span class='ocrx_word' id='word_1_632' title='bbox 657 4936 919 5013; x_wconf 82' lang='lat' dir='ltr'>apparuit</span> <span class='ocrx_word' id='word_1_633' title='bbox 939 4941 1085 5014; x_wconf 87' lang='lat' dir='ltr'>ignis</span> <span class='ocrx_word' id='word_1_634' title='bbox 1110 4945 1439 5012; x_wconf 88' lang='lat' dir='ltr'>tractabilis,</span> <span class='ocrx_word' id='word_1_635' title='bbox 1457 4945 1514 5000; x_wconf 91' lang='lat' dir='ltr'>id</span> <span class='ocrx_word' id='word_1_636' title='bbox 1533 4952 1637 5008; x_wconf 89' lang='lat' dir='ltr'>est,</span> <span class='ocrx_word' id='word_1_637' title='bbox 1666 4947 1982 5018; x_wconf 90' lang='lat' dir='ltr'>palpabilis,</span> <span class='ocrx_word' id='word_1_638' title='bbox 2004 4954 2062 5002; x_wconf 88' lang='lat' dir='ltr'>et</span> 
     </span>
    </p>
   </div>
   <div class='ocr_carea' id='block_1_52' title="bbox 466 5009 2061 5104">
    <p class='ocr_par' dir='ltr' id='par_1_52' title="bbox 466 5009 2061 5104">
     <span class='ocr_line' id='line_1_52' title="bbox 466 5009 2061 5104; baseline 0.003 -21"><span class='ocrx_word' id='word_1_639' title='bbox 466 5009 823 5096; x_wconf 61' lang='lat' dir='ltr'>decessibiiis,</span> <span class='ocrx_word' id='word_1_640' title='bbox 860 5030 919 5086; x_wconf 92' lang='lat' dir='ltr'>in</span> <span class='ocrx_word' id='word_1_641' title='bbox 944 5009 1053 5103; x_wconf 71' lang='lat' dir='ltr'>quo</span> <span class='ocrx_word' id='word_1_642' title='bbox 1082 5009 1612 5104; x_wconf 25' lang='lat' dir='ltr'>loquebatur&#39;Deus,</span> <span class='ocrx_word' id='word_1_643' title='bbox 1646 5009 1702 5089; x_wconf 68' lang='lat' dir='ltr'>et</span> <span class='ocrx_word' id='word_1_644' title='bbox 1730 5009 1932 5090; x_wconf 70' lang='lat' dir='ltr'>caetera</span> <span class='ocrx_word' id='word_1_645' title='bbox 1953 5009 2061 5089; x_wconf 84' lang='lat' dir='ltr'>ter-</span> 
     </span>
    </p>
   </div>
   <div class='ocr_carea' id='block_1_53' title="bbox 464 5118 2059 5195">
    <p class='ocr_par' dir='ltr' id='par_1_53' title="bbox 464 5118 2059 5195">
     <span class='ocr_line' id='line_1_53' title="bbox 464 5118 2059 5195; baseline 0.003 -22"><span class='ocrx_word' id='word_1_646' title='bbox 464 5118 652 5173; x_wconf 89' lang='lat' dir='ltr'>ribilia</span> <span class='ocrx_word' id='word_1_647' title='bbox 680 5136 800 5191; x_wconf 71' lang='lat' dir='ltr'>quae</span> <span class='ocrx_word' id='word_1_648' title='bbox 820 5127 1152 5195; x_wconf 83' lang='lat' dir='ltr'>sequuntur.</span> <span class='ocrx_word' id='word_1_649' title='bbox 1169 5124 1292 5177; x_wconf 93' lang='lat' dir='ltr'>Non</span> <span class='ocrx_word' id='word_1_650' title='bbox 1313 5123 1411 5190; x_wconf 90' lang='lat' dir='ltr'>ita,</span> <span class='ocrx_word' id='word_1_651' title='bbox 1438 5123 1639 5193; x_wconf 91' lang='lat' dir='ltr'>inquit,</span> <span class='ocrx_word' id='word_1_652' title='bbox 1661 5123 1719 5176; x_wconf 92' lang='lat' dir='ltr'>in</span> <span class='ocrx_word' id='word_1_653' title='bbox 1745 5140 1898 5177; x_wconf 69' lang='lat' dir='ltr'>novze</span> <span class='ocrx_word' id='word_1_654' title='bbox 1921 5124 2059 5194; x_wconf 89' lang='lat' dir='ltr'>legis</span> 
     </span>
    </p>
   </div>
   <div class='ocr_carea' id='block_1_54' title="bbox 2221 4232 3716 4310">
    <p class='ocr_par' dir='ltr' id='par_1_54' title="bbox 2221 4232 3716 4310">
     <span class='ocr_line' id='line_1_54' title="bbox 2221 4232 3716 4310; baseline -0.009 -15"><span class='ocrx_word' id='word_1_655' title='bbox 2221 4238 2299 4295; x_wconf 82' lang='lat' dir='ltr'>l2.</span> <span class='ocrx_word' id='word_1_656' title='bbox 2362 4240 2554 4295; x_wconf 84' lang='lat' dir='ltr'>Adhuc</span> <span class='ocrx_word' id='word_1_657' title='bbox 2601 4254 2692 4306; x_wconf 85' lang='lat' dir='ltr'>ego</span> <span class='ocrx_word' id='word_1_658' title='bbox 2729 4238 2911 4293; x_wconf 81' lang='lat' dir='ltr'>semel.</span> <span class='ocrx_word' id='word_1_659' title='bbox 2957 4240 3022 4293; x_wconf 90' lang='lat' dir='ltr'>In</span> <span class='ocrx_word' id='word_1_660' title='bbox 3059 4240 3255 4309; x_wconf 85' lang='lat' dir='ltr'>Aggeo</span> <span class='ocrx_word' id='word_1_661' title='bbox 3297 4239 3570 4310; x_wconf 88' lang='lat' dir='ltr'>propheta</span> <span class='ocrx_word' id='word_1_662' title='bbox 3601 4232 3673 4288; x_wconf 89' lang='lat' dir='ltr'>sic</span> <span class='ocrx_word' id='word_1_663' title='bbox 3706 4248 3716 4281; x_wconf 88' lang='lat'><strong><em>:</em></strong></span> 
     </span>
    </p>
   </div>
   <div class='ocr_carea' id='block_1_55' title="bbox 2140 4326 3719 4395">
    <p class='ocr_par' dir='ltr' id='par_1_55' title="bbox 2140 4326 3719 4395">
     <span class='ocr_line' id='line_1_55' title="bbox 2140 4326 3719 4395; baseline -0.004 -14"><span class='ocrx_word' id='word_1_664' title='bbox 2140 4329 2329 4382; x_wconf 79' lang='lat' dir='ltr'>Adhuc</span> <span class='ocrx_word' id='word_1_665' title='bbox 2357 4344 2535 4381; x_wconf 81' lang='lat' dir='ltr'>unum</span> <span class='ocrx_word' id='word_1_666' title='bbox 2559 4329 2838 4381; x_wconf 84' lang='lat' dir='ltr'>modicum</span> <span class='ocrx_word' id='word_1_667' title='bbox 2866 4333 2961 4392; x_wconf 83' lang='lat' dir='ltr'>est,</span> <span class='ocrx_word' id='word_1_668' title='bbox 2996 4334 3044 4381; x_wconf 86' lang='lat' dir='ltr'>et</span> <span class='ocrx_word' id='word_1_669' title='bbox 3064 4345 3155 4395; x_wconf 86' lang='lat' dir='ltr'>ego</span> <span class='ocrx_word' id='word_1_670' title='bbox 3185 4329 3519 4382; x_wconf 77' lang='lat' dir='ltr'>commovebo</span> <span class='ocrx_word' id='word_1_671' title='bbox 3543 4326 3719 4378; x_wconf 72' lang='lat' dir='ltr'>ca’lum</span> 
     </span>
    </p>
   </div>
   <div class='ocr_carea' id='block_1_56' title="bbox 2141 4418 2763 4485">
    <p class='ocr_par' dir='ltr' id='par_1_56' title="bbox 2141 4418 2763 4485">
     <span class='ocr_line' id='line_1_56' title="bbox 2141 4418 2763 4485; baseline 0.003 -16"><span class='ocrx_word' id='word_1_672' title='bbox 2141 4421 2191 4469; x_wconf 85' lang='lat' dir='ltr'>et</span> <span class='ocrx_word' id='word_1_673' title='bbox 2219 4421 2429 4469; x_wconf 78' lang='lat' dir='ltr'>terram</span> <span class='ocrx_word' id='word_1_674' title='bbox 2458 4419 2637 4483; x_wconf 82' lang='lat' dir='ltr'>(Agge.</span> <span class='ocrx_word' id='word_1_675' title='bbox 2672 4418 2763 4485; x_wconf 87' lang='lat' dir='ltr'>II.)</span> 
     </span>
    </p>
   </div>
   <div class='ocr_carea' id='block_1_57' title="bbox 2216 4501 3720 4577">
    <p class='ocr_par' dir='ltr' id='par_1_57' title="bbox 2216 4501 3720 4577">
     <span class='ocr_line' id='line_1_57' title="bbox 2216 4501 3720 4577; baseline -0.007 -17"><span class='ocrx_word' id='word_1_676' title='bbox 2216 4504 2295 4560; x_wconf 89' lang='lat'>13.</span> <span class='ocrx_word' id='word_1_677' title='bbox 2344 4507 2612 4559; x_wconf 83' lang='lat' dir='ltr'>Declarat.</span> <span class='ocrx_word' id='word_1_678' title='bbox 2639 4507 2747 4559; x_wconf 90' lang='lat' dir='ltr'>Per</span> <span class='ocrx_word' id='word_1_679' title='bbox 2779 4505 2882 4560; x_wconf 88' lang='lat' dir='ltr'>hoc</span> <span class='ocrx_word' id='word_1_680' title='bbox 2908 4506 3057 4577; x_wconf 91' lang='lat' dir='ltr'>quod</span> <span class='ocrx_word' id='word_1_681' title='bbox 3086 4506 3220 4559; x_wconf 90' lang='lat' dir='ltr'>dicit</span> <span class='ocrx_word' id='word_1_682' title='bbox 3242 4523 3253 4557; x_wconf 89' lang='lat'>:</span> <span class='ocrx_word' id='word_1_683' title='bbox 3279 4504 3529 4565; x_wconf 85' lang='lat' dir='ltr'>Movebo,</span> <span class='ocrx_word' id='word_1_684' title='bbox 3552 4501 3720 4555; x_wconf 83' lang='lat' dir='ltr'>decla-</span> 
     </span>
    </p>
   </div>
   <div class='ocr_carea' id='block_1_58' title="bbox 2140 4594 3719 4658">
    <p class='ocr_par' dir='ltr' id='par_1_58' title="bbox 2140 4594 3719 4658">
     <span class='ocr_line' id='line_1_58' title="bbox 2140 4594 3719 4658; baseline -0.004 -12"><span class='ocrx_word' id='word_1_685' title='bbox 2140 4599 2299 4647; x_wconf 88' lang='lat' dir='ltr'>ratur</span> <span class='ocrx_word' id='word_1_686' title='bbox 2327 4595 2452 4647; x_wconf 77' lang='lat' dir='ltr'>cceli</span> <span class='ocrx_word' id='word_1_687' title='bbox 2473 4600 2529 4648; x_wconf 91' lang='lat' dir='ltr'>et</span> <span class='ocrx_word' id='word_1_688' title='bbox 2546 4598 2710 4648; x_wconf 69' lang='lat' dir='ltr'>terrae</span> <span class='ocrx_word' id='word_1_689' title='bbox 2722 4595 3037 4657; x_wconf 86' lang='lat' dir='ltr'>translatio,</span> <span class='ocrx_word' id='word_1_690' title='bbox 3067 4594 3123 4648; x_wconf 91' lang='lat' dir='ltr'>id</span> <span class='ocrx_word' id='word_1_691' title='bbox 3144 4594 3311 4658; x_wconf 89' lang='lat' dir='ltr'>est,in</span> <span class='ocrx_word' id='word_1_692' title='bbox 3325 4596 3501 4648; x_wconf 85' lang='lat' dir='ltr'>alium</span> <span class='ocrx_word' id='word_1_693' title='bbox 3521 4595 3719 4645; x_wconf 85' lang='lat' dir='ltr'>statum</span> 
     </span>
    </p>
   </div>
   <div class='ocr_carea' id='block_1_59' title="bbox 2140 4678 3720 4753">
    <p class='ocr_par' dir='ltr' id='par_1_59' title="bbox 2140 4678 3720 4753">
     <span class='ocr_line' id='line_1_59' title="bbox 2140 4678 3720 4753; baseline -0.004 -16"><span class='ocrx_word' id='word_1_694' title='bbox 2140 4682 2560 4737; x_wconf 86' lang='lat' dir='ltr'>transmutatio.</span> <span class='ocrx_word' id='word_1_695' title='bbox 2606 4683 2815 4737; x_wconf 90' lang='lat' dir='ltr'>Probat</span> <span class='ocrx_word' id='word_1_696' title='bbox 2840 4685 2945 4737; x_wconf 89' lang='lat' dir='ltr'>hoc</span> <span class='ocrx_word' id='word_1_697' title='bbox 2975 4699 3132 4744; x_wconf 81' lang='lat' dir='ltr'>vero.</span> <span class='ocrx_word' id='word_1_698' title='bbox 3161 4684 3308 4753; x_wconf 91' lang='lat' dir='ltr'>quod</span> <span class='ocrx_word' id='word_1_699' title='bbox 3350 4678 3523 4737; x_wconf 87' lang='lat' dir='ltr'>semel</span> <span class='ocrx_word' id='word_1_700' title='bbox 3550 4685 3720 4733; x_wconf 86' lang='lat' dir='ltr'>osten-</span> 
     </span>
    </p>
   </div>
   <div class='ocr_carea' id='block_1_60' title="bbox 2140 4763 3718 4842">
    <p class='ocr_par' dir='ltr' id='par_1_60' title="bbox 2140 4763 3718 4842">
     <span class='ocr_line' id='line_1_60' title="bbox 2140 4763 3718 4842; baseline -0.002 -19"><span class='ocrx_word' id='word_1_701' title='bbox 2140 4768 2311 4835; x_wconf 90' lang='lat' dir='ltr'>ditur,</span> <span class='ocrx_word' id='word_1_702' title='bbox 2348 4772 2497 4841; x_wconf 91' lang='lat' dir='ltr'>quod</span> <span class='ocrx_word' id='word_1_703' title='bbox 2545 4778 2739 4842; x_wconf 86' lang='lat' dir='ltr'>postea</span> <span class='ocrx_word' id='word_1_704' title='bbox 2775 4773 2967 4826; x_wconf 90' lang='lat' dir='ltr'>futura</span> <span class='ocrx_word' id='word_1_705' title='bbox 3012 4779 3145 4825; x_wconf 88' lang='lat' dir='ltr'>sunt</span> <span class='ocrx_word' id='word_1_706' title='bbox 3189 4772 3514 4825; x_wconf 83' lang='lat' dir='ltr'>immobilia.</span> <span class='ocrx_word' id='word_1_707' title='bbox 3570 4763 3718 4830; x_wconf 87' lang='lat' dir='ltr'>Quod</span> 
     </span>
    </p>
   </div>
   <div class='ocr_carea' id='block_1_61' title="bbox 2140 4858 3718 4931">
    <p class='ocr_par' dir='ltr' id='par_1_61' title="bbox 2140 4858 3718 4931">
     <span class='ocr_line' id='line_1_61' title="bbox 2140 4858 3718 4931; baseline -0.005 -18"><span class='ocrx_word' id='word_1_708' title='bbox 2140 4876 2271 4913; x_wconf 85' lang='lat' dir='ltr'>vero</span> <span class='ocrx_word' id='word_1_709' title='bbox 2294 4860 2501 4913; x_wconf 88' lang='lat' dir='ltr'>dicitur</span> <span class='ocrx_word' id='word_1_710' title='bbox 2532 4878 2543 4912; x_wconf 90' lang='lat'><strong><em>:</em></strong></span> <span class='ocrx_word' id='word_1_711' title='bbox 2594 4860 2671 4913; x_wconf 88' lang='lat' dir='ltr'>Ea</span> <span class='ocrx_word' id='word_1_712' title='bbox 2706 4877 2829 4930; x_wconf 74' lang='lat' dir='ltr'>quae</span> <span class='ocrx_word' id='word_1_713' title='bbox 2865 4866 3017 4925; x_wconf 87' lang='lat' dir='ltr'>sunt,</span> <span class='ocrx_word' id='word_1_714' title='bbox 3058 4861 3138 4916; x_wconf 92' lang='lat' dir='ltr'>sic</span> <span class='ocrx_word' id='word_1_715' title='bbox 3179 4859 3608 4931; x_wconf 86' lang='lat' dir='ltr'>intelligendum</span> <span class='ocrx_word' id='word_1_716' title='bbox 3638 4858 3718 4907; x_wconf 88' lang='lat' dir='ltr'>est</span> 
     </span>
    </p>
   </div>
   <div class='ocr_carea' id='block_1_62' title="bbox 2143 4941 3724 5020">
    <p class='ocr_par' dir='ltr' id='par_1_62' title="bbox 2143 4941 3724 5020">
     <span class='ocr_line' id='line_1_62' title="bbox 2143 4941 3724 5020; baseline -0.005 -19"><span class='ocrx_word' id='word_1_717' title='bbox 2143 4949 2305 5018; x_wconf 88' lang='lat' dir='ltr'>quasi</span> <span class='ocrx_word' id='word_1_718' title='bbox 2330 4949 2612 5001; x_wconf 88' lang='lat' dir='ltr'>diceretur</span> <span class='ocrx_word' id='word_1_719' title='bbox 2640 4964 2652 4999; x_wconf 86' lang='lat'><strong>:</strong></span> <span class='ocrx_word' id='word_1_720' title='bbox 2684 4949 2745 5002; x_wconf 91' lang='lat' dir='ltr'>1d</span> <span class='ocrx_word' id='word_1_721' title='bbox 2780 4950 2931 5017; x_wconf 91' lang='lat' dir='ltr'>quod</span> <span class='ocrx_word' id='word_1_722' title='bbox 2962 4957 3112 5003; x_wconf 89' lang='lat' dir='ltr'>sunt.</span> <span class='ocrx_word' id='word_1_723' title='bbox 3138 4950 3422 5020; x_wconf 88' lang='lat' dir='ltr'>Quidquid</span> <span class='ocrx_word' id='word_1_724' title='bbox 3453 4947 3600 5001; x_wconf 90' lang='lat' dir='ltr'>enim</span> <span class='ocrx_word' id='word_1_725' title='bbox 3622 4941 3724 4997; x_wconf 88' lang='lat' dir='ltr'>erit</span> 
     </span>
    </p>
   </div>
   <div class='ocr_carea' id='block_1_63' title="bbox 2141 5034 3720 5107">
    <p class='ocr_par' dir='ltr' id='par_1_63' title="bbox 2141 5034 3720 5107">
     <span class='ocr_line' id='line_1_63' title="bbox 2141 5034 3720 5107; baseline -0.004 -18"><span class='ocrx_word' id='word_1_726' title='bbox 2141 5037 2254 5090; x_wconf 91' lang='lat' dir='ltr'>sive</span> <span class='ocrx_word' id='word_1_727' title='bbox 2305 5038 2364 5090; x_wconf 91' lang='lat' dir='ltr'>in</span> <span class='ocrx_word' id='word_1_728' title='bbox 2420 5034 2820 5107; x_wconf 87' lang='lat' dir='ltr'>principalibus</span> <span class='ocrx_word' id='word_1_729' title='bbox 2872 5038 3150 5102; x_wconf 89' lang='lat' dir='ltr'>essentiis,</span> <span class='ocrx_word' id='word_1_730' title='bbox 3213 5039 3329 5092; x_wconf 85' lang='lat' dir='ltr'>sive</span> <span class='ocrx_word' id='word_1_731' title='bbox 3385 5037 3720 5092; x_wconf 69' lang='lat' dir='ltr'>extrinsecus</span> 
     </span>
    </p>
   </div>
   <div class='ocr_carea' id='block_1_64' title="bbox 2140 5125 3300 5195">
    <p class='ocr_par' dir='ltr' id='par_1_64' title="bbox 2140 5125 3300 5195">
     <span class='ocr_line' id='line_1_64' title="bbox 2140 5125 3300 5195; baseline 0 -17"><span class='ocrx_word' id='word_1_732' title='bbox 2140 5126 2397 5195; x_wconf 87' lang='lat' dir='ltr'>sumptis,</span> <span class='ocrx_word' id='word_1_733' title='bbox 2433 5126 2741 5179; x_wconf 88' lang='lat' dir='ltr'>secundum</span> <span class='ocrx_word' id='word_1_734' title='bbox 2770 5125 2827 5179; x_wconf 91' lang='lat' dir='ltr'>id</span> <span class='ocrx_word' id='word_1_735' title='bbox 2857 5126 3144 5180; x_wconf 91' lang='lat' dir='ltr'>immobile</span> <span class='ocrx_word' id='word_1_736' title='bbox 3175 5127 3300 5180; x_wconf 90' lang='lat' dir='ltr'>erit.</span> 
     </span>
    </p>
   </div>
   <div class='ocr_carea' id='block_1_65' title="bbox 462 5196 3715 5296">
    <p class='ocr_par' dir='ltr' id='par_1_65' title="bbox 462 5196 3715 5296">
     <span class='ocr_line' id='line_1_65' title="bbox 462 5196 3715 5296; baseline -0.001 -35"><span class='ocrx_word' id='word_1_737' title='bbox 462 5196 671 5296; x_wconf 73' lang='lat' dir='ltr'>latione</span> <span class='ocrx_word' id='word_1_738' title='bbox 696 5203 910 5296; x_wconf 59' lang='lat' dir='ltr'>factum</span> <span class='ocrx_word' id='word_1_739' title='bbox 932 5212 1035 5277; x_wconf 86' lang='lat' dir='ltr'>est,</span> <span class='ocrx_word' id='word_1_740' title='bbox 1067 5204 1258 5265; x_wconf 90' lang='lat' dir='ltr'>omnia</span> <span class='ocrx_word' id='word_1_741' title='bbox 1278 5213 1428 5265; x_wconf 91' lang='lat' dir='ltr'>enim</span> <span class='ocrx_word' id='word_1_742' title='bbox 1454 5212 1702 5265; x_wconf 87' lang='lat' dir='ltr'>suaviter</span> <span class='ocrx_word' id='word_1_743' title='bbox 1729 5218 1783 5265; x_wconf 90' lang='lat' dir='ltr'>et</span> <span class='ocrx_word' id='word_1_744' title='bbox 1818 5211 2120 5296; x_wconf 81' lang='lat' dir='ltr'>dulciterB</span> <span class='ocrx_word' id='word_1_745' title='bbox 2212 5215 2371 5268; x_wconf 85' lang='lat' dir='ltr'>CAP.</span> <span class='ocrx_word' id='word_1_746' title='bbox 2408 5215 2557 5270; x_wconf 84' lang='lat' dir='ltr'>XIII.</span> <span class='ocrx_word' id='word_1_747' title='bbox 2594 5245 2654 5256; x_wconf 94' lang='lat'>—</span> <span class='ocrx_word' id='word_1_748' title='bbox 2708 5215 2754 5270; x_wconf 82' lang='lat'>1.</span> <span class='ocrx_word' id='word_1_749' title='bbox 2801 5216 2954 5268; x_wconf 82' lang='lat' dir='ltr'>Jesus</span> <span class='ocrx_word' id='word_1_750' title='bbox 2988 5217 3239 5270; x_wconf 76' lang='lat' dir='ltr'>Christus</span> <span class='ocrx_word' id='word_1_751' title='bbox 3295 5216 3416 5268; x_wconf 76' lang='lat' dir='ltr'>heri</span> <span class='ocrx_word' id='word_1_752' title='bbox 3455 5219 3503 5267; x_wconf 85' lang='lat' dir='ltr'>et</span> <span class='ocrx_word' id='word_1_753' title='bbox 3551 5210 3715 5265; x_wconf 83' lang='lat' dir='ltr'>hodie.</span> 
     </span>
    </p>
   </div>
   <div class='ocr_carea' id='block_1_66' title="bbox 459 5287 973 5354">
    <p class='ocr_par' dir='ltr' id='par_1_66' title="bbox 459 5287 973 5354">
     <span class='ocr_line' id='line_1_66' title="bbox 459 5287 973 5354; baseline 0.006 -4"><span class='ocrx_word' id='word_1_754' title='bbox 459 5287 782 5353; x_wconf 79' lang='lat' dir='ltr'>indicantur</span> <span class='ocrx_word' id='word_1_755' title='bbox 798 5297 973 5354; x_wconf 87' lang='lat' dir='ltr'>vobis.</span> 
     </span>
    </p>
   </div>
   <div class='ocr_carea' id='block_1_67' title="bbox 2139 5301 3723 5373">
    <p class='ocr_par' dir='ltr' id='par_1_67' title="bbox 2139 5301 3723 5373">
     <span class='ocr_line' id='line_1_67' title="bbox 2139 5301 3723 5373; baseline -0.001 -16"><span class='ocrx_word' id='word_1_756' title='bbox 2139 5304 2309 5367; x_wconf 90' lang='lat' dir='ltr'>Quasi</span> <span class='ocrx_word' id='word_1_757' title='bbox 2333 5303 2580 5358; x_wconf 88' lang='lat' dir='ltr'>diceret:</span> <span class='ocrx_word' id='word_1_758' title='bbox 2612 5305 2773 5359; x_wconf 87' lang='lat' dir='ltr'>Jesus</span> <span class='ocrx_word' id='word_1_759' title='bbox 2794 5304 3050 5357; x_wconf 88' lang='lat' dir='ltr'>Christus</span> <span class='ocrx_word' id='word_1_760' title='bbox 3071 5304 3162 5373; x_wconf 90' lang='lat' dir='ltr'>qui</span> <span class='ocrx_word' id='word_1_761' title='bbox 3188 5320 3316 5357; x_wconf 90' lang='lat' dir='ltr'>cum</span> <span class='ocrx_word' id='word_1_762' title='bbox 3346 5304 3457 5356; x_wconf 91' lang='lat' dir='ltr'>illis</span> <span class='ocrx_word' id='word_1_763' title='bbox 3494 5301 3618 5364; x_wconf 90' lang='lat' dir='ltr'>fuit,</span> <span class='ocrx_word' id='word_1_764' title='bbox 3640 5313 3723 5350; x_wconf 79' lang='lat' dir='ltr'>vo-</span> 
     </span>
    </p>
   </div>
   <div class='ocr_carea' id='block_1_68' title="bbox 531 5384 3720 5463">
    <p class='ocr_par' dir='ltr' id='par_1_68' title="bbox 531 5384 3720 5463">
     <span class='ocr_line' id='line_1_68' title="bbox 531 5384 3720 5463; baseline -0 -22"><span class='ocrx_word' id='word_1_765' title='bbox 531 5384 615 5442; x_wconf 86' lang='grc'>10.</span> <span class='ocrx_word' id='word_1_766' title='bbox 636 5386 742 5463; x_wconf 76' lang='lat' dir='ltr'>Sed</span> <span class='ocrx_word' id='word_1_767' title='bbox 760 5391 1078 5453; x_wconf 80' lang='lat' dir='ltr'>accessistis,</span> <span class='ocrx_word' id='word_1_768' title='bbox 1103 5388 1160 5463; x_wconf 83' lang='lat' dir='ltr'>id</span> <span class='ocrx_word' id='word_1_769' title='bbox 1189 5393 1293 5455; x_wconf 90' lang='lat' dir='ltr'>est,</span> <span class='ocrx_word' id='word_1_770' title='bbox 1328 5389 1399 5442; x_wconf 89' lang='lat' dir='ltr'>ad</span> <span class='ocrx_word' id='word_1_771' title='bbox 1431 5389 1807 5458; x_wconf 88' lang='lat' dir='ltr'>altitudinem,</span> <span class='ocrx_word' id='word_1_772' title='bbox 1848 5392 1907 5445; x_wconf 90' lang='lat' dir='ltr'>in</span> <span class='ocrx_word' id='word_1_773' title='bbox 1942 5406 2053 5463; x_wconf 90' lang='lat' dir='ltr'>qua</span> <span class='ocrx_word' id='word_1_774' title='bbox 2134 5392 2350 5447; x_wconf 89' lang='lat' dir='ltr'>biscum</span> <span class='ocrx_word' id='word_1_775' title='bbox 2385 5400 2488 5457; x_wconf 87' lang='lat' dir='ltr'>est,</span> <span class='ocrx_word' id='word_1_776' title='bbox 2523 5398 2579 5447; x_wconf 90' lang='lat' dir='ltr'>et</span> <span class='ocrx_word' id='word_1_777' title='bbox 2603 5392 2712 5445; x_wconf 86' lang='lat' dir='ltr'>erit</span> <span class='ocrx_word' id='word_1_778' title='bbox 2738 5409 2866 5446; x_wconf 90' lang='lat' dir='ltr'>cum</span> <span class='ocrx_word' id='word_1_779' title='bbox 2896 5392 3141 5446; x_wconf 79' lang='lat' dir='ltr'>Ecclesia</span> <span class='ocrx_word' id='word_1_780' title='bbox 3169 5408 3272 5447; x_wconf 89' lang='lat' dir='ltr'>sua</span> <span class='ocrx_word' id='word_1_781' title='bbox 3296 5408 3474 5463; x_wconf 91' lang='lat' dir='ltr'>usque</span> <span class='ocrx_word' id='word_1_782' title='bbox 3494 5390 3565 5445; x_wconf 90' lang='lat' dir='ltr'>ad</span> <span class='ocrx_word' id='word_1_783' title='bbox 3593 5403 3720 5442; x_wconf 91' lang='lat' dir='ltr'>con-</span> 
     </span>
    </p>
   </div>
   <div class='ocr_carea' id='block_1_69' title="bbox 452 5462 2799 5547">
    <p class='ocr_par' dir='ltr' id='par_1_69' title="bbox 452 5462 2799 5547">
     <span class='ocr_line' id='line_1_69' title="bbox 452 5462 2799 5547; baseline 0.003 -19"><span class='ocrx_word' id='word_1_784' title='bbox 452 5468 539 5528; x_wconf 84' lang='lat' dir='ltr'>vel</span> <span class='ocrx_word' id='word_1_785' title='bbox 587 5468 656 5530; x_wconf 86' lang='lat' dir='ltr'>de</span> <span class='ocrx_word' id='word_1_786' title='bbox 688 5462 800 5545; x_wconf 79' lang='lat' dir='ltr'>qua</span> <span class='ocrx_word' id='word_1_787' title='bbox 838 5470 1062 5533; x_wconf 75' lang='lat' dir='ltr'>videtur</span> <span class='ocrx_word' id='word_1_788' title='bbox 1088 5462 1255 5532; x_wconf 90' lang='lat' dir='ltr'>Deus.</span> <span class='ocrx_word' id='word_1_789' title='bbox 1293 5476 1427 5531; x_wconf 90' lang='lat' dir='ltr'>Sion</span> <span class='ocrx_word' id='word_1_790' title='bbox 1464 5477 1614 5532; x_wconf 90' lang='lat' dir='ltr'>enim</span> <span class='ocrx_word' id='word_1_791' title='bbox 1645 5480 1940 5547; x_wconf 82' lang='lat' dir='ltr'>speculatio</span> <span class='ocrx_word' id='word_1_792' title='bbox 1960 5462 2052 5535; x_wconf 76' lang='lat' dir='ltr'>in-</span> <span class='ocrx_word' id='word_1_793' title='bbox 2133 5482 2568 5537; x_wconf 88' lang='lat' dir='ltr'>summationem</span> <span class='ocrx_word' id='word_1_794' title='bbox 2592 5481 2799 5534; x_wconf 76' lang='lat' dir='ltr'>szeculi.</span> 
     </span>
    </p>
   </div>
  </div>
