3978 6174
275 211 367 267 405
950 214 1028 268 ΙΝ
1063 214 1129 269 D.
1174 214 1390 285 PAULI
1432 215 1659 270 EPIST.
1701 214 2075 283 COMMENT.
2118 246 2183 261 -
2227 215 2454 283 EPIST.
2494 215 2591 299 ᾼῐ)
2629 216 2849 273 HEBR.

271 335 489 411 regrinis
518 337 696 391 nolite
726 337 946 392 abduci.
977 340 1265 410 Optimum
1293 347 1379 394 est
1402 342 1551 394 enim
1582 341 1770 411 gratia
1795 341 2045 395 stabilire
2074 359 2189 408 cor,
2209 342 2262 397 2.
2287 360 2398 397 non
2426 342 2561 398 escis
2585 360 2707 414 quae
2736 358 2849 411 non
2877 340 3210 413 profuerunt
3232 339 3530 415 ambulan-

268 425 400 479 tibus
423 424 479 480 in
511 425 614 480 eis.
651 427 704 482 3.
740 414 1035 482 Habemus
1059 429 1342 499 altare,de
1372 446 1481 500 quo
1512 430 1677 484 edere
1706 446 1817 483 non
1838 430 2048 485 habent
2075 436 2412 503 potestatem
2446 430 2542 504 qui
2569 432 2929 493 tabernaculo
2956 414 3302 509 deserviunt;
3326 427 3360 503 ,4

270 532 378 568 rum
405 514 559 571 enim
596 517 925 572 animalium
957 517 1200 572 infertur
1247 518 1480 589 sanguis
1508 536 1609 590 pro
1651 526 1877 590 peccato
1902 519 1960 573 in
1991 528 2185 575 sancta
2213 538 2312 592 per
2341 521 2685 592 pontiﬁcem,
2714 520 2915 574 horum
2946 536 3179 590 corpora
3207 526 3530 579 cremantur

274 611 414 658 extra
441 611 647 663 castra.
679 606 919 676 Propter
947 607 1096 677 quod
1127 613 1185 661 et
1207 609 1389 673 Jesus,
1423 613 1487 661 ut
1504 608 1879 663 sanctiﬁcaret
1906 626 2006 679 per
2031 626 2199 664 suum
2227 610 2557 680 sanguinem
2587 610 2875 680 populum,
2900 614 3057 664 extra
3088 614 3309 678 portam
3331 625 3529 679 passus

274 699 363 746 est.
395 691 677 767 Exeamus
698 690 872 763 igitur
887 695 957 748 ad
974 711 1101 748 eum
1117 702 1273 759 extra
1293 688 1906 767 castra,improperium
1924 699 2047 767 ejus
2066 703 2372 768 portantes.
2398 699 2523 752 Non
2545 698 2693 751 enim
2710 697 2981 751 habemus
2998 692 3088 767 hic
3109 700 3431 750 manentem
3449 693 3530 768 ei-

272 783 505 845 vitatem,
534 781 633 836 sed
660 782 914 836 futuram
936 781 1410 858 inquirimus.Per
1428 785 1611 856 ipsum
1629 801 1761 855 ergo
1792 786 2094 865 offeramus
2113 774 2356 843 hostiam
2378 788 2559 842 laudis
2589 804 2810 858 semper
2833 787 2968 847 Deo,
2994 782 3052 840 id
3075 777 3157 840 est
3186 786 3429 840 fructum
3452 764 3532 839 ia-

270 869 475 925 biorum
498 871 887 927 confitentium
906 872 1119 927 nomini
1134 874 1274 943 ejus.
1293 874 1681 931 Beneﬁcentia:
1703 881 1914 943 autem,
1941 882 1997 931 et
2015 877 2426 932 communionis
2450 878 2624 935 nolite
2639 877 2889 932 oblivisci
2911 896 2925 943 ;
2947 876 3153 932 talibus
3174 876 3321 933 enim
3332 874 3535 935 hostiis

269 967 614 1034 promeretur
638 963 809 1017 Deus.
835 963 1069 1018 Obedite
1090 966 1402 1035 praepositis
1432 967 1651 1031 vestris,
1676 970 1734 1020 et
1753 966 2034 1033 subiacete
2064 966 2164 1019 eis.
2202 966 2315 1036 Ipsi
2353 966 2504 1020 enim
2537 966 2889 1036 pervigilant,
2909 965 3069 1036 quasi
3102 965 3383 1021 rationem
3426 980 3528 1034 pro

270 1049 551 1105 animabus
581 1050 780 1105 vestris
804 1052 1099 1115 reddituri,
1134 1058 1197 1106 ut
1224 1070 1350 1106 cum
1378 1054 1584 1123 gaudio
1615 1055 1720 1108 hoc
1747 1055 1974 1117 faciant,
2006 1060 2064 1109 et
2092 1070 2202 1108 non
2230 1060 2523 1125 gementes
2548 1073 2559 1121 ;
2610 1055 2717 1108 hoc
2753 1054 2903 1107 enim
2945 1046 3055 1133 non
3106 1052 3328 1137 expedit
3355 1050 3533 1121 vobis.

270 1139 422 1195 Orate
442 1157 548 1211 pro
580 1139 737 1209 nobis
765 1160 777 1207 ;
821 1139 873 1196 5.
907 1142 1240 1196 conﬁdimus
1272 1147 1464 1208 2'39
1483 1146 1634 1198 enim
1654 1143 1786 1215 quia
1802 1144 2007 1198 bonam
2035 1142 2435 1197 conscientiam
2469 1141 2741 1197 habemus
2766 1140 2825 1194 in
2847 1139 3106 1215 omnibus
3126 1136 3267 1193 bene
3283 1136 3534 1209 volentes

269 1229 572 1282 conversari
589 1229 868 1299 .Amplius
884 1234 1072 1283 autem
1104 1231 1373 1302 deprecor
1391 1249 1486 1286 vos
1508 1233 1612 1287 hoc
1626 1233 1829 1297 facere,
1847 1250 1958 1303 quo
1974 1231 2210 1286 celerius
2230 1230 2497 1285 restituar
2511 1229 2664 1285 vobis
2677 1275 2690 1287 .
2704 1227 2858 1283 Deus
2880 1233 3070 1284 autem
3087 1220 3261 1298 pacis,
3277 1228 3374 1307 qui
3399 1218 3537 1283 edu-

270 1317 337 1370 xit
362 1318 430 1371 de
465 1318 707 1372 mortuis
730 1319 1022 1373 Pastorem
1058 1335 1325 1389 magnum
1352 1321 1560 1382 ovium.
1588 1320 1641 1374 6.
1676 1322 1735 1375 in
1763 1322 2037 1391 sanguine
2067 1320 2390 1375 testamenti
2421 1317 2473 1374 7.
2505 1318 2719 1383 aeterni,
2746 1318 3047 1372 Dominum
3068 1318 3532 1383 nostrumJesum
3562 1328 3586 1349 '

269 1406 566 1471 Christum,
598 1412 754 1477 aptet
782 1423 877 1461 vos
908 1408 965 1461 in
996 1409 1149 1462 omni
1179 1408 1343 1473 bono,
1379 1414 1444 1462 ut
1471 1410 1692 1464 faciatis
1731 1411 1854 1480 ejus
1882 1411 2254 1481 voluntatem,
2286 1408 2496 1461 faciens
2527 1408 2585 1460 in
2616 1406 2769 1460 vobis
2800 1400 2949 1476 quad
2978 1402 3199 1487 placeat
3226 1402 3416 1459 coram
3448 1421 3531 1487 se.

267 1512 356 1566 per
375 1496 568 1549 Jesum
605 1497 917 1561 Christum,
953 1499 1040 1552 cui
1074 1504 1161 1552 est
1186 1499 1367 1568 gloria
1409 1499 1467 1554 in
1498 1484 1702 1555 saecula
1740 1502 2091 1556 saeculorum.
2126 1499 2327 1551 Amen.
2352 1496 2507 1566 Rogo
2537 1502 2725 1563 autem
2756 1513 2871 1563 vos,
2906 1492 3125 1559 fratres,
3240 1488 3528 1577 suli‘era‘tis

267 1585 485 1639 verbum
514 1585 719 1642 solatii.
756 1585 975 1641 Etenim
1014 1589 1308 1659 perpaucis
1336 1589 1533 1660 scripsi
1560 1589 1735 1646 vobis.
1771 1587 2103 1658 Cognoscite
2131 1586 2360 1641 fratrem
2382 1592 2638 1643 nostrum
2666 1584 3025 1639 Timotheum
3054 1582 3371 1653 dimissum,
3404 1600 3533 1647 cum

267 1689 366 1742 quo
398 1674 475 1741 (si
514 1674 751 1728 celerius
778 1675 1013 1743 venerit)
1054 1675 1251 1731 videbo
1280 1694 1395 1732 vos.
1429 1678 1684 1733 Salutate
1717 1694 1913 1733 omnes
1940 1674 2268 1753 prazpositos
2298 1680 2532 1737 vestros;
2567 1678 2624 1729 et
2655 1689 2850 1728 omnes
2878 1678 3119 1729 sanctos.
3152 1673 3414 1729 Salutant
3438 1675 3534 1727 vos

264 1761 326 1814 de
352 1758 516 1816 Italia
554 1762 775 1817 fratres.
808 1763 1007 1817 Gratia
1035 1780 1165 1818 cum
1195 1765 1455 1820 omnibus
1484 1766 1661 1822 vobis.
1685 1768 1885 1821 Amen.

1615 1873 2208 1931 COMMENTARIUS.

323 1956 373 2010 2.
404 1958 531 2011 Aron
553 1961 706 2013 escis.
732 1958 915 2014 Datur
951 1960 1190 2031 intelligi
1232 1963 1503 2033 quosdam
1548 1877 2286 2041 ωὲἓΜὲἓιξῗζέἓξιξὸθεζ,
2317 1967 2383 2016 ut
2409 1978 2513 2018 nos
2544 1962 2641 2033 qui
2666 1977 2898 2033 corpore
2934 1966 2993 2015 et
3032 1959 3308 2043 sanguine
3354 1958 3481 2049 ejus.
3500 1972 3538 2049 ᾳ

266 2045 705 2114 dogmatizarent
743 2053 1033 2120 peccatum
1062 2067 1176 2104 non
1203 2067 1324 2105 esse
1351 2052 1491 2106 escis
1521 2059 1577 2106 et
1599 2053 1857 2125 volupta—
1940 2053 2180 2131 peccatis
2209 2050 2467 2108 mundari
2499 2052 2773 2117 volumus,
2804 2050 3145 2129 imprOperia
3164 2054 3221 2104 et
3247 2044 3538 2119 angustias

264 2132 396 2188 tibus
430 2134 687 2189 afﬂuere.
1941 2148 2182 2216 passuri,
2209 2143 2553 2205 tabernaculi
2581 2141 2809 2199 delicias
2846 2134 3192 2203 deseramus;

324 2221 375 2277 3.
404 2226 685 2279 [labamus
711 2229 910 2280 altare.
936 2228 1122 2282 Causa
1139 2244 1241 2282 cur
1263 2230 1403 2285 escis
1430 2246 1541 2285 non
1562 2230 1637 2284 sit
1665 2231 1860 2287 immo-

263 2312 443 2371 clerate
479 2313 857 2371 afﬂuendum.
889 2316 1031 2369 Cum
1059 2315 1363 2371 sobrietate
1392 2320 1541 2373 enim
1576 2320 1853 2375 edendum

261 2408 336 2454 est
360 2418 567 2473 corpus
597 2403 804 2473 Christi
830 2422 843 2470 ;
876 2404 1024 2475 quod
1048 2410 1103 2459 et
1132 2404 1189 2459 in
1216 2405 1339 2460 aliis
1371 2406 1687 2462 divinarum
1718 2406 1856 2463 locis

261 2489 675 2563 Scripturarum
705 2492 884 2546 altare
910 2500 1161 2557 vocatur,
1191 2512 1291 2566 pro
1322 2512 1387 2549 eo
1424 2497 1681 2552 videlicet
1706 2498 1853 2568 quod

261 2579 310 2632 in
344 2581 484 2651 ipso,
510 2580 566 2634 id
600 2587 702 2645 est,
727 2581 783 2635 in
809 2583 918 2635 fide
942 2582 1134 2653 ipsius,
1163 2585 1323 2655 quasi
1348 2586 1406 2639 in
1428 2586 1668 2656 quodam
1688 2588 1853 2641 altari

258 2666 440 2719 oblatae
487 2684 681 2737 preces
725 2675 783 2723 et
833 2670 1189 2740 operationes
1227 2679 1439 2727 nostrae
1490 2674 1857 2745 acceptabiles

257 2755 388 2809 ﬁunt
404 2756 548 2811 Deo.

317 2844 372 2901 4,
404 2845 657 2910 Quorum
688 2849 839 2899 cnim
867 2849 1234 2902 animalium.
1270 2849 1380 2904 Per
1403 2850 1684 2922 duplicem
1716 2853 1853 2907 alle-

255 2934 485 3002 goriam,
520 2950 692 2987 unam
728 2934 967 3001 Veteris,
996 2941 1054 2989 et
1077 2936 1315 2993 alteram
1340 2940 1481 2994 Novi
1506 2942 1854 3003 Testamenti

254 3021 442 3091 probat
495 3039 697 3093 corpus
737 3022 947 3077 Christi
996 3034 1114 3079 non‘
1171 3042 1292 3080 esse
1342 3027 1619 3083 edendum
1668 3030 1850 3085 abhis

257 3111 342 3179 qui
369 3112 734 3165 tabernaculo
770 3112 1109 3167 deserviunt.
1160 3116 1246 3169 Ad
1293 3116 1398 3171 hoc
1433 3119 1583 3173 enim
1614 3135 1851 3189 corpora

2014 2233 2063 2290 5.
2096 2238 2432 2304 Conﬁdimus
2461 2233 2630 2287 enim.
2660 2231 2845 2286 Causa
2874 2246 2974 2283 cur
3004 2233 3166 2295 orent
3195 2244 3296 2299 pro
3332 2243 3422 2293 eo,
3451 2225 3538 2287 vi.

1941 2322 2144 2395 delicat
2189 2324 2339 2395 quod
2378 2322 2583 2375 bonam
2624 2318 3025 2377 conscientiam
3068 2321 3127 2371 et
3157 2316 3229 2370 ad
3258 2331 3354 2370 eos
3379 2319 3438 2370 et
3463 2308 3537 2369 ad

1939 2427 2135 2466 omnes
2162 2410 2329 2485 1mg.
2359 2410 2646 2480 habeant].
3280 2474 3283 2481 .

2007 2497 2061 2555 6.
2094 2503 2161 2555 1n
2190 2501 2478 2568 sanguine.
2516 2498 2864 2569 Sanguinem
2896 2512 3053 2558 more
3080 2511 3182 2559 suo
3210 2498 3372 2569 vocat
3390 2508 3537 2569 mor-

1936 2594 2071 2651 tem,
2096 2607 2196 2660 per
2216 2606 2384 2660 quam
2408 2588 2667 2642 Christus
2691 2587 2759 2639 de
2782 2585 3019 2639 mortuis
3050 2582 3375 2638 resurrexit.
3411 2582 3534 2654 Nisi

1938 2679 2092 2733 enim
2119 2685 2451 2742 moreretur,
2487 2693 2591 2732 nec
2641 2676 2713 2730 ad
2758 2676 2969 2730 inferos
3005 2674 3391 2739 descenderet,
3431 2687 3536 2727 nec

1938 2765 2007 2820 ab
2036 2767 2228 2821 inferis
2259 2766 2605 2822 ascenderet.

2009 2853 2063 2909 7.
2094 2858 2325 2909 .Etcrm’.
2377 2854 2677 2908 jEternum
2714 2852 2932 2907 duobus
2960 2850 3167 2905 dicitur
3206 2849 3407 2913 modis,
3476 2853 3534 2903 et

1938 2945 2095 3014 quod
2115 2935 2275 3013 iiiitio
2306 2948 2361 3013 et
2383 2934 2494 3005 ﬁne
2523 2936 2678 3011 caret
2715 2938 2771 2999 et
2806 2934 2955 3011 Quod
2996 2943 3221 2993 tantum
3250 2953 3430 3008 usque
3459 2938 3531 2992 ad

1936 3033 2104 3086 ﬁnem
2134 3023 2324 3087 saeculi
2353 3036 2664 3103 permanet,
2699 3029 3004 3085 secundum
3036 3043 3207 3099 quam
3242 3026 3531 3097 signiﬁca-

1932 3122 2144 3176 tionem
2158 3127 2432 3183 aaternum
2454 3121 2545 3175 hic
2563 3120 2811 3191 ponitur,
2836 3124 2892 3173 et
2907 3134 3008 3189 per
3022 3117 3256 3188 Moysen
3282 3116 3489 3170 dicitur
3509 3134 3522 3170 :

254 3199 585 3253 animalium
624 3201 825 3254 horum
879 3208 1035 3255 extra
1080 3210 1267 3257 castra
1314 3206 1745 3275 cremabantur;
1793 3216 1850 3263 et
1932 3212 2203 3265 Dominus
2232 3211 2485 3279 regnabit
2511 3212 2574 3262 in
2594 3215 2879 3270 azternum,
2906 3205 3338 3270 etultra(E.rod.
3370 3204 3489 3275 xv).

254 3296 545 3359 propterea
571 3288 829 3344 Christus
846 3296 1003 3346 extra
1023 3297 1242 3361 portam
1270 3293 1512 3351 civitatis
1531 3296 1843 3353 Jerusalem
1860 3292 1908 3351 B

947 3414 1188 3485 Explicit
1218 3418 1663 3474 Commentarius
1694 3423 1752 3476 Β.
1786 3396 2095 3490 Lanfranci
2119 3428 2183 3479 in
2212 3384 2565 3493 Epistolas
2593 3425 2782 3478 Pauli.

250 3590 1965 3627 ὼ

1968 3591 3501 3624 WE

860 3735 1727 3836 CLARISSIMUM
1772 3738 2197 3837 VIRUM
2253 3739 2362 3836 G.
2441 3738 2880 3836 RATUM

1310 3940 1519 3989 SACRJ‘Z
1566 3940 1938 3989 THEOLOGLE
1984 3939 2449 4001 PROFESSOREM,

248 4086 299 4153 Α
331 4089 594 4155 vicibus
637 4098 707 4156 et
734 4093 1155 4177 pcenitentiis
1185 4093 1741 4181 reverendissimi
1779 4092 1851 4155 in
1891 4090 2152 4157 Christo
2191 4091 2407 4161 Patris
2438 4110 2511 4154 ac
2544 4090 2805 4154 domini
2830 4078 2903 4152 Ι).
2949 4085 3225 4169 Georgii
3260 4066 3511 4159 Amba-

1189 4201 1389 4278 siani,
1426 4198 1925 4283 archipraesulis
1953 4182 2550 4281 Rothomagensis,

769 4364 1216 4423 FRANCISCUS
1249 4366 1701 4434 QUADRATUS,
1742 4363 2129 4429 BECCENSIS
2170 4364 2575 4433 CCENOBITA,
2608 4361 2953 4427 SALUTAT.

307 4658 498 4725 230
516 4654 658 4713 Fere
676 4654 743 4709 fit
762 4659 845 4715 ut.
866 4670 993 4709 cum
1006 4658 1107 4707 aut
1123 4653 1300 4709 ardua
1313 4658 1724 4717 tentamus,aut
1741 4653 1955 4725 ingenii
1969 4652 2147 4725 nostri
2166 4652 2311 4725 vires
2322 4668 2434 4725 non
2452 4650 2878 4725 probamus,eos
2897 4667 3119 4725 sume
3132 4651 3293 4725 nobis
3309 4652 3502 4719 studio

244 4723 599 4779 conciliemus
621 4741 761 4796 quos
781 4725 862 4778 rei
883 4730 1087 4779 nostrae
1104 4725 1231 4797 usui
1250 4725 1468 4779 futuros
1488 4721 1847 4779 arbitramur.
1870 4725 1953 4778 Ad
1967 4730 2023 4778 te
2038 4724 2209 4794 igitur
2226 4721 2615 4797 theologorum
2634 4722 3031 4797 oculatissirne,
3055 4721 3287 4797 liberius
3307 4731 3466 4791 nostr

124 4779 139 4797 ’
242 4797 600 4871 progreditur
626 4779 882 4866 epistola,
914 4802 978 4871 ut
1005 4796 1155 4866 quod
1185 4802 1375 4871 nostro
1400 4796 1529 4871 jure
1570 4811 1681 4871 non
1710 4813 2022 4871 possumus
2036 4779 2134 4849 tuo
2165 4791 2397 4871 munere
2414 4779 2973 4871 iconseguamur._-I'J_t
3002 4779 3193 4871 autem
3224 4779 3295 4850 ad
3318 4779 3493 4871 nostri

240 4865 476 4947 instituti
490 4862 723 4947 scopum
737 4862 1253 4947 pervenias-manas
1272 4862 1422 4921 absol
1431 4862 1901 4947 vam_.Cu__n_i,hisce
1917 4866 2131 4931 diebus,
2155 4864 2338 4947 animi.
2348 4862 2644 4935 colligendi
2655 4882 2824 4947 causa
2840 4864 3227 4947 bibliothecam
3245 4862 3500 4947 nostram

241 4939 542 5019 revolvens,
576 4937 791 5009 aliquid
825 4938 893 4997 de
925 4937 1518 5019 Virg-inisﬁassumpti'e
1545 4938 1805 5019 laudibus
1824 4955 2153 5019 quaererem,
2176 4954 2301 5019 ecce
2325 4937 2613 5019 inmanus
2638 4943 2862 5019 nostras
2894 4943 3055 5019 vetus
3082 4938 3311 5008 quidam
3328 4940 3501 5019 codex

240 5006 535 5080 inciditJie
546 5006 782 5079 corpore
799 5016 855 5063 et
873 5006 1146 5079 sanguine
1167 5009 1245 5064 Ch
1254 5006 1459 5069 risti.in
1474 5006 1876 5080 Berengarium
1891 5010 2189 5079 quemdam
2211 5008 2533 5071 haereticum
2553 5009 2867 5080 Lanfranco
2883 5006 3117 5080 auctore
3127 5010 3494 5080 conscriptus.

240 5078 378 5153 Tum
402 5081 543 5153 mihi
574 5078 999 5153 persuad‘ebam’
1017 5080 1251 5149 dignum
1280 5080 1411 5152 quid
1438 5078 1723 5146 accidisse,
1747 5078 2011 5151 zetatiélue
2040 5086 2245 5133 nostrze
2268 5079 2941 5153 maximenecessarium.
2958 5078 3017 5134 in
3038 5096 3148 5152 qua
3173 5086 3229 5134 et
3259 5078 3497 5153 dispergi

240 5152 415 5222 gregis
446 5148 728 5205 Doniinici
754 5151 891 5204 ﬁdes
920 5148 1424 5221 enerv’aturet'per
1443 5148 1970 5222 pseudoapostolos;
2004 5169 2071 5205 ea
2101 5156 2187 5205 est
2207 5151 2376 5220 etiam
2398 5150 2547 5219 apud
2577 5148 2910 5204 domesticos
2930 5148 3309 5204 controversia
3324 5148 3388 5203 tit
3409 5148 3496 5222 vix

240 5220 407 5293 ullum
437 5223 686 5276 civitatis
713 5222 858 5275 alius
884 5222 1234 5285 desideratae,
1261 5220 1459 5286 idest;
1482 5220 1814 5277 Christianae
1838 5223 1990 5293 pacis
2015 5223 2335 5293 vestigium,
2363 5228 2463 5275 aut
2481 5221 2846 5276 simulacrum
2866 5221 3099 5293 aliquod,
3113 5224 3399 5291 appareat.
3411 5221 3496 5275 Ne

240 5292 621 5372 igitursalutis
641 5294 984 5372 frumentum
1001 5309 1036 5346 a
1049 5294 1199 5372 ﬁdeli
1220 5310 1363 5372 pOpu
1439 5295 1624 5372 rnaled
1628 5296 1770 5372 ictus
1780 5292 2353 5372 absconderemapud
2366 5293 2676 5372 me_tacitus
2690 5292 3007 5362 cogitabam
3017 5292 3241 5349 ortinam
3262 5297 3494 5372 strenuo
3542 5334 3545 5339 ς

316 5365 571 5441 ristianaa
601 5364 817 5441 militia:
834 5364 991 5441 duci,
998 5370 1296 5441 expertum
1326 5364 1533 5421 Christi
1552 5365 1787 5441 militem
1812 5367 2079 5441 hactenus
2094 5365 2442 5441 neglectum,
2461 5364 3001 5441 longoqwepcarcere,
3023 5378 3126 5425 11.80
3139 5364 3495 5441 μου-ξηοξμτὶα

238 5434 345 5507 fere
374 5436 587 5507 victum
611 5435 914 5507 mitterem.
938 5431 1090 5490 Mihi‘
1106 5435 1537 5507 itaque,tantum
1569 5438 1750 5490 scelus
1771 5453 1882 5490 non
1906 5437 2127 5503 ferenti,
2160 5431 2311 5507 venit
2330 5435 2385 5487 in
2410 5431 2665 5507 mentem
2678 5433 3040 5507 tui‘nomin‘is,
3059 5431 3492 5507 guirudioribus

241 5504 535 5559 tirunculis
561 5506 869 5575 evangelici
890 5508 1051 5562 lactis
1062 5494 1333 5578 pabulum
1351 5507 1699 5562 uberrimum
1723 5498 2034 5562 indefessus
2054 5494 2383 5579 porrigisut
2402 5505 2637 5560 nimiam
2660 5494 3299 5587 adulterantis'aridiqiie
3313 5494 3520 5559 saeculi
