3852 6178
217 257 300 315 409
1007 259 1221 316 LIBER
1255 261 1349 318 DE
1387 260 1725 320 CORPORE
1763 256 1852 315 ET
1889 254 2258 312 SANGUINE
2292 253 2578 310 DOMINI.
3319 239 3426 298 410

215 385 291 436 aut
303 380 471 451 aliqua
495 397 559 434 ex
586 386 766 452 parte,
799 386 968 454 prout
987 384 1131 437 ratio
1156 384 1238 438 tui
1259 385 1748 458 negotiipostulat,
1769 382 1956 441 Actus
1985 380 2097 434 Leo
2120 379 2355 434 Romam
2370 376 2636 442 traduxit,
2676 374 2747 429 ad
2779 369 3194 446 praedicandum
3223 365 3454 456 Siculis.

215 471 483 540 depravata,
512 471 622 524 per
647 488 816 542 quam
846 472 1181 527 diabolicam
1218 474 1497 530 fallaciam
1527 477 1754 547 ignaras
1835 468 2063 524 verbum
2094 468 2195 522 Dei
2231 467 2712 538 archiepiscopum
2751 461 3049 521 ordinavit.
3071 463 3264 531 postea
3293 471 3423 547 vero

211 559 346 612 divini
391 560 633 630 mysterii
675 566 893 616 mentes
942 561 1158 633 tibique
1208 563 1464 619 credulas
1515 545 1751 631 invadis,
1836 563 2031 614 sancta
2065 559 2320 613 Romana
2347 556 2590 611 Ecclesia
2621 553 2910 626 priesulem
2945 549 3050 608 sibi
3083 545 3426 603 cardinalem

212 646 397 717 decipis,
425 646 662 715 submis,
692 655 852 705 tanto
880 651 1127 723 iniquior
1155 659 1368 723 quanto
1389 654 1446 709 in
1460 655 1607 708 malo
1622 671 1755 725 pro-
1836 647 2145 702 constituit.
2185 646 2307 711 Quo
2335 645 2394 700 in
2419 645 2539 700 loco
2583 643 2798 714 positus
2835 640 3027 695 taliter
3050 637 3201 703 vixit,
3233 635 3426 725 taliter

211 735 354 807 posito
381 736 445 790 ad
482 753 676 792 eorum
718 738 815 809 qui
866 721 1068 794 tibi‘in
1108 721 1334 796 Christo
1373 743 1576 797 fratres
1623 721 1758 798 sunt
1838 735 2100 790 docuitut
2119 735 2188 789 de
2208 734 2318 789 ﬁde
2340 733 2421 787 vel
2444 732 2697 787 doctrina
2717 730 2891 802 ipsius
2931 744 3035 782 nec
3063 727 3263 781 saltem
3291 721 3425 778 sini-

211 825 574 880 Sllbversionem
619 833 676 881 et
709 828 1035 884 scandalum
1066 829 1420 900 pertinacior,
1454 833 1758 904 parvipon-
1837 828 1967 878 strae
1995 821 2325 894 suspicionis
2355 821 2504 875 fama
2531 819 2833 890 aliquando
2867 828 3058 871 exorta
3103 817 3196 868 sit.
3240 811 3423 881 Hujus

209 913 374 968 demus
396 914 554 969 verba
572 915 796 970 Domini
815 916 1209 973 comminantis
1233 917 1282 971 ei
1311 918 1409 989 qui
1437 900 1507 974 de
1536 900 1755 991 pusillis
1839 913 1918 966 rei
1944 912 2104 966 testis
2134 917 2221 966 est
2245 915 2366 965 tota
2392 911 2507 965 fere
2521 908 2956 977 Latinitas.quae
2975 921 3072 975 pro
3097 900 3424 957 excellentia

211 1002 301 1054 suis
325 1001 553 1072 aliquem
582 1003 922 1058 scandalizat
949 1006 1156 1073 (Matth.
1191 1020 1345 1068 xvnx,
1379 1006 1456 1077 6),
1485 1025 1588 1063 nec
1615 1010 1753 1064 satis
1837 1002 2152 1073 apostolicze
2182 1001 2350 1067 sedis,
2375 1000 2532 1069 cujus
2563 997 2812 1053 conciliis
2841 1001 2899 1049 et
2925 992 3170 1048 consiliis
3200 1004 3424 1060 semper

209 1093 410 1142 tremens
432 1089 866 1160 increpationem
897 1092 1170 1163 Apostoli,
1202 1094 1273 1147 ad
1301 1076 1602 1166 superbam
1651 1098 1753 1152 Co-
1836 1091 2033 1145 aderat
2059 1107 2123 1144 ac
2146 1094 2402 1161 praeerat,
2433 1105 2561 1143 eum
2593 1087 2851 1158 ignorare
2878 1100 2992 1138 non
3013 1081 3214 1154 potuit.
3242 1078 3350 1143 Qlﬁ
3373 1076 3422 1131 εί

208 1176 492 1230 rinthiorum
517 1185 743 1247 gentem
771 1180 1063 1240 scribentis
1091 1188 1148 1237 et
1172 1183 1436 1240 dicentis:
1458 1187 1548 1242 Sic
1567 1193 1753 1243 autem
1835 1181 2004 1234 etiam
2035 1179 2372 1249 Burgundus
2401 1184 2567 1242 esset,
2589 1175 2918 1247 ὶηεὶρὶθηῐετ
2942 1178 3133 1226 tamen
3159 1182 3424 1237 arrogan-

113 1298 116 1301 η
203 1270 434 1330 peccantes
472 1269 536 1319 in
581 1269 817 1333 fratres,
866 1275 914 1322 et
955 1274 1318 1338 percutientis;
1359 1278 1752 1329 conscientiam
1833 1269 1913 1323 tia
1935 1275 2034 1323 tua
2062 1285 2267 1323 nomen
2297 1285 2412 1322 sua)
2438 1266 2625 1336 gentis
2653 1281 2756 1336 pro
2784 1260 3019 1318 infamia
3047 1259 3154 1314 sibi
3183 1256 3422 1312 ascribe-

205 1368 357 1405 corum
387 1356 689 1420 inﬁrmam,
726 1358 791 1410 in
821 1358 1105 1413 Christum
1131 1365 1362 1428 peccatis
1393 1363 1452 1434 (Ι
1486 1365 1604 1420 Cor.
1633 1379 1747 1430 vm,
1832 1361 1938 1424 ret,
1960 1374 2087 1412 cum
2132 1356 2374 1428 Spiritus
2402 1354 2626 1410 Domini
2655 1353 2751 1408 ubi
2780 1352 2898 1406 vult
2933 1350 3108 1421 spiret
3134 1350 3312 1416 (Joan.
3338 1359 3418 1410 lu,

203 1437 288 1507 1‘2).
323 1442 430 1506 Quo
466 1449 696 1513 peccato
733 1445 1038 1516 plurimum
1085 1448 1372 1518 detineris,
1410 1433 1747 1508 subveneris
1828 1444 1975 1514 8:,et
1994 1463 2158 1517 quem
2179 1445 2301 1498 vult-
2331 1444 2560 1515 aspiret,
2587 1448 2645 1496 et
2665 1440 2886 1496 Domini
2915 1440 2990 1493 sit
3020 1443 3192 1500 terra,
3225 1441 3282 1488 et
3301 1433 3423 1488 uni-

202 1544 275 1580 cos
290 1528 388 1598 qui,
414 1531 724 1586 nescientes
763 1533 860 1588 tibi
889 1535 1170 1601 resistere,
1201 1542 1652 1612 contemplantur
1678 1559 1745 1596 ea
1826 1535 1970 1589 versi
2001 1535 2096 1605 qui
2122 1533 2380 1588 habitant
2405 1533 2460 1587 in
2493 1549 2560 1586 ea
2591 1534 2749 1599 (Ρεαιο
2783 1543 2937 1592 XXI",
2973 1526 3046 1596 ’ί)τ
3079 1531 3138 1580 et
3164 1525 3424 1596 Princeps

200 1631 295 1684 qua:
311 1617 574 1685 videntur,
599 1638 711 1676 non
731 1639 799 1676 ea
816 1640 938 1694 quae
957 1641 1070 1680 non
1082 1626 1357 1682 videntur.
1383 1630 1491 1684 Sed
1513 1631 1739 1685 ﬁrmum
1762 1691 1796 1695 Α
1825 1625 2205 1695 apostolorum
2225 1622 2400 1676 dicat:
2431 1625 2497 1677 In
2525 1624 2751 1674 veritate
2779 1616 3017 1686 comperi
3031 1616 3295 1684 quoniam
3310 1628 3421 1666 non

197 1701 579 1761 fundamentum
611 1709 712 1763 Dei
756 1715 870 1764 stat
910 1712 1216 1781 immobile,
1248 1715 1460 1771 habens
1487 1691 1902 1788 signacu-Best
1935 1727 2305 1780 personarum
2333 1714 2576 1777 acceptor
2617 1709 2774 1767 Deus,
2822 1706 2912 1758 sed
2957 1706 3016 1756 in
3062 1703 3216 1756 omni
3245 1704 3418 1767 gente,

197 1791 303 1858 lum,
324 1811 422 1865 quo
445 1796 686 1852 discedit
713 1798 783 1853 ab
802 1800 1266 1874 iniquitate,quia
1294 1805 1515 1861 invocat
1538 1825 1742 1863 nomen
1825 1805 1924 1870 qui
1955 1804 2106 1855 timet
2127 1816 2253 1854 eum
2271 1804 2320 1853 ct
2342 1803 2605 1867 operatur
2621 1797 2910 1865 justitiam
2948 1795 3196 1858 acceptus
3224 1793 3299 1842 est
3329 1788 3422 1840 illi

197 1878 398 1949 Domini,
445 1902 807 1958 nequaquam
860 1890 982 1945 sine
1025 1894 1184 1962 gravi
1241 1897 1505 1950 seandalo
1558 1898 1744 1953 ferens
1830 1891 1963 1957 (Act.
1994 1907 2046 1956 x,
2091 1889 2179 1952 34,
2211 1885 2325 1956 35)ο
2354 1885 2500 1941 Item
2529 1886 2724 1940 άοοῖοΐ
2750 1881 3004 1954 gentium
3036 1879 3108 1934 ad
3132 1877 3362 1932 Galatas
3403 1892 3416 1928 ³

199 1971 314 2039 quod
339 1988 442 2026 non
471 1991 536 2028 es
563 1983 860 2032 contentus
880 1984 1066 2046 τίη
1093 1987 1156 2037 ut
1174 1999 1468 2053 perversus
1485 2003 1746 2056 perversa
1826 1982 1967 2035 Deus
1980 1995 2274 2048 personam
2293 1993 2406 2031 non
2423 1977 2663 2029 hominis
2681 1975 2880 2041 accipit
2898 1970 3045 2039 (Gal.
3064 1982 3122 2032 η,
3138 1965 3215 2036 6).
3241 1965 3422 2056 Quem

197 2057 334 2124 dicas,
359 2061 458 2115 nisi
487 2063 662 2117 etiam
684 2081 856 2135 prava
892 2067 1102 2138 scripta
1145 2050 1250 2140 p—er
1277 2050 1745 2147 pravos-discipu-
1828 2066 1961 2120 dum
1992 2070 2186 2119 contra
2203 2063 2534 2118 catholicam
2552 2059 2846 2115 veritatem
2871 2055 3164 2126 scripsisse
3195 2050 3418 2116 asseris,

194 2148 256 2200 los
277 2151 462 2205 tuosin
492 2152 744 2208 diversas
769 2155 1028 2225 regiones
1049 2140 1420 2218 transmittas.
1448 2164 1517 2217 Et
1545 2140 1747 2220 cast-era
1828 2171 1942 2209 non
1970 2154 2156 2225 ipsum
2185 2153 2386 2214 εοιιιιης
2423 2151 2522 2205 sed
2552 2156 2610 2204 et
2640 2150 2923 2203 Romanos
2965 2143 3274 2217 Pontiﬁces:
3316 2140 3424 2194 R0-

197 2236 380 2304 quidem
403 2255 436 2291 a
459 2240 639 2296 beatae
667 2243 952 2297 memoriae
973 2245 1222 2312 Nicolao,
1241 2249 1414 2304 totius
1434 2251 1740 2308 Christiani
1830 2260 2055 2298 matiam
2081 2242 2380 2298 Ecclesiam
2407 2241 2725 2310 multosque
2746 2239 2969 2290 sanctos
3016 2233 3211 2286 Patres
3234 2228 3423 2283 redar-

193 2326 397 2381 nominis
422 2346 647 2385 summo
690 2333 972 2403 pontifice,
1026 2341 1083 2389 et
1133 2353 1168 2390 a
1211 2345 1439 2394 centum
1470 2343 1714 2399 tredecin

1902 2334 1971 2397 is,
2002 2331 2354 2401 incuri-isque
2385 2330 2444 2382 in
2471 2328 2611 2383 illud
2657 2324 2806 2397 quod
2843 2321 2995 2377 beati
3044 2321 3325 2384 doctores,
3373 2317 3423 2370 si

194 2414 424 2486 episcopis
453 2419 644 2473 Romae
673 2420 886 2487 audita,
928 2425 1248 2480 examinata
1275 2435 1446 2499 atque
1475 2431 1743 2489 damnata
1825 2437 1938 2475 non
1964 2420 2176 2474 eisdem
2199 2418 2399 2484 verbis,
2433 2417 2643 2471 eisdem
2673 2421 2864 2468 tamen
2903 2407 3199 2465 sententiis
3229 2404 3424 2460 multis

193 2511 313 2560 sunt.
336 2505 413 2559 Tu
442 2524 668 2579 quoque
695 2509 961 2565 inclinato
997 2529 1248 2584 corpore,
1286 2497 1384 2570 sed
1426 2535 1537 2574 non
1567 2522 1751 2578 humi.
1830 2512 1891 2566 in
1940 2509 2076 2564 locis
2127 2507 2480 2563 concorditer
2520 2506 2900 2565 astruxerunt,
2936 2497 3264 2553 haereticum
3300 2509 3422 2549 esse

195 2589 301 2680 Ῑξείο
344 2597 523 2664 Corde,
569 2599 762 2667 ignem
801 2583 1122 2667 accendisti,
1172 2603 1459 2677 librosque
1501 2615 1748 2680 perversi
1832 2617 2055 2655 omnem
2085 2599 2370 2653 hominem
2394 2595 2490 2666 qui
2519 2595 2825 2649 aRomana
2845 2594 2903 2643 et
2920 2584 3222 2643 universali
3245 2583 3429 2638 Eccle-

193 2677 432 2776 dogmatis
461 2685 529 2776 in‘
551 2687 740 2776 medio
762 2689 940 2776 sancti
958 2691 1179 2746 concilii
1208 2693 1266 2748 in
1287 2673 1414 2749 cui}.
1435 2673 1743 2771 cohjecisﬁ,
1828 2690 1934 2756 sia,
1965 2690 2024 2744 in
2047 2689 2176 2743 ﬁdei
2205 2685 2481 2750 doctrina,
2516 2682 2817 2737 discordat.
2837 2676 3144 2776 Evenitque
3157 2673 3259 2729 tibi
3270 2675 3426 2744 justo

193 2767 373 2836 jnrans,
398 2787 496 2841 per
515 2772 574 2826 id
598 2774 744 2843 quod
767 2775 934 2830 rebus
955 2779 1216 2834 omnibus
1234 2767 1748 2855 incomparabiliter
1826 2779 1929 2836 Dei
1943 2777 2154 2849 judicio
2179 2782 2244 2831 ut
2262 2775 2361 2846 qui
2399 2773 2539 2827 alios
2565 2787 2688 2826 esse
2721 2767 3012 2823 hatreticos
3052 2769 3308 2818 astruere
3339 2777 3427 2855 co-

190 2856 342 2925 mins
369 2866 466 2925 est.
502 2861 695 2929 ﬁdem,
732 2879 766 2916 α
808 2864 1067 2922 Patribus
1105 2868 1201 2938 qui
1245 2849 1550 2941 praesentes
1584 2885 1748 2935 erant
1827 2867 1998 2936 naris,
2029 2872 2093 2921 tu
2118 2867 2240 2937 ipse
2292 2864 2352 2920 in
2402 2861 2660 2917 haeresim
2704 2857 3016 2922 devolutus,
3055 2868 3176 2908 esse
3210 2849 3429 2906 haereti-

191 2946 440 3035 ti‘aditam,
485 2949 886 3008 inviolabiliter
914 2961 970 3009 te
998 2963 1368 3025 servaturum,
1389 2968 1746 3035 veteremque
1763 3009 1804 3035 ρ
1827 2973 1927 3012 cus
1958 2955 2326 3010 COHVinca-l‘is-

192 3029 460 3090 doctrinam
491 3043 655 3091 tuam
677 3039 746 3093 de
766 3056 997 3112 corpore
1027 3049 1080 3098 et
1116 3046 1388 3116 sanguine
1406 3009 1673 3118 Domini,“1
1675 3051 1744 3105 ab
1763 3009 1808 3072 ϐ
1899 3047 2130 3101 Benene
2157 3058 2214 3097 τα
2243 3038 2669 3097 Anathematizo
2699 3051 2922 3092 omnem
2938 3030 3218 3097 haeresim,
3237 3026 3427 3100 praeci-

192 3119 268 3174 illa
291 3123 389 3191 die,
431 3127 560 3182 aliis
591 3145 706 3183 non
744 3131 1199 3202 praedicaturum.
1249 3135 1431 3205 Hujus
1473 3117 1745 3209 propositi
1832 3157 1854 3189 ι
1877 3204 1879 3207 ι
1901 3152 2008 3208 pue
2037 3149 2162 3188 eam
2187 3150 2310 3204 quae
2338 3135 2592 3185 astruere
2620 3130 2856 3182 conatur
2883 3137 3088 3194 panem
3119 3125 3178 3174 et
3203 3117 3421 3184 vinum,

192 3211 457 3285 sacrilegus
479 3217 924 3274 violatorcontra
943 3221 1228 3292 praefatam
1251 3208 1752 3295 synodum,contra
1836 3209 1863 3278 (ὲ
1906 3242 2030 3297 qua:
2058 3223 2116 3278 in
2135 3222 2302 3277 altari
2341 3223 2648 3292 ponuntur,
2679 3219 2808 3287 post
2834 3208 3310 3267 consecrationem
3341 3222 3429 3260 so-

192 3301 482 3359 catholicam
530 3307 846 3375 veritatem,
875 3315 1072 3365 contra
1098 3313 1349 3367 omnium
1377 3315 1751 3372 Ecclesiarum
1838 3335 1860 3367 «
1903 3313 2190 3369 lummodo
2227 3313 2580 3366 sacramenta
2608 3321 2750 3372 esse,
2780 3308 2838 3358 et
2864 3317 2978 3356 non
3003 3314 3198 3354 verum
3225 3311 3427 3368 corpus

194 3390 473 3459 opinionem
515 3396 790 3467 scriptum
821 3403 1018 3469 postea
1062 3402 1382 3470 condidisti,
1425 3405 1517 3459 cui
1552 3406 1611 3461 in
1648 3407 1752 3462 hoc
1841 3424 1864 3456 α
1905 3402 2114 3459 Christi
2143 3405 2201 3455 et
2224 3398 2575 3469 sanguinem.
2621 3415 2644 3447 ι

194 3484 441 3569 opusculo,
477 3487 727 3540 conﬁsus
755 3488 825 3541 de
856 3488 1064 3544 Christi
1094 3490 1494 3558 misericordia,
1528 3512 1755 3569 respon-
1904 3493 2110 3548 ΒΑΜ-ιι.
2136 3488 2478 3560 Principium
2508 3486 2675 3555 hujus
2712 3482 2795 3538 tui
2825 3477 3275 3553 jurisjurandum
3305 3491 3430 3547 pro-

194 3566 297 3622 dere
312 3572 577 3643 disposui.
607 3575 675 3629 Et
689 3581 754 3629 ut
773 3576 1085 3633 evidentius
1116 3589 1387 3651 appareat
1407 3584 1541 3654 quid
1579 3563 1641 3640 tu
1671 3587 1753 3641 di-
1832 3587 2045 3654 pterea,
2065 3585 2130 3634 ut
2148 3579 2365 3650 opinor,
2383 3577 2474 3631 hic
2503 3591 2616 3630 non
2647 3570 2953 3635 inseruisti,
2982 3574 3045 3624 ut
3075 3569 3312 3622 lectores
3342 3563 3428 3620 tui

192 3672 279 3721 αλδ,
300 3663 425 3730 quid
455 3679 565 3733 ego
597 3665 986 3734 respondeam,
1019 3667 1320 3724 alterutras
1350 3674 1658 3729 sententias
1677 3676 1754 3730 vi-
1833 3674 2102 3744 putarent
2127 3669 2244 3723 haec
2272 3666 2442 3721 verba
2466 3681 2578 3719 non
2616 3679 2738 3718 esse
2785 3667 2904 3725 tua,
2951 3659 3050 3715 sed
3092 3654 3429 3712 venerabilis

193 3748 313 3801 Caria
352 3757 678 3807 nostrorum
725 3754 1017 3810 nominum
1061 3757 1340 3827 positione
1386 3761 1750 3834 distinguam.
1835 3758 2132 3815 Humberti
2163 3755 2424 3829 episcopi.
2447 3755 2562 3809 Nec
2590 3752 2649 3807 id
2675 3751 2902 3823 injuria.
2929 3750 3073 3804 Nam
3098 3747 3231 3819 quia
3256 3746 3432 3800 haere-

193 3833 281 3930 δερ
301 3839 364 3894 ad
387 3842 584 3896 omnia
607 3859 983 3914 responsurus
1021 3862 1168 3912 sum,
1209 3848 1341 3919 quia
1383 3833 1577 3922 spinis,
1596 3870 1752 3909 rosas
1833 3850 1946 3904 tica
1971 3865 2093 3903 esse
2110 3845 2472 3918 pertinaciter
2491 3842 2730 3915 probare
2747 3838 3058 3904 contendis,
3073 3835 3430 3892 simanifeste

193 3929 461 3997 interseris,
479 3937 540 3985 et
555 3931 701 3985 albis
721 3939 890 4003 atque
913 3934 1090 4004 nigris
1111 3937 1393 3993 coloribus
1417 3940 1754 4010 phantasma
1833 3945 1932 3993 tua
1961 3937 2196 4002 diceres,
2223 3934 2518 3990 manifeste
2542 3937 2600 3986 te
2628 3932 2815 4002 ipsum
2839 3929 3158 3984 haereticum
3180 3941 3432 3996 compro-

191 4019 321 4071 tuum
345 4019 626 4092 depingis,
649 4023 905 4092 quaedam
927 4023 1097 4078 etiam
1118 4024 1395 4098 dicisquae
1418 4030 1558 4084 nihil
1576 4032 1752 4102 perti-
1834 4027 2020 4082 bares.
2054 4026 2162 4081 Sed
2192 4041 2262 4079 ne
2292 4024 2418 4095 quis
2462 4021 2683 4076 nescius
2726 4017 2964 4074 Romani
3010 4014 3227 4070 concilii
3259 4013 3430 4068 indis-

190 4110 300 4158 nent
323 4109 389 4161 ad
413 4110 768 4181 propositum
813 4113 1156 4182 quaestionis.
1189 4114 1536 4186 Compendio
1564 4101 1753 4176 autem
1835 4122 2046 4172 cretam
2096 4115 2166 4169 de
2208 4111 2432 4184 negotio
2483 4113 2631 4164 terat
2683 4105 3041 4169 sententiam,
3092 4101 3427 4174 principium

187 4189 231 4245 in
254 4203 510 4264 quantum
560 4205 778 4271 potero,
809 4217 1038 4271 operam
1067 4203 1232 4258 dabo.
1265 4205 1330 4260 In
1373 4207 1579 4262 talibus
1601 4211 1752 4266 enim
1834 4208 1954 4276 ejus
1982 4204 2228 4259 medium
2260 4208 2428 4272 atque
2456 4201 2625 4254 ﬁnem
2651 4196 2821 4252 simul
2848 4195 2938 4248 hic
2967 4208 3266 4264 apponam.

187 4284 348 4338 neniis
365 4288 574 4342 nollem
599 4289 771 4343 vitam
793 4290 1068 4357 deterere,
1093 4292 1140 4346 si
1171 4294 1439 4366 populum
1470 4297 1572 4351 Dei
1601 4301 1750 4354 anti-
1908 4315 1933 4346 ι
1977 4295 2092 4364 Ego
2135 4290 2529 4361 Berengarius,
2575 4286 2842 4356 indignus
2871 4283 3140 4337 diaconus
3171 4279 3427 4335 Ecclesiae

188 4384 324 4440 quam
344 4378 702 4446 Ρεΐωίῑῐθτθε
731 4395 926 4450 Pacem
952 4381 1179 4436 habere.
1765 4369 1814 4428 D
1840 4403 1862 4435 ¢
1906 4382 2097 4438 Sancti
2122 4379 2378 4436 Mauricii
2415 4374 2852 4448 Andegavensis,
2883 4387 3222 4444 cognoscens
3237 4385 3428 4424 veram

781 4468 1015 4523 CAPUT
1051 4468 1129 4524 ΙΙ.
1838 4492 1864 4526 α
1905 4471 2239 4528 catholicam
2286 4475 2343 4524 et
2388 4467 2750 4540 apostolicam
2793 4464 2981 4529 ﬁdem,
3015 4459 3428 4516 anathematizo

237 4549 620 4610 Bamoaaws
661 4573 673 4610 :
715 4574 742 4608 α
789 4551 1074 4627 Scriptum
1122 4557 1421 4614 Humberti
1465 4561 1755 4633 Burgundi
1841 4582 1870 4616 α
1907 4578 2133 4616 onmem
2153 4559 2430 4626 haeresim,
2461 4557 2738 4629 praecipue
2767 4570 2891 4609 eam
2919 4553 2989 4607 de
3021 4569 3134 4624 qua
3159 4551 3432 4606 hactenus

188 4656 204 4686 ι
239 4643 658 4710 quemfecerant
673 4646 865 4700 Roma:
885 4645 1205 4717 episcopum
1229 4650 1750 4724 cardinalem,quod
1841 4673 1863 4704 ι
1907 4650 2214 4706 infamatus
2242 4665 2388 4713 sum,
2430 4664 2556 4718 quae
2592 4653 2846 4701 astruere
2879 4648 3114 4697 conatur
3143 4657 3346 4712 panem
3375 4645 3433 4694 et

185 4745 201 4771 ο
236 4730 441 4803 scripsit
467 4742 668 4789 contra
710 4735 1043 4790 catholicam
1088 4738 1382 4792 veritatem
1424 4741 1573 4810 quod
1613 4742 1750 4797 infe-
1835 4759 1862 4794 ι
1902 4740 2095 4794 vinum
2119 4756 2242 4809 qua:
2271 4738 2328 4792 in
2360 4736 2525 4792 altari
2553 4739 2858 4807 ponuntur,
2890 4737 3019 4804 post
3054 4730 3430 4786 consecratio-

184 4836 200 4866 ι
234 4819 340 4880 rius,
363 4822 602 4892 patebit,
647 4830 714 4878 ut
755 4832 1050 4895 cogeretur
1092 4827 1230 4882 illud
1273 4829 1662 4899 Berengarius,
1695 4837 1753 4886 et
1835 4851 1862 4880 α
1905 4846 2034 4884 nem
2091 4827 2443 4882 solummodo
2491 4829 2925 4888 sacramentum,
2976 4827 3034 4876 et
3072 4837 3187 4875 non
3239 4835 3431 4874 verum

185 4925 201 4954 ι
236 4911 378 4978 quasi
405 4913 665 4982 proﬁteri
703 4930 951 4968 errorem
992 4915 1328 4986 ineptissimi
1366 4918 1677 4988 Burgundi.
1720 4938 1748 4975 ι
1839 4937 1863 4970 α
1905 4934 2107 4988 corpus
2132 4922 2188 4970 et
2208 4915 2542 4986 sanguinem
2571 4911 2796 4968 Domini
2832 4911 3010 4966 nostri
3055 4911 3188 4966 Jesu
3220 4909 3430 4964 Christi

233 4997 418 5053 Lupa.
451 5001 831 5057 Humbertum
859 5003 1039 5058 virum
1068 5005 1242 5059 fuisse
1265 5006 1610 5076 religiosum,
1639 5008 1750 5064 ﬁde
1835 5025 1863 5061 α
1905 5023 2046 5073 esse,
2099 5021 2200 5060 nec
2247 5021 2407 5076 posse
2445 5003 2780 5059 sensualiter
2825 5001 2885 5055 in
2920 5001 3040 5055 solo
3079 5002 3432 5055 sacramento

182 5083 466 5144 Christiana
498 5096 561 5144 et
586 5091 956 5147 sanctissimis
976 5095 1238 5165 operibus
1261 5098 1752 5168 persevcrantissi-
1838 5114 1866 5150 ι
1907 5095 2168 5150 manibus
2196 5093 2550 5148 sacerdotum
2568 5092 2822 5158 tractari,
2849 5091 2935 5145 vel
2950 5090 3154 5160 frangi,
3172 5095 3272 5143 aut
3290 5087 3430 5141 ﬁde-

184 5190 252 5227 me
276 5179 623 5247 decoratum,
654 5181 890 5235 scientia
928 5181 1245 5238 divinarum
1291 5201 1356 5238 ac
1404 5187 1756 5242 saecularium
1841 5204 1868 5237 «
1907 5185 2045 5239 lium
2092 5183 2353 5238 dentibus
2394 5182 2580 5237 atteri.
2631 5180 2932 5236 Consentio
2987 5185 3177 5234 autem
3225 5180 3430 5231 sanctae

188 5261 473 5322 litterarum
501 5270 758 5340 apprime
791 5272 1073 5326 eruditum
1106 5277 1387 5328 testantur
1424 5291 1619 5330 omnes
1657 5276 1758 5348 qui
1846 5294 1869 5326 ι
1913 5275 2179 5329 Romanae
2207 5279 2262 5327 ct
2292 5272 2611 5344 apostolicae
2631 5270 2770 5336 sedi,
2808 5274 2866 5324 et
2894 5285 2990 5322 ore
3021 5273 3078 5322 et
3107 5265 3274 5321 corde
3305 5281 3432 5336 pro-

187 5354 251 5407 vel
278 5357 499 5428 propria
545 5359 890 5430 experientia
928 5377 1057 5416 eum
1080 5367 1382 5428 noverunt,
1416 5364 1500 5417 vel
1533 5363 1604 5418 ab
1632 5362 1758 5420 aliis
1845 5383 1868 5415 ι
1912 5364 2076 5418 ﬁteor
2094 5363 2164 5417 de
2179 5360 2544 5416 sacramentis
2568 5359 2868 5415 Dominicze
2888 5373 3093 5411 mensae
3109 5372 3235 5410 eam
3259 5355 3429 5410 ﬁdem

191 5443 262 5510 qui
277 5445 455 5515 ipsum
467 5447 843 5517 expertisunt,
863 5449 986 5518 ejus
1004 5449 1378 5519 cognitionem
1399 5459 1753 5524 acceperunt.
1843 5473 1868 5506 ι
1909 5459 2102 5508 tenere
2132 5467 2301 5523 quam
2331 5451 2593 5506 dominus
2629 5455 2688 5502 et
2725 5446 3055 5502 venerabilis
3084 5462 3230 5518 papa
3256 5445 3431 5501 Nico-

192 5528 339 5598 Hunc,
370 5551 485 5590 non
515 5535 588 5589 de
615 5536 958 5607 Burgundia,
987 5539 1084 5593 sed
1114 5539 1183 5595 de
1210 5539 1576 5612 Lotharingia
1622 5559 1753 5597 san-
1842 5564 1864 5594 ι
1909 5543 2050 5609 laus,
2100 5546 2158 5596 et
2203 5542 2319 5596 haec
2369 5545 2561 5595 sancta
2601 5537 2848 5610 synodus
2878 5536 3212 5592 auctoritate
3243 5541 3433 5603 333
