3978 6174
379 180 478 261 411

1360 187 1423 242 B.
1464 189 1879 245 LANFRANCI
1918 190 2283 295 caurus.
2326 191 2662 289 meumr.

3538 191 3651 276 412

1368 276 1375 291 ι
1830 288 1879 297 ,ν
1992 274 2015 295 τ
2186 278 2237 297 ,π
2361 280 2391 299 οη
2488 274 2723 295 τιτι-⁷
2813 275 2825 282 ·
3568 274 3647 295 Ml

381 321 409 356 α
450 306 769 375 evangelica
796 314 853 362 et
882 308 1187 379 apostolica
1216 296 1515 365 tenendam
1538 313 1785 379 tradidit,
1809 274 2267 377 mihi-Atlante,
2299 304 2631 379 Germaniae,
2658 321 2714 369 et
2744 316 2812 369 ad
2838 332 3181 387 quaecunque
3211 317 3331 369 loca
3358 316 3508 370 fama
3535 321 3647 370 tua:

385 414 408 445 α
453 383 566 465 que
600 386 876 462 ﬁrmavit;
918 397 1129 451 scilicet
1177 413 1375 468 panem
1426 407 1483 453 et
1525 402 1712 455 vinum
1764 419 1886 473 qua:
1917 408 1973 457 in

383 504 406 536 ι
449 485 614 538 altari
643 482 945 556 ponuntur,
976 492 1103 556 post
1129 481 1606 542 consecrationem
1639 484 1750 543 non
1791 492 1971 544 solum

381 591 404 623 ‹
448 559 879 639 sacramentum,
903 574 1000 627 sed
1020 566 1191 628 etiam
1213 593 1408 630 verum
1438 593 1640 648 corpus
1671 585 1728 632 et
1751 579 1975 649 sangui-

382 681 405 711 ι
450 677 576 714 nem
608 661 831 715 Domini
868 656 1046 716 nostri
1077 665 1210 718 Jesu
1238 664 1449 719 Christi
1480 682 1620 727 esse,
1655 673 1712 720 et
1739 684 1971 722 sensuao

383 768 407 800 ‹
448 749 578 802 liter
618 740 733 803 non
771 752 952 805 solum
991 744 1361 819 sacramento,
1385 748 1481 809 sed
1510 756 1567 809 in
1593 757 1831 811 veritate
1860 774 1973 811 ma-

381 854 406 887 «
449 824 614 890 nibus
630 839 982 893 sacerdotum
1002 842 1453 913 tractari,frangi
1486 851 1543 898 et
1572 846 1819 901 ﬁdelium
1841 849 1973 902 den-

378 943 407 976 ‹‹
446 926 597 981 tibus
645 929 830 991 atteri,
861 931 1059 998 jurans
1103 948 1205 1002 per
1242 940 1492 987 sanctam
1536 940 1592 988 et
1641 930 1972 992 homousion

377 1033 404 1067 α
444 1008 797 1083 Trinitatem,
829 1026 886 1072 et
914 1035 1014 1089 per
1043 1020 1157 1074 haec
1190 1030 1545 1077 sacrosancta
1558 1017 1763 1078 Christi
1800 1028 1972 1079 Evan-

380 1123 404 1154 ί
446 1105 612 1174 gelia.
647 1096 754 1161 Eos
795 1123 926 1162 vero
956 1110 1052 1179 qui
1081 1117 1276 1164 contra
1320 1113 1464 1165 hanc
1495 1114 1662 1166 ﬁdem
1694 1117 1968 1174 venerint.

381 1211 406 1243 «
448 1210 574 1247 cum
607 1195 964 1264 dogmatibus
993 1203 1051 1251 et
1077 1193 1444 1254 sectatoribus
1471 1201 1587 1255 suis
1603 1211 1811 1256 aeterno
1842 1220 1973 1257 ana-

384 1305 406 1330 α
449 1274 697 1337 themate
719 1286 917 1355 dignos
944 1303 1066 1340 esse
1095 1289 1414 1357 pronuntio.
1449 1290 1607 1353 Quod
1640 1292 1683 1344 si
1718 1309 1821 1362 ego
1850 1294 1971 1363 ipse

382 1391 405 1423 ι
449 1371 751 1442 aliquando
782 1364 993 1445 aliquid
1036 1368 1232 1430 contra
1261 1377 1376 1429 haec
1415 1378 1623 1431 sentire
1647 1386 1746 1434 aut
1769 1381 1969 1451 praedi-

381 1478 405 1509 ι
447 1475 575 1513 care
594 1477 830 1531 praesum
839 1455 1343 1534 psero.subjaceam
1363 1461 1640 1521 canonum
1662 1471 1964 1525 severitati.

374 1563 405 1601 α
441 1548 608 1603 Lecto
638 1552 964 1621 et'perlecto
994 1560 1191 1624 sponte
1219 1550 1540 1626 subscripsi.
1585 1576 1611 1608 »

445 1638 529 1691 Ad
560 1638 675 1692 haec
704 1640 958 1709 Gregorii
986 1642 1209 1713 septimi
1236 1650 1489 1716 tempore
1517 1664 1643 1701 cum
1672 1649 1729 1701 in
1758 1650 1968 1719 templo

378 1720 682 1781 Salvatoris
702 1729 772 1782 de
799 1729 885 1783 his
916 1748 1100 1785 sermo
1140 1733 1459 1801 haberetur,
1487 1738 1858 1807 quorumdam
1882 1740 1965 1793 tui

374 1814 642 1870 similium
669 1818 909 1887 stipatus
938 1822 1178 1889 agmine,
1213 1824 1418 1877 erroris
1430 1826 1698 1895 magister
1710 1844 1966 1897 perseve-

372 1902 555 1957 rabas.
591 1904 731 1959 Tum
764 1908 1003 1962 ccelestis
1042 1910 1225 1964 Patris
1261 1912 1474 1983 Spiritu
1507 1914 1566 1967 in
1597 1917 1849 1971 animum
1880 1918 1965 1971 in-

375 1991 623 2047 stillante
652 1986 926 2061 reversus,
961 2004 1242 2068 speratam
1273 2003 1490 2057 veniam
1522 2005 1827 2074 apostolica
1854 2008 1963 2061 mi—

375 2081 655 2157 seratione
697 2092 1026 2141 consecutus
1056 2104 1133 2155 es,
1161 2090 1358 2159 jurans
1389 2097 1443 2146 et
1472 2082 1540 2146 ea
1568 2110 1691 2163 quae
1720 2111 1969 2166 sequun-

376 2173 490 2223 tur.

416 2270 421 2273 '
450 2278 474 2310 α
518 2259 636 2329 Ego
666 2262 1039 2333 Berengarius
1063 2267 1229 2321 corde
1258 2269 1426 2323 credo
1471 2276 1528 2324 et
1574 2260 1670 2325 ore
1699 2275 1970 2329 conﬁteor

376 2366 404 2399 ιι
442 2362 644 2424 panem
696 2356 751 2403 et
809 2351 1016 2416 vinum,
1069 2371 1191 2424 quae
1238 2364 1525 2426 ponuntur
1551 2360 1607 2413 in
1638 2362 1822 2424 altari,
1870 2381 1970 2433 per

375 2452 404 2487 α
443 2438 773 2506 mysterium
808 2456 981 2494 sacra:
1010 2444 1280 2498 orationis
1330 2452 1386 2499 et
1430 2436 1596 2502 verba
1644 2452 1821 2504 nostri
1854 2454 1962 2507 Re-

375 2543 400 2574 «
442 2524 752 2603 demptoris
776 2529 1222 2585 substantialiter
1267 2537 1511 2589 converti
1558 2537 1615 2591 in
1667 2556 1875 2607 veram,
1908 2548 1964 2596 et

375 2632 398 2663 ‹
444 2615 749 2685 prOpriam,
795 2620 1206 2675 viviﬁcatricem
1255 2640 1481 2678 carnem
1529 2634 1586 2680 et
1630 2631 1961 2699 sanguinem

375 2721 397 2751 α
439 2691 572 2757 Iesu
601 2702 812 2761 Christi
841 2708 1062 2763 Domini
1097 2713 1294 2778 nostri,
1329 2720 1386 2767 et
1413 2721 1541 2786 post
1588 2706 1962 2775 consecratio-

376 2809 400 2840 ι
441 2792 572 2846 nem
602 2810 724 2875 esse
757 2813 946 2851 verum
973 2816 1174 2875 corpus
1217 2788 1444 2866 Christi,
1478 2806 1626 2875 quod
1655 2814 1850 2863 natum
1877 2817 1963 2865 est

373 2897 397 2930 ‹
441 2879 510 2933 de
542 2867 787 2953 Virgine,
819 2892 877 2940 et
903 2874 1049 2957 quod
1069 2867 1171 2960 pro
1200 2892 1383 2946 salute
1405 2867 1600 2947 mu-ndi
1629 2896 1877 2952 oblatum
1902 2900 1956 2954 in

370 2985 398 3021 (ι
438 2987 604 3049 cruce
631 2975 913 3049 pependit,
945 2984 1000 3031 et
1022 2979 1169 3048 quod
1187 2981 1341 3058 sedet
1372 2982 1438 3035 ad
1464 2972 1716 3039 dextram
1749 2988 1954 3058 Patris;

371 3075 398 3108 «
440 3065 498 3113 et
531 3079 721 3116 verum
755 3066 1085 3135 sanguinem
1117 3056 1347 3137 Christi,
1391 3058 1486 3141 qui
1525 3073 1594 3127 de
1628 3075 1806 3131 latere
1836 3066 1958 3149 ejus

373 3148 648 3203 (-‘ell‘usus
678 3156 779 3231 est.
808 3169 920 3207 non
964 3156 1188 3210 tantum
1228 3175 1330 3228 per
1362 3160 1582 3230 signum
1615 3170 1672 3217 et
1698 3165 1960 3224 virtutem

374 3250 415 3284 ι·
440 3241 798 3307 sacramenti,
829 3243 922 3296 sed
953 3237 1009 3297 in
1039 3247 1381 3316 proprietate
1404 3255 1621 3305 naturae
1645 3259 1702 3306 et
1729 3256 1963 3314 veritate

371 3340 396 3373 «
437 3325 783 3393 substantiae,
817 3331 962 3385 sicut
991 3334 1050 3386 in
1075 3334 1178 3387 hoc
1208 3335 1358 3389 brevi
1400 3339 1738 3405 continetur,
1773 3351 1830 3397 et
1859 3362 1960 3416 ego

372 3429 396 3461 ι
438 3413 568 3481 legi,
590 3421 646 3468 et
664 3433 758 3470 vos
780 3418 1152 3475 intellexistis.
1171 3424 1261 3477 Sic
1287 3426 1472 3489 credo,
1491 3443 1593 3481 nec
1609 3413 1960 3488 contrahanc

369 3519 393 3549 «
448 3502 615 3590 ﬁdem
655 3494 891 3561 ulterius
938 3510 1146 3565 docebo
1179 3530 1190 3564 :
1226 3513 1305 3566 sic
1336 3530 1425 3568 me
1455 3506 1602 3570 Deus
1628 3506 1871 3590 adjuvet,
1904 3532 1958 3578 et

369 3591 556 3646 «haec
584 3609 743 3648 sacra
777 3595 1095 3667 Evangelia.
1140 3619 1165 3652 »

409 3667 641 3736 'Postea
668 3673 924 3756 praecipit
951 3687 1101 3769 idem
1150 3691 1396 3760 pontifex
1447 3694 1550 3747 tibi
1596 3696 1955 3769 Berengario,

364 3785 432 3822 ex
459 3764 795 3827 auctoritate
826 3775 926 3829 Dei
955 3764 1011 3829 et
1041 3768 1362 3833 sanctorum
1394 3764 1959 3853 apostolorumvPetri

363 3863 421 3911 et
447 3857 707 3926 Pauli,ut
736 3862 805 3915 de
835 3880 1066 3935 corpore
1096 3872 1154 3920 et
1181 3868 1452 3938 sanguine
1467 3871 1690 3927 Domini
1719 3875 1957 3932 ulterius

362 3962 489 4001 cum
548 3949 735 4021 aliquo
792 3950 1079 4025 disputare
1128 3972 1237 4010 non
1291 3943 1677 4028 przesumeres,
1728 3972 1958 4036 excepta

358 4053 529 4092 causa
555 4040 857 4096 reducendi
886 4043 956 4097 ad
998 4044 1143 4098 hanc
1190 4046 1359 4101 ﬁdem
1389 4065 1482 4103 eos
1514 4050 1610 4120 qui
1651 4069 1752 4122 per
1796 4062 1952 4110 tuam
1987 4077 1992 4083 ·

358 4120 670 4183 doctrinam
704 4131 774 4185 ab
793 4148 862 4185 ea
890 4142 1256 4189 recesserant.

429 4216 571 4270 Cum
601 4223 789 4273 autem
817 4220 920 4275 sub
949 4223 1179 4277 Nicolao
1210 4225 1454 4280 venisses
1488 4228 1742 4295 Romam,
1776 4231 1951 4287 fretus

355 4302 425 4357 iis
446 4298 543 4374 qui
574 4307 698 4375 plus
727 4308 993 4380 impensis
1014 4328 1048 4365 a
1076 4318 1133 4365 te
1156 4313 1439 4369 beneﬁciis
1471 4333 1640 4387 quam
1671 4320 1889 4374 ratione
1916 4339 1950 4376 a

354 4398 413 4445 te
438 4395 633 4448 audita
660 4412 823 4467 opem
852 4399 956 4453 tibi
987 4404 1380 4471 promiserant,
1412 4422 1524 4459 non
1553 4422 1723 4462 ausus
1756 4409 1948 4464 defen-

352 4495 479 4534 sare
536 4476 685 4553 quod
741 4492 905 4541 antea
962 4486 1242 4561 senseras,
1296 4496 1591 4564 postulasti
1654 4498 1945 4554 Nicolaum

350 4571 670 4639 pontificem
688 4575 918 4643 ejusque
938 4580 1253 4644 concilium,
1281 4589 1556 4652 quatenus
1578 4586 1743 4640 ﬁdem
1778 4605 1946 4658 quam

350 4659 530 4711 teneri
553 4668 839 4731 oporteret
884 4666 1068 4720 verbis
1098 4668 1201 4721 tibi
1231 4671 1496 4736 traderet,
1541 4674 1819 4744 scriptura
1848 4678 1944 4730 llr-

272 4818 273 4827 ‘
351 4754 549 4801 maret.
582 4750 839 4820 Injuncta
868 4761 954 4809 est
980 4755 1145 4826 hujus
1183 4758 1265 4812 rei
1302 4775 1437 4814 cura
1467 4762 1778 4818 Humberto
1824 4766 1943 4835 epi-

352 4848 542 4906 scopo.

422 4921 621 4998 Itaque
644 4930 811 4985 verba
840 4933 970 4987 ﬁdei
1000 4936 1257 5006 superius
1273 4940 1678 5009 comprehensa
1698 4943 1941 5013 scripsit,

350 5029 582 5070 assensu
625 5021 874 5075 omnium
907 5018 977 5076 ad
1008 5024 1307 5094 legendum
1335 5034 1391 5080 et
1419 5030 1799 5083 conﬁtendum
1840 5030 1945 5085 tibi

352 5104 602 5159 tradidit.
634 5108 717 5161 Tu
747 5126 877 5164 vero
897 5112 1256 5182 acquiescens
1282 5114 1562 5186 accepisti.
1584 5117 1790 5187 legisti,
1815 5136 1949 5172 con-

356 5192 536 5248 fessus
562 5202 617 5250 te
646 5196 727 5251 ita
763 5200 992 5254 credere
1027 5203 1399 5272 jurejurando
1428 5206 1796 5270 conﬁrmasti,
1823 5214 1950 5261 tan-

356 5283 483 5338 dem
514 5302 685 5345 manu
716 5290 943 5359 prOpria
973 5292 1367 5362 subscripsisti.

429 5374 688 5429 Nicolaus
712 5393 874 5448 papa,
906 5380 1159 5448 gaudens
1189 5381 1258 5434 de
1286 5383 1646 5437 conversione
1675 5389 1794 5447 tua,
1823 5386 1948 5455 jus-

350 5460 660 5528 jurandum
687 5470 851 5520 tuum
890 5467 1161 5538 scriptum
1192 5468 1345 5522 misit
1386 5486 1487 5540 per
1532 5472 1700 5527 urbes
1748 5472 1945 5543 Italiae,

2055 405 2345 475 pravitatis
2376 412 2541 459 antea
2576 404 3078 477 potuit'p'erveni’re
3118 404 3193 459 Ut
3220 405 3364 460 sicut
3394 398 3650 460 Ecclesiae

2054 493 2441 547 scandalizatze
2466 492 2620 564 prius
2638 486 2985 548 dolebantde
3014 500 3069 546 te
3098 509 3130 545 a
3160 486 3400 546 veritate
3429 504 3642 557 averso,

2055 580 2226 653 atque
2256 584 2336 636 ita
2369 590 2563 653 postea
2590 584 2903 654 gauderent
2920 582 3245 653 gratiasque
3275 583 3389 636 Deo
3413 588 3651 652 agerent

2053 672 2124 725 de
2153 672 2379 729 reverso
2404 677 2574 743 atque
2611 688 2901 727 converso.
2941 672 3056 724 Cur
3084 676 3217 740 ergo
3245 662 3514 740 scriptum
3542 670 3651 722 hoc

2054 761 2232 831 magis
2288 759 2585 815 ascribitur
2616 755 2925 814 Humberto
2957 759 3240 830 episcopo
3296 772 3468 847 quam
3521 756 3675 847 tibi,.

2055 865 2224 920 quam
2255 849 2484 904 Nicolao
2531 844 2799 919 pontiﬁci,
2837 846 3005 918 quam
3038 843 3439 916 ejus-‘conﬁlio,
3477 843 3649 915 quam

2053 938 2294 1008 denique
2325 937 2584 992 omnibus
2611 936 2872 991 Ecclesiis
2897 952 3019 1007 qua),
3046 932 3102 989 id
3127 930 3258 988 "cuni
3288 934 3477 989 debita
3496 948 3676 987 revew

2052 1028 2237 1081 rentia
2270 1032 2657 1097 susceperunt,
2674 1030 2728 1079 et
2744 1042 2845 1096 pro
2875 1025 3235 1078 conversione
3249 1030 3348 1077 tua
3380 1024 3493 1077 Deo
3513 1039 3651 1091 gra-

2054 1116 2162 1170 tias
2218 1110 2571 1169 retulerunt?
2611 1114 2725 1167 Cur
2774 1114 3024 1184 inquam,
3082 1113 3189 1166 nisi
3239 1112 3373 1182 quia
3427 1109 3651 1183 facilius

2054 1205 2358 1275 persuades
2388 1205 2664 1274 imperitis
2689 1197 2935 1274 potuisse
2950 1216 3123 1255 unum
3151 1200 3431 1253 hominem
3455 1191 3675 1251 errare‘

2055 1310 2222 1364 quam
2278 1300 2365 1347 tot
2422 1310 2708 1365 personas,
2754 1298 2841 1345 tot
2899 1290 3213 1345 Ecclesiae?
3249 1288 3371 1342 Tibi
3419 1302 3550 1340 vero
3600 1287 3677 1339 si.

2053 1383 2426 1453 ascripsisses,
2462 1399 2588 1437 cum
2619 1383 2803 1452 ipsum
2832 1381 3124 1434 destruere
3155 1375 3429 1442 moliaris,
3460 1376 3651 1445 perju-

2052 1488 2176 1524 rum
2207 1477 2264 1524 te
2294 1487 2417 1525 esse
2448 1479 2701 1525 astruere
2735 1469 2955 1524 videris.
2990 1462 3098 1525 Sed
3132 1464 3253 1537 jam
3282 1464 3526 1536 qualiter
3552 1478 3673 1516 νει--

1986 1545 2032 1604 Β
2051 1560 2277 1629 darguis
2306 1560 2612 1613 videamus.

2653 1686 2886 1741 CAPUT
2932 1684 3033 1743 III.

2118 1794 2357 1851 Benene.
2399 1813 2421 1843 ι
2463 1795 2716 1863 Apparet
2744 1792 2877 1863 quia
2904 1791 2999 1845 lux
3028 1789 3087 1843 in
3115 1785 3362 1844 tenebris
3392 1786 3562 1852 lucet,
3588 1789 3649 1838 et

2054 1902 2079 1934 «
2119 1883 2361 1939 tenebrae
2382 1899 2507 1938 eam
2531 1898 2643 1936 non
2674 1879 3238 1953 comprehenderunt.
3281 1895 3308 1930 ι
3440 1942 3444 1946 ,

2110 1973 2324 2027 Lassa.
2358 1973 2475 2026 Hoc
2515 1970 2827 2026 rectissime
2873 1970 2932 2023 in
2981 1974 3036 2023 te
3083 1965 3398 2036 retorqueri
3435 1970 3643 2036 potest.

2051 2062 2224 2116 Lucet
2251 2078 2495 2133 namque
2535 2062 2628 2114 lux
2671 2061 2801 2114 ﬁdei
2830 2059 2889 2114 in
2921 2057 3168 2113 tenebris
3209 2057 3379 2125 hujus
3422 2052 3643 2118 mundi,
3680 2109 3685 2113 _

2051 2156 2324 2221 quantum
2356 2167 2456 2222 per
2483 2149 2770 2221 speculum
2803 2152 2861 2202 et
2887 2146 3146 2216 aenigma,
3191 2143 3472 2198 revelante
3502 2141 3645 2207 Deo,

2049 2257 2347 2311 possumus
2372 2238 2662 2305 contueri;
2690 2253 2883 2290 verum
2938 2236 3081 2288 hanc
3118 2234 3303 2288 lucem
3344 2229 3648 2326 tenebrosa

2050 2345 2209 2382 mens
2237 2334 2337 2383 tua
2364 2327 2556 2397 nequit
2580 2323 3074 2395 comprehendere,
3098 2319 3374 2390 despectis
3402 2319 3641 2381 caeteris,

2050 2424 2254 2487 putans
2283 2433 2341 2470 se
2364 2417 2542 2469 solam
2570 2414 2886 2485 sapientem
2915 2427 3056 2475 esse,
3102 2424 3437 2467 evanescens
3465 2407 3524 2461 iu
3553 2422 3643 2460 co-

2043 2505 2410 2575 gitationibus
2439 2505 2573 2563 suis.
2598 2504 2774 2559 stulta
2803 2503 2950 2557 facta
2977 2501 3124 2572 apud
3152 2500 3350 2554 Deum.

2115 2595 2351 2650 Benene.
2385 2614 2409 2645 «
2461 2595 2605 2659 Quia
2651 2593 2905 2647 veritatis
2947 2590 3230 2659 inimicus,
3284 2587 3417 2642 velit
3474 2585 3675 2652 nolit,

2047 2702 2076 2734 α
2115 2684 2405 2749 veritatem
2437 2687 2669 2738 asserat.
2717 2701 2742 2735 »

2113 2774 2316 2835 Laure.
2353 2774 2561 2827 Parum
2588 2771 2797 2826 videris
2822 2769 3115 2835 attendere
3143 2767 3277 2838 quid
3307 2765 3480 2839 dicas,
3511 2769 3637 2818 tan-

2042 2866 2164 2923 tum
2196 2869 2261 2917 ut
2286 2878 2507 2917 servum
2521 2860 2625 2916 Dei
2641 2860 2811 2915 illatis
2833 2857 3149 2931 opprobriis
3167 2857 3227 2911 in
3252 2859 3636 2926 contemptum

1975 2929 2023 2998 Ο
2041 2952 2303 3006 adducas.

2109 3042 2457 3095 Assertorem
2474 3040 2839 3105 Veritas,tam
2855 3037 3133 3092 volentem
3144 3050 3312 3106 quam
3325 3034 3632 3097 nolentem,

2044 3110 2332 3184 inimicum
2367 3129 2579 3200 pariter
2606 3128 2901 3183 constituis
2937 3125 3209 3193 veritatis.
3243 3123 3507 3193 Quisquis
3538 3138 3639 3176 au-

2042 3226 2160 3272 tem
2189 3219 2479 3273 veritatem
2526 3218 2745 3281 asserit,
2793 3221 2892 3271 aut
2929 3215 3139 3277 volens,
3185 3219 3282 3269 aut
3329 3213 3528 3267 nolens
3578 3211 3635 3269 id

2043 3308 2179 3381 agit.
2201 3308 2356 3362 Nihil
2384 3307 2533 3362 enim
2564 3306 2733 3360 medii
2752 3304 2958 3377 poterit
2978 3303 3229 3374 reperiri.
3245 3302 3443 3358 Omnis
3461 3300 3637 3370 igitur

2042 3401 2289 3451 assertor
2319 3396 2586 3461 veritatis,
2611 3401 2666 3449 te
2687 3399 2933 3459 auctore,
2962 3393 3223 3448 inimicus
3250 3396 3337 3446 est
3356 3389 3630 3445 veritatis.

2043 3485 2149 3539 Sed
2172 3484 2334 3539 absit.
2363 3483 2496 3557 Ipsa
2524 3501 2768 3554 namque
2785 3483 3006 3537 Veritas
3020 3487 3327 3537 assertores
3354 3496 3486 3534 suos
3512 3480 3636 3550 plu-

2042 3574 2247 3629 rimum
2275 3574 2507 3631 distanti
2537 3573 2764 3628 nomine
2787 3573 2849 3625 in
2875 3570 3178 3640 Evangelio
3214 3575 3374 3625 vocat
3401 3569 3594 3623 dicens
3617 3586 3630 3622 :

2039 3666 2167 3717 Jam
2202 3680 2315 3718 non
2350 3665 2534 3717 dicam
2561 3679 2651 3716 vos
2688 3678 2885 3725 servos,
2918 3662 3009 3714 sed
3030 3663 3233 3714 amicos
3263 3675 3405 3712 meos
3428 3660 3626 3729 (Joan.
3672 3712 3677 3717 ,

2040 3766 2128 3816 xv,
2159 3751 2280 3823 15);
2308 3753 2377 3807 Et
2417 3751 2550 3807 alibi
2584 3771 2595 3806 :
2643 3753 2731 3807 Vos
2760 3753 2930 3805 amici
2974 3752 3081 3809 mei
3118 3752 3274 3803 eritis
3303 3746 3634 3835 (Ibidn'ié).

2040 3840 2263 3897 Falsum
2295 3846 2382 3895 est
2428 3857 2563 3911 ergo
2612 3845 2950 3895 assertorem
2984 3838 3254 3901 veritatis,
3287 3841 3405 3891 tam
3440 3836 3635 3890 volen—

2038 3936 2151 3987 tem
2178 3946 2345 4000 quam
2363 3930 2669 3992 nolentem,
2686 3929 2980 3983 inimicum
2993 3927 3334 3982 constituere
3359 3925 3631 3982 veritatis.

2108 4019 2347 4077 Benene.
2387 4038 2409 4069 ι
2453 4019 2617 4084 Quia,
2646 4019 2792 4073 sicut
2836 4017 3086 4085 Goliath,
3113 4016 3340 4087 proprio
3370 4015 3633 4085 Burgum-

2041 4124 2065 4156 (ι
2107 4108 2214 4161 dus
2236 4124 2370 4162 ense
2398 4109 2683 4179 depereat.
2727 4128 2750 4158 ι

2105 4197 2309 4251 Lmen.
2340 4197 2446 4252 Tui
2475 4196 2646 4251 moris
2670 4202 2756 4251 est
2789 4197 2927 4253 alios
2955 4196 3291 4267 deprimere,
3321 4201 3377 4249 te
3409 4195 3629 4259 efferre,

1966 4290 2091 4349 Dte
2116 4286 2350 4357 jactare,
2381 4286 2449 4340 de
2477 4292 2534 4340 te
2569 4302 2773 4356 magna
2809 4286 3043 4341 sentire.
3077 4290 3267 4353 234
3294 4284 3372 4338 Te
3402 4282 3633 4353 quidem

2031 4373 2224 4441 David,
2242 4375 2615 4429 Humbertum
2638 4392 2765 4429 vero
2787 4375 3293 4445 Goliathappellas.
3312 4373 3381 4427 Et
3403 4372 3653 4453 quidem,

2031 4464 2237 4517 rectius
2277 4469 2331 4517 te
2370 4465 2716 4517 nominasses
2739 4464 2981 4529 Goliath,
3018 4464 3149 4534 quia
3179 4465 3346 4517 homo
3366 4477 3632 4530 arrogan-

2029 4552 2281 4607 tissimus
2311 4569 2388 4607 es,
2412 4558 2471 4606 et
2494 4569 2558 4607 ea
2583 4553 2777 4617 sentis,
2805 4554 3002 4609 scribis
3048 4560 3105 4607 et
3149 4551 3395 4623 loqueris
3425 4550 3631 4622 quibus

2030 4645 2091 4694 tu
2119 4642 2237 4713 ipse
2266 4644 2417 4697 velut
2462 4658 2595 4696 ense
2648 4642 2873 4712 proprio
2919 4643 3233 4712 juguleris,
3287 4641 3448 4695 illum
3495 4656 3628 4693 vero

2028 4730 2221 4797 David,
2255 4730 2350 4800 qui
2379 4730 2671 4783 humiliter
2691 4730 2843 4791 vixit,
2869 4730 3159 4785 humiliter
3202 4729 3411 4793 docuit,
3442 4744 3630 4783 mem-

2029 4817 2192 4873 brum
2235 4818 2510 4883 Ecclesiae,
2565 4834 2823 4888 pugnans
2864 4834 2967 4889 pro
3014 4818 3277 4883 Ecclesia,
3328 4832 3626 4871 assumens

2028 4913 2246 4963 scutum
2278 4907 2406 4982 ﬁdei
2435 4913 2492 4961 et
2515 4907 2769 4978 gladium
2812 4907 3062 4978 spiritus,
3097 4908 3247 4978 quod
3276 4913 3364 4960 est
3390 4906 3626 4960 verbum
3675 4957 3681 4961 .

2028 4996 2128 5051 Dei
2156 4997 2366 5065 (Ep/L88.
2392 5010 2469 5062 γι,
2512 4996 2615 5066 i7).

2627 5103 2859 5158 CAPUT
2915 5103 3017 5157 IV.

2105 5209 2345 5262 BBRBNG.
2381 5229 2403 5260 «
2437 5208 2575 5264 Erat
2607 5218 2796 5264 autem
2828 5210 3164 5279 Burgundus
3208 5211 3267 5264 in
3319 5211 3623 5275 sententia,

2037 5319 2062 5346 α
2104 5298 2219 5350 imo
2258 5299 2515 5352 vecordia
2562 5300 2734 5369 vulgi,
2767 5300 3051 5352 Paschasii
3091 5306 3260 5370 atque
3303 5300 3623 5365 Lanfranci,

2035 5405 2061 5439 «
2102 5386 2334 5440 minime
2379 5403 2669 5458 superesse
2698 5388 2757 5441 in
2786 5388 2950 5441 altari
2982 5394 3110 5459 post
3143 5389 3624 5442 consecrationem

2035 5495 2059 5528 α
2101 5475 2474 5531 substantiam
2498 5477 2659 5547 panis
2689 5482 2856 5546 atque
2883 5476 3013 5531 vini.
3056 5497 3085 5529 ι)
