3852 6178
168 210 245 267 413
957 212 1170 268 LIBER
1208 213 1306 301 ne
1342 213 1678 303 conpone
1842 214 2210 279 SANGUINE
2246 214 2528 291 comm.
3265 211 3374 300 414

220 335 394 388 LANFR.
421 334 693 403 Tempore
721 335 901 423 sancti
938 336 1141 423 Leonis
1178 354 1358 423 papae,
1400 338 1586 392 delata
1620 345 1705 392 est
1726 340 2051 415 Areseravi.
2084 338 2457 423 Digrediendo
2490 340 2605 393 haec
2646 339 2768 409 ideo
2816 339 2950 423 dixi,
2996 340 3129 421 quia
3165 340 3383 421 dixisti:

167 423 345 477 heresis
370 426 467 477 tua
495 423 563 477 ad
590 421 953 493 apostolicam
980 416 1189 478 Sedein.
1223 426 1329 489 Qui
1349 416 1474 479 cum
1498 428 1710 498 synodo
1795 428 1923 501 Erat
1945 432 2131 509 autem
2150 421 2486 495 Burgundus
2513 429 2570 482 in
2594 424 2871 501 sententia
2889 416 3056 499 vulgi,
3083 416 3385 509 Paschasii,

167 511 456 583 president,
479 518 544 564 ac
572 512 848 566 resideret
898 516 1084 566 secum
1137 530 1246 567 non
1301 502 1470 585 parva
1528 516 1712 570 multi-
1794 514 1961 586 atque
1992 500 2308 570 Lanfranci.
2342 517 2483 570 Nam
2514 534 2638 570 cum
2668 508 2944 572 catholica
2974 518 3220 587 Ecclesia
3247 500 3389 571 divi:-

168 600 271 654 tudo
298 600 691 670 episcoporum,
733 601 1021 665 abbatum,
1066 603 1380 673 diversique
1420 604 1631 659 ordinis
1678 621 1711 659 a
1793 605 1961 659 datur
1988 605 2049 658 in
2079 605 2390 658 clericalem
2424 600 2674 675 ordinem
2716 612 2885 676 atque
2914 600 3190 672 laicalem,
3223 605 3390 669 cleri—

168 689 355 742 diversis
382 688 707 758 regionibus
740 690 1129 760 religiosarum
1170 692 1557 762 personarum,
1586 695 1710 763 jus-
1793 690 1927 747 calis
1959 711 2086 747 vero
2132 694 2268 747 ordo
2304 694 2574 748 consistat
2618 694 2677 748 in
2719 695 2991 766 episcopis
3050 712 3114 749 ac
3161 693 3393 764 reliquis

165 794 259 831 sum
284 785 360 831 est
390 778 451 831 in
484 779 735 831 omnium
757 779 1046 833 audientia
1075 780 1299 834 recitari
1328 792 1467 851 quas
1490 782 1711 835 mihide
1795 782 2002 857 Christi
2020 782 2421 848 sacerdotibus,
2438 783 2673 854 aliisque
2691 783 3033 838 diversarum
3051 778 3389 871 dignitatum

163 882 350 936 corpore
383 872 441 919 et
472 868 748 936 sanguine
792 867 1016 921 Domini
1062 869 1277 923 litteras
1327 871 1708 924 transmisisti.
1795 871 2183 925 ecclesiasticis
2238 867 2508 942 personis,
2551 872 2653 925 hos
2703 878 2889 926 autem
2924 864 3136 937 omnes,
3188 864 3394 944 praeter

160 956 363 1010 Portitor
378 955 587 1025 quippe
603 972 795 1010 earum
816 957 1036 1026 legatus
1054 963 1206 1019 tuus,
1225 975 1314 1012 me
1334 959 1390 1012 in
1412 958 1710 1013 Nortman-
1795 952 2160 1030 paucissimos
2187 952 2590 1023 schismaticos,
2625 962 2769 1014 hanc
2809 954 2974 1015 ﬁdem
2995 966 3188 1016 tenere
3222 950 3399 1015 mani-

162 1046 235 1099 nia
255 1060 353 1098 non
377 1050 624 1114 reperto,
661 1045 893 1098 tradidit
932 1062 1027 1099 eas
1072 1047 1408 1117 quibusdam
1455 1048 1705 1113 clericis;
1794 1050 2159 1107 festissimum
2190 1050 2282 1109 sit,
2324 1049 2530 1104 rectius
2560 1050 2831 1104 dixisses:
2866 1049 3001 1104 Erat
3030 1056 3218 1105 autem
3250 1036 3394 1117 Bur-

162 1149 268 1203 ‘qnas
295 1150 411 1186 cum
441 1134 731 1203 legissent,
764 1141 819 1188 et
846 1142 1043 1189 contra
1071 1136 1495 1191 usitatissimam
1526 1138 1711 1192 Eccle—
1794 1137 2016 1205 gundus
2053 1154 2109 1191 in
2155 1139 2436 1191 sententia
2486 1137 2773 1193 catholicae
2822 1138 3098 1197 Ecclesiae.
3152 1128 3248 1193 sed
3284 1154 3398 1192 non

163 1223 234 1275 size
259 1223 406 1275 ﬁdem
436 1223 986 1287 animadvertissent,
1039 1226 1154 1278 zelo
1185 1225 1284 1279 Dei
1326 1227 1543 1280 accensi
1587 1227 1712 1297 qui-
1797 1226 1857 1279 in
1887 1243 2030 1290 mea,
2066 1243 2433 1295 meorumque
2463 1226 2807 1297 sequacium,
2839 1227 2934 1297 qui
2966 1226 3267 1280 maluimus
3297 1242 3399 1279 nos

163 1311 351 1364 busdam
403 1312 476 1364 ad
524 1313 820 1382 legendum
870 1330 963 1367 eas
1010 1322 1402 1384 porrexerunt,
1459 1316 1717 1386 plurimis
1799 1315 1869 1369 ab
1890 1332 1955 1369 ea
1986 1314 2224 1385 superbe
2253 1332 2534 1385 separare,
2568 1321 2625 1368 et
2652 1320 2848 1369 contra
2885 1315 2954 1368 ad
2985 1308 3233 1368 nostram
3259 1298 3400 1384 per;-

160 1416 314 1453 earum
336 1402 647 1454 sententias
674 1402 854 1457 verbis
875 1405 1481 1474 exposuerunt.1taque
1508 1405 1714 1459 factum
1796 1404 2000 1458 niciem
2046 1404 2287 1457 schisma
2334 1404 2515 1457 facere
2567 1420 2733 1475 quam
2793 1404 3084 1458 humiliter
3146 1396 3401 1456 membra

159 1496 301 1542 estut
325 1506 430 1542 non
447 1490 697 1544 deterior
716 1491 785 1544 de
812 1498 867 1545 te
898 1508 1066 1562 quam
1109 1493 1178 1546 de
1232 1510 1321 1547 me
1368 1493 1536 1547 fuerit
1593 1500 1719 1548 orta
1799 1499 1921 1563 ejus
1951 1510 2091 1556 esse,
2125 1498 2181 1545 et
2215 1510 2567 1547 communem
2608 1510 2735 1546 cum
2776 1510 2841 1546 ea
2888 1493 3055 1546 ﬁdem
3101 1486 3404 1565 salubriter

154 1578 375 1647 suspicio,
402 1578 477 1631 ad
518 1595 687 1649 quem
728 1580 984 1633 videlicet
1019 1582 1160 1634 tales
1206 1582 1423 1636 litteras
1468 1583 1716 1636 destina-
1799 1582 2059 1637 retinere.
2096 1582 2210 1635 Hoc
2248 1598 2441 1634 revera
2476 1580 2725 1641 dixisses,
2780 1581 2825 1635 si
2877 1587 3099 1634 amator
3142 1574 3396 1635 veritatis

157 1668 285 1720 veris.
311 1667 637 1736 putantibus
661 1669 856 1722 multis
893 1686 983 1723 me
1015 1670 1202 1724 fovere
1223 1688 1287 1724 ac
1315 1672 1501 1725 favere
1532 1689 1654 1742 qua:
1683 1689 1716 1726 a
1735 1676 2047 1752 Bservator
2093 1674 2148 1725 et
2188 1671 2420 1740 justitiaz
2478 1668 2802 1733 exstitisses,
2838 1670 2904 1735 si,
2954 1669 3168 1741 abjecto
3216 1658 3400 1752 inanis

154 1760 198 1808 te
220 1755 542 1822 dicerentur,
568 1758 655 1810 vel
690 1758 875 1827 gratia
903 1775 1015 1828 qua
1050 1769 1106 1812 te
1135 1759 1448 1830 diligerem,
1484 1740 1569 1814 vel
1607 1761 1715 1815 ﬁde
1738 1740 1992 1828 τᾳεςιονίεξε
2023 1759 2298 1830 appetitu,
2330 1762 2558 1830 peccata
2596 1764 2696 1812 tua
2742 1755 2996 1812 confiteri
3042 1775 3210 1828 quam
3250 1740 3400 1811 tueri

155 1860 243 1913 qua
267 1861 449 1898 revera
482 1845 560 1899 ita
583 1862 707 1899 esse
739 1863 852 1900 non
878 1848 1205 1902 dubitanter
1230 1855 1501 1904 tenerem.
1537 1838 1718 1919 Igitur
1797 1848 2111 1902 maluisses.

153 1950 253 1988 cum
275 1950 304 1987 a
333 1934 577 2004 quodam
613 1936 876 1989 Remensi
924 1937 1124 1990 clerico
1177 1938 1412 1991 Romam
1471 1941 1717 2015 perlatas
1871 1937 2029 2001 Quod
2052 1953 2180 1990 vero
2201 1938 2537 1992 sententiam
2564 1954 2675 2007 qua
2704 1953 2905 2007 panem
2936 1938 2995 1991 in
3023 1952 3213 1990 veram
3243 1935 3401 1990 Chri-

155 2023 637 2093 recitatorlegeret,
678 2024 961 2079 intellecto
990 2026 1139 2096 quod
1174 2027 1446 2080 Joannem
1490 2014 1715 2082 Scotum
1800 2027 1871 2080 sti
1896 2042 2141 2086 carnem,
2173 2028 2228 2079 et
2257 2014 2447 2079 vinum
2476 2026 2531 2078 in
2580 2042 2773 2079 verum
2824 2023 3032 2079 Christi
3070 2016 3403 2095 sanguinem

155 2112 431 2177 extolleres,
496 2114 859 2167 Paschasium
910 2116 1228 2175 damnares,
1282 2102 1593 2171 communis
1651 2118 1719 2171 de
1801 2115 2047 2169 converti
2064 2114 2362 2179 credimus,
2394 2106 2710 2168 vecordiam
2745 2111 3040 2181 nominas;
3071 2112 3140 2166 de
3186 2114 3292 2166 hac
3340 2130 3402 2167 re

157 2200 459 2255 eucharistia
492 2202 622 2256 ﬁdei
660 2203 893 2257 adversa
929 2198 1186 2268 sentires,
1228 2206 1583 2276 promulgata
1638 2208 1723 2260 est

156 2288 198 2341 in
222 2294 269 2341 te
289 2290 669 2345 damnationis
688 2294 986 2353 sententia,
1006 2294 1231 2363 privans
1258 2302 1317 2349 te
1330 2296 1721 2349 communione

155 2384 326 2432 sancta).
346 2380 626 2439 Ecclesiae.
659 2397 829 2451 quam
859 2388 919 2436 tu
951 2383 1166 2453 privare
1190 2388 1384 2437 sancta
1410 2385 1531 2454 ejus
1568 2401 1723 2437 com-

157 2467 385 2521 munione
407 2468 730 2538 satagebas.
764 2471 897 2523 Post
916 2472 1032 2525 haec
1058 2473 1322 2543 praecepit
1353 2490 1499 2543 papa
1519 2481 1580 2527 ut
1619 2490 1722 2543 ego

153 2569 424 2623 surgerem,
460 2558 622 2627 pravi
650 2559 896 2611 rumoris
952 2577 984 2613 a
1014 2577 1101 2613 me
1130 2562 1404 2614 maculam
1434 2561 1720 2631 absterge-

156 2660 266 2704 rem.
315 2646 483 2699 ﬁdem
543 2663 728 2700 meam
800 2664 1155 2718 exponerem,
1231 2651 1539 2720 expositam
1596 2652 1721 2721 plus

151 2734 297 2787 sacris
324 2736 761 2790 auctoritatibus
783 2753 952 2807 quam
1000 2740 1351 2808 argumentis
1398 2740 1715 2810 probarem.

152 2821 317 2892 Itaque
352 2824 601 2889 surrexi,
647 2826 796 2895 quod
844 2827 994 2880 sensi
1043 2827 1177 2891 dixi,
1235 2829 1384 2899 quod
1433 2829 1544 2883 dixi
1591 2845 1723 2900 pro-

151 2908 266 2975 bavi,
321 2914 476 2985 quod
521 2914 752 2984 probavi
815 2915 1078 2971 omnibus
1126 2912 1356 2987 placuit,
1418 2910 1557 2972 nulli
1607 2919 1722 2972 dis-

151 3000 333 3068 plicuit.
365 3003 596 3057 Dehinc.
628 3004 914 3058 declarata
933 3009 1019 3059 est
1045 3007 1293 3077 synodus
1321 3005 1718 3072 Vercellensis,

150 3105 248 3158 qua
272 3093 527 3161 proximo
555 3092 868 3163 Septembri
892 3094 1087 3147 eodem
1106 3095 1437 3165 praesidente
1462 3096 1724 3166 pontiﬁce

151 3186 215 3230 est
240 3181 518 3235 celebrata
544 3182 829 3236 Vercellis.
854 3183 939 3236 Ad
993 3200 1161 3253 quam
1199 3191 1425 3238 vocatus
1471 3168 1582 3239 non
1631 3202 1724 3238 ve-

152 3264 293 3331 nisti;
323 3283 427 3338 ego
461 3285 596 3322 vero
621 3278 899 3339 praecepto
924 3286 986 3323 ac
1013 3271 1268 3340 precibus
1309 3272 1527 3342 praefati
1580 3288 1723 3342 pon-

152 3352 289 3408 tiﬁcis
315 3373 503 3427 usque
532 3357 603 3411 ad
655 3358 834 3428 ipsam
892 3360 1170 3430 synodum
1227 3377 1413 3416 secum
1458 3361 1722 3416 remansi.

154 3442 204 3496 1n
224 3461 344 3514 qua,
375 3447 431 3499 in
471 3447 761 3500 audientia
792 3448 1044 3501 omnium
1076 3450 1170 3519 qui
1200 3451 1269 3504 de
1297 3450 1530 3504 diversis
1558 3451 1725 3519 hujus

152 3536 315 3589 mundi
353 3537 618 3607 partibus
671 3537 803 3590 illuc
856 3546 1248 3604 convenerant,
1303 3540 1533 3593 Joannis
1577 3540 1726 3594 Scoti

151 3620 263 3676 liber
290 3626 365 3679 De
395 3626 743 3679 eucharistia
775 3627 951 3680 lectus
980 3633 1084 3690 est,
1117 3645 1182 3681 ac
1226 3628 1548 3693 damnatus,
1594 3645 1724 3682 sen-

149 3713 298 3766 tentia
319 3722 419 3768 tua
451 3716 710 3786 exposita
739 3733 804 3770 ac
824 3717 1109 3779 damnata,
1144 3717 1282 3771 ﬁdes
1311 3724 1516 3772 sanctae
1546 3718 1728 3771 Eccle-

150 3800 242 3865 size,
271 3818 438 3871 quam
469 3819 577 3872 ego
608 3809 772 3857 teneo
823 3810 879 3858 et
897 3805 1198 3859 tenendam
1220 3810 1430 3870 astruo,
1455 3805 1650 3859 audita
1669 3811 1726 3858 et

149 3893 375 3946 concordi
408 3891 670 3947 omnium
699 3909 933 3946 assensu
982 3895 1332 3948 conﬁrmata.
1382 3895 1503 3948 Duo
1542 3892 1726 3947 clerici

150 3980 226 4046 qni
251 3981 466 4051 legatos
490 3990 617 4035 tuos
637 3999 698 4035 se
717 3986 840 4035 esSe
875 3983 1154 4041 dixerunt.
1206 3985 1456 4038 volentes
1519 3987 1575 4037 te
1626 3983 1727 4038 de-

1800 2203 2170 2275 opportunius
2194 2202 2295 2256 tibi
2326 2201 2693 2273 respondebo,
2725 2219 2852 2255 cum
2882 2199 3049 2256 ﬁdem
3088 2202 3253 2269 hanc,
3297 2220 3401 2257 au-

1803 2298 1955 2347 ctore
1985 2293 2119 2357 Deo,
2146 2292 2348 2344 divinis
2380 2292 2701 2345 auctoribus
2760 2297 2816 2344 et
2862 2289 3171 2345 manifestis
3224 2291 3401 2345 ratio-

1804 2382 1970 2435 nibus
1996 2397 2182 2435 veram
2215 2397 2336 2435 esse
2367 2384 2766 2434 monstravero.
2800 2379 2974 2434 Porro
3018 2386 3206 2434 autem
3255 2376 3404 2449 quod

1804 2471 1960 2533 dicis,
2006 2471 2140 2523 Erat
2175 2476 2362 2523 autem
2408 2470 2744 2539 Burgundus
2798 2468 2855 2522 in
2902 2466 3183 2523 sententia
3230 2468 3402 2553 vulgi,

1804 2560 2108 2624 Paschasii,
2154 2564 2322 2630 atque
2362 2560 2677 2621 Lantranci,
2722 2576 2810 2612 me
2855 2558 3022 2612 etiam
3069 2575 3195 2612 cum
3237 2558 3403 2627 vulgo

1804 2652 2057 2721 deputas,
2088 2650 2461 2703 certissimum
2486 2655 2673 2713 ἐκῆ
2691 2648 2895 2701 habeto
2911 2652 2992 2707 tu.
3017 2642 3405 2700 indubitanter

1805 2734 2036 2793 credant
2064 2739 2231 2792 amici
2260 2736 2388 2802 mei,
2453 2722 2621 2807 atque
2668 2736 2915 2790 Ecclesia
2963 2732 3190 2801 Christi,
3243 2735 3403 2807 quasi

1805 2830 1974 2884 etiam
2013 2830 2233 2883 deesset
2254 2827 2390 2881 mihi
2429 2821 2754 2891 auctoritas,
2790 2832 2957 2895 atque
2996 2816 3161 2888 ratio,
3201 2816 3404 2895 quibus

1806 2918 1972 2971 ﬁdem
1995 2933 2177 2971 meam
2206 2915 2352 2970 tueri
2370 2930 2587 2984 possem
2607 2932 2619 2979 ;
2644 2914 2867 2966 mallem
2889 2919 3081 2967 tamen
3097 2929 3224 2965 cum
3238 2912 3402 2982 vulgo

1805 3002 1925 3059 esse
1957 3006 2200 3060 rusticus
2229 3009 2283 3057 et
2311 3003 2485 3057 idiota
2512 3002 2819 3055 catholicus
2853 3018 3021 3071 quam
3058 3005 3247 3054 tecum
3288 3000 3406 3053 exi-

1806 3100 1953 3149 stere
1982 3094 2209 3147 curialis
2231 3098 2398 3163 atque
2423 3090 2633 3145 facetus
2664 3091 2975 3144 haereticus.
3007 3089 3114 3144 Sed
3136 3089 3181 3143 si
3212 3086 3405 3157 Domi-

1805 3199 1911 3237 nus
1930 3184 2079 3236 Deus
2108 3188 2163 3235 te
2192 3188 2361 3251 atque
2391 3198 2479 3233 me
2529 3180 2586 3233 in
2631 3179 2917 3233 audientia
2958 3178 3135 3232 sancti
3184 3164 3411 3232 concilii

1805 3273 2136 3342 dignaretur
2161 3272 2521 3340 conjungere,
2552 3268 2621 3323 de
2651 3270 2858 3339 pietate
2888 3269 3007 3338 ejus
3036 3267 3252 3321 conﬁdo
3275 3256 3409 3338 quia

1808 3371 2056 3418 mutares
2084 3361 2269 3419 verba.
2294 3367 2544 3415 mutares
2572 3359 2929 3415 sententiam.

1882 3453 2132 3506 Benene.
2164 3470 2190 3503 «
2224 3452 2401 3514 Quam
2450 3448 2790 3503 sententiam
2850 3446 3233 3519 superioribus
3286 3444 3406 3500 suis

1814 3564 1835 3593 ε
1866 3541 2050 3595 verbis
2073 3542 2168 3594 ille
2196 3540 2315 3610 ipse
2343 3539 2562 3609 dejecit,
2598 3553 2699 3591 nec
2718 3524 2978 3591 attendit.
3020 3555 3048 3590 )3

1879 3631 2092 3686 LANFR.
2118 3631 2259 3685 Dum
2290 3627 2594 3682 insatiabili
2624 3627 2752 3680 odio
2791 3622 2952 3680 illum
2985 3624 3316 3695 insequeris,
3354 3622 3413 3678 et

1806 3721 1994 3791 ipsum
2015 3719 2258 3789 turpiter
2276 3716 2550 3771 infamare
2576 3716 2808 3769 minime
2825 3714 3126 3769 erubescis.
3144 3708 3413 3793 Quisquis

1807 3810 1957 3864 enim
1987 3807 2270 3863 contraria
2301 3809 2478 3877 jurat,
2509 3820 2738 3859 necesse
2768 3809 2853 3859 est
2876 3804 2933 3857 in
2973 3804 3246 3858 alterutro
3278 3820 3409 3873 per-

1806 3899 1944 3970 jurii
1972 3899 2183 3951 crimen
2202 3896 2468 3950 incurrat.
2496 3896 2663 3965 Ergo,
2685 3910 2810 3948 cum
2831 3893 2998 3947 verba
3020 3892 3088 3947 ad
3103 3893 3411 3969 jurandum

1812 3987 1912 4041 tibi
1936 3985 2147 4040 tradita
2175 3986 2323 4039 inter
2350 4000 2409 4038 se
2456 3983 2739 4038 contraria
2784 3999 2905 4037 esse
2942 3989 3183 4045 astruas,
3224 3982 3411 4035 mani-

151 4066 368 4136 fendere,
400 4072 463 4125 in
494 4071 677 4141 primo
696 4071 885 4125 statim
911 4073 1067 4127 aditu
1111 4073 1435 4127 defecerunt
1482 4079 1540 4127 et
1582 4073 1731 4144 capti
1812 4077 1954 4130 festa
1982 4090 2113 4127 voce
2141 4066 2431 4144 perjurum
2459 4080 2515 4126 te
2543 4087 2663 4125 esse
2692 4071 3049 4140 impudenter
3076 4069 3406 4141 proclamas.

153 4164 277 4210 sunt.
312 4160 400 4213 Ab
430 4161 542 4213 hac
568 4161 851 4214 sententia
878 4178 1166 4232 nunquam
1202 4162 1456 4216 discessit
1505 4170 1731 4215 sanctus
1890 4164 2080 4217 infelix
2100 4163 2297 4216 homo!
2332 4178 2365 4215 ο
2394 4160 2711 4214 miserrima
2730 4160 2953 4213 anima!
2985 4175 3086 4212 cur
3103 4162 3160 4211 te
3184 4157 3411 4210 credere

153 4244 243 4305 Leo
270 4248 322 4301 in
351 4249 625 4303 omnibus
652 4250 901 4304 conciliis
926 4252 1062 4315 suis,
1094 4268 1191 4305 seu
1211 4250 1412 4321 quibus
1432 4251 1550 4322 ipse
1570 4266 1729 4305 suam
1809 4254 2058 4324 jurabas,
2094 4269 2216 4322 quae
2241 4257 2533 4320 tantopere
2551 4250 2699 4302 inter
2730 4266 2789 4302 se
2816 4248 3086 4302 dissidere
3130 4245 3410 4316 intellige-

154 4339 491 4401 Pmsentiam
515 4338 783 4403 exhibuit,
817 4356 916 4393 seu
963 4355 1085 4410 quae
1124 4356 1222 4409 per
1262 4340 1474 4409 legatos
1511 4356 1642 4393 suos
1670 4326 2164 4397 inDbas7nonne
2194 4338 2510 4411 praestabat,
2553 4339 2600 4391 si
2637 4354 2827 4391 veram
2882 4337 3048 4391 ﬁdem
3107 4341 3161 4390 te
3206 4335 3415 4390 habere

151 4422 358 4481 diversis
388 4428 697 4498 provinciis
726 4430 1053 4499 congregari
1101 4429 1364 4483 instituit.
1416 4429 1549 4492 Quze
1603 4445 1732 4482 sen-
1813 4430 2072 4503 putabas,
2096 4429 2262 4482 vitam
2285 4429 2518 4481 honesta
2539 4431 2719 4480 morte
2736 4426 2898 4478 ﬁnire
2916 4440 3083 4495 quam
3100 4424 3413 4496 perjurium

151 4516 306 4568 tentia
323 4534 440 4571 non
477 4517 675 4586 effugit
710 4533 1087 4571 successorem
1112 4534 1332 4589 quoque
1360 4534 1525 4598 suum
1555 4517 1730 4571 felicis
1819 4519 2021 4581 facere,
2054 4517 2345 4589 perﬁdiam
2365 4516 2579 4585 jurare,
2601 4515 2767 4567 ﬁdem
2789 4512 3051 4583 abjurare
3072 4512 3224 4568 ?Sed
3244 4512 3410 4578 absit;

151 4607 413 4661 memoria:
444 4623 654 4677 papam
684 4606 986 4659 Victorem.
1018 4607 1125 4660 Sed
1145 4607 1416 4677 quidquid
1446 4607 1514 4660 de
1543 4607 1646 4660 hac
1674 4623 1736 4660 re
1817 4613 1883 4662 ut
1911 4609 2191 4678 scriptura
2218 4605 2397 4659 sancti
2434 4603 2652 4657 concilii
2690 4602 2878 4673 aliqua
2908 4603 3057 4656 inter
3087 4619 3146 4656 se
3191 4607 3418 4656 contra-

149 4708 231 4745 seu
252 4696 473 4749 caeteris
501 4696 623 4765 ipse
635 4694 852 4759 statuit,
877 4694 1115 4748 statuive
1135 4696 1416 4766 praecepit,
1438 4696 1542 4749 hoc
1563 4696 1732 4748 etiam
1819 4697 2040 4751 rietatis
2068 4695 2418 4766 oppositione
2457 4692 2747 4757 dissideat,
2799 4691 2865 4749 si.
2916 4696 3133 4745 remoto
3203 4688 3417 4745 calum-

150 4778 237 4833 iste
253 4800 354 4837 sua
383 4791 560 4854 atque
590 4784 844 4837 omnium
868 4783 1229 4838 conciliorum
1258 4800 1487 4838 suorum
1540 4792 1733 4839 aucto-

151 4871 295 4925 ritate
320 4874 593 4927 ﬁrmavit.
621 4873 877 4943 Denique
906 4872 964 4925 in
1009 4873 1242 4926 concilio
1278 4874 1610 4939 Turonensi,
1644 4874 1735 4928 cui

152 4958 302 5029 lisias
321 4963 638 5017 interfuere
670 4960 1024 5031 acpraefuere
1070 4962 1262 5031 legati,
1322 4963 1452 5016 data
1507 4970 1593 5017 est
1632 4963 1733 5017 tibi

151 5051 282 5117 optio
308 5051 654 5105 defendendi
682 5056 900 5121 partem
933 5057 1109 5104 tuam.
1150 5051 1328 5114 Quam
1366 5068 1494 5105 cum
1541 5052 1737 5106 defenl

152 5138 371 5193 dendam
424 5140 710 5210 suscipere
744 5156 857 5193 non
904 5139 1160 5203 auderes,
1210 5140 1494 5195 confessus
1548 5159 1736 5195 coram

151 5230 389 5283 amnibus
422 5245 783 5283 communem
810 5229 1066 5283 Ecclesia:
1091 5229 1258 5282 ﬁdem
1279 5231 1504 5299 jurasti,
1546 5230 1617 5283 ab
1644 5228 1740 5285 illa

149 5311 267 5369 liora
295 5324 352 5371 te
384 5319 472 5371 ita
500 5314 1026 5371 crediturum‘sicut
1049 5317 1106 5371 in
1138 5317 1388 5372 Romano
1426 5319 1659 5373 concilio
1682 5326 1738 5374 te

144 5401 341 5468 iurasse
364 5413 461 5460 est
490 5406 746 5476 superius
776 5405 1262 5476 comprehensum.
1296 5407 1470 5460 Porro
1499 5407 1633 5477 quid
1671 5408 1738 5461 de

153 5490 238 5546 hac
260 5512 321 5549 re
352 5502 616 5565 tempore
643 5494 861 5549 Nicolai
880 5501 1103 5565 gestum
1151 5495 1242 5562 sit,
1287 5494 1530 5550 breviter
1569 5512 1741 5567 supra

1816 4787 2009 4841 niandi
2036 4786 2241 4851 studio,
2274 4785 2512 4854 diligens
2543 4783 2719 4836 lector
2744 4781 2816 4835 ad
2854 4781 3283 4851 intelligendum
3317 4778 3415 4836 cu-

1818 4893 1938 4930 ram
1968 4875 2259 4944 impendat
2283 4874 2294 4926 ἓ
2327 4874 2395 4927 Et
2422 4873 2527 4925 hoc
2556 4871 2833 4941 posterius
2860 4869 3094 4941 patebit.

2435 4960 2667 5014 CAPUT
2714 4958 2788 5011 V.

1890 5053 2129 5106 Benene.
2169 5072 2190 5099 ι
2223 5050 2498 5114 Quienim
2527 5048 2665 5102 dicit
2692 5067 2702 5101 :
2726 5048 2895 5102 Panis
2923 5053 2981 5102 et
3004 5049 3193 5102 vinum
3225 5044 3418 5101 altaris

1828 5159 1853 5193 ‹‹
1888 5140 2239 5195 solummodo
2262 5144 2615 5193 sacramenta
2642 5143 2809 5205 sunt;
2847 5137 2928 5189 vel
2958 5137 3117 5207 panis
3144 5142 3200 5189 et
3225 5136 3413 5188 vinum

1828 5250 1853 5281 «
1884 5229 2078 5284 altaris
2105 5228 2457 5283 solummodo
2499 5233 2631 5281 sunt
2656 5242 2847 5280 verum
2879 5226 3086 5279 Christi
3127 5240 3326 5293 corpus
3363 5226 3420 5277 et

1825 5338 1854 5371 ι(
1885 5318 2321 5389 sanguis,modis
2342 5315 2601 5370 omnibus
2620 5331 2822 5386 panem
2844 5320 2900 5368 et
2919 5314 3106 5366 vinum
3127 5328 3420 5383 superesse

1825 5427 1855 5459 ιι
1883 5407 2194 5462 constituit.
2231 5425 2254 5456 ι

1893 5497 2095 5552 LANFR.
2124 5495 2278 5549 Nihil
2306 5495 2506 5548 horum
2536 5493 2794 5547 Romana
2806 5488 3054 5560 synodus
3075 5487 3417 5543 credendum
