3852 6178
448 285 556 344 415

1381 281 1444 337 Β.
1485 278 1902 337 LANFRANCI
1941 270 2307 332 CANTUAR.
2349 279 2688 338 ARCHIEP.

3576 294 3664 354 416

452 425 575 466 esse
595 407 859 476 decrevit,
893 423 994 466 nec
1021 405 1366 463 Humbertus
1414 406 1704 478 episcopus
1758 404 1829 460 ad
1874 397 2118 457 conﬁ-A
2138 418 2160 449 ι
2195 401 2388 457 altaris
2412 405 2765 462 solummodo
2787 413 2873 462 est
2899 415 3329 483 sacramentum,
3381 416 3484 470 vel:
3526 418 3671 474 Panis

457 499 690 554 tendum
724 498 808 552 vel
837 497 1144 568 jurandum
1173 497 1374 550 horum
1404 495 1505 549 tibi
1539 495 1752 566 aliquid
1787 492 2045 549 tradidit.

461 588 626 643 Prior
655 586 880 658 quidem
910 585 1205 651 sententia,
1235 602 1337 656 per
1351 601 1518 656 quam
1535 583 1772 638 dicitur:
1804 583 1971 638 Panis
2001 588 2058 636 et

455 677 648 731 vinum
679 674 872 730 altaris
891 674 1245 730 solummodo
1268 679 1620 728 sacramenta
1639 678 1790 741 sunt,
1819 678 1920 727 tua
1948 678 2053 741 est,

458 770 800 836 tuorumque
815 763 1160 835 sequacium.
1194 763 1478 818 Posterior
1492 779 1620 816 vero
1639 779 1760 833 quae
1779 762 2052 816 enuntiat:

459 854 628 910 Panis
658 861 716 908 et
740 853 930 908 vinum
961 852 1156 916 altaris
1186 852 1537 906 solummodo
1561 857 1892 906 suntverum
1905 849 2062 905 Chri-

456 944 530 998 sti
559 960 761 1015 corpus
799 949 857 998 et
879 942 1130 1013 sanguis,
1157 941 1365 996 nullius
1385 941 1675 995 hominum
1708 944 1810 994 est.
1834 941 1978 994 Nam
2004 944 2062 993 et

458 1038 523 1090 tu
552 1033 847 1087 veritatem
873 1033 1058 1086 carnis
1085 1048 1149 1085 ac
1175 1030 1464 1100 sanguinis
1484 1046 1676 1101 negas,
1719 1034 1775 1083 et
1815 1028 2060 1083 Ecclesia

461 1122 688 1188 Christi,
716 1122 796 1176 sic
817 1137 1016 1192 panem
1049 1120 1108 1174 in
1130 1136 1376 1185 carnem,
1409 1119 1598 1173 vinum
1629 1117 2061 1173 creditconverti

466 1211 523 1265 in
557 1211 912 1280 sanguinem,
944 1216 1008 1264 ut
1025 1216 1212 1264 tamen
1240 1208 1541 1263 salubriter
1555 1208 1748 1262 credat
1785 1213 1841 1262 et
1859 1207 2061 1262 veraci-

463 1304 553 1352 ter
582 1305 941 1371 recognoscat
971 1303 1382 1353 sacramentum
1414 1315 1534 1352 esse
1586 1297 1890 1352 Dominicaz
1931 1312 2062 1367 pas-

462 1389 654 1454 sionis,
687 1388 885 1443 divinae
913 1389 1341 1460 propitiationis,
1375 1388 1682 1442 concordiae
1709 1393 1764 1440 et
1805 1385 2058 1449 unitatis,

463 1483 748 1550 postremo
779 1484 1083 1548 assumptae
1112 1478 1180 1531 de
1200 1477 1428 1547 Virgine
1456 1476 1639 1530 carnis
1666 1493 1730 1530 ac
1769 1474 2056 1545 sanguinis

461 1568 684 1636 singula
713 1568 828 1622 suis
853 1566 1241 1637 distinctisque
1265 1566 1466 1632 modis,
1499 1566 1568 1620 de
1594 1565 1796 1636 quibus
1813 1581 1915 1618 suo
1935 1565 2056 1618 loco

454 1671 520 1710 ac
549 1661 798 1728 tempore
829 1655 1139 1710 evidentius
1162 1655 1491 1713 disseretur.
1519 1654 1582 1708 In
1611 1653 1910 1724 praesentia
1935 1659 2059 1708 tan-

457 1748 577 1798 tum
609 1745 827 1816 suscepi
859 1745 1152 1800 ostendere
1181 1743 1348 1799 verba
1387 1743 1628 1798 Romani
1667 1742 1902 1806 concilii,
1933 1759 2055 1813 qua

454 1838 512 1886 te
529 1839 881 1888 servaturum
909 1833 1278 1904 jurejurando
1310 1832 1570 1897 ﬁrmasti,
1590 1830 1745 1886 nulla
1773 1848 1808 1886 a
1833 1848 1892 1885 se
1922 1831 2057 1886 invi-

454 1938 574 1977 cem
644 1923 1046 1977 contrarietate
1105 1923 1348 1976 dillerre.
1379 1919 1759 1991 Arguentibus
1813 1920 1964 1974 enim
2001 1926 2058 1975 te

460 2010 658 2067 amicis
687 2029 751 2066 ac
780 2011 1112 2067 necessariis
1141 2011 1254 2065 tuis
1299 2010 1448 2081 quod
1494 2015 1594 2063 aut
1630 2025 1743 2063 non
1784 2010 2060 2064 servanda

457 2101 651 2171 jurare
681 2117 794 2154 non
819 2100 1100 2160 debueris,
1133 2105 1233 2154 aut
1257 2101 1448 2170 jurata
1494 2115 1737 2164 servare,
1786 2099 2060 2154 infamare

461 2190 606 2246 soles
633 2189 926 2245 Nicolaum
951 2191 1271 2261 pontiﬁcem
1317 2191 1674 2261 reliquosque
1715 2190 1911 2244 Patres
1947 2190 2060 2244 Ro-

461 2279 614 2336 mani
641 2279 883 2347 concilii,
910 2279 1168 2334 videlicet
1195 2281 1362 2351 quod,
1413 2281 1675 2335 docentes
1711 2296 1776 2334 ac
1819 2279 2058 2334 scientes

461 2369 765 2432 contraria,
795 2370 880 2424 tui
911 2369 1138 2424 fuerunt
1166 2386 1338 2423 causa
1365 2369 1616 2440 perjurii.
1648 2367 1711 2422 Id
1743 2385 1964 2440 quoque
1996 2369 2056 2423 in

459 2453 564 2510 hoc
591 2458 876 2527 opusculo,
930 2458 1078 2529 quod
1123 2458 1526 2513 destruendum
1575 2457 1814 2528 suscepi,
1848 2455 2055 2528 ubique

457 2543 573 2600 fere
602 2546 823 2601 laboras
856 2545 1074 2602 efﬁcere
1095 2552 1420 2619 ;propterea
1431 2546 1765 2602 conferenda
1787 2551 1921 2602 sunt
1934 2563 2055 2600 ver-

454 2631 526 2688 ba
555 2638 654 2690 tua
673 2634 854 2689 verbis
880 2652 1090 2692 eorum.
1480 2687 1488 2692 .
2013 2652 2017 2656 ‘

531 2723 797 2779 Nicolaus
850 2741 1017 2796 papa,
1069 2726 1417 2797 comperiens
1472 2732 1529 2781 te
1601 2727 1799 2781 docere
1852 2742 2054 2798 panem

460 2811 764 2884 vinumque
793 2814 1006 2881 altaris,
1040 2819 1168 2886 post
1194 2815 1690 2884 consecrationem,
1717 2816 1837 2870 sine
1873 2823 2056 2870 mate-

455 2902 583 2958 riali
610 2904 921 2958 mutatione
944 2904 1003 2958 in
1035 2905 1287 2976 pristinis
1307 2904 1566 2961 essentiis
1593 2922 2055 2972 remanere,con-

451 3003 608 3044 cessa
631 2989 752 3058 tibi,
785 2991 930 3047 sicut
969 2994 1226 3065 superius
1271 2994 1480 3049 dictum
1528 2999 1632 3061 est,
1681 2993 2056 3067 respondendi

452 3075 701 3146 licentia,
733 3097 860 3136 cum
883 3099 995 3136 non
1016 3083 1254 3138 auderes
1269 3100 1370 3155 pro
1399 3090 1511 3138 tuae
1537 3085 1714 3156 partis
1734 3086 2058 3140 defensione

450 3164 664 3237 aliquid
693 3170 1050 3241 respondere,
1083 3171 1291 3242 pietate
1323 3178 1510 3227 motus
1553 3173 1625 3227 ad
1678 3189 1871 3244 preces
1924 3181 2057 3228 tuas

448 3257 710 3329 pracepit
737 3259 886 3313 tradi
914 3260 1250 3332 scripturam
1280 3260 1380 3315 tibi
1402 3279 1572 3333 quam
1589 3264 1848 3334 superius
1872 3264 2054 3335 posui.

453 3343 587 3414 Ejus
612 3347 949 3419 principium
980 3348 1086 3403 hoc
1115 3356 1267 3404 erat:

528 3450 556 3486 α
591 3435 706 3505 Ego
751 3436 1124 3508 Berengarius
1167 3440 1580 3495 anathematizo
1622 3457 1746 3496 eam
1775 3441 2052 3509 haeresim,

457 3541 480 3573 ι
517 3522 586 3576 de
617 3540 728 3594 qua
769 3525 1040 3582 hactenus
1097 3528 1405 3584 infamatus
1433 3547 1577 3595 sum,
1629 3548 1751 3602 qua:
1801 3537 2054 3587 astruere

453 3631 478 3664 ι
516 3619 752 3668 conatur
779 3631 984 3686 panem
1007 3623 1065 3672 et
1084 3618 1436 3690 vinum,quae
1464 3620 1524 3674 in
1551 3619 1718 3674 altari
1744 3629 2050 3692 ponuntur,

457 3723 480 3756 α
514 3709 642 3776 post
678 3707 1174 3774 consecrationem,
1212 3708 1564 3764 solummodo
1610 3721 2048 3781 sacramentum,

458 3812 481 3846 α
517 3799 574 3849 et
601 3810 713 3850 non
743 3811 933 3850 verum
962 3813 1164 3868 corpus
1179 3803 1237 3853 et
1264 3798 1596 3868 sanguinem
1625 3800 1846 3855 Domini
1875 3803 2050 3857 nostri

453 3902 479 3935 «
509 3884 644 3938 Jesu
674 3884 879 3938 Christi
908 3901 1048 3940 esse.
1072 3904 1101 3939 »

525 3973 852 4028 Rectissime
873 3975 925 4029 id
973 3976 1221 4046 quidem,
1253 3981 1312 4030 et
1337 3976 1457 4048 ipse
1487 3979 1767 4050 praecepit,
1802 3986 1856 4034 et
1893 3999 2058 4054 syno-

449 4064 554 4118 dus
583 4064 842 4132 assensit,
875 4070 932 4118 et
950 4070 1011 4120 tu
1034 4071 1324 4121 exsecutus
1353 4083 1432 4132 es,
1473 4067 1520 4121 si
1558 4067 1769 4123 labium
1800 4071 2056 4128 dolosum

449 4153 510 4207 in
538 4153 707 4208 corde
737 4159 796 4208 et
823 4155 990 4209 corde
1018 4155 1236 4209 locutus
1267 4172 1379 4209 non
1408 4156 1629 4223 fuisses,
1669 4158 1716 4212 si
1752 4160 1824 4213 ad
1871 4160 2055 4231 pristi-

447 4257 585 4298 num
605 4243 876 4298 vomitum
903 4251 960 4298 et
987 4244 1057 4298 ad
1087 4244 1439 4299 volutabrum
1471 4247 1575 4301 luti
1602 4247 1902 4302 infeliciter
1923 4266 2053 4320 per-

2141 509 2166 543 ‹‹
2197 492 2391 547 altaris
2405 494 2754 550 solummodo
2769 502 3055 553 estverum
3069 517 3266 572 corpus
3277 503 3484 571 Christi,
3501 523 3674 577 panem

2143 600 2164 632 ι
2198 581 2256 635 in
2286 582 2450 637 altari
2479 601 2601 639 esse
2624 601 2736 640 non
2775 594 2964 658 negat,
3021 605 3221 659 panem
3266 598 3320 644 et
3368 593 3544 648 vinum
3575 612 3677 650 esse

2145 691 2167 719 ι
2197 672 2496 727 conﬁrmat
2519 673 2578 728 in
2607 691 2802 730 mensa
2826 676 3138 732 Dominica.
3173 698 3198 730 »

2213 765 2404 827 236
2431 761 2637 818 Lassa.
2665 764 2873 818 Verum
2893 765 3236 833 adnecteres,
3267 767 3311 822 si
3332 769 3542 839 ignarus
3559 773 3683 826 veri-

2141 848 2274 902 tatis
2302 850 2547 920 priorem
2586 853 2983 923 propositionis
3028 861 3243 925 partem
3282 857 3557 928 quisquam
3585 867 3684 914 sta-

2140 944 2343 1005 tueret,
2378 939 2488 994 nisi
2508 940 2649 995 forte
2679 943 2919 1012 ﬁgurato
2955 943 3250 999 locutionis
3297 947 3453 1000 modo
3487 947 3688 1003 verbum

2143 1027 2278 1082 illud
2309 1029 2602 1099 proferret.
2629 1031 2884 1086 Solemus
2915 1033 3065 1086 enim
3109 1033 3322 1104 aliquas
3375 1051 3458 1089 res
3491 1037 3686 1090 illarum

2141 1133 2353 1182 rerum,
2385 1133 2451 1170 ex
2471 1116 2672 1188 quibus
2701 1118 3039 1186 efﬁciuntur,
3071 1120 3387 1175 nominibus
3421 1123 3686 1194 appellare,

2144 1206 2416 1276 quamvis,
2449 1206 2507 1260 in
2537 1207 2704 1260 aliam
2733 1213 2997 1262 naturam
3024 1211 3328 1276 translata},
3342 1211 3452 1278 jam
3467 1227 3568 1265 non
3584 1229 3689 1283 pos-

2142 1293 2256 1347 sint
2284 1311 2405 1348 esse
2436 1295 2572 1350 illud
2586 1297 2734 1367 quod
2761 1303 2894 1351 sunt
2922 1314 3010 1352 res
3039 1298 3147 1352 illae
3176 1315 3241 1352 ex
3269 1299 3460 1370 quibus
3481 1299 3691 1370 probari»

2145 1387 2240 1437 tur
2262 1385 2489 1439 effectae.
2504 1385 2660 1440 Sicut
2673 1384 2872 1440 beatus
2889 1387 3241 1456 Augustinus
3260 1389 3344 1457 (in
3369 1391 3501 1456 psal.
3524 1396 3688 1457 cum)

2141 1472 2199 1526 in
2238 1479 2486 1528 extremo
2515 1475 2857 1546 psalmorum
2887 1477 3292 1547 explanationis
3329 1493 3504 1548 opere,
3534 1495 3556 1528 α
3577 1477 3692 1531 cris-

2139 1563 2337 1618 tallum
2365 1581 2392 1616 ι>
2412 1571 2574 1619 vocat
2603 1582 2631 1618 α
2657 1564 2842 1619 nivem
2863 1566 3168 1620 multorum
3189 1567 3694 1620 annorumduratam

2140 1657 2413 1724 tempore,
2443 1660 2500 1708 et
2529 1653 2674 1708 serie
2695 1654 3044 1720 saeculorum,
3072 1673 3099 1708 ι
3132 1671 3260 1709 cum
3289 1655 3380 1709 nix
3410 1655 3479 1708 sit
3513 1653 3697 1725 liquida

2139 1746 2196 1795 et
2223 1741 2475 1806 humida,
2492 1742 2724 1797 cristalli
2744 1759 2875 1797 vero
2904 1749 3108 1798 natura
3126 1744 3472 1798 existatdura
3493 1743 3692 1796 etsicca.

2135 1833 2215 1886 Ac
2235 1846 2336 1900 per
2353 1830 2458 1884 hoc
2476 1847 2602 1885 cum
2620 1838 2736 1884 tam
2758 1831 2989 1886 diversa:
3009 1838 3226 1886 naturtn
3254 1832 3366 1886 sint
3399 1831 3454 1885 in
3477 1831 3697 1901 utrisque

2138 1935 2250 1973 non
2281 1925 2428 1973 recte
2454 1919 2580 1990 quis
2621 1919 2929 1974 cristallum
2970 1921 3154 1975 nivem
3181 1921 3470 1984 vocaverit,
3511 1920 3606 1974 nisi
3645 1937 3698 1974 eo

2140 2007 2441 2062 locutionis
2478 2009 2643 2062 modo
2698 2025 2808 2080 quo
2855 2026 2946 2064 res
3001 2011 3200 2065 effecta
3255 2009 3523 2064 materiali
3579 2009 3700 2063 solet

2141 2097 2369 2151 nomine
2398 2098 2695 2168 appellari.
2726 2099 2794 2152 Et
2813 2099 3046 2153 Creator
3073 2116 3139 2153 ex
3164 2106 3317 2154 terra
3340 2104 3518 2154 creato
3543 2097 3700 2170 primo

2141 2185 2355 2240 homini
2374 2185 2431 2240 in
2458 2185 2661 2240 Genesi
2700 2187 2867 2241 dicit:
2907 2189 3076 2241 Terra
3105 2206 3176 2253 es,
3211 2195 3260 2243 et
3288 2192 3350 2242 in
3380 2195 3574 2241 terram
3610 2188 3699 2238 ibi:

2137 2276 2290 2346 (Gen.
2322 2289 2398 2336 ιιι,
2433 2272 2545 2343 19).
2596 2274 2768 2339 Quasi
2797 2275 3009 2330 diceret
3051 2302 3064 2335 :
3125 2277 3271 2341 Quia
3321 2276 3492 2330 factus
3541 2291 3596 2328 es
3643 2289 3699 2326 ex

2138 2370 2310 2430 terra,
2345 2363 2682 2434 quandoque
2732 2365 2831 2417 ﬁes
2869 2368 3040 2432 terra,
3089 2370 3146 2419 et
3196 2364 3486 2419 reverteris
3517 2363 3571 2417 in
3603 2366 3697 2415 ter-

2137 2469 2281 2506 ram.

2209 2540 2640 2610 Verumtamen,
2670 2546 2736 2596 ut
2764 2541 2896 2610 dixi,
2923 2543 3027 2599 has
3044 2543 3351 2598 sententias
3367 2558 3522 2597 nemo
3537 2541 3698 2597 catho-

2135 2634 2273 2688 licus
2303 2635 2519 2706 recipit,
2552 2635 2874 2690 Christiana
2919 2653 3014 2692 eas
3058 2637 3256 2708 religio
3300 2654 3410 2691 non
3445 2635 3691 2691 admittit.

2134 2724 2280 2778 Nam
2335 2725 2578 2796 priorem
2632 2731 2790 2781 tuam
2837 2743 2959 2782 esse
3013 2733 3260 2798 tantum,
3289 2732 3504 2798 tuaeque
3535 2731 3698 2789 secta,

2138 2829 2302 2869 nemo
2333 2815 2429 2886 qui
2447 2815 2717 2886 ambigat.
2743 2816 3118 2872 Posteriorem
3146 2833 3279 2871 vero
3304 2831 3481 2886 neque
3507 2821 3565 2868 tu
3586 2811 3702 2866 reci-

2138 2903 2242 2973 pis,
2277 2903 2372 2975 qui
2399 2905 2582 2959 carnis
2610 2922 2674 2960 ac
2701 2906 2990 2977 sanguinis
3018 2912 3256 2977 negator
3292 2905 3492 2970 existis,
3543 2918 3702 2973 neque

2073 3028 2117 3088 C
2139 3009 2261 3059 nos,
2287 2992 2382 3064 qui
2413 2993 2492 3047 sic
2519 2998 2822 3066 utrumque
2850 2996 3094 3050 fatemur
3123 3002 3184 3049 ut
3205 3000 3395 3049 tamen
3428 2991 3702 3046 multarum

2139 3085 2198 3134 et
2225 3081 2569 3136 excelsarum
2598 3099 2787 3136 rerum
2815 3083 3055 3154 ﬁguram
3082 3099 3146 3136 ac
3178 3087 3580 3137 sacramentum
3599 3094 3703 3131 esse

2139 3169 2371 3224 minime
2397 3170 2757 3242 abnegemus.
2792 3172 2966 3226 Porro
2991 3172 3323 3237 similitudo,
3343 3185 3504 3241 quam
3527 3168 3589 3221 de
3614 3166 3706 3220 Do-

2139 3259 2292 3314 mino
2318 3259 2458 3314 Jesu
2488 3261 2711 3316 Christo
2766 3267 2824 3316 et
2865 3261 3050 3332 lapide
3093 3260 3354 3331 angulari
3383 3256 3624 3330 posuisti,
3658 3261 3706 3308 te

2138 3348 2392 3419 impedit,
2430 3366 2532 3404 nos
2551 3350 2794 3422 expedit.
2825 3350 2982 3405 Sicut
3011 3350 3161 3404 enim
3193 3350 3292 3420 qui
3312 3348 3474 3403 dicit;
3509 3366 3530 3396 ι
3563 3343 3706 3399 Chri-

2138 3443 2258 3492 stus
2288 3444 2372 3493 est
2401 3439 2541 3511 lapis
2560 3439 2866 3510 angularis,
2905 3459 2926 3490 ι
2953 3456 3062 3494 non
3079 3455 3278 3493 revera
3296 3437 3571 3493 Christum
3589 3432 3707 3505 lapi-

2136 3529 2266 3584 dem
2297 3545 2418 3583 esse
2447 3529 2761 3598 constituit,
2795 3529 2894 3584 sed
2925 3534 3154 3600 prOpter
3189 3529 3436 3599 aliquam
3475 3524 3709 3579 similitu-

2135 3619 2347 3685 dinem,
2379 3636 2546 3691 quam
2574 3620 2644 3673 ad
2670 3636 2729 3673 se
2757 3618 2993 3673 invicem
3019 3625 3248 3689 gerunt,
3281 3619 3332 3674 ei
3375 3631 3569 3672 nomen
3618 3614 3705 3667 im-

2133 3714 2388 3781 ponunt;
2419 3709 2614 3763 eodem
2646 3709 2812 3763 modo
2867 3725 2996 3762 cum
3040 3707 3230 3761 divina
3271 3706 3474 3778 pagina
3521 3718 3704 3772 corpus

2132 3799 2358 3853 Domini
2388 3815 2589 3870 panem
2616 3803 2794 3865 vocat,
2822 3803 3042 3852 sacrata
3069 3814 3134 3851 ac
3169 3797 3414 3869 mystica
3452 3793 3706 3848 locutione

2133 3888 2190 3941 id
2212 3888 2346 3958 agit,
2391 3903 2513 3950 seu,
2545 3887 2811 3958 quoniam
2857 3904 2923 3940 ex
2970 3903 3114 3958 pane
3163 3885 3459 3940 conﬁcitur
3495 3884 3706 3953 ejusque

2139 3976 2439 4031 nonnullas
2481 3975 2690 4030 retinet
2743 3977 3080 4046 qualitates;
3137 3991 3260 4042 seu,
3315 3973 3446 4045 quia
3483 3970 3706 4025 animam

2138 4064 2780 4136 incomprehensibiliter
2817 4064 3094 4135 pascendo
3123 4063 3297 4118 satiat
3326 4063 3485 4134 eique
3513 4067 3710 4113 aeterna:

2147 4153 2270 4206 vitae
2298 4153 2671 4208 substantiam
2715 4151 3146 4218 subministrat;
3191 4153 3299 4219 vel,
3350 4150 3495 4222 quod
3532 4159 3710 4215 corpus

2135 4248 2222 4296 est
2237 4241 2362 4296 Filii
2389 4242 2510 4307 Dei,
2533 4241 2629 4312 qui
2650 4247 2735 4296 est.
2765 4242 2926 4312 panis
2963 4241 3318 4311 angelorum,
3363 4245 3410 4293 et
3455 4241 3515 4292 in
3548 4249 3710 4304 quem,

443 4332 611 4401 jurus
629 4336 826 4402 postea
856 4349 969 4387 non
1001 4333 1260 4388 redisses.
1287 4334 1586 4389 Sacrorum
1613 4351 1859 4407 namque
1889 4354 2115 4407 cano-“
2134 4332 2280 4386 sicut
2332 4331 2413 4386 ait
2468 4331 2725 4402 princeps
2753 4330 3154 4401 apostolorum,
3204 4331 3518 4383 desiderant
3546 4322 3712 4390 ang‘eti

450 4437 585 4475 num
613 4422 946 4476 auctoritate
997 4423 1348 4489 instruimur,
1400 4431 1465 4478 ut
1506 4441 1692 4491 nemo,
1738 4425 1809 4479 ab
1851 4427 2050 4482 hieresi

449 4515 755 4576 revertens,
783 4511 1170 4566 ecclesiasticae
1198 4513 1607 4567 communionis
1637 4515 1914 4587 particeps
1929 4532 2050 4571 esse

449 4597 829 4669 permittatur,
855 4599 1218 4670 quoadusQue
1250 4617 1570 4671 perversum
1599 4603 1806 4673 dogma
1832 4605 2052 4660 vinculo

452 4685 828 4740 anathematis
854 4685 1124 4739 damnare
1165 4689 1552 4758 compellatur.
1597 4689 1808 4744 Verum
1849 4691 1908 4746 in
1964 4692 2050 4747 his

449 4772 652 4840 verbis,
675 4790 778 4828 nec
810 4773 974 4828 verba
1000 4782 1100 4829 tua
1125 4779 1384 4847 superius
1438 4777 1637 4848 posita,
1697 4795 1800 4833 nec
1855 4796 2049 4834 eorum

449 4862 758 4917 sententias
787 4863 1082 4935 quisquam
1110 4865 1316 4936 poterit
1342 4865 1610 4921 invenire.
1634 4867 1794 4922 Unde
1817 4876 2053 4941 apparet

451 4969 834 5023 perversorem
892 4970 958 5008 ac
1011 4954 1397 5010 subversorem
1451 4962 1507 5011 te
1561 4973 1681 5012 esse
1733 4959 2049 5014 divinarum

448 5043 786 5111 litterarum,
820 5050 878 5099 et
904 5061 968 5099 ex
992 5045 1308 5117 depravatis
1336 5047 1589 5118 ﬁctisque
1627 5051 1918 5104 sententiis
1960 5068 2050 5106 er-

449 5133 592 5188 roris
636 5132 869 5188 nebulas
912 5151 1176 5206 spargere
1219 5136 1513 5206 imperitis,
1563 5137 1879 5210 falsumque
1929 5157 2050 5194 esse

449 5221 596 5293 quod
623 5238 689 5277 ex
719 5223 856 5276 falso
880 5223 1152 5294 principio
1180 5224 1500 5278 constiterit
1523 5242 1804 5281 emanare.

1067 5311 1298 5368 CAPUT
1335 5314 1430 5368 v1.
1943 5380 1948 5384 δ

520 5401 761 5454 BERENG.
807 5420 830 5451 ι
857 5400 1012 5456 Sicut
1026 5401 1175 5456 enim
1206 5402 1302 5473 qui
1329 5402 1493 5458 dicit:
1515 5404 1771 5460 Christus
1791 5412 1876 5461 est
1895 5424 2050 5462 sum-

451 5507 479 5543 ¢
510 5505 636 5546 mus
659 5490 944 5560 angularis
973 5490 1135 5565 lapis,
1159 5491 1447 5547 Christum
1475 5509 1588 5548 non
1631 5494 1835 5562 aufert,
1885 5497 2049 5550 Chri-

453 5596 481 5630 α
513 5583 663 5632 stum
703 5595 825 5632 esse
853 5579 1082 5636 omnino
1111 5581 1432 5650 constituit;
1455 5582 1536 5639 ita
1555 5583 1650 5656 qui
1689 5583 1855 5639 dicit:
1881 5585 2051 5641 Panis

2066 4385 2116 4445 D

2127 4424 2435 4491 prospicere
2481 4422 2530 4475 (Ι
2587 4422 2698 4474 Pet.
2750 4434 2789 4486 I,
2842 4418 2934 4486 2);
2989 4436 3108 4484 seu,
3158 4417 3351 4490 aliquo
3407 4416 3514 4471 alio
3567 4409 3713 4466 modo

2133 4511 2229 4583 qui
2258 4528 2292 4564 a
2319 4508 2662 4564 doctioribus
2687 4508 3085 4580 comprehendi
3128 4513 3331 4579 potest,
3365 4523 3400 4560 ιι
3433 4503 3586 4559 nobis
3615 4513 3712 4553 non

2133 4604 2337 4670 potest.

2735 4686 2969 4741 CAPUT
3003 4686 3127 4740 VII.

2204 4778 2441 4832 BERENG.
2479 4795 2505 4827 «
2536 4777 2663 4831 Non
2689 4775 2840 4830 enim
2877 4781 3133 4829 constare
3176 4774 3389 4845 poterit
3433 4764 3712 4826 afﬁrmatio

2137 4887 2159 4918 α
2198 4866 2399 4933 omnis,
2425 4871 2584 4938 parte
2612 4864 2964 4932 subruta;et
2995 4863 3117 4929 hoc,
3163 4863 3311 4918 sicut
3361 4861 3498 4915 dicit
3535 4859 3716 4913 beatus

2133 4973 2161 5009 ε
2193 4955 2543 5026 Augustinus
2561 4955 2620 5009 in
2655 4953 2800 5008 libro
2829 4952 3187 5023 De,doctrina
3216 4950 3567 5007 Christiana:
3599 4964 3624 4997 (ί
3657 4943 3714 4997 In

2135 5063 2161 5097 α
2195 5045 2314 5116 ipsa
2335 5043 2666 5099 azternitatis
2697 5044 2947 5110 veritate,
2981 5058 3106 5113 quae
3122 5042 3271 5097 Deus
3299 5046 3405 5108 est,
3438 5033 3716 5093 indissolu-

2135 5153 2161 5186 ει
2189 5132 2378 5187 biliter
2399 5138 2636 5186 constat.
2674 5151 2696 5182 ι

2202 5223 2412 5277 Lassa.
2447 5222 2674 5276 Relictis
2703 5220 2876 5275 sacris
2899 5217 3347 5286 auctoritatibus,
3379 5217 3453 5271 ad
3481 5210 3719 5270 dialecti-

2131 5327 2255 5366 cam
2284 5311 2608 5382 confugium
2635 5310 2788 5367 facis.
2833 5310 2903 5364 Et
2927 5309 3154 5380 quidem
3185 5309 3254 5362 de
3281 5305 3553 5378 mysterio
3601 5298 3718 5355 ﬁdei

2133 5402 2426 5456 auditurus
2453 5417 2519 5456 ac
2547 5415 2919 5472 responsurus
2949 5415 3072 5470 qua:
3095 5398 3165 5452 ad
3193 5413 3312 5452 rem
3342 5394 3583 5450 debeant
3608 5405 3719 5462 per-

2132 5493 2333 5558 tinere,
2365 5492 2594 5546 mallem
2622 5490 2820 5546 audire
2839 5505 2905 5544 ac
2926 5489 3262 5560 respondere
3284 5501 3476 5540 sacras
3493 5479 3719 5536 auctori-

2134 5591 2280 5645 tates
2310 5597 2480 5657 quam
2509 5579 2830 5637 dialecticas
2862 5577 3128 5633 rationes.
3153 5577 3364 5632 Verum
3393 5578 3589 5628 contra
3613 5569 3719 5623 haec
