3852 6178
179 268 253 326 il?

940 267 1156 324 LIBER
1200 270 1294 326 DE
1333 271 1670 330 CORPORE
1709 271 1800 328 ET
1836 268 2206 327 SANGUINE
2243 269 2530 327 DOMINI.

3261 266 3366 324 418

178 409 344 467 quoque
365 391 521 446 nostri
551 392 660 447 erit
683 394 856 449 studii
888 398 1329 468 respondere,ne
1359 400 1538 472 ipsius
1563 402 1704 456 artis
1719 402 1768 462 Α
1784 405 2058 466 mentum,
2076 399 2160 453 vel
2191 400 2352 471 panis
2383 406 2440 455 et
2453 400 2643 454 vinum
2659 396 2854 452 altaris
2874 395 3223 452 solummodo
3237 397 3369 449 sunt

178 483 312 554 inopia
340 499 417 536 me
440 487 592 552 putes
623 481 682 537 in
711 484 816 538 hac
850 484 952 540 tibi
998 491 1157 557 parte
1213 488 1433 556 deesse;
1459 490 1695 545 fortasse

172 571 382 642 jactantia
407 570 725 641 quibusdam
757 573 1058 641 videbitur,
1091 582 1148 630 et
1187 577 1550 632 ostentationi
1581 596 1696 633 ma-

172 662 233 729 gis
249 676 382 730 quam
432 660 742 715 necessitati
799 661 1180 733 deputabitur.
1215 665 1324 721 Sed
1360 667 1516 722 testis
1554 667 1690 722 mihi

174 748 281 803 Deus
307 757 395 811 est,
423 753 474 801 et
497 749 836 805 conscientia
866 769 1010 814 mea,
1046 753 1179 823 quia
1207 753 1264 808 in
1297 761 1541 811 tractatu
1559 756 1696 810 divi-

171 853 319 891 narum
347 837 660 902 litterarum,
690 856 792 894 nec
811 857 1145 913 proponere,
1167 859 1270 898 nec
1289 844 1359 897 ad
1379 845 1695 916 prOpositas

171 926 437 996 respondere
462 943 720 998 cuperem
750 928 1068 985 dialecticas
1093 932 1428 1002 quaestiones
1475 933 1562 986 vel
1599 948 1694 986 ea-

169 1031 257 1068 nim
271 1015 685 1070 solutiones.Etsi
706 1019 930 1088 quando
951 1020 1188 1074 materia
1218 1021 1544 1092 disputandi
1564 1020 1694 1074 talis

169 1110 291 1159 estut
308 1105 500 1178 [ﬂ,per]
517 1105 685 1172 hujus
707 1108 845 1161 artis
869 1110 1094 1178 regulas
1141 1111 1326 1164 valeat
1346 1110 1693 1165 enucleatius

167 1195 384 1264 explicari,
417 1195 470 1248 in
511 1201 783 1266 quantum
824 1213 1074 1268 possum,
1099 1215 1202 1269 per
1250 1198 1694 1271 aequipollentias

167 1283 534 1352 propositionum
590 1290 720 1355 tego
779 1292 980 1353 artem,
1015 1305 1086 1342 ne
1134 1289 1328 1342 videar
1355 1288 1535 1359 magis
1572 1292 1695 1341 arte

164 1389 288 1441 quam
309 1372 524 1427 veritate
579 1380 1017 1446 sanctorumque
1065 1378 1301 1431 Patrum
1359 1376 1694 1431 auctoritate

163 1462 395 1526 conﬁdere,
421 1463 670 1533 quamvis
691 1463 891 1518 beatus
903 1466 1337 1536 Augustinus,in
1357 1465 1690 1536 quibusdam

160 1553 246 1607 suis
266 1552 476 1623 scriptis,
514 1557 573 1606 et
601 1553 842 1606 maxime
867 1553 925 1606 in
967 1553 1109 1607 libro
1137 1553 1219 1608 De
1247 1553 1501 1608 doctrina
1528 1553 1692 1608 Chri-

161 1641 314 1706 stiana,
343 1641 471 1694 hanc
504 1640 864 1711 disciplinam
899 1642 1249 1713 amplissime
1277 1642 1488 1704 laudet,
1531 1646 1588 1695 et
1619 1641 1688 1695 ad

1777 506 1970 543 verum
2000 487 2204 543 Christi
2229 504 2430 560 corpus
2452 493 2505 543 et
2521 487 2768 558 sanguis,
2791 491 3095 556 utrumque
3123 484 3368 539 afﬁrma-

1777 579 1855 632 tio
1886 582 1988 632 est.
2021 577 2122 631 His
2176 576 2394 631 duabus
2441 575 2873 648 particularibus
2902 573 3363 646 praecedentibus,

1776 666 2060 739 poterisne
2088 666 2427 735 regulariter
2454 666 2801 730 concludere,
2835 669 2993 736 parte
3021 662 3275 728 subruta,
3301 679 3365 717 ea

1775 772 1887 809 non
1911 771 2073 826 posse
2102 755 2404 808 constare?
2433 753 2592 807 Absit
2616 756 2628 808 !
2655 753 2720 807 In
2736 753 2889 807 nulla
2909 753 3115 823 quippe
3144 751 3369 822 syllogi-

1777 861 2025 898 smorum
2048 843 2696 914 figura,prsecedentibus
2708 842 2923 897 duabus
2940 840 3370 910 particularibus

1775 931 2434 1002 consequenterinfertur
2453 931 2732 986 conclusio
2755 930 3041 985 ulla.Male
3060 930 3367 1001 igituream

1775 1021 2230 1076 collocasti.Illud
2252 1037 2380 1075 vero
2396 1020 2771 1092 perfunctorie
2792 1037 2903 1074 non
2920 1025 3004 1074 est
3019 1024 3363 1090 praetereun-

1775 1111 1907 1164 dum
1941 1110 2087 1180 quod
2117 1110 2357 1180 praefata
2389 1108 2782 1180 propositionis
2831 1114 2945 1162 tum
2991 1108 3282 1162 veritatem
3307 1109 3366 1162 in

1774 1197 2230 1269 ipsaaeternitatis
2254 1199 2508 1263 veritate,
2530 1215 2652 1269 qua:
2681 1199 2828 1252 Deus
2857 1203 2962 1262 est,
3006 1198 3368 1253 indissolubi-

1774 1288 1905 1342 liter
1934 1293 2190 1342 constare
2247 1287 2600 1357 perhibuisti,
2651 1288 2819 1358 idque
2849 1287 2996 1342 beati
3046 1287 3364 1358 Augustini,

1774 1376 1855 1430 De
1919 1377 2174 1431 doctrina
2227 1377 2566 1437 Christiana,
2621 1377 2955 1431 auctoritate
3006 1376 3263 1431 ﬁrmasti.
3301 1377 3370 1430 Et

1777 1465 1998 1536 quidem
2023 1465 2328 1536 propositio
2348 1465 2469 1536 ipsa
2491 1482 2619 1519 vera
2633 1473 2734 1524 est.
2762 1464 3366 1537 vermquepropositio-

1773 1555 1861 1609 nis
1891 1555 2000 1608 vim
2033 1571 2134 1608 suo
2159 1555 2279 1608 loco
2310 1555 2492 1625 posita
2511 1553 2807 1621 obtineret;
2829 1555 2924 1608 sed
2955 1560 3016 1608 tu
3035 1555 3179 1607 male
3208 1559 3266 1608 et
3289 1553 3369 1607 in-

1774 1644 2077 1698 efficaciter
2101 1660 2223 1696 eam
2257 1643 2513 1714 posuisti.
2550 1645 2666 1697 Nec
2695 1643 2817 1714 ejus
2846 1643 3026 1713 magis
3043 1659 3210 1714 quam
3251 1659 3368 1696 om-

159 1730 303 1783 omnia
327 1746 436 1800 quae
455 1730 512 1783 in
545 1730 720 1783 sacris
760 1730 967 1784 litteris
998 1731 1350 1801 vestigantur
1385 1731 1688 1802 plurimum
1709 1755 1753 1814 Β
1774 1732 1928 1786 nium
1957 1737 2073 1785 tam
2101 1749 2289 1786 rerum
2308 1748 2475 1802 quam
2493 1731 2729 1786 aliarum
2761 1732 3366 1803 prepositionumveri-

158 1819 294 1872 valere
318 1819 615 1873 conﬁrmet.

208 1907 419 1978 Denique
445 1913 642 1962 contra
672 1909 1019 1964 Felicianum
1063 1909 1387 1964 hmreticum
1413 1909 1688 1964 Arianum

154 1997 432 2051 contendens
461 1999 610 2068 (cap.
643 1997 718 2066 4),
759 1998 840 2052 ita
856 1999 961 2052 hac
993 2005 1115 2053 arte
1144 2015 1273 2053 eum
1303 1999 1592 2061 conclusit,
1626 2002 1691 2052 ut

157 2085 239 2156 ipse
258 2086 544 2152 haereticus,
575 2103 686 2141 non
716 2087 906 2142 valens
935 2087 1081 2142 ferre
1111 2088 1357 2143 locorum
1407 2105 1472 2142 ac
1527 2087 1692 2158 syllo-

154 2175 402 2243 gismorum
422 2176 724 2247 implicitas
738 2182 906 2246 atque
938 2177 1290 2247 implicantes
1314 2177 1686 2231 connexiones

154 2263 320 2332 publica
340 2282 456 2319 voce
473 2266 812 2320 exclamaret
859 2266 1050 2320 dicens
1074 2283 1086 2318 :
1123 2284 1148 2318 «
1180 2266 1542 2320 Aristotelica
1572 2281 1686 2319 me-

151 2369 243 2406 cum
260 2354 552 2410 subtilitate
573 2355 947 2421 contendis,et
967 2356 1157 2409 omnia
1187 2371 1309 2426 quae
1338 2372 1370 2408 a
1385 2371 1475 2408 me
1494 2354 1686 2409 dicun-

151 2447 232 2504 tur,
253 2444 492 2498 torrentis
521 2461 700 2509 more,
760 2444 1097 2516 praecipitas.
1127 2463 1150 2494 ι
1193 2444 1376 2514 Igitur
1429 2443 1688 2514 superius

148 2530 296 2584 volens
321 2538 567 2587 astruere
598 2549 799 2604 panem
827 2533 1128 2604 vinumque
1158 2533 1353 2586 altaris
1409 2532 1558 2587 inter
1595 2549 1688 2586 sa-

148 2620 362 2674 crandum
385 2622 764 2676 essentialiter
790 2639 902 2676 non
933 2621 1278 2687 mutari,duo
1307 2622 1560 2692 quaedam
1589 2637 1688 2691 pro

145 2715 554 2776 argumentorum
609 2711 745 2764 locis
797 2710 1175 2782 assumpsisti,
1207 2727 1447 2781 quorum
1505 2726 1685 2763 unum

146 2800 478 2854 tantummodo
506 2817 632 2854 esse
663 2805 848 2866 tuum,
880 2799 1122 2854 alterum
1154 2800 1364 2854 nullius
1394 2799 1686 2853 hominum

148 2886 408 2940 manifestis
436 2887 753 2942 rationibus
782 2887 1104 2958 approbavi.
1142 2889 1206 2942 In
1249 2904 1361 2958 qua
1389 2903 1450 2941 re
1482 2903 1689 2956 magno

1770 1826 1878 1884 tas,
1897 1821 2045 1892 apud
2068 1821 2357 1875 veritatem
2377 1819 2564 1874 omnia
2575 1820 2800 1874 scientis
2823 1837 2887 1874 ac
2906 1819 3247 1891 praescientis
3264 1819 3365 1874 Dei

1771 1909 2113 1965 mternaliter
2136 1914 2374 1973 constat,
2407 1909 2500 1979 qui
2529 1915 2586 1962 et
2614 1926 2703 1963 res
2720 1909 2869 1980 ipsas
2893 1909 2949 1962 in
2965 1908 3368 1980 principalibus

1772 2016 1838 2053 ac
1866 1998 2124 2054 secundis
2155 1999 2409 2053 essentiis
2426 1998 2694 2064 condidit,
2728 2014 2932 2068 easque
2957 2005 3074 2052 tam
3107 2013 3366 2052 verarum

1773 2105 1942 2159 quam
1958 2089 2228 2142 falsarum
2251 2087 2695 2159 propositionum
2717 2103 2914 2141 causas
2939 2103 3059 2142 esse
3072 2086 3365 2158 disposuit.

1773 2177 2193 2243 Verumtamen,
2228 2177 2285 2230 in
2316 2192 2483 2247 opere
2513 2176 2594 2230 De
2624 2176 2879 2230 doctrina
2904 2175 3240 2242 Christiana,
3265 2188 3367 2230 nec

1767 2267 1939 2337 hujus
1956 2265 2372 2337 propositionis,
2397 2281 2499 2318 nec
2529 2265 2766 2335 alicujus
2795 2266 2917 2335 ejus
2945 2265 3141 2320 similis
3170 2264 3368 2319 beatus

1766 2355 2120 2426 Augustinus
2150 2353 2337 2424 aliquo
2373 2353 2430 2407 in
2486 2354 2605 2407 loco
2635 2355 2976 2408 mentionem
3005 2354 3174 2422 fecit;
3217 2353 3366 2425 quod

1769 2444 1930 2498 facile
1953 2443 2133 2514 quivis
2163 2442 2306 2497 scire
2322 2441 2545 2514 poterit,
2579 2441 2626 2496 si
2647 2447 2806 2497 curet
2835 2442 3018 2514 ipsum
3045 2441 3251 2496 librum
3283 2443 3364 2496 le-

1768 2549 1921 2603 gere,
1945 2532 1991 2586 si
2020 2548 2308 2602 nunquam
2338 2531 2493 2602 legit;
2521 2531 2608 2584 vel
2632 2532 2904 2602 relegere,
2927 2531 2975 2585 si
3002 2531 3238 2586 fortasse
3243 2533 3365 2602 jam

1772 2622 1926 2692 legit.
1959 2622 2023 2676 In
2055 2637 2165 2692 qua
2205 2638 2265 2676 re
2322 2621 2685 2675 vehementer
2737 2620 2911 2674 miror
2951 2620 3066 2675 sive
3096 2637 3366 2686 errorem,

1772 2711 1888 2765 sive
1916 2710 2212 2764 stultitiam
2259 2715 2446 2766 tuam.
2485 2710 2747 2764 Errorem
2779 2711 3026 2780 quidem,
3056 2710 3103 2764 si
3149 2710 3368 2780 prolata

1769 2799 2089 2854 testimonia
2119 2799 2178 2852 in
2207 2798 2379 2852 sacris
2408 2798 2688 2853 codicibus
2737 2805 2837 2852 aut
2887 2799 3050 2852 aliter
3083 2814 3224 2864 esse,
3268 2803 3369 2853 aut

1771 2889 2119 2959 penitusnon
2145 2903 2265 2941 esse
2305 2887 2551 2957 ignoras;
2575 2887 2873 2941 stultitiam
2907 2904 3053 2952 vero,
3087 2886 3133 2940 si
3164 2887 3241 2941 ita
3264 2903 3364 2940 caa-

146 2974 244 3028 n'tio
263 2992 368 3029 rem
387 2977 715 3048 praedictam
738 2977 986 3031 effecisti.
1013 2978 1155 3031 Nam
1179 2976 1324 3048 quod
1349 2981 1509 3031 tuum
1543 2980 1686 3042 erat,
1705 2991 1747 3051 ο
1773 2983 1924 3031 teros
1963 2976 2224 3030 vecordes
2264 2975 2548 3030 existimas
2567 2982 2630 3030 ut
2674 2976 2836 3030 dictis
2865 2976 2978 3030 tuis
3003 2982 3198 3030 contra
3225 2974 3368 3030 anti-

146 3064 332 3132 quzestio
349 3072 478 3119 erat.
527 3067 606 3120 Ex
622 3083 688 3120 eo
718 3067 925 3137 quippe
956 3066 1259 3138 quaerimus
1288 3065 1344 3119 id
1374 3065 1690 3136 opprimere

145 3157 275 3222 atque
293 3161 534 3209 evertere
557 3155 808 3210 omnium
827 3161 1290 3225 argumentorum
1321 3155 1487 3220 mole,
1519 3159 1690 3224 atque

143 3239 339 3312 impulsu
367 3243 696 3314 satagimus.
742 3247 913 3300 Porro
937 3244 1090 3299 nulla
1134 3243 1368 3314 quaestio
1397 3243 1549 3297 locus
1570 3257 1690 3296 esse

144 3332 304 3397 poterit
324 3333 664 3403 argumenti.
688 3333 1022 3404 Argumenti
1052 3333 1451 3404 quippelocum
1466 3347 1692 3385 necesse

145 3423 220 3483 est,
246 3427 332 3474 aut
349 3439 446 3492 per
487 3438 554 3475 se
591 3438 713 3476 esse
755 3429 992 3488 certum,
1027 3430 1127 3476 aut
1167 3421 1335 3476 certis
1381 3420 1694 3476 rationibus

143 3509 654 3576 approbatum.Quod
686 3528 820 3582 ergo
847 3511 1238 3566 tantummodo
1259 3515 1422 3564 tuum
1450 3515 1590 3577 erat,
1623 3509 1695 3563 ad

144 3595 434 3661 probandam
464 3617 585 3653 rem
619 3599 848 3654 dubiam
883 3601 1095 3655 assumi
1126 3599 1358 3654 minime
1378 3597 1692 3671 oportebat.

143 3681 387 3756 Reliquum
406 3706 537 3743 vero
561 3689 712 3760 quod
731 3689 939 3743 nullius
953 3689 1245 3743 hominum
1267 3706 1389 3743 esse
1416 3687 1690 3754 consistit,

143 3788 191 3825 ne
207 3775 472 3845 idquidem
496 3778 684 3832 dubiae
716 3778 795 3832 rei
817 3779 984 3832 fidem
1014 3779 1197 3832 facere
1255 3778 1444 3849 aliqua
1479 3776 1696 3831 ratione

140 3865 358 3930 oportuit.
391 3865 532 3930 Quis
561 3866 714 3920 enim
745 3872 962 3921 certum
1011 3884 1134 3921 esse
1181 3871 1281 3920 aut
1329 3870 1544 3921 certum
1573 3864 1695 3918 fieri

140 3966 263 4018 posse
284 3955 590 4010 arbitretur
612 3955 760 4026 quod
782 3972 978 4010 omnes
998 3961 1224 4026 negant,
1252 3955 1441 4009 nullus
1462 3956 1696 4009 conﬁte-

139 4041 423 4114 tur?Igitur
441 4061 514 4099 ne
537 4045 596 4099 id
614 4044 840 4114 quidem
867 4045 936 4098 ad
963 4049 1362 4116 argumentum
1404 4044 1490 4099 sui
1528 4042 1696 4096 ratio-

136 4129 202 4180 nis
223 4131 331 4184 fuit.
357 4133 503 4188 Male
539 4150 676 4204 ergo
709 4138 1011 4204 utrumque
1069 4134 1324 4204 posuisti.
1355 4133 1454 4187 His
1482 4131 1699 4187 duobus

138 4217 463 4276 vitiosissimis
531 4221 824 4294 principiis
886 4229 1064 4276 totam
1152 4221 1699 4293 argumentationem

136 4311 256 4360 tuam
280 4310 584 4365 identidem
612 4311 918 4382 repetendo
947 4311 1018 4365 ad
1070 4313 1240 4366 finem
1294 4315 1478 4377 ειη
1518 4325 1697 4381 usque

136 4399 359 4452 contexis.
387 4400 476 4453 Ac
506 4405 810 4472 propterea
864 4416 1090 4454 necesse
1136 4405 1223 4454 est
1271 4398 1554 4467 vitiosum,
1594 4415 1697 4452 nec

135 4487 515 4543 concedendum
548 4504 672 4542 esse
704 4488 974 4559 quidquid
997 4505 1062 4541 ex
1089 4487 1324 4555 vitiosis,
1356 4504 1458 4542 nec
1478 4503 1700 4542 conces-

137 4571 194 4624 sis
213 4575 487 4646 principiis
517 4575 838 4631 constiterit
863 4593 1147 4631 emanare.

188 4665 366 4719 Adhuc
391 4666 505 4720 alio
537 4671 874 4737 argumento
904 4666 1141 4737 probare
1167 4665 1458 4721 contendis
1497 4682 1699 4737 panem

137 4750 402 4825 vinumque
466 4761 600 4826 post
651 4755 1131 4809 consecrationem
1183 4754 1242 4808 in
1297 4754 1702 4826 principalibus

135 4855 428 4908 permanere
457 4843 744 4911 essentiis,
779 4844 970 4899 dicens
1003 4861 1014 4897 :
1045 4864 1068 4896 ε
1097 4845 1224 4899 Non
1263 4844 1412 4898 enim
1443 4849 1702 4899 constare

138 4946 156 4974 ί
173 4934 354 5000 poterit
368 4933 682 4988 affirmatio
702 4932 904 4994 omnis.
944 4938 1103 5002 parte
1114 4932 1403 4988 subruta.»
1437 4933 1523 4987 Ad
1543 4935 1703 5004 cujus

134 5019 196 5072 rei
220 5022 605 5092 probationem
635 5038 748 5076 non
775 5021 1024 5093 oportuit
1065 5021 1260 5076 inferri
1307 5022 1702 5093 particularem

135 5111 606 5182 negationem,qua
629 5111 698 5166 de
718 5111 979 5182 praesenti
999 5111 1307 5181 quazstione
1334 5110 1702 5182 nihilcolligi-

134 5200 330 5262 tur,sed
358 5201 743 5255 universalem
773 5199 978 5271 potius,
1009 5216 1112 5270 per
1148 5216 1318 5271 quam
1349 5199 1698 5265 enuntiatur,

137 5285 260 5340 nulla
276 5289 585 5343 afﬁrmatio
599 5295 856 5344 constare
871 5288 1078 5360 poterit
1096 5293 1256 5360 parte
1285 5289 1538 5344 subruta.
1563 5291 1700 5361 Age,

136 5374 256 5430 enim
273 5379 639 5449 particularis
653 5377 966 5448 sitnegatio
983 5383 1101 5442 tua,
1120 5395 1233 5433 non
1261 5379 1444 5434 omnis
1459 5379 1706 5434 afﬁrma-

135 5463 198 5515 tio
219 5473 472 5522 constare
493 5466 705 5538 poterit
717 5473 877 5538 parte
890 5466 1125 5521 subruta
1138 5469 1155 5488 '
1177 5483 1374 5522 rursus
1393 5467 1705 5538 assumptio

137 5554 426 5612 tuazPanis
439 5562 500 5612 et
532 5555 726 5612 vinum
756 5555 953 5612 altaris
981 5555 1334 5613 solummodo
1364 5562 1498 5614 sunt
1522 5574 1704 5613 sacra-

1773 3081 1943 3137 quam
1965 3064 2222 3119 Ecclesiae
2242 3065 2410 3118 ﬁdem
2432 3065 2687 3135 protinus
2717 3065 2966 3132 credant,
3009 3081 3186 3136 eaque
3213 3065 3365 3119 velut

1771 3159 2127 3209 sacrosancta
2157 3152 2465 3207 indiscussa
2486 3159 2838 3224 prietereant.

2367 3269 2601 3324 CAPUT
2629 3269 2779 3324 VIII.

1846 3387 2086 3440 Benene.
2125 3404 2150 3437 «
2183 3387 2281 3440 Est
2308 3390 2495 3440 autem
2530 3385 2865 3454 affirmatio;
2909 3385 3216 3440 notissimis
3245 3403 3369 3458 par-

1781 3491 1806 3526 «
1837 3475 1990 3530 tibus
2017 3475 2134 3530 suis
2160 3480 2441 3540 constans,
2489 3474 2790 3546 praedicato
2845 3480 2903 3528 et
2939 3476 3205 3545 subjecto,
3246 3492 3369 3548 quae

1783 3584 1805 3614 ε
1839 3563 1918 3618 ita
1938 3564 2197 3618 enuntiat
2218 3583 2230 3619 :
2250 3564 2419 3618 Panis
2448 3569 2506 3618 et
2522 3565 2863 3636 vinum,quaa
2882 3563 2939 3617 in
2970 3564 3136 3618 altari
3156 3581 3370 3636 ponun-

1781 3669 1807 3705 α
1841 3657 1956 3721 tur,
1987 3659 2120 3707 sunt
2164 3653 2517 3707 solummodo
2553 3658 2908 3706 sacramenta
2938 3671 2951 3716 ;
3001 3652 3370 3708 nihilominus

1780 3759 1807 3794 α
1840 3758 1962 3812 quae
1979 3741 2059 3796 ita
2079 3741 2370 3797 enuntiat:
2399 3741 2566 3796 Panis
2609 3747 2665 3796 et
2693 3741 2903 3806 vinum,
2942 3759 3064 3812 quae
3084 3749 3371 3813 ponuntur

1783 3849 1805 3880 ι
1837 3829 1895 3883 in
1925 3831 2110 3896 altari,
2159 3836 2288 3902 post
2337 3830 2813 3885 consecrationem
2847 3831 3200 3886 solummodo
3238 3837 3371 3886 sunt

1780 3936 1807 3970 «
1841 3936 2035 3973 verum
2062 3920 2269 3976 Christi
2301 3936 2503 3990 corpus
2532 3924 2590 3974 et
2612 3920 2860 3990 sanguis.
2895 3938 2922 3972 »

1849 4026 2271 4081 LANFREadem
2293 4031 2349 4080 te
2364 4032 2617 4098 repetere
2633 4025 2862 4080 minime
2874 4026 3045 4098 pudet
3071 4045 3083 4090 ;
3112 4031 3369 4098 propter-

1781 4132 1848 4170 ea
1877 4132 1998 4186 qua:
2028 4116 2193 4186 paulo
2225 4121 2354 4169 ante
2384 4115 2542 4185 posui
2571 4131 2660 4168 me
2689 4115 2856 4168 etiam
2897 4115 3166 4185 replicare
3203 4131 3372 4184 opor-

1781 4209 1882 4259 tet.
1908 4203 2160 4258 Priorem
2191 4205 2527 4258 sententiam
2575 4203 2968 4257 tantummodo
3021 4219 3142 4257 esse
3188 4207 3369 4268 tuam,

1781 4293 2150 4365 posteriorem
2163 4309 2292 4347 vero
2307 4292 2517 4346 nullius
2531 4292 2820 4346 hominum
2838 4290 3095 4362 superius
3105 4307 3225 4346 esse
3237 4291 3370 4358 dixi,

1786 4388 1842 4437 et
1863 4382 1942 4436 ita
1961 4399 2081 4436 esse
2098 4381 2447 4436 documentis
2466 4380 2797 4435 clarioribus
2813 4379 3134 4451 approbavi.
3152 4381 3294 4435 Nam
3317 4387 3375 4435 et

1779 4476 1842 4526 tu
1861 4487 2088 4526 carnem
2119 4488 2183 4525 ac
2203 4469 2535 4541 sanguinem
2568 4486 2759 4540 negas,
2792 4470 2848 4523 in
2871 4469 2989 4523 solo
3021 4475 3373 4524 sacramento

1779 4577 1899 4616 rem
1921 4566 2098 4615 totam
2110 4559 2474 4628 constituens;
2492 4565 2550 4613 et
2569 4575 2669 4613 nos
2685 4564 3096 4613 sacramentum
3109 4559 3372 4625 fatemur,

1782 4655 1840 4704 et
1860 4654 2051 4704 tamen
2093 4649 2387 4719 utriusque
2427 4648 2724 4703 veritatem
2765 4648 3086 4703 ﬁdeliterac
3107 4648 3377 4704 veraciter

1783 4741 2144 4795 confitemur.
2183 4737 2344 4802 Quod
2364 4753 2494 4792 vero
2510 4737 2803 4792 dialectica
2821 4737 3009 4804 verba,
3043 4738 3376 4793 afﬁrmatio-

1785 4845 1934 4893 nem,
1954 4828 2335 4899 prmdicatum,
2363 4825 3079 4898 subjectum,cazteraquein
3103 4827 3251 4882 hunc
3266 4843 3381 4882 mo-

1785 4917 1916 4973 dum
1931 4917 2196 4971 tractatui
2211 4921 2381 4970 tanta':
2397 4915 2476 4970 rei
2499 4915 2720 4970 laboras
2739 4915 3005 4984 inserere,
3045 4921 3274 4988 propter
3296 4915 3380 4970 ni-

1784 5005 1864 5059 hil
1894 5005 2045 5059 aliud
2063 5004 2267 5059 videris
2287 5004 2342 5058 id
2364 5004 2545 5058 facere
2561 5003 2671 5057 nisi
2696 5009 2762 5059 ut
2783 5005 2887 5058 hac
2911 5004 3197 5058 occasione
3234 5005 3380 5075 peri-

1783 5100 1906 5149 tum
1935 5099 1992 5148 te
2021 5093 2345 5165 disputandi
2363 5093 2640 5164 imperitis
2668 5094 2855 5148 valeas
2884 5093 3290 5148 suadere.Nam
3321 5097 3380 5146 et

1785 5189 1867 5250 tu,
1891 5182 2011 5237 sine
2031 5183 2119 5236 his
2137 5181 2478 5248 nominibus,
2510 5182 2659 5252 quod
2689 5182 2904 5236 moliris
2953 5199 3065 5258 non
3089 5179 3380 5252 impariter

1787 5289 1978 5344 posses
2007 5289 2289 5339 asserere;
2324 5277 2381 5326 et
2409 5288 2510 5326 nos
2552 5289 2674 5343 quae
2707 5288 2740 5325 a
2773 5277 2828 5326 te
2856 5271 3177 5325 dicerentur
3205 5269 3379 5324 sacris

1788 5361 2139 5416 solummodo
2167 5378 2457 5433 possemus
2487 5359 2824 5415 testimoniis
2850 5359 3090 5413 abolere.

1859 5469 2097 5523 BERENG.
2135 5487 2161 5520 «
2194 5469 2528 5540 Susceperat
2555 5472 2743 5522 autem
2797 5464 3135 5536 Burgundus
3172 5481 3380 5535 negare

1794 5575 1821 5609 «
1851 5573 2054 5627 panem
2075 5563 2133 5614 et
2159 5557 2349 5613 vinum
2379 5557 2437 5613 in
2487 5573 2685 5612 mensa
2725 5553 3019 5611 Dominica
3063 5570 3380 5626 superesse.
