3978 6174
446 331 555 388 419
1433 325 1496 377 B.
1536 324 1951 380 LANFRANCI
1991 325 2059 379 CI

2142 324 2350 379 TUAR.
2390 324 2727 413 ARCHlEP.
3593 323 3693 385 420

454 477 478 509 α
513 458 631 527 Hoc
648 455 880 510 minime
896 458 1085 523 negat,
1117 451 1231 505 imo
1262 448 1490 503 omnino
1518 466 1721 520 panem
1753 454 1811 505 et
1836 449 2031 503 vinum
2048 454 2095 510 Α
2116 454 2261 518 erat,
2283 450 2385 503 hoc
2405 466 2536 504 vero
2565 450 2659 503 lux
2676 455 2734 503 et
2751 449 2957 505 veritas
2984 467 2997 516 ;
3042 450 3178 503 illud
3208 466 3239 503 e
3266 450 3422 513 caelo,
3452 450 3553 503 hoc
3578 467 3695 504 cor-

451 565 478 600 α
510 564 632 601 esse
660 544 974 598 confirmat.
1011 559 1036 591 υ
2119 554 2223 607 pus
2252 538 2476 613 Domini
2497 538 2783 602 ccelorum,
2820 554 2889 593 ne
2935 544 3150 592 tantam
3202 539 3598 591 elementorum
3640 538 3695 593 in

521 636 723 688 Lassa.
749 630 1066 703 Membrum
1090 628 1344 682 Ecclesiae
1366 627 1435 680 ab
1462 627 1705 681 Ecclesia
1720 627 2037 697 discrepare
2120 634 2406 680 tantarum
2440 643 2628 683 rerum
2675 627 3088 681 conversionem
3137 643 3294 680 mens
3318 626 3538 679 credere
3560 626 3695 679 refu-

449 739 558 777 non
574 719 1105 787 debuit.Conﬁtetur
1134 716 1282 771 enim
1315 716 1579 783 Ecclesia,
1610 722 1729 769 toto
1759 722 2039 768 terrarum
2120 720 2298 784 geret,
2344 714 2652 783 subjunxit,
2684 714 2874 769 dicens
2921 726 3056 785 (cap.
3083 714 3135 779 9)
3168 733 3179 768 :
3214 735 3236 765 α
3273 715 3505 778 Quantis
3535 715 3695 783 igitur

449 809 582 865 orbe
607 796 826 879 ditiusa,
841 824 1041 879 panem
1057 812 1115 860 et
1144 806 1329 859 vinum
1356 806 1426 859 ad
1453 805 1783 859 sacrandum
1806 803 2041 875 proponi
2123 803 2336 857 utimur
2366 805 2652 874 exemplis,
2681 803 2980 875 probemus
3015 804 3117 858 hoc
3143 820 3254 857 non
3282 820 3404 857 esse
3433 804 3574 873 quod
3603 819 3696 856 na-

447 898 508 968 in
525 899 722 965 altare,
740 896 1012 961 sed,inter
1025 894 1383 957 sacrandum,
1406 892 2043 963 incomprehensibiliter
2124 897 2252 945 tura
2277 891 2556 957 formavit,
2587 893 2682 947 sed
2714 892 2858 962 quod
2886 892 3195 946 benedictio
3222 892 3695 953 consecravit,ma-

453 993 510 1042 et
536 986 897 1042 inelfabiliter
925 986 981 1038 in
1008 983 1379 1055 substantiam
1411 982 1595 1035 carnis
1645 988 1701 1036 et
1753 980 2043 1051 sanguinis
2118 977 2413 1047 joremque
2433 976 2543 1030 vim
2571 993 2693 1030 esse
2714 976 3115 1031 benedictionis
3147 992 3317 1046 quam
3338 976 3695 1045 naturaequia

451 1058 806 1130 commutari.
852 1056 1029 1137 Quod,
1066 1088 1166 1125 suo
1198 1072 1318 1124 loco
1350 1070 1661 1141 cpitulante
1691 1086 1757 1125 eo
1787 1070 1856 1123 de
1886 1070 2046 1138 cujus
2129 1065 2512 1120 benedictione
2532 1065 2704 1120 etiam
2732 1070 2937 1120 natura
2965 1065 3087 1136 ipsa
3143 1071 3416 1119 mutatur.
3447 1083 3472 1117 ››
3502 1065 3697 1118 Panem

454 1146 833 1221 sacratissimo
853 1177 1085 1233 corpore
1106 1160 1408 1229 loquimur,
1441 1159 1673 1212 diversis
1700 1158 2045 1229 diversorum
2128 1155 2432 1226 vinumque
2462 1173 2496 1209 a
2542 1163 2746 1210 natura
2796 1155 3027 1209 formari
3072 1156 3262 1211 nullus
3291 1155 3387 1224 qui
3443 1154 3694 1223 ambigat,

458 1234 692 1308 Patrum
722 1250 1061 1305 testimoniis
1096 1249 1178 1302 ita
1218 1265 1338 1301 esse
1393 1265 1493 1302 nec
1539 1249 1704 1301 aliter
1730 1264 1892 1318 posse
1931 1264 2051 1300 esse.
2132 1260 2297 1297 nemo
2323 1244 2418 1317 qui
2447 1245 2678 1299 nesciat.
2703 1245 2784 1299 De
2803 1261 3041 1314 quorum
3063 1261 3192 1297 vera
3215 1244 3273 1297 in
3294 1260 3488 1297 verum
3514 1259 3700 1312 corpus

459 1340 888 1396 monstrabitur.
924 1340 1048 1392 Non
1094 1343 1283 1391 tamen
1324 1354 1526 1411 panem
1557 1324 1745 1407 negat,
1777 1337 1891 1390 imo
1919 1353 2050 1389 con-
2132 1332 2357 1386 Domini
2388 1332 2746 1386 conversione
2768 1349 2879 1386 non
2907 1338 3165 1401 oportere
3190 1330 3436 1385 dubitari
3466 1331 3703 1384 manifes-

457 1432 662 1484 firmat.
697 1429 806 1483 Sed
827 1444 1027 1498 panem
1060 1426 1153 1496 qui
1186 1426 1254 1478 de
1284 1426 1420 1478 coelo
1442 1426 1730 1479 descendit
1773 1432 1830 1478 et
1849 1424 1947 1478 dat
1974 1424 2048 1476 vi-
2131 1421 2204 1489 tis
2234 1421 2480 1474 ostendit
2510 1422 2776 1491 exemplis
2835 1421 3098 1490 congruis
3136 1436 3236 1491 per
3282 1421 3488 1473 similia
3523 1419 3706 1473 asserit

458 1525 577 1573 tam
610 1517 1051 1589 mundo,panem
1077 1531 1239 1584 quem
1274 1513 1602 1567 Ambrosius
1623 1520 1680 1568 et
1699 1508 2049 1583 Augustinus
2134 1509 2501 1580 argumentis,
2563 1526 2803 1564 narrans
2852 1509 3132 1580 imprimis
3186 1509 3368 1579 Moysi
3414 1509 3620 1579 virgam
3654 1508 3706 1561 in

462 1608 674 1677 eisdem
706 1605 888 1659 verbis
920 1609 1077 1657 vocat
1104 1604 1412 1673 epiousion,
1445 1603 1498 1655 id
1532 1610 1616 1657 est
1637 1606 2051 1675 suprrsubstan-
2136 1605 2451 1670 serpentem
2485 1616 2723 1661 versam,
2757 1598 2957 1651 deinde
3009 1607 3331 1668 serpentem
3379 1598 3438 1652 in
3488 1598 3703 1667 virgam,

408 1688 413 1691 ’
463 1699 679 1764 tialem,
712 1694 844 1767 quia
873 1710 1001 1746 caro
1025 1692 1230 1746 Christi
1258 1692 1524 1745 omnibus
1564 1693 1765 1745 creatis
1787 1690 2052 1745 substan-
2136 1695 2330 1759 postea
2350 1704 2526 1758 aquas
2556 1689 2611 1741 in
2627 1687 2957 1757 sanguinem
2984 1694 3251 1750 mutatas,
3277 1687 3478 1741 dehinc
3496 1687 3707 1756 sangui-

462 1783 558 1836 tiis
590 1784 773 1851 major
803 1778 1008 1839 existit,
1034 1797 1227 1834 omnes
1256 1786 1542 1855 creaturas
1589 1779 2114 1863 cxcellentissimaB
2137 1794 2263 1830 nem
2288 1794 2571 1830 remeasse
2600 1777 2657 1829 in
2696 1777 3188 1847 aquas.Pluraque
3217 1776 3276 1830 in
3295 1777 3446 1831 hunc
3472 1776 3706 1829 modum.

464 1871 739 1945 dignitate
765 1870 1049 1943 praecellit.
1085 1868 1300 1922 Vinum
1323 1886 1545 1940 quoque
1601 1884 1710 1922 non
1749 1869 2055 1938 qualecun-

466 1977 594 2031 que,
628 1960 723 2012 sed
760 1958 906 2029 quod
943 1957 1253 2021 hominum,
1281 1973 1390 2010 non
1432 1956 2058 2026 quidemomnium,sed

462 2065 750 2103 servorum
773 2047 873 2100 Dei
903 2047 1072 2100 corda
1099 2046 1519 2117 laetiﬁcat,quod
1554 2045 1774 2098 animus
1792 2045 2056 2113 inebriat,

464 2144 522 2192 et
543 2154 577 2190 a
605 2120 842 2207 peccatis
874 2141 1096 2207 purgat.

535 2227 773 2280 BBRENG.
808 2226 993 2299 «Dum
1016 2223 1096 2276 ita
1113 2223 1371 2276 enuntiat
1396 2242 1406 2276 :
1442 2223 1612 2276 Panis
1640 2228 1696 2276 et
1717 2222 1921 2295 vinum.
1937 2238 2060 2294 quae

470 2336 495 2365 «
536 2320 828 2387 ponuntur
864 2304 924 2366 in
955 2311 1138 2375 altari,
1195 2318 1323 2383 post
1361 2312 1839 2367 consecrationem
1872 2318 2059 2379 $3233

470 2423 498 2459 α
537 2403 886 2458 solummodo
908 2408 1042 2455 sunt
1091 2417 1285 2455 verum
1337 2402 1547 2459 Christi
1595 2417 1797 2472 corpus
1835 2406 1891 2455 et
1929 2416 2061 2454 san-

468 2511 496 2547 (
534 2493 683 2565 guis.
708 2512 735 2545 υ

537 2583 743 2637 Laure.
766 2580 917 2635 Dixit
937 2579 1163 2650 quidam
1186 2579 1398 2649 Spiritu
1419 2576 1519 2632 Dei
1554 2579 1753 2649 plenus
1779 2597 1787 2632 :
1819 2580 1883 2635 Os
1915 2580 2059 2646 quod

471 2674 749 2725 mentitur
767 2671 961 2723 occidit
992 2672 1244 2721 animam
1276 2668 1419 2734 (Sep.
1445 2682 1483 2731 Ι,
1513 2666 1590 2735 2).
1623 2668 1778 2721 Hanc
1806 2667 2060 2721 timidam

473 2750 810 2814 sententiam
835 2758 882 2811 si
908 2758 1157 2820 timeres,
1181 2756 1379 2809 falsam
1406 2772 1563 2809 servo
1591 2757 1691 2810 Dei
1721 2756 2061 2810 calumniam

468 2838 585 2903 non
608 2830 945 2918 imponeres.
997 2848 1211 2899 Caetera
1261 2862 1503 2916 namque
1545 2845 1701 2909 dixit,
1741 2844 2062 2899 adverbium

2139 1867 2224 1921 Ad
2250 1868 2511 1920 ultimum
2543 1866 2831 1936 praemisso
2856 1866 2949 1920 illo
2980 1883 3183 1937 magno
3228 1872 3294 1920 a‘c
3332 1867 3598 1937 singulari
3624 1865 3712 1918 mi-

2141 1956 2331 2023 raculo
2360 1956 2428 2009 de
2452 1962 2616 2025 partu
2645 1955 2912 2024 Virginis,
2944 1956 3156 2026 inquit:
3186 1974 3211 2007 «
3240 1957 3309 2011 Et
3324 1956 3427 2009 hoc
3448 1955 3713 2025 quodcon-

2141 2045 2360 2099 ﬁcimus
2390 2061 2591 2114 corpus
2620 2060 2683 2096 ex
2716 2043 2937 2113 Virgine
2958 2052 3062 2098 est.
3095 2065 3121 2096 ι)
3161 2044 3231 2097 Et
3252 2062 3325 2098 ne
3350 2051 3601 2099 naturam
3630 2060 3712 2113 po-

2140 2134 2328 2188 tentia:
2348 2133 2548 2203 divinae
2574 2149 2945 2203 praeponeres,
2980 2134 3143 2204 quasi
3197 2149 3314 2188 non
3363 2133 3546 2203 posuit
3578 2131 3712 2185 Deus

2141 2220 2437 2290 cujuslibet
2455 2220 2536 2272 rei
2555 2226 2774 2273 mutare
2786 2222 3323 2284 naturam,occurrit
3340 2217 3714 2281 dicens:«Quid

2142 2310 2232 2362 hic
2260 2309 2463 2380 quaeris
2491 2315 2706 2362 natura;
2730 2309 2981 2362 ordinem
3002 2310 3060 2363 in
3094 2311 3304 2364 Christi
3332 2326 3576 2380 corpore.
3599 2324 3713 2363 cum

2142 2404 2346 2471 praeter
2370 2403 2629 2451 naturam
2654 2398 2729 2452 sit
2759 2398 2876 2468 ipse
2910 2399 3179 2452 Dominus
3230 2400 3400 2453 Jesus
3438 2404 3623 2468 partus
3657 2412 3715 2450 ex

2142 2487 2420 2557 Virgine?
2442 2510 2468 2538 ν
2505 2488 2741 2541 Sextum
2757 2504 2979 2558 quoque
3006 2488 3086 2541 De
3115 2488 3485 2542 sacramentis
3505 2487 3711 2549 librum,

2146 2577 2201 2629 in
2219 2592 2327 2646 quo
2348 2593 2517 2646 opere
2536 2577 2830 2646 praefatum
2849 2576 3197 2630 mendacium
3222 2594 3355 2631 eum
3369 2576 3567 2630 dixisse
3582 2590 3718 2627 men-

2146 2665 2358 2719 daciter
2387 2666 2795 2727 aftirmasti,sic
2823 2666 3019 2736 incipit
3046 2683 3057 2719 :
3092 2684 3116 2717 ((
3148 2666 3307 2720 Sicut
3333 2682 3495 2719 verus
3520 2671 3601 2718 est
3626 2661 3716 2716 Dei

2146 2755 2319 2808 Filius
2348 2755 2622 2809 Dominus
2646 2761 2837 2809 noster
2862 2756 2891 2809 J
2898 2772 3024 2809 esus
3048 2753 3330 2821 Christus,
3363 2768 3472 2809 n‘on
3495 2770 3590 2824 per
3604 2767 3716 2821 gra-

2147 2844 2285 2897 tiam
2315 2845 2791 2915 quemadmodum
2815 2845 2998 2898 cazteri
3020 2844 3299 2909 homines,
3333 2844 3429 2898 sed
3450 2859 3547 2913 per
3563 2847 3714 2895 natu-

467 2939 809 2993 solummodo
829 2951 1185 3006 nequaquam
1230 2934 1432 3005 posuit.
1468 2935 1751 3005 Quidquid
1798 2935 1970 3006 igitur
2000 2951 2065 2988 ex
2146 2948 2288 2998 ram,
2321 2933 2402 2986 ita
2439 2950 2569 2987 vera
2595 2950 2723 2988 caro
2748 2934 2865 3003 ejus
2895 2938 2998 2996 est,
3021 2949 3192 3003 quam
3221 2932 3539 3004 accipimus,
3571 2935 3624 2983 et
3638 2943 3716 2981 ve-

472 3025 765 3082 mendacio
783 3030 838 3079 te
895 3024 1240 3078 mendaciter
1269 3029 1558 3100 astruente
1579 3024 1876 3093 colligitur,
1910 3024 2067 3094 quid-
2089 3079 2129 3100 n
2148 3038 2243 3075 rus
2264 3023 2386 3091 ejus
2411 3023 2641 3093 sanguis
2673 3029 2758 3078 est
2792 3039 2956 3094 quem
2987 3029 3277 3094 potamus.
3316 3044 3341 3075 ›)
3397 3018 3716 3076 Paucissima

476 3108 612 3186 quid
633 3113 1213 3176 infertur,necessario
1242 3117 1422 3166 totum
1453 3096 2069 3183 dispargitur,inﬁrma-
2088 3079 2217 3164 Cdc
2247 3111 2443 3165 multis
2474 3129 2563 3165 me
2610 3112 2815 3167 dixisse
2853 3112 3100 3166 sufﬁciat
3144 3118 3208 3167 ut
3242 3113 3480 3167 lectores
3505 3116 3713 3162 tuarum

473 3212 590 3272 tur,
615 3203 974 3258 cassatur.De
1005 3219 1113 3270 quo
1145 3202 1276 3272 quia
1314 3202 1370 3254 in
1395 3201 1770 3255 anterioribus
1800 3202 1935 3255 satis
1955 3201 2062 3271 egi,
2149 3205 2320 3270 atque
2362 3217 2616 3254 mearum
2658 3202 3064 3259 sententiarum
3118 3201 3513 3272 perspicaciter
3558 3212 3716 3267 agno-

477 3294 643 3365 plura
665 3292 755 3345 hic
779 3292 965 3344 dicere
983 3290 1326 3344 transiturus
1351 3290 1421 3343 ad
1456 3289 1566 3342 alia
1589 3289 1898 3359 supersedi.
2150 3295 2310 3342 scant
2338 3306 2449 3360 qua
2486 3290 2679 3365 fraude
2729 3290 2892 3360 ﬁngis
2939 3307 3047 3345 non
3078 3291 3339 3357 inventa;
3395 3306 3503 3360 qua
3529 3283 3718 3353 astutia

1128 3379 1283 3435 CAP.
1311 3379 1405 3433 IX.
2152 3376 2422 3447 depravas
2467 3368 2696 3432 inventa
2731 3396 2844 3449 qua
2889 3380 3195 3450 pervicacia
3246 3380 3311 3434 in
3340 3378 3489 3434 aliud
3549 3376 3721 3429 detor-

547 3470 790 3524 BERENG.
823 3490 844 3515 ιι
881 3469 990 3521 Per
1014 3468 1485 3521 consecrationem
1518 3469 1714 3522 altaris
1743 3470 1887 3521 ﬁunt
1908 3468 2071 3537 panis
2153 3482 2323 3536 quere
2347 3467 2566 3521 conaris
2610 3483 2956 3538 quaecunque
2985 3468 3254 3539 relinquis
3298 3469 3485 3522 illaesa.
3508 3465 3607 3519 Cui
3631 3478 3719 3515 ne-

486 3575 514 3609 «
547 3563 606 3611 et
632 3556 822 3609 vinum
843 3560 1255 3609 sacramentum
1275 3555 1698 3625 religionis,non
1728 3562 1791 3610 ut
1815 3556 2075 3609 desinant
2154 3555 2343 3626 quitize
2372 3556 2527 3608 nulla
2557 3555 2672 3609 fere
2703 3557 3088 3611 hereticorum
3129 3557 3377 3628 pravitas
3430 3573 3464 3609 a
3489 3560 3720 3622 tempore

482 3663 510 3699 α
540 3661 662 3700 esse
683 3661 805 3714 quae
827 3649 1007 3709 erant,
1024 3644 1119 3697 sed
1141 3651 1205 3697 ut
1230 3644 1342 3697 sint
1367 3661 1488 3714 quae
1522 3651 1701 3710 erant,
1730 3655 1789 3697 et
1834 3645 1891 3697 in
1922 3644 2073 3697 aliud
2154 3643 2385 3713 Luciani
2408 3650 2465 3697 et
2485 3644 2673 3698 Isichii
2729 3646 2930 3699 similis
2959 3646 3188 3711 exstitit,
3231 3663 3471 3717 quorum
3505 3649 3719 3710 uterque

481 3752 507 3786 α
546 3738 965 3801 commutentur
993 3733 1139 3802 quod
1172 3733 1308 3786 dicit
1337 3732 1532 3786 beatus
1563 3733 1888 3787 Ambrosius
1926 3733 1983 3786 in
2004 3733 2075 3785 li-
2154 3732 2523 3803 prepheticas,
2560 3739 2617 3787 et
2644 3735 2990 3802 evangelicas
3019 3743 3187 3804 atque
3239 3733 3564 3805 apostolicus
3594 3727 3721 3784 Scri-

482 3841 505 3877 ι
542 3821 643 3875 bro
661 3822 742 3875 De
771 3821 1160 3874 sacramentis.
1197 3839 1223 3874 ι
2154 3825 2352 3891 pturas
2380 3821 2447 3874 ad
2472 3838 2587 3875 suae
2615 3838 2793 3877 causae
2813 3824 3169 3876 commodum
3205 3821 3547 3894 depravavit.
3573 3819 3719 3881 Quae-

550 3910 755 3963 LANFR.
785 3908 1091 3962 Omentem
1108 3909 1411 3962 amentem!
1428 3908 2074 3979 ohominemimpuden-
2156 3925 2264 3978 que
2291 3910 2519 3964 haeresis
2548 3927 2734 3965 sacras
2764 3912 2988 3982 quidem
3026 3912 3244 3966 litteras
3272 3913 3422 3966 male
3450 3905 3716 3967 intellexit,

478 3995 940 4069 termentientem
967 3996 978 4048 !
1005 3996 1392 4066 opuniendam
1410 3997 1817 4051 temeritatem!
1840 3996 2075 4050 Ambro-
2155 3999 2252 4051 sed
2278 4004 2467 4052 tamen
2490 4000 2608 4053 sine
2637 4001 2754 4057 ulla
2771 4001 3057 4055 eversione
3077 4016 3178 4055 suo
3213 4019 3313 4056 eas
3340 4006 3487 4056 statu
3514 4008 3719 4051 manere

479 4085 837 4158 sium‘testem
862 4083 1041 4138 accire
1056 4083 1526 4156 praesumis,quod
1546 4087 1773 4155 paniset
1787 4086 1974 4140 vinum
1997 4087 2075 4140 al-
2154 4088 2429 4158 permisit.
2458 4089 2522 4142 In
2574 4094 2775 4158 quarto
2825 4106 2954 4143 vero
2984 4090 3053 4145 de
3091 4091 3459 4145 sacramentis
3486 4097 3720 4141 sermone

486 4162 625 4227 taris
651 4190 751 4244 per
779 4173 1253 4227 consecrationem
1300 4190 1411 4227 non
1451 4174 1719 4228 desinunt
1767 4191 1887 4229 esse
1925 4175 2074 4245 quod
2155 4192 2282 4245 cum
2305 4178 2568 4246 praefatus
2587 4177 2780 4232 doctor
2807 4184 3091 4248 satageret
3118 4179 3431 4249 approbare
3481 4191 3585 4231 non
3611 4186 3719 4226 esse

481 4267 660 4344 erant,
694 4262 793 4316 sed
823 4267 1244 4316 commutantur
1273 4263 1327 4317 in
1366 4263 1520 4329 aliud
1567 4264 1716 4334 quod
1746 4280 1859 4318 non
1889 4270 2071 4318 erant.
2156 4265 2495 4322 mirandum.
2524 4266 2571 4320 si
2602 4284 2668 4320 ea
2699 4283 2820 4336 quae
2849 4273 2983 4321 sunt
3011 4267 3199 4321 divina
3226 4269 3477 4338 potentia
3511 4266 3565 4319 in
3584 4258 3717 4316 aliud

480 4350 552 4425 Et
582 4350 808 4425 quidem
833 4350 966 4404 side
994 4352 1366 4405 sacramentis
1404 4369 1504 4406 seu
1532 4352 1747 4407 caeteris
1773 4352 1843 4406 de
1872 4352 2075 4422 quibus
2155 4358 2464 4415 transeant,
2484 4361 2779 4425 propterea
2792 4357 2941 4425 quod
2972 4358 3092 4427 ipsa
3113 4373 3338 4427 quoque
3363 4356 3585 4427 jubeute
3612 4364 3719 4403 om-

481 4436 813 4509 Ambrosius
851 4438 1074 4508 scripsit
1102 4456 1296 4493 omnes
1325 4439 1577 4494 revolvas
1606 4440 1776 4495 libros
1805 4457 1943 4511 quos
1970 4442 2073 4496 Ec-
2093 4434 2141 4491 D
2160 4443 2254 4497 nia
2282 4461 2347 4498 ex
2374 4444 2552 4499 nihilo
2572 4445 2720 4499 facta
2746 4445 3055 4500 subsistant
3082 4445 3375 4515 subjunxit
3401 4466 3411 4499 :
3437 4464 3461 4497 α
3495 4443 3550 4498 Si
3567 4440 3721 4510 igitur

484 4525 655 4578 clesia
687 4527 744 4579 in
771 4542 876 4579 usu
912 4543 1063 4580 nunc
1096 4516 1282 4591 habet,
1308 4530 1420 4582 tale
1448 4530 1659 4599 aliquid
1682 4530 1751 4584 ab
1781 4530 2076 4585 Ambrosio
2158 4537 2318 4586 tanta
2346 4533 2427 4587 vis
2448 4539 2533 4586 est
2569 4534 2628 4587 in
2659 4551 2916 4588 sermone
2944 4534 3169 4588 Domini
3188 4536 3218 4589 J
3223 4552 3325 4589 esu
3346 4540 3409 4589 ut
3438 4529 3721 4600 inciperent

482 4613 718 4687 dictum,
754 4614 1053 4685 taliterque
1089 4616 1399 4688 expositum
1415 4634 1693 4688 nusquam
1719 4619 1966 4689 reperire
1987 4636 2077 4674 va-
2158 4637 2278 4675 esse
2300 4638 2423 4692 quae
2461 4638 2574 4676 non
2614 4629 2792 4686 erant,
2828 4628 3039 4693 quanto
3069 4624 3248 4694 magis
3284 4619 3618 4695 cperatorius
3645 4616 3719 4668 est

483 4700 802 4779 lebit.Quod
824 4702 871 4756 si
890 4703 1139 4765 dixisset,
1156 4707 1887 4776 przeclarissimaztamaesuaa
1907 4708 2077 4778 pluri-
2157 4716 2222 4765 ut
2249 4702 2364 4764 sint
2394 4727 2515 4781 quae
2536 4717 2701 4765 erant
2732 4718 2790 4765 et
2816 4711 2873 4766 in
2894 4712 3045 4766 aliud
3073 4709 3527 4767 commutantur?
3556 4730 3577 4758 ι
3603 4705 3720 4759 Esse

483 4806 641 4844 mum
661 4791 1131 4867 detraxisset,sibi
1161 4794 1267 4865 ipsi
1292 4798 1607 4850 contrarius
1629 4796 2075 4861 exstitisset,rem
2159 4800 2385 4870 quidem
2409 4801 2719 4855 secundum
2750 4800 3025 4855 visibilem
3075 4802 3316 4872 speciem
3347 4804 3578 4855 testatur
3612 4807 3720 4863 quw

482 4879 869 4961 incredibilem
932 4882 1268 4937 credendam
1325 4901 1446 4938 esse
1492 4885 1892 4939 constituisset.
1941 4885 2076 4948 Quis
2158 4888 2700 4953 erant,'commutari
2746 4890 3526 4945 verosecunduminteriorem
3555 4895 3720 4937 essen-

455 4969 634 5023 'enim
655 4985 881 5041 compos
929 4971 1017 5024 sui
1063 4972 1257 5026 credat
1296 4990 1414 5027 rem
1470 4974 1716 5043 aliquam
1747 4974 1993 5027 converti
2018 4973 2077 5028 in
2157 4976 2296 5030 tiam
2344 4977 2402 5031 in
2455 4985 2718 5032 naturam
2764 4978 2989 5033 illarum
3038 4996 3229 5033 rerum
3269 4996 3391 5049 quae
3427 4982 3585 5030 antea
3621 4983 3719 5023 non

482 5056 672 5139 aliam,
705 5074 807 5112 nec
827 5064 1014 5135 tamen
1066 5060 1126 5114 in
1180 5077 1247 5114 ea
1295 5067 1453 5131 parte
1475 5062 1730 5116 desinere
1767 5078 1888 5115 esse
1929 5063 2077 5133 quod
2159 5070 2340 5119 erant.
2383 5066 2501 5123 Hoc
2526 5048 2692 5122 modo
2719 5074 2851 5123 ante
2880 5073 2937 5122 et
2977 5075 3104 5138 post
3130 5048 3367 5139 ipsemet
3386 5062 3615 5137 exponit,
3642 5057 3718 5111 di-

482 5148 646 5202 erat?
664 5146 776 5202 Sed
797 5148 1003 5221 veritas
1027 5148 1299 5220 ipsa,quze
1330 5142 1478 5207 Deus
1506 5158 1609 5217 est,
1641 5150 1833 5220 procul
1855 5166 2078 5220 semper
2158 5154 2334 5227 versis
2364 5155 2592 5226 quidem
2639 5157 2839 5223 verbis,
2893 5158 2989 5212 sed
3018 5174 3131 5212 non
3160 5157 3393 5212 diversis
3423 5147 3716 5211 sententiis.

480 5238 698 5290 avertat
746 5242 811 5290 ut
839 5237 1001 5291 testis
1044 5238 1300 5293 veritatis
1361 5245 1555 5292 contra
1595 5239 1884 5293 veritatem
1916 5239 2075 5293 testis
2159 5243 2341 5313 Atque
2374 5244 2504 5297 hinc
2533 5245 2776 5299 arbitror
2822 5252 2879 5299 te
2919 5246 3289 5317 assumpsisse
3315 5244 3457 5317 quod
3483 5236 3718 5311 superius

482 5325 922 5396 existat.Accipe
953 5326 1139 5398 potius
1164 5323 1295 5399 quid
1320 5327 1376 5380 in
1399 5326 1539 5381 libro
1559 5328 1636 5381 De
1656 5328 1939 5397 mysteriis
1960 5328 2073 5382 sive
2157 5329 2417 5405 intulisti,
2460 5334 2719 5405 quodque
2777 5331 3147 5389 tolerabiliter
3208 5336 3436 5397 dictum,
3478 5328 3719 5385 intolera-

478 5413 772 5467 initiandis
793 5414 958 5467 dicat.
993 5415 1194 5468 Volens
1224 5415 1373 5493 enim
1406 5415 1838 5489 discrepantiam
1881 5423 2071 5472 osten-
2154 5419 2340 5493 biliter
2403 5422 2724 5493 exposuisti.
2791 5423 2856 5476 In
2935 5423 3270 5493 quibusdam
3343 5429 3528 5477 tamen
3588 5410 3720 5468 codi-

480 5500 775 5589 dereinter
791 5496 997 5578 manna
1014 5503 1337 5590 Judazorurn
1350 5490 1410 5556 et
1438 5494 1773 5590 sacrificium
1800 5506 2073 5560 Christia-
2154 5490 2308 5583 cibus
2332 5490 2563 5581 praefata
2603 5510 2881 5565 sententia
2917 5490 3098 5566 verbis
3139 5511 3266 5569 aliis
3323 5502 3721 5565 inveniturhoc

480 5578 829 5662 norum',p'er
840 5584 944 5647 hoc
970 5591 1225 5647 videlicet
1249 5580 1386 5664 quia
1411 5578 1553 5647 illud
1567 5578 1769 5648 umbra
1804 5599 1863 5649 et
1888 5588 2072 5666 ﬁgura
2154 5578 2364 5652 modo‘:
2410 5616 2434 5649 ι
2471 5597 2529 5653 Si
2556 5596 2732 5668 igitur
2758 5602 2920 5653 tanta
2960 5598 3043 5654 vis
3098 5605 3186 5654 est
3240 5600 3302 5655 in
3347 5608 3595 5653 sermone
3613 5589 3718 5646 Do-
