3978 6174
486 249 590 307 4‘23

1467 240 1532 294 B.
1572 236 1985 293 LANFRANCI
2025 236 2384 295 CANTUAR.
2423 241 2765 299 ARCHIEP.

3613 264 3704 324 424

491 395 514 426 ι
549 374 636 430 dis
654 371 889 428 rudibus
905 387 955 423 :«
981 367 1280 439 Signacula
1300 364 1530 436 quidem
1549 379 1738 418 rerum
1756 362 2070 416 divinarum
2087 363 2141 424 Α
2158 363 2362 422 delicet
2388 368 2592 435 carnis,
2619 375 2677 424 et
2704 369 2935 441 sanguis
2953 379 3360 431 sacramentum
3391 385 3471 436 est
3505 389 3710 457 sangui-

490 481 517 515 «
552 467 686 518 sunt
713 459 970 520 visibilia,
1009 454 1105 510 sed
1136 471 1224 508 res
1252 453 1557 509 invisibiles
1589 452 1646 506 in
1677 451 1757 504 eis
1787 452 2070 504 honoran-
2155 454 2262 508 nis.
2292 457 2469 512 Carne
2500 463 2557 512 et
2581 459 2874 530 sanguine,
2905 465 3146 532 utroque
3174 463 3445 532 invisibili,
3472 451 3712 546 intelligi.

489 574 513 602 ι
544 557 666 616 tur;
719 565 821 603 nec
861 546 940 600 sic
986 543 1243 598 habenda
1294 549 1379 597 est
1425 541 1637 613 species
1682 539 2072 594 benedictione

489 662 512 694 α
543 638 906 700 sanctiﬁcata,
938 632 1410 705 quemadmodum
1442 630 1682 685 habetur
1723 630 1781 683 in
1803 645 1908 683 usu
1937 645 2072 699 quo-

480 747 504 780 ‹
538 727 689 782 libet.
727 741 754 776 1)

548 817 757 870 LANFR.
793 813 910 867 Hoc
939 812 1200 883 ignorare
1229 809 1482 881 quisquis
1511 809 1725 879 nequit,
1750 806 2067 878 quicunque

478 905 565 959 vel
591 909 816 958 tenuem
849 900 1019 955 sacris
1039 900 1244 954 litteris
1276 915 1505 970 Operam
1545 897 1839 968 impendit.
1875 896 2070 950 Sacra-

478 997 670 1048 menta
681 991 829 1046 enim
852 991 1074 1044 illarum
1097 1005 1283 1043 rerum
1308 1004 1543 1059 quarum
1565 991 1919 1040 sacramenta
1938 988 2071 1038 sunt

477 1097 700 1153 semper
718 1078 1144 1134 similitudinem
1175 1083 1400 1148 gerunt,
1433 1076 1576 1130 sicut
1602 1075 1661 1129 in
1691 1077 2065 1135 sacramento,

478 1173 548 1226 de
569 1187 678 1242 quo
702 1170 819 1223 haec
839 1168 1071 1239 quaestio
1091 1165 1548 1230 ventilatur,dum
1572 1161 2064 1234 frangiturhostia,

477 1263 612 1316 dum
641 1258 870 1329 sanguis
897 1257 966 1311 de
986 1256 1160 1310 calice
1179 1255 1234 1309 in
1257 1271 1357 1309 ora
1375 1254 1624 1308 ﬁdelium
1648 1250 2060 1321 funditur.quid

475 1350 628 1404 aliud
667 1364 837 1418 quam
882 1344 1156 1400 Dominici
1187 1343 1435 1414 corporis
1466 1342 1523 1396 in
1550 1359 1710 1396 cruce
1755 1340 2064 1395 immolatio

476 1440 710 1510 ejusque
723 1434 1012 1505 sanguinis
1033 1435 1101 1487 de
1128 1434 1304 1487 latere
1326 1431 1519 1486 effusio
1534 1431 1862 1501 designatur
1876 1429 1902 1482 ?
1919 1428 2066 1483 Alio-

476 1528 613 1599 quin
641 1529 1075 1599 sacramentum
1102 1539 1214 1577 non
1244 1528 1411 1585 esset,
1439 1521 1485 1574 si
1514 1526 1702 1573 tamen
1732 1518 2066 1574 sacramenti

475 1596 682 1672 nomen
712 1631 777 1669 eo
799 1596 1148 1683 intelligatur
1170 1610 1334 1664 modo
1357 1627 1466 1681 quo
1502 1626 1652 1664 nunc
1674 1608 2062 1678 intelligimus,

2153 543 2269 609 bili,
2303 547 2602 618 spirituali,
2628 549 2974 620 signiﬁcatur
3010 552 3397 625 Redemptoris
3423 575 3612 631 corpus
3639 543 3713 618 vi-

2156 633 2332 700 sibile,
2367 638 2666 708 palpabile,
2699 640 2992 695 manifeste
3030 643 3255 712 plenum
3284 648 3463 715 gratia
3481 652 3708 708 omnium

2152 721 2423 778 virtutum
2458 730 2516 779 et
2543 726 2730 780 divina
2757 729 3327 796 majestate.Quorum
3350 735 3576 791 alterum
3605 742 3713 810 qui-

2153 810 2282 864 dem
2309 811 2444 866 dum
2475 813 2769 885 frangitur,
2799 822 2857 870 et
2875 817 2932 870 in
2963 819 3152 888 populi
3180 821 3411 876 salutem
3435 825 3710 896 dividitur;

2151 899 2392 954 alterum
2424 918 2554 957 vero
2581 905 2817 958 effusum
2840 905 2909 958 de
2937 906 3107 961 calice
3137 907 3206 962 ab
3233 926 3328 964 ore
3349 912 3586 968 ﬁdelium
3623 933 3710 971 su-

2153 988 2345 1056 mitur,
2380 1007 2531 1046 mors
2561 993 2681 1061 ejus
2710 994 2764 1046 in
2789 1010 2972 1056 cruce,
3003 1000 3061 1048 et
3089 998 3375 1067 sanguinis
3396 1002 3513 1070 ejus
3540 1002 3604 1058 de
3638 1005 3713 1058 la-

2151 1082 2272 1132 tere
2289 1080 2570 1135 emanatio
2595 1081 2889 1151 ﬁguratur.
2909 1083 3223 1156 Utrumque
3234 1086 3712 1162 beatusGregorius

2151 1171 2210 1219 et
2237 1167 2473 1222 solerter
2491 1169 2748 1234 attendit,
2784 1176 2842 1224 et
2869 1173 3157 1227 enucleate
3186 1174 3243 1228 in
3273 1183 3470 1246 quarto
3517 1179 3716 1251 Dialogi

2150 1253 2291 1308 libro
2322 1257 2551 1326 exponit
2575 1257 2763 1312 dicens
2793 1259 2906 1329 (lib.
2929 1277 3002 1329 ιν,
3031 1277 3153 1332 cap.
3187 1261 3280 1325 58)
3300 1281 3349 1317 τα
3378 1265 3510 1334 Ejus
3529 1267 3716 1339 quippe

2147 1359 2277 1398 caro
2307 1344 2382 1397 ibi
2422 1345 2687 1411 sumitur,
2725 1348 2845 1416 ejus
2891 1350 3119 1420 sanguis
3149 1367 3261 1405 non
3301 1353 3416 1421 jam
3447 1355 3502 1407 in
3532 1372 3715 1410 manus

2146 1433 2481 1498 inﬁdelium,
2496 1435 2592 1488 sed
2619 1435 2676 1488 in
2699 1452 2799 1490 ora
2818 1437 3064 1492 ﬁdelium
3087 1439 3361 1496 funditur.
3380 1443 3713 1499 Pensandum

2149 1538 2281 1592 ergo
2313 1528 2397 1576 est
2427 1524 2590 1593 quale
2619 1523 2692 1578 sit
2719 1525 2827 1578 hoc
2855 1526 3188 1581 sacriﬁcium
3220 1531 3365 1600 quod
3392 1547 3490 1602 pro
3517 1532 3717 1586 absolu-

2146 1610 2299 1664 tione
2323 1617 2517 1665 nostra
2545 1616 2784 1666 mortem
2815 1613 3092 1684 unigeniti
3123 1617 3248 1671 Filii
3288 1636 3506 1690 semper
3550 1621 3715 1674 imita-

474 1710 533 1759 et
558 1702 800 1772 intelligi
825 1719 858 1755 a
887 1699 1188 1755 lectoribus
1209 1715 1307 1752 seu
1325 1697 1677 1752 auditoribus
1697 1697 2058 1751 :estimamus.
2079 1718 2126 1778 B
2146 1702 2260 1752 tur.
2288 1719 2346 1751 »ι
2373 1699 2638 1755 Imitatur
2660 1701 2849 1768 ndixit,
2880 1719 2991 1757 non
3014 1709 3715 1778 operatur,quiarcsurgens

473 1792 691 1849 Dicitur
709 1807 955 1862 namque
983 1793 1398 1843 sacramentum
1438 1787 1608 1841 etiam
1641 1785 2060 1856 jusjurandum,
2145 1804 2208 1841 ea:
2245 1792 2502 1850 mortuis,
2549 1793 2675 1858 jam
2707 1807 2819 1845 non
2846 1795 3110 1855 moritur,
3137 1813 3284 1850 mors
3310 1800 3400 1851 illi
3437 1801 3586 1851 ultra
3615 1815 3714 1851 non

472 1900 586 1938 non
622 1880 768 1953 quod
795 1881 877 1935 rei
906 1878 1217 1948 cujuspiam
1249 1876 1676 1930 similitudinem
1708 1874 1929 1939 habeat,
1965 1873 2064 1927 sed

475 1971 607 2042 quia
644 1986 815 2041 supra
846 1985 934 2022 res
962 1984 1150 2021 sacras
1179 1966 1416 2035 alicujus
1446 1965 1530 2019 rei
1576 1963 1948 2027 conﬁrmatio,
1979 1963 2064 2017 vel

471 2059 698 2129 negatio
729 2059 846 2112 ﬁat.
872 2057 1031 2111 Unde
1060 2055 1258 2109 beatus
1300 2054 1605 2125 Gregorius
1629 2053 1813 2124 (epist.
1861 2052 1957 2120 23)
2004 2053 2063 2106 in

474 2147 711 2218 epistola
742 2147 813 2200 ad
842 2145 1155 2199 Iustinum:
1187 2163 1208 2194 ε
1233 2143 1319 2197 Ad
1347 2142 1517 2204 beati.
1549 2142 1751 2213 inquit,
1775 2141 1945 2202 Petri,
1969 2156 2062 2193 sa-

470 2236 850 2290 cratissimum
880 2250 1083 2305 corpus
1112 2231 1367 2286 districta
1392 2249 1520 2286 eum
1546 2248 1612 2286 ex
1647 2229 1956 2285 abundanti
1987 2228 2062 2282 fe-

468 2325 648 2380 cimus
674 2327 1024 2378 sacramenta
1051 2320 1317 2393 praebere.
1347 2337 1370 2372 »
1391 2321 1608 2376 Dicitur
1627 2335 1848 2391 quoque
1879 2334 2064 2373 sacra-

469 2418 724 2468 mentum
767 2411 1004 2481 alicujus
1063 2410 1146 2464 rei
1182 2410 1444 2476 sacratio,
1485 2410 1629 2464 sicut
1665 2412 2059 2479 argumentum

468 2501 649 2556 dubiae
673 2499 754 2554 rei
783 2497 1134 2570 approbatio,
1168 2497 1558 2552 fulcimentum
1592 2514 1803 2551 casurae
1833 2497 1914 2550 rei
1943 2513 2065 2550 sus-

468 2589 725 2646 tentatio.
758 2588 904 2643 Illud
934 2603 1065 2641 vero
1092 2587 1241 2657 quod
1271 2603 1336 2640 ex
1365 2586 1506 2640 libro
1536 2587 1616 2640 De
1655 2584 2061 2640 catechizandis

465 2679 702 2734 rudibus
730 2675 1102 2747 assumpsisti,
1147 2692 1402 2730 asserens
1441 2675 1497 2728 in
1541 2674 1709 2728 rebus
1752 2672 2060 2728 visibilibus

465 2785 557 2824 res
585 2766 890 2822 invisibiles
921 2765 1299 2831 honorandas,
1329 2781 1431 2818 nec
1461 2765 1540 2818 sic
1577 2763 1892 2818 habendam
1930 2779 2058 2834 spe-

465 2858 604 2912 ciem
657 2855 1046 2910 benedictione
1101 2855 1526 2919 sanctiﬁcatam,
1582 2852 2056 2924 quemadmodum

467 2964 579 3002 non
604 2945 1032 3014 sanctiﬁcatam,
1061 2943 1194 3014 quid
1223 2949 1334 2997 tuae
1355 2943 1502 3014 parti
1530 2943 1728 3013 prosit,
1759 2942 1924 3012 plane
1944 2956 2056 2994 non

466 3036 625 3091 video
649 3054 661 3102 ;
699 3035 815 3088 imo
841 3033 1022 3103 magis
1060 3032 1280 3088 videtur
1297 3038 1453 3086 tuam
1478 3047 1805 3102 Oppugnare
1833 3035 2057 3086 senten-

465 3121 844 3188 tiam,nostra:
873 3119 1019 3173 ferre
1049 3118 1383 3176 subsidium.
1406 3119 1521 3173 Nos
1541 3119 1750 3172 etenim
1780 3117 1838 3170 in
1869 3115 2054 3188 specie

462 3212 623 3284 panis
653 3217 710 3265 et
729 3209 864 3279 vini,
886 3225 1053 3279 quam
1081 3208 1352 3273 videmus,
1392 3223 1483 3261 res
1512 3206 1842 3275 invisibiles,
1880 3205 1938 3258 id
1969 3209 2055 3258 est

462 3299 673 3355 Christi
698 3314 925 3352 carnem
956 3303 1012 3351 et
1040 3296 1392 3367 sanguinem.
1425 3296 1787 3349 honoramus.
1825 3293 1940 3349 Nec
1981 3293 2054 3347 si-

460 3389 670 3444 militer
693 3387 991 3458 pendimus
1028 3386 1129 3439 has
1155 3385 1294 3438 duas
1320 3385 1552 3455 species,
1585 3401 1650 3438 ex
1682 3382 1884 3455 quibus
1927 3398 2054 3436 con-

463 3481 715 3532 secratur
759 3474 1113 3529 Dominicum
1162 3489 1384 3544 corpus,
1418 3471 1892 3543 quemadmodum
1923 3477 2052 3525 ante

461 3564 939 3622 consecrationem
971 3563 1372 3636 pendebamus,
1425 3579 1550 3616 cum
1600 3562 1842 3616 ﬁdeliter
1883 3561 2052 3614 fatea-

458 3673 608 3723 mur,
645 3659 777 3709 ante
801 3653 1297 3718 consecrationem,
1331 3669 1452 3707 esse
1484 3667 1688 3723 panem
1725 3650 2046 3720 vinumque,

457 3744 516 3800 id
541 3749 647 3812 est,
678 3760 773 3798 eas
801 3746 890 3796 res
921 3758 1060 3813 quas
1087 3747 1291 3796 natura
1316 3740 1592 3795 formavit.
1625 3741 1780 3795 Inter
1821 3754 2050 3793 sacran-

457 3834 593 3888 dum
620 3849 750 3887 vero
779 3831 1024 3886 converti
1046 3829 1104 3885 in
1127 3829 1335 3884 Christi
1355 3846 1579 3885 carnem
1609 3844 1674 3883 ac
1689 3827 2045 3898 sanguinem,

458 3939 599 3995 quas
628 3927 898 3992 utrasque
927 3935 1016 3974 res
1062 3918 1373 3973 benedictio
1399 3918 1760 3982 consecravit,
1794 3917 2048 3988 quamvis

458 4010 657 4066 beatus
679 4007 1044 4080 Augustinus,
1059 4007 1117 4060 in
1133 4022 1198 4060 eo
1214 4005 1497 4072 libro,non
1519 4005 1698 4076 magis
1714 4004 2050 4075 loquebatur

457 4099 527 4154 de
556 4100 663 4153 hoc
684 4101 1033 4152 sacramento
1063 4110 1231 4166 quam
1254 4095 1323 4149 de
1346 4095 1562 4150 caeteris
1590 4111 1711 4165 quae
1731 4093 2046 4148 Christiana

455 4186 860 4244 consuetudine
889 4184 1133 4240 exerceri
1159 4183 1431 4255 jubentur
1461 4188 1518 4238 et
1547 4183 1873 4238 solemniter
1898 4200 2050 4238 exer-

2146 1878 2529 1931 domz'nabitur
2551 1880 2729 1941 (Rom.
2755 1894 2826 1946 γι,
2862 1877 3083 1948 9).Caro
3113 1899 3245 1954 ergo
3271 1890 3329 1938 et
3358 1886 3714 1957 sanguis,qui-

2146 1963 2250 2019 bus
2281 1966 2348 2019 ad
2380 1965 2790 2037 impetrandam
2813 1985 2914 2040 pro
2939 1972 3181 2041 peccatis
3204 1974 3411 2028 nostris
3443 1974 3538 2029 Dei
3562 1976 3715 2029 mise-

2145 2055 2442 2109 ricordiam
2473 2056 2720 2126 quotidie
2757 2057 2982 2124 alimur,
3027 2060 3236 2115 Christi
3285 2079 3484 2134 corpus
3511 2080 3572 2117 ac
3598 2079 3715 2117 san—

2141 2145 2268 2215 guis
2287 2151 2580 2209 vocantur,
2628 2162 2740 2200 non
2780 2147 2959 2201 solum
2992 2149 3125 2219 quia
3169 2152 3544 2206 essentialiter
3579 2152 3715 2206 idem

2143 2239 2294 2300 sunt,
2327 2234 2693 2305 qualitatibus
2745 2235 3053 2306 plurimum
3085 2238 3487 2312 discrepantes,
3536 2255 3713 2295 verum

2144 2323 2314 2377 etiam
2335 2339 2401 2378 eo
2437 2324 2735 2378 locutionis
2768 2325 2933 2380 modo
2955 2342 3064 2397 quo
3094 2345 3184 2382 res
3210 2329 3531 2400 signiﬁcans
3559 2330 3718 2400 signi-

2143 2413 2320 2467 ﬁcata:
2347 2413 2428 2466 rei
2455 2413 2600 2466 solet
2620 2413 2885 2469 vocabulo
2906 2418 3239 2488 nuncupari.
3266 2420 3385 2474 Nec
3409 2421 3557 2490 juste
3581 2418 3718 2489 quis.

2144 2517 2309 2572 quam
2343 2501 2678 2567 movebitur,
2711 2508 2884 2569 24|
2928 2504 2976 2558 si
3026 2506 3218 2560 eadem
3275 2523 3428 2578 caro,
3474 2509 3718 2578 idemque

2141 2591 2372 2661 sanguis
2393 2592 2478 2645 sui
2504 2591 2751 2663 ipsorum
2779 2600 3133 2648 sacramenta
3161 2597 3408 2652 existant
3427 2595 3714 2650 secundum

2142 2679 2294 2733 aliud
2322 2686 2490 2750 atque
2519 2681 2673 2734 aliud
2698 2687 3078 2752 aceepta,cum
3113 2684 3231 2754 ipse
3255 2685 3528 2740 Dominus
3548 2686 3714 2745 Jesus,

2141 2773 2267 2838 post
2295 2768 2762 2823 resurrectionem
2810 2785 2991 2837 suam,
3025 2773 3112 2826 sui
3142 2773 3322 2844 ipsius
3351 2774 3565 2828 diversa
3591 2777 3719 2825 tem-

2139 2873 2339 2928 porum
2368 2857 2586 2912 ratione
2606 2864 2800 2929 typum
2823 2860 3063 2928 gesserit
3093 2866 3148 2915 et
3172 2864 3716 2934 ﬁguram.Apparens

2141 2947 2290 3000 enim
2338 2946 2557 3001 duobus
2594 2946 2901 3018 discipulis,
2943 2949 3274 3022 locutusque
3325 2953 3422 3019 eis,
3458 2955 3714 3023 quantum
3771 2983 3774 2987 .

2138 3036 2274 3090 satis
2305 3053 2425 3091 esse
2437 3036 2728 3106 judicavit,
2758 3037 2891 3090 dum
2915 3038 3076 3093 ﬁnxit
3111 3058 3169 3095 se
3199 3042 3423 3112 longius
3453 3041 3532 3095 ire
3558 3041 3708 3109 (Luc.

2137 3137 2283 3191 xxxv,
2314 3124 2528 3193 13-28),
2563 3125 2709 3179 sicut
2737 3123 2933 3179 beatus
2957 3127 3311 3199 Augustinus
3336 3131 3488 3190 dicit,
3519 3128 3714 3199 signiﬁ-

2134 3214 2281 3268 cavit
2309 3231 2368 3269 se
2398 3221 2526 3286 post
2539 3231 2746 3287 paucos
2765 3215 2884 3270 dies
2898 3216 2954 3270 in
2975 3220 3175 3274 coelum
3200 3235 3561 3274 ascensurum
3579 3232 3709 3271 esse.

2134 3303 2293 3367 Quod
2314 3302 2422 3357 iter
2452 3306 2616 3376 longe
2645 3314 2922 3363 remotum
2952 3315 3036 3364 est
3066 3325 3100 3362 a
3118 3309 3408 3363 communi
3433 3305 3712 3362 hominum

2133 3393 2269 3457 vita,
2298 3409 2420 3463 quae
2451 3394 2584 3466 ipsis
2618 3400 2675 3449 et
2701 3396 2918 3452 duobus
2959 3397 3250 3469 discipulis
3301 3394 3707 3453 evidentissime

2135 3481 2392 3551 ﬁgurata.
2446 3483 2700 3537 Christus
2740 3487 3120 3556 ergo'Christi
3167 3493 3253 3541 est
3281 3489 3711 3542 sacramentum.

2132 3569 2376 3640 Longius
2402 3571 2656 3626 videlicet
2697 3573 2779 3627 ire
2819 3591 2880 3628 se
2909 3576 3161 3645 ﬁngens;
3197 3576 3426 3647 longius
3462 3591 3560 3630 suo
3586 3579 3713 3627 tem-

2131 3673 2266 3728 pore
2288 3659 2638 3714 ascendentis
2663 3661 2719 3714 in
2750 3663 2970 3717 cmlum.
3005 3664 3159 3718 Idem
3191 3665 3467 3734 ejusdem,
3512 3679 3608 3717 nec
3635 3666 3714 3714 ta-

2131 3762 2262 3800 men
2283 3764 2686 3820 usquequaque
2707 3751 2984 3819 ejusdem.
3001 3753 3175 3807 Verus
3205 3771 3456 3826 namque
3476 3754 3637 3815 Deus,
3661 3754 3713 3802 et

2132 3853 2292 3890 verus
2323 3837 2509 3902 homo,
2541 3843 2599 3891 et
2627 3840 2864 3910 ﬁngens,
2897 3847 2954 3895 et
2978 3843 3710 3898 ascendens.Verumtamen

2129 3925 2282 3980 aliud
2311 3926 2396 3980 est
2416 3928 2743 3998 ﬁgmentum
2762 3931 2971 3984 terreni
2998 3930 3234 3999 itineris,
3259 3933 3416 3988 aliud
3437 3933 3495 3986 in
3521 3930 3709 3985 caelum

2128 4014 2336 4068 veritas
2363 4015 2738 4071 ascendentis.
2789 4019 2903 4073 Nec
2931 4019 3136 4090 aliquis
3163 4020 3244 4074 ita
3299 4019 3609 4092 desipuerit
3651 4023 3710 4070 ut

2129 4109 2423 4175 propterea
2453 4104 2732 4175 abnegare
2756 4115 3060 4177 praesumat
3079 4110 3386 4179 ﬁngentem
3408 4127 3468 4164 se
3498 4107 3708 4176 longius

2128 4193 2211 4246 ire
2249 4209 2370 4246 esse
2396 4193 2681 4248 Christum
2713 4211 2926 4260 verum,
2952 4196 3085 4267 quia
3125 4197 3247 4268 ipso
3277 4201 3549 4270 ﬁgmento
3603 4197 3714 4249 lon-

457 4286 675 4342 centur,
723 4275 1010 4329 instruens
1055 4273 1354 4327 diaconum
1411 4272 1710 4343 quemdam
1758 4272 2302 4360 Carthagi-Dgioris
2325 4281 2544 4336 itineris
2572 4283 2905 4354 signiﬁcavit
2921 4302 3112 4340 verum
3141 4287 3434 4342 Christum
3466 4299 3715 4340 ascensu-

455 4365 645 4420 nensis
670 4363 927 4418 Ecclesiae
954 4361 1198 4432 qnaliter
1217 4361 1400 4432 ipsqu
1422 4377 1643 4432 quoque
1673 4361 1838 4415 rudes
1863 4361 1932 4416 de
1960 4360 2046 4414 his
2129 4391 2256 4428 rum
2280 4373 2339 4426 in
2363 4374 2582 4428 εωιυω,
2728 4366 2731 4369 ’

456 4460 514 4508 et
539 4454 609 4508 de
636 4451 852 4507 caeteris
877 4455 1164 4522 oporteret
1187 4451 1484 4505 instruere.

1044 4540 1279 4594 CAPUT
1315 4539 1461 4593 XIV.

2201 4463 2377 4517 Porro
2424 4469 2836 4518 sacramentum
2868 4465 2996 4519 ﬁdei
3027 4465 3084 4520 in
3117 4466 3241 4537 ipsa
3269 4467 3343 4522 ad
3371 4461 3710 4521 Bonifacium

2129 4551 2369 4623 epistola
2394 4550 2953 4623 beatusAugustinus
2984 4554 3324 4626 baptismum
3359 4553 3714 4610 vocat.Verus

528 4632 773 4687 Benene.
808 4651 832 4679 ι
855 4628 1015 4684 Unde
1037 4627 1236 4682 beatus
1265 4627 1611 4698 Augustinus
1638 4626 1696 4682 in
1727 4629 1963 4700 epistola
1975 4628 2046 4682 ad

2139 4645 2318 4695 autem
2339 4639 2649 4711 baptismus
2674 4647 2897 4697 constat
2928 4659 3040 4698 non
3066 4649 3182 4698 tam
3214 4645 3505 4700 ablutione
3534 4655 3719 4712 corpo-

459 4738 488 4773 (ί
519 4718 868 4774 Bonifacium
917 4731 927 4764 :
966 4737 989 4769 ι
1023 4716 1196 4783 Sicut,
1229 4717 1431 4787 inquit,
1463 4723 1875 4772 sacramentum
1922 4733 2041 4771 cor-

458 4826 483 4860 α
515 4806 669 4879 poris
693 4805 900 4860 Christi
920 4805 1228 4860 secundum
1245 4805 1544 4876 quemdam
1573 4806 1803 4860 modum
1838 4821 2040 4876 corpus

457 4917 480 4949 ι
517 4895 725 4953 Christi
746 4901 849 4962 est,
867 4899 1296 4950 sacramentum
1311 4894 1600 4964 sanguinis
1629 4895 1835 4950 Christi
1847 4911 2044 4949 secun-

455 5005 483 5040 α
510 4989 646 5041 dum
693 4984 993 5057 quemdam
1034 4983 1263 5037 modum
1293 4983 1523 5054 sanguis
1553 4982 1758 5038 Christi
1789 4989 1874 5038 est
1899 5007 1911 5041 :
1961 4983 2042 5038 ita

457 5096 481 5127 ε
516 5079 928 5131 sacramentum
956 5072 1106 5139 ﬁdei,
1130 5073 1269 5127 ﬁdes
1298 5077 1402 5126 est.

523 5166 731 5220 Laure.
765 5164 1190 5219 Sacramentum
1229 5160 1477 5232 corporis
1500 5159 1732 5226 Christi,
1762 5166 2039 5232 quantum

455 5255 525 5310 ad
555 5254 613 5308 id
639 5257 854 5325 spectat
879 5251 1027 5324 quod
1052 5250 1109 5304 in
1130 5266 1293 5305 cruce
1333 5248 1657 5303 immolatus
1686 5253 1772 5301 est
1791 5252 1910 5319 ipse
1935 5251 2042 5306 Do-

455 5344 643 5399 minus
673 5341 952 5407 Christus,
983 5356 1112 5395 caro
1142 5339 1260 5409 ejus
1289 5342 1391 5404 est,
1443 5352 1611 5407 quam
1663 5337 1844 5391 forma
1887 5340 2049 5409 panis

2120 4731 2199 4790 ris
2229 4745 2400 4801 quam
2427 4729 2534 4784 ﬁde
2554 4731 3237 4802 cordis,quemadmodum
3276 4734 3585 4808 apostolica
3614 4731 3717 4785 do-

2122 4819 2302 4874 ctrina
2330 4818 2505 4872 tradit
2533 4819 2722 4874 dicens
2752 4839 2765 4874 :
2801 4844 2823 4871 ι
2858 4823 2990 4878 Fide
3021 4825 3299 4880 mundans
3319 4825 3497 4880 corda
3526 4835 3714 4878 eorum

2126 4910 2261 4978 (Act.
2292 4923 2380 4971 xv,
2411 4904 2488 4975 9);
2519 4927 2540 4959 ι
2577 4913 2634 4962 et
2660 4909 2793 4964 alibi
2818 4930 2830 4964 :
2862 4929 2888 4964 α
2922 4913 3011 4967 Sic
3041 4918 3098 4968 et
3135 4929 3230 4968 vos
3269 4915 3459 4969 salvos
3480 4913 3610 4966 facit
3629 4910 3719 4962 ba-

2125 4993 2351 5065 ptisma,
2384 5010 2495 5049 non
2525 4997 2709 5053 carnis
2723 4999 2998 5072 depositio
3011 5002 3281 5070 sordium,
3303 5003 3404 5057 sed
3434 4999 3714 5056 conscien-

2126 5082 2217 5137 tiae
2245 5083 2402 5138 bona:
2432 5084 2795 5158 interrogatio
2817 5091 2874 5143 in
2897 5091 3076 5144 Deum
3097 5093 3154 5159 (Ι
3179 5094 3291 5146 Pet.
3317 5106 3407 5154 ΙΙΙ,
3435 5091 3587 5156 21).»
3628 5087 3716 5142 Al-

2123 5176 2310 5227 terum
2367 5178 2555 5229 tamen
2586 5175 2934 5248 signiﬁcatur
2976 5197 3080 5251 per
3128 5181 3396 5236 alterum.
3447 5181 3592 5235 Nam
3622 5191 3718 5248 per

2124 5261 2466 5316 ablutionem
2500 5281 2622 5335 qua:
2641 5268 2858 5338 corpori
2887 5269 3231 5325 extrinsecus
3249 5269 3570 5335 adhibetur,
3595 5281 3718 5338 pur-

2129 5351 2284 5420 gatio
2312 5351 2512 5408 animm
2541 5355 2893 5426 exprimitur,
2928 5375 3098 5430 quam
3130 5361 3269 5415 ﬁdes
3312 5359 3556 5414 interior
3587 5371 3718 5427 ope-

453 5438 728 5506 ορθηᾶων
750 5431 810 5487 in
826 5435 1178 5486 sacramento
1202 5425 1527 5497 θοαίρὶωιιεν
1561 5431 1618 5480 et
1644 5427 1874 5518 εειτιεξξίε
1901 5429 2044 5499 eius.
2129 5445 2306 5494 ratur.
2341 5441 2697 5515 Vocaturque
2724 5425 3038 5518 baptismus
3068 5449 3226 5516 ﬁdes,
3261 5449 3574 5503 secundum
3597 5425 3717 5500 eam

450 5538 620 5594 quem
643 5519 748 5576 sub
771 5520 884 5575 vini
904 5518 1098 5592 "specie
1117 5535 1182 5573 ac
1208 5531 1408 5588 sapore
1435 5519 1719 5587 potamus.
1770 5515 1937 5586 Caro,
1971 5519 2048 5574 vi-

2139 5528 2426 5586 locutionis
2452 5531 2690 5588 formam
2721 5552 2832 5606 qua
2875 5538 3210 5609 mysterium
3240 5541 3361 5609 ejus
3407 5537 3514 5605 rei,
3562 5534 3721 5604 cujus
