3978 6174
212 279 318 335 425
1055 276 1275 332 LIBER
1310 275 1402 330 DE
1441 269 1776 327 conpoes
1812 270 1900 325 ET
1938 270 2306 326 SANGUINE
2345 271 2633 334 DOMINI.‘
3377 280 3484 340 426

211 404 551 476 mysterium
585 408 688 469 est,
738 407 956 457 censeri
987 404 1215 457 nomine
1271 403 1580 457 οοηδιιθνίῒο
1626 402 1807 471 Hujus
1825 404 1877 464 Α
1896 413 2232 467 abstineant.
2265 415 2500 469 Frustra
2526 431 2658 486 ergo
2686 415 2860 469 infers
2880 420 2936 470 et
2963 415 3136 475 dicis:
3161 436 3188 471 «
3221 419 3282 476 Si
3310 422 3487 476 semel

210 493 293 547 rei
314 509 491 547 causa
521 492 827 546 είωίίῖίυάο
858 497 944 546 θεῖ
971 509 1139 563 quam
1169 493 1229 546 in
1256 497 1628 556 sacramento,
1666 497 1723 544 et
1752 492 1812 544 in
1893 519 2089 574 passus
2132 508 2218 556 est
2248 503 2505 558 Christus
2549 505 2609 558 in
2651 505 2969 576 semetipso,
3003 509 3176 562 semel
3213 509 3382 564 etiam
3423 511 3486 566 in

211 598 271 634 re
301 581 647 635 sacramenti
683 581 918 651 reperiri
947 598 1168 652 semper
1196 598 1420 635 necesse
1447 586 1549 646 est,
1583 581 1727 634 sicut
1754 579 1812 632 in
1895 608 2126 661 corpore
2153 608 2273 657 suo,
2310 609 2375 645 eo
2405 593 2552 662 quod
2581 609 2780 663 corpus
2811 610 2977 648 suum
3001 597 3155 650 nullo
3185 598 3353 652 modo
3393 617 3483 654 se-

210 671 494 741 baptismo
527 676 584 724 et
603 671 731 724 ﬁde.
757 671 1071 740 Utrumque
1103 671 1254 724 enim
1278 672 1445 736 lavat,
1470 675 1692 741 purgat,
1716 685 1816 739 pu-
1897 680 2086 751 parari
2114 685 2298 750 potest
2318 697 2352 733 a
2379 681 2582 751 seipso.
2620 701 2642 732 ι
2665 682 2823 745 Quod
2852 699 2964 736 non
2993 686 3262 754 procedit.
3298 693 3486 754 24g

213 761 435 825 riﬁcat;
465 759 606 812 illud
634 775 879 825 carnem,
911 760 1017 813 hoc
1044 766 1313 814 mentem.
1897 769 2076 822 Multa
2105 769 2312 840 quippe
2361 775 2494 822 sunt
2528 770 2588 822 in
2634 770 2821 835 rebus,
2856 788 2978 841 quae
3005 789 3195 827 rerum
3236 776 3490 845 partibus

286 850 449 904 Sient
477 866 612 918 ergo
655 849 895 902 οοθῙθδίίε
921 849 1104 918 Panis:
1136 866 1258 919 qua?
1288 865 1420 902 Vel‘a
1449 848 1657 902 Christi
1687 863 1815 900 caro
1897 858 2194 911 convenire
2230 875 2340 911 non
2371 864 2621 928 possunt.
2648 859 2792 913 Nam
2814 877 2941 913 cum
2970 862 3088 931 ipse
3107 863 3377 919 Dominus
3405 867 3492 920 Je-

217 943 320 1002 θεῖν
356 954 463 990 δυο
489 937 656 990 ῐηοάο
686 943 915 1006 Vocatur
951 954 1152 1008 COI‘PUS
1181 938 1411 1000 Christi.
1445 938 1594 991 illius
1622 936 1815 990 Videli-
1899 963 1994 1000 sus
2019 963 2183 1000 verus
2217 947 2365 1000 Deus
2389 947 2478 1013 sit,
2505 952 2561 1000 et
2587 964 2750 1001 verus
2790 949 2975 1014 homo,
3009 951 3300 1022 omnisque
3323 954 3493 1008 homo

219 1031 305 1079 cet
328 1026 485 1096 quod
514 1025 747 1090 visibile,
788 1026 1084 1097 palpabile,
1138 1029 1398 1093 mortale,
1436 1027 1496 1080 in
1543 1043 1706 1079 cruce
1736 1029 1822 1078 est

1945 1039 2121 1088 )nstet
2172 1035 2362 1088 anima
2406 1036 2666 1088 rationali
2729 1041 2785 1089 et
2839 1053 3088 1107 corpore,
3150 1056 3262 1093 non
3304 1046 3496 1097 tamen

218 1132 598 1186 suspensum;
633 1120 971 1186 vocaturque
1008 1115 1132 1186 ipsa
1177 1116 1362 1170 carnis
1408 1115 1582 1185 ipsius
1625 1115 1821 1167 immO-
1900 1123 2092 1176 anima
2119 1123 2260 1193 ipsa,
2290 1129 2389 1176 aut
2407 1123 2591 1194 ipsum
2605 1141 2806 1195 corpus
2825 1131 2974 1180 recte
2996 1127 3283 1183 vocabitur
3301 1130 3492 1197 homo,

220 1204 370 1268 latio,
424 1221 550 1274 qua:
588 1204 892 1258 sacerdotis
942 1204 1200 1258 manibus
1255 1206 1318 1257 ﬁt
1364 1204 1574 1258 Christi
1612 1203 1816 1274 passio,
1901 1211 1987 1266 vel
2010 1213 2181 1266 Deus.

220 1310 392 1356 mors,
429 1292 736 1357 cruciﬁxio,
785 1309 900 1346 non
943 1293 1026 1346 rei
1057 1293 1309 1356 veritate,
1343 1293 1441 1346 sed
1470 1292 1821 1361 signiﬁcante

222 1383 512 1453 mysterio,
568 1381 648 1434 sic
697 1386 1112 1435 sacramentum
1155 1383 1307 1448 ﬁdei,
1353 1382 1500 1452 quod
1535 1382 1824 1452 baptisma

224 1471 512 1542 intelligit,
549 1472 686 1525 ﬁdes
711 1476 821 1528 est.
1913 1496 1935 1528 ι
1972 1478 2238 1531 Romanae
2278 1478 2552 1533 Ecclesiae.
2600 1479 2813 1532 Revera
2850 1497 2962 1534 non
3009 1489 3259 1537 sanctam
3314 1485 3505 1538 Eccle-

832 1560 1067 1614 CAPUT
1104 1561 1222 1615 XV.
1913 1581 1941 1618 α
1975 1566 2117 1618 siam
2147 1571 2373 1636 experta
2404 1571 2490 1619 est
2516 1566 2720 1620 veritas
2758 1568 2898 1637 ipsa,
2932 1569 3028 1621 sed
3057 1571 3358 1625 Ecclesiam
3379 1589 3502 1625 ma-

292 1653 551 1705 BERENG.
594 1666 621 1702 α
655 1649 862 1704 Beatus
890 1650 1240 1720 Augustinus
1263 1650 1323 1702 in
1353 1649 1590 1719 epistola
1618 1649 1688 1702 ad
1718 1649 1826 1701 Bo-
1846 1726 1881 1730 _
1915 1673 1938 1702 ι
1969 1654 2329 1723 lignantium,
2355 1655 2650 1708 concilium
2675 1657 2957 1724 vanitatis,
2990 1674 3092 1711 nec
3120 1661 3501 1730 apostolicam,

2492 1302 2724 1357 CAPUT
2753 1304 2898 1360 XVI.

1968 1390 2212 1442 BEREN‘G.
2259 1407 2288 1440 «
2343 1389 2663 1457 Consentio,
2696 1392 2880 1462 inquit
2908 1394 3266 1464 Burgundus,
3295 1403 3503 1451 sanctae

229 1763 253 1790 ε
283 1741 596 1795 nifacium:
629 1754 660 1783 «
691 1740 875 1794 Semel
899 1739 1225 1792 immolatus
1254 1744 1340 1792 est
1369 1738 1622 1792 Christus
1651 1737 1711 1790 in
1739 1726 1892 1790 se-B
1919 1760 1946 1795 α
1977 1743 2075 1797 sed
2096 1744 2287 1797 sedem
2310 1745 2548 1798 satana},
2577 1762 2601 1795 ,

231 1850 256 1885 ‹
286 1829 555 1900 metipso.
585 1849 607 1879 ι
625 1829 696 1882 Et
710 1834 902 1882 tamen
932 1829 991 1882 in
1010 1832 1363 1882 sacramento
1385 1844 1497 1881 non
1529 1827 1710 1880 solum
1734 1843 1832 1896 per

233 1943 254 1971 ‹
289 1937 488 1975 omnes
521 1920 748 1973 Paschae
776 1919 1181 1984 solemnitates,
1213 1917 1311 1972 sed
1342 1923 1398 1970 et
1420 1916 1572 1970 omni
1611 1916 1701 1969 die
1731 1932 1832 1986 po-

235 2032 257 2058 ·
285 2011 436 2080 palis
465 2009 815 2062 immolatur.
853 2028 878 2059 δ)

296 2100 510 2154 ΙΑΝΡΒ.
562 2099 627 2151 ln
674 2097 857 2167 seipso
887 2096 1059 2150 semel
1088 2094 1412 2148 immolatus
1440 2099 1526 2148 est
1555 2093 1830 2158 Christus,

238 2187 361 2257 quia
387 2188 453 2240 in
483 2185 938 2239 manifestatione
959 2184 1047 2238 sui
1084 2185 1354 2254 corporis,
1388 2184 1448 2237 in
1477 2183 1833 2237 distinctione

236 2275 621 2329 membrorum
671 2273 925 2327 omnium
975 2289 1140 2326 verus
1171 2273 1320 2326 Deus
1367 2277 1424 2325 et
1468 2289 1631 2326 verus
1670 2273 1836 2324 homo

234 2364 404 2417 semel
441 2368 669 2416 tantum
697 2363 757 2415 in
798 2378 963 2415 cruce
1010 2361 1294 2432 pependit,
1329 2361 1566 2414 offerens
1593 2360 1842 2429 seipsum

236 2453 387 2506 Patri
419 2451 671 2505 hostiam
706 2451 909 2515 vivam,
958 2449 1300 2520 passibilem,
1343 2450 1658 2513 mortalem,
1689 2448 1842 2501 vivo-

237 2558 362 2595 rum
388 2558 457 2594 ac
486 2546 845 2593 mortuorum
878 2539 1280 2609 redemptionis
1309 2540 1613 2602 efﬁcacem,
1648 2553 1843 2591 eorum

239 2631 497 2684 videlicet
543 2646 686 2699 quos
735 2628 909 2682 divini
948 2627 1165 2682 concilii
1215 2626 1453 2681 altitudo
1491 2626 1845 2679 redimendos

237 2719 534 2788 judicavit,
583 2717 877 2787 praescivit,
910 2717 1342 2787 praedestinavit,
1393 2715 1625 2781 vocavit,
1667 2714 1848 2768 modis

244 2816 409 2879 atque
439 2806 798 2876 temporibus
830 2805 1030 2875 quibus
1049 2805 1105 2858 id
1130 2804 1252 2858 ﬁeri
1278 2803 1639 2873 congruebat.
1670 2805 1735 2857 In
1766 2820 1852 2856 sa-

247 2901 540 2951 cramento
572 2900 764 2948 tamen
795 2895 943 2964 quod
972 2894 1030 2946 in
1066 2895 1236 2964 hujus
1264 2893 1346 2946 rei
1379 2893 1711 2946 memoriam
1738 2891 1853 2944 fre-

250 2991 488 3056 quentat
517 2984 787 3046 Ecclesia,
819 2999 948 3036 caro
977 2981 1200 3035 Domini
1232 2981 1480 3052 quotidie
1508 2981 1848 3044 immolatur,

1989 1833 2197 1885 LANFR.
2231 1833 2357 1886 Non
2396 1833 2628 1886 deberes
2654 1832 2838 1886 dicere
2871 1852 2883 1885 :
2921 1852 2948 1886 α
2980 1835 3301 1903 Consentio,
3323 1837 3512 1908 inquit

1919 1937 1945 1970 «
1973 1921 2330 1990 Burgundus,
2361 1939 2388 1972 »
2409 1921 2508 1974 sed
2536 1922 2822 1975 consentio
2855 1939 2957 1992 ego
2978 1924 3380 1995 Berengarius;
3413 1933 3515 1981 tua

1918 2009 2068 2062 enim
2097 2010 2214 2062 haec
2244 2009 2414 2064 verba
2443 2010 2692 2075 fuerunt,
2735 2013 2852 2064 haec
2881 2017 2937 2064 te
2985 2013 3211 2067 credere
3259 2019 3517 2069 sanctum

1916 2097 2214 2151 concilium
2243 2097 2508 2162 fefellisti,
2540 2099 2658 2151 hzec
2689 2104 2745 2151 te
2767 2104 3122 2154 servaturum
3146 2103 3517 2172 jurejurando

1916 2186 2170 2240 ﬁrmasti.
2204 2185 2554 2240 Venerabilis
2613 2186 2977 2253 Humbertus,
3033 2206 3200 2259 quem
3246 2192 3406 2262 quasi
3435 2208 3524 2246 ex-

1922 2274 2239 2344 probrando
2269 2275 2638 2343 Burgundum
2667 2276 2947 2338 nominas,
2983 2278 3142 2346 quasi
3185 2295 3298 2332 non
3346 2281 3524 2350 possit

1927 2363 2076 2415 Deus
2106 2361 2312 2415 habere
2346 2362 2404 2414 in
2434 2363 2762 2432 Burgundia
2788 2380 2975 2419 servos
3007 2383 3158 2432 suos,
3199 2367 3340 2421 nihil
3368 2369 3524 2422 aliud

1930 2450 2078 2515 fecit,
2111 2450 2217 2503 nisi
2246 2451 2392 2520 quod
2415 2451 2750 2521 scripturam
2770 2452 2970 2521 ipsam,
3004 2455 3361 2525 praecipiente
3398 2473 3526 2525 syn-

1927 2540 2050 2603 odo,
2082 2555 2253 2592 manu
2291 2539 2350 2592 in
2387 2555 2620 2592 manum
2661 2539 2764 2593 tibi
2810 2542 3074 2610 porrexit.
3109 2543 3339 2610 Oerum,
3383 2561 3414 2598 o
3444 2545 3527 2599 in-

1927 2628 2056 2682 felix
2083 2628 2290 2694 anima,
2324 2628 2393 2681 de
2411 2629 2608 2682 haeresi
2628 2628 2699 2681 ad
2727 2631 3040 2698 periurium
3065 2631 3223 2702 prius
3250 2633 3525 2700 transisti,

1930 2733 2079 2770 nunc
2144 2716 2350 2770 iterum
2402 2717 2470 2770 de
2517 2717 2765 2786 perjurio
2813 2719 2882 2770 ad
2923 2719 3179 2772 haeresim
3217 2721 3530 2786 remeasti;

1931 2810 2228 2876 prOpterea
2268 2805 2508 2858 traditus
2553 2805 2613 2858 in
2661 2805 2964 2875 reprobum
3013 2824 3237 2862 sensum
3279 2815 3532 2863 sanctam

1936 2895 2249 2948 Romanam
2289 2893 2592 2946 Ecclesiam
2644 2909 2806 2947 vocas
2861 2895 3167 2948 Ecclesiam
3214 2897 3531 2967 malignan-

1936 2982 2099 3049 tium,
2141 2980 2440 3034 concilium
2474 2981 2754 3046 vanitatis,
2798 2983 2989 3036 sedem
3035 2984 3273 3039 Satanae.
3318 2986 3388 3039 Et
3427 2986 3535 3040 hoc

247 3074 543 3138 dividitur,
574 3072 907 3137 comeditur,
940 3077 998 3125 et
1045 3071 1276 3140 sanguis
1305 3072 1428 3140 ejus
1457 3071 1527 3124 de
1566 3069 1736 3123 calice
1784 3070 1852 3122 ﬁ-
1875 3084 1918 3142 ρ,
1940 3070 2112 3141 impio
2137 3086 2232 3122 ore
2252 3068 2499 3139 garristi,
2533 3070 2682 3138 quod
2699 3071 2944 3139 garrisse
2973 3087 3138 3127 nemo
3167 3073 3393 3143 legitur,
3417 3091 3534 3128 non

252 3164 464 3217 delium
493 3179 597 3216 ore
621 3166 866 3232 potatur.
903 3161 1149 3230 Utraque
1172 3176 1319 3223 vera,
1367 3164 1604 3229 utraque
1633 3159 1701 3212 de
1729 3158 1858 3211 Vir—

251 3253 382 3322 gine
413 3255 668 3321 sumpta.
694 3248 947 3304 Sumitur
974 3249 1203 3319 quidem
1239 3265 1368 3302 caro
1403 3264 1502 3318 per
1526 3264 1604 3314 se,
1639 3252 1698 3300 et
1734 3262 1860 3299 san-

255 3341 377 3411 guis
406 3357 518 3412 per
548 3356 612 3393 se
632 3355 746 3392 non
771 3339 892 3392 sine
922 3337 1058 3391 certi
1085 3337 1341 3408 mysterii
1369 3336 1611 3393 ratione.
1655 3336 1860 3398 Quam-

255 3430 337 3482 vis
380 3429 497 3482 alio
529 3427 831 3481 locutionis
868 3426 1034 3480 modo
1060 3431 1213 3479 totus
1239 3425 1494 3479 Christus
1531 3423 1860 3477 manducari

258 3517 482 3570 dicatur
509 3521 571 3568 et
612 3515 890 3579 credatur,
927 3513 1137 3568 scilicet
1167 3530 1294 3567 cum
1331 3512 1444 3566 vita
1473 3518 1702 3577 aeterna,
1736 3527 1857 3581 quae

255 3605 375 3674 ipse
404 3610 514 3670 est,
548 3603 834 3674 spirituali
881 3603 1159 3657 desiderio
1190 3602 1493 3673 appetitur,
1525 3618 1654 3655 cum
1682 3616 1861 3654 recor-

259 3694 411 3748 datio
439 3693 847 3746 mandatorum
873 3693 991 3761 ejus
1020 3708 1189 3762 super
1210 3692 1322 3744 mel
1350 3696 1406 3744 et
1434 3692 1622 3744 favum
1650 3688 1864 3742 dulcior

257 3783 317 3835 in
345 3788 542 3837 mente
568 3781 828 3847 habetur,
852 3798 981 3834 cum
1008 3781 1255 3834 fraterna
1295 3780 1561 3848 Charitas,
1602 3780 1762 3848 cujus
1787 3776 1864 3830 si-

257 3887 436 3939 gnum
476 3871 587 3924 hoc
633 3874 1051 3923 sacramentum
1078 3874 1280 3939 gestat,
1309 3886 1410 3938 pro
1440 3867 1648 3922 Christi
1675 3881 1864 3919 amore

259 3959 540 4029 diligitur,
570 3975 699 4011 cum
729 3958 966 4011 dulciter
984 3963 1154 4028 atque
1181 3957 1480 4011 salubriter
1507 3957 1566 4009 in
1595 3955 1866 4008 memoria

258 4049 591 4102 reconditur
620 4048 769 4117 quod
817 4064 918 4118 pro
974 4047 1156 4100 salute
1184 4046 1477 4100 hominum
1516 4042 1864 4098 contumeliis

257 4138 337 4190 sit
380 4139 636 4201 aﬁ'ectus,
682 4153 845 4190 cruce
885 4151 1206 4206 suspensus,
1257 4135 1426 4188 clavis
1476 4133 1693 4199 afﬁxus,
1750 4132 1868 4184 lan-

259 4243 365 4280 cea
396 4227 745 4280 vulneratus.
774 4226 1025 4295 Utraque
1044 4225 1310 4278 comestio
1342 4222 1676 4286 necessaria,
1709 4226 1868 4274 utra-

1940 3159 2254 3225 hmreticus,
2309 3174 2422 3211 non
2483 3157 2895 3224 schismaticus,
2940 3177 3053 3214 non
3107 3162 3282 3216 falsus
3329 3163 3536 3233 aliquis

1941 3248 2309 3301 Christianus.
2337 3247 2624 3316 Quotquot
2640 3248 2786 3300 enim
2819 3265 2853 3300 a
2880 3248 3186 3318 primordio
3203 3251 3539 3306 Christianae

1942 3335 2198 3391 Ecclesiae
2221 3335 2525 3391 Christiani
2557 3334 2802 3389 nominis
2827 3336 3102 3406 dignitate
3121 3339 3347 3407 gloriati
3381 3345 3535 3407 sunt,

1944 3424 2048 3478 etsi
2080 3424 2274 3494 aliqui,
2297 3423 2489 3476 relicto
2512 3423 2762 3477 veritatis
2786 3425 3032 3491 tramite,
3066 3443 3168 3496 per
3187 3428 3351 3482 devia
3381 3445 3541 3484 erro-

1942 3513 2020 3566 ris
2052 3512 2312 3566 incedere
2353 3512 2692 3578 maluerunt,
2736 3513 2927 3566 sedem
2966 3519 3158 3569 tamen
3193 3515 3343 3570 beati
3379 3518 3516 3572 Petr

1942 3601 2181 3672 apostoli
2213 3601 2509 3670 magniﬁce
2531 3601 2963 3670 honoraverunt,
2988 3604 3316 3676 nullamque
3341 3606 3540 3661 adver-

1949 3707 2044 3744 sus
2065 3706 2190 3744 eam
2217 3689 2537 3757 hujusmodi
2556 3689 2966 3760 blasphemiam
2986 3693 3075 3745 vel
3094 3693 3277 3748 dicere
3305 3695 3391 3748 vel
3411 3696 3544 3750 scri-

1946 3777 2078 3832 bere
2105 3782 2603 3849 prasumpserunt.
2637 3778 2797 3840 Quod
2824 3779 3204 3835 indubitatum
3245 3782 3417 3838 habet
3445 3785 3543 3854 qui

1947 3883 2140 3920 eorum
2182 3865 2392 3935 scripta
2437 3865 2590 3935 legit,
2637 3883 2758 3936 qum
2803 3868 3036 3922 diversis
3077 3871 3445 3940 temporibus,
3477 3889 3544 3926 ac

1947 3954 2182 4009 diversis
2199 3954 2268 4007 de
2291 3954 2474 4007 causis
2497 3954 2656 4008 sedes
2680 3956 2984 4024 apostolica
3013 3956 3086 4010 ab
3105 3958 3185 4011 eis
3212 3959 3543 4014 transmissa

1944 4045 2029 4098 vel
2065 4048 2324 4114 porrecta
2373 4043 2602 4112 recepit.
2645 4044 2897 4113 Denique
2921 4045 3041 4114 ipse
3070 4046 3341 4101 Dominus
3369 4049 3542 4103 hono-

1947 4132 2102 4186 riﬁce
2151 4130 2456 4201 alloquitur
2483 4147 2608 4185 eam
2643 4131 2702 4184 in
2750 4132 3048 4202 Evangelia
3091 4133 3280 4188 dicens
3313 4155 3326 4189 :
3382 4139 3460 4190 Tu
3489 4153 3542 4191 es

1949 4222 2162 4284 Petrus,
2213 4224 2262 4272 et
2299 4235 2462 4287 super
2495 4219 2638 4272 hanc
2678 4225 2902 4287 petram
2941 4222 3212 4287 aediﬁcabo
3240 4224 3539 4278 Ecclesiam

261 4332 379 4386 que
409 4316 717 4369 fructuosa.
747 4314 943 4368 Altera
970 4314 1186 4383 indiget
1223 4313 1474 4378 alterius,
1515 4316 1579 4365 ut
1607 4310 1736 4364 boni
1765 4309 1931 4386 ali-ﬁ
1950 4323 2147 4361 meam.
2164 4308 2231 4360 Et
2238 4311 2408 4374 parte
2423 4309 2598 4373 inferi
2617 4324 2728 4361 non
2737 4311 3379 4375 pravalebuntadversus
3398 4329 3540 4367 eam.

261 4369 408 4474 quid
437 4409 723 4475 operetur.
754 4404 902 4456 Nam
949 4369 1123 4474 prio;
1145 4403 1194 4456 si
1225 4401 1388 4466 desit,
1431 4369 1707 4470 posterior
1755 4369 2018 4452 nonDEt
2048 4397 2150 4449 tibi
2179 4369 2318 4448 dabo
2361 4369 2532 4449 claves
2577 4369 3036 4463 regni-calorum.
3087 4399 3156 4452 Et
3184 4402 3545 4471 quodcunque

259 4493 457 4545 solum
504 4498 732 4563 peccata
780 4508 895 4545 non
934 4495 1157 4562 purgat,
1211 4489 1310 4543 sed
1356 4487 1528 4542 etiam
1574 4492 1762 4556 auget,
1815 4490 1869 4539 et

259 4586 710 4652 praesumptores
740 4579 974 4650 judicat.
1010 4581 1117 4646 Qui
1141 4582 1290 4632 enim
1319 4578 1621 4630 manducat
1651 4581 1699 4628 et
1737 4577 1871 4629 bibit

262 4672 526 4737 indigne,
549 4671 838 4737 judicium
861 4670 969 4722 sibi
991 4668 1293 4722 manducet
1323 4671 1372 4718 et
1401 4666 1534 4718 bibit
1557 4667 1611 4733 (Ι
1635 4666 1754 4719 Cor.
1796 4681 1867 4716 x1.

261 4756 387 4826 29).
442 4759 620 4811 Porro
667 4757 943 4828 posterior
987 4756 1110 4810 sine
1155 4755 1342 4826 priore
1387 4769 1508 4807 esse
1548 4769 1661 4806 non
1690 4756 1874 4822 potest

260 4855 368 4901 aut
405 4863 521 4900 non
549 4846 735 4900 debet.
768 4846 910 4900 llinc
949 4861 1196 4915 namque
1241 4842 1402 4914 panis
1443 4841 1801 4913 quotidianus
1839 4857 1872 4893 a

261 4936 520 4990 Domino
550 4935 777 5002 dicitur,
812 4935 957 4989 sicut
985 4951 1020 4988 a
1053 4933 1220 4987 beato
1249 4931 1545 4985 Ambrosio
1577 4929 1867 5002 (Sacram,

260 5041 313 5078 c.
344 5023 427 5092 4),
455 5030 516 5078 et
544 5029 740 5078 sancto
760 5024 1044 5100 Cypriane
1071 5021 1382 5092 exponitur,
1407 5025 1462 5073 et
1489 5019 1549 5072 in
1576 5001 1875 5087 Evangelio

264 5114 511 5185 legitur:
528 5115 658 5167 Nisi
671 5114 1145 5167 manducaveritis
1161 5125 1385 5165 carnem
1401 5109 1534 5162 Filii
1553 5109 1813 5172 hominis,
1829 5112 1877 5160 et

266 5205 532 5257 biberitis
560 5206 678 5271 ejus
698 5205 1051 5268 sanguinem,
1077 5216 1188 5254 non
1210 5199 1483 5252 habebibis
1511 5198 1683 5249 vitam
1706 5198 1770 5248 in
1792 5212 1878 5249 υο-

268 5293 358 5343 bis
395 5293 578 5355 (Joan.
605 5303 683 5354 v1,
734 5289 841 5359 54).
873 5289 942 5343 Et
967 5289 1112 5342 sacri
1141 5301 1381 5341 canones
1399 5283 1602 5354 jubent
1630 5298 1744 5335 non
1776 5283 1878 5335 ha-

263 5378 495 5433 bendos
546 5379 696 5432 inter
744 5377 1046 5432 catholicos
1092 5376 1187 5447 qui
1233 5376 1583 5429 sacramento
1635 5369 1882 5441 corporis

265 5467 491 5522 Christi
530 5483 646 5521 non
674 5466 1110 5532 communicant,
1158 5463 1268 5518 nisi
1306 5463 1447 5516 forte
1488 5460 1883 5532 poenitentium

263 5573 456 5624 more,
487 5563 547 5612 et
570 5554 873 5628 episcopali
896 5555 1128 5626 judicio,
1152 5570 1252 5626 pro
1276 5550 1606 5624 capitalibus
1635 5535 1884 5622 peccatis

557 5657 823 5742 PATROL:
853 5654 982 5736 CL?

1954 4487 2213 4553 ligaveris
2233 4499 2397 4552 super
2426 4489 2652 4549 terram,
2685 4487 2796 4538 erit
2835 4488 3074 4553 ligatum
3111 4488 3164 4541 et
3189 4490 3254 4542 in
3283 4493 3444 4544 cretis.
3477 4491 3546 4545 Et

1954 4576 2311 4642 quodcunque
2329 4575 2551 4626 solveris
2569 4589 2733 4640 super
2752 4577 2981 4638 terram,
3003 4577 3109 4629 erit
3133 4577 3377 4632 solutum
3403 4585 3453 4634 et
3480 4583 3548 4635 in

1954 4665 2094 4717 catis
2119 4663 2327 4730 (Matth.
2373 4675 2480 4725 va,
2517 4660 2598 4727 18,
2633 4660 2740 4729 19).
2781 4662 2914 4725 Quae
2947 4665 3175 4718 tametsi
3202 4665 3272 4719 de
3312 4670 3548 4738 pastori-

1954 4751 2057 4805 bus
2077 4756 2281 4805 sanctze
2299 4749 2554 4804 Ecclesiae
2584 4750 2734 4804 dicta
2763 4767 2883 4804 esse
2904 4752 3224 4820 credantur,
3258 4761 3316 4809 et
3351 4773 3387 4811 a
3421 4759 3548 4829 qui-

1953 4838 2189 4893 busdam
2223 4838 2509 4892 catholicis
2547 4843 2914 4908 exponantur,
2946 4842 3224 4912 praecipue
3254 4848 3446 4900 tamen
3475 4848 3546 4901 de

1954 4929 2209 4982 Romana
2237 4929 2481 4982 Ecclesia
2505 4927 2868 4997 intelligenda
2891 4945 3012 4983 esse
3041 4932 3188 4986 sacri
3215 4949 3457 4990 canones
3491 4941 3550 4990 et

1957 5017 2286 5087 pontiﬁcum
2315 5016 2537 5070 decreta
2564 5020 2860 5069 testantur.

2534 5104 2766 5170 CAPUT
2796 5105 2968 5160 XVII.

2033 5195 2272 5248 Benene.
2314 5214 2336 5243 (ι
2371 5193 2507 5257 Quis
2538 5193 2688 5247 enim
2720 5199 2820 5247 aut
2852 5195 3070 5249 ratione
3117 5197 3408 5267 concipiat,
3453 5205 3553 5254 aut

1967 5301 1993 5335 «
2025 5299 2126 5353 per
2145 5281 2483 5335 miraculum
2511 5281 2635 5334 ﬁeri
2658 5297 2820 5351 posse
2841 5284 3126 5348 concedat,
3147 5298 3348 5354 panem
3368 5283 3554 5358 frangi

1969 5392 1991 5419 α
2026 5371 2086 5423 in
2106 5369 2316 5423 Christi
2342 5385 2590 5440 corpore,
2624 5370 2772 5439 quod
2793 5375 2919 5440 post
2942 5372 3407 5428 resurrectionem
3435 5380 3556 5430 tota

1971 5479 1994 5509 α
2027 5459 2179 5528 viget
2206 5457 2751 5528 incorruptibilitate,
2785 5464 2840 5511 et
2878 5475 3054 5530 usque
3083 5460 3143 5514 in
3176 5466 3432 5533 tempora
3461 5481 3554 5520 re-

1973 5567 1997 5600 «
2032 5547 2342 5604 stitutionis
2362 5547 2615 5602 omnium
2641 5547 2778 5631 ccelo
2797 5553 2990 5605 manet
3011 5547 3447 5608 indevocabile.»

3237 5651 3313 5716 14
