3978 6174
238 280 339 346 ne
1078 266 1298 343 LIBER
1332 276 1429 342 DE
1465 258 1805 344 coerces
1843 259 1933 344 Er
1970 266 2339 344 emeatus
2376 278 2659 345 eorum.
3399 277 3511 346 430

237 406 484 484 antiquae
513 411 669 483 pacis
686 402 917 465 omittas
935 411 961 464 ’ἶ
989 406 1115 466 Non
1137 417 1241 474 est,
1267 416 1332 467 ut
1362 420 1558 468 sancta
1585 403 1832 485 synodus
1849 416 1898 474 Α
1915 405 2098 479 cerde,
2132 422 2247 468 non
2280 413 2377 485 qui
2404 414 2610 486 premit
2629 403 2814 468 dente.
2852 423 2883 464 ι
2910 408 3044 477 Quae
3080 410 3272 467 autem
3288 410 3374 489 sit
3394 411 3507 468 hue

238 503 451 569 definit,
475 502 599 556 haec
627 516 757 555 caro
773 495 1007 571 alicujus
1031 500 1100 554 de
1113 503 1283 572 vulgo
1299 502 1680 568 hominis,non
1696 502 1835 573 justi
1910 504 2006 574 jus
2033 503 2373 558 Sacramenti
2399 502 2577 557 virtus
2601 502 2769 574 paulo
2823 502 2951 574 post
3002 500 3228 573 exponit
3271 494 3460 557 dicens
3488 518 3505 557 :

237 596 287 646 et
316 588 657 645 sanetiﬂcati
683 582 946 654 hominis,
978 589 1074 643 sed
1124 584 1311 660 potius
1340 591 1429 646 cui
1474 586 1593 662 ipse
1619 593 1831 650 unitas,
1923 602 1949 644 ι
1975 593 2188 656 Nolunt
2215 580 2408 646 fideles
2435 602 2635 662 corpus
2683 589 2911 656 Christi,
2955 590 3005 644 si
3058 600 3259 662 corpus
3300 580 3514 646 Christi

236 674 284 735 id
305 685 414 745 est,
449 681 779 734 incarnatus
806 683 891 731 est
910 678 1011 732 Dei
1032 681 1089 732 et
1108 679 1373 737 hominis.
1410 674 1570 744 Quod
1598 695 1728 735 vero
1758 681 1838 734 ait
1919 694 2041 735 esse
2065 689 2178 735 non
2206 670 2514 752 negligant.
2548 670 2714 734 Fiant
2739 692 2940 751 corpus
2984 678 3221 743 Christi,
3244 679 3294 735 si
3316 680 3517 735 rotant

234 760 653 824 benedictiones
685 767 972 838 mysticas,
1031 767 1112 821 sic
1160 768 1369 823 dictum
1429 768 1635 842 accipe,
1679 760 1834 840 quasi
1922 762 2105 824 vivere
2135 768 2203 824 de
2235 769 2450 841 Spiritu
2471 768 2701 824 Christi.
2737 787 2762 821 »
2794 768 2865 823 Et
2889 772 3015 839 post
3058 767 3246 840 aliqua
3278 784 3343 821 τε
3376 756 3519 824 Inde

236 860 446 914 diceret
475 860 744 912 secretas.
778 849 1109 927 Mysterium
1151 868 1417 929 namque,
1463 859 1608 913 sicut
1642 858 1841 914 beatus
1924 863 2009 913 est
2035 859 2184 930 quod
2213 866 2495 931 esponens
2510 856 2671 912 nobis
2688 858 2973 929 apostolus
3000 849 3207 912 Paulus
3232 857 3385 912 hunc
3421 861 3517 935 ρει-

236 948 589 1018 Augustinus
616 945 676 999 in
711 939 855 999 libro
882 945 966 999 De
995 945 1408 1000 catechizandis
1432 946 1666 1001 rudiins
1687 948 1838 1014 dicit,
1923 957 2074 1002 nem.
2099 948 2247 1002 Unus
2282 950 2467 1016 panis,
2488 947 2690 1018 inquit,
2714 962 2892 1000 unum
2915 956 3113 1016 Corpus
3128 938 3299 1000 multi
3324 952 3523 1001 summa

240 1024 503 1091 asecreto
533 1046 740 1089 nomen
759 1034 991 1104 accepit.
1018 1034 1164 1098 Quid
1191 1034 1341 1088 enim
1373 1036 1641 1090 secretius
1672 1044 1842 1107 quam
1929 1026 1975 1105 (1
1996 1036 2116 1091 Cor.
2140 1053 2191 1102 x,
2224 1024 2337 1104 i7).
2374 1036 2418 1090 Ο
2466 1038 2881 1089 sacramentum
2930 1034 3177 1105 pietatis,
3206 1051 3239 1088 ο
3294 1022 3524 1106 signum

240 1125 399 1197 panis
416 1124 650 1194 vinique
682 1118 925 1194 speciem
951 1122 1291 1193 conspicere,
1314 1136 1573 1194 saporem
1591 1129 1840 1195 gustare,
1927 1111 2181 1197 unitatis,
2207 1139 2239 1178 ο
2269 1124 2551 1179 vinculum
2569 1122 2860 1177 charitatis
2886 1125 2899 1176 i
2928 1142 2954 1175 »

243 1194 454 1269 iactum
486 1212 719 1272 sentire,
755 1217 813 1266 et
838 1215 1029 1266 tamen
1070 1212 1405 1267 mirabiliter
1432 1194 1700 1284 operante
1730 1212 1846 1267 Deo
2009 1194 2025 1208 ’
2495 1204 2727 1267 CAPUT
2753 1205 2953 1267 XVIII.

242 1320 429 1358 veram
461 1314 692 1356 carnem
745 1312 1052 1370 verumque
1106 1300 1438 1370 sanguinem
1469 1300 1714 1366 credere,
1756 1311 1850 1354 co-
2003 1301 2367 1374 Propulsatis,
2389 1307 2661 1373 quantum
2693 1302 2831 1354 satis
2858 1301 3035 1355 visum
3069 1306 3172 1373 est,
3207 1297 3522 1367 Calamidis,

244 1393 492 1457 medere,
520 1389 751 1445 bibere?
776 1390 910 1454 Has,
961 1392 1019 1443 et
1039 1388 1368 1460 hujusmodi
1408 1391 1715 1461 scripturas
1752 1398 1853 1461 per
1935 1407 2073 1471 quas
2102 1390 2160 1447 in
2185 1391 2581 1445 Contumeliam
2615 1388 2912 1443 Humberti
2942 1387 3187 1461 episcopi
3209 1392 3535 1471 sanciqu

245 1487 429 1535 totum
479 1481 600 1535 fere
648 1479 965 1533 divinarum
1020 1478 1340 1532 litterarum
1380 1495 1582 1550 corpus
1611 1478 1850 1549 sparsim
1934 1480 2202 1533 Romanae
2232 1478 2487 1532 Ecclesiae
2517 1483 2731 1532 temere
2763 1477 3064 1548 protulisti,
3085 1477 3379 1548 scripsisti,
3411 1478 3534 1534 edis

248 1568 501 1635 diffusas,
524 1569 572 1623 si
592 1573 782 1622 amoto
800 1567 984 1621 inanis
1015 1567 1301 1637 jactantiae
1331 1567 1604 1638 appetitu,
1635 1584 1738 1639 pro
1766 1568 1854 1621 in-
1936 1563 2089 1631 disti,
2120 1565 2401 1636 reliquam
2434 1570 2519 1619 est
2542 1571 2605 1619 ut
2634 1554 2801 1619 ﬁdem
2823 1572 3030 1620 sanctae
3077 1558 3335 1622 Ecclesiae
3364 1573 3535 1639 atque

250 1658 507 1712 tentione
532 1658 659 1712 vitae
682 1662 905 1711 ueterum
934 1656 1226 1711 humiliter
1255 1658 1489 1727 legeres,
1525 1657 1573 1710 si
1603 1658 1752 1710 inter
1782 1656 1857 1709 le-
1938 1654 2258 1725 opinionem
2289 1659 2399 1708 tua;
2431 1659 2593 1708 sectae
2616 1654 3010 1725 compendiose
3039 1666 3415 1726 exponamus;
3438 1672 3537 1711 exe

253 1748 504 1818 gendum
532 1746 723 1828 effusis
777 1746 847 1800 ad
897 1746 1205 1799 Dominum
1249 1746 1508 1816 precibus
1554 1746 1920 1828 impetrataB
1940 1744 2151 1814 positas
2180 1743 2371 1813 paucis
2401 1741 2831 1797 auctoritatibus
2886 1741 3256 1814 brevibusque
3305 1745 3539 1801 rationis

250 1835 443 1889 divina
469 1835 661 1907 gratia
685 1826 1049 1906 intelligeres,
1085 1833 1129 1888 si
1161 1850 1229 1887 ea
1258 1850 1379 1904 quae
1401 1834 1471 1888 ad
1498 1835 1743 1888 litteram
1767 1849 1861 1887 ac-

248 1925 370 1995 cipi,
401 1929 461 1978 et
491 1940 563 1977 ea
591 1940 713 1995 quae
743 1923 1114 1994 spiritualiter
1141 1929 1362 1993 oportet
1378 1918 1637 1993 intelligi,
1676 1922 1864 1977 Chris-

241 2013 393 2067 tiana
422 2012 649 2067 cautela
678 2012 1072 2082 distingueres,
1126 2012 1320 2083 procul
1376 2011 1545 2066 dubio
1602 2010 1858 2066 crederes

248 2101 391 2171 quod
424 2100 768 2155 universalis
801 2101 1049 2155 Ecclesia
1099 2100 1298 2169 credit,
1348 2099 1684 2171 praedicares
1711 2098 1861 2170 quod

246 2190 562 2260 apostolica
589 2189 846 2243 doctrina
872 2189 930 2243 in
957 2194 1079 2244 tota
1107 2188 1304 2243 mundi
1333 2188 1632 2243 latitudine
1661 2188 1857 2259 praedi-

246 2279 487 2333 candum
513 2277 783 2345 instituit,
815 2293 1042 2332 carnem
1075 2277 1286 2332 scilicet
1314 2294 1377 2331 ac
1393 2278 1725 2348 sanguinem
1745 2278 1857 2331 Do-

1942 1830 2065 1897 bus,
2089 1848 2259 1886 unam
2278 1831 2598 1903 probemus,
2622 1833 2857 1886 alteram
2877 1830 3539 1903 improbemusPlurima'

1946 1919 2094 1974 enim
2128 1936 2192 1973 ac
2221 1920 2436 1991 prolixa
2462 1922 2550 1974 vel
2598 1919 2922 1974 testimoma
2974 1920 3409 1992 Scripturarum,
3451 1923 3542 1977 rei

1940 2009 2299 2064 ﬁrmamenta
2310 2010 2752 2082 disputationum
2770 2010 3089 2081 epistolaris
3108 2009 3353 2066 brevitas
3365 1998 3544 2066 inseri

1942 2117 2053 2156 non
2076 2102 2372 2174 permittit,
2393 2118 2494 2155 nec
2515 2102 2657 2156 ratio
2679 2107 2779 2155 aut
2797 2101 3102 2156 necessitas
3120 2098 3238 2155 ulla
3259 2101 3508 2173 exposcit
3518 2126 3539 2159 .-

1942 2191 2086 2245 Nam
2119 2191 2214 2262 qui
2245 2190 2437 2244 ﬁdeles
2454 2195 2605 2253 sunt,
2631 2202 2729 2244 seu
2752 2191 2874 2261 [al.,
2917 2190 3043 2259 sed]
3067 2182 3377 2261 depravati,
3409 2198 3542 2261 pra:-

1940 2279 2101 2334 vitati
2126 2296 2239 2333 sua;
2292 2278 2654 2335 defendenda:
2684 2279 3052 2350 pertinaciter
3090 2287 3203 2334 nun
3251 2278 3540 2335 insistunt.

249 2366 383 2420 mini
415 2365 605 2421 nostri
658 2367 790 2429 Jesu
846 2366 1075 2431 Christi,
1113 2373 1169 2421 et
1225 2382 1323 2421 ore
1354 2367 1623 2437 corporis,
1658 2372 1713 2420 et
1762 2378 1860 2420 ore
1944 2368 2053 2423 Sed
2082 2368 2271 2440 potius
2301 2368 2600 2422 intellectis
2626 2367 3076 2434 auctoritatibus,
3110 2367 3431 2443 auditisque
3458 2386 3545 2425 ra-

252 2456 458 2523 cordis,
490 2460 601 2509 hoc
634 2461 719 2509 est
743 2455 1110 2526 corporaliter
1138 2472 1203 2510 ac
1232 2455 1604 2527 spiritualiter
1622 2446 1864 2509 mandu-
1945 2454 2211 2522 tionibus,
2246 2457 2316 2511 ad
2345 2455 2491 2511 viam
2521 2457 2772 2511 veritatis
2800 2458 3091 2512 humiliter
3118 2458 3322 2513 reverti
3350 2475 3547 2515 concu-

254 2546 365 2599 cari
387 2551 449 2599 et
500 2544 645 2597 bibi.
705 2544 994 2614 Corporali
1045 2543 1326 2614 siquidem
1368 2560 1463 2598 ore
1502 2544 1868 2615 corporaliter
1950 2545 2175 2616 piscunt
2193 2561 2371 2617 pauca
2392 2545 2492 2611 eis,
2525 2550 2582 2598 et
2601 2562 2633 2598 a
2653 2545 2844 2616 paucis
2873 2545 3130 2600 sufﬁcere
3149 2550 3403 2617 possunt.
3437 2544 3550 2611 Qui

249 2634 671 2688 manducamm
700 2637 758 2686 et
785 2632 1045 2696 bibimus,
1075 2633 1295 2704 quoties
1345 2632 1415 2687 de
1459 2633 1624 2687 altari
1670 2628 1865 2686 Domi-
1949 2648 2079 2709 vero
2095 2632 2547 2691 contentionibus
2569 2632 2868 2701 deservire,
2893 2638 3062 2705 atque
3086 2636 3151 2689 in
3173 2650 3277 2689 sua
3299 2634 3544 2690 infideli-

255 2723 380 2778 nico
408 2723 605 2794 ipsum
650 2720 1004 2776 Dominicum
1035 2730 1237 2793 corpus
1286 2732 1388 2793 per
1416 2731 1648 2776 manum
1678 2738 1865 2783 sacer-
1946 2727 2065 2776 tate
2094 2722 2396 2795 persismre
2427 2722 2795 2777 decreverunt
2845 2739 2917 2777 ne
2970 2723 3093 2793 [al.,
3144 2722 3271 2795 necf
3297 2724 3351 2778 si
3380 2722 3549 2795 plura

258 2811 406 2867 dotis
433 2812 782 2883 accipimus;
826 2804 1107 2882 spirituali
1169 2818 1305 2864 vero
1353 2820 1449 2864 ere
1481 2809 1663 2864 cordis
1699 2809 1866 2881 spiri-
1949 2815 2381 2884 apponerentur,
2410 2816 2647 2883 possunt
2673 2810 2926 2881 pluribus
2955 2827 3077 2865 esse
3097 2811 3362 2866 contenti.

252 2900 491 2955 tualiter
519 2901 837 2955 comeditur
857 2904 913 2953 et
939 2900 1219 2965 hauritur,
1254 2900 1476 2970 quando
1526 2899 1774 2953 suaviter
1812 2903 1870 2952 et
2023 2900 2314 2955 Credimus
2367 2900 2542 2969 igitur
2587 2904 2840 2953 terrenas
2883 2898 3242 2963 substantias,
3305 2916 3431 2973 quae
3486 2901 3551 2956 iii

256 2990 497 3054 utiliter,
534 2988 685 3043 sicut
704 2988 905 3043 beatus
928 2988 1276 3059 Augustinus
1305 2988 1463 3053 dicit,
1508 2987 1567 3041 in
1598 2988 1871 3041 memoria
1953 3005 2148 3045 mensa
2176 2988 2484 3053 Dominica,
2508 3004 2609 3059 per
2645 2978 2991 3042 sacerdotale
3020 2988 3379 3055 mysterium,
3403 2984 3555 3059 diri-‘

250 3078 593 3133 reconditur
622 3078 770 3148 quod
815 3077 1143 3147 unigenitus
1192 3077 1300 3131 Dei
1356 3077 1529 3131 Filius
1559 3092 1659 3148 pro
1692 3076 1872 3131 salute
1891 3080 1933 3140 Ο
1955 3078 2105 3135 nitus
2133 3078 2575 3135 sanctiﬁcantur’.
2604 3076 2978 3139 inerrabiliter,
3010 3068 3549 3149 incomprehensibi—

253 3167 460 3221 mundi
484 3178 716 3221 carnem
745 3162 977 3236 accepit,
1011 3166 1069 3220 in
1100 3180 1264 3220 cruce
1307 3166 1591 3238 pependit,
1616 3181 1870 3219 resurre-
1952 3167 2100 3230 liter,
2146 3165 2500 3230 mirabiliter,
2531 3167 2801 3236 operante
2832 3182 3076 3237 superna
3113 3166 3383 3237 potentia,
3411 3182 3565 3239 con-1

250 3256 351 3321 xit,
388 3255 686 3326 apparuit,
709 3253 980 3321 ascendit,
1014 3260 1285 3310 venturus
1312 3255 1370 3308 in
1412 3255 1502 3309 die
1524 3253 1720 3325 judicli
1746 3254 1871 3323 dig-
1952 3249 2093 3309 verti
2142 3255 2203 3308 in
2255 3254 2553 3308 essentiam
2597 3254 2875 3308 Dominici
2922 3255 3189 3331 corporis,
3248 3256 3557 3311 reservatis

252 3361 354 3398 nas
379 3340 631 3413 singulis
660 3343 944 3397 mercedes
966 3344 1274 3415 rependere
1304 3359 1405 3417 pro
1436 3344 1553 3399 suis
1583 3343 1866 3414 eperibus.
1951 3344 2201 3413 ipsarum
2233 3359 2421 3397 rerum
2447 3342 2756 3415 speciebus,
2780 3347 2838 3397 et
2883 3342 3217 3414 quibusdam
3249 3336 3380 3399 aiﬁs
3414 3354 3549 3416 quas

253 3434 388 3497 Quae
447 3432 726 3487 comestio
784 3436 916 3486 tunc
970 3435 1159 3498 2'44
1209 3436 1295 3491 est
1317 3431 1473 3487 utilis
1528 3431 1868 3504 panperibus

255 3521 488 3587 Christi,
521 3522 595 3585 si,
629 3520 699 3574 ad
727 3520 872 3575 tanti
916 3520 1101 3574 divitis
1145 3526 1265 3575 tam
1320 3537 1586 3594 magnam
1614 3537 1867 3574 mensam

253 3612 541 3675 sedentes,
599 3609 681 3662 sic
734 3609 909 3668 edunt
939 3615 1002 3664 ut
1029 3614 1373 3676 saturentur,
1407 3611 1486 3664 sic
1529 3610 1782 3664 recolunt
1804 3614 1868 3664 ut

255 3700 581 3763 imitentur,
617 3697 802 3768 parati
831 3713 1054 3770 semper
1076 3699 1221 3752 mori
1261 3716 1362 3771 pro
1396 3699 1639 3762 Christo,
1674 3699 1868 3752 morti-

256 3789 499 3843 ﬁcaan
513 3787 732 3857 jugiter
747 3786 1000 3840 membra
1014 3804 1117 3841 sua
1146 3803 1269 3860 quae
1297 3792 1429 3842 sunt
1457 3804 1627 3858 super
1654 3790 1864 3841 terram

258 3877 482 3941 (Colon.
518 3889 603 3941 In,
638 3875 711 3944 5),
742 3881 799 3929 et
827 3874 1216 3946 cruciﬁgentes
1275 3892 1500 3931 carnem
1556 3894 1715 3931 suam
1738 3893 1867 3932 cum

256 3965 413 4021 vitiis
438 3971 500 4019 et
518 3965 989 4036 concupiscentiis
1010 3966 1153 4035 (Gal.
1198 3982 1249 4031 v,
1283 3964 1396 4035 24),
1431 3966 1574 4020 sicut
1595 3966 1866 4037 scriptum

254 4059 377 4107 est:
418 4075 441 4105 ι
465 4053 556 4125 Ad
588 4070 841 4108 mensam
874 4070 1135 4123 magnam
1158 4054 1373 4120 sedisti,
1424 4054 1561 4108 scito
1601 4056 1863 4126 quoniam

252 4142 399 4198 talia
422 4148 483 4196 te
508 4146 734 4215 oportet
753 4159 1071 4215 praeparare
1088 4144 1273 4205 lEccli.
1299 4157 1451 4209 XXXI,
1472 4141 1585 4212 1‘1).
1602 4161 1627 4195 ι)
1647 4143 1728 4197 De
1743 4160 1868 4199 cor-

251 4232 439 4303 porali
462 4231 809 4286 comestione
825 4230 1113 4302 discipulis
1133 4248 1167 4285 a
1192 4231 1430 4285 Domino
1455 4216 1659 4285 dicitur
1678 4247 1689 4283 :
1711 4231 1867 4284 Acci-

244 4324 389 4388 pite,
416 4321 773 4380 manducate.
795 4320 845 4372 et
868 4320 1053 4386 bibite,
1076 4321 1173 4373 hoc
1198 4326 1273 4374 est
1300 4336 1495 4387 corpus
1513 4336 1695 4373 meum
1729 4316 1873 4387 quod

1950 3431 2221 3499 litatibus,
2254 3449 2325 3489 ne
2352 3431 2731 3504 percipientes'
2759 3433 2939 3486 crud‘a‘
2962 3438 3020 3486 et
3060 3437 3316 3501 cruenta,
3355 3434 3549 3490 horre-

1947 3526 2096 3586 rent,
2128 3526 2186 3575 et
2212 3525 2277 3575 ut
2304 3521 2593 3576 credentes
2622 3520 2753 3575 ﬁdei
2782 3521 3012 3593 praemia
3059 3516 3337 3593 ampliora
3363 3523 3547 3595 peruia

1947 3613 2166 3681 perent,
2198 3610 2320 3682 ipso
2340 3615 2531 3664 tamen
2562 3608 2852 3664 Dominico
2898 3622 3132 3681 corpore
3185 3602 3458 3668 existente
3486 3612 3547 3668 in

1949 3698 2267 3753 coelestibus
2284 3697 2355 3753 ad
2375 3697 2662 3753 dexteram
2680 3699 2885 3763 Patris,
2910 3699 3237 3768 immortali,
3256 3701 3545 3770 inviolato,

1948 3787 2190 3858 integro,
2223 3787 2688 3853 incontaminato,
2731 3786 2903 3842 illaeso
2928 3806 2939 3841 :
2970 3794 3036 3843 ut
3060 3798 3189 3844 vere
3208 3789 3320 3845 dici
3346 3774 3540 3862 possit,

1951 3880 2007 3929 et
2027 3876 2210 3947 ipsum
2240 3891 2440 3946 corpus
2460 3875 2609 3947 quod
2638 3870 2707 3929 de
2735 3875 2963 3947 Virgine
3010 3884 3298 3949 sumptum

1950 3982 2192 4030 sumere,
2209 3969 2264 4018 et
2292 3970 2481 4017 tamen
2513 3980 2622 4018 non
2652 3965 2859 4036 ipsum.
2882 3966 3072 4036 Ipsum
3102 3956 3349 4037 quidem,
3370 3980 3521 4038 quan

1950 4058 2070 4107 tum
2101 4054 2172 4106 ad
2228 4053 2527 4108 essentiam
2581 4068 2833 4124 veraeque
2889 4059 3102 4109 naturae
3139 4055 3545 4125 proprietatem

1950 4146 2120 4212 atque
2148 4140 2416 4197 virtutem
2442 4159 2454 4208 ;
2491 4157 2604 4199 non
2625 4141 2811 4212 ipsum
2844 4145 3052 4208 autem,
3072 4142 3123 4196 si
3146 4141 3357 4214 Species
3380 4143 3547 4214 panis

1950 4230 2181 4301 vinique
2211 4229 2474 4300 speciem,
2499 4234 2812 4299 caeteraque
2841 4230 3097 4300 superius
3115 4230 3539 4303 comprehensa;

1951 4319 2097 4374 hanc
2117 4318 2285 4372 ﬁdem
2332 4317 2516 4373 tenuit
2558 4335 2591 4371 a
2643 4318 2843 4389 priscis
2898 4318 3266 4389 temporibus,
3299 4324 3354 4375 et
3393 4336 3544 4376 nunc

247 4428 359 4481 pro
390 4411 543 4463 vobis
601 4409 861 4461 tradetur
890 4405 1101 4479 (Mallia.
1157 4422 1301 4472 xxvi,
1360 4404 1489 4476 26);
1544 4412 1601 4460 et
1631 4425 1641 4458 :
1674 4407 1774 4461 Hic
1794 4393 2107 4462 estDtenet
2134 4406 2398 4471 Ecclesia,
2432 4423 2556 4477 quae
2596 4423 2697 4477 per
2742 4411 2927 4461 totum
2972 4398 3176 4463 diffusa
3228 4408 3419 4464 orbem
3450 4422 3544 4465 ca-

250 4502 416 4554 catz'z
443 4498 747 4565 sanguinis
777 4500 907 4562 mei,
940 4496 1040 4569 qui
1058 4512 1161 4565 pro
1204 4498 1350 4551 vobis
1378 4496 1689 4565 eﬂ‘undetur
1722 4496 1866 4565 (Luc.

252 4603 401 4652 n11.
427 4583 549 4655 20).
573 4584 647 4640 Et
667 4584 968 4659 Apostolus
990 4578 1063 4638 ad
1092 4584 1415 4640 Corinthios
1439 4602 1451 4637 :
1504 4586 1611 4653 Qui
1633 4584 1872 4637 mandu-

252 4682 343 4732 σαι
379 4680 430 4730 ει
456 4676 598 4728 bibit
626 4676 875 4744 indigne,
889 4675 1177 4743 judicium
1200 4675 1307 4727 sibi
1330 4672 1631 4727 manducet
1647 4676 1696 4726 et
1716 4673 1866 4737 bibit,

251 4782 374 4821 non
410 4763 741 4834 dijudz’cans
780 4778 976 4833 corpus
1002 4762 1232 4816 Domini
1262 4762 1311 4831 (Ι
1337 4762 1457 4816 Cor.
1490 4775 1566 4824 x1,
1597 4759 1708 4825 99).
1742 4759 1870 4830 Spi-

251 4854 536 4909 ritualem
568 4856 762 4906 autem
790 4850 1188 4905 comestionem
1235 4849 1624 4904 demonstrare
1656 4851 1872 4919 satage-

254 4943 359 4998 bat
390 4942 599 4996 beatus
628 4939 989 5012 Augustinus
1036 4939 1096 4993 in
1144 4937 1379 4993 homilia
1416 4936 1679 4991 vicesima
1716 4941 1872 4993 sexta

251 5049 436 5104 super
459 5030 762 5096 Joannem,
808 5046 936 5083 cum
985 5028 1235 5082 diceret:
1273 5045 1298 5079 «
1328 5026 1543 5099 Panem
1592 5026 1871 5080 caelestem

250 5119 646 5195 spiritualiter
670 5116 1025 5184 manducata,
1057 5115 1435 5171 innocentiam
1474 5114 1545 5167 ad
1575 5115 1751 5168 altare
1780 5122 1874 5185 ap-

250 5194 512 5282 portata.
543 5225 574 5263 ι
608 5205 679 5260 Et
702 5210 832 5278 post
849 5222 1031 5277 pauca
1057 5229 1069 5264 :
1110 5225 1131 5256 ι
1178 5203 1282 5259 Hic
1311 5209 1395 5257 est
1445 5220 1577 5275 ergo
1607 5202 1768 5274 panis
1806 5194 1875 5255 de

251 5298 405 5352 caelo
436 5295 811 5361 descendens,
840 5296 906 5349 ut
932 5294 979 5348 si
1008 5293 1133 5366 quis
1162 5310 1228 5347 ex
1262 5293 1383 5365 ipso
1433 5288 1871 5355 manducaverit,

250 5404 379 5444 non
403 5384 703 5441 moriatur.
728 5382 845 5438 Sed
857 5383 1004 5457 quod
1018 5382 1263 5456 pertinet
1291 5381 1371 5439 ad
1390 5380 1655 5434 virtutem
1686 5387 1875 5433 sacra-

252 5474 471 5541 menti,
494 5490 613 5535 non
640 5462 797 5549 quod.
820 5471 1069 5545 pertinet
1088 5471 1167 5525 ad
1190 5470 1400 5525 vi'sibile
1426 5474 1872 5549 sacramentum.

1951 4496 2160 4551 tholica
2181 4496 2525 4553 nominatur.
2545 4496 2706 4550 Unde
2735 4496 2879 4550 sicut
2907 4496 3165 4567 superius
3200 4488 3414 4554 dictum
3436 4505 3542 4563 est,

1930 4584 2225 4663 ‘Dominus
2262 4583 2320 4637 in
2339 4584 2671 4654 Evangelia:
2699 4582 2960 4655 Accipite,
2993 4590 3044 4640 et
3068 4590 3413 4656 manducetis,
3450 4590 3548 4645 hoc

1952 4678 2027 4729 est
2056 4689 2249 4742 corpus
2272 4689 2475 4738 meum,
2505 4675 2655 4744 quod
2669 4686 2774 4743 pro
2822 4676 2969 4729 vobis
2999 4676 3288 4743 tradetur;
3317 4683 3374 4733 et
3399 4696 3410 4732 :
3447 4679 3552 4735 Hic

1952 4763 2027 4811 est
2056 4758 2204 4811 caltas
2256 4758 2550 4825 sanguinis
2591 4760 2719 4823 mei,
2753 4762 3084 4825 mysterium
3124 4754 3269 4828 ﬁdei,
3303 4764 3405 4831 qui
3443 4780 3549 4833 pro

1953 4848 2118 4909 vobis,
2140 4851 2189 4899 et
2200 4854 2305 4913 pro
2332 4848 2525 4898 multis
2545 4844 2858 4912 effundatur
2877 4851 2942 4901 in
2959 4852 3341 4923 remissionem
3359 4862 3550 4921 pecea-

1956 4940 2163 4989 torum.
2193 4934 2399 4987 Beatus
2435 4932 2764 4989 Ambrosius
2791 4935 3115 4992 discernens
3135 4942 3549 4995 sacramentum

1954 5023 2402 5077 Christianorum
2435 5037 2467 5076 a
2493 5026 2845 5078 sacramento
2862 5026 3186 5081 Judaaorum
3212 5027 3268 5081 in
3292 5044 3555 5082 sermone

1956 5112 2025 5165 de
2052 5111 2335 5183 mysteriis
2354 5110 2426 5164 ad
2450 5110 2773 5183 Neophytos
2792 5114 2938 5184 (cap.
2958 5110 3030 5182 9),
3046 5115 3126 5169 sic
3154 5104 3236 5169 ait
3263 5133 3274 5168 :
3304 5136 3329 5167 α
3353 5115 3551 5170 C'onsi-

1957 5201 2094 5254 dera
2122 5216 2272 5253 nunc
2299 5204 2490 5253 utrum
2522 5201 2878 5270 praestantior
2896 5203 2971 5256 sit
3012 5204 3181 5274 panis
3223 5203 3549 5275 angelorum

1961 5300 2033 5342 an
2055 5302 2183 5342 caro
2202 5287 2431 5353 Christi",
2456 5296 2577 5359 qua:
2605 5289 2797 5361 utique
2828 5304 3029 5362 corpus
3050 5298 3135 5345 est
3165 5291 3311 5346 vitaz.
3346 5291 3560 5347 Manna

1958 5374 2095 5432 illud
2120 5392 2149 5429 e
2174 5377 2330 5441 ccel’o,
2357 5376 2460 5430 hoc
2480 5391 2651 5448 supra
2678 5379 2879 5433 coelum
2905 5398 2917 5445 ;
2971 5380 3114 5452 illud
3133 5379 3276 5449 cati,
3310 5378 3415 5435 hoc
3440 5380 3551 5436 Do-

1958 5465 2099 5520 mini
2125 5465 2428 5533 caelorum;
2488 5465 2629 5520 illud
2673 5467 3015 5537 corruptioni
3065 5468 3397 5537 obnoxium,
3420 5471 3475 5526 si-
3499 5472 3555 5527 in

252 5564 373 5631 Qui
408 5561 721 5618 manducet
744 5560 917 5627 intus,
972 5575 1086 5614 non
1129 5556 1297 5626 foris;
1338 5548 1435 5629 qui
1483 5557 1789 5612 manducat
1820 5555 1885 5610 in
1961 5555 2111 5610 diem
2163 5552 2415 5609 alterum
2460 5559 2800 5624 servaretur,
2853 5554 2959 5610 hoc
3011 5551 3261 5613 alienum
3299 5557 3381 5615 aii
3408 5561 3561 5618 omni
