3978 6174
311 265 419 323 433

1168 282 1383 339 LIBER
1419 285 1514 341 DE
1552 286 1888 346 CORPORE
1926 291 2015 347 ET
2055 292 2423 351 SANGUINE
2459 291 2745 348 DOMINI.

3484 291 3593 348 434

309 408 533 451 namur.
570 415 599 451 ιδ
632 400 703 455 Et
727 409 858 474 post
880 405 1070 478 aliqua
1088 424 1100 460 :
1118 426 1145 461 α
1174 410 1320 465 Vere
1352 428 1590 483 magnus
1614 415 1904 483 Dominus,
1922 418 2059 479 Ade
2089 418 2442 473 ﬁrmamento
2471 416 2739 483 veritatis,
2762 416 2831 471 de
2863 431 2973 487 quo
2999 416 3331 471 Caelestinus
3352 434 3499 490 papa
3524 418 3584 474 in

307 490 365 538 et
400 503 615 579 magna
642 490 1027 549 misericordia
1070 498 1210 566 ejus,
1251 517 1379 554 vere
1418 503 1514 573 qui
1556 503 1717 559 nobis
1754 506 1909 561 dedit
1990 506 2227 561 decretis
2259 507 2377 561 suis
2405 506 2608 561 asserit
2628 505 2818 578 (epist.
2842 504 2861 560 1
2889 506 3470 579 Adepisc.Gall.,cap.
3492 505 3581 577 20)

303 576 651 633 manducare
671 597 871 653 corpus
892 600 1077 651 suum,
1098 584 1157 639 in
1173 602 1282 657 quo
1303 593 1462 643 tanta
1480 608 1780 663 perpessus
1798 599 1901 663 est,

1988 596 2137 666 quod
2165 612 2268 650 nec
2314 597 2514 650 saltem
2550 594 2793 649 sinistrae
2832 593 3163 664 suspicionis
3188 609 3403 663 rumor,
3444 596 3581 651 dum
3680 629 3691 633 -

299 668 357 717 et
402 667 745 736 sanguinem
784 669 997 726 bibere.
1052 692 1078 724 ι)
1120 674 1281 742 Item,
1325 677 1386 731 in
1426 679 1658 734 homilia
1702 682 1904 753 psalmi
1984 684 2211 750 viveret,
2244 701 2374 739 eum
2403 683 2726 754 asperserit.
2779 683 2899 737 Ima
2946 699 3141 737 revera
3177 682 3236 737 id
3262 683 3404 738 dixit
3428 687 3580 756 quod

296 753 723 825 quadragesimi
751 758 952 829 quinti,
976 760 1047 814 ad
1074 762 1295 818 Iudaeos
1318 764 1554 837 loquens
1581 786 1592 820 :
1615 790 1635 819 ι
1662 770 1725 823 In
1750 770 1901 825 illius

288 842 524 897 nomine
547 861 717 915 quem
736 847 1017 903 occidistis
1044 849 1427 922 baptizamini,
1448 860 1504 909 et
1535 857 1901 913 dimittuntur

264 927 453 983 -vobis
481 939 716 1002 peccata
749 942 953 993 vestra.
985 939 1264 994 Medicum
1293 943 1383 996 vel
1406 950 1602 1014 postea
1631 948 1897 1017 cognovi-

290 1017 420 1083 stis;
453 1021 582 1088 jam
612 1024 792 1078 securi
821 1024 993 1080 bibite
1026 1030 1357 1098 sanguinem
1391 1049 1557 1103 quem
1588 1034 1829 1089 fudistis.
1864 1054 1891 1088 »

284 1105 449 1173 Item,
474 1108 535 1162 in
557 1110 789 1165 homilia
817 1114 1019 1184 psalmi
1045 1119 1374 1188 sexagesimi
1404 1122 1585 1192 quinti
1625 1139 1636 1173 :
1670 1142 1697 1174 «
1727 1124 1892 1178 Modo

281 1193 587 1251 hamicidis
611 1206 802 1267 246
828 1202 1070 1258 donatus
1085 1211 1189 1271 est,
1206 1212 1263 1260 et
1285 1209 1442 1263 fusus
1472 1210 1701 1280 sanguis
1727 1212 1889 1267 inno-

279 1285 482 1351 centis,
537 1292 597 1341 et
632 1288 817 1359 ipsum
867 1293 1221 1363 sanguinem,
1261 1313 1429 1367 quem
1470 1316 1571 1369 per
1608 1300 1886 1356 insaniam

274 1374 573 1445 fuderunt,
595 1395 698 1449 per
718 1382 961 1449 gratiam
983 1384 1268 1441 biberunt.
1309 1408 1331 1438 3
1366 1389 1530 1459 Item,
1556 1390 1615 1444 in
1653 1390 1886 1447 homilia

276 1464 489 1533 psalmi
520 1469 872 1538 nonagesimi
903 1473 1081 1526 octavi
1118 1490 1129 1523 :
1174 1492 1201 1526 α
1250 1475 1448 1539 Quaero
1480 1479 1614 1548 quid
1643 1479 1717 1534 sit
1760 1497 1882 1534 sca-

272 1549 485 1606 bellum
528 1556 740 1625 pedum
778 1560 919 1629 ejus,
953 1566 1011 1614 et
1047 1561 1185 1617 dicit
1224 1564 1365 1618 mihi
1397 1567 1687 1637 Scriptura
1727 1570 1875 1635 (lsaz‘.

268 1652 417 1705 vat,
455 1641 503 1709 1)
529 1662 543 1696 :
578 1646 746 1698 Terra
764 1650 1063 1703 scabellum
1074 1654 1279 1719 pedum
1296 1657 1877 1712 meorum.Fluctuans

1982 773 2255 827 catholica
2278 773 2523 827 Ecclesia
2545 772 2607 826 in
2635 770 2894 825 omnibus
2912 771 3180 826 membris
3199 772 3317 827 suis
3337 772 3579 827 ﬁdeliter
3636 794 3643 801 ι

1980 861 2193 916 fatetur
2220 868 2277 916 et
2303 862 2501 925 credit,
2543 861 2693 931 quod
2722 876 2825 930 ego
2871 876 3093 930 quoque
3137 860 3199 913 in
3226 860 3574 931 professione

1979 950 2109 1004 ﬁdei
2133 950 2375 1005 breviter
2400 950 2582 1022 posui,
2603 948 2846 1003 breviter
2872 947 3292 1018 comprehendi,
3314 949 3574 1005 videlicet

1977 1038 2159 1109 ipsum
2210 1056 2331 1094 esse
2376 1055 2596 1110 corpus,
2631 1043 2689 1091 et
2716 1053 2830 1091 non
2853 1037 3059 1108 ipsum.
3088 1037 3284 1107 Neque
3313 1037 3465 1092 enim
3502 1055 3570 1093 eo

1976 1144 2086 1198 quo
2140 1129 2247 1200 ipsi
2298 1127 2574 1199 putabant
2609 1126 2776 1180 modo
2827 1125 3106 1180 credimus
3156 1125 3306 1196 quod
3353 1126 3574 1182 visibile

1972 1216 2179 1271 Christi
2227 1234 2427 1288 corpus
2473 1216 2852 1280 comedamus,
2897 1218 2997 1268 aut
3045 1214 3378 1285 sanguinem
3405 1231 3575 1285 quem

1967 1305 2148 1359 fusuri
2175 1311 2233 1359 et
2259 1306 2432 1360 oculis
2462 1305 2579 1360 suis
2608 1302 2963 1374 conspecturi
2983 1306 3146 1356 erant
3166 1308 3572 1373 persequentes

1966 1391 2241 1449 bibamus.
2273 1396 2382 1449 Sed
2406 1394 2594 1466 potius
2614 1393 2672 1447 id
2685 1392 2968 1446 credimus
2983 1391 3133 1462 quod
3151 1407 3266 1444 non
3282 1390 3559 1453 videmus,
3574 1464 3579 1469 _

1954 1473 2028 1536 iut
2054 1483 2238 1537 valeat
2263 1500 2382 1538 esse
2414 1484 2570 1548 fides,
2588 1498 2711 1553 quae
2740 1497 2855 1534 non
2884 1484 3070 1551 potest
3091 1496 3233 1540 esse,
3257 1480 3305 1533 si
3329 1496 3421 1534 res
3435 1496 3559 1550 quae

1962 1572 2270 1626 creduntur
2296 1571 2677 1644 corporalibus
2718 1568 2978 1624 sensibus
3013 1569 3331 1623 constiterit
3359 1569 3558 1639 subja-

1959 1674 2102 1713 cere.
2144 1660 2305 1715 Unde
2332 1676 2613 1731 exponens
2644 1657 2793 1729 quod
2825 1656 3060 1711 obscure
3087 1655 3311 1727 posuit:
3344 1673 3373 1707 «
3404 1657 3473 1710 Et
3507 1656 3556 1711 si

266 1737 536 1828 converto
563 1749 655 1787 me
683 1734 757 1829 ad
786 1736 1092 1806 Christum,
1118 1740 1249 1811 quia
1271 1742 1458 1813 ipsum
1483 1761 1671 1814 quaero
1700 1746 1789 1799 hic
1819 1755 1939 1829 etB
1958 1763 2182 1803 necesse
2213 1754 2316 1816 est,
2350 1767 2377 1802 ι
2420 1749 2623 1819 inquit,
2661 1765 2688 1799 ι
2741 1745 2881 1799 illud
2927 1744 3223 1798 visibiliter
3257 1744 3551 1812 celebrari,

264 1823 490 1873 invenio
514 1823 796 1891 quomodo
824 1825 946 1880 sine
967 1826 1259 1898 impietate
1278 1831 1546 1886 adoretur
1564 1840 1735 1900 terra,
1753 1834 1873 1889 sine
1890 1823 1935 1829 —
1956 1842 2177 1907 oportet
2205 1843 2397 1892 tamen
2421 1835 2778 1891 invisibiliter
2806 1833 3064 1903 intelligi.
3084 1850 3112 1886 ιο
3144 1832 3555 1887 Existimabant

265 1908 564 1980 impietate
594 1912 861 1968 adoretur
888 1915 1193 1971 scabellum
1225 1920 1430 1991 pedum
1452 1923 1591 1991 ejus.
1616 1923 1873 1994 Suscepit

262 1998 412 2053 enim
444 2001 519 2055 de
545 2007 702 2056 terra
737 2009 968 2073 terram,
1001 2007 1133 2077 quia
1162 2025 1291 2063 caro
1320 2010 1390 2064 de
1419 2015 1574 2065 terra
1603 2018 1707 2079 est,
1724 2018 1781 2066 et
1800 2013 1869 2067 de

261 2103 428 2142 came
456 2090 653 2145 Mariae
683 2109 910 2148 carnem
940 2097 1175 2167 accepit,
1203 2103 1262 2152 et
1293 2099 1424 2169 quia
1452 2100 1510 2154 in
1541 2100 1665 2172 ipsa
1698 2118 1867 2156 carne

258 2176 342 2230 hic
379 2178 720 2249 ambulavit,
757 2188 813 2235 et
842 2184 1021 2254 ipsam
1061 2202 1288 2241 carnem
1325 2187 1488 2243 nobis
1516 2190 1585 2243 ad
1625 2191 1867 2245 mandu-

259 2267 505 2322 candum
547 2269 621 2323 ad
659 2271 901 2326 salutem
931 2274 1106 2329 dedit.
1133 2277 1311 2330 Nemo
1341 2284 1531 2332 autem
1560 2279 1717 2332 illam
1741 2296 1865 2334 car-

256 2374 383 2411 nem
413 2358 747 2422 manducat.
778 2361 887 2415 nisi
915 2363 1071 2434 prius
1099 2364 1433 2420 adoraverit.
1459 2367 1755 2421 Inventum
1782 2375 1868 2423 est

256 2448 738 2517 quemadmodum
770 2450 1037 2507 adoretur
1061 2454 1176 2507 tale
1207 2454 1509 2509 scabellum
1532 2457 1737 2527 pedum
1760 2458 1866 2511 Do-

257 2536 418 2601 mini,
465 2542 526 2590 et
562 2554 678 2591 non
718 2539 900 2593 solum
937 2557 1051 2595 non
1088 2559 1384 2613 peccemus
1424 2544 1728 2609 adoranda,
1761 2547 1859 2600 sed

251 2640 554 2694 peccemus
591 2642 705 2680 non
743 2628 1049 2683 adoranda.
1081 2648 1109 2683 3
1142 2631 1210 2685 Et
1237 2632 1404 2702 paulo
1433 2638 1560 2704 post
1589 2652 1603 2687 :
1641 2652 1665 2684 α
1705 2634 1860 2688 Tunc

253 2720 448 2767 autem
478 2716 707 2785 quando
726 2716 832 2770 hoc
860 2717 1133 2773 Dominus
1151 2721 1581 2787 commendavit,
1605 2721 1674 2775 de
1689 2738 1858 2777 carne

248 2819 349 2856 sua
380 2803 610 2857 locutus
639 2810 781 2870 erat,
812 2810 869 2858 et
887 2805 1104 2861 dixerat
1126 2826 1178 2861 ια
1199 2808 1319 2861 Nisi
1349 2809 1474 2879 quis
1491 2810 1857 2865 manducave—

251 2890 322 2944 rit
351 2908 588 2945 carnem
616 2910 822 2960 meam,
841 2911 954 2948 non
974 2895 1201 2950 habebit
1231 2897 1287 2949 in
1306 2913 1365 2950 se
1385 2897 1556 2951 vitam
1586 2903 1854 2955 internum

250 2981 433 3046 (Jaan.
451 2995 527 3047 vI,
553 2980 661 3051 54).
698 3001 724 3035 ι
743 2983 1113 3038 Scandalizati
1144 2991 1279 3040 sunt
1304 2986 1564 3058 discipuli
1586 2988 1705 3057 ejus
1727 2990 1854 3059 qui-

1953 1941 2199 1997 namque
2230 1926 2380 1997 quod
2410 1925 2743 1996 praeciperet
2768 1923 2848 1977 eis
2877 1921 3170 1987 Dominus,
3203 1926 3305 1975 aut
3330 1920 3552 1975 bestiali

1952 2030 2128 2079 mare,
2161 2020 2260 2069 aut
2278 2016 2544 2079 humano,
2564 2029 2766 2083 corpus
2776 2010 3070 2065 comedere
3092 2009 3243 2079 quod
3261 2008 3548 2076 videbant,

1949 2108 2049 2157 aut
2059 2102 2247 2157 bibere
2258 2102 2589 2172 sanguinem
2605 2117 2771 2172 quem
2784 2102 3186 2171 persequentes
3195 2096 3377 2152 fusuri
3389 2102 3553 2153 erant

1947 2190 2052 2245 hoc
2081 2196 2167 2245 est
2185 2196 2285 2245 aut
2303 2189 2561 2252 crudum,
2583 2193 2683 2242 aut
2701 2204 2849 2257 aqua
2869 2191 3110 2252 coctum,
3124 2189 3225 2240 aut
3250 2183 3550 2240 subtractis

1949 2279 2283 2335 carbonibus
2314 2280 2369 2333 in
2394 2276 2636 2332 verubus
2656 2276 3031 2331 assum.Hanc
3048 2274 3332 2329 carnalem
3352 2290 3549 2329 eorum

1946 2368 2379 2439 intelligentiam
2422 2367 2769 2436 redarguens
2807 2363 3097 2430 Dominus,
3137 2363 3198 2417 in
3246 2362 3548 2433 Evangelia

1946 2456 2252 2510 secundum
2274 2453 2717 2519 Joannem,dixit
2741 2469 2753 2504 :
2781 2453 3028 2521 Spiritus
3057 2457 3133 2505 est
3151 2453 3254 2520 qui
3279 2453 3546 2519 vivi/ient;

1945 2560 2073 2597 caro
2102 2549 2288 2597 autem
2328 2560 2441 2598 non
2487 2545 2701 2611 prodest
2738 2543 3044 2611 quidquam
3084 2539 3268 2608 (Joan.
3307 2552 3385 2606 VI,
3418 2537 3536 2610 64).

1942 2631 2102 2695 Quod
2130 2648 2410 2702 exponens
2438 2630 2636 2685 beatus
2660 2629 3011 2700 Augustinus
3038 2628 3097 2681 in
3126 2628 3393 2683 vicesima
3419 2643 3544 2699 sep-

1939 2722 2081 2775 tima
2130 2722 2383 2791 ejusdem
2435 2719 2720 2790 Evangelii
2766 2718 3017 2784 homilia,
3050 2717 3131 2771 ait
3165 2735 3176 2770 :
3215 2734 3241 2767 «
3270 2716 3418 2781 Quid
3455 2722 3543 2771 est

1938 2826 2093 2880 ergo,
2152 2826 2266 2864 non
2317 2809 2547 2881 prodest
2593 2808 2902 2879 quidquam
2939 2805 3108 2860 caro?
3148 2806 3273 2860 Non
3309 2805 3539 2875 prodest

1940 2898 2248 2969 quidquam
2279 2899 2376 2952 sed
2411 2897 2690 2968 quomodo
2718 2895 2800 2949 illi
2827 2893 3267 2949 intellexerunt?
3294 2894 3537 2948 Carnem

1938 2986 2145 3057 quippe
2175 2987 2255 3040 sic
2284 2983 3003 3054 intellexeruntzquomodo
3031 2981 3090 3036 in
3103 2981 3372 3035 cadavere
3390 2981 3536 3036 dila-

246 3067 375 3120 dam
405 3070 773 3140 septuaginta
795 3072 990 3139 ferme,
1015 3080 1071 3128 et
1091 3074 1355 3129 dixerunt
1378 3094 1421 3129 τα
1448 3077 1636 3131 Durus
1657 3083 1743 3132 est
1760 3078 1851 3132 hic
1867 3084 1910 3144 ο
1935 3075 2143 3141 niatur,
2176 3079 2277 3129 aut
2300 3075 2360 3129 in
2403 3074 2639 3128 macello
2665 3072 2946 3137 venditur,
2977 3086 3091 3125 non
3119 3069 3398 3141 quomodo
3423 3070 3535 3141 spi-

245 3173 451 3224 sermo,
462 3160 592 3230 quis
609 3168 796 3231 potest
815 3180 944 3217 eum
958 3164 1326 3235 intelligere?»
1338 3166 1406 3220 Et
1417 3173 1769 3222 recesserunt
1783 3169 1853 3223 ab

244 3261 326 3312 eo,
385 3253 445 3301 et
496 3249 743 3320 amplius
787 3268 914 3306 cum
970 3269 1036 3307 eo
1073 3270 1187 3308 non
1225 3254 1655 3310 ambulaverunt
1693 3259 1848 3322 (ibid.

245 3332 485 3398 I.XI,67).
505 3335 727 3389 Durum
757 3336 868 3391 illis
905 3337 1089 3392 visum
1118 3344 1206 3393 est
1236 3340 1386 3410 quod
1415 3340 1496 3394 ait
1516 3341 1704 3398 :«Nisi
1722 3343 1847 3412 quis

244 3422 670 3479 manducaverit
719 3442 947 3480 carnem
986 3444 1190 3493 meam,
1246 3444 1356 3482 non
1405 3428 1635 3483 habebit
1671 3431 1843 3485 vitam

242 3519 533 3566 eternam.
566 3533 588 3564 3
621 3515 973 3586 Acceperunt
1001 3516 1141 3571 illud
1170 3517 1687 3572 stulte.Carnaliter
1705 3519 1845 3575 illud

240 3601 648 3671 cogitaverunt,
692 3608 749 3657 et
776 3611 1115 3674 putaverunt
1142 3606 1291 3676 quod
1324 3606 1659 3678 praecisurus
1696 3614 1846 3663 esset

238 3688 511 3744 Dominus
539 3691 846 3761 particulas
867 3694 1138 3763 quasdam
1160 3695 1229 3747 de
1258 3711 1491 3766 corpore
1520 3712 1642 3762 suo,
1665 3702 1723 3751 et
1748 3698 1843 3751 da-

239 3785 396 3833 turus
420 3780 557 3845 illis,
585 3786 643 3834 et
664 3781 931 3835 dixerunt
954 3800 964 3834 :
993 3800 1019 3834 α
1035 3781 1221 3837 Durus
1242 3789 1326 3837 est
1350 3784 1441 3838 hic
1461 3801 1667 3838 sermo.
1694 3785 1840 3856 »Ipsi

237 3874 395 3921 erant
438 3868 590 3935 duri,
633 3885 748 3922 non
786 3886 993 3925 sermo.
1048 3893 1070 3920 3
1117 3872 1187 3926 Et
1232 3873 1424 3943 paucis
1479 3873 1832 3940 intermissis,

234 3962 260 4005 ἰ
307 3957 715 4027 Spiritualiter,
759 3977 781 4009 3
823 3958 1025 4029 inquit,
1064 3978 1090 4011 «
1122 3960 1419 4031 intelligite
1441 3962 1590 4033 quod
1619 3962 1837 4017 locutus

232 4060 376 4098 sum.
395 4044 529 4100 Non
545 4047 650 4100 hoc
667 4063 868 4117 corpus
889 4049 1034 4118 quod
1058 4049 1261 4103 videtis
1284 4051 1678 4104 manducaturi
1700 4052 1834 4106 estis

232 4140 285 4186 et
328 4133 557 4189 bibituri
585 4135 749 4189 illum
778 4137 1110 4208 sanguinem
1150 4155 1316 4209 quem
1361 4140 1543 4194 fusuri
1573 4145 1709 4194 sunt
1738 4140 1835 4211 qui

230 4238 320 4276 me
341 4224 689 4295 cruciﬁgent.
717 4244 742 4275 3

297 4313 368 4366 In
397 4313 484 4366 his
511 4313 813 4384 postremis
833 4312 985 4367 beati
1014 4316 1317 4386 Augustini
1344 4317 1525 4372 verbis
1564 4318 1828 4373 exsultas.

1935 3164 2047 3218 ritu
2077 3168 2391 3234 vegetatur.
2425 3185 2447 3213 υ
2490 3163 2578 3217 De
2614 3161 2704 3215 his
2725 3162 3031 3215 hactenus:
3066 3158 3139 3212 ad
3180 3158 3531 3230 propositum

1933 3244 2302 3307 revertamur.

2531 3338 2764 3394 CAPUT
2787 3338 2936 3394 XIX.

1997 3430 2347 3502 Augustinus
2368 3429 2429 3483 in
2459 3428 2687 3482 homilia
2710 3426 3011 3481 undecima
3022 3440 3192 3496 super
3217 3424 3526 3479 Joannem:

1930 3536 1957 3571 «
1989 3520 2056 3574 In
2089 3518 2295 3590 populo
2335 3517 2487 3571 enim
2514 3515 2836 3570 Judaearum
2865 3515 3141 3584 figuratus
3170 3517 3258 3567 est
3284 3511 3526 3583 populus

1925 3607 2394 3662 Christianorum.
2428 3604 2512 3659 lbi
2559 3605 2761 3674 figura,
2798 3602 2888 3656 hic
2910 3602 3150 3667 veritas;
3192 3599 3270 3655 ibi
3299 3598 3521 3666 umbra,

1924 3697 2014 3751 hic
2042 3713 2265 3768 corpus.
2286 3715 2309 3747 3
2330 3697 2472 3750 Item
2497 3695 2555 3748 in
2584 3692 2817 3748 homilia
2844 3691 3131 3746 tricesima
3160 3690 3344 3762 prima
3378 3708 3427 3743 τα
3449 3692 3525 3745 At

1921 3785 2004 3839 illi
2032 3785 2295 3839 viderunt
2340 3783 2630 3839 Christum
2666 3798 2768 3836 suo
2810 3782 3019 3836 scelere
3072 3780 3427 3847 morientem,
3466 3783 3525 3833 et

1918 3874 2276 3929 crediderunt
2296 3873 2356 3927 in
2373 3873 2658 3928 Christum
2671 3871 2788 3925 suis
2797 3869 3100 3924 sceleribus
3115 3869 3517 3939 ignoscentem.

1919 3963 2222 4034 Quousque
2270 3960 2530 4015 biberent
2567 3960 2905 4030 sanguinem
2935 3974 3103 4028 quem
3133 3957 3415 4023 fuderant,
3448 3957 3519 4011 de

1916 4069 2020 4107 sua
2047 4053 2229 4106 salute
2249 4051 2703 4121 desperaverant.
2734 4046 2931 4109 3Item,
2956 4047 3018 4100 in
3047 4045 3511 4117 quadragesima:

1920 4163 1946 4190 cr
1978 4141 2085 4205 Qui
2102 4141 2391 4195 saevientes
2428 4138 2769 4203 acciderunt,
2810 4134 3018 4189 imitati
3056 4133 3433 4201 crediderunt;
3459 4138 3518 4187 et

1916 4245 2083 4300 quem
2111 4228 2446 4299 sanguinem
2475 4225 2750 4280 saeviendo
2769 4223 3055 4289 fuderunt,
3072 4220 3350 4276 credendo
3363 4219 3515 4275 bibe-

1913 4324 2063 4372 runt.
2093 4338 2116 4369 3
2147 4316 2385 4383 Item,in
2409 4330 2668 4369 sermone
2683 4313 2754 4367 ad
2778 4312 3104 4383 Neophytos
3128 4329 3139 4364 :
3170 4327 3195 4361 α
3223 4310 3341 4364 Hoc
3369 4308 3512 4364 acci-

226 4399 289 4454 In
331 4401 419 4456 his
454 4402 652 4457 vicisse
680 4408 758 4467 te,
800 4408 858 4455 et
893 4403 1241 4473 superiorem
1266 4421 1386 4459 esse
1413 4406 1692 4475 gloriaris,
1742 4397 2027 4477 hichite
2055 4405 2113 4460 in
2134 4421 2279 4477 pane
2294 4403 2443 4476 quod
2460 4401 2724 4475 pependit
2751 4400 2811 4454 in
2829 4415 3012 4454 cruce.
3048 4399 3119 4453 Et
3145 4399 3250 4453 hoc
3275 4398 3508 4470 accipite

226 4491 650 4547 ﬁrmamentum
673 4497 784 4545 tum
796 4491 1137 4547 defensionis
1147 4499 1202 4548 te
1213 4494 1491 4549 invenisse
1502 4496 1828 4565 gratularis.

227 4581 540 4647 Quomodo,
562 4580 770 4651 inquis,
792 4581 1133 4650 persuadere
1164 4583 1454 4637 contendis
1475 4584 1620 4655 quod
1640 4601 1829 4639 veram

222 4688 453 4727 carnem
491 4685 801 4740 verumque
849 4671 1183 4741 sanguinem
1221 4672 1278 4725 in
1318 4665 1422 4726 hoc
1475 4679 1827 4728 sacramento

220 4776 541 4822 sumamus,
562 4774 691 4812 cum
721 4758 1019 4813 manifeste
1041 4760 1238 4814 audias
1267 4761 1413 4832 quod
1443 4777 1644 4832 corpus
1676 4761 1824 4833 quod

220 4849 486 4904 videbant
506 4864 622 4901 non
650 4852 839 4902 essent
857 4847 1118 4919 discipuli
1147 4850 1467 4913 comesturi,
1484 4866 1666 4921 neque
1688 4849 1825 4904 bibi-

218 4940 336 4992 turi
360 4937 700 5008 sanguinem
731 4953 899 5007 quem
929 4939 1319 5009 cruciﬁgentes
1360 4945 1522 4993 erant
1548 4939 1824 4993 eﬂ‘usuri?

218 5027 582 5081 Calumniasa
611 5025 842 5096 quidem
874 5025 984 5081 ista
1011 5026 1250 5097 objectio
1276 5032 1378 5081 est.
1405 5027 1512 5091 Qui
1543 5028 1692 5082 enim
1721 5045 1818 5082 su-

220 5116 404 5185 perius
443 5120 689 5170 testatus
735 5119 823 5167 est
857 5116 1007 5186 quod
1055 5132 1300 5183 carnem,
1342 5132 1510 5187 quam
1540 5116 1609 5170 de
1637 5123 1818 5172 matre

220 5204 445 5274 Virgine
476 5203 743 5274 sumpsit,
775 5208 832 5256 et
861 5203 917 5256 in
944 5220 1055 5275 qua
1074 5205 1134 5258 in
1171 5205 1337 5259 terris
1387 5205 1711 5270 ambulavit,
1747 5206 1817 5260 ad

221 5294 674 5347 manducandum
686 5290 847 5345 nobis
859 5293 1160 5348 salubriter
1173 5294 1676 5365 tribuit,quomoda
1692 5294 1821 5348 huic

222 5387 331 5435 tam
358 5382 645 5452 praeclarae
674 5382 967 5437 sententia
1000 5382 1190 5453 aliqua
1227 5383 1509 5437 contraria
1539 5383 1819 5437 sententia

220 5470 399 5540 potuit
427 5470 655 5524 obviare
673 5470 699 5523 ?
753 5470 916 5525 Absit
949 5488 983 5525 a
1011 5472 1196 5526 sobrio
1224 5473 1429 5527 lectore
1460 5477 1515 5526 et
1547 5471 1817 5526 catholico

219 5559 529 5634 expositore
550 5565 669 5615 tam
684 5576 947 5631 perverse
961 5560 1169 5616 sentire
1181 5561 1249 5616 de
1263 5561 1519 5617 Ecclesiae
1528 5561 1810 5630 columna,

1911 4496 1970 4549 in
1998 4495 2168 4549 calice
2197 4493 2346 4565 quod
2371 4493 2614 4546 effusum
2643 4495 2729 4544 est
2775 4489 2846 4543 de
2892 4487 3101 4543 Christi
3144 4487 3340 4542 latere.
3386 4488 3510 4542 Erit

1912 4584 2061 4638 enim
2106 4583 2190 4637 illi
2238 4598 2410 4649 mors,
2442 4596 2556 4635 non
2583 4579 2716 4645 vita,
2744 4577 2841 4649 qui
2870 4576 3199 4631 mendacem
3228 4577 3510 4647 putaverit

1909 4672 2104 4727 vitam.
2129 4689 2156 4724 3
2174 4672 2338 4736 Item,
2354 4670 2415 4723 in
2442 4668 2585 4723 libro
2615 4673 2818 4739 quarto
2838 4666 2920 4720 De
2937 4665 3215 4720 Trinitate
3238 4662 3504 4736 (cap.‘l3):

1911 4780 1936 4813 α
1984 4761 2148 4832 Apud
2189 4776 2319 4814 eum
2360 4757 2684 4830 paucissimi
2730 4759 3142 4821 remanserunt,
3194 4769 3505 4824 agnoscen-

1904 4850 2057 4904 tibus
2094 4848 2375 4920 gentibus,
2423 4852 2480 4901 et
2520 4847 2614 4918 pia
2656 4844 2978 4909 humilitate
3016 4842 3335 4897 bibentibus
3374 4858 3504 4913 pre-

1903 4938 2047 4992 tium
2094 4953 2280 5003 suum,
2327 4937 2375 5007 ej
2388 4951 2565 5006 usque
2615 4934 2820 4988 ﬁducia
2866 4931 3254 4987 deserentibus
3279 4931 3502 4985 hostem

1905 5043 2091 5081 suum.
2151 5044 2179 5078 υ
2237 5025 2306 5079 Et
2362 5025 2421 5078 in
2474 5022 2839 5094 subsequenti
2895 5020 3140 5092 capitulo
3199 5023 3343 5090 (cap.
3410 5017 3502 5089 14)

1903 5120 2085 5181 241
2117 5118 2244 5185 post
2270 5113 2495 5184 aliqua:
2525 5130 2552 5163 «
2582 5111 2729 5176 Quid
2748 5115 2866 5164 tam
2904 5108 3177 5163 mundum
3206 5122 3310 5177 pro
3337 5122 3500 5160 mun-

1899 5203 2098 5257 dandis
2128 5202 2276 5256 vitiis
2305 5202 2650 5267 mortalium,
2686 5215 2857 5271 quam
2876 5198 2997 5253 sine
3027 5196 3144 5251 ulla
3164 5194 3498 5263 contagione

1901 5292 2142 5346 carnalis
2193 5290 2655 5361 concupiscentiae
2703 5304 2832 5342 caro
2869 5291 3005 5341 nata
3030 5285 3089 5337 in
3131 5286 3313 5346 utero,
3344 5286 3404 5335 et
3431 5297 3498 5336 ex

1899 5386 2061 5437 utero
2081 5380 2378 5451 virginali?
2409 5380 2477 5433 Et
2506 5378 2641 5449 quid
2671 5382 2787 5432 tam
2810 5381 2974 5445 grate
2996 5371 3183 5426 offerri
3209 5375 3268 5424 et
3290 5369 3497 5440 suscipi

1899 5475 2091 5543 posset
2117 5486 2288 5540 quam
2333 5484 2462 5522 caro
2492 5465 2751 5521 sacriﬁcii
2781 5462 2958 5517 nostri
3004 5475 3207 5531 corpus
3236 5459 3497 5513 effectum

1898 5556 2202 5614 sacerdotis
2231 5555 2453 5612 nostri?
2475 5572 2502 5610 ι
2517 5555 2630 5610 Leo
2654 5567 2799 5624 papa
2818 5551 2879 5606 in
2902 5563 3160 5605 sermone
3188 5547 3259 5603 de
3280 5546 3495 5618 jejunio
