3978 6174
426 270 536 340 έθῦ

430 395 659 468 septimi
684 394 896 468 remis
917 395 1113 467 (serm-
1136 393 1211 455 βλ
1234 415 1264 453 α
1290 396 1449 461 sane
1480 356 1905 467 confessionem.
1937 400 2024 465 ax-
2041 402 2093 477 Α

432 483 743 551 lectissimi,
765 488 881 557 toto
903 483 1069 543 corde
1082 491 1425 557 promentes,
1444 488 1619 564 impia
1634 490 2024 554 haereticorum

432 578 756 641 commenta
786 573 1053 645 respuite,
1095 578 1158 631 ut
1180 575 1395 651 jejunis
1425 582 1613 639 vestra
1638 584 1693 635 et
1721 579 2027 653 eleemosy-

432 679 525 727 nae
544 661 754 723 nullius
780 661 988 717 erroris
1016 663 1275 735 contagio
1310 665 1655 737 polluantur.
1687 668 1843 722 Tunc
1873 668 2024 729 enim

433 756 495 813 et.
852 751 1066 809 munda
1119 757 1207 806 est
1252 752 1477 820 oblatio,
1531 760 1590 815 et
1634 755 2027 817 misericordia

431 844 628 897 sancta
655 839 900 911 largitio,
927 841 1236 911 quandohi
1268 842 1363 912 qui
1390 843 1499 898 ista
1518 843 1861 921 dependunt,
1879 846 2028 918 quod

432 934 743 999 operantur
770 929 1112 999 intelligunt.
1156 930 1303 986 Nam
1331 931 1551 989 dicente
1595 934 1870 989 Domino:
1905 936 2030 991 Nisi

433 1019 907 1073 manducaveritis
943 1035 1168 1073 carnem
1219 1021 1347 1074 Filii
1386 1022 1647 1087 hominis,
1704 1028 1749 1076 ct
1783 1024 2028 1079 biberitis

433 1110 770 1175 sanguinem
796 1111 931 1176 ejus,
964 1123 1077 1162 non
1101 1106 1365 1167 habebitis
1381 1113 1555 1164 vitam
1585 1114 1647 1169 in
1669 1113 1814 1165 vobis
1836 1111 2025 1180 ίλοαη.

434 1209 509 1261 vi,
542 1195 651 1265 54),
682 1196 765 1251 sic
798 1212 971 1250 sacrae
1002 1212 1208 1252 mensa;
1246 1200 1659 1257 communicare
1703 1199 1917 1255 debetis
1966 1204 2030 1255 ut

434 1284 578 1347 nihil
605 1300 835 1354 prorsus
856 1284 925 1349 de
951 1285 1186 1340 veritate
1215 1287 1462 1359 corporis
1489 1288 1697 1345 Christi
1720 1294 1778 1343 et
1801 1288 2029 1363 sangui-

430 1373 525 1432 nis
552 1371 871 1443 ambigatis.
922 1374 1043 1437 Hoc
1093 1375 1242 1428 enim
1288 1392 1384 1431 ore
1420 1378 1686 1441 sumitur,
1727 1378 1873 1447 quod
1920 1378 2029 1439 ﬁde

1423 273 1487 339 Β.
1527 273 1946 355 me;
1984 270 2347 345 CANTUAB.
2383 265 2724 331 ARCHIEP.

3596 268 3702 355 436

2719 393 2954 453 CAPUT

2177 487 2459 542 Adversus
2504 488 2723 539 tantam
2752 482 3067 539 divinarum
3097 482 3496 549 auctoritatum
3521 481 3706 540 lucem

2108 574 2430 648 quaestionis
2459 572 2755 646 caliginem
2771 587 3054 647 opponere
3082 588 3195 625 non
3224 570 3448 626 desistis
3472 572 3662 637 dicens
3685 592 3698 629 :

2106 663 2266 729 Quod
2297 670 2360 717 tu
2398 679 2590 719 verum
2622 661 2826 716 Christi
2872 678 3075 732 corpus
3106 678 3226 715 esse
3256 660 3480 728 asseris,
3526 661 3585 715 in
3624 680 3710 717 sa-

2108 754 2217 810 cris
2262 753 2464 817 litteris
2511 750 2827 823 appellatur
2854 750 3089 823 species,
3138 749 3467 817 similitudo,
3502 750 3705 822 ﬁgura,

2109 844 2351 913 signum,
2388 840 2739 911 mysterium,
2771 843 3207 897 sacramentum.
3241 839 3371 894 Haec
3400 845 3591 894 autem
3625 855 3713 895 vo-

2111 930 2310 985 cabula
2329 931 2398 983 ad
2421 929 2633 1003 aliquid
2662 933 2813 989 sunt.
2856 928 3025 985 Nulla
3053 945 3201 997 vero,
3239 945 3361 999 quae
3391 928 3461 983 ad
3491 927 3709 1002 aliquid

2110 1019 2450 1084 referuntur,
2508 1023 2744 1090 possunt
2772 1034 2893 1071 esse
2944 1016 3000 1070 id
3043 1016 3188 1088 quod
3222 1025 3356 1071 sunt
3384 1035 3451 1072 ea
3476 1019 3548 1072 ad
3586 1035 3712 1093 quae

2112 1109 2449 1163 referuntur.
2477 1107 2603 1162 Non
2632 1114 2718 1160 est
2737 1106 2910 1178 igitur
2938 1123 3138 1178 corpus
3167 1106 3392 1163 Christi.
3414 1106 3530 1161 Hoc
3558 1106 3712 1161 enim

2111 1197 2169 1253 in
2217 1197 2457 1269 quodam
2506 1197 2712 1268 scripto
2771 1202 2868 1249 tuo
2918 1194 3150 1249 diversis
3208 1212 3271 1251 ac
3319 1194 3715 1267 prolixioribus

2109 1285 2309 1352 verbis,
2344 1285 2441 1339 sed
2470 1302 2579 1338 non
2610 1290 2827 1338 mutata
2873 1283 3155 1337 sententia
3183 1282 3393 1355 reperi;
3440 1284 3545 1338 hoc
3577 1301 3717 1355 gar-

2111 1374 2267 1429 riunt
2328 1373 2589 1444 discipuli
2647 1380 2816 1443 atque
2862 1388 3129 1444 sequaces
3183 1371 3290 1438 tui,
3351 1371 3718 1439 subversores

434 1461 703 1527 creditur,
731 1466 789 1514 et
807 1462 1019 1519 frustra
1036 1462 1107 1521 ab
1128 1462 1240 1517 illis
1260 1480 1423 1519 amen
1446 1466 1835 1537 respondetur,
1857 1482 1891 1519 a
1914 1466 2034 1537 qui-
2115 1462 2338 1533 quidem
2370 1462 2609 1517 aliorum
2641 1467 2697 1516 et
2723 1458 2831 1533 ipsi
2860 1479 2998 1516 auro
3031 1464 3087 1515 et
3124 1464 3358 1533 argento
3402 1464 3719 1533 caeteraque

438 1549 541 1609 bus
569 1554 764 1607 contra
792 1550 847 1604 id
870 1551 1016 1621 quod
1053 1552 1346 1625 accipitur,
1370 1553 1712 1631 disputatur.
1740 1577 1761 1607 ι
1780 1556 1943 1621 Item,
1974 1556 2033 1622 in
2114 1552 2355 1621 pecunia
2374 1558 2473 1606 tua
2502 1568 2536 1605 a
2562 1557 2616 1605 te
2649 1549 2917 1616 subversi,
2959 1556 3230 1615 errantes,
3268 1555 3326 1604 et
3368 1550 3507 1605 alios
3544 1550 3603 1604 in
3636 1568 3722 1604 er-

434 1638 673 1708 epistola
694 1639 993 1695 Anatholio
1015 1640 1273 1712 episcopo
1302 1641 1506 1696 missa:
1540 1660 1567 1695 (ε
1592 1643 1771 1701 Aliter
1800 1643 1947 1701 enim
1974 1643 2083 1717 in_
2115 1634 2302 1699 rorem
2332 1642 2638 1706 mittentes,
2683 1657 2795 1694 non
2825 1642 3208 1708 intelligentes,
3226 1640 3374 1694 sicut
3398 1638 3534 1695 dicit
3562 1640 3721 1717 Apo-

436 1726 683 1789 Eoclesia
709 1727 829 1791 Dei,
865 1744 988 1798 quia
1017 1744 1218 1800 corpus
1238 1733 1324 1784 est
1355 1730 1586 1796 Christi,
1624 1748 1724 1787 nec
1753 1743 1876 1787 rata
1898 1714 2093 1793 suntB
2113 1733 2309 1796 stolus,
2344 1747 2514 1801 neque
2538 1747 2655 1803 qua:
2685 1732 3012 1798 loquuntur,
3047 1745 3216 1797 nequc
3246 1730 3310 1782 de
3337 1730 3535 1799 quibus
3556 1714 3722 1796 afﬁr-

431 1815 765 1883 sacerdotia,
808 1832 911 1871 nec
940 1833 1070 1870 vera
1100 1818 1393 1884 sacriﬁcia,
1442 1819 1551 1875 nisi
1580 1819 1638 1873 in
1668 1826 1872 1879 nostrae
1900 1837 2030 1892 pro-
2116 1825 2271 1883 munt
2306 1822 2358 1883 (Ι
2388 1820 2527 1874 Tim.
2573 1836 2607 1884 ι,
2643 1818 2720 1889 7).
2770 1816 2980 1871 Verum
3023 1815 3110 1869 his
3150 1815 3433 1871 vocabulis
3470 1816 3528 1870 in
3560 1816 3722 1871 nullo

433 1906 676 1976 prietate
702 1910 920 1965 natura;
946 1922 1111 1961 verus
1126 1922 1226 1963 nos
1247 1908 1491 1980 pontifex
1512 1909 1852 1977 reconciliet,
1869 1926 2033 1971 verus
2114 1906 2494 1987 praescribitur
2522 1905 2650 1960 ﬁdei
2683 1923 2794 1978 qua
2841 1905 3143 1973 credimus,
3189 1909 3245 1960 et
3288 1904 3509 1961 veritati
3540 1922 3719 1977 quam

434 1994 784 2057 immaculati
813 1994 959 2067 Λευὶ
987 1996 1219 2065 sanguis
1242 1996 1524 2055 emundet.
1562 1997 1666 2062 Qui
1696 1996 1827 2059 licet
1855 1998 1913 2065 in
1934 1999 2035 2065 Pa—
2117 1996 2489 2059 defendimus.
2522 1995 2748 2066 Species
2769 2011 3031 2066 namque,
3073 2001 3129 2048 et
3158 1994 3467 2059 similitudo
3488 1994 3723 2051 illarum

434 2083 539 2143 tris
559 2082 634 2143 sit
660 2083 891 2146 dextera
918 2084 1278 2150 constitutus,
1312 2084 1373 2138 in
1406 2086 1602 2145 eadem
1634 2092 1825 2145 tamen
1842 2104 2028 2156 carne,

433 2184 606 2241 quem
628 2171 874 2241 sumpsit
896 2188 963 2226 ex
987 2172 1219 2250 Virgine
1249 2180 1662 2230 sacramentum
1690 2176 2035 2249 propitiatio—

434 2260 523 2321 nis
548 2260 891 2330 exsequitur.
930 2281 952 2308 ν
995 2262 1141 2325 Item
1168 2261 1226 2316 in
1248 2278 1508 2317 sermone
1541 2264 1611 2317 de
1640 2264 1898 2335 passione
1927 2267 2035 2324 Do-

433 2348 576 2410 mini
602 2355 788 2415 (eorm.
825 2348 911 2417 il)
955 2368 970 2403 :
1007 2350 1279 2407 (Fefellit
1327 2367 1460 2422 ergo
1510 2352 1671 2411 illum
1710 2354 2032 2424 malignitas

430 2452 555 2511 siis,
586 2438 781 2498 intulit
809 2438 1146 2509 supplicium
1175 2439 1315 2495 Filio
1339 2440 1460 2509 Dei,
1483 2442 1631 2515 quod
1659 2443 1874 2503 cunctis
1904 2444 2033 2505 ﬁliis

433 2527 725 2587 hominum
743 2528 805 2583 in
825 2528 1141 2589 remedium
1161 2534 1490 2589 verteretur.
1510 2530 1678 2587 Fudit
1698 2532 2032 2601 sanguinem

431 2616 668 2691 justum,
700 2617 799 2687 qui
822 2617 1238 2681 reconciliando
1254 2618 1465 2677 mundo
1484 2624 1542 2683 et
1567 2620 1860 2692 praemium
1887 2627 2035 2677 esset

433 2709 495 2762 et
536 2704 819 2775 poculum.
870 2720 898 2763 ι
951 2708 1007 2763 S.
1039 2706 1347 2776 Gregorius
1398 2707 1457 2761 in
1503 2708 1735 2763 homilia
1787 2708 2034 2784 paschali

677 2792 748 2855 '22
776 2796 841 2855 in
869 2795 1102 2864 Evang.)
1131 2812 1142 2849 :
1185 2815 1207 2848 ι
1239 2793 1383 2863 Quid
1415 2812 1659 2872 namque
1698 2798 1771 2856 sit
1800 2798 2031 2869 sanguis,

434 2883 600 2954 Λευὶ,
631 2896 745 2944 non
761 2885 882 2954 jam
901 2883 1207 2952 audiendo,
1236 2885 1334 2941 sed
1359 2884 1601 2949 bibendo
1621 2885 2030 2950 didicistis.Qui

432 2972 664 3044 sanguis
709 2988 883 3045 super
912 2978 1217 3045 utrumque
1242 2978 1461 3045 postem
1506 2975 1753 3048 ponitur,
1805 2977 2029 3053 quando

2048 3029 2091 3089 C

2115 2103 2304 2149 rerum
2337 2084 2606 2139 vocabula
2632 2090 2783 2150 sunt,
2816 2100 2937 2157 quae
2972 2088 3102 2137 ante
3130 2082 3378 2151 fuerunt,
3411 2090 3469 2137 et
3493 2100 3561 2138 ex
3587 2083 3724 2155 qui-

2115 2175 2218 2231 bus
2252 2190 2453 2245 corpus
2487 2172 2697 2227 Christi
2750 2172 3091 2247 sanguisque
3143 2172 3453 2228 conficitur.
3501 2173 3725 2229 Panem

2115 2266 2257 2331 dico,
2287 2280 2352 2317 ac
2383 2263 2591 2329 vinum,
2621 2262 2771 2316 unde
2800 2262 2859 2320 in
2887 2263 2998 2317 ﬁne
3039 2262 3329 2335 cujusdam
3372 2261 3557 2316 missae
3586 2279 3724 2315 ora-

2116 2360 2227 2419 tur,
2260 2358 2317 2407 et
2344 2350 2546 2407 dicitur
2578 2373 2590 2407 :
2627 2371 2656 2403 σι
2677 2351 2978 2407 Perﬁciant
3006 2350 3064 2405 in
3095 2349 3275 2409 nobis.
3299 2350 3728 2423 Domine,quae-

2114 2459 2327 2508 sumus,
2371 2449 2470 2495 tua
2518 2448 2890 2507 sacramenta,
2934 2441 3083 2515 quod
3137 2440 3446 2507 continent,
3487 2447 3553 2492 ut
3593 2455 3726 2511 quae

2114 2547 2263 2586 nunc
2310 2530 2494 2602 specie
2530 2530 2800 2600 gerimus,
2842 2546 3034 2583 rerum
3070 2529 3306 2585 veritate
3338 2528 3656 2598 capiamus.
3694 2549 3721 2580 ι)

2117 2620 2373 2683 Postulat
2398 2618 2603 2693 quippe
2632 2618 2890 2673 sacerdos
2908 2623 2971 2672 ut
2990 2635 3190 2690 corpus
3215 2617 3425 2671 Christi
3448 2617 3596 2695 quod
3614 2616 3726 2671 sub

2117 2707 2299 2783 specie
2354 2707 2514 2787 panis
2564 2707 2788 2782 vinique
2814 2706 3075 2778 geritur,
3124 2706 3421 2767 manifesta
3480 2705 3722 2785 visione,

2112 2797 2278 2853 sicuti
2306 2814 2499 2852 revera
2528 2801 2631 2862 est,
2665 2796 3002 2869 quandoque
3030 2795 3307 2867 capiatur.
3328 2794 3549 2848 Veritas
3564 2795 3725 2853 enim

2112 2903 2213 2971 pro
2243 2885 2693 2951 manifestatione
2722 2884 2781 2940 in
2810 2884 2985 2941 sacris
3002 2901 3149 2956 saepe
3177 2884 3383 2938 litteris
3411 2883 3721 2956 reperitur.

2112 2975 2191 3033 De
2222 2992 2333 3047 qua
2354 2973 2649 3039 manifesta
2670 2974 2883 3037 visione
2913 2974 3185 3029 Dominus
3207 2973 3266 3027 in
3296 2971 3597 3042 Evangelia
3635 2988 3727 3031 se-

434 3072 550 3121 non
574 3062 763 3121 solum
783 3078 883 3123 ore
909 3063 1181 3134 corporis,
1202 3063 1302 3121 sed
1331 3064 1503 3125 etiam
1543 3081 1639 3124 ore
1673 3065 1857 3123 cordis
1896 3062 2091 3127 hau-“
2117 3064 2361 3127 cundum
2392 3066 2664 3127 Joannem
2695 3063 2981 3137 discipulis
3001 3063 3168 3118 dicit:
3198 3064 3304 3131 Qui
3321 3069 3505 3117 autem
3526 3063 3727 3131 diligit

436 3157 663 3209 ritur.)

508 3240 611 3295 His
660 3240 978 3294 divinorum
1025 3240 1377 3312 eloquiorum
1420 3240 1774 3315 testimoniis,
1808 3260 1932 3319 quae
1968 3260 2035 3303 ex

439 3331 653 3395 multis,
684 3329 1001 3400 compendii
1032 3345 1222 3397 causa,
1250 3346 1431 3401 paula
1469 3333 1737 3402 excerpsi,
1769 3333 1940 3397 clare,
1972 3339 2037 3387 ut

436 3418 702 3483 arbitmr,
718 3418 1021 3481 innotescit
1041 3420 1190 3488 quod
1220 3436 1351 3477 vera
1372 3420 1580 3485 Christi
1596 3436 1746 3489 caro,
1761 3438 2035 3497 verusque

436 3508 563 3577 eius
582 3506 813 3576 sanguis
838 3506 897 3563 in
926 3522 1123 3561 mensa
1150 3508 1446 3569 Dominica
1475 3508 1819 3579 immoletur,
1848 3528 2035 3567 come-

439 3595 630 3658 datur,
679 3594 924 3661 bibatur.
971 3596 1359 3666 corporaliter,
1412 3597 1796 3667 spiritualiter,
1830 3601 2037 3661 incom~

438 3682 913 3756 prehensibiliter.
946 3684 1014 3743 Et
1040 3698 1111 3740 ne
1144 3685 1268 3755 quis
1292 3702 1587 3756 perversus
1614 3694 1783 3761 atque
1820 3707 2039 3760 perver—

385 3781 392 3787 ‘
435 3787 538 3827 nor
560 3770 730 3828 aliter
773 3786 842 3829 ea
885 3772 1226 3843 intelligeret
1251 3775 1335 3827 vel
1372 3782 1676 3846 exponeret
1701 3795 1867 3849 quam
1917 3780 2040 3836 uni.

443 3861 675 3917 vim-salis
700 3861 958 3921 Ecclesia
972 3862 1298 3932 spirituales
1319 3863 1419 3927 ﬁlii
1448 3864 1770 3937 intelligunt
1792 3873 1850 3937 et
1876 3884 2041 3943 expo-

441 3957 607 4018 nunt,
636 3952 787 4007 facta
807 3956 963 4017 sunt.
981 3956 1099 4006 tam
1122 3950 1371 4022 antiquis
1398 3968 1568 4023 quam
1592 3954 1877 4010 modernis
1898 3962 2039 4010 tem-

2116 3170 2219 3220 me,
2255 3154 2527 3220 diligetur
2563 3152 2780 3208 aPatre
2810 3169 2944 3209 meo.
2979 3154 3045 3207 Et
3075 3170 3167 3225 ego
3200 3153 3433 3222 diligam
3481 3167 3640 3214 eum;
3674 3150 3725 3204 et

2116 3244 2479 3310 manifestabo
2508 3245 2558 3295 ei
2574 3244 2841 3311 mcipsum
2868 3241 3044 3315 (Joan.
3072 3256 3184 3306 xw,
3218 3239 3329 3315 21).
3358 3241 3426 3295 Et
3453 3240 3631 3303 David
3664 3240 3725 3295 in

2116 3348 2357 3413 persona
2377 3331 2701 3395 DeiPatris:
2724 3332 3091 3399 Longitudinc
3101 3331 3321 3384 dierum
3345 3331 3555 3409 replebo
3567 3347 3723 3399 eum,

2119 3426 2167 3475 et
2192 3422 2473 3479 ostendam
2497 3424 2586 3477 illi
2598 3423 2845 3483 salutare
2866 3436 3049 3472 meum
3074 3419 3234 3489 (Psal.
3259 3434 3343 3486 xc,
3374 3417 3480 3487 16).
3502 3417 3724 3491 Quam-

2118 3509 2201 3569 vis
2229 3525 2341 3571 non
2369 3507 2815 3581 improbabiliter
2832 3507 3061 3581 quidam
3084 3512 3365 3585 exponant
3392 3507 3497 3560 hoc
3514 3507 3575 3560 in
3595 3507 3728 3561 loco

2119 3614 2241 3653 esse
2270 3598 2455 3657 carnis
2495 3614 2559 3652 ac
2607 3594 2900 3667 sanguinis
2942 3594 3254 3661 veritatem,
3288 3595 3469 3666 ipsam
3496 3611 3727 3658 eorum-

2119 3686 2247 3741 dem
2282 3685 2658 3751 efficientiam,
2692 3685 2749 3739 id
2774 3690 2877 3750 est,
2918 3690 3276 3759 peccatorum
3307 3683 3724 3738 remissionem.

2122 3780 2310 3859 248
2341 3775 2454 3833 Illis
2471 3790 2714 3845 namque
2733 3772 2993 3835 omnibus
3011 3771 3191 3831 modis
3212 3790 3343 3839 vera
3366 3772 3574 3828 Christi
3592 3789 3728 3826 caro

2120 3880 2186 3917 ac
2213 3863 2442 3933 sanguis
2468 3863 2657 3927 existit
2703 3862 2799 3933 qui
2830 3862 2999 3939 digne
3037 3861 3375 3941 percipiunt,
3412 3861 3508 3935 qui
3537 3859 3728 3932 perci-

2116 3953 2322 4027 piendo
2344 3950 3095 4021 dilectorumindulgentiam
3116 3948 3727 4037 consequuntur.Unde

443 4040 691 4113 paibus,
721 4041 786 4096 in
808 4040 1046 4099 divertiis
1066 4040 1326 4102 Bedesiis
1352 4041 1485 4096 huic
1514 4042 1644 4097 ﬁdei
1663 4059 1909 4115 congrua
1938 4044 2040 4101 mi-
2120 4042 2179 4099 iu
2215 4058 2427 4096 canone
2448 4041 2631 4101 missae
2658 4041 2919 4094 sacerdos
2938 4038 3075 4093 dicit
3103 4059 3114 4092 :
3148 4060 3170 4091 ι
3205 4039 3280 4094 Ut
3308 4039 3467 4093 nobis
3496 4055 3724 4113 corpus,

442 4129 659 4195 nulla,
687 4129 936 4200 quando,
962 4133 1023 4189 et
1046 4128 1165 4198 ubi,
1197 4136 1256 4191 et
1279 4129 1480 4199 Quibus
1510 4136 1733 4187 tantum
1759 4138 2041 4195 secretum
2122 4136 2181 4189 et
2224 4131 2456 4201 sanguis
2488 4131 2589 4187 ﬁat
2618 4129 2967 4195 dilectissimi
2996 4128 3121 4193 Filii
3152 4127 3236 4182 tui
3275 4127 3501 4187 Domini
3539 4127 3727 4182 nostri

438 4218 835 4274 domum
863 4217 1040 4277 voluit
1064 4222 1276 4281 etans
1295 4218 1591 4289 sapientia,
1615 4220 1703 4275 cui
1723 4221 1881 4277 nulla
1908 4226 2044 4282 sunt
2123 4221 2150 4273 J
2157 4236 2255 4273 esu
2284 4220 2513 4283 Christi,
2546 4238 2571 4269 »
2618 4217 2797 4283 nobis,
2828 4218 3081 4288 inquam,
3131 4217 3189 4271 id
3228 4222 3314 4270 est
3341 4216 3723 4289 credentibus,

447 4305 898 4403 noqponibilia,
926 4306 1214 4376 attingens
1239 4322 1277 4363 a
1302 4284 1418 4362 ﬁne
1448 4323 1627 4377 usque
1661 4306 1733 4365 ad
1762 4310 1953 4374 tinem,
1989 4313 2186 4403 etDet
2232 4306 2618 4371 misericordia
2665 4312 2765 4361 tua
2815 4284 2983 4376 digne
3018 4304 3391 4362 sumentibus.
3443 4305 3550 4373 Qui
3577 4284 3731 4367 enim

446 4394 675 4459 fortitu-
696 4399 871 4464 atque
890 4394 1142 4453 suaviter
1168 4394 1471 4465 disponens
1516 4396 1710 4451 omnia
1740 4397 1887 4472 (Sep.
1922 4412 2040 4464 vni,
2064 4394 2107 4403 ”
2130 4398 2426 4455 manduca!
2475 4401 2524 4451 et
2585 4397 2719 4450 bibit
2773 4395 3319 4467 indigne,judicium
3344 4397 3454 4450 sibi
3480 4395 3735 4455 mandu-

442 4482 528 4551 1).
556 4481 691 4545 Quae
717 4481 993 4541 miracula
1014 4482 1166 4541 facta
1189 4498 1310 4539 esse
1329 4483 1553 4552 ignorat
1572 4485 1762 4540 nullus
1793 4486 2045 4559 quisquis
2127 4490 2211 4543 cat
2240 4491 2288 4539 et
2321 4488 2454 4547 bibit
2486 4484 2536 4556 (1
2560 4485 2683 4543 Cor.
2717 4499 2794 4551 χι,
2828 4481 2944 4547 29).

442 4569 511 4624 in
984 4570 1254 4636 historiis,
1295 4588 1399 4627 seu
1436 4578 1763 4631 sanctorum
1809 4574 2044 4639 Patrum
2196 4575 2341 4633 Hinc
2365 4579 2421 4628 et
2445 4580 2672 4635 sanctus
2698 4570 3003 4642 Gregorius
3032 4572 3092 4626 in
3121 4577 3320 4646 quarto
3349 4571 3566 4642 Dialogi
3589 4570 3738 4625 libro

446 4656 628 4726 gestis
660 4662 753 4713 est
776 4656 1194 4726 aliquantulum
1221 4659 1526 4723 studiosus.
1572 4662 1707 4727 Qua
1755 4663 2051 4737 scripturae
2134 4665 2275 4737 (cap.
2314 4661 2403 4731 59)
2448 4678 2463 4715 :
2518 4682 2545 4726 ᾳ
2579 4664 2735 4733 Tunc
2758 4678 2891 4716 vera
2918 4678 3020 4735 pro
3051 4660 3213 4716 nobis
3244 4660 3361 4716 Deo
3388 4661 3575 4715 hostia
3603 4660 3738 4728 erit,

451 4744 684 4801 δυβιά
706 4744 867 4809 illam
886 4745 1322 4811 excelsissimam
1348 4750 1704 4809 auctoritatis
1724 4768 1914 4813 arcem
1937 4770 2051 4817 non
2130 4770 2261 4806 cum
2293 4752 2667 4827 nosmetipsos
2694 4751 2936 4806 hostiam
2966 4750 3284 4805 fecerimus.
3319 4770 3348 4805 ι)
3383 4750 3481 4805 Est
3505 4750 3740 4823 quidem

450 4833 716 4893 οδιίηαιι
764 4848 882 4904 qua
925 4834 1147 4897 donate
1188 4843 1326 4892 sunt
1369 4854 1510 4909 quas
1558 4840 1916 4914 prapheticas
1954 4858 2054 4903 seu
2136 4843 2307 4901 etiam
2359 4839 2766 4913 peccatoribus,
2821 4847 2879 4894 et
2929 4839 3157 4911 indigne
3209 4838 3565 4913 sumentibus
3608 4854 3744 4895 vera

451 4922 794 4993 apostolicus
818 4939 1233 4995 nuncupatum,
1266 4926 1370 4981 hoc
1398 4933 1591 4985 tamen
1620 4929 1860 4999 probare
1900 4930 2058 4989 διιέῐὶ-
2140 4930 2348 4989 Christi
2390 4946 2539 4993 caro,
2572 4946 2845 5002 verusque
2889 4930 3135 4999 sanguis,
3178 4929 3275 4983 sed
3325 4929 3590 4993 essentia,
3624 4944 3745 4981 non

454 5012 620 5066 aiunt
646 5011 800 5082 ιιιοά
822 5012 974 5071 ham:
1002 5012 1198 5080 ﬁdem,
1226 5031 1400 5085 quam
1424 5032 1577 5071 nunc
1602 5016 1896 5086 habemus,
1937 5035 2060 5075 om-
2146 5018 2357 5081 salubri
2387 5018 2704 5079 efficientia.
2726 5018 2904 5091 Hujus
2932 5018 3013 5072 rei
3033 5018 3192 5072 testis
3212 5023 3300 5072 est
3326 5017 3524 5072 beatus
3552 5018 3754 5087 Augu—

462 5117 566 5156 ω
588 5100 808 5168 Μαίων
839 5102 936 5171 qui
959 5118 1063 5161 nos
1079 5110 1490 5173 prmoesserunt
1517 5121 1553 5161 a
1566 5105 1768 5176 priscis
1794 5107 2067 5180 tempori-
2146 5109 2329 5165 stinus
2355 5108 2414 5163 in
2445 5109 2639 5180 quinto
2666 5107 2809 5169 libro
2836 5106 2918 5167 De
2946 5106 3224 5179 baptismo
3260 5104 3451 5169 dicens
3485 5105 3702 5178 (cap.8)
3731 5124 3743 5159 :

470 5190 577 5245 bas
594 5188 941 5253 indulserunt.
971 5190 1256 5261 Alioquin.
1286 5209 1415 5248 mm
1442 5192 1502 5261 in
1524 5194 1763 5251 decretis
1783 5194 2068 5259 Romano-

471 5294 601 5333 rum
652 5278 985 5349 pontiﬁcum
1034 5279 1325 5351 sacrisque
1374 5282 1680 5338 cauonibus
1732 5285 2069 5358 apocryphze

468 5367 765 5438 miptum:
785 5367 1122 5427 nominatim
1167 5369 1446 5431 damnatae
1490 5378 1642 5437 sunt,
1693 5372 1810 5427 hanc
1848 5390 2069 5447 quoque

462 5455 788 5526 specialiter
806 5455 1228 5521 damnarentur,
1254 5473 1355 5510 nec
1381 5457 1440 5512 in
1468 5458 1714 5516 Ecclesia
1739 5462 2011 5525 catholica
2035 5480 2071 5517 a

786 5544 1117 5602 solemniter
1134 5545 1474 5619 legerentur.

2151 5195 2305 5250 Sicut
2330 5196 2479 5257 enim
2522 5196 2549 5252 J
2558 5196 2715 5262 udas,
2753 5196 2844 5259 cui
2872 5194 3147 5253 bucellam
3172 5194 3407 5250 tradidit
3445 5194 3747 5261 Dominus,

2147 5300 2265 5342 non
2292 5285 2503 5349 malum
2532 5285 2874 5357 accipiendo,
2911 5286 3005 5339 sed
3038 5284 3184 5339 male
3208 5284 3530 5356 accipiendo
3557 5284 3755 5339 locum

2149 5373 2209 5436 in
2235 5389 2294 5431 se
2318 5373 2539 5437 diabolo
2560 5373 2820 5447 praebuit,
2863 5372 2944 5429 sic
2972 5372 3201 5445 indigne
3243 5372 3478 5447 quisque
3516 5391 3754 5428 sumens

2151 5461 2501 5527 Dominicum
2541 5469 2973 5530 sacramentum,
3008 5480 3121 5518 non
3160 5463 3332 5521 efﬁcit
3360 5469 3424 5518 ut
3462 5463 3597 5534 quia
3620 5464 3752 5543 ipse

2148 5552 2333 5613 malus
2362 5557 2466 5620 est,
2491 5553 2703 5621 malum
2733 5552 2825 5622 sit,
2857 5558 2957 5608 aut
2981 5553 3115 5631 quia
3142 5569 3254 5608 non
3279 5553 3352 5607 ad
3380 5552 3620 5623 salutem
3655 5569 3753 5606 ac-
