3852 6178
302 222 411 284 439

1284 231 1346 297 Β,
1390 226 1805 285 LANF'RANCI
1840 222 2200 279 CANTUAR.
2245 218 2590 276 ARCHIEP.

3468 218 3576 274 440

297 350 524 407 dicens:
579 349 909 406 Ambrosius
963 349 1023 406 in
1077 351 1221 408 libro
1275 352 1356 406 De
1410 349 1777 406 sacramentis
1821 347 1903 401 ait
1911 343 2167 417 A(Proo.
2187 355 2291 413 x11,
2310 339 2421 409 28).
2453 341 2523 396 Et
2545 339 2746 395 beatus
2761 341 3125 411 ‘Augustinus
3150 340 3407 411 inprimo
3426 338 3577 395 libro

298 438 418 509 (lib.
442 453 520 507 Iv,
543 456 591 494 c.
615 439 699 511 4):
733 438 891 494 Sicut
906 442 1057 495 enim
1078 444 1274 495 mortis
1293 441 1727 494 similitudinem
1746 454 1899 492 sum-

291 529 477 597 psisti,
510 530 1453 597 itaetiamsimilitudinempretiosi
1480 529 1779 595 sanguinis
1810 527 1895 580 bi-

302 618 405 674 bis.
440 616 571 670 Haec
586 615 758 670 verba
781 633 1082 688 exponens,
1113 616 1247 688 quid
1267 616 1666 687 comparatius,
1688 615 1895 685 inquis,

297 703 434 775 quid
477 704 754 759 similius?
797 704 1008 776 Negari
1042 722 1156 760 non
1184 709 1370 775 potest
1399 705 1628 759 beatum
1655 703 1898 759 Ambro-

294 792 445 847 sium
466 798 817 849 sacramento
837 792 1099 864 baptismi
1121 798 1474 848 sacramenta
1490 792 1897 865 comparavisse

294 882 512 936 altaris.
526 884 654 936 Non
670 887 756 936 est
771 887 965 936 autem
981 898 1115 936 vera
1128 882 1339 939 Christi
1354 899 1509 936 mors
1522 882 1582 936 in
1599 881 1897 953 baptismo.

291 970 480 1040 Igitur
523 987 626 1025 nec
671 987 836 1025 verus
879 972 1002 1041 ejus
1041 971 1270 1041 sanguis
1299 971 1355 1024 in
1388 971 1494 1025 hoc
1522 975 1892 1026 sacramento.

292 1057 441 1113 Pace
468 1063 568 1113 tua
596 1059 810 1114 dictum
839 1059 931 1126 sit,
963 1061 1205 1115 multum
1242 1060 1452 1114 falleris
1479 1060 1539 1114 in
1566 1061 1671 1114 hac
1699 1058 1897 1113 verbo-

292 1164 427 1202 rum
446 1147 838 1218 intelligentia,
860 1164 1043 1218 neque
1064 1149 1213 1203 enim
1231 1148 1613 1202 similitudinis
1634 1147 1898 1202 adverbia

291 1236 673 1295 identitatem.
707 1253 807 1291 seu
848 1238 1228 1308 aequalitatem
1258 1237 1465 1307 ubique
1499 1237 1682 1308 posita
1719 1236 1894 1307 signi-

295 1325 489 1380 ﬁcant.
523 1327 589 1380 In
618 1325 916 1396 Evangelio
944 1342 1191 1396 namque
1220 1327 1475 1380 Salvator
1505 1326 1640 1379 dicit
1664 1345 1675 1379 :
1721 1327 1894 1379 Estote

295 1415 697 1479 misericordes,
742 1416 887 1467 sicut
933 1418 981 1467 et
1025 1414 1200 1470 Pater
1244 1420 1415 1467 vester
1462 1417 1774 1468 misericors
1821 1419 1897 1467 est

1975 434 2058 488 De
2082 447 2339 487 sermone
2362 430 2590 487 Domini
2608 430 2669 484 in
2689 435 2912 484 monte:
2956 449 2980 482 ι
3008 430 3171 495 Quod
3191 446 3344 498 vero,
3363 430 3574 501 inquit,

1976 526 2077 577 aut
2104 521 2402 576 obscurum
2449 526 2550 575 aut
2593 518 2901 574 absurdum
2945 519 3029 574 illi
3066 524 3250 586 sonat,
3297 534 3411 573 non
3441 519 3578 573 inde

1977 611 2220 667 concitet
2264 609 2769 664 contradictionum
2814 608 3149 675 certamina,
3200 609 3297 663 sed
3345 613 3467 663 oret
3510 612 3582 662 ut

1976 699 2276 770 intelligat.
2299 718 2322 751 ι
2358 700 2427 753 Et
2448 694 2508 752 in
2524 698 2670 752 libro
2684 698 2854 752 tertio
2878 697 2965 752 De
2983 697 3260 752 Trinitate
3282 699 3424 768 (cap.
3452 694 3577 767 10):

1984 807 2011 842 α
2040 788 2168 842 Mihi
2214 792 2428 853 autem,
2460 787 2558 851 ait,
2591 787 2730 840 utile
2760 792 2863 853 est,
2896 792 2962 840 ut
2987 785 3345 840 meminerim
3371 785 3583 839 virium

1981 893 2261 941 mearum,
2279 876 2596 946 fratresque
2616 892 2772 931 meos
2790 876 3125 930 admoneam
3138 880 3205 929 ut
3219 874 3593 928 meminerint

1982 981 2235 1032 suarum,
2266 981 2337 1019 ne
2368 965 2519 1019 ultra
2547 981 2712 1035 quam
2743 969 2931 1019 tutum
2960 970 3047 1019 est
3072 965 3320 1018 humana
3343 980 3580 1034 progre-

1981 1055 2170 1108 diatur
2197 1054 2516 1108 inﬁrmitas.
2542 1071 2570 1106 ι
2622 1055 2692 1108 Et
2722 1054 2781 1108 in
2809 1053 2952 1107 libro
2982 1054 3194 1107 Contra
3230 1053 3579 1107 Felicianum

1978 1143 2303 1198 haereticum
2363 1145 2504 1214 (cap.
2562 1142 2653 1211 2):
2715 1163 2737 1194 ι
2773 1142 3190 1213 Scripturarum
3241 1140 3580 1194 auctoritate

1975 1237 2291 1299 contentus,
2328 1231 2676 1303 simplicitati
2706 1230 2933 1285 obedire
2959 1230 3147 1301 potius
3174 1229 3373 1283 studeo
3401 1245 3576 1300 quam

1974 1321 2205 1377 tumori.
2234 1340 2259 1372 ι
2307 1319 2383 1375 Et
2412 1322 2579 1391 paulo
2606 1325 2733 1391 post
2759 1321 2937 1387 (ibid.)
2961 1337 2973 1372 :
3026 1319 3253 1382 «Quam
3294 1318 3577 1372 rationem

1978 1409 2178 1462 afferre
2196 1414 2355 1479 potes
2366 1408 2412 1462 si
2426 1414 2651 1479 partum
2671 1407 2940 1479 praedicas
2958 1406 3233 1476 Virginis;
3262 1406 3311 1459 si
3324 1406 3576 1460 redditos

301 1501 451 1567 (Luc.
479 1516 557 1569 vI,
589 1500 696 1571 36).
729 1503 857 1556 Non
878 1507 1069 1556 tamen
1099 1502 1314 1570 eadem,
1349 1519 1448 1556 seu
1481 1502 1710 1573 aequalis
1735 1502 1900 1557 mise-
1979 1498 2167 1552 oculos
2195 1514 2309 1552 non
2338 1513 2512 1568 negas
2538 1497 2717 1564 caecis,
2745 1496 2793 1550 si
2812 1496 3063 1567 sepultos
3087 1494 3351 1549 ostendas
3381 1500 3578 1560 πω

293 1589 540 1644 ricordia
590 1594 777 1660 potest
822 1590 1007 1644 inesse
1058 1591 1174 1644 Deo
1226 1596 1283 1644 et
1328 1590 1668 1645 hominibus.
1721 1590 1792 1644 Et
1838 1586 2190 1686 inBredisse
2219 1602 2255 1639 a
2282 1586 2563 1640 mortuis?
2595 1587 2655 1641 Si
2680 1602 2812 1655 ergo
2839 1587 3041 1640 horum
3069 1589 3127 1637 et
3152 1584 3577 1686 incomprehen-

296 1676 601 1747 Evangelio
630 1678 939 1733 secundum
969 1679 1269 1733 Joannem:
1304 1681 1373 1733 Et
1406 1696 1518 1747 ego,
1552 1679 1756 1750 inquit,
1789 1671 1960 1734 cla~"
1978 1675 2155 1729 sibilis
2184 1680 2272 1729 est
2298 1675 2462 1741 ratio,
2516 1680 2573 1729 et
2598 1675 2805 1728 veritas
2829 1678 3088 1745 prompta
3115 1676 3221 1738 est,
3264 1671 3482 1730 facilius
3509 1672 3573 1726 in

295 1767 526 1820 ritatem
554 1782 724 1835 quam
772 1768 972 1821 dedisti
1016 1769 1163 1821 mihi
1188 1769 1315 1821 dedi
1343 1770 1438 1833 eis,
1479 1773 1544 1821 ut
1570 1770 1686 1821 sint
1714 1783 1898 1821 unum

294 1856 445 1908 sicut
473 1859 522 1908 et
550 1870 647 1908 nos
676 1870 859 1909 unum
888 1871 1081 1911 sumus
1110 1856 1295 1924 (Joan.
1324 1870 1460 1921 xvn,
1492 1854 1610 1926 ‘22).
1638 1857 1707 1910 Et
1734 1855 1893 1910 alibi:

296 1943 561 1996 Dileaisti
578 1958 685 2010 eos,
716 1946 861 1997 sicut
885 1949 935 1998 et
961 1946 1325 1998 me'dilexisti
1374 1944 1560 2011 (ibid.,
1587 1943 1697 2013 23).
1738 1944 1898 1999 Unde

299 2035 363 2084 et
382 2029 582 2085 beatus
603 2032 953 2102 Augustinus
982 2032 1042 2086 in
1072 2033 1429 2104 Expositione
1454 2033 1706 2103 ejusdem
1727 2034 1902 2087 Evan-

298 2118 437 2187 gelii
464 2120 545 2173 ait
577 2120 778 2190 (Tract.
816 2119 934 2192 10):
979 2122 1167 2191 Neque
1194 2125 1345 2175 enim
1371 2138 1582 2190 semper
1609 2126 1899 2191 aquama-

302 2213 414 2261 tem
439 2211 721 2276 signiﬁcat
747 2212 848 2278 qui
870 2212 1025 2274 dicit,
1053 2213 1197 2264 sicut
1220 2212 1385 2275 illud,
1422 2213 1504 2263 ita
1526 2217 1574 2265 et
1604 2212 1781 2265 illud:
1811 2212 1901 2265 sed

300 2298 609 2366 aliquando
631 2303 871 2364 tantum,
886 2302 1021 2367 quia
1040 2304 1114 2354 est
1130 2300 1298 2365 illud,
1315 2303 1391 2352 est
1403 2305 1451 2354 el
1465 2300 1631 2367 illud,
1654 2302 1900 2368 autquia

300 2390 378 2441 est
405 2387 553 2440 illud
579 2390 644 2440 ut
673 2389 745 2440 sit
773 2392 823 2440 et
851 2389 1018 2442 illud.

889 2484 1125 2539 CAPUT
1162 2486 1310 2542 XXI.

372 2572 473 2627 Est
498 2570 653 2626 aliud
690 2572 839 2642 quod
868 2571 1131 2643 objicitis,
1167 2573 1316 2644 quod
1347 2589 1613 2628 concessa
1638 2575 1904 2646 loquendi

296 2661 569 2717 facultate
579 2660 774 2715 multis
788 2661 848 2716 in
863 2660 998 2716 locis
1016 2661 1292 2729 clamatis,
1312 2667 1370 2717 et
1380 2662 1591 2716 dicitis:
1621 2681 1647 2715 «
1666 2663 1725 2718 Si
1741 2664 1903 2734 panis

297 2750 363 2804 in
406 2765 597 2805 veram
644 2749 853 2805 Christi
893 2766 1122 2805 carnem
1172 2750 1551 2817 convertitur;
1601 2757 1700 2805 aut
1742 2751 1904 2822 panis

295 2837 616 2894 sustollitur
661 2838 721 2892 in
764 2838 987 2905 caelum,
1037 2844 1104 2893 ut
1147 2839 1261 2893 illic
1309 2839 1369 2892 in
1412 2838 1621 2892 Christi
1674 2855 1903 2893 carnem

294 2927 695 2992 transferatur,
737 2931 839 2980 aut
878 2942 1008 2981 caro
1035 2927 1245 2981 Christi
1273 2927 1346 2980 ad
1372 2931 1587 2980 terram
1629 2927 1898 2995 defertur,

1978 1763 2221 1833 negotiis
2248 1762 2379 1816 ﬁdei
2406 1762 2741 1817 testimoniis
2769 1761 3017 1816 creditur
3042 1774 3213 1831 quam
3235 1759 3380 1814 ratio
3408 1760 3579 1813 vesti-

1979 1856 2149 1921 gatur
2177 1851 2300 1921 [al.,
2330 1850 2749 1923 investigatur].
2777 1870 2800 1902 ι

2548 1949 2782 2004 CAPUT
2829 1950 3004 2005 XXII.

2053 2037 2312 2092 Probatis
2340 2054 2464 2109 quae
2491 2037 2718 2109 probari
2745 2036 3057 2109 Oportebat,
3089 2042 3147 2090 et
3173 2036 3410 2091 exclusis
3445 2052 3577 2107 quae

1983 2126 2198 2182 excludi
2226 2126 2371 2180 ratio
2402 2125 2692 2193 suadebat,
2713 2126 2831 2195 jam
2854 2124 3084 2179 tandem
3109 2124 3243 2195 quid
3266 2130 3332 2179 tu
3354 2124 3574 2189 credas,

1983 2220 2040 2269 et
2067 2214 2457 2269 credulitatem
2486 2220 2645 2268 tuam
2670 2214 2806 2285 quid
2833 2218 3121 2284 sequatur,
3152 2213 3460 2269 videamus.
3489 2213 3580 2267 Tu

1982 2302 2163 2357 credis
2205 2319 2409 2373 panem
2458 2304 2761 2374 vinumque
2805 2302 3109 2357 Dominicae
3154 2318 3381 2369 mensae,
3425 2303 3582 2359 inter

1984 2393 2444 2459 consecrandum,
2471 2398 2745 2462 quantum
2765 2391 2837 2445 ad
2856 2390 3252 2458 substantiam,
3275 2391 3591 2447 immobilia

1985 2496 2335 2551 permanere,
2362 2482 2469 2535 hoc
2496 2486 2582 2535 est
2608 2496 2813 2551 panem
2840 2485 2897 2534 et
2925 2480 3116 2535 vinum
3143 2481 3418 2535 exstitisse
3447 2487 3588 2537 ante

1986 2570 2483 2635 consecrationem,
2531 2575 2589 2624 et
2614 2585 2819 2641 panem
2845 2569 3151 2640 vinumque
3187 2569 3422 2625 existere
3451 2576 3587 2641 post

1983 2659 2461 2713 consecrationem
2488 2701 2505 2723 ,
2572 2656 2783 2712 Christi
2836 2673 3064 2712 carnem
3123 2674 3189 2712 ac
3244 2659 3586 2729 sanguinem

1983 2753 2281 2818 propterea
2333 2748 2518 2802 vocati
2574 2747 2740 2818 quod,
2802 2747 2862 2800 in
2916 2747 3249 2801 memoriam
3303 2748 3583 2804 cruciﬁsz

1984 2836 2167 2890 carnis
2187 2841 2246 2891 et
2264 2836 2334 2890 de
2355 2837 2533 2890 latere
2561 2835 2725 2890 effusi
2752 2835 3066 2906 sanguinis,
3088 2836 3147 2890 in
3168 2836 3414 2891 Ecclesia
3438 2838 3587 2892 cele-

1984 2925 2236 2992 brentur,
2262 2930 2327 2979 ut
2350 2924 2700 2979 Dominicam
2723 2925 3043 2996 passionem
3063 2940 3166 2995 per
3178 2924 3285 2978 hoc
3302 2925 3582 2981 admoniti

294 3019 367 3069 ut
392 3015 520 3069 istic
546 3015 607 3069 in
632 3031 759 3069 eam
785 3015 949 3085 panis
973 3020 1372 3069 commutetur.
1402 3014 1575 3085 Atqui
1604 3030 1707 3068 nec
1736 3015 1898 3086 panis
1918 2997 1961 3057 C
1982 3031 2205 3085 semper
2228 3015 2563 3083 recolamus,
2591 3018 2648 3067 et
2676 3014 3004 3079 recolentes,
3050 3029 3278 3068 carnem
3324 3020 3586 3069 nostram

293 3102 637 3169 sustollitur,
687 3118 790 3156 nec
816 3118 947 3156 caro
976 3103 1247 3157 defertur.
1297 3103 1424 3156 Non
1452 3106 1539 3155 est
1566 3101 1741 3171 igitur
1768 3118 1900 3157 vera
1979 3119 2109 3157 cum
2135 3103 2288 3157 vitiis
2317 3107 2374 3157 et
2403 3102 2865 3172 concupiscentiis
2894 3102 3241 3156 incessanter
3277 3102 3579 3173 cruciﬁga—

294 3207 428 3247 caro
456 3191 516 3245 in
542 3206 713 3263 quam
740 3192 903 3263 panis
930 3192 1294 3246 convertitur.
1324 3209 1347 3242 ι
1384 3191 1503 3244 Hoc
1520 3207 1619 3244 vos
1637 3192 1898 3261 colligitis
1980 3209 2107 3246 mus
2134 3192 2277 3260 (Gal.
2310 3206 2364 3257 v,
2394 3190 2503 3260 24).
2537 3191 2672 3254 Qua:
2700 3191 2748 3244 si
2777 3207 2907 3245 vera
2936 3195 3070 3245 sunt
3099 3191 3493 3261 praestantiora
3520 3196 3588 3245 et

295 3280 609 3335 secundum
653 3280 964 3334 humanam
1020 3280 1380 3350 sapientiam,
1431 3294 1544 3333 non
1589 3281 1898 3334 secundum
1980 3280 2860 3334 diviniorafueruntsacramenta
2873 3279 3196 3334 Judaeorum
3211 3280 3584 3334 sacramentis

295 3367 565 3421 divinam.
613 3369 878 3422 Humana
906 3372 1095 3423 autem
1126 3367 1404 3438 sapientia
1429 3368 1681 3437 perquiri
1710 3368 1900 3422 divina
1981 3368 2449 3423 Christianorum.
2497 3368 2635 3431 Quis
2674 3369 2824 3422 enim
2849 3368 3065 3422 nesciat
3091 3384 3302 3423 manna
3326 3368 3476 3439 quod
3505 3369 3582 3423 de

294 3473 470 3528 opera
496 3456 757 3527 prohibet
783 3457 1087 3528 Apostolus
1113 3456 1186 3510 ad
1213 3458 1496 3511 Romanos
1519 3457 1739 3511 dicens:
1774 3458 1898 3511 Non
1979 3457 2115 3511 coelo
2144 3456 2372 3528 pluebat
2398 3456 2690 3523 Dominus,
2745 3473 2845 3510 seu
2888 3456 3167 3510 animatas
3195 3461 3253 3511 et
3279 3456 3580 3512 seusibiles

292 3548 420 3614 plus
444 3560 631 3614 sapere
652 3562 822 3614 quam
841 3550 1044 3614 oportet
1061 3560 1268 3613 sapere,
1291 3546 1381 3598 sed
1400 3561 1587 3614 sapere
1606 3547 1681 3599 ad
1699 3547 1898 3599 sobrie-
1977 3551 2264 3600 creaturas
2293 3562 2432 3616 quas
2459 3546 2699 3616 populus
2726 3545 2820 3599 ille
2846 3545 3161 3599 sacriﬁcare
3184 3552 3574 3611 consueverat,

296 3638 464 3687 tatem
493 3633 670 3702 (Rom.
697 3647 799 3699 XII,
824 3632 911 3701 3);
943 3638 1002 3687 et
1028 3633 1101 3686 ad
1129 3632 1475 3689 Corinthios:
1503 3634 1694 3689 Sermo
1721 3650 1892 3700 meus,
1978 3651 2151 3705 parva
2181 3634 2427 3689 buccella
2452 3636 2633 3704 panis,
2664 3634 2994 3704 modicoque
3019 3634 3135 3688 vini
3156 3634 3582 3705 praestantiores

295 3726 348 3776 et
358 3723 681 3791 pradicatio
699 3738 821 3775 mea
839 3738 953 3776 non
974 3724 1037 3775 in
1052 3723 1510 3790 persuasibilibus
1532 3722 1792 3776 humanae
1813 3739 1898 3777 sa-
1980 3722 2297 3777 exstitisse?
2327 3724 2543 3777 Rursus
2563 3722 2688 3793 quis
2705 3738 2818 3777 non
2839 3722 3120 3791 intelligat
3140 3723 3380 3777 divinius
3402 3723 3582 3777 fuisse

293 3811 518 3879 pientis:
540 3812 741 3878 verbis,
761 3811 852 3864 sed
871 3812 936 3863 in
951 3812 1555 3878 ostensionespiriluset
1568 3813 1817 3876 virtutis,
1832 3818 1894 3865 ut
1978 3812 2356 3883 praenuntiare
2402 3812 2595 3866 futura
2642 3827 2811 3882 quam
2840 3827 3073 3866 narrare
3103 3812 3404 3882 praeterita,
3441 3827 3580 3865 cum

291 3900 425 3968 ﬁdes
443 3904 623 3953 vestra
645 3914 760 3953 non
779 3901 855 3952 sit
876 3901 938 3953 in
960 3901 1235 3967 sapientia
1253 3900 1569 3965 hominum,
1590 3901 1682 3953 sed
1698 3903 1763 3953 in
1782 3903 1897 3954 vir—
1974 3901 2115 3954 illud
2143 3917 2255 3954 non
2283 3900 2458 3970 possit
2484 3900 2667 3954 facere
2695 3900 2803 3954 nisi
2836 3900 3049 3971 Spiritu
3085 3900 3188 3954 Dei
3218 3901 3433 3971 plenus,
3465 3900 3580 3954 hoc

297 3992 411 4041 tute
428 3989 530 4042 Dei
556 3987 603 4059 (Ι
629 3989 752 4044 σον.
783 4001 847 4053 II,
878 3985 969 4055 4);
1002 3991 1059 4040 et
1087 3987 1158 4041 ad
1191 3987 1580 4042 Colossenses:
1625 3989 1797 4042 Videte
1826 4004 1893 4043 ne
1974 3994 2166 4043 autem
2194 4004 2339 4058 saepe
2384 3989 2554 4043 faciat
2581 3988 2758 4042 idiota
2803 3988 2975 4042 etiam
3004 3989 3092 4042 vel
3134 3988 3370 4059 quilibet
3397 3988 3582 4060 impe-

292 4079 417 4147 quis
428 4092 517 4131 vos
528 4078 764 4146 decipiat
770 4077 1283 4148 perphilospphiam
1294 4082 1342 4130 et
1356 4079 1584 4130 inanem
1600 4077 1890 4144 fallaciam
1973 4076 2116 4130 ritus
2139 4078 2163 4129 ?
2197 4077 2307 4130 Sed
2335 4075 2481 4129 absit
2508 4077 2611 4129 hoc
2634 4092 2669 4129 a
2694 4076 2942 4130 ﬁdelium
2970 4076 3136 4130 corde
3165 4082 3223 4130 et
3249 4076 3578 4131 Christiana

288 4167 595 4219 secundum
612 4166 970 4219 traditionem
982 4165 1294 4229 hominum,
1308 4166 1612 4218 secundum
1626 4167 1891 4219 elementa
1972 4164 2370 4235 intelligentia!
2408 4164 2617 4218 Christi
2646 4179 2889 4234 namque
2918 4163 3082 4217 miles
3109 4163 3438 4218 Ambrosius
3469 4164 3575 4217 illa

289 4255 495 4307 mundi
524 4253 655 4324 (Col.
689 4267 749 4320 ιι,
782 4251 857 4324 8).
885 4252 956 4307 Et
980 4252 1180 4307 beatus
1209 4253 1533 4323 Gregorius,
1566 4255 1625 4307 in
1654 4252 1888 4308 homilia
1905 4316 1947 4324 _
1971 4253 2256 4319 inferiora,
2292 4254 2407 4306 haec
2436 4253 2671 4323 potiora’
2686 4256 2742 4306 et
2785 4252 3043 4322 digniora
3072 4268 3192 4306 esse
3219 4252 3280 4306 in
3307 4252 3447 4306 libro
3485 4253 3573 4307 De

288 4316 547 4396 Paschali
579 4340 665 4410 (26
687 4316 751 4395 in
776 4316 1016 4410 Erang.)
1038 4359 1049 4394 :
1089 4360 1115 4393 «
1139 4316 1462 4407 Sciendum,
1493 4316 1698 4412 inquit,
1730 4340 1889 4395 nobis
1905 4316 1954 4373 D
1971 4316 2254 4412 mysteriis
2272 4316 2568 4397 conﬁrmat
2587 4341 2779 4395 dicens
2796 4316 2944 4412 (cap.
2958 4340 3043 4410 8):
3082 4341 3358 4395 «Summo
3379 4341 3574 4396 studio

294 4436 382 4484 est
400 4429 550 4500 quod
565 4428 757 4483 divina
776 4429 1048 4500 operatio,
1072 4429 1119 4483 si
1140 4430 1356 4483 ratione
1375 4431 1889 4501 comprehenditur,
1973 4432 2229 4485 volumus
2254 4429 2617 4501 comprobare
2641 4429 2777 4500 quia
2799 4434 2856 4483 et
2878 4429 3199 4500 antiquiora
3222 4435 3359 4484 sunt
3384 4446 3577 4484 sacra—

291 4533 408 4572 non
430 4521 516 4571 est
552 4516 922 4571 admirabilis.
960 4518 1078 4572 Nec
1101 4518 1241 4572 ﬁdes
1270 4519 1441 4573 habet
1484 4519 1769 4587 meritum,
1801 4519 1891 4574 cui
1972 4525 2165 4573 menta
2210 4520 2468 4573 Ecclesiae
2515 4535 2686 4589 quam
2717 4520 3047 4590 Synagogae,
3080 4524 3138 4572 et
3172 4520 3577 4590 praestantiora

293 4606 547 4660 humana
568 4605 716 4660 ratio
737 4605 950 4676 praebet
967 4606 1433 4675 experimentum.
1453 4625 1479 4660 »
1507 4607 1813 4679 Propterea
1832 4608 1891 4661 in
1975 4624 2149 4678 quam
2169 4624 2380 4661 manna
2404 4612 2506 4661 est.
2536 4630 2562 4656 ››
2593 4609 2664 4661 Et
2687 4608 2854 4678 paulo
2876 4612 3004 4678 post
3028 4608 3176 4678 (cap.
3198 4608 3248 4677 9)
3275 4627 3287 4662 :
3316 4626 3344 4660 α
3365 4608 3582 4662 Proba-

293 4698 456 4749 tanta
499 4710 690 4748 rerum
734 4695 1119 4765 profunditate
1149 4696 1330 4765 magis
1370 4696 1620 4767 oportuit
1645 4702 1702 4750 te
1731 4713 1891 4760 orare
1971 4703 2097 4752 tum
2124 4702 2209 4750 est
2237 4696 2559 4767 antiquiora
2584 4712 2706 4750 esse
2734 4696 2992 4751 Ecclesiae
3020 4703 3394 4764 sacramenta,
3419 4714 3582 4752 nunc

295 4783 498 4849 Deum,
514 4782 1040 4854 utautintelligeres
1058 4800 1179 4860 quae
1199 4800 1300 4855 pro
1316 4784 1567 4838 humana
1585 4786 1893 4856 capacitate
1975 4803 2246 4856 cognosce
2273 4786 2509 4856 potiora.
2536 4804 2562 4837 »
2604 4786 2675 4839 Et
2700 4791 2827 4855 post
2855 4785 3061 4855 aliqua,
3094 4785 3400 4855 cognovisti
3422 4802 3579 4856 prm-

293 4871 538 4941 intelligi
565 4878 821 4943 possunt,
854 4879 955 4927 aut
977 4873 1274 4944 patienter,
1307 4878 1365 4927 et
1382 4874 1672 4928 humiliter
1694 4876 1888 4942 ferres,
1975 4875 2288 4929 stantiora:
2343 4893 2365 4924 ι
2399 4874 2591 4927 Potior
2637 4878 2723 4927 est
2767 4874 2862 4928 lux
2913 4890 3083 4944 quam
3110 4873 3332 4941 umbra,
3362 4875 3580 4929 veritas

296 4965 355 5014 et
383 4966 580 5014 tamen
606 4961 864 5016 crederes
887 4978 1010 5033 quae
1037 4963 1099 5016 in
1122 4968 1282 5016 tanto
1311 4979 1516 5016 arcano
1544 4963 1777 5017 humani
1804 4965 1891 5017 in-
1976 4980 2145 5034 quam
2159 4964 2395 5033 ﬁguram
2416 4963 2651 5029 Item,in
2663 4967 2864 5032 quarto
2875 4962 3573 5040 Desacramentis(cap.3):

294 5049 449 5121 genii
479 5049 626 5104 vires
656 5052 951 5117 excedunt,
985 5056 1044 5105 et
1063 5051 1123 5105 in
1142 5051 1247 5105 hac
1265 5051 1381 5105 vita
1404 5051 1642 5122 intelligi
1662 5051 1894 5106 minime
1982 5072 2004 5102 ι
2034 5051 2235 5122 Accipe
2261 5068 2383 5122 quae
2409 5051 2550 5117 dico,
2579 5050 2852 5105 diviniora
2881 5068 3003 5106 esse
3035 5058 3389 5107 sacramenta
3413 5052 3581 5106 Chri-

294 5144 550 5209 possunt,
586 5155 756 5210 quam
781 5141 941 5197 litem
964 5157 1206 5207 movere,
1233 5139 1304 5193 ab
1323 5140 1625 5194 universali
1650 5141 1895 5195 Ecclesia
1975 5141 2287 5195 stianorum
2316 5156 2486 5210 quam
2513 5139 2854 5194 Judaaorum.
2884 5159 2908 5192 ι
2942 5141 3089 5209 Ergo
3117 5141 3259 5195 falsa
3285 5146 3419 5195 sunt
3446 5157 3581 5212 quae

294 5227 614 5296 dissentire,
654 5245 862 5284 novum
890 5229 1132 5283 schisma
1156 5227 1339 5282 verbis
1367 5232 1424 5281 et
1452 5228 1671 5299 scriptis
1698 5235 1895 5284 contra
1974 5229 2260 5301 proponis.

292 5321 617 5371 sanctorum
655 5319 892 5373 Patrum
920 5322 1201 5389 praecepta
1226 5317 1454 5371 inferre.
1504 5317 1758 5372 Profecto
1787 5319 1892 5373 hoc
2044 5318 2320 5389 Amplius.
2356 5317 2415 5372 Si
2442 5334 2635 5371 verum
2659 5323 2746 5373 est
2768 5318 2917 5389 quod
2935 5319 3005 5373 de
3024 5334 3258 5390 corpore
3277 5317 3488 5374 Christi
3506 5322 3581 5374 tu

292 5403 460 5458 modo
505 5421 701 5475 ageres
749 5406 901 5478 quod
949 5406 1042 5476 agi
1086 5410 1344 5477 oportere
1398 5405 1650 5476 praecipit
1699 5407 1893 5476 Legis-
1975 5406 2155 5461 credis
2177 5412 2236 5460 et
2256 5407 2484 5473 astruis,
2506 5406 2712 5461 falsum
2738 5413 2823 5460 est
2841 5407 2992 5477 quod
3005 5405 3076 5460 ab
3091 5406 3339 5462 Ecclesia
3361 5405 3579 5477 ubique

292 5491 441 5548 lator
468 5493 693 5550 dicens:
745 5497 826 5551 Nc
874 5496 1308 5563 transgrediaris
1355 5496 1619 5549 terminos
1660 5501 1893 5564 patrum
1974 5494 2229 5564 gentium
2257 5494 2328 5549 de
2356 5495 2553 5549 eadem
2586 5510 2647 5549 re
2674 5494 2922 5549 creditur
2949 5500 3008 5550 et
3035 5495 3329 5554 astruitur.
3359 5495 3580 5555 Omnes
