3978 6174
267 268 361 327 441

1106 272 1319 329 LIBER
1356 273 1449 329 DE
1486 273 1821 330 CORPORE
1860 274 1949 331 ET
1987 272 2358 332 SANGUINE
2395 271 2674 329 DOMINI.

3419 264 3525 324 442

265 395 409 449 enim
450 397 547 466 qui
602 396 953 452 Christianos
978 414 1040 452 sc
1077 403 1136 453 et
1176 415 1297 453 esse
1326 403 1383 453 ct
1424 399 1532 453 dici
1562 399 2066 472 latantur,Apere
2094 400 2425 455 moliuntur.
2467 396 2668 472 Itaque
2703 395 2886 451 dicitis
2930 411 2942 447 :
2990 415 3012 445 ι
3044 393 3414 449 Pradicatum
3444 398 3530 449 est

265 501 447 539 veram
479 485 691 540 Christi
739 503 966 541 carnem
1002 504 1308 560 verumque
1337 488 1459 558 ejus
1499 490 1851 558 sanguinem,

263 578 499 643 utraque
537 579 765 646 sumpta
801 575 870 629 de
900 574 1144 646 Virgine,
1176 577 1237 631 in
1267 577 1373 631 hoc
1400 583 1751 631 sacramento
1795 594 1855 632 se

263 662 547 733 percipere
562 663 897 733 gloriantur.
914 665 1207 736 Interroga
1226 665 1513 721 universos
1532 666 1628 736 qui
1645 666 1855 721 Latina

264 750 461 819 lingua
500 757 891 806 nostrarumve
927 753 1249 808 litterarum
1288 754 1547 809 notitiam
1586 771 1853 826 percepe-

264 845 408 894 runt.
460 840 758 911 Interroga
812 842 1049 905 Gracos,
1082 848 1370 910 Armenos,
1404 860 1503 898 seu
1555 842 1856 914 cujuslibet

261 926 501 981 nationis
532 945 893 1000 quoscunque
923 931 1272 987 Christianos
1296 932 1581 999 homines;
1611 949 1724 987 uno
1755 948 1853 986 ore

261 1014 396 1068 hanc
415 1016 590 1069 ﬁdem
613 1034 673 1070 se
692 1022 973 1073 testantur
998 1019 1225 1074 habere.
1245 1022 1419 1075 Porro
1448 1022 1495 1074 si
1523 1021 1853 1075 universalis

262 1103 511 1158 Ecclesia
542 1105 680 1159 ﬁdes
704 1106 845 1160 falsa
871 1108 1075 1173 existit,
1104 1114 1203 1163 aut
1218 1126 1507 1180 nunquam
1533 1109 1639 1163 fuit
1666 1109 1853 1163 catho-

264 1192 359 1245 lica
377 1191 657 1255 Ecclesia,
684 1202 784 1250 aut
804 1197 989 1268 periit.
1016 1197 1172 1252 Nihil
1197 1215 1441 1270 namque
1471 1198 1751 1253 efficacius
1780 1198 1851 1252 ad

264 1280 554 1337 interitum
584 1285 899 1340 animarum
942 1302 1111 1357 quam
1156 1288 1503 1358 perniciosus
1530 1304 1707 1341 error.
1741 1287 1850 1340 Sed

260 1385 365 1424 non
387 1370 588 1436 fuisse,
619 1380 719 1429 aut
742 1376 976 1446 periisse
1006 1376 1327 1443 Ecclesiam,
1360 1377 1664 1431 catholicus
1684 1392 1849 1430 nemo

260 1462 625 1516 consenserit.
666 1464 929 1535 Alioquin
961 1481 1074 1519 non
1102 1470 1189 1519 est
1214 1482 1405 1519 verum
1436 1465 1584 1536 quod
1612 1464 1851 1519 Abrahae

260 1547 473 1603 Veritas
501 1552 767 1621 promisit
791 1553 1015 1607 dicens:
1040 1556 1102 1608 In
1123 1558 1328 1608 semine
1355 1561 1446 1608 tuo
1467 1556 1851 1608 benedicentur

1937 490 2301 559 Evangelium
2322 489 2380 542 in
2400 487 2660 542 omnibus
2688 486 2969 557 gentibus,
2991 483 3229 538 credidit
3259 483 3526 550 mundus,

1935 578 2085 633 facta
2109 583 2196 633 est
2222 576 2486 640 Ecclesia,
2512 576 2704 638 crevit,
2727 574 3096 638 fructiﬁcavit,
3125 572 3223 627 sed
3245 572 3531 643 imperitia

1936 668 2081 722 male
2097 666 2660 737 intelligentium'za
2674 671 2711 729 Ι
2726 669 2920 736 postea
2929 663 3154 728 erravit,
3175 667 3230 716 et
3250 661 3418 733 periit
3435 680 3448 729 ;
3470 662 3528 716 in

1935 755 2095 810 nobis
2107 756 2239 810 solis
2256 760 2312 809 et
2329 755 2386 808 in
2401 755 2488 808 his
2508 753 2604 825 qui
2620 770 2722 808 nos
2736 758 3048 824 sequuntur
3066 755 3259 806 sancta
3282 750 3342 805 in
3359 751 3526 806 terris

1936 844 2176 898 Ecclesia
2197 843 2649 897 remansit.Hanc
2659 841 2987 912 sacrilegam
3006 840 3311 894 vanitatem
3330 840 3531 894 evertit

1935 935 2254 1002 evangelica
2278 933 2498 995 veritas,
2523 937 2581 985 et
2591 932 2993 1003 prophetarum
3013 935 3181 1000 atque
3204 935 3526 983 sanctorum

1934 1020 2169 1076 Patrum
2232 1038 2345 1075 non
2387 1021 2644 1075 violanda
2699 1019 3023 1073 auctoritas.
3064 1019 3222 1072 Unde
3270 1018 3525 1073 Ecclesia

1934 1127 2048 1164 sua
2077 1114 2282 1165 sancta
2325 1110 2383 1164 in
2426 1108 2724 1178 Evangelio
2775 1124 2876 1162 suo
2923 1107 3193 1161 Dominus
3232 1107 3526 1178 pollicetur

1933 1200 2122 1253 dicens
2174 1220 2188 1253 :
2235 1201 2360 1253 Ecce
2410 1216 2501 1267 ego
2544 1201 2819 1252 vobiscum
2866 1215 2990 1252 sum
3038 1198 3293 1249 omnibus
3338 1197 3526 1249 diebus

1934 1305 2102 1356 usque
2157 1290 2230 1341 ad
2279 1291 2807 1342 consummationem
2851 1287 3039 1341 seaculi
3073 1285 3299 1356 (Matth.
3338 1298 3527 1348 xxvm,

1932 1374 2046 1438 ‘20).
2094 1397 2120 1429 »
2163 1377 2323 1441 Quod
2368 1376 2600 1430 minime
2642 1376 2873 1441 diceret,
2919 1375 2965 1429 si
3022 1373 3327 1429 Ecclesiam
3365 1386 3528 1426 suam

1934 1472 2064 1521 ante
2092 1466 2636 1520 consummationem
2665 1465 2852 1520 saculi
2883 1464 3194 1536 perituram
3237 1480 3358 1517 esse
3384 1478 3528 1533 pra-

1932 1561 2206 1611 nosceret.
2256 1555 2328 1609 Et
2375 1554 2552 1608 alibi:
2606 1556 2757 1608 Tunc
2821 1557 2872 1607 si
2909 1557 3032 1623 quis
3077 1554 3223 1607 vobis
3267 1554 3524 1605 dixerit:

263 1650 437 1690 omnes
472 1645 660 1705 gentes
687 1641 838 1710 (Gen.
870 1657 1002 1709 xxn,
1039 1639 1145 1710 18).
1178 1644 1319 1697 Item
1356 1643 1413 1697 in
1447 1644 1668 1697 Psalmo
1698 1660 1709 1695 :
1752 1630 1911 1696 Po-B
1934 1647 2061 1699 Ecce
2113 1645 2202 1698 hic
2252 1644 2520 1710 Christus,
2576 1649 2677 1697 aut
2726 1660 2835 1696 ecce
2892 1645 3029 1708 illic,
3090 1643 3259 1695 nolite
3313 1642 3529 1694 credere

262 1729 397 1778 stula
411 1742 447 1779 α
466 1734 621 1781 meet
641 1730 777 1783 dabo
797 1733 899 1785 tibi
911 1737 1092 1798 gentes
1103 1733 1479 1786 haereditate-ni
1502 1738 1657 1786 tuam
1677 1737 1726 1785 et
1734 1748 1853 1800 pos-

262 1818 547 1870 sessionem
581 1823 736 1872 tuam
768 1824 1033 1874 terminos
1063 1827 1222 1876 terra:
1253 1822 1421 1888 (Psal.
1459 1835 1519 1888 II,
1550 1819 1627 1889 8).
1667 1822 1808 1875 Item
1837 1839 1849 1873 :

261 1903 722 1973 Reminiscentu-r,
738 1914 787 1961 et
800 1915 1191 1963 convertentur
1204 1912 1277 1963 ad
1288 1912 1588 1965 Dominum
1601 1912 1858 1963 universi

263 1994 382 2058 ﬁnes
413 2000 582 2049 terra?
608 1998 776 2067 (Psal.
822 2012 937 2064 xxt,
976 1998 1090 2067 28).
1128 2000 1195 2053 Et
1226 1998 1360 2053 alibi
1390 2015 1403 2054 :
1440 1999 1578 2066 Quos
1624 2000 1854 2053 redemit

260 2080 315 2135 de
340 2098 521 2138 manu
562 2088 804 2152 inimici,
836 2088 901 2141 de
946 2090 1263 2155 regionibus
1290 2091 1637 2156 congregavit
1674 2104 1775 2153 eos,
1817 2104 1853 2141 a

261 2172 373 2224 solis
400 2178 537 2226 ortu
563 2180 615 2227 et
641 2190 851 2243 occasu,
882 2178 952 2229 ab
980 2178 1240 2245 aquilone
1267 2183 1315 2231 et
1354 2180 1511 2231 mari
1541 2178 1708 2245 (Psal.
1742 2191 1845 2243 cv1,

259 2257 305 2325 2,
333 2258 407 2328 3).
439 2262 592 2315 Item
612 2261 811 2317 beatus
835 2265 1186 2335 Augustinus
1210 2267 1270 2320 in
1291 2265 1474 2337 prima
1491 2266 1851 2337 expositionis

257 2350 599 2420 psalmorum
618 2356 779 2422 parte
802 2354 882 2421 (in
906 2357 1047 2421 psal.
1069 2371 1176 2413 xxx.
1200 2356 1378 2409 Tract.
1410 2354 1465 2423 2)
1503 2373 1514 2407 :
1551 2374 1574 2404 ι
1605 2355 1850 2409 Ecclesia

258 2453 454 2507 magna
479 2439 619 2509 quid
643 2446 748 2504 est,
770 2441 972 2495 fratres
987 2442 1012 2494 ’ἶ
1028 2444 1295 2514 Nunquid
1317 2443 1523 2513 exigua
1551 2459 1682 2514 pars
1702 2444 1851 2498 orbis

255 2530 534 2580 terrarum
565 2528 809 2583 Ecclesia
834 2546 1041 2599 magna
1066 2532 1189 2585 est?
1211 2532 1455 2586 Ecclesia
1474 2548 1680 2603 magna
1698 2537 1851 2586 totus

258 2613 397 2669 orbis
444 2624 554 2669 est.
598 2636 625 2669 »
661 2618 801 2671 Item
845 2619 906 2673 in
955 2620 1151 2674 eadem
1185 2622 1380 2689 (Enar.
1431 2625 1573 2690 psat.
1618 2631 1795 2685 xxxix)
1833 2638 1844 2673 :

258 2704 933 2774 «Annuntiavijustitiam
947 2714 1102 2763 tuam
1113 2712 1177 2763 in
1189 2710 1423 2764 Ecclesia
1435 2711 1849 2778 magna.Quam

255 2793 492 2863 magna?
518 2794 661 2848 Toto
692 2794 826 2850 orbe
852 2802 1149 2853 terrarum.
1172 2798 1354 2862 Quam
1384 2800 1629 2870 magna?
1652 2800 1711 2853 in
1737 2816 1854 2854 om-

258 2881 411 2936 nibus
439 2883 727 2952 gentibus.
760 2886 945 2949 Quare
978 2887 1037 2940 in
1085 2887 1344 2942 omnibus
1379 2888 1677 2959 gentibus?
1709 2889 1852 2952 Quia

254 2973 313 3024 in
326 2987 547 3026 omnem
568 2978 780 3027 terram
794 2978 961 3028 exivit
982 2993 1149 3031 sonus
1169 2993 1379 3031 eorum.
1391 2997 1415 3030 »
1431 2978 1592 3045 Item,
1608 2978 1667 3032 in
1683 2978 1851 3033 tertia

1939 1734 2151 1800 (Matth.
2200 1749 2344 1799 xxw,
2401 1731 2515 1801 23).
2576 1732 2944 1801 Augustinus,
2989 1730 3049 1784 in
3094 1729 3339 1784 secunda
3384 1729 3529 1799 psal-

1937 1838 2158 1876 morum
2205 1821 2563 1893 expositionis
2608 1826 2769 1891 parte
2815 1822 3021 1888 (enarr.
3065 1822 3129 1873 in
3170 1823 3314 1889 psal.
3366 1822 3470 1889 va)
3509 1834 3524 1872 :

1942 1928 1970 1963 α
1998 1909 2211 1983 Corpus
2237 1916 2322 1965 est
2349 1916 2539 1965 autem
2568 1909 2829 1975 Ecclesia,
2861 1924 2973 1962 non
2996 1908 3127 1978 ista,
3164 1913 3263 1962 aut
3290 1908 3406 1974 illa,
3429 1909 3527 1962 sed

1935 2004 2054 2054 toto
2084 2000 2219 2054 orbe
2257 1999 2476 2054 ditiusa.
2513 2019 2535 2050 ι
2575 1998 2717 2053 Item
2748 1998 2806 2051 in
2837 1997 3034 2051 eadem
3058 1999 3142 2063 (in
3167 2001 3308 2065 psal.
3339 2001 3478 2065 anv)
3511 2016 3523 2050 :

1940 2106 1963 2137 ι
1997 2088 2136 2158 Spes
2181 2087 2431 2141 omnium
2471 2087 2717 2140 ﬁliorum
2766 2090 2952 2140 terra.
3001 2086 3126 2139 Non
3178 2102 3305 2156 spes
3361 2084 3528 2138 unius

1932 2178 2145 2247 anguli,
2186 2192 2299 2231 non
2349 2193 2475 2248 spes
2521 2177 2689 2231 unius
2743 2176 2953 2241 Judea,
3003 2191 3116 2229 non
3170 2191 3298 2246 spes
3355 2175 3529 2228 solius

1931 2267 2147 2332 Africa,
2179 2283 2292 2321 non
2321 2283 2448 2337 spes
2484 2265 2807 2331 Pannonia,
2840 2281 2953 2319 non
2982 2281 3109 2336 spes
3157 2264 3402 2319 Orientis
3430 2269 3529 2317 aut

1932 2355 2268 2422 Occidentis,
2302 2356 2399 2410 sed
2443 2371 2570 2426 spes
2608 2354 2861 2408 omnium
2908 2354 3107 2408 ﬁnium
3153 2359 3338 2418 terra,
3385 2357 3442 2406 et
3471 2352 3528 2406 in

1933 2444 2076 2498 mari
2104 2445 2288 2513 longe.
2328 2464 2349 2494 ι
2383 2443 2450 2497 In
2476 2443 2675 2497 eadem
2704 2444 2785 2513 (in
2799 2446 2938 2511 psat.
2966 2444 3108 2509 LXXI)
3148 2459 3159 2492 :
3191 2460 3213 2491 ι
3250 2442 3379 2494 Hac
3404 2456 3530 2511 pro-

1932 2533 2125 2603 phetia
2170 2538 2399 2604 propter
2427 2549 2521 2586 eos
2551 2533 2840 2603 praemissa
2876 2537 2979 2597 est,
3012 2531 3107 2602 qui
3146 2535 3350 2601 putant
3396 2528 3529 2583 reli-

1929 2622 2156 2690 gionem
2179 2621 2421 2675 nominis
2451 2620 2759 2675 Christiani
2777 2637 2956 2691 usque
2975 2619 3047 2673 ad
3071 2625 3290 2674 certum
3304 2625 3529 2689 tempus

1932 2710 1991 2764 in
2035 2711 2140 2764 hoc
2179 2710 2380 2764 saculo
2428 2710 2718 2773 victuram,
2763 2714 2822 2763 et
2863 2714 3060 2780 postea
3096 2725 3210 2762 non
3255 2707 3524 2761 futuram.

1931 2794 2292 2848 Permanebit
2319 2800 2510 2848 autem
2540 2810 2668 2848 cum
2694 2794 2829 2857 sole,
2863 2793 3114 2865 quandiu
3130 2793 3214 2846 sol
3243 2792 3441 2856 oritur,
3473 2796 3530 2844 et

1932 2872 2153 2937 occidit.
2182 2883 2301 2937 Hoc
2346 2889 2449 2946 est,
2482 2883 2729 2954 quandiu
2777 2888 3034 2952 tempora
3073 2882 3182 2934 ista
3207 2880 3523 2945 volvuntur,

1931 2988 2045 3026 non
2065 2972 2244 3026 deerit
2258 2971 2520 3039 Ecclesia,
2551 2971 2608 3025 id
2635 2976 2720 3024 est
2745 2970 2955 3025 Christi
2984 2986 3186 3041 corpus
3204 2969 3263 3023 in
3292 2969 3480 3023 terris.
3502 2991 3524 3017 ιι

255 3060 501 3128 ejusdem
526 3062 711 3132 Operis
739 3069 899 3133 parte
933 3083 944 3118 :
992 3083 1018 3117 «
1052 3066 1268 3137 Corpus
1298 3067 1507 3121 Christi
1535 3073 1754 3122 constat
1783 3048 1908 3121 (εχο
1928 3062 2070 3116 Item
2099 3062 2158 3115 in
2180 3062 2373 3115 eadem
2399 3064 2479 3128 (in
2515 3064 2658 3115 Psat.
2683 3068 2811 3128 xcn)
2843 3079 2858 3113 :
2887 3078 2913 3111 ς(
2941 3061 3179 3113 Domum
3210 3063 3366 3111 tuam
3386 3059 3527 3111 deed

254 3148 437 3202 multis
464 3150 823 3205 credentibus
853 3154 913 3206 in
938 3158 1057 3207 toto
1087 3153 1220 3208 orbe
1244 3159 1595 3210 terrarum.»
1630 3157 1774 3210 Item
1790 3155 1850 3209 in

256 3236 486 3291 eadem:
541 3256 571 3289 α
600 3239 1048 3296 Tabernaculum
1091 3243 1316 3297 Domini
1359 3249 1447 3298 est
1494 3245 1603 3299 ista
1655 3250 1852 3299 sancta

256 3324 492 3380 Ecclesia
521 3327 582 3381 in
609 3333 729 3382 toto
772 3330 906 3384 orbe
933 3336 1214 3386 terrarum
1243 3332 1463 3387 diffusa.
1498 3354 1526 3386 »
1572 3335 1642 3389 Et
1666 3334 1800 3389 alibi
1833 3351 1845 3386 :

259 3431 284 3463 ι
317 3414 535 3470 Chorus
579 3416 789 3471 Christi
828 3419 947 3488 jam
998 3426 1152 3475 totus
1190 3423 1434 3477 mundus
1477 3429 1581 3477 est.
1634 3422 1851 3479 Chorus

255 3499 449 3557 Christi
480 3504 553 3559 ab
583 3504 798 3560 oriente
827 3508 887 3561 in
916 3509 1258 3565 occidentem
1295 3517 1585 3565 consonat.
1624 3532 1647 3563 ι
1684 3514 1845 3578 Item,

253 3588 306 3643 in
345 3591 491 3646 libro
522 3592 608 3647 De
647 3610 828 3663 agone
872 3595 1192 3652 Christiano
1228 3600 1365 3670 (cap.
1398 3598 1489 3666 29,
1521 3606 1663 3654 tom.
1694 3600 1805 3662 III)
1832 3618 1843 3653 :

255 3697 283 3729 ι
305 3680 416 3734 Nec
431 3697 533 3735 eos
547 3682 847 3737 audiamus
865 3684 962 3755 qui
980 3692 1232 3741 sanctam
1258 3688 1581 3755 Ecclesiam,
1599 3707 1721 3761 qua
1734 3706 1849 3743 una

1930 3152 2260 3216 sanctitudo,
2294 3152 2522 3204 Domine
2552 3153 2715 3217 (Psal.
2765 3163 2893 3215 xcu,
2950 3149 2998 3217 5)
3026 3167 3039 3216 ;
3086 3148 3315 3201 domum
3345 3153 3523 3212 tuam,

1930 3244 2109 3294 totam
2130 3240 2361 3293 domum
2393 3245 2567 3293 tuam.
2607 3240 2734 3293 Non
2764 3238 2874 3303 hic,
2906 3242 3006 3291 aut
3025 3237 3133 3303 hic,
3168 3242 3267 3290 aut
3293 3236 3404 3298 ibi;
3429 3235 3527 3289 sed

1932 3329 2162 3383 domum
2192 3335 2351 3383 tuam
2388 3333 2567 3382 totam
2620 3344 2722 3398 per
2754 3333 2939 3381 totum
2979 3325 3172 3381 orbem
3223 3331 3524 3381 terrarum.

1934 3418 2119 3482 Quare
2167 3435 2267 3488 per
2309 3422 2491 3472 totum
2521 3417 2713 3472 orbem
2760 3417 3090 3472 terrarum?
3119 3418 3261 3483 Quia
3291 3416 3529 3469 correwit

1932 3509 2115 3560 orbem
2145 3512 2304 3560 terra:
2332 3510 2432 3575 qui
2462 3523 2571 3560 non
2600 3508 3028 3560 commovebitur
3060 3507 3225 3572 (Psal.
3262 3518 3385 3570 xcv,
3421 3502 3525 3569 10).

1931 3595 2144 3649 Domus
2166 3596 2391 3649 Domini
2416 3595 2577 3649 fortis
2606 3595 2730 3662 erit,
2764 3612 2865 3666 per
2899 3601 3083 3649 totum
3121 3593 3316 3648 orbem
3347 3598 3529 3646 terra-

1930 3700 2057 3737 rum
2089 3684 2214 3740 erit.
2234 3704 2256 3735 ι
2278 3683 2423 3741 Item
2441 3683 2498 3738 in
2519 3690 2768 3739 extrema
2779 3685 3031 3754 ejusdem
3051 3684 3235 3754 operis
3254 3687 3413 3754 parte
3442 3682 3531 3750 (in

254 3770 518 3823 catholica
560 3775 666 3838 est,
697 3779 908 3842 negant
937 3790 1038 3843 per
1062 3775 1253 3830 orbem
1279 3793 1400 3831 esse
1419 3777 1698 3833 diffusam,
1724 3799 1747 3830 ι
1774 3778 1849 3833 Et
1924 3776 2068 3841 psal.
2093 3776 2165 3841 CI)
2195 3792 2205 3825 :
2231 3793 2253 3824 ι
2279 3773 2424 3837 Quid
2445 3779 2531 3827 est
2545 3774 2693 3843 quod
2712 3774 2868 3836 dicis,
2894 3773 3173 3832 haretice.
3185 3774 3304 3842 jam
3319 3770 3530 3842 perisse

253 3856 584 3926 quibusdam
594 3861 931 3915 intermissis
947 3864 1103 3934 (ibid)
1121 3880 1132 3914 :
1148 3882 1175 3918 ‹
1188 3865 1434 3936 Populus
1444 3873 1631 3921 autem
1652 3868 1848 3938 ipsius,

253 3944 447 4015 inquit,
473 3948 698 4018 quando
717 3966 832 4005 non
852 3952 1013 4006 audit
1031 3954 1354 4024 prophetas,
1384 3960 1443 4008 et
1466 3956 1849 4027 Evangelium,

259 4030 312 4085 in
338 4034 542 4103 quibus
560 4037 914 4106 apertissime
927 4039 1199 4110 scriptum
1229 4046 1315 4095 est
1328 4042 1627 4097 Ecclesiam
1640 4041 1852 4098 Christi

260 4136 355 4190 per
379 4139 579 4177 omnes
604 4131 802 4194 gentes
831 4143 953 4181 esse
991 4128 1273 4195 diffusam,
1306 4136 1363 4184 et
1389 4131 1550 4185 audit
1581 4132 1853 4186 schisma-

259 4208 409 4275 ticos,
444 4227 560 4265 non
588 4213 687 4267 Dei
715 4215 956 4285 gloriam
994 4225 1327 4288 quaerentes,
1360 4220 1459 4274 sed
1501 4237 1683 4281 suam,
1719 4222 1855 4275 satis

1935 3861 2233 3916 Ecclesiam
2254 3863 2322 3916 de
2336 3862 2595 3917 omnibus
2603 3862 2882 3932 gentibus,
2898 3862 3123 3933 quando
3142 3862 3324 3915 adhuc
3334 3858 3534 3930 pradi-

1934 3955 2096 4003 catur
2109 3950 2466 4020 Evangelium
2476 3992 2489 4017 ,
2501 3957 2565 4005 ut
2577 3951 2755 4022 possit
2766 3967 2886 4005 esse
2901 3951 2960 4004 in
2976 3949 3234 4004 omnibus
3246 3946 3528 4018 gentibus.

1935 4039 2082 4109 Ergo
2119 4056 2297 4109 usque
2346 4040 2403 4093 in
2450 4040 2619 4093 ﬁnem
2666 4039 2851 4093 saculi
2896 4039 3139 4093 Ecclesia
3175 4039 3231 4090 in
3272 4035 3532 4090 omnibus

1933 4128 2215 4197 gentibus.
2236 4127 2335 4181 »In
2355 4129 2551 4182 eadem
2574 4145 2623 4182 τα
2641 4128 2747 4181 Ubi
2767 4133 2900 4181 sunt
2911 4128 3006 4198 qui
3028 4128 3223 4181 dicunt
3236 4124 3447 4196 perisse
3459 4123 3528 4177 de

1937 4216 2146 4270 mundo
2185 4216 2509 4282 Ecclesiam,
2552 4216 2775 4286 quando
2806 4232 2909 4269 nec
2948 4215 3203 4270 inclinari
3232 4218 3417 4285 potest
3440 4212 3467 4265 ?
3499 4228 3526 4265 ι

259 4298 535 4369 signiﬁcat
562 4319 622 4356 se
658 4320 883 4358 servum
908 4322 1049 4371 esse,
1075 4323 1188 4361 non
1216 4307 1477 4363 liberum.
1516 4329 1537 4361 ι
1574 4311 1642 4364 Et
1670 4311 1922 4381 Domi-1)
1940 4300 2084 4356 Item
2112 4304 2171 4357 in
2200 4304 2395 4358 eadem
2437 4308 2517 4373 (in
2560 4305 2697 4373 psal,
2730 4311 2816 4373 Cv)
2850 4324 2861 4358 :
2906 4322 2935 4355 α
2964 4304 3228 4375 Quisquis
3252 4300 3531 4374 putaverit

258 4401 359 4441 nus
402 4389 468 4443 in
517 4390 816 4461 Evangelio
848 4410 860 4445 :
904 4395 1056 4465 Ager
1097 4401 1183 4449 est
1222 4396 1312 4451 hic
1348 4398 1593 4453 mundus
1631 4400 1850 4472 (Matth.

256 4490 362 4541 xm,
397 4475 514 4546 38).
536 4478 612 4533 Et
632 4481 802 4550 paulo
829 4488 992 4553 post:
1014 4484 1214 4539 Simile
1241 4491 1318 4539 est
1342 4502 1576 4554 regnum
1595 4490 1853 4543 castorum

254 4580 460 4634 sagenz
482 4571 658 4622 missa
672 4572 733 4623 in
755 4587 930 4637 mare,
944 4578 995 4626 et
1013 4588 1078 4627 (δι’
1088 4577 1246 4628 omni
1261 4590 1454 4642 genere
1468 4580 1711 4644 piscium
1730 4594 1855 4633 con-

253 4659 509 4722 greganti
529 4656 716 4726 (ibid,
745 4657 858 4727 47).
892 4660 962 4714 Et
996 4661 1069 4715 ad
1098 4662 1399 4733 discipulos
1425 4682 1438 4719 :
1472 4668 1549 4719 Ite
1578 4668 1641 4719 in
1671 4669 1851 4721 orbem

256 4746 557 4810 terrarum,
614 4749 910 4814 pradicate
965 4751 1326 4819 Evangetium
1377 4756 1534 4807 omni
1586 4760 1852 4809 creatura:

256 4831 443 4895 (itare.
478 4847 587 4899 va,
627 4833 739 4903 15).

822 4926 1055 4981 CAPUT
1074 4927 1278 4983 XXIII.

319 5010 603 5066 Adversus
627 5020 747 5067 tam
780 5015 933 5069 clara
967 5017 1143 5086 ipsius
1180 5018 1404 5072 Domini
1431 5025 1489 5072 et
1524 5019 1702 5074 sancti
1733 5021 1855 5091 Spi-

255 5095 392 5152 ritus
406 5101 533 5170 ejus
551 5101 622 5155 de
635 5102 883 5156 Ecclesia
903 5110 960 5157 et
974 5105 1041 5159 de
1052 5112 1204 5160 statu
1224 5107 1481 5161 Ecclesia
1502 5109 1848 5177 testimonia,

255 5184 450 5257 objicis
477 5195 560 5256 tu,
593 5196 652 5244 et
669 5189 942 5261 objiciunt
968 5194 1082 5264 qui,
1113 5211 1148 5249 a
1170 5200 1227 5249 te
1251 5195 1489 5267 decepti,
1531 5197 1670 5251 alios
1699 5198 1852 5252 deci-

1937 4392 2242 4447 Ecclesiam
2271 4394 2328 4447 in
2356 4410 2470 4447 una
2497 4399 2656 4465 parte
2685 4410 2824 4460 esse,
2857 4400 2914 4448 et
2942 4410 3055 4449 non
3092 4410 3218 4448 eam
3253 4407 3527 4462 cognove-

1935 4483 2011 4537 rit
2036 4483 2297 4537 diffusam
2333 4489 2452 4537 toto
2503 4481 2636 4538 orbe
2663 4489 2962 4551 terrarum,
3016 4490 3073 4539 et
3119 4472 3423 4538 crediderit
3450 4481 3531 4535 eis

1937 4572 2033 4643 qui
2061 4573 2287 4627 dicunt:
2320 4574 2448 4627 Ecce
2468 4574 2555 4626 hic
2583 4579 2657 4627 est
2688 4575 2953 4639 Christus,
2968 4579 3017 4626 et
3039 4590 3148 4628 ecce
3173 4574 3526 4638 ittic(Matth.

1936 4678 2077 4728 xxxv,
2136 4662 2247 4731 23),
2290 4662 2436 4716 sicut
2481 4662 2647 4716 modo
2709 4662 2945 4716 audistis
2983 4678 3111 4715 cum
3166 4662 3528 4731 Evangelium

1934 4751 2237 4821 legeretur,
2251 4768 2379 4805 cum
2401 4752 2494 4804 ille
2515 4756 2695 4805 totum
2716 4751 2907 4805 orbem
2928 4751 3131 4805 emerit
3154 4751 3288 4821 quia
3304 4756 3528 4805 tantum

1933 4841 2177 4911 pretium
2206 4840 2378 4905 dedit,
2410 4840 2506 4894 ille
2532 4845 2803 4911 tanquam
2830 4840 2889 4895 in
2912 4841 3165 4912 proximo
3192 4841 3530 4895 scandaliza-

1934 4936 2047 4995 tur,
2080 4946 2114 4983 a
2141 4930 2276 4983 luna
2304 4930 2507 4985 uritur.
2539 4949 2567 4981 ι

2004 5019 2233 5073 Falsum
2286 5025 2371 5074 est
2410 5021 2584 5090 igitur
2621 5020 2766 5091 quod
2794 5020 2863 5074 de
2905 5036 3136 5091 corpore
3165 5018 3372 5074 Christi
3401 5034 3437 5071 a
3468 5022 3526 5070 te

1934 5107 2181 5164 creditur
2208 5114 2266 5162 et
2287 5109 2580 5164 astruitur.
2608 5110 2751 5180 Ergo
2780 5126 2911 5163 vera
2931 5115 3018 5163 est
3036 5112 3158 5180 ejus
3186 5125 3335 5173 caro,
3356 5122 3523 5176 quam

1935 5199 2258 5270 accipimus,
2283 5206 2339 5254 et
2364 5216 2526 5255 verus
2552 5207 2637 5255 est
2665 5202 2787 5271 ejus
2811 5200 3040 5271 sanguis
3060 5215 3225 5270 quem
3241 5202 3520 5267 potamus.

257 5474 496 5544 Erplicit
525 5479 667 5533 liber
695 5482 838 5535 beati
871 5482 1175 5551 Lan/‘ranci
1205 5483 1627 5541 Cantuariensis
1664 5488 2060 5571 archiepiscopi
2080 5491 2155 5544 De
2181 5506 2402 5560 corpore
2430 5496 2477 5545 et
2520 5493 2792 5558 sanguine
2841 5489 3069 5543 Domini
3101 5493 3296 5544 contra
3325 5492 3527 5548 Beren-

1826 5574 2071 5626 gamum.
