3978 6174
266 288 370 361 445

264 502 493 558 brandis
516 504 852 576 quibusdam
871 507 1048 575 festis,
1074 508 1435 566 excellentius
1466 511 1523 566 in
1545 519 1739 579 nostra
1767 513 1863 569 Ec-

264 590 429 648 clesia
457 599 716 666 oportere
747 612 814 651 ea
841 584 933 668 agi
962 604 1272 668 censentes,
1298 605 1526 680 propter
1562 603 1862 681 primatem

264 681 546 739 sedemJn
571 683 775 755 quibus
802 701 906 740 nec
921 686 1082 742 nobis
1104 689 1199 760 qui
1218 695 1521 762 praesentes
1542 688 1865 758 sumus,uec

265 768 331 824 iis
369 770 468 845 qui
492 778 626 844 post
651 786 756 828 nos
784 776 1007 830 venturi
1045 782 1196 844 sunt,
1220 764 1292 832 'in
1322 777 1509 852 aliquo
1536 780 1866 851 przejudica-

264 874 407 925 mus,
439 854 509 915 ut
532 875 645 916 non
674 863 759 917 vel
790 863 871 917 eis
901 863 1125 935 addere,
1148 868 1235 921 vel
1263 866 1333 921 ab
1360 867 1439 921 eis
1467 868 1682 933 tollere,
1705 871 1788 923 vel
1810 870 1866 924 in

263 949 341 1003 eis
360 956 687 1029 permutare
715 951 906 1024 aliqua
930 954 1234 1022 valeamus,
1269 956 1315 1009 si
1341 956 1506 1011 aliter
1532 974 1599 1011 ea
1625 975 1867 1012 commo-

262 1037 388 1093 dius
420 1054 589 1110 posse
612 1038 755 1109 ﬁeri,
787 1043 873 1096 vel
924 1045 1197 1115 magistra
1251 1045 1488 1107 ratione,
1518 1048 1604 1101 vel
1660 1047 1867 1102 doctio-

266 1142 390 1182 rum
413 1130 750 1185 auctoritate
794 1132 1202 1203 intelligamus.
1247 1134 1672 1199 Quantumlibet
1717 1137 1865 1191 enim

271 1216 572 1289 quisquam
605 1219 875 1289 proficiat,
910 1221 1187 1277 maximus
1215 1223 1265 1278 ei
1288 1224 1534 1279 defectus
1562 1230 1649 1280 est
1679 1226 1867 1279 existi-

267 1320 425 1359 mare
453 1322 514 1360 se
543 1307 695 1362 ultra
721 1323 835 1363 non
878 1325 1041 1381 posse
1069 1312 1375 1383 proﬁcere;
1425 1328 1556 1367 nam
1599 1329 1868 1368 numerus

264 1394 507 1449 fratrum
530 1403 747 1464 auctus,
779 1400 865 1452 vel
916 1398 1246 1467 diminutus,
1273 1403 1568 1457 facultates
1596 1404 1865 1470 locorum,

266 1484 513 1538 varietas
560 1500 770 1551 rerum,
824 1505 946 1558 quae
1003 1504 1148 1561 saepe
1205 1491 1486 1557 eveniunt,
1518 1492 1869 1547 diversitates

265 1588 559 1641 sensuum,
585 1574 734 1646 quod
756 1576 850 1630 alii
872 1577 1098 1649 quidem
1120 1579 1216 1645 sic,
1233 1586 1289 1633 et
1314 1579 1407 1633 alii
1426 1580 1506 1634 sic
1521 1581 1861 1652 intelligunt,

264 1663 536 1735 pleraque
586 1664 684 1719 diu
739 1671 977 1733 servata,
1011 1668 1343 1740 plerumque
1399 1669 1565 1723 aliter
1619 1672 1867 1725 ordinari

1207 296 1538 367 necesse
1575 298 1718 371 PRO
1756 300 2034 371 namss
2069 302 2131 371 δ,
2169 302 2577 397 Βεμεωοτι.

264 432 563 495 perpauca,
587 422 644 471 et
662 418 1002 474 mutavimus
1022 421 1309 489 nonnulla,
1330 422 1704 487 etmaximein
1714 426 1861 489 cele-
1878 431 1929 497 Α

3433 294 3543 370 «Κῦ

2457 429 2691 495 CAPUT
2728 429 3038 497 PRIMUM-

2357 531 2711 585 onum/imum
2751 534 2946 577 'rorws
2985 532 3146 585 eum.

2032 607 2236 667 δεῦτῐο
2257 607 2303 663 Ι.
2326 635 2387 645 -
2407 608 2486 661 Ab
2520 606 2734 673 Octobri
2759 609 2833 662 ad
2860 610 3169 673 Adventum
3197 608 3446 669 Domini.

2019 694 2286 750 Kalendis
2315 694 2571 750 Octobris
2601 696 2892 761 remaneat
2927 697 3241 761 meridiana
3266 713 3438 775 quam
3463 696 3544 762 fa‘

1947 800 2073 837 cere
2104 783 2287 837 solent
2316 782 2573 837 monachi
2600 782 2658 839 in
2709 789 2934 852 aestate;
2993 800 3027 849 a
3055 784 3346 851 Dominica
3362 785 3549 859 prima

1945 873 2115 942 hujus
2147 872 2356 928 mensis
2387 878 2664 938 cantetur,
2698 879 2755 926 et
2793 873 3014 943 legatur
3042 874 3109 927 de
3138 873 3295 931 libris
3318 874 3549 935 Macha-

1948 961 2196 1017 baeorum
2225 979 2401 1034 usque
2422 961 2491 1015 ad
2518 962 2879 1016 festivitatem
2919 963 3167 1019 omnium
3190 963 3546 1021 Sanctorum.

1948 1051 2239 1106 Canantur
2256 1051 2451 1122 hymni
2474 1050 2782 1105 Dominicis
2804 1050 2999 1104 diebus
3026 1068 3205 1122 usque
3228 1052 3299 1106 ad
3324 1052 3549 1109 Adven-

1947 1142 2069 1192 tum
2089 1139 2339 1207 Domini;
2369 1139 2439 1193 ad
2469 1145 2745 1195 nocturna
2774 1141 2963 1193 Primo
2990 1142 3212 1195 dierum
3251 1142 3546 1207 omnium;

1950 1228 2019 1281 ad
2045 1227 2240 1281 laudes
2268 1229 2499 1282 iterm:
2522 1244 2711 1282 rerum
2754 1226 3035 1282 Conditor.
3067 1228 3307 1283 Privatis
3331 1228 3549 1295 diebus,

1949 1322 2077 1388 post
2107 1316 2387 1371 matutina
2426 1333 2605 1389 usque
2631 1316 2701 1371 ad
2736 1315 3097 1370 festivitatem
3127 1317 3377 1372 omnium
3408 1319 3553 1377 San-

1950 1411 2189 1471 ctorum,
2218 1409 2573 1459 revertantur
2592 1404 2661 1458 ad
2685 1405 2856 1458 lectos
2882 1421 3012 1458 suos
3034 1424 3045 1472 ;
3069 1405 3425 1460 illucescente
3454 1422 3552 1463 au-

1949 1497 2063 1550 tem
2077 1495 2183 1558 die,
2193 1496 2447 1567 pulsetur
2458 1511 2490 1548 a
2505 1495 2733 1548 custode
2748 1494 3002 1550 Ecclesiae
3016 1495 3311 1567 parvulum
3326 1494 3553 1566 signum

1951 1583 2190 1637 modice.
2217 1584 2522 1655 Surgentes
2544 1582 2746 1638 fratres
2784 1582 2841 1637 in
2870 1582 3295 1641 nocturnalibus
3325 1583 3462 1649 suis,
3495 1588 3554 1653 et

1950 1671 2213 1737 infantes,
2245 1679 2301 1726 et
2332 1673 2558 1741 iuvenes
2586 1688 2711 1725 cum
2740 1671 3111 1725 luminaribus
3157 1672 3291 1738 suis,
3324 1671 3554 1728 veniant

264 1752 611 1822 compellunt
634 1774 647 1817 ;
672 1754 802 1807 hinc
820 1760 907 1808 est
921 1756 1067 1826 quod
1089 1757 1245 1810 nulla
1265 1756 1379 1811 fere
1396 1757 1640 1812 Ecclesia
1659 1759 1872 1813 imitari
1892 1748 1935 1819 Β
1952 1762 2011 1815 ἰη
2043 1761 2352 1826 ecclesiam,
2398 1765 2453 1814 et
2482 1762 2627 1815 facta
2668 1761 2919 1815 oratione
2950 1766 3178 1814 cantent
3205 1762 3468 1833 primam,
3493 1766 3555 1821 et

266 1839 437 1893 aliam
464 1854 568 1911 per
600 1843 791 1896 omnia
818 1849 1019 1914 potest.
1053 1845 1197 1899 Illud
1222 1850 1414 1900 tamen
1445 1847 1767 1902 cautissime
1781 1852 1868 1902 at-

267 1929 616 1983 tendendum
648 1936 735 1985 est
757 1937 824 1985 ut
851 1949 917 1986 ea
946 1932 1067 1986 sine
1097 1933 1299 2005 quibus
1325 1936 1517 1989 anima
1535 1936 1735 1990 salvari
1755 1953 1867 1991 non

266 2022 453 2087 potest
484 2018 747 2073 omnibus
789 2020 971 2074 modis
1015 2021 1280 2077 inviolata
1327 2030 1657 2079 serventur:
1700 2026 1868 2080 fidem

268 2107 412 2185 dico,
444 2114 833 2180 contemptum
882 2111 1101 2175 mundi,
1135 2113 1487 2179 charitatem,
1534 2114 1867 2187 castitatem,

268 2180 668 2261 humilitatem,
694 2198 1049 2268 patientiam,
1082 2200 1475 2263 obedientiam,
1496 2203 1565 2256 de
1590 2182 1875 2278 perpetra-

265 2285 336 2337 tis
363 2286 550 2356 culpis
576 2287 1003 2361 paenitudinem,
1037 2306 1342 2361 earumque
1370 2291 1639 2346 humilem
1663 2293 1873 2346 confes-

265 2373 506 2437 sionem,
540 2364 862 2445 frequentes
893 2379 1193 2445 orationes,
1225 2387 1547 2452 competens
1586 2381 1871 2435 silentium

265 2464 562 2535 multaque
579 2464 635 2517 in
654 2465 803 2518 hunc
825 2467 1211 2537 modumﬂaec
1227 2467 1321 2522 ubi
1338 2475 1653 2533 servantur,
1674 2471 1871 2523 rectis-

265 2552 407 2604 sime
434 2557 623 2622 potest
644 2553 752 2607 dici
782 2555 1037 2625 regulam
1070 2556 1218 2610 beati
1250 2558 1555 2623 Benedicti,
1590 2565 1647 2612 et
1674 2576 1869 2613 mona-

266 2641 503 2695 chorum
534 2642 610 2697 ibi
622 2644 878 2699 ordinem
901 2646 1191 2710 custodiri,
1212 2664 1435 2719 quoque
1465 2649 1632 2702 modo
1654 2648 1871 2708 varien:

224 2785 229 2789 ,
265 2735 360 2783 tur
389 2740 614 2796 caetera,
640 2750 761 2803 qua:
786 2751 887 2804 pro
911 2734 1149 2790 arbitrio
1170 2736 1519 2790 diversorum
1546 2738 1602 2791 in
1635 2736 1872 2807 diversis

268 2832 403 2881 sunt
432 2828 701 2897 coenobiis
746 2832 1045 2901 instituta;
1093 2833 1406 2906 cujusmodi
1449 2839 1582 2888 sunt
1623 2836 1770 2906 quod
1817 2835 1876 2899 in

265 2928 566 3003 praecipuis
620 2929 1074 2986 solemnitatibus
1112 2932 1247 2986 alibi
1283 2934 1343 2986 in
1385 2933 1588 2989 tunicis
1629 2939 1869 2999 tantum,

268 3008 412 3097 quos
442 3028 627 3080 frocos
656 3035 873 3095 vocant,
904 3035 962 3085 et
990 3029 1122 3085 alibi
1168 3030 1226 3101 in
1277 3029 1418 3095 albis
1448 3036 1504 3085 et
1531 3032 1721 3109 cappis
1751 3047 1877 3099 can-

274 3130 425 3191 tores
455 3124 529 3183 ad
586 3142 847 3199 vesperas
898 3129 1315 3202 responsorium
1345 3136 1589 3196 canunt;
1633 3131 1781 3207 quod
1818 3130 1877 3187 in

268 3221 478 3289 eisdem
505 3223 924 3291 festivitatibus,
955 3225 1018 3281 in
1047 3226 1173 3296 aliis
1201 3227 1337 3289 locis
1383 3227 1441 3283 in
1482 3227 1623 3285 albis
1663 3229 1875 3291 solum-

266 3321 453 3387 modo,
489 3326 550 3381 et
574 3321 638 3383 in
667 3322 815 3389 aliis,
849 3324 1040 3394 cappis
1069 3325 1238 3385 etiam
1292 3325 1476 3386 induti
1526 3326 1870 3397 precedent;

1951 1850 2195 1921 psalmos
2225 1849 2530 1913 familiares
2572 1865 2701 1903 cum
2759 1849 2876 1903 suis
2929 1840 3293 1916 collectis,‘et
3333 1853 3553 1921 septem

1952 1932 2195 2009 psalmos
2213 1937 2557 1999 etlitaniam.
2584 1938 2720 1991 Inde
2749 1943 3016 1992 exeuntes
3041 1937 3275 1995 sedeant
3308 1938 3367 2001 in
3395 1938 3552 1999 clau-
3606 1946 3611 1949 '

1953 2020 2089 2079 Stro.
2124 2025 2289 2079 Pueri
2321 2041 2450 2079 vero
2480 2026 2741 2095 primitus
2770 2027 2882 2079 alte
2912 2027 3121 2099 legant,
3156 2031 3211 2093 et
3256 2031 3471 2097 postea,
3502 2026 3555 2082 si

1955 2130 2094 2185 opus
2113 2114 3017 2187 fuerit,cantent.0mnitempore,
3041 2110 3345 2185 antequam
3362 2116 3556 2187 legant

1956 2203 2221 2266 infantes,
2239 2204 2429 2257 nullus
2460 2203 2517 2256 in
2551 2204 2795 2259 claustro
2816 2204 2968 2274 legat
2994 2210 3094 2271 aut
3120 2209 3326 2271 cantet,
3360 2203 3471 2261 nisi
3494 2203 3557 2263 in

1956 2292 2199 2357 silentio,
2219 2308 2321 2345 nec
2334 2291 2403 2345 ad
2422 2292 2829 2349 confessionem
2870 2299 3085 2365 pergat.
3119 2294 3439 2364 Antequam
3466 2308 3557 2353 εο-

1955 2387 2052 2435 net
2081 2380 2304 2450 signum
2336 2381 2404 2433 ad
2435 2387 2767 2453 apparatum
2824 2381 3005 2435 tertiae
3048 2382 3234 2441 nullus
3259 2382 3468 2437 calceet
3492 2398 3557 2449 se

1954 2469 2307 2524 diurnalibus
2323 2470 2456 2534 suis,
2474 2471 2722 2541 exceptis
2749 2470 2819 2525 iis
2840 2469 3040 2544 quibus
3070 2478 3227 2541 extra
3245 2472 3556 2537 claustrum

1954 2573 2089 2612 cura
2135 2557 2463 2612 obedientiae
2528 2559 2783 2641 injuncta
2841 2566 2942 2624 est,
2987 2564 3043 2612 et
3106 2559 3166 2629 hi
3222 2560 3557 2635 priusquam

1954 2653 2156 2701 exeant
2174 2648 2588 2718 aliquantulum
2620 2648 2676 2701 in
2709 2648 2953 2717 claustro
2984 2648 3179 2702 sedere
3228 2649 3454 2718 debent,
3498 2655 3557 2707 et

1955 2742 2276 2808 exspectare
2305 2742 2368 2790 ut
2397 2736 2553 2807 prius
2583 2737 2827 2791 infantes
2874 2736 2932 2805 in
2982 2736 3140 2790 stolis
3186 2738 3304 2793 suis
3340 2738 3555 2811 legant.

1958 2826 2101 2879 Cum
2124 2825 2657 2903 appropinquaverit
2674 2830 2899 2897 tempus
2918 2826 3070 2879 horae
3085 2826 3283 2895 tertiae,
3300 2827 3556 2899 pulsetur

1958 2929 1991 2967 a
2020 2913 2320 2968 secretario
2352 2914 2572 2977 modice
2601 2913 2827 2984 signum
2868 2912 3187 2984 minimum,
3219 2930 3391 2982 quam
3417 2914 3556 2974 skil-

1958 3003 2071 3057 lam
2103 3002 2221 3072 (59)
2237 3006 2452 3069 vocant,
2482 3006 2535 3055 et
2552 3002 2743 3055 statim
2774 3007 3013 3075 pergant
3041 3002 3099 3057 in
3140 3002 3554 3071 dormitorium,

1958 3098 2015 3146 et
2042 3093 2289 3146 calceent
2340 3106 2399 3145 se
2449 3089 2817 3154 diurnalibus,
2854 3096 2911 3144 et
2939 3091 3192 3145 cultellos
3244 3090 3554 3172 accipiant;

1958 3180 2159 3235 deinde
2189 3181 2259 3233 ad
2289 3181 2621 3234 lavatorium
2645 3180 2868 3249 vadant,
2903 3184 2960 3233 et
2988 3178 3143 3253 prius
3171 3180 3358 3235 lavent
3380 3196 3456 3243 se,
3497 3183 3559 3241 et

1958 3276 2153 3343 postea
2175 3268 2690 3341 peetinent;dehinc
2702 3269 2772 3322 ad
2794 3268 3083 3337 ecclesiam
3100 3268 3558 3340 veniant,aquam

1956 3354 2310 3413 benedictam
2338 3362 2584 3424 sumant,
2619 3357 2675 3411 in
2706 3358 2940 3427 chorum
2983 3357 3207 3427 vadant,
3255 3363 3311 3425 et
3338 3358 3560 3427 incum-

269 3418 415 3487 quod
446 3419 507 3471 in
541 3418 879 3489 quibusdam
902 3421 1170 3475 coenobiis
1197 3422 1394 3489 viceni,
1416 3424 1501 3476 vel
1528 3423 1749 3487 triceni,
1776 3428 1877 3476 aut
1954 3447 2151 3502 bentes
2171 3453 2334 3501 teme
2355 3418 2597 3501 infante;
2614 3424 2953 3518 exspectent.
2996 3418 3137 3517 Cum
3157 3418 3295 3515 vero
3316 3422 3562 3511 infantes

270 3517 411 3587 plus,
464 3523 571 3571 aut
617 3518 807 3571 minus
835 3519 1005 3573 simul
1056 3520 1115 3574 in
1146 3521 1336 3587 alveis,
1363 3526 1421 3575 et
1452 3522 1512 3576 in
1540 3521 1868 3593 quibusdam

1955 3538 2055 3591 loti
2076 3537 2304 3603 fuerint,
2324 3540 2381 3590 et
2400 3553 2459 3589 se
2489 3517 2771 3607 pectinare
2790 3535 3139 3609 incoeperint,
3162 3536 3419 3607 pulsetur
3442 3552 3561 3593 ma-

267 3616 473 3686 singuli
508 3615 570 3668 in
608 3615 845 3685 singulis
887 3618 1088 3671 catinis
1133 3618 1303 3689 pedes
1355 3619 1414 3672 in
1462 3604 1706 3673 claustro
1745 3625 1875 3674 ante
1954 3630 2048 3699 jus
2068 3626 2292 3696 signum
2323 3625 2391 3678 ad
2423 3604 2638 3695 horam.
2675 3604 3013 3683 Accedentes
3042 3631 3099 3679 et
3126 3604 3233 3697 ipsi
3262 3626 3331 3683 ad
3352 3637 3560 3699 aquam

271 3714 604 3767 mandatum
622 3712 1032 3785 abluunt;quod
1052 3716 1318 3787 pleraque.
1332 3717 1673 3771 monasteria
1689 3732 1879 3773 mense
1958 3712 2314 3771 benedictam
2344 3715 2401 3768 in
2432 3715 2665 3771 chorum
2696 3715 2944 3785 veniant,
2976 3720 3050 3785 et,
3097 3714 3328 3783 dimisso
3374 3713 3561 3797 signo,

269 3800 601 3873 Februario,
636 3809 926 3857 transacta
956 3796 1134 3873 beatas
1178 3804 1367 3860 Mariae
1412 3805 1734 3875 festivitate,
1765 3807 1884 3861 ofﬂ-
1965 3821 2159 3859 omnes
2185 3804 2353 3858 simul
2403 3809 2519 3857 tres
2551 3804 2835 3857 orationes
2887 3803 3114 3861 faciant.
3148 3802 3361 3887 Quibus
3398 3796 3562 3865 factis

271 3870 417 3943 cium
440 3896 802 3960 mortuorum
842 3870 970 3963 post
1004 3870 1192 3971 ’54
1232 3910 1494 3965 vesperas
1516 3870 1700 3948 dicere
1721 3870 1879 3949 rinci-
1962 3895 2218 3966 pulsetur
2247 3893 2432 3954 minus
2461 3894 2708 3963 signum,
2740 3896 2796 3946 et
2815 3898 3050 3949 canatur
3070 3882 3257 3959 tertia.
3291 3892 3562 3963 inchoato

272 3978 452 4048 piunt,
480 3980 820 4051 etpleraque
836 3998 1014 4053 usque
1037 3976 1108 4035 ad
1154 3974 1634 4053 Septuagesimum
1656 3989 1882 4053 praesto-
1963 3974 2179 4055 psalmo
2207 3985 2460 4037 Miserere
2488 3985 2615 4047 mei,
2661 3983 2819 4055 Deus,
2853 3986 3147 4061 surgentes
3184 3981 3413 4045 missam
3438 3997 3564 4043 ma-

274 4060 484 4122 lantur.
511 4068 695 4139 Hujus
710 4070 935 4139 generis
958 4070 1204 4142 plurima
1226 4072 1338 4125 alia
1371 4072 1617 4126 existunt
1634 4062 1756 4143 quae
1780 4088 1881 4144 pro
1963 4070 2261 4127 tutinalem
2288 4071 2588 4143 celebrent,
2618 4074 2748 4124 ante
2779 4075 2835 4125 et
2864 4073 3014 4123 retro
3048 4069 3276 4141 faciant,
3310 4075 3367 4139 et
3392 4086 3452 4133 se
3480 4070 3563 4130 in-

275 4159 362 4210 sui
380 4156 705 4227 prolixitate
721 4152 967 4214 breviter
987 4161 1308 4215 enumerari
1338 4178 1451 4215 non
1480 4158 1731 4232 possunt.
1755 4152 1882 4231 Haec
1965 4161 2138 4215 duere
2167 4164 2421 4231 pergant.
2453 4158 2746 4221 Celebrate
2799 4157 2970 4229 missa
2999 4157 3232 4213 sedeant
3268 4174 3463 4227 omnes
3500 4158 3562 4214 in

276 4251 467 4300 tamen
496 4246 641 4317 ipsa,
663 4254 964 4319 postquam
997 4249 1271 4304 servanda
1293 4249 1557 4320 subjectis
1585 4266 1619 4304 a
1648 4251 1884 4322 pastori-
1966 4251 2155 4313 choro,
2179 4252 2383 4319 praeter
2409 4247 2626 4319 aliquos
2655 4263 2971 4315 conversos,
3002 4247 3097 4320 qui
3119 4246 3471 4313 sacerdotem
3500 4251 3559 4317 et

280 4326 384 4387 bus
415 4328 775 4407 ordinantur,
810 4334 880 4390 ab
936 4330 1041 4401 iis,
1089 4354 1329 4410 quorum
1372 4344 1494 4393 tota
1525 4339 1638 4393 vita
1676 4339 1731 4393 in
1761 4339 1887 4409 obe-
1967 4352 2063 4392 eos
2084 4333 2267 4407 qui’ad
2289 4335 2517 4395 missam
2537 4335 3132 4406 servieruntadjuvare
3148 4334 3372 4405 debent.
3398 4336 3560 4419 Quod

192 4472 193 4475 η
282 4421 499 4477 dientia
530 4423 640 4478 sita
660 4430 763 4489 est,
799 4425 920 4479 sine
964 4426 1128 4497 culpa
1158 4426 1392 4481 minime
1422 4425 1717 4498 violentur.
1750 4428 2094 4516 lndeDcum
2116 4425 2477 4509 expleverint,
2512 4426 2747 4478 redeant
2774 4429 2831 4478 et
2858 4424 2965 4495 ipsi
3000 4425 3060 4478 in
3100 4425 3354 4516 chorum.
3385 4426 3561 4516 Tunc,

284 4528 414 4565 vero
431 4528 601 4566 nemo
631 4513 915 4578 turbetur,
959 4515 1108 4585 quod
1160 4516 1219 4569 in
1246 4521 1495 4570 tractatu
1538 4531 1733 4570 earum
1762 4512 1942 4570 con:
1967 4514 2197 4584 jubente
2221 4514 2441 4582 abbate,
2474 4512 2627 4585 prior
2645 4518 2807 4571 sonet
2849 4513 3073 4585 signum
3104 4513 3426 4583 minimum.
3454 4514 3566 4573 De-

283 4602 653 4671 suetudinum
684 4616 893 4657 nomen
918 4602 1136 4675 abbatis
1174 4609 1417 4673 tantum,
1464 4621 1577 4659 non
1624 4605 1886 4677 episcopi,
1971 4602 2099 4657 inde
2128 4608 2259 4657 eant
2300 4619 2494 4657 omnes
2548 4603 2606 4657 in
2658 4601 2962 4676 capitulum
3011 4602 3122 4673 duo
3152 4608 3208 4656 et
3251 4602 3381 4675 duo,
3425 4602 3571 4675 sicut

280 4690 369 4743 vel
401 4689 829 4762 archiepiscopi,
864 4692 1094 4762 ponitur
1130 4710 1141 4746 :
1173 4692 1308 4747 ordo
1351 4694 1557 4765 quippe
1588 4690 1892 4747 menacho-
1972 4698 2105 4747 sunt
2131 4693 2365 4763 priores,
2389 4692 2629 4761 majores
2660 4691 2862 4779 primo,
2892 4694 3086 4762 postea
3131 4690 3402 4779 infantes.
3440 4692 3572 4761 Pep-

288 4795 415 4833 rum
439 4772 796 4845 describitur,
830 4797 1070 4851 quorum
1112 4798 1213 4859 per
1262 4782 1491 4836 abbates
1544 4782 1895 4854 frequentius
1976 4784 2099 4835 acto
2120 4781 2382 4852 capitulo,
2416 4782 2637 4851 pulsata
2664 4772 2893 4859 tabula,
2924 4781 3071 4850 dicto
3123 4779 3193 4851 ab
3249 4778 3450 4853 abbate
3487 4780 3575 4853 vel

289 4884 463 4938 quam
493 4885 597 4940 per
624 4869 909 4923 antistites
936 4870 1052 4923 vita
1080 4868 1419 4940 disponitur,
1448 4872 1702 4942 quamvis
1722 4871 1899 4943 etipsi
1979 4870 2167 4942 priore
2204 4872 2522 4934 Benedz'cite,
2563 4871 2866 4942 loquentur
2902 4869 2962 4923 in
3006 4869 3269 4939 claustro.
3322 4870 3573 4930 Infantes

292 4957 599 5022 antistites,
633 4957 678 5011 si
708 4964 1005 5028 paternam
1032 4974 1225 5013 curam
1252 4960 1370 5013 vice
1402 4960 1611 5014 Christi
1636 4960 1899 5031 subjectis
1983 4958 2291 5032 Capitulum
2319 4976 2483 5031 suum
2503 4963 2751 5031 teneant,
2802 4963 2860 5011 et
2889 4964 3083 5039 postea
3133 4959 3190 5012 in
3218 4959 3578 5025 refectorium

294 5046 412 5100 suis
444 5046 795 5117 impendant,
827 5063 937 5101 non
959 5046 1199 5115 absurbe
1221 5047 1469 5114 abbates,
1494 5048 1550 5102 id
1577 5054 1663 5103 est
1680 5050 1895 5115 Patres,
1983 5053 2238 5119 pergant.
2276 5046 2410 5101 Post
2444 5052 2657 5102 sextam
2687 5046 2874 5101 nullus
2902 5046 2959 5100 in
3016 5047 3261 5101 claustro
3291 5048 3575 5119 loquatur,

296 5130 548 5205 congruo
604 5136 721 5189 suis
774 5135 992 5204 actibus
1048 5135 1313 5190 vocabulo
1372 5136 1641 5208 appellari
1669 5140 1896 5207 queant.
1953 5128 2161 5189 -donec
2190 5135 2432 5190 infantes
2459 5136 2527 5193 de
2557 5136 2900 5190 monasterio
2933 5142 3156 5208 exeant,
3207 5140 3264 5189 et
3314 5135 3580 5201 minimus

296 5223 451 5277 Deus
475 5224 629 5295 pacis
668 5230 723 5278 et
767 5224 1082 5295 dilectionis
1106 5225 1391 5279 vobiscum
1431 5233 1671 5291 maneat,
1688 5214 1756 5280 ἐι
1785 5227 1903 5300 ipse
1985 5240 2179 5289 eorum
2208 5225 2323 5287 alta
2367 5241 2499 5279 voce
2553 5227 2853 5299 Benedicite
2882 5225 3049 5293 dicat,
3096 5224 3241 5297 facto
3286 5222 3580 5293 intervallp

300 5326 438 5382 pace
463 5304 519 5381 et
569 5312 869 5383 dilectione
919 5328 1022 5383 sua
1048 5324 1145 5369 vos
1174 5314 1408 5386 repleat,
1445 5321 1502 5369 et
1529 5315 1599 5369 ab
1648 5315 1904 5370 omnibus
1985 5316 2209 5386 pulsata
2226 5314 2296 5367 ad
2317 5318 2648 5387 apparatum
2667 5314 2851 5368 missae
2873 5313 3056 5384 skilla,
3105 5311 3327 5387 pulsato
3351 5312 3422 5381 ad
3452 5310 3581 5383 mis-

300 5401 546 5470 peccatis
577 5402 889 5471 clementer
918 5403 1185 5479 absolvat.
1214 5394 1416 5459 Amen.
1449 5405 1626 5460 Amen
1644 5451 1656 5463 .
1989 5421 2111 5459 sam
2132 5403 2292 5473 signo
2312 5403 2565 5475 oratione
2594 5403 2738 5481 facta
2759 5403 2977 5477 dicatur
3013 5401 3084 5455 ab
3123 5400 3337 5473 infante
3366 5396 3583 5473 literne,

380 5576 491 5650 (59)
521 5579 663 5667 Aliis
690 5579 868 5650 scilla,
898 5594 999 5645 seu
1017 5581 1242 5674 squilla,
1274 5581 1331 5637 id
1361 5587 1448 5665 est
1474 5582 1828 5667 campanula.
