3852 6178
423 304 534 363 447

1403 313 1467 368 Β.
1508 314 1927 374 LANFRANCI
1965 320 2323 377 CANTUAR.
2363 317 2701 374 ARCHIEP.

3547 309 3637 367 4’18

426 433 737 491 induantur
764 438 859 508 qui
889 436 1222 492 celebraturi
1248 441 1380 493 sunt
1406 439 1656 506 missam,
1676 447 1734 495 et
1764 443 2088 505 servituriA
2109 444 2293 499 videre
2323 443 2564 514 qualiter
2591 458 2650 494 se
2678 438 2923 493 habeant
2964 435 3217 507 magistri
3246 439 3299 489 et
3324 435 3560 506 infantes,
3597 439 3646 491 ct

431 531 564 579 sunt
590 526 660 580 ad
675 527 924 580 missam.
950 527 1163 591 Quarta
1180 533 1238 582 et
1253 534 1409 582 sexta
1431 529 1572 583 feria
1591 530 1638 584 si
1655 536 1783 601 post
1809 538 2021 586 sextam

431 619 489 668 et
508 619 638 669 ante
666 615 894 669 missam
923 633 1024 687 per
1041 617 1349 671 claustrum
1391 620 1705 689 processuri
1728 627 1879 687 sunt,
1908 638 2021 676 non

429 704 685 774 pulsetur
701 704 862 758 skilla
878 705 949 759 ad
971 710 1304 777 apparatum
1324 706 1525 773 missae,
1545 708 1641 762 sed
1660 725 1785 763 cum
1800 715 2022 781 tempus

428 791 799 862 processionis
832 794 1165 850 secretarius
1217 795 1429 849 instare
1458 796 1824 868 prospexerit,
1862 804 2022 853 sonet

428 896 607 935 unum
627 883 696 936 de
713 883 1083 938 mediocribus
1094 885 1288 956 signis;
1305 902 1414 956 quo
1431 886 1839 953 audito,statim
1859 888 2022 942 silen-

424 970 571 1024 tium
588 972 688 1026 ﬁat
702 973 761 1026 in
779 973 1043 1028 claustro.
1058 974 1405 1030 Discalceent
1423 992 1500 1040 se,
1538 993 1737 1032 manus
1766 976 2016 1042 abluant,

426 1059 487 1113 in
518 1062 807 1116 ecclesiam
831 1064 1054 1132 vadant,
1087 1064 1343 1136 factaque
1397 1063 1668 1127 oratione,
1702 1074 1759 1121 et
1785 1067 2020 1138 pulsatis

427 1146 646 1203 duobus
669 1148 863 1221 signis,
886 1149 1050 1206 dictis
1078 1170 1199 1224 quae
1228 1153 1336 1208 dici
1372 1155 1570 1213 solent.
1606 1154 2021 1226 processioncm

426 1235 638 1292 faciant
668 1240 815 1294 sicut
843 1241 901 1294 in
931 1242 1142 1297 eisdem
1165 1243 1363 1297 diebus
1395 1245 1450 1297 in
1477 1244 1936 1315 Quadragesima,
1969 1249 2026 1298 et

426 1317 488 1380 in
517 1329 813 1394 aestate,de
844 1346 955 1400 qua
978 1332 1255 1402 posterius
1283 1333 1579 1387 dicendum
1609 1340 1695 1387 est
1713 1353 1725 1401 ;
1745 1340 1873 1405 post
1888 1333 2026 1387 mis-

427 1429 551 1467 sam
580 1417 800 1486 pulsato
831 1419 988 1488 signo
1039 1426 1241 1491 agatur
1281 1420 1492 1489 oratio;
1544 1425 1672 1493 post
1709 1420 2021 1477 orationem

427 1504 704 1558 vadantin
722 1507 1075 1563 refectorium
1090 1510 1340 1581 accipere
1355 1513 1428 1565 mi
1436 1517 1582 1565 stum
1601 1510 2021 1566 hebdomadarii

429 1595 699 1663 coquinae,
723 1601 779 1649 et
806 1613 1011 1652 mensae
1039 1598 1232 1653 lector.
1286 1600 1344 1655 Si
1374 1617 1503 1656 vero
1533 1601 1631 1656 alii
1659 1602 1774 1657 sint
1799 1601 1894 1674 qui
1920 1617 2021 1673 pro

427 1681 676 1736 utilitate
694 1685 938 1740 ecclesiae
950 1690 1155 1759 majori
1169 1691 1351 1745 missae
1366 1709 1477 1747 non
1495 1692 1709 1764 possint
1726 1692 2020 1757 interesse,

2102 550 2202 605 per
2222 534 2343 587 loca
2363 533 2474 586 alia
2492 531 2589 585 ubi
2610 527 2986 583 necessarium
3007 541 3127 579 esse
3165 526 3505 595 perspexerit.
3523 528 3646 581 Cum

2102 629 2325 694 tempus
2372 620 2562 684 fuerit,
2593 619 2814 690 pulsato
2857 616 3037 686 signo,
3095 612 3431 668 venientibus
3464 615 3647 685 pueris,

2102 712 2249 766 facta
2278 710 2550 773 oratione,
2579 711 2854 761 canantur
2881 703 3169 757 matutina:
3210 701 3412 767 laudes,
3436 719 3651 758 comme-

2104 800 2342 855 moratio
2368 800 2725 853 Sanctorum.
2763 794 2956 848 Prima
2983 808 3111 846 cum
3134 790 3358 862 psalmis
3401 791 3654 846 familiari-

2104 890 2224 953 bus,
2260 895 2315 942 et
2343 886 2620 959 precibus,
2652 889 2710 939 et
2733 882 2980 937 collectis
3000 880 3118 935 suis
3146 896 3271 933 cum
3299 884 3500 950 septem
3524 881 3653 950 psal-

2103 980 2230 1043 mis,
2260 984 2317 1032 et
2344 976 2559 1031 litania.
2593 975 2727 1029 Post
2751 973 2869 1026 haec
2896 972 2978 1024 ita
3005 969 3196 1024 omnia
3222 968 3431 1037 agenda
3454 974 3589 1033 sunt,
3603 973 3656 1022 ut

2103 1085 2273 1140 supra
2284 1068 2496 1122 dictum
2517 1070 2599 1118 est
2624 1064 2682 1116 in
2696 1077 2887 1115 mense
2916 1057 3160 1115 Octobri.
3183 1056 3479 1111 Secretario
3490 1062 3653 1109 autem

2104 1156 2338 1212 sollicite
2387 1152 2790 1226 providendum
2838 1154 2943 1215 est,
2976 1152 3043 1201 ut
3069 1145 3169 1199 tali
3195 1146 3334 1198 hora
3384 1145 3658 1198 matutinas

2104 1247 2298 1302 laudes
2327 1244 2496 1297 faciat
2518 1240 2783 1312 incipere,
2814 1242 3091 1309 quatenus
3120 1232 3309 1287 omnia
3346 1232 3462 1286 luce
3486 1232 3658 1285 clares-

2107 1340 2266 1392 cente
2288 1334 2577 1389 finiantur.
2601 1330 2661 1384 Si
2716 1334 2907 1382 autem
2946 1323 3232 1379 dubietate
3262 1321 3443 1391 aliqua
3469 1319 3659 1372 deludi-

2100 1433 2214 1491 tur,
2247 1429 2305 1479 et
2330 1421 2542 1494 aliquid
2571 1418 2751 1474 noctis
2772 1420 2900 1488 post
2924 1412 3178 1467 litaniam
3205 1409 3392 1475 fuerit,
3423 1407 3555 1461 sicut
3587 1424 3662 1462 su-

2101 1532 2204 1588 pra
2233 1515 2293 1568 in
2323 1512 2504 1584 primo
2532 1505 2824 1563 intervallo
2849 1504 2930 1559 ita
2959 1520 3018 1557 se
3046 1500 3291 1554 habeant
3302 1498 3513 1559 fratres,
3539 1495 3665 1588 vide:

2103 1582 2232 1660 licet
2261 1582 2553 1673 utipraeter
2569 1595 2842 1667 sanguine
2873 1593 3121 1646 minutos
3150 1588 3338 1642 nullus
3359 1588 3585 1639 revertat
3606 1582 3666 1635 ad

2107 1699 2367 1749 stratum.
2403 1689 2759 1745 Clarescente
2787 1699 2917 1739 vero
2947 1680 3057 1745 die,
3082 1681 3284 1733 exeant
3304 1676 3362 1729 in
3386 1674 3663 1728 claustrum

426 1768 489 1822 in
513 1776 792 1840 potestate
821 1774 1038 1831 abbatis
1063 1777 1148 1831 vel
1177 1780 1381 1849 prioris
1421 1761 1610 1848 25:5
1650 1783 1726 1836 sit
1752 1788 1940 1836 utrum
1972 1767 2322 1845 etBsedere,
2354 1780 2440 1836 Ad
2479 1775 2906 1850 completorium
2946 1771 3191 1845 hymnus
3241 1765 3445 1821 Christe
3471 1765 3560 1831 (Ιτιί
3586 1761 3670 1813 ιτιέτ

426 1857 536 1929 ipsi
559 1860 787 1916 mistum
812 1865 1080 1935 accipere,
1106 1879 1163 1921 et
1185 1874 1456 1931 statutam
1470 1870 2025 1927 hebdomadariisde-

427 1945 602 2001 beant
619 1952 990 2020 quantitatem
1012 1956 1193 2026 panis,
1221 1964 1278 2012 et
1307 1966 1472 2030 potus
1516 1960 1739 2015 habere.
1762 1961 1872 2015 Alii
1896 1978 2025 2016 vero

429 2034 636 2090 fratres
660 2038 885 2094 interim
932 2042 993 2096 in
1021 2045 1189 2098 choro
1229 2047 1479 2113 sedeant,
1509 2054 1567 2102 et
1604 2047 1698 2120 qui
1726 2050 2023 2116 voluerint,

430 2120 642 2193 legant.
658 2127 1106 2186 Servitoribusin
1119 2135 1352 2189 chorum
1373 2137 1754 2200 redeuntibus,
1774 2140 2028 2210 pulsetur

346 2206 357 2213 ’
432 2210 680 2290 signum,
705 2223 963 2273 cantetur
985 2238 1153 2278 nona.
1177 2225 1413 2279 Cantata
1439 2242 1588 2280 nona
1625 2232 1843 2293 exeant,
1875 2228 2029 2299 prior

433 2300 505 2354 ad
526 2306 949 2373 percutiendum
967 2311 1304 2381 cymbalum,
1324 2314 1741 2370 hebdomadarii
1755 2317 2025 2387 coquinae,

433 2394 493 2443 et
519 2394 704 2446 caeteri
734 2396 830 2465 qui
862 2399 1121 2453 servituri
1152 2408 1283 2456 sunt
1314 2404 1385 2457 ad
1416 2405 1665 2474 injuncta
1691 2404 1794 2458 sibi
1824 2406 2025 2461 ofﬁcia.

507 2481 772 2539 Kalendae
801 2486 1150 2555 Novembris,
1179 2492 1226 2544 si
1253 2492 1343 2545 die
1399 2493 1690 2548 Dominica
1722 2495 2024 2561 evenerint,

433 2567 706 2625 festivitas
734 2574 989 2629 omnium
1047 2578 1379 2634 Sanctorum
1427 2582 1751 2637 solemniter
1787 2589 2024 2654 agatur;

434 2660 799 2727 sequentibus
819 2680 947 2719 vero
975 2666 1206 2737 privatis
1231 2669 1427 2724 diebus
1456 2672 1811 2742 responsoria
1837 2673 2030 2726 dican-

433 2749 531 2799 tur
564 2749 683 2802 Vidi
702 2752 1023 2822 Dominum,
1049 2762 1107 2810 et
1126 2758 1396 2813 lectiones
1420 2761 1600 2831 longae
1628 2778 1693 2815 ex
1720 2762 2026 2833 prophetis.

434 2834 494 2887 Si
525 2852 652 2891 vero
682 2839 800 2894 dies
828 2842 1207 2900 Kalendarum
1233 2847 1372 2901 feria
1398 2850 1661 2916 secunda,
1689 2856 1789 2905 aut
1836 2852 2023 2917 tertia,

432 2928 533 2978 aut
553 2933 754 2996 quarta
771 2934 1037 3001 evenerit,
1062 2937 1411 3006 praecedente
1431 2938 1722 2993 Dominica
1738 2940 2030 2995 inchoetur

430 3012 668 3070 historia
718 3020 839 3073 Victi
879 3022 1201 3092 Dominum,
1244 3027 1343 3081 sed
1372 3033 1563 3082 tamen
1591 3030 1886 3084 intervalla
1916 3046 2030 3084 non

427 3102 538 3156 nisi
568 3111 695 3174 post
744 3108 1025 3165 Kalendas
1075 3087 1363 3184 incipiant.
1399 3117 1456 3171 Si
1499 3134 1627 3171 vero
1690 3121 1905 3189 quinta,
1946 3087 2092 3173 velC

430 3197 588 3246 sexta
615 3194 772 3259 feria,
807 3198 892 3251 vel
953 3200 1196 3255 Sabbato
1252 3204 1517 3259 Kalendae
1564 3207 1897 3270 exstiterint,
1940 3224 2029 3261 se-

432 3288 641 3350 quente
663 3284 953 3341 Dominica
981 3289 1275 3344 inchoetur
1314 3292 1643 3358 historia,et
1666 3296 1929 3349 lectiones
1960 3313 2028 3350 ex

429 3372 746 3440 prophetis;
772 3375 1040 3431 lectiones
1058 3395 1185 3433 vero
1204 3382 1467 3450 grandes,
1504 3388 1562 3435 et
1587 3383 1882 3437 intervalla
1900 3402 2029 3439 mox

429 3464 560 3527 post
575 3460 934 3517 festivitatem
952 3465 1395 3524 inchoentur.Ab
1407 3471 1511 3523 hac
1530 3472 1831 3526 festivitate
1852 3490 2028 3544 usque

432 3546 506 3599 ad
536 3548 791 3617 quintam
812 3552 1007 3607 feriam
1030 3560 1161 3610 ante
1190 3557 1426 3627 Pascha,
1449 3560 1556 3613 nisi
1592 3560 1687 3614 ubi
1733 3561 2027 3616 duodecim

429 3635 719 3705 lectiones,
790 3648 889 3697 aut
945 3650 1140 3699 octava
1174 3647 1403 3712 fuerint,
1445 3656 1737 3716 canantur,
1793 3652 2025 3722 privatis

431 3722 651 3792 diebus,
694 3734 822 3798 post
877 3733 1158 3788 orationes
1196 3741 1327 3790 ante
1365 3736 1549 3791 ofﬁcia
1588 3744 1881 3805 nocturna,
1923 3740 2026 3792 tri-

429 3811 593 3882 ginta
605 3817 807 3886 psalmi
828 3820 899 3873 ab
913 3822 998 3875 Ad
1022 3824 1323 3878 Dominum
1351 3842 1477 3879 cum
1505 3828 1832 3895 tribularer,
1852 3845 2031 3899 usque

435 3900 629 3956 Omnis
665 3909 899 3974 spiritus
936 3913 1123 3965 laudet
1150 3914 1471 3968 Dominum.
1504 3915 1678 3969 Primi
1709 3916 1900 3970 decem
1930 3934 2031 3988 pro

429 3990 708 4048 defunctis
721 3995 841 4051 sine
865 3998 1053 4054 Gloria
1072 4018 1096 4068 ;
1131 4009 1430 4072 sequentes
1455 4004 1648 4059 decem
1678 4022 1778 4076 pro
1805 4022 2031 4076 congre-

427 4081 655 4149 gatione
685 4083 800 4139 bini
827 4103 953 4140 cum
976 4105 1091 4165 una
1118 4091 1326 4159 Gloria,
1356 4093 1591 4147 extremi
1620 4094 1810 4149 decem
1832 4112 1932 4165 pro
1952 4096 2030 4149 fa-

426 4169 743 4227 miliaribus
791 4181 849 4229 et
892 4164 1372 4248 benefactoribus;
1416 4188 1474 4236 et
1515 4182 1573 4236 hi
1617 4182 1734 4236 bini
1764 4164 1891 4237 cum
1917 4200 2030 4238 una

430 4258 640 4323 Gloria,
674 4262 883 4333 singuli
926 4282 1053 4320 cum
1095 4268 1370 4337 precibus,
1405 4276 1461 4323 et
1489 4272 1736 4326 collectis
1783 4272 1917 4326 suis.
1960 4273 2030 4327 Et

2106 1894 2177 1932 es.
2210 1881 2258 1929 et
2287 1876 2422 1932 dies.

2164 1917 2177 1943 ,
2445 1962 2518 2016 II.
2546 1989 2612 2001 —-
2638 1962 2718 2015 Ab
2746 1960 2997 2017 Adventu
3016 1958 3090 2011 ad
3115 1954 3585 2024 Septuagesimum.

2177 2052 2470 2107 Dominica
2493 2056 2624 2104 ante
2638 2050 2953 2104 Adventum
2968 2045 3191 2102 Domini
3217 2048 3448 2098 canatur
3464 2037 3673 2094 historia

2108 2144 2177 2197 de
2202 2146 2395 2197 sancta
2420 2139 2971 2209 Trinitate,hymnus
2991 2137 3180 2190 Primo
3209 2136 3448 2194 dierum,
3472 2127 3671 2201 psalmi,

2108 2234 2358 2296 Domine,
2407 2232 2469 2283 in
2522 2232 2748 2293 virtute,
2784 2231 2840 2280 et
2867 2224 3092 2295 reliqui.
3123 2224 3189 2278 In
3230 2222 3397 2276 tertio
3426 2222 3673 2273 nocturno

2111 2319 2509 2393 pronuntietur
2573 2315 2934 2386 Evangelium
2984 2332 2996 2366 :
3067 2314 3205 2366 Cum.
3267 2311 3592 2371 sublevasset,
3629 2309 3678 2357 et

2111 2410 2260 2464 idem
2310 2410 2531 2479 legatur
2567 2424 2601 2460 a
2638 2405 2925 2461 sacerdote
2975 2400 3239 2456 revestito
3295 2414 3421 2453 cum
3472 2395 3678 2449 collecta

2111 2501 2324 2565 Excita,
2342 2500 2589 2552 Domine.
2612 2495 2696 2550 Ad
2716 2494 2910 2548 laudes
2928 2490 3129 2563 psalmi
3143 2491 3411 2543 Dominus
3431 2484 3676 2552 regnavit.

2111 2588 2449 2659 Antiphonae
2492 2586 2559 2639 de
2605 2584 2900 2646 Trinitate,
2933 2588 2989 2635 et
3040 2578 3302 2634 similiter
3338 2590 3501 2645 super
3535 2572 3682 2624 horas

2112 2694 2291 2749 usque
2340 2676 2412 2730 ad
2459 2676 2756 2746 Vesperas,
2797 2688 2923 2727 cum
2950 2668 3231 2741 capitulis,
3261 2671 3319 2721 et
3343 2661 3597 2725 versibus,
3635 2662 3684 2749 et

2066 2775 2082 2788 '
2112 2747 2377 2830 collectis,
2409 2765 2481 2819 ad
2518 2762 2854 2817 Benedictus
2894 2759 3224 2830 antiphona,
3283 2760 3340 2810 et
3373 2752 3593 2808 collecta
3623 2747 3683 2800 de

2109 2854 2403 2909 Trinitate.
2419 2853 2553 2907 Post
2570 2851 2859 2905 collectam
2881 2848 3100 2902 dicatur
3117 2845 3429 2916 antiphona
3450 2856 3512 2893 ex
3531 2838 3687 2892 Evan-

2110 2943 2258 3015 gelio
2284 2943 2421 2997 Cum
2450 2942 2795 3005 sublevasset,
2824 2954 2952 2992 cum
2976 2937 3165 2991 Gloria
3180 2935 3359 3000 Patri,
3391 2944 3574 2983 versus
3595 2927 3683 3023 Do-

2112 3036 2301 3086 minus
2330 3034 2601 3099 regnavit,
2635 3029 2867 3082 collecta
2907 3027 3119 3090 Excila,
3155 3025 3408 3087 Domine,
3432 3032 3605 3072 sermo
3633 3028 3682 3067 Ill

2113 3121 2376 3192 capitulo,
2397 3124 2454 3173 et
2473 3116 2820 3171 matutinalis
2842 3115 3015 3168 missa
3033 3114 3101 3168 de
3115 3111 3428 3171 Dominica,
3452 3102 3688 3174 majordc

2113 3217 2308 3264 sancta
2326 3208 2619 3262 Trinitate.
2655 3206 2713 3260 Si
2760 3204 3033 3258 festivitas
3083 3200 3379 3255 duodecim
3409 3195 3689 3250 lectionum

2112 3298 2377 3363 evenerit,
2404 3313 2516 3352 non
2541 3299 2794 3351 mutetur
2818 3294 2943 3365 ipsa
2968 3291 3265 3347 duodecim
3283 3287 3581 3343 lectionum
3597 3281 3690 3334 fes-

2109 3387 2316 3441 tivitas.

2183 3474 2425 3529 Sabbato
2447 3473 2795 3545 praecedente
2822 3469 3175 3524 Dominicam
3210 3468 3283 3521 de
3310 3465 3561 3521 Adventu
3588 3460 3689 3514 Do-

2109 3564 2269 3631 mini,
2285 3563 2606 3617 dimittatur
2625 3562 2695 3615 ad
2720 3576 2976 3631 vesperas
2997 3557 3176 3612 oratio
3197 3557 3268 3610 de
3318 3569 3497 3618 cruce,
3529 3563 3690 3618 usque

2108 3654 2178 3708 ad
2202 3660 2424 3708 octavas
2453 3651 2799 3723 Epiphaniae.
2855 3649 2914 3704 Si
2942 3647 3218 3701 festivitas
3271 3641 3452 3699 sancti
3473 3638 3692 3696 Andreae

2107 3742 2167 3796 in
2206 3742 2311 3795 hac
2340 3741 2430 3795 die
2486 3739 2753 3803 evenerit,
2804 3742 3046 3808 agantur
3092 3734 3341 3806 pleniter
3361 3743 3597 3799 vesperae
3630 3723 3691 3776 de

2109 3831 2380 3900 apostolo.
2413 3828 2611 3883 Finitis
2648 3826 2892 3897 vesperis
2919 3823 3224 3895 incipiatur
3242 3818 3551 3890 antiphona
3578 3814 3692 3869 Ecce

2112 3937 2313 3974 nomen
2355 3921 2582 3974 Domini
2609 3934 2737 3972 cum
2782 3917 2975 3972 Gloria
3001 3915 3177 3968 Patri.
3211 3911 3377 3965 Dicta
3404 3905 3692 3976 antiphona

2112 4013 2382 4079 sequatur
2406 4023 2602 4061 versus
2633 4011 2690 4061 et
2718 4005 2948 4059 collecta
2974 4003 3044 4056 de
3073 4001 3322 4055 adventu
3369 3992 3607 4087 Domini.
3636 3989 3694 4087 in

2110 4096 2353 4150 crastino
2408 4095 2478 4148 ad
2520 4092 2923 4152 invitatorium,
2955 4091 3066 4144 duo
3118 4088 3329 4142 fratres
3364 4085 3424 4138 in
3455 4080 3608 4143 albis,
3642 4080 3694 4129 in

2110 4185 2240 4239 sede
2267 4184 2565 4255 episcOpali
2596 4184 2653 4236 in
2681 4181 2890 4252 cappis.
2914 4181 2982 4234 Et
3015 4177 3340 4247 ubicunque
3366 4173 3501 4227 ordo
3520 4181 3696 4255 mena:

2110 4252 2340 4327 chorum
2373 4252 2470 4343 qui
2494 4272 2584 4325 hic
2611 4269 2962 4333 describitur,
2987 4267 3056 4321 ad
3108 4264 3519 4323 invitatorium,
3560 4252 3696 4343 et

428 4353 558 4417 post
580 4357 854 4406 nocturna
877 4361 934 4408 et
974 4356 1279 4411 familiares
1310 4360 1574 4430 psalmos,
1598 4361 1859 4416 Officium
1883 4378 2029 4415 mor-
2046 4410 2095 4430 ἢ
2113 4342 2464 4426 Benedictus,
2496 4366 2553 4414 et
2583 4359 2653 4413 ad
2682 4357 3003 4428 Magniﬁcat
3033 4352 3361 4426 praecipitur
3389 4364 3511 4404 esse
3539 4346 3595 4399 in
3621 4342 3695 4396 al-

424 4438 680 4508 tunrum,
713 4445 768 4493 et
797 4445 1085 4499 matutinae
1107 4446 1301 4500 laudes
1330 4448 1399 4501 de
1428 4448 1687 4503 omnibus
1707 4450 1926 4504 Sanctis
1974 4456 2032 4504 et

437 4524 604 4579 Verba
618 4531 820 4593 mea,si
864 4532 1227 4588 tricenarium
1259 4535 1487 4590 habent.
1517 4537 1778 4592 Posthaec
1793 4538 2025 4593 descen-

427 4613 625 4669 dentes
645 4633 675 4670 e
696 4617 1022 4675 dormitorio
1042 4623 1275 4677 sedeant
1293 4625 1351 4677 in
1396 4626 1564 4679 choro
1585 4646 1597 4694 ;
1634 4627 1878 4681 infantes
1897 4644 2025 4681 cum

427 4701 806 4761 luminaribus
831 4708 889 4762 in
912 4711 1158 4780 capitulo
1176 4712 1476 4783 diligenter
1493 4732 1526 4768 a
1544 4716 1828 4787 magistris
1845 4722 2028 4770 custo-

427 4791 674 4861 diantur,
710 4804 974 4852 canentes
995 4800 1142 4870 quod
1182 4803 1559 4857 necessarium
1587 4804 1712 4866 erit,
1747 4810 1848 4859 aut
1875 4806 1923 4859 si
1947 4808 2030 4859 ni-

428 4881 537 4935 mis
587 4884 865 4954 profunda
905 4896 1067 4941 nocte
1109 4890 1470 4957 surrexerint,
1503 4899 1743 4964 pausent
1774 4895 2028 4964 jacentes

427 4971 500 5026 ad
525 4973 723 5028 sedilia
743 4992 866 5029 sua.
898 4977 1012 5030 Isto
1040 4978 1332 5034 intervallo
1362 4980 1529 5034 debet
1556 4982 1709 5051 prior
1735 4999 1861 5036 cum
1895 4984 2025 5039 abs-

430 5077 601 5116 consa
621 5078 853 5118 accensa
879 5066 1043 5133 (caeca
1080 5066 1323 5136 laterna)
1360 5086 1461 5139 per
1488 5070 1719 5124 chorum
1749 5070 1832 5124 ire
1860 5087 1925 5125 ac
1952 5073 2029 5125 vi-

425 5150 559 5205 dere
590 5168 757 5223 quam
784 5154 1120 5224 regulariter
1140 5157 1373 5210 sedeant
1398 5175 1410 5224 ;
1444 5158 1646 5212 deinde
1676 5176 1777 5229 per
1802 5160 2023 5227 altaria,

425 5244 483 5293 et
501 5241 757 5295 membra
777 5243 1123 5310 monasterii,
1149 5261 1219 5298 ne
1244 5247 1387 5299 forte
1419 5245 1622 5317 aliquis
1650 5247 1727 5301 ibi
1755 5248 2017 5303 dormiat.

425 5328 486 5383 Si
513 5345 642 5384 vero
673 5330 921 5401 aliquem
970 5318 1226 5387 orantem
1281 5334 1578 5398 invenerit,
1626 5335 1858 5391 silenter
1893 5354 2021 5408 per-

422 5423 696 5474 transeat.
726 5421 885 5485 Quod
918 5421 966 5475 si
1013 5422 1259 5493 aliquem
1308 5424 1680 5478 dormientem
1723 5428 2015 5496 repererit,

426 5506 687 5579 evigilato
715 5510 773 5563 in
799 5509 1052 5575 chorum,
1090 5511 1249 5582 signo
1278 5513 1443 5579 tacto,
1481 5514 1686 5567 reverti
1711 5515 2016 5585 praecipiat.

424 5596 637 5655 Deinde
665 5597 832 5652 debet
857 5616 960 5669 per
978 5600 1292 5654 claustrum
1312 5606 1370 5654 et
1396 5600 1456 5655 in
1484 5601 1793 5673 capitulum
1818 5603 1922 5672 ire,
1955 5621 2020 5660 ac

2046 4410 2097 4470 D

2113 4450 2217 4505 bis.
2250 4452 2316 4506 In
2344 4451 2475 4503 sede
2504 4447 2805 4520 episcopali
2836 4445 3156 4499 institutum
3175 4448 3266 4496 est
3286 4456 3411 4496 esse
3428 4438 3485 4492 in
3501 4432 3697 4505 cappiS-

2113 4540 2403 4595 Lectiones
2425 4539 2493 4592 de
2524 4536 2672 4591 Isaia
2697 4536 2973 4607 propheta
3017 4548 3193 4603 usque
3243 4531 3318 4585 ad
3360 4525 3698 4582 nativitatem

2107 4628 2352 4683 Domini.
2384 4628 2449 4682 In
2468 4625 2759 4680 matutinis
2787 4622 3045 4677 laudibus
3074 4619 3279 4691 psalmi
3297 4620 3556 4672 Miserere
3578 4611 3699 4676 mei,

2107 4718 2267 4777 Deus,
2299 4722 2356 4770 et
2384 4715 2603 4784 reliqui.
2635 4713 2720 4768 Ad
2749 4710 3086 4766 Benedictus
3117 4706 3384 4761 sacerdos
3405 4705 3464 4757 in
3479 4702 3602 4755 alba
3622 4699 3696 4751 in-

2111 4810 2303 4860 censet
2328 4804 2548 4859 altaria.
2580 4802 2666 4857 Ad
2708 4805 2902 4866 256
2944 4798 3189 4853 Primam
3244 4793 3578 4865 capitulum,
3609 4789 3699 4843 Do—

2110 4898 2282 4959 mine,
2315 4897 2580 4947 miserere
2598 4893 2791 4956 nostri,
2816 4887 3074 4943 omnibus
3108 4884 3424 4941 Dominicis
3452 4886 3510 4935 et
3552 4874 3697 4932 festis

2111 4982 2307 5037 diebus
2319 4982 2389 5035 ad
2406 4980 2767 5035 Nativitatem
2785 4977 3031 5032 Domini.
3065 4976 3256 5032 Gloria
3270 4977 3336 5027 in
3353 4972 3577 5026 excelsis
3599 4966 3698 5020 Deo

2109 5072 2342 5126 minime
2369 5071 2607 5135 dicatur,
2643 5070 2713 5122 ad
2742 5069 3014 5137 majorem
3068 5064 3298 5117 missam
3343 5061 3611 5114 diaconus
3647 5058 3698 5106 et

2109 5160 2480 5214 subdiaconus
2510 5157 2713 5212 casulis
2768 5157 2883 5217 sint
2922 5153 3123 5208 induti.
3156 5149 3471 5206 Dominicis
3500 5151 3557 5200 et
3584 5140 3698 5197 aliis

2103 5250 2283 5318 festis,
2316 5249 2519 5319 quibus
2565 5245 2859 5301 duodecim
2893 5242 3160 5297 lectiones
3208 5239 3449 5302 faciunt,
3484 5234 3699 5303 adipem

2105 5338 2419 5393 comedant.
2436 5336 2494 5391 Si
2510 5335 2781 5389 festivitas
2820 5330 3249 5386 sanctiAndreae
3266 5328 3326 5381 in
3338 5327 3448 5380 hac
3466 5324 3558 5378 die
3585 5333 3699 5374 eve-

2103 5427 2271 5492 nerit,
2294 5425 2642 5498 praecedente
2654 5422 2899 5477 Sabbato
2916 5420 3062 5473 sicut
3076 5418 3136 5471 in
3162 5415 3376 5486 Vigilia
3388 5414 3695 5485 jejunetur,

2103 5522 2160 5570 et
2182 5516 2354 5569 missa
2381 5516 2451 5567 de
2477 5512 2682 5582 Vigilia
2709 5510 2929 5563 dicatur
2961 5502 3458 5560 :commemoratio
3499 5499 3571 5553 ad
3608 5511 3696 5548 ve-

2101 5622 2313 5677 speras,
2341 5609 2399 5659 et
2424 5603 2483 5658 in
2504 5602 2748 5656 crastino
2768 5599 2839 5654 ad
2866 5595 3177 5654 matutinas
3206 5593 3429 5659 laudes,
3458 5596 3517 5647 et
3535 5586 3701 5647 missa
