3852 6178
154 286 227 343 449

1016 274 1349 330 DECRETA
1386 273 1529 329 PRO
1570 268 1844 341 ORDINE
1883 267 1942 324 S.
1981 266 2387 329 BENEDICTI.

3244 283 3351 341 450

153 405 420 466 matutinus
457 405 525 457 de
552 402 804 474 apostolo
832 405 1053 471 agatur.
1103 399 1399 455 Festivitas
1435 414 1566 452 vero
1602 397 1663 451 in
1680 399 1926 458 Annum
1954 390 2196 461 signum,
2220 396 2477 470 factaque
2512 402 2763 457 oratione
2791 420 2963 476 supra
2987 406 3196 463 formas
3216 410 3345 481 pul-

153 497 382 554 crastinum
405 493 710 547 differatur.
753 490 839 543 Ad
868 505 1127 559 vesperas
1160 487 1335 559 ipsius
1367 487 1475 539 diei
1516 485 1669 556 capi-

150 586 297 650 tulum,
323 589 371 636 et
394 586 588 635 caetera
616 595 738 649 quae
764 583 1079 649 sequuntur
1108 576 1176 630 de
1206 575 1459 645 apostolo
1484 575 1670 627 dican-

150 682 236 739 tur;
273 671 444 725 dehinc
487 666 946 723 commemoratio
990 665 1059 718 de
1100 664 1395 731 Adventu;
1436 661 1669 734 privatis

149 762 290 817 diebus
310 776 479 831 preces
501 759 730 812 Oremus
756 773 857 824 pro
882 758 1038 808 omni
1065 755 1245 821 gradu
1278 754 1539 806 Ecclesiae.
1571 752 1671 805 Fe-

149 852 206 904 ria
234 854 414 920 quarta,
452 851 626 909 sexta,
660 850 718 897 et
765 841 1006 897 Sabbato
1037 842 1292 905 Quatuor
1326 841 1668 911 Temporum

146 936 504 1010 pronuntientur
541 932 843 1001 Evangelia
884 931 1135 1001 ipsorum
1190 928 1429 983 dierum.
1463 928 1668 997 Vigilia

146 1028 310 1081 Thomas
334 1024 578 1095 apostoli,
608 1022 656 1075 si
683 1020 802 1074 dies
830 1019 1154 1074 Dominicus
1198 1035 1310 1072 non
1337 1016 1528 1083 fuerit,
1573 1034 1665 1070 ra-

147 1116 296 1169 dantur
326 1114 529 1177 fratres,
580 1117 637 1164 et
681 1110 760 1163 sic
805 1108 1142 1162 balneentur
1178 1107 1274 1178 qui
1311 1107 1506 1160 volunt
1542 1104 1664 1157 bal-

145 1204 270 1269 neari,
289 1208 343 1257 ut
362 1200 572 1255 duobus
601 1197 797 1252 diebus
825 1202 955 1251 ante
975 1196 1322 1251 Dominicam
1344 1194 1665 1249 Nativitatis

146 1296 223 1348 sint
240 1309 401 1346 onmes
434 1289 700 1344 balneati.
732 1289 791 1342 Si
820 1305 1045 1342 necesse
1074 1287 1166 1353 sit,
1198 1286 1321 1356 ipso
1349 1283 1665 1355 apostolica:

142 1381 385 1436 festivitatis
409 1380 499 1433 die
530 1376 781 1431 balneari
811 1380 1063 1447 possunt.
1096 1362 1226 1445 Ipsa
1252 1378 1442 1427 autem
1466 1372 1667 1426 balnea

140 1473 212 1525 hoc
252 1470 415 1523 ordine
468 1467 843 1538 disponantur
883 1483 894 1518 :
939 1463 1289 1535 praecedente
1344 1461 1434 1515 die
1498 1459 1665 1514 debet

138 1559 277 1622 abbas,
311 1562 396 1610 aut
434 1555 531 1627 qui
561 1554 815 1608 ordinem
843 1558 1018 1617 tenet,
1049 1551 1340 1623 providere
1368 1566 1544 1603 unum
1574 1566 1663 1602 se-

139 1648 296 1701 niorem
331 1645 644 1715 religiosum
676 1649 844 1713 atque
872 1641 1227 1713 prudentem,
1258 1638 1347 1693 cui
1378 1637 1665 1710 praecipiat

1749 491 1945 540 sentur
1974 487 2163 541 omnia
2190 487 2387 557 signa;
2438 490 2640 559 quibus
2681 494 3030 549 cessantibus
3074 496 3348 570 incipiant

1750 577 2057 630 matutinas
2078 576 2290 629 laudes.
2322 576 2530 631 Psalmi
2568 580 2837 635 Dominus
2858 588 3108 651 regnarit
3136 592 3193 640 et
3212 587 3345 641 reli-

1751 665 1864 735 qui.
1899 666 2148 719 Primam
2179 665 2543 736 antiphonam
2583 668 3054 727 hebdomadarius
3091 674 3342 747 incipiat.

1751 753 2090 824 Capitulum,
2118 757 2323 808 Paulus
2351 771 2537 809 servus
2567 757 2773 811 Christi
2797 762 2942 814 Jesu.
2966 762 3235 818 Sacerdos
3263 766 3347 819 in-

1751 843 1920 896 dutus
1964 842 2087 896 alba
2119 843 2370 897 incenset
2411 844 2637 901 altaria.
2677 846 2875 902 Preces
2915 851 3025 917 Ego
3067 854 3209 921 dixi,
3246 856 3346 908 Do-

1750 936 1920 985 mine.
1950 932 2236 985 Psalmum
2266 948 2442 985 unum
2472 934 2725 988 Miserere
2756 940 2882 1006 mei,
2909 940 3068 993 Deus.
3093 941 3348 998 Comme-

1747 1021 1988 1074 moratio
2023 1025 2366 1084 sanctorum,
2409 1021 2608 1091 prima,
2657 1025 2878 1093 psalmi,
2920 1027 3152 1097 litania;
3198 1030 3350 1085 dicta

1746 1109 1914 1163 tertia
1944 1115 2000 1163 et
2029 1109 2201 1163 missa
2251 1109 2589 1177 matutinali,
2622 1112 2847 1181 signum
2872 1116 3099 1185 capituli
3136 1118 3348 1175 diutius

1746 1197 1910 1251 solito
1965 1204 2051 1251 est
2106 1198 2463 1269 pulsandum,
2506 1206 2570 1253 ut
2622 1202 2835 1255 cunctis
2891 1206 3347 1275 occupationibus

1745 1287 2137 1356 praetermissis
2165 1288 2235 1340 ad
2265 1287 2486 1341 initium
2516 1289 2746 1359 capituli
2774 1307 2968 1345 omnes
2994 1295 3345 1364 conveniant,

1746 1380 1811 1428 ut
1829 1392 1956 1429 cum
1981 1375 2189 1430 Christi
2212 1376 2433 1429 Domini
2455 1378 2631 1431 nostri
2654 1379 2931 1433 Nativitas
2950 1384 3349 1452 pronuntiatur

1745 1468 2106 1532 prosternant
2146 1481 2205 1516 se
2236 1463 2419 1517 cuncti
2454 1464 2513 1518 in
2544 1469 2774 1533 terram,
2815 1468 2991 1522 lector
3018 1471 3188 1525 etiam
3216 1480 3350 1529 ante

1744 1552 2084 1621 analogium,
2108 1552 2321 1622 pariter
2344 1559 2588 1619 orantes,
2617 1571 2794 1625 usque
2814 1556 2948 1609 dum
2980 1559 3077 1628 qui
3094 1562 3351 1618 ordinem

1743 1644 1916 1705 tenet,
1946 1640 2197 1693 oratione
2229 1640 2391 1707 facta,
2418 1641 2597 1711 erigat
2620 1659 2697 1695 se.
2731 1643 3136 1701 Pronuntietur
3165 1650 3349 1703 Evan-

138 1752 277 1789 curam
303 1733 490 1787 habere
520 1732 592 1786 de
616 1732 772 1803 ipsis,
805 1730 901 1801 qui
929 1734 1279 1784 commoneat
1322 1728 1523 1781 fratres
1553 1717 1970 1797 quaBgelium,
2005 1734 2062 1780 et
2092 1745 2157 1781 ex
2199 1745 2263 1781 co
2292 1746 2476 1782 sermo
2514 1736 2734 1799 agatur.
2768 1732 2901 1785 Post
2930 1741 3167 1801 sextam,
3200 1738 3346 1792 facto

138 1825 236 1876 hora
255 1825 322 1876 ire
357 1822 609 1886 debeant,
646 1827 703 1874 et
744 1820 929 1873 Videre
960 1835 1127 1889 quam
1181 1817 1436 1872 ordinate
1487 1816 1565 1870 ibi
1602 1832 1663 1869 se

137 1912 406 1966 contineant.
431 1910 540 1974 Qui
569 1909 759 1963 senior
783 1908 917 1961 illuc
941 1923 1179 1979 pergens
1207 1906 1394 1961 videat
1424 1905 1667 1977 qualiter

137 2001 214 2053 sint
246 2006 531 2071 praeparata
576 2004 634 2053 et
678 1998 872 2068 quales
903 1995 1101 2051 famuli
1135 1994 1212 2049 ibi
1237 1995 1351 2048 sint
1389 1994 1660 2064 deputati,

138 2089 288 2143 scilicet
320 2106 420 2143 non
460 2088 724 2153 infantes,
758 2103 861 2140 nec
901 2087 1155 2156 juvenes,
1191 2084 1288 2137 sed
1326 2089 1489 2137 aetate
1536 2099 1666 2153 pro-

138 2178 355 2232 mtiores.
393 2178 552 2241 Quod
591 2176 641 2230 si
678 2175 892 2246 aliquid
929 2175 1299 2244 incongruum
1340 2172 1540 2225 viderit
1576 2171 1663 2224 in-

136 2265 239 2319 dicet
250 2266 551 2331 camerario,
579 2271 637 2319 et
655 2264 749 2317 ille
768 2264 957 2317 statim
980 2262 1256 2316 emendet.
1278 2262 1665 2331 Reversusque

133 2356 271 2409 senior
293 2355 344 2409 in
383 2356 689 2409 claustrum
733 2358 1084 2407 commoneat
1110 2352 1312 2404 fratres
1340 2349 1489 2420 quod
1526 2365 1665 2419 opus

135 2458 221 2496 esse
243 2444 554 2513 cognoverit.
595 2442 705 2496 Sed
737 2442 843 2496 hoc
881 2445 1076 2495 caveat
1102 2456 1172 2494 ne
1198 2439 1580 2493 adolescentes
1610 2442 1667 2490 et

132 2531 275 2586 novitii
291 2534 443 2587 simul
471 2537 625 2599 eant,
660 2531 761 2585 sed
780 2547 908 2585 cum
938 2528 1270 2583 senioribus.
1291 2528 1380 2581 Illi
1408 2543 1538 2581 vero
1560 2526 1666 2579 fra-

131 2625 214 2673 tres
257 2638 376 2692 qnos
425 2620 859 2685 commonuerit,
930 2623 1227 2690 postquam
1278 2616 1391 2670 rasi
1455 2615 1666 2669 fuerint

130 2710 399 2780 accipientes
417 2713 772 2773 vestimenta,
796 2725 919 2779 quae
938 2713 1159 2761 mutare
1180 2704 1402 2770 debent,
1429 2708 1668 2776 pergant

131 2798 179 2850 ad
193 2799 344 2852 locum
363 2800 416 2853 in
437 2816 551 2870 quo
582 2798 788 2851 balnea
812 2801 1215 2868 praeparantur,
1242 2794 1430 2865 ibique
1458 2810 1668 2847 exuen-

129 2892 188 2940 tes
219 2889 528 2943 vestimenta
558 2904 662 2941 sua
703 2886 783 2940 sic
827 2885 1103 2951 ordinate,
1136 2889 1217 2953 (ut
1252 2883 1311 2937 in
1340 2882 1669 2937 dormitorio

130 2976 265 3029 facere
303 2980 745 3045 consueverunt,)
797 2976 1011 3028 intrent
1058 2972 1445 3043 unusquisque
1486 2971 1582 3025 ubi
1620 2970 1671 3024 ei

1745 1815 2056 1882 intervallo,
2091 1817 2346 1887 pulsetur
2389 1817 2632 1887 signum,
2673 1821 3005 1875 conveniant
3048 1823 3250 1879 fratres
3288 1826 3350 1881 in

1748 1905 2056 1972 ecclesiam,
2108 1906 2418 1959 orationem
2467 1907 2840 1963 communiter
2885 1910 3109 1978 faciant,
3150 1913 3351 1969 litania

1747 1992 1980 2047 minime
2041 1993 2278 2057 dicatur,
2342 1995 2650 2050 induantur
2704 1998 2933 2052 missam
2990 2000 3349 2070 celebraturi,

1748 2085 2007 2139 sacerdos
2049 2085 2376 2151 honorifice,
2417 2086 2584 2140 levita
2614 2087 2932 2155 dalmatica,
2965 2090 3074 2144 duo
3118 2092 3353 2147 subdia-

1748 2171 1873 2225 coni
1902 2172 2121 2237 tunicis,
2170 2190 2315 2227 unus
2351 2175 2422 2227 ad
2451 2175 2822 2246 prephetiam,
2858 2184 2915 2231 et
2956 2178 3098 2233 alter
3126 2180 3195 2234 ad
3226 2181 3353 2253 Epi-

1748 2260 1969 2325 stolam,
1999 2262 2110 2315 duo
2138 2261 2277 2315 albis
2324 2263 2395 2316 ad
2435 2265 2873 2334 responsorium,
2908 2273 3104 2321 cantor
3138 2268 3353 2325 hebdo-

1749 2349 2034 2403 madarius
2064 2366 2240 2421 cappa
2282 2351 2352 2404 ad
2392 2352 2643 2416 chorum,
2682 2361 2799 2408 tres
2828 2357 3077 2410 conversi
3106 2373 3250 2412 unus
3279 2360 3352 2415 ad

1747 2437 2118 2503 thuribulum,
2151 2439 2261 2493 duo
2291 2440 2360 2493 ad
2391 2441 2744 2507 candelabra,
2770 2443 3026 2514 pulsetur
3052 2446 3349 2503 classicum

1748 2526 1819 2579 ad
1866 2543 2137 2581 canonem
2184 2544 2355 2599 supra
2400 2530 2626 2598 formas,
2674 2538 3104 2601 prosternantur
3141 2534 3351 2591 tubulze

1744 2616 2024 2669 refectorii
2053 2621 2347 2687 coepertze.

1819 2705 1884 2758 In
1914 2711 2075 2758 nocte
2120 2705 2422 2760 Dominica:
2462 2708 2783 2763 Nativitatis
2812 2710 3002 2766 omnia
3030 2713 3190 2784 signa
3235 2713 3353 2784 pri-

1750 2810 1903 2848 mum
1936 2795 2249 2864 pulsentur,
2278 2795 2349 2848 ad
2384 2795 2766 2851 invitatorium
2794 2805 3038 2869 quatuor
3063 2802 3265 2855 fratres
3293 2802 3355 2857 in

1751 2882 1961 2953 cappis.
1981 2884 2044 2937 In
2067 2899 2403 2953 unoquoque
2428 2890 2701 2939 nocturno
2722 2886 2791 2939 ad
2813 2887 3037 2941 tertiam
3053 2889 3355 2945 lectionem

1753 2971 1864 3024 duo
1894 2971 2211 3025 sacerdotes
2239 2972 2429 3043 cappis
2458 2972 2639 3027 induti
2671 2974 2781 3028 duo
2816 2976 3105 3031 thuribula
3141 2979 3354 3034 circum

128 3063 204 3117 fuit
227 3065 671 3131 demonstratum,
710 3067 784 3127 et,
816 3062 1068 3133 deposito
1098 3061 1220 3114 velo
1246 3060 1392 3130 quod
1420 3064 1551 3113 ante
1578 3048 1731 3113 eosC
1752 3057 1936 3111 ferant
1982 3063 2189 3124 257,
2244 3059 2423 3129 primo
2468 3059 2687 3114 duobus
2723 3061 3015 3129 altaribus,
3058 3066 3261 3136 majori
3299 3072 3357 3121 et

128 3154 298 3221 pendet,
328 3156 520 3209 sedeat
544 3170 672 3207 cum
704 3151 947 3206 silentio.
981 3149 1039 3205 Si
1081 3149 1215 3220 quid
1238 3165 1369 3202 vero
1403 3148 1453 3201 ei
1482 3164 1673 3201 neces-

128 3242 287 3296 sarium
318 3244 501 3310 fuerit,
539 3242 789 3296 modeste
814 3240 973 3310 signo
1007 3239 1194 3308 aliquo
1223 3242 1396 3309 petat,
1430 3236 1673 3290 famulus

128 3330 214 3383 velo
237 3334 427 3386 elevato
455 3331 677 3386 deferat
710 3329 794 3383 illi
824 3328 1081 3383 celeriter
1106 3326 1253 3398 quod
1282 3325 1441 3397 petit,
1474 3331 1531 3380 et
1557 3330 1673 3378 sta-

130 3417 201 3471 tim
231 3427 548 3475 revertatur.
580 3421 887 3489 Postquam
916 3417 1051 3472 satis
1079 3415 1304 3470 ablutus
1337 3414 1526 3480 fuerit,
1561 3430 1674 3467 non

129 3506 375 3563 delectetur
400 3509 475 3563 ibi
528 3507 740 3561 diutius
784 3506 1084 3560 demorari.
1117 3505 1363 3575 Surgens
1389 3518 1521 3557 vero
1559 3501 1674 3555 cal-

131 3602 272 3650 ceatus
290 3606 448 3669 atque
475 3596 735 3660 vestitus,
761 3594 906 3648 sicut
931 3594 991 3647 in
1019 3592 1346 3647 dormitorio
1367 3590 1670 3654 consuevit,

129 3680 281 3739 ablatis
305 3686 563 3741 manibus
608 3689 924 3739 revertatur
971 3682 1029 3736 in
1075 3682 1401 3736 claustrum.
1440 3680 1679 3733 Adoles-

132 3779 271 3826 centes
297 3775 386 3844 qui
432 3780 571 3828 sunt
628 3774 687 3826 in
725 3770 995 3837 custodia,
1037 3787 1162 3825 cum
1192 3768 1516 3824 custodibus
1562 3767 1677 3822 suis

129 3868 238 3925 eant,
263 3866 312 3914 et
336 3865 711 3915 revertantur.
817 3859 1001 3930 prima
1046 3874 1223 3929 usque
1266 3857 1337 3910 ad
1377 3855 1677 3926 completo-

130 3945 237 3999 rium
258 3950 504 4004 omnibus
546 3949 703 4003 horis
743 3947 959 4019 possint
1001 3947 1084 4000 ire
1114 3947 1314 4000 fratres
1340 3944 1411 3998 ad
1450 3944 1670 4008 balnea,

128 4034 197 4088 sed
216 4038 376 4092 nullus
411 4044 725 4110 praesumat
746 4037 829 4090 ire
858 4036 1083 4107 absque;
1106 4036 1329 4090 licentia
1366 4033 1558 4088 fratris
1587 4031 1677 4086 cui

129 4120 204 4176 hoc
222 4128 562 4183 commissum
594 4131 699 4180 est.

178 4212 222 4266 Si
245 4214 416 4285 vigilia
449 4214 764 4270 Dominicee
792 4213 1113 4268 Nativitatis
1153 4213 1211 4266 in
1248 4211 1540 4267 Dominica
1585 4211 1676 4265 die

130 4304 339 4370 evenerit,
368 4305 481 4359 duo
530 4305 736 4357 fratres
760 4301 1148 4356 invitatorium
1190 4302 1259 4355 de
1288 4300 1580 4355 Dominica
1616 4299 1673 4353 in

1754 3146 2095 3209 matutinali,
2120 3146 2321 3201 dehinc
2349 3148 2616 3203 fratribus
2645 3148 2703 3203 in
2725 3150 2893 3204 choro
2923 3153 3267 3208 sedentibus.
3291 3156 3359 3210 In

1754 3235 1921 3289 tertio
1948 3240 2223 3289 nocturno
2245 3237 2683 3306 pronuntientur
2703 3238 2820 3292 haec
2837 3240 3164 3311 Evangelia:
3202 3245 3359 3297 Liber

1753 3326 2143 3393 generationis,
2173 3325 2325 3378 Eriit
2354 3328 2611 3392 edictum,
2652 3330 2914 3393 Pastorcs,
2960 3332 3026 3383 In
3054 3334 3356 3401 principio.

1756 3413 1969 3477 Quibus
1996 3412 2230 3483 expletis
2263 3430 2392 3467 cum
2432 3416 2804 3485 responsoriis
2846 3416 2961 3470 suis
2991 3417 3224 3489 incipiat
3258 3421 3360 3475 do-

1755 3502 1944 3555 minus
1974 3500 2145 3555 abbas
2178 3503 2243 3555 Te
2289 3504 2461 3556 Deum
2498 3506 2815 3558 laudamus.
2851 3506 2973 3570 Quo
3010 3506 3178 3575 dicto,
3210 3509 3362 3579 legat

1760 3590 2120 3660 Evangelium
2150 3592 2309 3645 Liber
2324 3595 2713 3658 generationis.
2737 3594 2897 3649 Dicta
2919 3596 3190 3663 oratione,
3224 3598 3361 3651 inci-

1758 3680 1878 3751 piat
1905 3685 2101 3733 cantor
2128 3678 2493 3750 antiphonam
2518 3681 2561 3735 0
2581 3683 2733 3735 beata
2758 3684 3028 3750 infantia.
3061 3685 3243 3748 Quam
3272 3702 3360 3740 ca-

1758 3775 1956 3823 nentes
1985 3773 2119 3827 cant
2159 3768 2231 3821 ad
2275 3768 2452 3822 altare
2483 3770 2698 3824 Sancta:
2740 3772 2947 3839 Mariae,
2995 3778 3052 3826 et
3088 3773 3165 3827 ibi
3186 3774 3361 3838 dictis

1758 3857 2050 3911 matutinis
2080 3857 2148 3911 de
2187 3857 2446 3911 omnibus
2478 3859 2715 3925 Sanctis,
2756 3860 2962 3914 vadant
3003 3862 3064 3915 in
3094 3862 3363 3918 dormito-

1757 3946 1924 4000 rium.
1956 3945 2168 4000 Deinde
2205 3947 2460 4016 pulsetur
2493 3964 2669 4001 unum
2697 3948 2765 4001 de
2812 3949 3117 4020 majoribus
3162 3951 3360 4022 signis,

1758 4035 1903 4089 sicut
1929 4034 2139 4105 pulsari
2186 4036 2325 4089 solet
2375 4035 2538 4089 skilla
2583 4036 2640 4089 in
2686 4036 2979 4091 duodecim
3026 4039 3361 4094 lectionibus

1758 4130 1885 4195 post
1930 4123 2257 4195 capitulum,
2308 4130 2440 4177 ante
2480 4124 2872 4180 matutinalcm
2922 4127 3173 4183 missam.
3205 4129 3361 4183 Tunc

1758 4214 1962 4266 fratres
1992 4213 2087 4283 qui
2117 4212 2187 4265 ad
2218 4212 2445 4265 missam
2492 4212 2759 4266 induendi
2788 4220 2921 4267 sunt
2948 4215 3157 4269 vadant
3183 4217 3254 4269 ad
3284 4217 3362 4271 lo-

1759 4318 1886 4355 cum
1915 4300 2302 4366 constitutum,
2334 4299 2430 4353 ubi
2474 4300 2548 4354 sit
2594 4301 2837 4371 optimus
2867 4302 3013 4372 ignis
3060 4320 3094 4357 a
3133 4304 3362 4359 famulis

128 4385 245 4444 Albis
267 4366 463 4459 dicant,
510 4392 761 4465 primum
803 4395 861 4445 et
896 4391 1204 4445 secundum
1234 4394 1570 4444 nocturnum
1608 4366 2053 4444 chcamerarii
2081 4393 2444 4460 praeparatus,
2476 4366 2712 4443 baccilia
2742 4387 2856 4461 (60)
2881 4366 3122 4463 quoque,
3155 4398 3212 4448 et
3247 4410 3366 4448 ma-

128 4482 217 4546 ipaa
236 4481 513 4536 Dominica
543 4483 703 4546 fiant,
730 4480 961 4535 tertium
990 4484 1047 4534 et
1072 4479 1364 4533 matutinae
1391 4478 1587 4532 laudes
1612 4477 1682 4531 de

128 4563 288 4634 Vigilia.
313 4570 446 4625 Post
482 4571 730 4642 primam
777 4569 1067 4623 collectam
1112 4566 1571 4622 commemoratio
1614 4566 1684 4619 de

126 4650 394 4727 Dominica;
442 4660 624 4713 missa
666 4656 1018 4712 matutinalis
1054 4655 1126 4710 de
1153 4656 1462 4721 Dominica,
1502 4655 1683 4724 major

128 4738 174 4793 de
196 4744 379 4815 Vigilia.
401 4748 534 4802 Alia
560 4763 692 4801 vero
720 4746 830 4811 die,
855 4745 1001 4799 sicut
1033 4744 1262 4816 privatis
1283 4743 1497 4811 diebus,
1521 4744 1680 4814 signa

126 4832 371 4896 pulsentur
394 4843 454 4891 et
478 4836 722 4908 triginta
758 4834 959 4906 psalmi
983 4835 1262 4889 dicantur.
1290 4832 1681 4888 Invitatorium

129 4918 211 4972 duo
236 4932 449 4992 canant,
482 4925 586 4980 sed
609 4941 724 4979 non
753 4924 813 4978 in
839 4923 1001 4977 albis.
1032 4922 1400 4992 Evangelium
1430 4938 1681 4993 pronun-

127 5008 274 5064 tietur.
297 5015 623 5086 Capitulum
648 5014 720 5067 ad
748 5018 1103 5068 nocturnum.
1132 5017 1189 5066 et
1207 5010 1385 5065 oratio
1407 5016 1465 5065 et
1489 5028 1683 5065 versus

128 5094 177 5147 de
214 5100 405 5170 vigilia.
441 5104 665 5158 Caetera
710 5102 854 5156 sicut
897 5099 1189 5156 retroactis
1226 5099 1441 5167 diebus,
1474 5100 1685 5155 scilicet

128 5183 327 5245 Oicinm
357 5199 739 5256 mortuorum,
764 5190 1055 5245 matutina:
1079 5190 1148 5244 de
1168 5189 1428 5244 omnibus
1453 5191 1678 5255 sanctis,

130 5272 321 5334 infantes
364 5281 423 5336 in
466 5281 865 5336 dormitorium
902 5280 1126 5343 vadant,
1169 5283 1228 5333 et
1271 5278 1331 5333 in
1376 5278 1684 5350 capitulum

128 5372 452 5428 revertantur.
485 5370 578 5423 Ad
611 5369 806 5424 laudes
831 5369 977 5423 sicut
1023 5368 1148 5422 aliis
1172 5366 1389 5433 diebus,
1432 5367 1685 5438 pulsetur

174 5470 260 5541 (60)
282 5476 591 5533 Baccilium
638 5477 782 5532 forte
822 5476 1016 5548 pelvis,
1049 5475 1344 5531 vernacule
1387 5477 1571 5529 bassin
1598 5475 1685 5529 vel

130 5538 290 5611 aqua.

1763 4478 2041 4549 nutergia,
2068 4483 2125 4532 et
2151 4494 2299 4548 aqua
2323 4477 2504 4531 calida
2540 4478 2612 4531 ad
2654 4478 2963 4533 abluendas
2992 4498 3213 4537 manus.
3246 4483 3366 4537 Hac

1767 4568 1886 4623 sola
1910 4567 2047 4633 vice,
2072 4573 2377 4637 antequam
2397 4567 2601 4633 lavent,
2627 4573 2858 4638 pectunt
2880 4569 3065 4640 capita
3091 4588 3227 4640 sua;
3253 4572 3365 4627 alio

1770 4655 1920 4709 enim
1946 4660 2202 4726 tempore
2238 4654 2395 4725 prius
2424 4655 2630 4721 lavant,
2664 4661 2859 4726 postea
2894 4658 3200 4728 pectinant.
3231 4661 3368 4717 Post

1761 4744 1878 4798 haec
1905 4749 2145 4816 pergant
2172 4743 2231 4797 in
2260 4743 2569 4809 ecclesiam,
2594 4749 2651 4798 ct
2673 4744 2820 4799 facta
2849 4747 3102 4802 oratione
3130 4749 3370 4804 induant

1763 4851 1823 4889 se
1868 4834 1938 4888 ad
1985 4832 2377 4887 celebrandam
2423 4832 2674 4887 missam.
2724 4834 2994 4890 Sacerdos
3041 4836 3364 4905 honorice,

1762 4924 1930 4979 levita
1972 4922 2294 4985 dalmatica,
2336 4921 2447 4975 duo
2491 4921 2818 4977 subdiaconi
2862 4925 3089 4994 tunicis,
3122 4944 3268 4983 unus
3296 4929 3369 4983 ad

1766 5013 2136 5084 prophetiam,
2157 5017 2213 5066 et
2232 5012 2374 5065 alter
2395 5011 2466 5064 ad
2488 5011 2814 5081 Epistolam,
2834 5014 2905 5067 ad
2925 5017 3361 5087 responsorium,

1766 5107 1824 5156 et
1854 5102 2097 5168 alleluia,
2132 5106 2269 5172 quot
2299 5105 2495 5154 cantor
2522 5102 2866 5172 praeceperit,
2902 5109 2959 5157 et
2986 5104 3044 5157 hi
3072 5104 3128 5157 in
3155 5104 3364 5176 cappis,

1765 5197 1881 5245 tres
1926 5190 2194 5254 conversi,
2236 5195 2352 5244 tres
2397 5194 2653 5244 cantores
2703 5189 2763 5243 in
2808 5191 2999 5258 choro,
3050 5198 3180 5247 ante
3228 5210 3367 5264 quos

1767 5280 1878 5334 duo
1913 5277 2249 5333 candelabra
2291 5295 2418 5333 cum
2464 5278 2641 5333 cereis
2680 5280 2944 5346 accensis,
2976 5280 3216 5335 infantes
3244 5298 3366 5336 om-

1767 5384 1886 5422 nes.
1947 5367 2212 5422 Pulsetur
2256 5367 2550 5422 classicum
2595 5365 2740 5438 (6|),
2794 5372 2851 5421 et
2895 5374 3026 5437 post
3075 5368 3369 5426 inchoatur

1839 5473 1951 5549 (61)
1983 5474 2287 5549 Classicum
2318 5474 2411 5528 hic
2436 5474 2679 5549 sumitur
2705 5472 2792 5549 vel
2815 5489 2916 5549 pro
2946 5474 3144 5549 ultimo
3180 5476 3365 5549 signo,

1767 5543 1857 5601 vel
1872 5563 1973 5617 pro
1992 5546 2197 5617 majori
2216 5562 2506 5617 campana,
2536 5544 2598 5599 in
2627 5543 2771 5600 turri
2797 5543 3043 5602 ecclesiae
3070 5543 3271 5621 posita.
