3852 6178
327 288 429 357 ibi

1310 303 1372 359 Β.
1432 298 1847 362 marmor
1886 294 2247 365 caurum.
2288 286 2625 370 momen

3499 321 3605 379 452

319 426 513 483 missa.
556 422 749 484 Gloria
786 428 852 483 in
881 428 1097 484 excelsis
1126 430 1252 497 Deo,
1286 434 1343 486 et
1382 434 1677 507 sequentia
1704 439 2115 503 canan-Auna
2146 440 2473 513 antiphoua,
2505 432 2675 499 Stella
2704 445 2831 499 ista.
2870 444 2938 501 In
2966 444 3215 503 crastino
3237 444 3310 503 ad
3336 432 3601 504 invitato-

320 522 436 571 ιω.
486 515 781 572 Celebrate
826 517 1017 585 missa,
1069 526 1271 576 exeant
1318 522 1577 579 sacerdos
1625 529 1683 577 et
1721 524 1816 597 qui
1853 520 1923 579 ad

321 605 554 661 missam
583 607 900 661 servierunt
929 610 987 661 et
1015 609 1108 679 qui
1140 609 1196 663 in
1237 608 1404 664 choro
1431 609 1589 678 albis,
1622 611 1711 666 vel
1737 612 1925 689 cappis

319 694 503 749 induti
528 694 777 749 fuerunt.
812 695 1025 760 Quibus
1053 697 1359 761 devestitis,
1393 703 1450 753 et
1486 697 1719 773 pulsatis
1745 700 1956 756 omni-‘

319 782 426 839 bus
467 783 662 854 signis,
712 788 943 838 cantent
990 786 1298 840 matutinas
1340 786 1455 859 (62)
1488 787 1757 858 (decretas
1790 790 1931 843 Lan-

318 871 519 940 franci)
560 872 772 928 laudes.
824 872 921 927 His
964 873 1043 928 ita
1087 876 1340 945 expletis,
1386 872 1644 950 factaque
1683 894 1928 933 comme-

325 961 641 1015 moratione
669 961 738 1015 de
770 968 962 1017 sancta
1003 965 1319 1023 Anastasia,
1357 969 1414 1018 et
1450 965 1612 1019 dictis
1643 965 1931 1023 familiari-

321 1048 427 1104 bus
467 1049 713 1120 psalmis,
744 1056 1101 1106 revertantur
1128 1052 1196 1106 ad
1228 1057 1424 1107 strata.
1469 1054 1789 1127 Apparente
1834 1069 1931 1111 au‘

318 1142 439 1193 tem
482 1138 607 1191 luce
649 1138 921 1209 pulsetur,
966 1147 1030 1194 ut
1077 1154 1265 1213 supra,
1296 1159 1471 1199 unum
1504 1143 1572 1197 de
1619 1143 1925 1215 majoribus

322 1226 517 1297 signis.
553 1227 675 1290 Quo
720 1228 930 1293 audito,
966 1230 1219 1303 expedite
1273 1236 1567 1303 surgentes
1616 1249 1830 1297 omnes,
1872 1239 1929 1287 et

322 1316 507 1371 abluti
528 1332 731 1370 manus
755 1321 812 1370 et
830 1317 1018 1384 facies,
1044 1318 1139 1388 qui
1163 1319 1233 1373 ad
1256 1320 1483 1375 missam
1506 1320 1777 1378 induendi
1798 1328 1931 1379 sunt

321 1403 553 1459 veniant
578 1405 637 1458 in
668 1405 999 1471 oratorium,
1026 1406 1284 1480 factaque
1314 1408 1567 1463 oratione
1599 1410 1925 1477 induantur,

324 1492 473 1547 sicut
495 1493 565 1548 ad
607 1495 851 1565 priorem
888 1494 1138 1549 missam.
1175 1496 1261 1550 Ad
1293 1514 1462 1569 quam
1493 1498 1745 1564 missam,
1776 1504 1931 1553 ante-

324 1599 497 1653 quam
521 1584 841 1657 incipiatur,
864 1585 1120 1656 pulsetur
1146 1584 1459 1641 classicum.
1487 1587 1719 1659 Expleta
1738 1593 1928 1641 autem

322 1672 517 1737 missa,
558 1673 767 1727 vadant
791 1674 849 1727 in
880 1674 1275 1728 dormitorium
1307 1676 1556 1730 calceare‘
1582 1693 1642 1730 se
1669 1694 1682 1744 ;
1731 1683 1929 1746 postea

321 1760 486 1817 solito
514 1778 670 1815 more
726 1762 846 1826 loti,
880 1768 935 1816 et
978 1763 1120 1834 pexi,
1153 1763 1363 1820 faciant
1410 1765 1468 1818 in
1510 1765 1758 1820 oratorio
1806 1755 1987 1821 ονε-Β

321 1850 505 1905 tiones
525 1856 641 1904 tres
660 1850 854 1905 solitas
877 1869 889 1916 ;
922 1848 1071 1905 dicta
1088 1853 1277 1918 tertia,
1309 1870 1501 1908 omnes
1523 1853 1706 1908 induti
1735 1852 1926 1927 cappis

321 1937 532 1994 faciant
574 1938 1005 2017 processionem.
1061 1940 1148 1994 Ad
1200 1958 1367 2016 quam
1426 1941 1652 1999 tertiam
1708 1941 1928 1996 dicatur

323 2027 636 2101 antiphona
660 2029 828 2082 Hodie
868 2030 1079 2082 intacta
1111 2032 1283 2097 virgo.
1318 2031 1457 2089 Cum
1491 2037 1682 2089 autem
1710 2031 1933 2085 venitur

323 2116 398 2170 ad
424 2116 609 2170 locum
646 2114 742 2170 ubi
773 2114 980 2170 dicitur
1013 2120 1195 2186 ipsum
1228 2120 1538 2186 adoremus,
1571 2120 1641 2173 ab
1670 2118 1930 2174 omnibus

322 2205 484 2261 ﬂexis
512 2204 581 2259 ad
612 2210 823 2259 terram
851 2205 1090 2276 genibus
1119 2207 1483 2279 supplicetur,
1518 2214 1576 2262 et
1610 2208 1716 2262 hoc
1752 2225 1931 2262 serve-

320 2298 421 2348 tur
440 2295 881 2364 quotiescunque
911 2293 1176 2365 praedicta
1217 2296 1528 2369 antiphona
1554 2295 1613 2350 in
1645 2302 1927 2352 monaste-

320 2381 408 2438 rio
438 2389 717 2437 cantatur.

392 2470 530 2526 Tres
551 2478 850 2542 sequentes
880 2470 1227 2536 festivitates,
1256 2472 1313 2528 id
1343 2478 1429 2527 est
1456 2472 1605 2527 beati
1634 2472 1923 2547 Stephani,

320 2560 557 2616 Joannis
603 2561 860 2632 apostoli,
893 2566 1214 2615 sanctorum
1245 2561 1653 2628 Innocentium,
1688 2580 1801 2617 uno
1839 2580 1929 2619 eo-

322 2650 453 2705 dem
483 2650 650 2704 modo
680 2650 1051 2704 celebrentur.
1086 2650 1330 2707 Ecclesia
1375 2650 1462 2706 his
1503 2650 1681 2709 tribus
1710 2651 1925 2718 diebus,

319 2739 470 2793 sicut
512 2738 571 2793 in
608 2738 699 2793 die
748 2738 1051 2793 Dominica:
1099 2739 1441 2805 Nativitatis,
1473 2746 1674 2795 ornata
1702 2757 1929 2812 perma-

324 2833 477 2882 neat.
498 2826 802 2883 Pulsentur
821 2828 999 2900 signa,
1026 2828 1404 2883 accendantur
1423 2828 1743 2893 luminaria,
1766 2846 1929 2900 agan~

319 2920 418 2971 tur
435 2923 638 2972 caetera
666 2917 872 2980 omnia,
898 2917 1043 2971 sicut
1071 2916 1128 2971 in
1154 2916 1280 2973 aliis
1311 2917 1625 2989 duplicibus
1655 2923 1712 2972 et
1739 2935 1934 2972 secun-

2006 530 2154 589 rium
2184 534 2297 585 tres
2326 529 2383 584 in
2413 532 2622 603 cappis.
2651 532 2935 591 Pracessio
2961 549 3075 591 non
3110 538 3312 606 agatur
3338 534 3463 606 ipsa
3489 535 3604 603 die,

2008 618 2115 677 nisi
2140 619 2259 674 dies
2284 619 2576 677 Dominica
2612 621 2702 677 sit.
2744 622 2900 678 Tunc
2935 622 3084 679 enim
3115 623 3181 678 ﬁt
3205 623 3266 678 in
3294 622 3437 679 albis
3472 629 3609 678 ante

2009 710 2235 764 tertiam
2257 724 2357 779 per
2372 707 2702 773 claustrum,
2718 711 3006 766 sacerdote
3026 717 3195 769 eunte
3210 727 3310 785 per
3330 710 3611 781 ofﬁcinas,

2010 799 2155 859 sicut
2182 818 2307 859 mos
2328 809 2413 859 est
2438 800 2743 858 Dominicis
2767 799 2981 856 diebus.
3014 800 3102 855 Ad
3131 816 3391 873 vesperas
3420 800 3612 855 dican-

2009 894 2106 946 tur
2128 891 2466 961 antiphonaz,
2496 895 2553 943 et
2580 888 2784 961 psalmi
2813 904 2993 958 usque
3010 887 3082 942 ad
3109 889 3440 959 capitulum,
3463 889 3614 943 sicut

2014 978 2075 1035 in
2130 978 2221 1035 die
2274 980 2618 1036 Nativitatis.
2660 978 2872 1033 Ultima
2907 980 3232 1035 octavarum
3266 976 3357 1032 die
3403 984 3615 1053 agatur

2012 1072 2193 1125 totum
2221 1068 2511 1127 servitium
2537 1066 2715 1123 noctis
2743 1066 2815 1121 de
2840 1066 2981 1141 ipsis
3006 1065 3237 1131 octavis,
3261 1083 3614 1123 commemo-

2009 1155 2157 1213 ratio
2173 1161 2395 1215 tantum
2416 1156 2485 1211 de
2505 1160 2697 1213 sancto
2718 1154 2950 1221 Hilario,
2974 1159 3032 1209 et
3057 1154 3231 1211 missa
3257 1154 3614 1212 matutinalis

2008 1261 2250 1317 vesperae
2282 1245 2568 1317 usque-ad
2596 1243 2923 1317 capitulum,
2956 1243 3099 1303 sicut
3127 1243 3218 1301 die
3246 1243 3607 1315 Epiphaniae.

2080 1334 2217 1389 Post
2259 1340 2513 1391 octavam
2558 1332 2709 1389 diem
2761 1331 3109 1405 Epiphania,
3144 1331 3483 1387 inchoentur
3516 1349 3614 1387 re-

2011 1422 2304 1497 sponsoria
2350 1422 2419 1475 de
2467 1420 2718 1497 psalmis.
2757 1418 3079 1478 Psalmodia
3124 1436 3274 1485 vero,
3314 1425 3373 1477 et
3406 1426 3621 1477 caetera.

2012 1510 2203 1568 omnia
2229 1515 2475 1581 agantur
2498 1514 2662 1567 nocte
2692 1525 2756 1563 ac
2781 1508 2895 1574 die,
2919 1512 3108 1575 ωδε
3127 1507 3274 1564 sicut
3301 1514 3432 1565 ante
3453 1509 3613 1565 Nati-

2010 1598 2239 1655 vitatem
2250 1644 2265 1656 .

2082 1688 2287 1759 Vigilia
2320 1687 2731 1745 Puriﬁcationis
2769 1693 2974 1747 sanctae
3012 1687 3202 1745 Maria;
3238 1687 3497 1744 dicantur
3534 1688 3609 1743 ad

2009 1793 2266 1848 vesperas
2298 1778 2618 1853 autiphonae
2645 1779 2686 1834 0
2706 1780 3059 1844 admirabile,
3082 1783 3140 1832 et
3164 1778 3430 1851 reliquae;
3461 1778 3611 1852 psal-

2009 1866 2086 1921 mi
2113 1867 2183 1925 de
2202 1867 2326 1939 ipsa
2350 1867 2507 1931 feria,
2531 1867 2836 1939 capitulum
2859 1868 2987 1923 Ecce
3013 1884 3103 1935 ego
3134 1871 3293 1922 mitto
3317 1870 3609 1937 angelum.

2010 1954 2078 2010 In
2106 1956 2373 2019 crastino,
2393 1956 2613 2012 cantica
2632 1954 2869 2025 Populus
2899 1959 2998 2025 qui
3015 1957 3365 2011 ambulabat.
3382 1955 3471 2015 Ad
3498 1962 3616 2013 ter-

2010 2044 2150 2101 tiam
2179 2045 2296 2100 sint
2321 2044 2547 2103 omnino
2576 2043 2719 2101 albis
2743 2043 2962 2111 induti;
2991 2044 3143 2099 dicta
3167 2044 3340 2101 tertia
3364 2050 3618 2116 ponatur

2011 2139 2143 2191 ante
2171 2134 2350 2191 altare
2380 2138 2657 2207 tapetum,
2700 2132 2796 2188 ubi
2823 2150 2997 2206 supra
3022 2139 3308 2204 ponantur
3342 2134 3619 2199 candelae,

2012 2240 2153 2294 quas
2190 2222 2485 2279 benedicat
2510 2222 2793 2289 sacerdos,
2819 2239 2968 2295 aqua
3003 2223 3299 2279 benedicta
3326 2231 3616 2297 aspergat,

2012 2317 2070 2366 et
2094 2312 2365 2379 incenset,
2394 2310 2524 2367 alba
2544 2318 2599 2367 et
2628 2312 2777 2367 stola
2798 2310 3051 2369 indutus.
3079 2312 3285 2369 Postea
3309 2317 3499 2367 custos
3525 2312 3617 2366 di-

2010 2400 2163 2457 vidat
2199 2416 2314 2465 eas,
2635 2400 2886 2471 singulas
2912 2399 3187 2457 tribuens.
3234 2401 3381 2457 Cum
3419 2406 3617 2456 autem

2009 2489 2283 2560 coeperint
2320 2489 2572 2554 aceendi,
2601 2494 2797 2547 cantur
2822 2488 3051 2560 incipiat
3080 2489 3450 2565 autiphouam
3497 2491 3615 2545 ιυ-

2010 2594 2136 2631 men
2164 2579 2238 2632 ad
2283 2580 2706 2633 reuelationem!
2764 2577 2889 2641 Qua
2917 2576 3067 2635 dicta
3105 2584 3163 2633 et
3198 2595 3323 2635 cum
3361 2577 3625 2635 versibus

2010 2665 2213 2723 cantici
2262 2666 2425 2720 Nunc
2476 2667 2716 2729 dimitis,
2764 2670 3038 2736 quantum
3075 2670 3274 2725 cantor
3309 2667 3449 2723 satis
3491 2683 3623 2723 esse

2011 2755 2378 2825 perspexerit,
2410 2754 2675 2826 repetita,
2699 2759 2899 2811 exeant
2923 2756 2993 2810 ad
3023 2755 3459 2827 processionem,
3477 2772 3621 2813 cur-

2017 2848 2139 2899 tore
2163 2843 2465 2915 incipiente
2494 2843 2880 2915 antiphonam.
2903 2844 3032 2908 Ave,
3055 2848 3265 2917 gratia,
3296 2850 3356 2901 et
3381 2844 3545 2910 alias,
3568 2844 3622 2901 si

2015 2949 2240 2991 necesse
2274 2931 2464 2997 fuerit,
2497 2948 2598 3003 per
2638 2933 2887 3003 maiores
2927 2933 3257 2991 monasterii
3290 2938 3481 3007 portas
3522 2933 3621 2989 in-

312 3005 407 3060 dze
435 3006 724 3077 dignitatis
752 3005 1169 3071 festivitatibus,
1203 3005 1271 3062 de
1303 3006 1505 3081 quibus
1540 3007 1819 3079 posterius
1848 3004 1985 3092 di-C
2013 3025 2256 3085 uocant.
2291 3026 2424 3077 ante
2465 3020 2806 3079 cruciﬁxum
2841 3020 3149 3079 stationem,
3403 3040 3421 3089 ;η
3449 3021 3621 3076 anno

319 3095 561 3150 cendum
607 3101 708 3149 est.
743 3095 829 3148 Ad
857 3111 1115 3166 vesperas
1162 3112 1331 3167 super
1360 3097 1603 3167 psalmos
1633 3096 1925 3169 imponant

320 3184 658 3255 antiphonas
688 3184 756 3239 de
808 3184 944 3256 ipsis
987 3183 1405 3251 festivitatibus,
1449 3185 1650 3255 quibus
1690 3191 1747 3239 et
1784 3203 1923 3259 quas

318 3276 519 3325 cantor
571 3271 918 3342 praeceperit.
967 3272 1287 3325 Transactis
1344 3272 1539 3343 primis
1594 3272 1810 3338 diebus,
1856 3274 1924 3326 de

317 3359 460 3430 ipsis
482 3358 879 3413 festivitatibus
908 3359 1062 3412 nulla
1087 3360 1546 3415 commemoratio
1576 3361 1694 3425 fiat,
1729 3362 1837 3414 nisi
1864 3363 1925 3419 in

320 3447 587 3502 e'xtremis
615 3448 864 3518 ipsarum
887 3447 1251 3502 festivitatum
1271 3447 1468 3503 diebus
1492 3468 1505 3516 ;
1539 3461 1673 3505 tunc
1700 3455 1923 3505 tantum

319 3542 441 3590 tres
464 3535 730 3590 lectiones
769 3535 1067 3605 ﬂant._Per
1106 3542 1284 3590 totam
1312 3535 1725 3595 hebdomadam
1755 3538 1927 3595 missa

320 3624 694 3688 matutinalis,
723 3626 868 3677 Puer
897 3629 1061 3677 natus
1084 3644 1100 3687 ;
1136 3624 1334 3695 major,
1366 3623 1424 3679 in
1454 3624 1651 3696 quinta
1681 3624 1789 3691 die,
1819 3628 1923 3680 Do-

321 3714 519 3766 minus
541 3712 726 3776 dixit;
779 3712 837 3765 in
877 3711 1142 3775 crastino,
1174 3712 1439 3766 introitus
1469 3716 1612 3766 Puer
1643 3719 1827 3779 natus,
1870 3721 1927 3769 et

324 3800 475 3873 quod
496 3800 753 3871 sequitur
773 3800 842 3853 de
864 3803 982 3854 Lur-
1007 3800 1259 3869 fulgebit.
1288 3801 1359 3854 Ili
1385 3802 1495 3854 duo
1516 3801 1635 3855 dies
1660 3808 1919 3873 agantur,

321 3888 469 3944 sicut
497 3889 554 3942 in
572 3889 801 3960 privatis
823 3889 1114 3943 duodecim
1138 3888 1491 3955 lectionibus,
1512 3888 1621 3945 nisi
1643 3891 1789 3962 quod
1811 3897 1925 3946 tres

319 3977 589 4032 lectiones
620 3978 778 4031 fiant.
802 3978 1248 4032 Pronuntientur
1275 3978 1516 4033 vicissim
1548 3980 1606 4034 in
1635 3980 1715 4034 eis
1745 3981 1925 4034 Evan-

319 4066 471 4138 gelia
501 4065 804 4121 Dominicze
854 4065 1194 4120 Nativitatis.
1247 4067 1540 4121 Festivitas
1578 4068 1759 4123 sancti
1798 4070 1925 4140 Syl-

318 4156 494 4210 vestri‘
513 4159 715 4226 agatur
737 4155 883 4209 sicut
898 4155 1116 4226 privata
1136 4154 1403 4209 festivitas
1425 4156 1717 4210 duodecim
1738 4156 1926 4213 lectio-

2007 3116 2178 3167 cantu
2217 3126 2387 3180 quem
2429 3107 2792 3180 inemperant.
2825 3116 3056 3167 cantare
3095 3110 3287 3167 statim
3310 3110 3621 3184 incipiente

2007 3200 2376 3270 antiphonam
2406 3199 2544 3255 Cum
2571 3200 2916 3264 inducerent,
2948 3205 3213 3257 canentes
3250 3200 3482 3255 chorum
3519 3200 3618 3255 in-

2005 3293 2177 3352 trent,
2210 3288 2504 3360 pulsentur
2543 3286 2724 3357 signa,
2759 3292 2817 3343 et
2856 3288 3089 3345 missam
3130 3288 3437 3347 celebrent.
3475 3288 3622 3345 Post

2006 3377 2372 3433 refectionem
2396 3376 2457 3434 in
2475 3375 2725 3431 claustro
2744 3376 2997 3442 sedeant,
3022 3378 3205 3433 donec.
3223 3377 3520 3433 servitores
3542 3377 3629 3433 de

2005 3465 2305 3525 refectorio
2342 3470 2568 3522 exeant.
2608 3464 2717 3529 Qui
2760 3482 2890 3523 cum
2918 3466 3183 3532 exierint,
3220 3471 3279 3521 et
3322 3472 3619 3539 monaste-

2005 3554 2156 3613 rium
2184 3554 2422 3625 ingressi
2449 3553 2682 3621 fuerint,
2724 3554 3020 3627 pulsentur
3047 3556 3159 3611 duo
3190 3556 3409 3625 maiora
3447 3554 3624 3627 signa.

2008 3648 2066 3696 et
2093 3649 2329 3699 canatur
2367 3659 2535 3701 nona.
2567 3642 2692 3707 Qua
2715 3649 2942 3699 cantata
2967 3649 3129 3700 exeat
3153 3643 3329 3717 prior,
3358 3649 3416 3697 et
3448 3648 3623 3699 sonet

2007 3732 2346 3804 cymbalum,
2381 3738 2440 3787 et
2478 3736 2677 3804 postea
2703 3733 2911 3789 vadunt
2938 3733 2997 3788 in
3025 3732 3405 3788 refectorium.
3446 3732 3615 3791 Hanc

2006 3821 2470 3878 consuetudinem
2502 3820 2749 3877 habeant
2774 3838 2957 3893 usque
2979 3811 3051 3875 ad
3076 3821 3435 3877 Dominicam
3456 3821 3619 3877 Psal-

2008 3926 2247 3974 marum,
2281 3909 2523 3982 exceptis
2545 3910 2898 3980 jejuniorum
2924 3910 3141 3965 diebus.
3164 3911 3283 3965 Hoc
3302 3910 3394 3964 die
3419 3910 3621 3966 incho-

2007 3999 2187 4053 andus
2207 4004 2293 4053 est
2313 3999 2560 4070 psalmus
2579 4000 2661 4054 Ad
2678 4001 2998 4061 Dominum,
3017 4016 3146 4054 cum
3162 4002 3485 4063 tribularer,
3509 3999 3623 4068 qui

2007 4104 2108 4157 pro
2139 4087 2344 4156 Vigilia
2380 4087 2732 4140 Mortuorum
2760 4087 3029 4141 dicendus
3071 4094 3159 4143 est
3185 4102 3364 4158 usque
3388 4087 3461 4143 ad
3488 4088 3619 4142 Ka-

2007 4175 2202 4231 lendas
2229 4174 2580 4231 Novembris.
2604 4175 2692 4233 Ad
2720 4191 2980 4247 vesperas
3008 4175 3375 4248 antiphonam
3413 4177 3612 4231 Tecum

317 4259 477 4298 num.
504 4244 759 4299 Tertium
790 4248 1152 4313 nocturnum,
1183 4250 1239 4299 et
1283 4244 1477 4301 laudes
1520 4245 1589 4303 de
1635 4246 1926 4301 Dominica
1999 4267 2381 4334 principium,
2416 4263 2699 4337 Psalmum
2908 4244 3199 4334 Dominis,
3238 4264 3619 4337 δηιίρὴοωιη

318 4330 660 4397 Nativitate;
705 4330 949 4386 officium
978 4334 1125 4387 Dum
1167 4334 1413 4387 medium
1448 4334 1763 4400 silentium,
1794 4340 1904 4387 ante

318 4419 689 4448 π-ζκῑιη-Αζιηρκ
744 4419 962 4448 ,ηιμ-ειη..
1018 4419 1379 4448 ρξηηηννιηιηζλ
1410 4421 1632 4448 humi“:
1678 4421 1888 4448 ΛΑΙΛῑηυ.

2059 4330 2460 4422 admirationem,
2525 4352 2808 4426 psalmum
2862 4330 3193 4419 Conﬁtebar,
3235 4330 3627 4425 antiphonan.

317 4419 712 4491 Epiphaniam,
743 4419 987 4483 dicatur.
1018 4419 1380 4474 Circumcisio
1410 4421 1635 4474 Domini
1675 4421 1921 4476 celebre-

318 4514 436 4573 tur,
465 4508 611 4562 sicut
636 4524 751 4561 una
779 4509 847 4561 de
878 4508 1058 4579 tribus
1097 4508 1477 4580 superioribus
1505 4508 1917 4579 festivitatibus,

320 4602 551 4671 excepto
600 4597 749 4667 quod
790 4597 920 4650 aula
969 4598 1295 4657 monasterii
1335 4614 1446 4652 non
1495 4603 1748 4666 ornatur,
1798 4617 1921 4675 quae

320 4684 522 4755 quinta
548 4683 850 4738 Dominica;
878 4684 1200 4738 Nativitatis
1228 4685 1317 4743 die
1345 4686 1621 4759 disparari
1649 4687 1835 4742 debet.

393 4772 460 4828 In
503 4770 747 4827 crastino
787 4779 915 4845 post
956 4773 1436 4829 circumcisionem
1487 4776 1729 4845 Domini,
1784 4776 1922 4833 inci-

319 4861 482 4934 piant
505 4862 693 4933 legere
715 4861 991 4933 Epistolas
1014 4864 1069 4917 S.
1091 4863 1272 4919 Pauli.
1295 4864 1430 4921 Post
1453 4868 1730 4923 nocturna
1750 4870 1924 4939 agant

320 4949 505 5007 oﬂicia
526 4946 897 5016 Mortuorum,
929 4954 1125 5022 postea
1151 4952 1406 5024 pulsetur
1428 4953 1671 5024 signum,
1696 4960 1925 5009 cantent

317 5038 632 5096 matutinas
658 5040 871 5101 laudes,
895 5045 951 5093 et
971 5040 1276 5095 matutinas
1298 5041 1367 5095 de
1393 5042 1653 5096 omnibus
1680 5043 1917 5099 Sanctis.

316 5130 521 5185 Postea
536 5134 892 5183 revertantur
908 5128 977 5182 ad
994 5130 1183 5183 lectas.
1204 5129 1321 5184 Hoc
1341 5131 1506 5184 modo
1523 5137 1725 5203 agatur
1743 5149 1920 5204 usque

316 5218 393 5273 ad
404 5223 633 5273 octavas
643 5216 989 5290 Epiphaniae,
1013 5217 1124 5272 nisi
1142 5216 1313 5273 fuerit
1331 5218 1601 5277 festivitas
1622 5220 1917 5277 duodecim

316 5308 620 5363 lectionum
631 5350 643 5363 .

388 5393 455 5449 Pn
493 5391 685 5464 vigilia
713 5386 1036 5464 Epiphanite
1066 5402 1187 5447 non
1219 5392 1540 5463 jej'unetur;
1574 5390 1815 5449 cilicium
1848 5390 1921 5448 ad

316 5482 550 5541 missam
590 5483 990 5553 mrﬁllgebit;
1044 5482 1117 5557 ad
1159 5496 1419 5553 vesperae
1452 5494 1624 5554 super
1652 5484 1915 5557 psalmos,

392 5569 503 5641 (62)
530 5569 611 5639 Κ,
636 5568 855 5641 adjecta
881 5566 1143 5626 videntur
1170 5570 1286 5626 haec
1310 5570 1421 5626 duo
1447 5571 1634 5627 verba.

2005 4440 2274 4497 Emortum
2321 4446 2419 4505 est,
2450 4440 2729 4513 psalmum
2766 4443 2962 4499 Beatus
2995 4444 3108 4509 vir,
3134 4440 3503 4512 antiphonam
3532 4444 3629 4498 De.

2003 4528 2223 4595 fructu,
2246 4529 2529 4600 psalmum
2555 4531 2822 4587 Memento
2838 4573 2850 4586 .
2884 4529 3125 4585 Privatis
3148 4529 3347 4586 diebus
3371 4535 3502 4601 post
3518 4547 3623 4585 ve-

2002 4632 2197 4687 speras
2226 4623 2401 4689 agant
2433 4617 2690 4689 Vigiliam
2722 4619 3094 4685 Mortuorum,
3124 4617 3235 4675 nisi
3261 4618 3322 4672 in
3356 4619 3627 4675 crastino

1974 4698 2075 4761 ‘sit
2109 4705 2381 4764 festivitas
2416 4706 2711 4763 duodecim
2766 4707 3092 4767 lectionum.
3128 4708 3264 4763 Post
3324 4712 3619 4763 nocturna

2003 4810 2181 4871 usque
2200 4795 2272 4849 ad
2300 4795 2554 4869 quintam
2587 4793 2786 4851 feriam
2806 4802 2939 4855 ante
2960 4796 3207 4863 Pascha,
3224 4795 3457 4868 privatis
3478 4796 3619 4852 die-

2003 4883 2129 4949 bus,
2161 4884 2352 4940 dicant
2377 4884 2574 4940 solitos
2603 4885 2744 4941 duos
2784 4886 3051 4957 psalmos,
3088 4902 3221 4941 cum
3250 4884 3507 4958 precibus
3549 4892 3620 4942 et;

2003 4972 2261 5039 collecta;
2296 4979 2495 5046 postea.
2508 4973 2877 5029 Exsultabunt
2896 4977 3151 5031 Domino.
3169 4974 3389 5031 Dehinc
3412 4979 3617 5030 matu-

2001 5060 2152 5119 tinas
2179 5062 2249 5117 de
2276 5061 2535 5119 omnibus
2565 5062 2806 5130 Sanctis,
2830 5063 3049 5134 reliqua
3074 5063 3267 5120 omnia
3291 5062 3437 5119 sicut
3467 5069 3620 5121 ante

2002 5150 2368 5207 Nativitatem
2394 5151 2648 5209 Domini.

2093 5277 2299 5331 Sermo
2320 5276 2420 5331 Illi.
2445 5304 2510 5321 --
2536 5279 2576 5332 A
2610 5275 3022 5347 Septuagestha
3048 5280 3129 5333 ad
3150 5278 3501 5333 Bomim'cam

2650 5369 2947 5421 Passionis.

2070 5483 2365 5540 Dominica
2407 5484 2591 5558 prima
2637 5478 3076 5559 Septuagest
3104 5486 3335 5543 alteluia
3376 5502 3442 5541 ex
3478 5489 3621 5544 toto

1978 5616 1981 5621 .
2001 5572 2350 5645 dimittatur;
2373 5574 2493 5630 loco
2511 5577 2743 5631 alleluia
2758 5591 2859 5647 per
2877 5575 3126 5647 singulas
3141 5577 3309 5631 horas
3327 5579 3450 5631 laus
3474 5574 3617 5643 tibi,
