3852 6178
415 313 520 371 455

1431 310 1494 364 Β.
1526 311 1937 367 LANFRANCI
1966 312 2325 368 CANTUAR.
2356 313 2691 369 ARCHIEP.

3546 324 3637 382 456

424 443 617 498 lectos.
633 440 769 494 Post
799 437 1059 509 primam,
1095 434 1257 489 dictis
1285 435 1569 491 consuetis
1592 438 1824 508 psalmis
1846 436 2011 492 fami-
2026 436 2239 498 Aduas
2262 453 2493 506 cruces;
2530 442 2669 492 item
2689 437 2801 492 duo
2829 452 2959 491 cum
2986 436 3201 493 duobus
3229 442 3549 502 candelabris
3567 466 3645 504 ac-

422 528 675 591 liaribus,
722 540 850 580 cum
898 522 1175 593 capitulis,
1209 527 1267 576 et
1294 523 1538 577 collectis
1583 524 1719 590 suis,
1759 524 2017 579 dicantur

424 623 636 689 septem
656 611 855 685 psalmi
872 628 999 667 cum
1020 611 1235 665 litania.
1255 612 1363 664 Per
1381 611 1631 682 singulas
1650 613 1818 667 horas
1838 630 2016 684 usque

427 706 499 759 ad
526 718 804 774 vesperas,
853 718 889 754 a
915 701 1097 771 prima
1126 699 1472 769 incipientes,
1522 700 1713 755 dicant
1735 702 2016 772 psalmum

428 796 649 848 Inclina
662 792 912 856 Domine,
934 805 1035 860 pro
1056 788 1144 842 his
1158 805 1297 859 quos
1315 790 1582 859 prostrati
1611 790 1814 844 dicturi
1835 796 2015 845 erant.

431 883 567 936 Post
610 878 916 950 capitulum
962 876 1196 931 sedeant
1231 876 1289 929 in
1335 877 1577 931 claustro
1618 894 1745 932 cum
1772 878 2015 945 silentio,

433 988 611 1043 usque
641 971 775 1024 dum
803 968 1058 1040 pulsetur
1084 966 1309 1035 signum
1352 966 1423 1019 ad
1461 967 1725 1033 tertium;
1777 967 2020 1022 infantes

432 1077 655 1133 quoque
670 1064 799 1131 post
824 1056 1131 1127 capitulum
1151 1071 1337 1120 suum,
1378 1054 1779 1110 descendentes
1799 1057 1868 1110 de
1896 1056 2021 1110 dor-

432 1149 678 1215 mitorio,
728 1149 834 1202 hoc
886 1144 1177 1199 intervallo
1221 1142 1281 1196 in
1326 1144 1516 1197 schola
1559 1161 1663 1198 sua
1704 1145 1938 1199 sedeant
1964 1151 2022 1200 et

430 1241 641 1311 legant.
696 1238 897 1291 Totam
951 1234 1100 1287 diem
1149 1232 1477 1286 solemniter
1522 1239 1712 1302 agant,
1762 1238 2019 1304 utraeque

430 1329 617 1383 missae
642 1327 714 1380 ad
750 1324 935 1393 majus
959 1323 1136 1376 altare
1160 1319 1532 1375 celebrentur.
1561 1322 1643 1374 Ad
1676 1321 1905 1375 missam
1930 1323 2019 1391 je-

426 1418 574 1490 junii
589 1432 692 1471 nec
710 1413 907 1468 litania
929 1410 1325 1483 praamittatur,
1342 1427 1446 1464 nec
1469 1410 1539 1463 ad
1553 1427 1824 1465 canonem
1849 1427 2021 1482 supra

430 1508 637 1563 formas
655 1507 981 1559 curventur.
1018 1499 1103 1553 Ad
1133 1515 1412 1569 vesperas,
1445 1499 1553 1552 nisi
1587 1500 1646 1553 in
1671 1500 1916 1553 crastino
1944 1500 2020 1553 sit

428 1594 701 1650 festivitas
733 1588 1026 1645 duodecim
1074 1586 1399 1647 lectionum,
1431 1586 1580 1640 inter
1624 1586 1785 1657 signa
1828 1588 2019 1642 dicant

2096 526 2277 580 censis
2304 527 2545 598 desuper
2577 526 2774 590 cereis,
2814 526 2910 580 alii
2939 527 3050 581 duo
3095 527 3331 585 ferentes
3357 533 3460 588 duo
3481 536 3648 591 thuri-

2096 613 2228 669 bula
2257 615 2385 686 igne
2411 623 2468 670 et
2494 616 2662 671 thure
2695 615 2921 671 referta.
2968 616 3127 680 Quod
3154 619 3282 673 thus
3309 620 3367 674 in
3393 623 3648 681 thuribulo

2100 702 2266 757 debet
2297 721 2524 775 ponere,
2560 705 2648 759 vel
2691 704 2863 759 abbas
2912 705 2961 759 si
2991 705 3052 759 in
3081 706 3246 761 choro
3273 714 3372 773 est,
3401 715 3651 768 conversis

2100 791 2419 858 thuribulis,
2453 798 2510 847 et
2537 794 2784 848 arculam
2810 790 2918 862 (63)
2950 810 3079 848 cum
3096 795 3261 849 thure
3287 796 3650 869 deferentibus;

2101 880 2186 933 vel
2206 880 2324 951 ipse
2352 886 2567 944 cantor,
2602 881 2650 935 si
2678 881 2848 937 abbas
2875 883 3055 936 deest.
3069 883 3202 953 Ipse
3225 884 3371 939 enim
3397 886 3656 945 distribuit

2104 985 2226 1038 quae
2257 970 2533 1039 portanda
2559 976 2711 1035 sunt,
2742 977 2800 1024 et
2826 971 3234 1041 processionem
3279 974 3512 1041 ordinat,
3555 978 3656 1033 Hos

2102 1064 2413 1128 sequantur
2452 1059 2565 1113 duo
2611 1058 2937 1113 subdiaconi
2983 1065 3273 1130 portantes
3320 1062 3453 1117 duos
3495 1069 3658 1121 textus

2103 1146 2549 1216 Evangeliorum.
2581 1148 2716 1201 Post
2744 1164 2883 1218 quos
2909 1148 3033 1201 laici
3063 1149 3339 1215 monachi,
3372 1151 3560 1207 deinde
3584 1154 3662 1208 in-

2095 1232 2281 1288 fantes
2312 1251 2440 1289 cum
2462 1234 2762 1306 magistris.
2794 1235 2928 1307 Post
2956 1253 3095 1307 quos
3114 1238 3301 1292 caeteri
3324 1238 3517 1294 fratres
3540 1259 3661 1312 prae-

2100 1323 2361 1377 cedentes
2387 1323 2648 1378 abbatem
2683 1324 2779 1395 qui
2798 1324 3030 1381 ultimus
3053 1326 3328 1398 procedit,
3341 1328 3448 1382 duo
3467 1334 3523 1383 et
3546 1330 3661 1391 duo,

2100 1410 2244 1465 sicut
2271 1416 2404 1465 sunt
2428 1412 2662 1482 priores.
2904 1468 2909 1473 ,

2170 1501 2300 1555 Hzec
2346 1506 2479 1555 sunt
2524 1518 2646 1572 qua:
2678 1502 2746 1556 ad
2799 1503 2944 1558 hanc
2972 1505 3385 1574 processionem
3411 1508 3668 1563 cantanda

2098 1594 2249 1654 sunt,
2278 1590 2364 1643 vel
2391 1591 2599 1655 omnia,
2647 1591 2736 1644 vel
2765 1598 3045 1662 quantum
3083 1594 3407 1664 permiserit
3445 1597 3670 1667 spatium

426 1684 571 1737 Deus
588 1680 822 1733 auribus
849 1678 1069 1740 nostris,
1103 1678 1231 1744 post
1264 1674 1551 1727 collectam
1572 1674 1891 1728 festivitatis
1911 1676 2072 1754 col-_
2099 1678 2205 1730 loci
2236 1693 2345 1748 quo
2368 1678 2503 1732 ituri
2532 1685 2665 1734 sunt
2695 1696 2707 1731 :
2736 1682 2876 1735 Ante
2902 1698 2997 1735 sex
3021 1684 3167 1747 dies;
3214 1686 3354 1739 Cum
3390 1688 3673 1754 appropin-

425 1773 629 1827 lectam
650 1769 719 1823 de
747 1766 908 1829 feria,
934 1780 1060 1819 cum
1087 1763 1275 1818 Gloria
1303 1765 1493 1830 Patri;
1513 1769 1641 1833 post
1660 1780 1918 1834 vesperas
1947 1748 2078 1817 deB
2096 1770 2310 1833 quaret,
2358 1767 2553 1820 Prima
2599 1773 2787 1821 autem
2826 1785 3180 1837 azymorum,
3211 1748 3481 1827 Dominus
3513 1748 3671 1838 Jesus,

429 1861 690 1918 omnibus
730 1855 968 1921 Sanctis,
1013 1868 1273 1923 vesperas
1320 1867 1421 1922 pro
1466 1851 1761 1906 defunctis.
1806 1852 2017 1923 Vigilia

426 1957 780 2007 mortuorum
810 1946 933 2016 ipsa
959 1943 1048 1996 die
1067 1940 1295 1994 minime
1324 1945 1543 2010 agatur.
1558 1941 1693 1995 Post
1720 1942 2021 2012 completo-

428 2042 578 2095 rium
602 2037 819 2092 cortina
840 2032 1189 2096 extendatur,
1227 2035 1284 2083 et
1310 2029 1503 2083 forma:
1528 2029 1588 2083 in
1610 2030 1844 2084 chorum
1872 2031 2019 2084 refe-

422 2133 642 2184 rantur.

543 2221 736 2272 SECTIO
757 2213 851 2269 1V.
871 2241 935 2253 —
955 2210 1234 2279 Tempore
1262 2207 1552 2262 Passionis
1576 2206 1906 2262 Dominicai.

498 2306 740 2362 Sabbato
761 2303 831 2356 ad
857 2316 1114 2371 vesperas
1143 2303 1275 2352 ante
1315 2297 1641 2351 Passionem
1672 2296 1897 2351 Domini
1929 2296 2017 2351 di-

426 2397 687 2451 mittatur
710 2391 888 2447 oratio
925 2391 994 2444 de
1022 2404 1204 2454 cruce,
1252 2403 1356 2440 nec
1398 2386 1470 2440 ad
1511 2385 1882 2457 responsoria,
1916 2402 2018 2440 nec

425 2487 496 2541 ad
507 2482 958 2546 invitatoria,nec
976 2478 1048 2532 ad
1067 2477 1267 2531 missas
1282 2475 1502 2529 dicatur
1519 2474 1727 2540 Gloria,
1743 2491 1921 2545 usque
1943 2475 2016 2529 ad

425 2574 659 2636 Pascha,
689 2571 801 2625 nisi
843 2568 1015 2623 missa
1055 2565 1349 2620 familiaris
1394 2564 1469 2618 sit
1514 2563 1574 2617 in
1602 2568 1896 2629 conventu,
1928 2563 2016 2616 vel

426 2669 582 2719 extra
610 2663 963 2723 conventum,
987 2662 1044 2710 et
1064 2654 1172 2710 nisi
1198 2653 1557 2708 festivitatem
1577 2652 1817 2720 alicujus
1837 2652 2015 2707 sancti

423 2756 529 2808 hoc
545 2758 799 2822 tempore
828 2745 1098 2802 celebrari
1127 2743 1435 2813 contingat.
1454 2742 1588 2805 Quae
1608 2741 1654 2795 si
1675 2741 1938 2805 evenerit,
1959 2747 2016 2795 et

423 2842 494 2897 ad
514 2837 887 2912 responsoria,
920 2840 979 2890 et
1004 2835 1076 2889 ad
1105 2833 1334 2887 missam
1367 2831 1586 2884 dicatur
1613 2831 1804 2886 Gloria
1832 2832 2009 2896 Patri,

423 2931 568 2985 sicut
587 2929 698 2983 alio
724 2931 917 2993 σιω
942 2930 1219 2993 tempore.
1251 2922 1367 2975 Hoc
1396 2926 1650 2991 tempore
1682 2919 1903 2989 legatur
1925 2920 2014 2974 Je-

420 3020 627 3074 remias
650 3032 828 3087 usque
859 3014 928 3068 ad
956 3012 1191 3067 Pascha.

492 3106 785 3163 Dominica
802 3104 862 3158 in
887 3101 1097 3156 Palmis
1115 3099 1187 3153 ad
1215 3096 1747 3163 invitatorium,duo
1765 3096 1823 3150 in
1851 3096 2009 3152 albis.

378 3196 388 3203 ’
421 3195 787 3266 Evangelium
814 3189 1210 3263 pronuntietur
1233 3187 1371 3242 Cum
1391 3188 1918 3255 appropinquasset;
1944 3186 2013 3240 de

320 3304 333 3312 ο
422 3302 531 3356 quo
571 3288 629 3337 et
649 3281 832 3345 lectio,
866 3284 924 3333 et
949 3293 1133 3332 sermo
1162 3275 1222 3329 in
1249 3273 1513 3344 capitulo.
1546 3274 1612 3327 In
1641 3289 1750 3343 quo
1771 3274 2013 3344 capitulo

421 3372 643 3427 ordinet
705 3369 898 3435 abbas,
953 3367 1039 3421 vel
1092 3364 1263 3435 prior,
1314 3361 1724 3431 processionem
1769 3367 1827 3416 et
1879 3363 2014 3432 quid

422 3461 657 3531 quisque
677 3463 902 3528 portare
922 3454 1143 3518 debeat,
1167 3458 1225 3506 et
1253 3452 1493 3522 qualiter
1512 3451 1769 3505 ordinate
1798 3456 1930 3504 eant
1947 3467 2012 3504 ac

419 3548 656 3604 redeant
680 3546 905 3603 fratres.
930 3541 1258 3598 Sacerdotes
1273 3540 1343 3594 ad
1364 3539 1607 3611 privatas
1620 3538 1821 3593 missas
1839 3555 2012 3593 unam

419 3642 640 3692 tantum
670 3634 961 3689 collectam
985 3632 1193 3694 dicant,
1237 3628 1599 3699 Evangelium
1642 3629 1781 3683 Cum
1818 3644 2012 3697 appro-

414 3727 750 3795 pinquasset,
782 3721 1108 3776 Passionem
1136 3719 1323 3773 nullus
1349 3719 1519 3787 legat,
1550 3716 1659 3770 nisi
1685 3716 1887 3770 fratres
1915 3716 2011 3787 qui

418 3815 477 3868 in
497 3813 694 3869 formis
720 3814 982 3875 cantant;
1024 3807 1198 3861 missa
1226 3804 1575 3859 matutinalis
1607 3820 1733 3857 cum
1762 3820 1875 3858 una
1895 3805 2012 3858 col-

417 3904 579 3958 lecta.
605 3902 741 3956 Post
770 3897 1161 3953 matutinalem
1196 3894 1423 3948 missam
1451 3892 1817 3947 benedicatur
1842 3909 2007 3963 aqua,

416 3992 488 4047 ad
518 4007 689 4063 quam
718 3989 832 4043 sint
860 4003 1053 4041 omnes
1073 3984 1213 4039 albis
1238 3982 1441 4037 induti.
1460 3982 1585 4036 Fiat
1604 3982 1884 4052 processio
1911 3999 2011 4053 per

416 4084 742 4146 claustrum,
776 4085 841 4134 ut
868 4094 990 4132 mos
1019 4081 1122 4143 est,
1149 4074 1407 4129 omnibus
1434 4072 1737 4127 Dominicis
1778 4072 2004 4141 diebus;

415 4170 764 4228 Intrantibus
808 4166 1099 4223 ecclesiam
1152 4164 1447 4236 pulsentur
1502 4162 1683 4231 signa,
1741 4167 1798 4216 et
1847 4163 2006 4216 ﬁnito

414 4258 790 4332 responsoria,
843 4262 902 4311 et
946 4254 1107 4310 dictis
1147 4270 1270 4324 quae
1325 4251 1435 4306 dici
1474 4251 1656 4305 solent
1699 4250 2005 4305 Dominicis

2100 1854 2504 1921 Cogitaverunt,
2545 1856 2682 1910 Cum
2708 1858 2951 1911 audisset
2970 1862 3230 1927 populus,
3265 1876 3449 1914 omnes
3485 1863 3675 1916 collau-

2100 1943 2254 1995 dant.
2279 1941 2419 1996 Cum
2447 1948 2638 1997 autem
2666 1951 2993 2015 perventum
3012 1946 3185 2001 fuerit
3198 1948 3273 2002 ad
3289 1948 3474 2020 ipsum
3490 1950 3674 2014 locum,

2103 2030 2201 2084 fiat
2218 2031 2387 2085 statio
2404 2048 2437 2085 a
2463 2037 2582 2086 toto
2602 2039 2896 2088 conventu.
2922 2035 3167 2090 Cantore
3186 2042 3383 2092 autem
3399 2037 3677 2109 incipiente

2100 2119 2470 2189 antiphonam
2493 2122 2803 2176 Occurrunt
2822 2124 3012 2188 turba,
3034 2129 3241 2179 exeant
3251 2125 3365 2180 duo
3382 2128 3682 2181 sacerdotes

2100 2206 2241 2261 albis
2292 2208 2495 2274 induti,
2531 2209 2627 2279 qui
2675 2215 2901 2281 portent
2948 2211 3244 2279 feretrum,
3295 2215 3448 2285 quod
3496 2232 3683 2286 parum

2098 2302 2230 2350 ante
2257 2296 2408 2351 diem
2440 2297 2510 2351 ab
2539 2299 2751 2352 eisdem
2798 2300 3181 2355 sacerdotibus
3208 2302 3347 2357 illuc
3384 2302 3549 2359 debet
3575 2320 3684 2358 esse

2097 2382 2367 2451 delatum,
2425 2384 2486 2439 in
2543 2402 2653 2456 quo
2710 2391 2768 2440 et
2820 2404 3020 2459 corpus
3077 2389 3294 2444 Christi
3347 2407 3470 2446 esse
3531 2391 3686 2446 debet

2097 2473 2466 2527 reconditum.
2508 2474 2594 2527 Ad
2648 2475 2797 2546 quod
2833 2475 3106 2530 feretrum
3144 2479 3475 2548 praecedant
3508 2480 3691 2535 statim

2098 2560 2192 2631 qui
2218 2561 2417 2615 vexilla
2442 2566 2673 2632 portant
2700 2568 2758 2617 et
2773 2580 2964 2619 cruces
2984 2571 3043 2619 et
3063 2571 3276 2621 caetera
3296 2585 3423 2639 quas
3443 2569 3689 2639 superius

2096 2650 2246 2703 dicta
2272 2656 2424 2703 sunt.
2457 2651 2528 2705 Et
2554 2652 2833 2706 stantibus
2863 2652 2932 2707 iis
2970 2654 3067 2724 qui
3114 2656 3402 2710 feretrum
3450 2662 3687 2728 portant,

2094 2737 2325 2793 stabunt
2348 2744 2406 2793 ct
2420 2738 2529 2810 ipsi
2556 2756 2592 2794 a
2619 2740 2849 2795 dextera
2876 2747 2934 2795 et
2960 2759 2992 2795 a
3020 2742 3260 2798 sinistra
3290 2746 3472 2816 ipsius
3490 2746 3689 2812 feretri,

2095 2826 2351 2882 ordinate
2407 2828 2553 2882 sicut
2603 2836 2896 2884 venerunt.
2952 2830 3121 2885 Pueri
3170 2850 3311 2888 vero
3372 2835 3693 2889 accedentes

2094 2914 2342 2981 stabunt,
2396 2916 2568 2970 versis
2619 2916 2863 2972 vultibus
2929 2919 3001 2973 ad
3057 2919 3215 2991 ipsos
3252 2921 3528 2992 reliquos,
3577 2939 3699 2977 cum

2029 3023 2073 3083 ρ
2094 3003 2377 3074 magistris
2412 3004 2528 3059 suis
2570 3010 2628 3060 et
2673 3006 3011 3077 quibusdam
3049 3010 3386 3065 cantoribus
3415 3011 3513 3082 qui
3553 3011 3700 3065 auxi-

2097 3091 2170 3146 lio
2215 3092 2295 3147 eis
2349 3110 2471 3147 esse
2518 3100 2769 3165 possunt.
2832 3096 3074 3166 Majores
3137 3114 3279 3153 vero
3345 3100 3495 3155 versi
3542 3106 3703 3155 erunt

2095 3181 2166 3235 ad
2194 3182 2451 3250 invicem,
2476 3198 2541 3237 eo
2562 3184 2728 3238 modo
2749 3200 2859 3255 quo
2890 3184 2951 3238 in
2977 3186 3145 3241 choro
3178 3193 3340 3243 stare
3379 3190 3587 3245 solent.
3616 3189 3703 3244 Sic

2094 3275 2283 3324 autem
2304 3272 2594 3327 ordinetur
2608 3272 2724 3327 haec
2741 3274 2929 3340 statio,
2944 3280 3009 3328 ut
3023 3275 3323 3332 modicum
3342 3278 3706 3333 intervallum

2094 3358 2169 3412 sit
2194 3359 2343 3413 inter
2370 3377 2574 3430 pueros
2604 3367 2661 3415 et
2681 3362 2952 3431 majorem
2980 3370 3353 3421 conventum.
3385 3366 3574 3422 Finita
3601 3383 3703 3420 an-

2093 3447 2328 3517 tiphona
2345 3464 2578 3503 occurru
2586 3455 2646 3503 nt
2672 3452 2862 3517 turba,
2879 3450 3154 3523 incipiant
3186 3455 3364 3525 pueri
3381 3461 3443 3510 et
3460 3456 3559 3528 qui
3579 3473 3706 3511 cum

2092 3536 2173 3589 eis
2201 3540 2335 3591 sunt
2361 3537 2728 3609 antiphonam
2755 3540 3021 3594 Hosanna
3047 3544 3167 3609 ﬁlio
3188 3544 3386 3599 David
3414 3546 3705 3600 ﬂectentes

2090 3641 2276 3695 genua
2305 3630 2361 3680 et
2378 3626 2436 3680 in
2460 3626 2753 3698 principio,
2785 3633 2839 3682 et
2867 3628 2929 3683 in
2957 3629 3068 3684 ﬁne
3096 3631 3469 3703 antiphona,
3494 3635 3631 3707 quia
3650 3634 3709 3689 in

2092 3718 2332 3785 utroque
2353 3716 2613 3769 llosanna
2634 3715 2856 3770 dicitur.
2882 3717 3063 3781 Quam
3082 3721 3482 3792 antiphonam
3511 3725 3711 3778 chorus

2090 3808 2329 3873 repetat,
2361 3808 2419 3857 et
2445 3804 2704 3859 similiter
2720 3822 2908 3875 genua
2942 3807 3154 3861 ﬂectat.
3189 3809 3425 3866 Deinde
3455 3829 3494 3866 a
3525 3811 3716 3884 pueris

2092 3897 2349 3946 cantetur
2375 3893 2683 3964 antiphona
2705 3911 2831 3948 cum
2853 3898 3083 3963 angelis,
3116 3896 3182 3951 in
3210 3900 3336 3954 ﬁne
3359 3905 3595 3956 tantum
3622 3918 3718 3955 an-

2090 3979 2335 4051 tiphonae
2352 3997 2537 4051 genua
2561 3982 2932 4038 ﬂectentibus.
2968 3984 3103 4048 Quae
3131 3988 3479 4059 antiphona
3519 4006 3557 4044 a.
3594 4005 3720 4045 con-

2089 4073 2260 4123 ventu
2288 4074 2576 4139 repetatur
2599 4075 2657 4123 et
2682 4070 2945 4126 similiter
2971 4073 3133 4127 venia
3154 4076 3518 4148 accipiatur.

2160 4158 2372 4212 Taliter
2398 4158 2484 4212 his
2509 4159 2986 4230 peractis,abbate
3017 4162 3100 4216 vel
3123 4171 3379 4221 cantare
3406 4167 3720 4238 incipiente

2086 4247 2455 4318 antiphonam
2484 4249 2608 4314 Ave,
2639 4264 2742 4302 res:
2778 4255 2977 4312 noster,
3030 4256 3351 4309 transeant
3412 4256 3723 4327 portitores

412 4350 628 4416 diebus,
648 4352 907 4402 cantatur
924 4344 1113 4399 tertia.
1129 4343 1370 4397 Cantata
1395 4340 1567 4395 tertia
1586 4340 1809 4410 legatur
1830 4339 2067 4431 Evan-D
2083 4336 2277 4431 feretri
2299 4352 2403 4407 per
2423 4336 2672 4431 medium
2699 4337 2977 4431 stationis,
2998 4341 3478 4431 praecedentibus
3508 4345 3600 4399 his
3623 4344 3719 4417 qui

409 4438 623 4508 gelium
669 4437 851 4490 Turba
878 4437 1078 4489 multa.
1128 4432 1333 4485 Postea
1360 4429 1627 4483 accedens
1672 4426 1860 4494 abbas,
1905 4434 2003 4483 aut

411 4526 689 4589 sacerdos,
706 4522 1000 4578 benedicat
1026 4521 1260 4592 palmas,
1281 4524 1338 4573 et
1365 4519 1531 4572 ﬂores
1551 4523 1609 4571 et
1629 4516 1855 4571 frondes
1870 4521 2001 4571 ante

411 4615 593 4683 majus
635 4613 812 4666 altare
834 4626 1004 4681 supra
1022 4614 1276 4679 tapetum
1303 4607 1502 4678 posita,
1534 4622 1681 4676 aqua
1707 4604 2002 4660 benedicta

411 4706 692 4773 aspergat,
726 4706 782 4754 et
819 4699 1089 4753 incenset.
1121 4696 1461 4750 Accedentes
1489 4694 1777 4749 secretarii
1807 4694 2002 4748 distri-

413 4790 590 4844 buant
616 4806 701 4855 ea,
732 4788 947 4859 palmas
986 4784 1195 4851 abbati,
1243 4789 1301 4839 et
1337 4782 1633 4854 prioribus,
1666 4787 1724 4837 et
1748 4782 2001 4854 personis

411 4877 844 4943 honestioribus,
894 4876 1060 4929 ﬂores
1107 4879 1165 4928 et
1219 4873 1443 4927 frondes
1499 4871 1732 4927 czeteris.
1765 4872 2001 4926 Interim

410 4973 637 5025 cantore
682 4964 1005 5036 incipiente,
1045 4967 1305 5017 cantatur
1349 4961 1653 5032 antiphona
1697 4963 1867 5015 Pueri
1902 4963 2001 5016 He-

410 5061 704 5122 braeorum,
728 5060 786 5109 et
812 5052 939 5119 alia,
954 5054 1123 5107 Pueri
1142 5053 1511 5106 Hebraeorum.
1535 5049 1636 5103 His
1662 5049 1744 5103 ita
1767 5050 1999 5120 expletis

410 5147 797 5220 proﬁciscatur
833 5140 1136 5214 processio,
1165 5145 1394 5194 cantore
1422 5138 1724 5210 incipiente
1763 5155 1888 5209 qua:
1926 5138 1999 5193 ad

407 5238 555 5293 hanc
573 5233 986 5308 processionem
1022 5230 1238 5284 cantari
1282 5233 1519 5300 oportet.
1571 5228 1695 5291 Qua
1730 5227 1801 5281 de
1828 5228 1997 5282 choro

408 5330 663 5391 exeunte,
694 5323 989 5395 pulsentur
1014 5318 1203 5374 omnia
1229 5317 1409 5388 signa.
1450 5316 1775 5371 Praecedant
1800 5316 1998 5371 famuli

409 5431 537 5471 cum
562 5412 794 5478 vexillis,
826 5412 1095 5481 sequatur
1130 5422 1429 5462 conversus
1477 5404 1549 5477 Li.
1597 5404 1883 5476 novitius],
1923 5405 1999 5459 fe-

408 5520 542 5560 rens
562 5502 790 5557 situlam
809 5515 940 5553 cum
958 5513 1107 5568 aqua
1128 5494 1437 5562 benedicta,
1453 5493 1551 5549 alii
1577 5494 1688 5549 duo
1705 5498 1997 5565 portantes

482 5588 590 5666 (63)
618 5590 925 5658 Arculam;
953 5601 1102 5644 nunc
1126 5587 1448 5649 naviculam
1473 5583 1779 5655 appellant.

2083 4424 2284 4479 vexilla
2325 4430 2570 4496 portant,
2613 4430 2672 4480 et
2698 4427 2912 4481 caeteris
2939 4428 3208 4498 superius
3241 4431 3425 4488 dictis
3474 4435 3723 4506 portito-

2082 4513 2259 4581 ribus,
2290 4520 2508 4569 servato
2536 4513 2607 4568 ab
2624 4514 2884 4571 omnibus
2901 4516 3096 4572 ordine
3125 4517 3191 4573 in
3211 4522 3532 4579 redeundo
3547 4540 3719 4595 quem

2082 4602 2405 4657 habuerunt
2428 4602 2489 4657 in
2518 4604 2724 4658 eundo.
2758 4604 2971 4669 Quibus
2994 4610 3459 4668 transeuntibus
3489 4616 3726 4669 ﬂectent

2080 4708 2287 4763 genua,
2318 4708 2433 4746 non
2460 4691 2629 4747 simul
2654 4709 2868 4759 omnes,
2902 4694 3002 4748 sed
3030 4694 3251 4766 singuli
3294 4700 3444 4756 hinc
3477 4709 3540 4756 et
3567 4704 3721 4769 inde,

2083 4781 2229 4836 sicut
2248 4780 2521 4835 feretrum
2570 4780 2834 4836 transibit
2878 4787 3011 4837 ante
3039 4800 3151 4838 eos.
3206 4786 3588 4846 Percantata
3620 4792 3731 4847 hac

2081 4869 2408 4940 antiphona,
2457 4875 2687 4925 cantent
2730 4875 2787 4924 et
2833 4870 2962 4938 alia,
2994 4871 3041 4926 si
3077 4874 3355 4943 spatium
3413 4880 3532 4936 loci
3560 4882 3731 4952 plura

2081 4959 2418 5030 poposcerit.
2451 4959 2593 5013 Cum
2639 4959 2896 5013 venerint
2944 4959 3017 5014 ad
3062 4966 3270 5031 portas
3315 4966 3587 5025 civitatis
3615 4976 3733 5026 sta-

2078 5046 2293 5101 tionem
2321 5046 2547 5115 faciant,
2599 5047 2873 5119 separatis
2900 5048 2972 5102 ad
3010 5048 3289 5119 invicem,
3334 5064 3528 5126 prout
3568 5060 3732 5114 locus

2079 5135 2345 5207 patietur,
2376 5135 2631 5207 utrisque
2660 5134 2948 5200 lateribus,
2978 5136 3266 5193 feretrum
3300 5158 3451 5198 vero
3473 5150 3620 5201 ante
3648 5146 3735 5201 in-

2079 5225 2314 5279 troitum
2340 5230 2632 5296 portarum
2659 5226 2739 5279 sic
2764 5232 3008 5297 ponatur
3033 5242 3213 5296 super
3235 5245 3531 5287 mensam
3555 5236 3734 5306 pallio

2079 5318 2398 5385 coopertam
2425 5319 2489 5369 ut
2515 5314 2768 5386 praedicti
2793 5315 3112 5386 portitores,
3145 5331 3223 5369 ex
3245 5324 3526 5393 utroque
3548 5324 3739 5381 latere

2079 5408 2312 5471 stantes,
2344 5402 2592 5458 habeant
2621 5404 2694 5458 ad
2730 5404 2999 5459 feretrum
3026 5403 3088 5458 in
3124 5407 3342 5463 medio
3376 5428 3600 5468 eorum
3630 5431 3739 5486 po-

2080 5492 2254 5549 situm
2283 5508 2475 5548 versas
2501 5492 2673 5550 facies
2719 5509 2869 5565 suas.
2898 5492 3077 5549 Locus
3102 5508 3250 5551 vero
3304 5514 3505 5571 super
3552 5503 3741 5560 intro.
