3852 6178
106 5660 109 5855 l

110 5910 121 6053 ἱ

144 322 216 382 457

1014 314 1344 371 DECRETA
1385 315 1528 370 PRO
1568 314 1842 370 ORDINE
1879 313 1939 368 S.
1977 312 2378 368 BENEDICTI.

1878 99 1905 125 ο

3224 319 3330 378 458

139 450 240 503 itum
261 446 519 518 portarum
548 441 783 496 honeste
810 437 977 494 debet
1004 455 1127 494 esse
1168 445 1399 510 paratus
1443 446 1501 495 et
1525 457 1651 495 cor-
1670 442 1718 500 A
1736 436 2054 503 Defunctis;
2087 435 2332 491 ofﬁcium
2346 435 2715 503 Mortuorum,
2740 436 2889 509 quod
2919 441 3048 511 post
3069 452 3331 499 mensam

141 536 235 591 linis
259 532 446 607 [aulaeis
465 548 557 585 seu
574 527 879 602 tapetibus]
902 534 961 582 et
987 527 1321 584 dorsalibus.

185 624 353 678 Taliter
377 620 629 675 ordinata
659 617 924 683 statione,
968 623 1174 672 canant
1210 619 1372 689 pueri
1416 619 1486 673 de
1530 619 1652 674 loco

139 719 245 785 apto,
256 717 303 766 et
321 710 404 781 qui
431 712 706 780 prmeepto
726 706 972 761 cantoris
996 723 1124 761 cum
1145 706 1226 761 eis
1254 712 1440 772 erunt,
1464 708 1652 764 Gloria

139 805 240 867 laus,
264 805 312 854 et
346 798 593 853 similiter
619 797 824 851 chorus
859 796 1215 866 respondeat.
1259 796 1446 861 Pueri,
1478 798 1650 850 Israel

138 908 173 944 es
193 897 237 943 tu
258 891 363 950 Res,
386 893 439 941 et
456 887 680 950 chorus,
704 888 809 941 Gai
830 888 1042 953 puerile
1072 887 1264 947 decus;
1302 884 1436 938 item
1466 885 1646 955 pueri,

136 980 243 1033 Plebs
269 978 464 1031 Hebrza
505 976 624 1038 tibi,
681 978 739 1027 et
789 973 1013 1034 chorus,
1067 974 1178 1026 Cui
1224 976 1480 1040 puerile;
1516 972 1651 1027 item

137 1066 266 1137 pueri,
293 1066 456 1121 Galus
477 1066 539 1116 in
568 1065 810 1127 excelsis,
843 1066 901 1115 et
922 1062 1146 1127 chorus,
1179 1063 1368 1117 Gloria
1391 1065 1533 1116 laus.
1553 1063 1653 1116 llis

138 1155 251 1209 dictis
272 1153 475 1207 inchoet
497 1156 695 1205 cantor
723 1150 1141 1221 responsorium
1177 1152 1519 1218 lngrediente
1550 1153 1653 1205 Do-

138 1246 274 1308 mino;
319 1247 369 1294 et
405 1239 752 1309 ingrediente
790 1237 1071 1292 civitatem
1115 1237 1494 1309 processione,
1541 1238 1652 1291 duo

139 1332 300 1400 majora
320 1329 467 1398 signa
490 1333 620 1393 ω
634 1334 668 1390 Ι
711 1326 1217 1397 ραιεριιῐιιτλᾱοηθο
1239 1332 1440 1380 caetera
1467 1325 1649 1395 signa,

136 1418 413 1489 processione
439 1416 690 1470 intrante
720 1415 779 1469 in
812 1416 1067 1477 chorum,
1097 1416 1390 1485 pulsentur
1419 1414 1490 1468 ad
1524 1415 1654 1469 mis-

137 1524 236 1560 sam.
278 1506 355 1560 Sic
395 1504 650 1559 ordinata
680 1503 981 1574 processio,
1026 1504 1253 1557 veniens
1298 1520 1477 1574 usque
1521 1508 1653 1557 ante

135 1600 275 1667 portas
311 1593 649 1655 monasterii,
696 1590 866 1647 faciat
917 1592 1238 1657 stationem,
1301 1592 1653 1646 servantibus

137 1684 274 1753 pueris
297 1683 535 1738 ordinem
560 1699 727 1737 suum
746 1682 896 1736 inter
923 1686 1227 1752 utrumque
1255 1682 1508 1736 chorum.
1542 1682 1652 1735 De-

1735 526 1843 580 dici
1867 526 2010 579 solet
2037 541 2150 580 non
2200 524 2454 591 dicatur;
2500 526 2743 596 hymnus
2789 526 2861 582 ad
2903 529 3330 601 completorium

1741 616 1824 680 Te,
1861 618 2000 668 lucis
2020 620 2149 668 ante
2180 616 2507 679 terminum,
2536 614 2632 684 qui
2660 614 2921 671 similiter
2944 618 3213 674 dicendus
3242 626 3330 675 est

1735 703 1994 759 omnibus
2018 701 2215 757 diebus
2241 718 2419 772 usque
2439 703 2511 756 ad
2543 703 2823 758 Kalendas
2842 706 3330 764 Novembris.Post

1733 792 2158 863 completorium
2184 792 2401 847 cortina
2421 792 2755 862 deponatur.

1805 882 1968 935 Feria
1989 881 2186 951 quinta
2202 886 2287 934 tot
2307 881 2552 935 candelae
2571 882 2948 938 accendantur
2957 890 3087 941 ante
3106 889 3323 954 Laetare,

1738 975 1877 1041 quot
1906 970 2245 1041 antiphonas
2278 976 2334 1023 et
2366 974 2505 1039 quot
2531 972 2888 1040 responsoria
2913 976 3128 1029 cantari
3161 992 3327 1048 Opor-

1737 1065 1837 1113 tet.
1872 1058 2072 1113 Finitis
2084 1058 2266 1112 tribus
2295 1057 2643 1112 orationibus
2667 1060 2925 1114 sedentes
2955 1064 3196 1132 psallant
3219 1065 3331 1120 sin-

1736 1148 1855 1219 guli
1881 1148 2113 1202 silenter
2133 1146 2451 1216 quindecim
2482 1146 2746 1217 psalmos,
2781 1148 2990 1219 absque
3010 1152 3200 1206 Gloria
3220 1156 3329 1207 Pa-

1738 1240 1833 1301 tri,
1866 1252 1991 1289 cum
2023 1235 2282 1305 capitulis
2328 1240 2385 1289 et
2422 1236 2667 1291 collectis
2705 1239 3006 1293 consuetis.
3039 1240 3125 1293 Ad
3168 1243 3331 1295 Pater

1738 1331 1919 1379 noster
1955 1329 2316 1396 prosternant
2346 1340 2406 1378 se
2451 1340 2619 1395 super
2658 1324 2884 1389 formas,
2926 1332 2983 1380 et
3027 1326 3229 1382 abbate
3260 1329 3333 1382 si-

1732 1430 1908 1483 gnum
1954 1413 2192 1467 faciente
2231 1418 2485 1484 surgant.
2536 1414 2693 1467 Inter
2724 1415 3078 1485 psallendum
3116 1422 3174 1471 et
3200 1421 3332 1471 ante

1735 1508 2067 1556 nocturnam
2088 1502 2383 1572 pulsentur
2398 1501 2559 1571 signa
2579 1501 2723 1556 sicut
2742 1503 2800 1557 in
2829 1503 3124 1559 duodecim
3144 1505 3336 1560 lectio-

1736 1590 1920 1645 nibus.
1954 1590 2199 1645 Pulsatis
2232 1589 2493 1644 omnibus
2514 1590 2688 1660 signis
2706 1591 2929 1646 inchoet
2956 1592 3334 1650 hebdomada-

1736 1680 1854 1735 rius
1884 1680 2251 1751 antiphonam
2294 1682 2453 1735 Zelus
2492 1681 2686 1734 domus
2728 1688 2850 1735 ttae.
2884 1682 3023 1737 Cum
3054 1683 3335 1753 incipiunt

134 1778 318 1842 ponatur
337 1772 533 1826 iterum
552 1772 827 1826 feretrum
852 1786 1023 1841 super
1047 1787 1301 1824 mensam
1330 1770 1502 1841 pallio
1523 1785 1653 1824 coo-
1674 1770 2036 1848 Bpsalmum,
2065 1773 2261 1840 petant
2282 1768 2500 1822 veniam
2527 1785 2695 1839 super
2719 1770 2949 1836 formas,
2973 1776 3031 1825 et
3048 1772 3119 1825 ad
3152 1775 3334 1826 matu-
3388 1820 3397 1829 .

136 1862 518 1930 pertam.Cantor
545 1877 677 1915 vero
698 1860 779 1915 sic
798 1865 966 1914 antea
984 1860 1289 1930 inemptum
1318 1858 1526 1913 habeat
1542 1876 1657 1914 res-

134 1950 388 2019 ponsorium
399 1951 743 2017 Gollegerunt
752 1952 1032 2017 pontiﬁces
1052 1954 1117 2002 ut
1131 1954 1264 2002 tunc
1280 1965 1449 2019 prope
1465 1954 1654 2002 canta-

135 2039 310 2106 tumsit;
326 2056 424 2110 quo
435 2043 664 2093 cantato
677 2043 794 2092 tres
815 2046 917 2092 aut
944 2043 1187 2108 quatuor
1216 2038 1437 2102 fratres,
1471 2037 1653 2091 induti

140 2127 273 2198 cappis
296 2145 420 2199 quas
453 2127 795 2182 secretarius
827 2125 905 2179 ibi
947 2131 1169 2197 paratas
1201 2126 1424 2191 habeat,
1452 2131 1658 2180 canant

139 2232 298 2271 versum
326 2219 463 2272 Unus
476 2221 667 2271 autem
683 2218 914 2285 eccipsis,
944 2220 1156 2269 stantes
1186 2215 1333 2269 inter
1347 2216 1577 2270 chorum
1601 2220 1659 2269 et

140 2305 476 2376 reliquiasQno
492 2305 672 2369 ﬁnito,
688 2321 816 2358 cum
840 2320 1098 2375 regressu
1118 2304 1333 2358 intrent
1343 2304 1651 2367 ecclesiam,

137 2401 304 2448 cantare
340 2395 634 2449 inchoante
663 2393 1030 2464 antiphonam
1062 2395 1362 2461 Principes,
1395 2398 1453 2447 et
1486 2393 1657 2447 aliam

139 2482 579 2553 .lppropi'nquabal.
607 2484 678 2538 Et
712 2482 952 2553 ingressi
992 2481 1293 2536 Ecclesiam
1322 2481 1531 2536 faciant
1551 2486 1660 2536 sta-

136 2570 291 2625 tionem
319 2588 412 2643 per
455 2572 649 2626 omnia
696 2571 937 2625 similem
974 2576 1105 2625 ante
1136 2570 1473 2625 Cruciﬁxum
1504 2571 1659 2642 prius

140 2658 373 2714 detectum.
409 2662 596 2732 Atque
624 2659 703 2714 ibi
732 2677 764 2714 a
792 2658 974 2714 tribus
1000 2660 1085 2713 vel
1126 2665 1369 2729 quatuor
1395 2659 1663 2714 fratribus

137 2753 335 2803 cantetur
376 2750 432 2804 in
464 2749 660 2821 cappis
700 2747 1115 2820 responsorium
1148 2749 1660 2803 Gireumdederunl.

139 2834 224 2897 Quo
239 2842 434 2891 cantato
448 2837 687 2909 incipiat
707 2836 880 2891 abbas
894 2836 1316 2907 responsorium
1344 2837 1662 2903 Synagoga’,

137 2929 173 2976 et
206 2923 385 2980 intrent
422 2927 663 2981 chorum
707 2925 1036 2981 sonantibus
1080 2926 1151 2979 ad
1186 2925 1417 2979 missam
1470 2924 1662 2994 signis,

1741 1859 1890 1913 tinas
1934 1858 2131 1912 laudes
2161 1856 2441 1911 similiter.
2474 1858 2584 1911 Per
2622 1858 2871 1927 singulas
2909 1859 3247 1930 antiphonas
3277 1865 3333 1915 et

1738 1948 1960 2017 singula
1978 1946 2335 2017 responsoria
2355 1945 2786 2015 exstinguuntur
2802 1947 3037 2017 singulae
3047 1948 3292 2003 candelae
3317 1967 3331 2014 ;

1737 2035 2004 2090 lectiones
2034 2037 2156 2089 sine
2186 2037 2341 2101 Jube,
2372 2036 2587 2096 domne,
2621 2035 2701 2087 vel
2747 2041 2807 2088 tu
2835 2040 3022 2090 autem
3053 2036 3334 2105 legantur.

1737 2129 1940 2183 Primae
1968 2134 2083 2183 tres
2108 2127 2178 2182 de
2206 2126 2701 2181 lamentationibus
2728 2127 2987 2183 Jeremiae
3016 2128 3138 2182 sine
3167 2134 3339 2183 cantu

1739 2222 1796 2271 et
1814 2215 2126 2288 alphabetis
2155 2215 2524 2287 praescriptis;
2576 2215 2633 2279 in
2671 2216 2914 2271 secundo
2945 2225 3238 2284 nocturno,
3268 2218 3339 2271 de

1741 2304 2084 2376 expositione
2108 2304 2309 2375 psalmi
2331 2305 2571 2368 Exaudi,
2601 2305 2760 2369 Deus,
2794 2308 3102 2359 orationem
3130 2321 3332 2372 meam,

1741 2411 1867 2449 cum
1898 2396 2153 2462 deprecor
2163 2413 2179 2457 ;
2200 2392 2259 2447 in
2278 2393 2447 2447 tertio
2467 2393 2537 2447 de
2556 2392 2803 2464 Epistola
2825 2393 2986 2448 Pauli
3007 2395 3341 2449 Convenien-

1744 2484 1886 2536 tibus
1911 2484 2086 2545 vobis;
2138 2482 2463 2553 antiphonze
2500 2498 2692 2536 omnes
2723 2488 2781 2536 et
2827 2482 3084 2538 versiculi
3130 2482 3342 2555 absque

1742 2570 1872 2624 ﬁnis
1903 2571 2166 2625 melodia.
2192 2572 2258 2625 In
2284 2571 2577 2625 matutinis
2600 2570 2878 2637 laudibus,
2912 2588 3037 2626 cum
3060 2572 3345 2643 incipiunt

1746 2658 2026 2729 psalmum
2058 2660 2299 2712 Laudate
2327 2660 2627 2713 Dominum
2657 2660 2721 2712 de
2762 2662 2924 2724 caelis,
2968 2660 3176 2714 vadant
3218 2675 3343 2713 ma-

1745 2747 1909 2819 gistri
1934 2740 2085 2801 inter
2109 2747 2372 2811 infantes,
2397 2746 2571 2817 quiet
2596 2747 2740 2801 versi
2771 2747 2886 2801 sint
2913 2749 2983 2802 ad
3010 2748 3242 2819 priores,
3274 2747 3347 2801 si-

1748 2841 1844 2890 cut
1863 2840 1920 2890 et
1945 2835 2055 2906 ipsi
2083 2835 2362 2903 infantes;
2390 2836 2625 2905 juvenes
2650 2853 2801 2903 vero,
2849 2836 2945 2906 qui
2990 2836 3049 2890 in
3090 2834 3346 2891 custodia

1748 2930 1897 2989 sunt,
1923 2924 2132 2979 mistim
2163 2924 2356 2978 sintin
2384 2924 2581 2979 ordine
2626 2924 2931 2978 seniorum.
2966 2925 3223 2980 Candela:
3256 2941 3347 2979 cx-

138 3012 313 3068 missam
352 3016 653 3081 celebrent,
694 3016 912 3085 palmas
942 3020 1001 3068 et
1030 3013 1257 3068 frondes
1302 3013 1361 3067 in
1408 3013 1666 3068 manibus
1685 3063 1725 3086 η
1750 3013 2113 3083 stinguantur
2140 3011 2199 3065 in
2226 3016 2345 3066 toto
2370 3011 2731 3077 monasterio,
2765 3017 2968 3082 praeter
2994 3029 3187 3080 unam,
3221 3031 3347 3086 quae

136 3098 336 3168 habeant,
366 3120 571 3176 easque
603 3108 733 3175 post
760 3103 1099 3157 oblationem
1127 3102 1289 3173 panis
1320 3106 1377 3156 et
1413 3101 1544 3167 vini,
1576 3102 1665 3155 in-

136 3188 314 3259 cipiente
338 3193 588 3259 diacono,
609 3191 796 3247 cuncti
816 3209 917 3263 per
944 3191 1199 3246 ordinem
1228 3191 1484 3246 offerant.

185 3278 366 3336 Tabula
418 3282 706 3337 refectorii
743 3285 1018 3353 cooperta:
1065 3280 1197 3335 sint.
1247 3282 1382 3334 Post
1410 3296 1664 3336 mensam

140 3368 381 3424 meridiana
405 3372 549 3425 hora
578 3370 638 3423 in
667 3370 823 3423 lectis
859 3369 975 3423 suis
1014 3369 1321 3440 quiescant.
1356 3368 1667 3441 Appropin-

142 3464 291 3524 quante
306 3459 437 3514 bora
458 3477 635 3525 nona,
671 3460 858 3530 pulset
885 3459 1220 3514 secretarius
1233 3459 1457 3530 signum
1478 3452 1666 3513 minus

141 3546 323 3614 modice;
349 3555 482 3603 tunc
517 3555 762 3619 surgant
798 3564 1010 3613 omnes,
1065 3554 1123 3602 et
1168 3548 1357 3602 lavent
1385 3564 1587 3602 manus
1610 3552 1668 3601 et

141 3630 274 3698 facies,
299 3644 351 3690 et
373 3643 611 3709 pectant
636 3654 717 3701 se,
762 3642 820 3690 et
860 3645 1099 3708 pergant
1140 3636 1199 3690 in
1235 3636 1524 3690 ecclesiam
1572 3653 1668 3690 se-

140 3720 352 3795 deantque
376 3726 434 3780 in
461 3727 661 3780 choro.
694 3725 835 3780 Cum
866 3725 1107 3778 infantes
1146 3725 1245 3778 loti
1273 3724 1485 3779 fuerint
1513 3730 1571 3778 et
1597 3724 1667 3778 ad

142 3813 316 3866 tersui-ia
334 3814 411 3869 ire
437 3814 1002 3886 coeperint,pulsante
1030 3814 1211 3883 majus
1239 3813 1463 3883 signum
1492 3829 1668 3868 secre-

138 3900 252 3967 ίλι-ἱο,
276 3910 497 3973 surgant
523 3919 727 3958 omnes
756 3902 825 3957 de
849 3901 1115 3956 sedilibus
1133 3901 1267 3967 suis,
1297 3907 1372 3967 et,
1404 3901 1669 3971 ingressis

139 3984 311 4044 cborum
335 3993 667 4057 infantibus,
686 3992 895 4046 faciant
923 3991 1077 4063 prius
1107 3991 1440 4051 orationem,
1473 3996 1668 4061 postea

137 4085 306 4133 cantent
320 4064 550 4139 nonam.
564 4082 692 4145 Qua
710 4085 935 4134 cantata
950 4067 1171 4151 pulsato
1194 4096 1317 4151 cym
1326 4079 1451 4133 balo
1473 4097 1507 4134 a
1528 4080 1672 4151 prio-

138 4176 177 4213 ῐΐ
209 4176 409 4238 pergant
447 4186 650 4223 omnes
693 4169 753 4222 in
795 4167 1170 4222 refectorium.
1230 4167 1380 4221 Talis
1423 4168 1559 4221 ordo
1601 4168 1670 4222 de

132 4253 374 4311 meridiana
386 4264 649 4312 servetur
672 4260 795 4310 tota
820 4261 1032 4316 aestate,
1057 4256 1299 4328 exceptis
1322 4256 1667 4326 jejuniorum

135 4336 292 4407 diebus,
322 4363 495 4417 usque
519 4347 593 4401 ad
619 4345 902 4400 Kalendas
936 4345 1209 4401 Octobris.

1747 3102 1807 3156 in
1834 3101 2003 3156 choro
2032 3101 2263 3167 ardeat;
2309 3116 2431 3171 quae
2478 3105 2536 3154 et
2574 3100 2713 3173 ipsa,
2766 3105 2995 3157 cantare
3043 3103 3345 3174 incipiente

1747 3196 2112 3268 antiphonam
2156 3198 2416 3251 Traditor
2451 3202 2659 3257 autem.
2708 3197 3121 3268 exstinguatur.
3152 3199 3342 3254 Finita

1746 3284 2058 3355 antiphona
2083 3289 2385 3338 curventur
2423 3299 2592 3354 super
2623 3283 2831 3337 formas
2873 3284 2977 3338 sub
3015 3284 3236 3340 silentio
3265 3286 3348 3340 di-

1748 3377 1939 3427 centes
1968 3374 2137 3440 Kyrie
2174 3374 2392 3435 eleison,
2419 3373 2582 3426 Pater
2611 3376 2813 3438 noster,
2844 3389 3038 3443 preces
3064 3374 3175 3442 Ego
3197 3375 3342 3439 dixi,

1748 3463 1997 3525 Domine,
2034 3460 2312 3531 psalmum
2345 3462 2598 3514 Miserere
2632 3463 2760 3526 mei,
2812 3462 2971 3528 Deus,
3012 3462 3195 3517 solum
3223 3462 3348 3517 sine

1749 3551 1939 3606 Gloria
1963 3552 2142 3614 Patri,
2176 3549 2464 3604 collectam
2492 3550 2722 3618 Respice,
2738 3565 3068 3619 quaesumus,
3093 3553 3342 3617 Domine;

1749 3638 2021 3710 signoque
2049 3638 2193 3693 facto
2218 3626 2290 3692 ab
2316 3636 2517 3692 abbate
2546 3639 2633 3692 vel
2659 3638 2848 3709 priore
2876 3644 3169 3711 surgentes
3192 3639 3349 3695 incli-

1751 3733 1908 3792 nent,
1939 3728 2085 3781 sicut
2111 3728 2312 3791 solent,
2346 3732 2478 3780 ante
2499 3731 2557 3781 et
2569 3731 2739 3793 retro,
2757 3733 2814 3782 et
2831 3732 2940 3782 stet
2961 3729 3347 3801 unusquisque

1751 3816 1808 3870 in
1852 3817 1972 3871 loco
2026 3833 2127 3871 suo
2160 3820 2454 3887 usquequo
2493 3816 2763 3887 magister
2792 3818 3072 3873 infantum
3101 3819 3349 3874 internas

1750 3922 2010 3960 accensas
2047 3905 2104 3959 in
2137 3905 2371 3959 chorum
2400 3904 2631 3970 deferat,
2667 3910 2725 3959 et
2748 3905 2885 3976 ipsis
2912 3906 3219 3963 infantibus
3245 3909 3352 3964 tri-

1752 3993 1890 4048 buat
1919 4016 1932 4057 ;
1967 3993 2303 4047 secretarius
2342 4009 2564 4064 quoque
2594 3994 2860 4048 accendat
2887 3995 3078 4050 lumen
3105 4002 3236 4051 ante
3260 3998 3345 4051 al-

1751 4090 1892 4146 tare,
1927 4083 2075 4136 unde
2090 4084 2324 4151 juvenes
2353 4083 2600 4136 laternas
2628 4099 2760 4137 suas
2783 4083 3108 4139 accendant.
3141 4085 3242 4140 His
3266 4086 3349 4140 ita

1754 4171 2012 4243 peractis,
2046 4176 2402 4225 revertantur
2428 4187 2624 4225 omnes
2647 4171 2717 4224 ad
2748 4171 2922 4226 lectos
2949 4189 3100 4231 suos.

1820 4261 2157 4315 Lucescente
2186 4258 2297 4324 die,
2343 4258 2424 4312 ita
2469 4263 2534 4312 ut
2570 4259 2728 4329 pueri
2772 4264 2829 4313 et
2850 4261 3083 4330 juvenes
3120 4262 3242 4317 sine
3269 4264 3347 4318 la-

1681 4348 1923 4438 Dternis
1953 4348 2167 4420 possint
2191 4347 2359 4413 exire,
2374 4346 2628 4417 pulsetur
2654 4364 2690 4401 a
2719 4349 3022 4403 secretario
3051 4352 3342 4421 parvulum

180 4427 308 4487 Feria
334 4437 499 4490 tertia
527 4434 771 4490 radendi
800 4439 933 4490 sunt
960 4434 1184 4496 fratres.
1215 4434 1274 4486 in
1313 4433 1555 4487 claustro
1586 4427 1972 4509 tsi-"signum
2002 4436 2457 4492 modice.Statim
2485 4442 2780 4507 surgentes
2798 4437 2999 4493 fratres
3019 4440 3268 4496 caleeent
3285 4458 3345 4498 se

132 4518 214 4569 mni
234 4520 338 4590 ipsa
353 4524 441 4578 die
464 4544 479 4593 ;
504 4525 638 4580 etin
652 4524 900 4578 crastino
915 4522 1121 4578 debent
1143 4526 1292 4577 esset
1307 4521 1509 4576 balnea
1532 4538 1668 4593 prm-

137 4614 299 4671 Panta.
348 4612 480 4677 Quze
528 4629 643 4685 quo
686 4612 886 4667 ordine
930 4613 1087 4675 fiant,
1122 4617 1179 4666 et
1209 4610 1490 4681 quomodo
1536 4611 1668 4664 illuc

136 4694 281 4751 intres
301 4700 377 4756 ire
402 4708 459 4756 et
487 4702 739 4773 qualiter
766 4700 845 4755 ibi
884 4718 945 4755 se
982 4700 1189 4756 habere
1213 4700 1471 4765 debeant,
1502 4716 1670 4771 supe-

138 4781 216 4836 rius
230 4786 418 4844 dictum
450 4796 558 4858 est,
605 4806 733 4845 cum
770 4806 957 4845 sermo
987 4794 1136 4844 esset
1171 4790 1240 4843 de
1285 4788 1497 4844 balneis
1539 4794 1670 4844 ante

140 4869 287 4930 Christi
306 4880 671 4936 Nativitatem
702 4879 1100 4951 praeparandis.

186 4960 312 5019 Feria
337 4976 541 5039 quarta
560 4986 678 5024 non
697 4975 903 5039 agatur
928 4967 1210 5041 processio
1231 4987 1244 5036 ;
1276 4974 1476 5023 cratera
1494 4985 1671 5040 agan-

140 5056 197 5101 mr
217 5069 348 5111 more
370 5059 539 5113 solito
571 5073 755 5129 usque
784 5058 856 5112 ad
894 5074 1175 5129 vesperas.
1223 5058 1369 5111 Ante
1409 5074 1672 5128 vesperas

144 5150 212 5191 Mn
225 5142 461 5202 dicantur
478 5147 691 5220 psalmi
702 5149 1103 5211 Deus,auribus
1124 5150 1345 5212 nostris,
1378 5147 1674 5218 pulsentur

142 5224 250 5296 tigna
270 5234 407 5291 sicut
431 5238 495 5292 in
518 5238 684 5292 festis
721 5236 940 5300 diebus,
967 5236 1383 5309 responsorium
1426 5237 1674 5291 Gircum-

146 5316 345 5377 dalet-unt
370 5343 473 5380 me.
495 5324 989 5380 Hebdomadarius
1014 5332 1180 5380 canat
1191 5343 1382 5397 preces
1402 5326 1512 5393 Ego
1527 5328 1670 5391 dixi,

144 5402 328 5479 Domine,
374 5415 634 5486 psalmus
668 5414 734 5469 ad
790 5431 981 5486 preces
1027 5415 1376 5469 solummodo
1424 5417 1679 5469 Miserere

147 5498 230 5559 πεί,
254 5499 398 5568 Deus,
439 5501 657 5575 psalmi
683 5501 954 5575 prostrati
982 5518 1095 5556 non
1119 5501 1396 5557 dicantur.
1425 5503 1561 5557 Post
1583 5519 1678 5557 ve-

1749 4526 2174 4584 nocturnalibus
2207 4524 2342 4591 suis,
2375 4529 2432 4578 et
2468 4524 2547 4579 sic
2594 4524 2818 4580 veniant
2845 4526 2903 4580 in
2932 4527 3185 4595 chorum,
3217 4548 3347 4586 cur-

1752 4621 1946 4671 vantes
1998 4632 2057 4669 se
2097 4630 2265 4686 super
2308 4614 2515 4668 formas
2562 4614 2619 4666 in
2664 4614 2860 4669 ordine
2890 4632 3011 4682 suo,
3056 4634 3348 4692 quousque

1753 4709 1942 4770 232
1970 4703 2211 4757 infantes
2242 4701 2484 4756 veniant.
2518 4701 2626 4766 Qui
2654 4702 2789 4757 dum
2817 4705 3090 4774 venerint,
3122 4714 3350 4779 peracta

1752 4792 2025 4858 oratione,
2050 4792 2307 4862 factoque
2325 4790 2486 4861 signo
2511 4790 2582 4845 ab
2601 4790 2825 4863 abbate,
2847 4801 3143 4867 surgentes
3156 4799 3347 4854 statim

1752 4882 2024 4953 incipient
2040 4882 2312 4953 hymnum
2338 4883 2465 4935 Jam
2493 4882 2632 4936 lucis
2660 4888 2778 4937 orto
2796 4885 2992 4953 sidere,
3014 4886 3224 4958 absque
3243 4890 3349 4944 Deo

1754 4974 1913 5026 Patri
1939 4974 2011 5024 sit
2034 4972 2234 5039 gloria.
2263 4970 2329 5025 Et
2352 4970 2615 5025 inchoata
2633 4972 2961 5044 antiphona,
2988 4974 3247 5031 dicantur
3263 4994 3349 5032 re-

1752 5060 1978 5131 gulares
2008 5059 2230 5131 psalmi,
2274 5065 2331 5114 et
2376 5061 2697 5130 Quicunque
2727 5066 2846 5117 vult
2874 5063 2996 5118 sine
3030 5064 3219 5119 Gloria
3246 5068 3348 5120 Pa-

1758 5152 1854 5203 tri.
1886 5148 2072 5203 Finita
2107 5148 2435 5220 antiphona,
2484 5151 2699 5205 curvati
2748 5168 2918 5223 super
2935 5153 3163 5219 formas,
3196 5154 3350 5207 dicat

1755 5237 2140 5310 unusquisque
2168 5239 2315 5310 apud
2354 5254 2414 5294 se
2441 5237 2499 5293 in
2520 5238 2742 5294 silentio
2772 5243 2941 5308 Kyrie
2963 5243 3347 5302 eleison,Patcr

1759 5334 1959 5403 noster,
1994 5329 2161 5385 Credo
2198 5332 2263 5383 in
2294 5331 2486 5395 Deum,
2519 5345 2712 5400 preces
2740 5345 2915 5399 usque
2944 5329 3015 5383 ad
3051 5329 3349 5385 eonfessio-
3450 5402 3455 5409 ‘

1759 5435 1907 5484 nem,
1951 5417 2209 5489 factoque
2250 5418 2413 5489 signo
2441 5417 2513 5471 ab
2555 5418 2773 5483 abbate,
2806 5418 3025 5471 dicatur
3051 5418 3344 5475 confessio.

1759 5505 1970 5560 Deinde
1985 5506 2218 5573 silenter
2234 5522 2358 5577 qua:
2382 5511 2699 5578 sequuntur
2719 5505 2936 5560 dicant:
2952 5507 3210 5563 Converte
3230 5525 3344 5577 nos,

149 5592 281 5648 3m
304 5589 369 5645 de
407 5590 681 5647 omnibus
727 5591 967 5658 Sanctis,
1000 5591 1257 5647 dicantur
1292 5606 1536 5662 vesperae
1578 5609 1680 5664 pro
1763 5599 1816 5650 et
1830 5600 2071 5662 caetera;
2102 5595 2355 5650 Miserere
2374 5596 2500 5660 mei,
2522 5597 2679 5662 Deus,
2705 5593 2827 5650 sine
2847 5593 3353 5666 Gloria,collectam

321 5689 596 5754 Panon.
647 5690 768 5752 CL.

3042 5702 3116 5763 15
