3978 6174
528 297 642 359 459
1512 299 1575 356 Β.
1616 299 2031 359 LANFRANCI
2071 303 2431 364 CANTUAR.‘
2472 305 2813 365 ARCHIEP.
3666 318 3764 376 4m

522 430 755 514 ﬂumine
971 421 1070 512 qui
1089 428 1163 480 ad
1183 423 1552 512 principium.
1577 424 1711 480 Post;
1733 424 2182 491 haecdicanthrA
2200 432 2287 487 lus
2309 449 2343 487 a
2371 436 2764 490 communione
2809 451 2870 489 se
2916 428 3230 502 Subtrahat,
3280 434 3386 494 nisi
3427 441 3763 500 subtrahendi

524 519 583 572 in
614 512 727 572 alto
769 509 982 602 septem
1012 509 1212 606 psalmi
1249 509 1461 584 absque
1515 514 1728 580 Gloria,
1775 527 1901 570 cum
1951 514 2116 573 solita
2197 523 2544 577 rationabilis
2564 519 2732 578 causa
2761 525 2963 578 existat
2990 524 3110 597 (65)
3161 526 3447 583 Celebrata
3477 526 3585 586 fere
3611 527 3765 588 missa

524 608 754 694 litania;
799 605 1001 659 deinde
1030 603 1346 694 sedeantin
1385 605 1629 657 claustro
1657 607 1834 694 usque
1865 607 2110 662 tertiam.
2196 609 2556 682 reportentur
2583 613 2642 666 in
2669 614 2900 666 chorum
2945 610 3171 680 formes;
3212 614 3463 686 pulsetur
3497 617 3677 676 tabula
3703 619 3765 677 ad

521 693 661 750 Cum
687 688 908 782 tempus
935 693 1116 782 tertiae
1142 689 1539 782 fueritpsone‘t
1578 688 1910 782 secretarius
1946 697 2114 750 mini-
2194 701 2473 771 veSperas.
2496 697 2723 772 Expleta
2749 703 2915 756 missa
2943 705 3036 756 ﬂat
3063 705 3243 758 oratio
3285 705 3591 776 vespertina
3613 717 3766 782 supra

519 798 674 836 mum
703 781 945 851 signum,
977 781 1122 834 sicut
1161 780 1286 833 aliis
1324 779 1539 834 diebus.
1568 781 1722 834 Tunc
1743 789 1981 852 pergant
2007 785 2114 838 fra-
2194 788 2419 842 formas.
2474 787 2696 844 Interea
2755 791 3012 846 sacerdos
3061 794 3406 863 praecedente
3441 779 3765 866 processione

517 877 634 925 tres
663 887 722 924 se
752 871 1017 934 calceare,
1047 875 1105 923 et
1151 875 1368 928 caetera,
1419 866 1566 923 sicut
1603 871 1728 923 aliis
1761 868 1959 926 diebus
1990 875 2108 927 ﬁeri
2193 893 2320 930 cum
2346 879 2416 931 ad
2447 876 2625 932 altare
2669 880 2838 944 venit,
2890 881 3058 935 vadat
3096 880 3166 934 ad
3216 883 3394 938 locum
3426 887 3762 943 constitbtum

515 960 676 1046 solet,
709 960 928 1029 pulsato
958 959 1026 1012 ad
1060 959 1285 1046 tertiam
1315 957 1494 1028 signo,
1527 959 1874 1013 factistribus
1902 963 2111 1016 oratio-
2193 963 2585 1020 decentissime
2630 973 3024 1037 prmparatum,
3079 969 3266 1040 ibique
3308 981 3540 1043 reponat
3582 989 3762 1046 corpus

513 1044 680 1103 nibus
710 1045 907 1136 solitis.
929 1043 1155 1102 Pulsat'u
1188 1048 1297 1102 alio
1341 1045 1502 1117 signo
1540 1048 1765 1102 inchoet
1788 1046 1970 1103 infans
2000 1057 2111 1105 sta-
2192 1053 2438 1123 Domini,
2472 1056 2756 1110 incensato
2781 1057 2902 1126 ipso
2936 1057 3074 1122 loco,
3103 1065 3159 1111 et
3201 1066 3331 1113 ante
3370 1043 3758 1132 repositionem,

514 1138 617 1190 tim
640 1139 914 1208 hymnum
944 1140 1038 1192 Dei
1067 1139 1170 1204 fide
1189 1151 1299 1205 qua
1321 1139 1588 1203 vivimus;
1624 1138 1720 1191 sed
1751 1151 1860 1191 non
1889 1137 2109 1193 dicatur
2190 1150 2246 1197 et
2265 1151 2388 1214 post
2420 1142 2838 1213 repositionem.
2868 1146 3012 1198 Ante
3033 1160 3198 1216 quem
3228 1147 3409 1201 locum
3441 1147 3620 1204 lumen
3649 1151 3762 1207 con-

509 1227 744 1281 uitimus
771 1231 964 1279 versus
991 1227 1177 1282 Gloria
1206 1227 1323 1290 tibi,
1355 1227 1623 1279 Trinitas.
1651 1223 1719 1279 Et
1747 1229 2107 1296 pronuntiata
2189 1233 2344 1286 tinue
2369 1234 2582 1286 ardeat.
2610 1234 2730 1296 Quo
2767 1235 3061 1303 completo,
3107 1235 3313 1290 vadant
3337 1237 3395 1292 in
3425 1240 3755 1295 refectodum

511 1308 820 1385 antipliona
847 1314 1105 1368 dicantur
1133 1315 1333 1384 psalmi
1365 1315 1651 1383 regulares
1682 1329 1715 1367 a
1745 1315 1907 1369 beato
1938 1317 2107 1370 Bene-

509 1404 658 1493 dicto
679 1397 923 1493 instituti
939 1404 1057 1456 sine
1079 1405 1295 1493 Gloria;
1329 1402 1768 1493 dictisipsalmi's,
1794 1411 1850 1457 et
1870 1420 2104 1474 percan-
2187 1419 2336 1473 ante,
2370 1418 2425 1464 et
2476 1419 2626 1464 retro
2661 1422 2791 1464 ante
2835 1411 3033 1464 sedilia
3061 1425 3181 1476 sua,
3225 1420 3281 1466 et
3309 1411 3648 1470 considentes
3675 1434 3758 1471 su-

508 1485 985 1584 antiphona,
1019 1487 1232 1545 curvati
1265 1505 1437 1580 supra
1485 1492 1692 1545 formas
1716 1493 1917 1584 dicant
1938 1494 1993 1546 in
2024 1496 2101 1584 si-
2185 1506 2343 1553 mant
2372 1500 2601 1554 mistum
2627 1500 2699 1553 de.
2729 1513 2872 1569 pane
2892 1506 3113 1553 tantum
3135 1507 3192 1554 et
3221 1508 3375 1572 potu,
3409 1517 3570 1573 quem
3609 1519 3758 1576 super

508 1581 682 1669 lentio
710 1577 880 1669 [lyrica
908 1580 1190 1645 'eleiso'n,et
1221 1577 1420 1669 caetera
1450 1595 1572 1650 qua;
1615 1577 1946 1669 sequuntur.
1980 1579 2102 1636 Col-
2177 1590 2427 1660 justitias
2456 1605 2586 1643 suas
2617 1607 2650 1642 a
2679 1589 3052 1642 refectorariis
3071 1588 3130 1642 in
3161 1591 3388 1661 scyphis
3426 1593 3658 1663 positum
3686 1595 3756 1648 in-

506 1665 662 1723 lecta
695 1665 922 1737 Respice,
952 1673 1285 1737 'quaysumus,
1318 1667 1566 1722 Domine.
1607 1670 1742 1723 Post
1778 1667 1894 1723 hinc
1922 1672 2102 1741 pulse-
2185 1679 2461 1732 venerint.

507 1763 600 1812 tur
628 1751 853 1812 solitum
875 1758 1098 1842 signum
1131 1758 1197 1810 ad
1216 1753 1554 1842 capitulum,
1607 1759 1768 1812 lectio
1798 1760 1917 1812 sine
1945 1758 2097 1824 Jube,
2119 1776 2165 1842 Β
2261 1769 2404 1821 Dum
2435 1765 2551 1820 haec
2575 1773 2838 1835 aguntur,
2863 1767 3184 1820 celierarius
3198 1773 3255 1821 et
3282 1769 3749 1840 eieemosynarius,

503 1851 718 1912 demite,
754 1845 944 1901 versus
966 1847 1024 1900 in
1047 1841 1269 1900 silentio
1295 1847 1534 1908 dicatur,
1568 1843 1788 1916 legatur
1821 1850 2067 1902 sententi:

2179 1864 2236 1910 et
2264 1856 2448 1910 caeteri
2491 1854 2694 1925 quibus
2719 1855 3034 1922 injunctum
3065 1855 3254 1922 fuerit,
3273 1857 3752 1928 introducantpau-

503 1938 573 1991 de
600 1931 1000 2026 raginghw
1031 1931 1315 2026 Benedicti
1337 1931 1457 1989 δίὶιθ
1495 1939 1573 1989 Tu
1602 1942 1808 2026 ᾳιξτονην
1840 1939 2097 2007 factoque
2178 1963 2338 2017 peres
2359 1946 2417 1998 in
2449 1945 2774 2006 claustrum,
2811 1949 2868 1996 et
2894 1944 3102 1997 faciant
3126 1962 3219 1998 eos
3254 1946 3512 2000 ordinate
3552 1947 3744 2010 sedere,

503 2043 568 2080 ex
600 2025 666 2078 ea
693 2022 970 2117 sermone,
1005 2025 1267 2117 correctis
1307 2039 1428 2094 qua
1475 2022 1680 2117 corrigi
1730 2032 1972 2096 oportet,
2009 2028 2096 2081 di-
2180 2026 2420 2088 alterum
2449 2034 2617 2102 juxta
2663 2033 2923 2112 alterum.
2953 2034 3060 2096 Qui
3109 2045 3404 2104 pauperes,
3443 2037 3745 2107 priusquam

495 2119 698 2168 cantur
751 2110 1182 2168 consuetudines
1227 2127 1348 2183 quae
1402 2113 1630 2182 agendae
1678 2120 1810 2167 sunt
1851 2115 1919 2167 ab
1972 2117 2093 2185 ipso
2175 2125 2481 2177 claustrum
2538 2122 2839 2186 introeant,
2898 2105 3068 2192 pedes
3115 2139 3245 2176 suos
3303 2105 3528 2178 abluere
3566 2105 3750 2179 debent

2187 1324 2439 1392 accipere
2459 1323 2707 1376 mistum.
2735 1323 2976 1390 lngrcssi
2999 1319 3187 1376 autem
3214 1324 3761 1383 refectoriumfaciant

493 2198 738 2274 capitulo
784 2215 964 2273 usque
1001 2202 1071 2256 ad
1115 2199 1423 2256 crastinum
1465 2203 1774 2272 capitulum
1825 2223 1836 2268 ;
1889 2204 2092 2258 dehinc

491 2292 826 2346 ordinentur
854 2305 978 2362 quae
1006 2292 1076 2345 ad
1108 2290 1397 2346 servitium
1426 2290 1600 2344 totius
1626 2289 1736 2345 diei
1777 2291 2088 2346 ordinanda

490 2386 622 2435 sunt
672 2381 885 2445 Quibus
913 2375 1185 2434 ordinatis
1221 2385 1459 2448 surgant
1487 2387 1751 2433 canentes
1780 2381 1892 2434 alte
1926 2383 2087 2434 Verba

490 2479 610 2524 mea
635 2471 684 2524 si
712 2465 1054 2536 defunctum",
1079 2475 1180 2522 aut
1209 2470 1380 2522 Breve
1409 2483 1509 2538 pro
1538 2465 1797 2522 defuncto
1821 2469 2082 2523 habeant.

483 2561 549 2614 In
567 2552 792 2614 silentio
823 2565 1012 2613 autem
1041 2559 1230 2612 dicant
1258 2557 1421 2610 Pater
1454 2563 1655 2623 noster,
1688 2559 1731 2613 Α
1763 2558 1924 2626 paria
1947 2559 2085 2626 infe-

480 2652 555 2713 ri;
603 2640 842 2712 Absolve,
884 2645 1132 2703 Domine.
1187 2647 1417 2700 Pulsata
1453 2643 1645 2700 tabula
1686 2647 1989 2717 loquantur
2026 2648 2083 2702 in

483 2738 747 2792 claustro.

553 2825 696 2882 Cum
724 2821 948 2898 tempus
989 2826 1160 2880 tuerit
1187 2827 1444 2896 pulsetur
1474 2825 1696 2894 signum
1729 2821 1799 2877 ad
1840 2830 2073 2891 sextam,

482 2922 539 2972 et
564 2919 714 2972 iacta
743 2907 994 2972 creticae
1021 2917 1354 2987 pulsataque
1382 2913 1491 2969 alio
1520 2911 1705 2984 signo,
1739 2913 1964 2967 inchoet
1988 2914 2075 2967 in-

2173 2227 2319 2281 aqua
2347 2210 2545 2275 calida,
2570 2226 2603 2262 a
2633 2207 2960 2264 camerariis
2981 2212 3323 2266 ministrata.
3347 2215 3546 2269 Omnia
3566 2231 3680 2268 vero
3697 2216 3748 2268 in

2170 2300 2304 2352 locis
2335 2298 2794 2352 convenientibus
2813 2299 3021 2354 debent
3048 2315 3170 2354 esse
3191 2308 3520 2372 praeparata,
3555 2318 3667 2372 quae
3686 2302 3746 2354 ad

2169 2383 2496 2442 mandatum
2522 2402 2663 2456 Opus
2681 2387 2812 2440 sunt
2829 2387 3162 2453 necessaria,
3180 2389 3391 2443 scilicet
3419 2389 3560 2461 aqua
3586 2391 3746 2444 calida

2167 2492 2202 2528 a
2228 2472 2570 2541 camerariis,
2607 2477 2668 2529 in
2699 2475 2846 2529 vasis
2875 2476 3090 2530 idoneis
3120 2486 3320 2547 parata
3350 2498 3362 2543 ;
3410 2480 3516 2532 alia
3545 2495 3743 2550 quoque

2167 2579 2316 2625 vasa,
2347 2579 2412 2618 ac
2440 2565 2678 2618 ters'oria
2709 2565 2780 2618 ad
2813 2566 3001 2635 pedes,
3047 2568 3402 2637 manutergia
3447 2569 3514 2621 ad
3542 2583 3738 2629 manus,

2168 2671 2201 2706 a
2228 2650 2514 2707 cellerario
2545 2653 2735 2723 scyphi
2767 2661 2826 2706 et
2852 2655 3036 2723 potus,
3069 2661 3126 2708 et
3166 2656 3213 2708 si
3261 2672 3383 2726 qua:
3413 2663 3542 2710 sunt
3568 2657 3742 2724 hujus-

2167 2742 2337 2794 modi.
2371 2740 2579 2795 Praasto
2611 2741 2724 2794 sint
2745 2741 2815 2794 ad
2849 2743 3200 2796 serviendum
3225 2742 3420 2798 famuli
3449 2742 3739 2797 camerarii.

2162 2837 2218 2882 et
2254 2831 2492 2884 aliorum
2543 2827 2931 2884 ministrorum
2987 2831 3082 2902 qui
3120 2832 3189 2884 ad
3232 2833 3335 2886 hoc
3385 2831 3516 2886 sunt
3553 2831 3738 2890 idonei,

2161 2919 2265 2982 Qui
2296 2913 2470 2990 prius,
2499 2935 2600 2990 per
2629 2935 2723 2972 eos
2757 2919 2962 2989 quibus
2994 2921 3216 2989 jussum
3253 2922 3442 2984 fuerit,
3498 2921 3629 2974 bene
3664 2919 3743 2972 dc-

478 3009 603 3062 ia’ns
631 3008 906 3090 hymnum
936 3011 993 3060 et
1019 2997 1237 3069 cetera,
1274 3005 1416 3058 sicut
1444 3004 1699 3057 fecerunt
1719 3003 1788 3090 ad
1809 3004 2034 3057 tertiam
2060 3022 2072 3068 ;
2160 3007 2293 3090 bent
2321 3025 2441 3061 esse
2469 3007 2725 3062 instructi
2757 3009 3000 3078 qualiter
3027 3009 3121 3062 eos
3144 3010 3354 3062 servire
3368 3017 3630 3080 oporteat.
3654 3007 3740 3061 His

480 3074 688 3151 dehinc
716 3097 936 3167 pulsato
962 3096 1122 3164 signo
1152 3096 1455 3164 lquantur
1482 3094 1686 3146 iterum
1723 3087 1780 3145 i'n
1811 3089 2073 3146 claustro.
2091 3101 2135 3160 ο
2156 3074 2238 3150 ita
2265 3097 2555 3162 ordinatis,
2585 3114 2711 3151 cum
2743 3074 2919 3151 visum
2951 3097 3118 3151 fuerit
3138 3097 3344 3162 abbati,
3371 3074 3576 3168 surgat.
3606 3095 3740 3150 Reli-

478 3181 636 3240 Ταηό
665 3181 999 3240 secretarius
1029 3185 1213 3254 pulset
1255 3191 1455 3253 parum
1498 3183 1722 3250 signum
1756 3181 2074 3247 minimum,

479 3269 625 3329 sicut
669 3268 728 3328 in
782 3266 1075 3328 duodecim
1127 3268 1456 3326 lectionibus
1503 3276 1637 3323 ante
1683 3270 2073 3324 matutinale'm

478 3358 730 3418 missam.
761 3363 1088 3418 Celebret’ur
1113 3368 1248 3415 tunc
1279 3362 1346 3415 ab
1377 3359 1811 3414 hebdomadario
1841 3361 2073 3413 minoris

477 3454 660 3508 missae
688 3443 861 3506 inissa
891 3445 1229 3522 pauperibus
1261 3451 1356 3520 qui
1391 3450 1653 3502 mandato
1678 3450 1949 3502 interesse
1971 3449 2069 3502 de-

477 3542 636 3602 bent,
661 3532 900 3594 du‘cente
951 3553 1046 3593 eos
1070 3539 1244 3592 fratre
1277 3537 1736 3608 eleemosynario,
1769 3552 2073 3607 cooperan-

475 3620 626 3686 tib'us
653 3620 870 3686 caeteris
897 3628 1163 3683 fratribus
1182 3628 1383 3698 quibus
1411 3620 1727 3696 injunctum
1756 3625 1940 3678 fuerit.
1973 3626 2072 3679 Ex-

476 3722 628 3792 pleta
657 3721 851 3787 missa,
881 3716 1258 3773 communicet
1305 3716 1563 3770 sacerdos
1609 3717 1760 3785 ipSos
1795 3722 2070 3785 pauperes

475 3810 546 3864 de
593 3803 794 3862 oblatis
821 3821 934 3860 non
982 3805 1338 3870 consecratis,
1390 3804 1550 3873 signo
1597 3810 1818 3857 tantum
1865 3809 2070 3857 sanctae

473 3887 670 3962 crucis,
704 3888 763 3950 in
784 3888 1008 3950 nomine
1036 3894 1262 3948 Domini
1297 3908 1466 3964 super
1496 3907 1591 3946 eos
1634 3892 1818 3958 facto;
1869 3893 2069 3946 dehinc

472 3977 752 4041 ducantUr
780 3985 849 4038 ad
878 3976 1261 4038 reficiendum.

541 4075 644 4129 liis
673 4074 830 4141 actis,
854 4065 1077 4144 pulsato
1097 4071 1256 4141 signo
1289 4070 1360 4123 ad
1388 4069 1783 4132 n0nam,facta
1813 4069 2065 4122 oratione

469 4165 804 4236 pulsataque
851 4163 960 4216 alio
994 4159 1177 4231 signo,
1226 4164 1463 4213 canatur
1499 4172 1666 4222 nona,
1700 4166 1765 4210 ut
1804 4157 1974 4210 tertia
2009 4163 2066 4210 et

467 4247 779 4317 sexta.Qua
797 4245 1040 4315 cantata,
1060 4245 1369 4303 induantur
1387 4248 1630 4300 infantes
1647 4252 1704 4298 et
1723 4245 1818 4315 qui
1837 4246 2065 4298 missam

467 4348 600 4396 sunt
622 4332 984 4405 celebraturi,
1035 4338 1293 4392 sacerdos
1345 4335 1618 4399 videlicet,
1651 4335 1735 4388 vel
1771 4333 1942 4387 abbas
1972 4335 2066 4388 ho-

2160 3187 2254 3257 qui
2279 3193 2467 3253 πως
2501 3201 2723 3257 quoque
2743 3183 2945 3239 fratres
2969 3195 3267 3256 surgentes
3290 3197 3420 3241 ante
3437 3195 3491 3241 et
3511 3192 3650 3240 retro
3669 3185 3740 3237 in-

2157 3277 2384 3329 clinent.
2422 3276 2643 3344 Egressi
2672 3276 3027 3329 refectorium
3058 3276 3302 3329 infantes
3331 3277 3601 3330 divertaut
3626 3289 3737 3327 cum

2157 3364 2441 3433 magistris
2491 3364 2605 3418 suis
2640 3364 2698 3417 in
2741 3364 2948 3416 scolam
2996 3379 3176 3425 suam,
3211 3364 3402 3434 ibique
3431 3370 3574 3418 stent
3603 3361 3737 3415 misti

2153 3453 2439 3521 magistris
2466 3453 2582 3505 suis
2629 3458 2758 3506 aute
2789 3467 3064 3522 pauperes
3104 3455 3256 3516 Suos,
3300 3453 3501 3522 reliqui
3538 3465 3738 3522 quoque

2156 3541 2358 3594 fratres
2375 3548 2670 3610 surgentes
2685 3543 2912 3594 veniant
2931 3547 3062 3594 ante
3084 3557 3362 3611 pauperes
3384 3547 3591 3606 suos,et
3604 3544 3738 3592 stent

2154 3629 2409 3683 ordinate
2442 3634 2571 3682 ante
2603 3645 2716 3693 eos,
2752 3630 2896 3683 sicut
2937 3636 3068 3685 sunt
3097 3629 3334 3700 priores,
3376 3630 3577 3700 singuli
3620 3632 3736 3681 ante

2153 3717 2400 3788 singulos
2427 3737 2438 3784 ;
2474 3719 2644 3772 abbas
2674 3735 2802 3772 vero
2833 3719 2973 3772 duos
3001 3718 3225 3772 habeat.
3249 3721 3404 3773 Tunc
3424 3719 3571 3790 prior
3590 3719 3734 3787 jussu

2153 3804 2370 3859 abbatis
2393 3803 2671 3876 percutiat
2688 3806 2936 3860 tabulam
2965 3806 3146 3859 tribus
3174 3806 3400 3871 ictibus,
3416 3814 3472 3860 et
3489 3805 3733 3858 inclinan-

2150 3900 2236 3948 tes
2265 3911 2324 3948 se
2355 3895 2508 3948 ﬂexis
2525 3896 2594 3949 ad
2620 3902 2831 3949 terram
2862 3895 3099 3966 genibus
3119 3896 3360 3950 adorent
3386 3895 3654 3950 Christum
3681 3892 3732 3944 in

2151 3984 2509 4054 pauperibus.
2547 3983 2733 4038 Abbas
2781 3985 2864 4037 vel
2894 3993 3090 4038 cantor
3122 3984 3359 4056 incipiat
3386 3984 3729 4053 antiphonam

2147 4074 2417 4126 Dominus
2438 4075 2611 4139 Jesus,
2638 4078 2695 4126 et
2713 4073 2852 4127 alias
2880 4089 3002 4144 quae
3032 4074 3392 4128 conveniunt.
3412 4071 3620 4142 Singuli
3635 4069 3731 4123 siu-

2145 4157 2293 4230 gulis
2347 4162 2580 4215 abluunt
2615 4164 2804 4232 pedes,
2848 4169 3074 4231 tergunt
3113 4167 3169 4215 et
3209 4164 3532 4216 osculentur
3559 4177 3646 4214 ore
3679 4164 3729 4210 et

2149 4250 2338 4302 oculis.
2376 4250 2594 4304 Ablutis
2633 4257 2962 4305 cunctorum
2993 4251 3226 4321 pedibus
3267 4266 3590 4322 pauperum,
3627 4247 3724 4300 duo

2147 4353 2211 4390 ex
2242 4331 2506 4392 fratribus
2529 4339 2730 4409 quibus
2751 4342 2973 4408 jussu'm
3001 4340 3173 4393 fuerit
3193 4339 3518 4394 ministrent
3534 4335 3720 4398 abbati,

464 4427 712 4496 noriiic'e,
763 4430 1032 4483 diaconus
1065 4426 1386 4492 dal‘mati'ca,
1431 4422 1803 4478 subdiaconus
1847 4423 2057 4490 tunica,
2081 4416 2292 4478 D'unus
2325 4433 2550 4496 aquam,
2585 4434 2642 4480 et
2680 4429 2824 4480 alter
2853 4427 3297 4497 manutergium,
3335 4427 3525 4482 famuli
3555 4432 3724 4478 autem

464 4519 576 4573 duo
601 4518 672 4572 ad
713 4507 1154 4588 responso‘t'ium,
1183 4521 1302 4568 tres
1335 4509 1585 4568 coniiersi
1613 4510 1727 4584 (64)
1760 4511 1829 4565 ad
1861 4513 2058 4565 cande-

461 4606 637 4670 labra,
667 4612 730 4660 et
778 4597 1148 4659 thu'ri‘b'u'ium.
1206 4603 1439 4657 Interim
1487 4601 1822 4656 auferantur
1863 4603 2055 4654 forma:

459 4697 530 4751 de
556 4691 726 4750 c'horo
751 4693 873 4765 qua:
903 4693 1110 4748 auferri
1139 4685 1352 4760 solent;
1386 4687 1680 4763 pulsentur
1723 4687 1884 4760 signa
1912 4691 2055 4744 sicut

457 4781 517 4836 in
540 4776 698 4838 festis
717 4783 932 4836 diebus.
965 4787 1179 4836 Cantor
1207 4776 1680 4836 hebdomadarius
1703 4779 1934 4834 chorum
1966 4782 2050 4830 te-

457 4876 591 4926 neat
619 4873 676 4927 in
726 4881 920 4942 ce'ppa,
976 4871 1150 4925 missa
1183 4867 1374 4924 festive
1405 4871 1737 4935 celebretur,
1768 4868 1958 4924 Gloria
1987 4870 2051 4920 in

453 4965 670 5016 excelsis
695 4961 798 5016 Deo
827 4954 1059 5014 minime
1089 4953 1324 5025 dicatur,
1355 4954 1465 5013 nisi
1497 4959 1789 5029 episcopus
1821 4957 2048 5010 missam

449 5046 694 5105 celebret
721 5054 778 5104 et
799 5043 1053 5102 chrisma
1081 5048 1275 5115 iaciat;
1301 5062 1448 5102 nunc
1480 5047 1651 5101 etiam
1682 5047 1741 5099 in
1763 5048 1874 5099 iine
1911 5045 2046 5098 mis-

447 5157 524 5195 sze
557 5132 636 5194 Ite
679 5142 848 5192 missa
883 5144 957 5192 est
1001 5132 1224 5191 dicitur.
1275 5139 1382 5191 Tot
1420 5137 1613 5190 hostia:
1651 5139 1934 5205 ponantur
1976 5135 2047 5187 ad

445 5223 778 5285 sacrandum
811 5233 948 5300 quot
975 5219 1227 5282 sufficere
1255 5223 1474 5295 possint
1497 5221 1618 5296 ip'so
1637 5224 1726 5277 die
1755 5229 1810 5277 et
1837 5223 1895 5275 in
1923 5239 2046 5276 cra-

444 5319 591 5374 stino
621 5315 692 5372 ad
711 5311 1267 5372 Commuuicandum'.
1308 5315 1562 5377 Quatuor
1590 5312 1677 5366 his
1700 5311 1897 5366 diebus
1921 5313 2044 5365 nul-

508 5494 628 5567 (64)
651 5496 718 5550 Id
739 5501 848 5563 est,
882 5496 1097 5562 noritii,
1143 5503 1242 5549 s’e‘u
1283 5493 1496 5548 tirones
1535 5490 1812 5556 monachi,
1846 5488 1944 5561 qui
1974 5488 2038 5544 e'x

439 5583 581 5639 laico
611 5576 806 5640 ordine
833 5573 1255 5653 convertuntur,
1285 5574 1352 5638 ut
1378 5586 1535 5654 patet
1549 5580 1699 5635 infra
1727 5595 1776 5634 c.
1805 5576 1896 5637 20.

2141 4513 2371 4584 reliquis
2414 4515 2703 4571 fratribus.
2732 4516 2934 4570 Postea
2981 4517 3261 4586 accipiens
3307 4517 3478 4571 abbas
3518 4511 3725 4568 bacciiia

2139 4607 2197 4654 et
2225 4598 2642 4673 ina‘nutergium
2671 4621 2703 4658 a
2722 4604 2991 4658 fratribus
3013 4603 3110 4675 qui
3128 4605 3180 4658 ei
3206 4606 3534 4665 servierunt,
3544 4595 3723 4670 reliqui

2135 4689 2338 4745 fratres
2392 4709 2424 4746 a
2472 4690 2716 4758 famulis,
2750 4694 2997 4748 serviant
3036 4692 3093 4747 e't
3141 4694 3249 4764 ipsi
3299 4692 3664 4766 pauperibus;
3693 4704 3721 4740 ιι

2135 4778 2337 4848 quibus
2367 4779 2775 4851 subsequentes
2819 4782 3022 4836 fratres
3057 4782 3397 4852 accipientes
3427 4781 3720 4836 ministrent

2132 4866 2340 4933 abbati,
2378 4878 2433 4922 et
2455 4870 2657 4940 reliqui
2689 4871 2957 4925 fratribus
2985 4872 3223 4942 scyphos
3254 4887 3382 4925 cum
3409 4877 3561 4942 potu.
3592 4870 3718 4923 Tum

2132 4954 2285 5025 prior
2315 4958 2593 5026 percutiat
2615 4959 2866 5013 tabulam
2893 4960 3075 5014 tribus
3097 4959 3321 5025 ictibus,
3351 4966 3407 5014 et
3434 4959 3642 5013 dicatur
3658 4953 3720 5008 ab

2133 5044 2395 5100 omnibus
2420 5047 2712 5101 moderata
2742 5064 2871 5102 voce
2905 5051 3225 5115 Benedic-ite,
3251 5057 3305 5102 et
3328 5049 3462 5102 data
3483 5045 3718 5101 benedic-

2131 5132 2283 5186 tione
2312 5135 2566 5190 tribuant
2585 5141 2782 5208 p'otum
2815 5137 3160 5208 pauperibus
3198 5139 3514 5191 osculantes
3541 5147 3714 5189 eorum

2130 5237 2348 5288 manus,
2383 5231 2440 5278 et
2467 5227 2704 5296 receptis
2725 5227 2947 5298 scyphis
2969 5227 3103 5280 de‘nt
3125 5227 3330 5296 singuli
3351 5224 3581 5296 singulis
3601 5237 3718 5294 pau-

2127 5310 2355 5380 peribus
2375 5313 2516 5368 duos
2542 5315 2818 5382 denarios,
2833 5322 2934 5370 aut
2945 5313 3090 5386 'quot
3099 5315 3272 5369 abbas
3281 5311 3716 5386 praeceperit,ite-

2193 5488 2300 5558 (65)
2357 5491 2504 5546 Nota
2535 5493 2682 5564 quod
2709 5495 2811 5549 fer.
2842 5509 2914 5563 iv,
2953 5511 3007 5565 v,
3048 5508 3121 5562 vi,
3157 5498 3213 5549 et
3242 5493 3485 5549 sabbato
3509 5491 3709 5547 Eucha-

2122 5577 2343 5634 ristiam
2360 5582 2762 5653 percipiebant.
