3852 6178
182 300 252 362 461

1064 287 1396 363 DECRETA
1431 282 1575 363 PRO
1615 295 1888 363 ORDINE
1925 307 1984 362 s.
2026 278 2430 368 BENEDI‘CTI.

3276 288 3385 387 462

172 444 263 484 nim
283 431 578 484 Osculantes
605 434 801 486 eorum
843 436 1062 484 maniis.
1098 431 1255 502 Ipsos
1284 432 1542 487 denariOS
1566 422 1700 487 dare
1719 432 2147 500 A‘mon'aste‘rio,
2191 436 2339 506 quod
2385 440 2514 494 ante
2556 442 2908 500 collationem
2937 447 2995 502 in
3024 448 3383 515 refectui-ium

171 516 293 572 debet
305 516 547 571 fratribus
567 518 894 572 cellerarius
914 526 1013 572 aut
1026 520 1600 585 camerarius,secund
1610 534 1705 574 um

169 608 278 677 quod
290 596 456 660 abbati
469 607 646 660 visum
663 607 848 660 fuerit.
865 608 1090 661 Fratres
1108 609 1203 679 qui
1222 626 1286 662 eo
1299 626 1445 663 anno
1461 608 1705 663 defunCti

169 700 280 751 sunt.
292 706 405 748 sues
419 710 692 765 pauperes
708 696 775 748 ad
793 696 893 749 hoc
909 692 1231 751 mandatum
1248 697 1453 752 habere
1472 696 1697 768 debent;

165 782 369 839 similiter
380 789 432 837 et
440 784 745 838 familiares
756 784 855 849 illi,
872 801 973 855 pro
987 785 1188 855 quibus
1201 804 1346 840 unus
1362 789 1417 841 in
1433 789 1537 843 hoc
1551 809 1706 847 man-

166 865 531 943 dato'pauperes
562 871 768 926 debere
787 873 918 945 poni
948 873 1119 928 abbas
1147 875 1456 931 decreverit
1490 879 1703 943 Quibus

164 960 442 1033 pauperibus
470 961 789 1033 snpradicto
810 962 976 1016 modo
1014 964 1261 1018 serviant
1280 964 1480 1021 fratres
1502 968 1703 1039 quibus

166 1053 417 1119 injunctum
440 1051 629 1116 fuerit,
647 1052 789 1105 alter
808 1052 993 1106 nullus
1008 1061 1328 1123 praesumat.
1346 1055 1605 1119 Quandiu
1632 1060 1702 1114 ad

164 1145 238 1197 hoc
248 1140 544 1197 mandatum
556 1144 869 1211 cantant,id
880 1144 1125 1209 est,dum
1136 1163 1444 1217 pauperum
1458 1151 1627 1220 pedes
1641 1170 1703 1208 ac

163 1236 316 1286 manus
338 1231 608 1295 lavantur,
640 1232 835 1286 sedere
867 1237 1102 1303 possunt
1131 1233 1225 1304 qui
1274 1236 1484 1301 volunt,
1518 1256 1582 1292 eo
1618 1247 1700 1295 ta-

160 1338 257 1375 men
289 1321 435 1375 modo
468 1339 579 1394 quo
616 1314 844 1376 sedetur
880 1323 940 1376 in
992 1324 1180 1391 choro,
1214 1341 1325 1407 uno
1370 1326 1581 1383 scilicet
1612 1346 1704 1383 se-

158 1412 287 1464 dente
304 1411 437 1464 inter
451 1410 595 1465 duos
617 1402 851 1466 stantes.
880 1411 1025 1465 Dum
1048 1418 1236 1467 autem
1263 1404 1596 1486 propinatur
1611 1437 1704 1490 po-

158 1508 240 1559 tus,
263 1499 432 1553 sedere
460 1504 702 1571 poSsunt
729 1517 923 1555 omnes
955 1502 1271 1573 quicunque
1299 1505 1509 1570 volunt,
1558 1509 1703 1562 alter

153 1589 280 1655 juxta
296 1588 545 1651 alterum,
570 1604 682 1641 non
713 1586 1002 1642 observato
1026 1588 1120 1642 illo
1149 1590 1334 1644 standi
1367 1592 1449 1645 vel
1471 1594 1700 1648 sedendi

1788 521 2133 592 deportetur.
2166 524 2470 609 Postquam
2500 518 2700 586 fratres
2725 550 2759 588 a
2791 540 2985 590 mensa
3013 542 3379 625 surrexerint,

1788 614 1847 662 et
1882 611 1951 663 de
1984 613 2324 667 monasterio
2354 630 2417 671 ac
2445 614 2770 676 dormitorio
2802 624 2963 679 solito
2997 629 3151 683 more
3196 616 3382 685 i‘edie-

1788 697 1921 761 rint,
1951 686 2138 754 laVent
2166 698 2269 755 sibi
2301 704 2489 773 pedes,
2524 710 2586 760 ut
2615 708 2856 766 Sabbato
2884 715 3006 769 ﬁeri
3025 717 3168 772 solet
3199 738 3211 786 ;
3244 723 3384 791 prae-

1786 792 2059 855 parentur
2082 804 2283 845 cuncta
2301 809 2423 863 quae
2452 794 2523 849 ad
2542 798 2871 854 mandatum
2891 808 3025 858 sunt
3043 798 3379 863 necessaria.

1788 872 2029 929 Retectis
2054 877 2414 934 servitoribus
2433 886 2491 936 et
2517 882 2750 955 pedibus
2774 888 2997 958 ablutis,
3017 880 3277 965 pulsetur
3299 899 3383 952 ta-

1786 960 1934 1027 bula,
1971 969 2027 1017 et
2062 966 2133 1019 ad
2160 964 2462 1024 bibendum
2493 972 2551 1026 in
2581 975 2938 1032 refectorium
2970 960 3195 1041 vadant.
3248 1044 3251 1049 ,

1859 1046 1993 1104 Post
2031 1046 2147 1108 haec
2176 1059 2415 1125 egressis
2469 1060 2735 1117 fratribus
2764 1056 2832 1119 de
2874 1069 3189 1139 refectorio,
3228 1075 3383 1145 prior

1787 1139 2035 1203 claustri,
2051 1143 2283 1211 jubente
2312 1146 2531 1216 abbate,
2557 1153 2833 1221 percntiat
2850 1153 3099 1214 tabulam
3127 1160 3199 1216 ad
3226 1139 3383 1219 inan-

1786 1227 2001 1283 datu‘m.
2037 1229 2403 1304 Introgressis
2432 1237 2490 1292 in
2528 1232 2834 1310 capitulum
2876 1246 3163 1319 fratribus,
3197 1253 3382 1322 priore

1785 1316 2016 1372 claustri
2044 1319 2275 1377 sedente
2308 1324 2366 1378 in
2392 1325 2511 1382 loco
2540 1328 2781 1397 abbatis,
2813 1316 3159 1407 przecingant
3183 1316 3244 1394 se
3270 1341 3381 1397 lin-

1784 1405 1889 1459 teis
1923 1402 2107 1474 264
2138 1411 2308 1467 abbas
2330 1420 2387 1468 et
2413 1417 2584 1487 prior,
2627 1424 2684 1473 et
2709 1402 3007 1479 inclioaute
3023 1402 3216 1497 priore
3236 1430 3384 1489 clau-

1784 1495 1885 1548 stri
1898 1498 2260 1568 autiplionam
2282 1504 2727 1578 DominusJesus,
2746 1514 2969 1590 veniant
2982 1516 3039 1570 in
3051 1517 3380 1590 capitulum,

1784 1582 1954 1638 abbas
1985 1587 2052 1639 ad
2078 1588 2362 1645 dexteram
2394 1598 2450 1648 et
2480 1596 2634 1665 pribr
2661 1598 2729 1653 ad
2763 1588 3070 1671 sinistram,
3104 1582 3386 1680 sequenti-

158 1675 325 1729 ordine.
354 1675 510 1729 Inter
539 1676 657 1729 hac
686 1678 1021 1731 secretarius
1049 1677 1343 1733 observare
1371 1680 1537 1735 debet
1565 1700 1700 1737 con-
1787 1668 1889 1770 Pus
1918 1686 2012 1773 eo?
2040 1674 2307 1773 (ratriqu
2351 1682 2545 1773 quiiad
2575 1686 2863 1742 Servitium
2896 1696 3092 1747 eorum
3133 1694 3384 1773 ipsaisdie

153 1781 261 1833 gma
278 1765 558 1819 intervalla
578 1764 783 1835 quibus
815 1766 1062 1820 tabulam
1094 1768 1164 1821 ad
1192 1785 1451 1839 vespems
1478 1770 1702 1840 pulsare
1723 1761 1768 1822 B
1786 1757 1846 1869 in
1872 1763 2113 1869 capitulo
2141 1765 2351 1869 fuerint
2364 1772 2624 1839 ordinati,
2651 1781 2708 1829 et
2722 1778 2945 1849 utrique
2968 1781 3124 1837 ﬂexis
3144 1757 3383 1869 genibus

155 1853 325 1911 debeat.
354 1847 537 1908 Semel
565 1854 823 1909 videlicet
844 1855 975 1909 lotis
998 1854 1250 1926 pedibus,
1285 1862 1344 1911 et
1371 1858 1544 1913 semel
1573 1861 1702 1915 lotis

153 1942 378 2009 manibus,
404 1944 703 2015 propinato
729 1932 989 1999 omnibus
1014 1950 1170 2017 potu,
1200 1948 1435 2002 reversis
1465 1949 1702 2019 singulis

154 2030 196 2082 in
216 2032 318 2085 loca
349 2050 465 2098 sua,
513 2033 670 2103 prior
706 2036 795 2087 ter
822 2034 1099 2104 percutiat
1125 2032 1395 2091 tabulam.
1428 2038 1583 2093 Tunc
1609 2039 1703 2094 ab-

156 2117 224 2172 bas
263 2118 335 2174 vel
377 2120 639 2176 sacerdos
697 2121 964 2176 mediocri
1014 2140 1147 2177 voce
1200 2124 1349 2179 dicat
1394 2127 1701 2209 capitulum

158 2208 335 2261 Ostende
355 2210 529 2275 nobis,
554 2211 801 2276 Domine,
821 2213 1262 2267 misericordiam
1284 2220 1458 2268 tuam.
1475 2208 1701 2271 Fratres

153 2306 303 2351 omnes
322 2296 479 2352 ﬂexis
510 2298 580 2351 ad
602 2304 809 2353 terram
833 2300 1071 2369 genibus
1087 2302 1463 2373 respondeant
1476 2298 1541 2359 Et
1554 2310 1704 2360 salu-

152 2389 239 2437 tare
264 2392 409 2439 tuum
437 2389 515 2440 da
566 2391 738 2454 nobis,
780 2378 982 2444 dehinc
1021 2391 1274 2447 inclinati
1313 2410 1484 2465 super
1517 2413 1705 2466 genua

150 2477 324 2527 tantum
375 2466 571 2529 dicant
622 2463 790 2544 Kyrie
820 2481 1036 2543 eleison,
1082 2482 1245 2535 Pater
1284 2463 1496 2551 noster;
1526 2463 1704 2540 abbas

149 2562 211 2614 vel
240 2565 483 2619 sacerdos
522 2566 676 2620 dicet
705 2566 973 2621 mediocri
1007 2586 1141 2623 voce
1172 2568 1240 2624 Et
1268 2588 1337 2631 ne
1366 2586 1481 2626 nos.
1510 2571 1701 2628 Susce-

144 2652 309 2717 pimus,
338 2654 493 2717 Deus,
522 2657 970 2711 misericordiam
996 2663 1170 2712 tuam.
1206 2660 1273 2713 In
1306 2663 1482 2715 medio
1512 2667 1704 2732 templi

148 2742 225 2791 lui.
256 2741 323 2793 Tu
351 2743 639 2796 mandasti
675 2745 949 2798 mandata
985 2751 1080 2800 tua
1101 2750 1369 2803 custodiri
1389 2753 1579 2805 nimis.
1604 2750 1702 2807 Do-

149 2830 279 2891 mine,
296 2835 491 2886 exaudi
508 2836 820 2887 orationem
852 2852 1045 2889 meam.
1074 2836 1139 2890 Et
1157 2841 1368 2892 clamor
1388 2856 1538 2893 meus
1556 2844 1629 2895 ad
1649 2848 1695 2895 te

142 2920 305 2971 reniai.
335 2922 605 2975 Dominus
629 2923 921 2977 vobiscum.
957 2925 1202 2979 Oremus.
1234 2927 1442 2995 Adesto,
1468 2930 1697 2985 Domine

144 3007 237 3057 Iesu
257 3007 470 3069 Christe,
491 3012 676 3077 ofﬁcio
696 3016 892 3065 nostra:
911 3016 1212 3080 servitutis,
1226 3021 1293 3080 et,
1319 3019 1453 3085 quia
1473 3023 1531 3070 tu
1543 3021 1699 3088 pedes

144 3091 296 3149 latere
311 3098 573 3165 dignatus
597 3117 648 3152 es
680 3103 793 3154 luis
817 3102 1129 3171 discipulis,
1152 3121 1219 3157 ne
1248 3105 1512 3174 despicias
1541 3125 1703 3176 opera

145 3192 370 3237 manuum
392 3192 651 3254 tuarum,
666 3206 788 3257 quae
803 3192 955 3243 nobis
980 3194 1272 3246 retinenda
1286 3196 1568 3249 mandasti
1585 3216 1600 3259 ;
1616 3198 1707 3250 scd

142 3274 284 3326 sicut}:
293 3276 621 3330 z‘sexteriora
633 3278 724 3330 abl
731 3293 807 3330 αα
815 3282 873 3330 nt
880 3296 951 3331 ur
963 3280 1057 3348 inq
1066 3283 1394 3336 uinamenta
1411 3300 1702 3352 corporum

144 3363 199 3412 sic
213 3378 242 3414 α
261 3369 304 3416 te
325 3382 404 3418 om
415 3369 517 3419 nia
534 3372 729 3421 nostra
745 3369 1019 3422 interiora
1041 3371 1297 3425 laventur
1309 3379 1527 3442 peccata
1556 3373 1706 3439 Quod

146 3450 228 3514 ipse
246 3452 498 3519 przslare
521 3454 797 3523 digneris,
821 3460 920 3525 qui
942 3474 1089 3520 cmn,
1109 3466 1214 3513 etc.
1233 3459 1319 3514 Ad
1343 3462 1502 3531 cujus
1534 3464 1703 3518 ﬁnem

143 3551 295 3593 omnes
324 3542 733 3614 respondentes
751 3548 944 3611 Amen,
959 3552 1017 3601 et
1044 3547 1376 3603 inclinantes
1403 3568 1462 3604 se
1486 3558 1617 3605 ante
1647 3558 1701 3608 et

143 3632 274 3690 retro,
303 3628 509 3687 vadant
536 3632 614 3687 ad
644 3634 935 3689 ecclesiam
976 3637 1246 3693 mediocri
1276 3656 1407 3693 voce
1437 3647 1701 3695 canentes

141 3715 371 3779 psalmum
401 3718 667 3773 Miserere
695 3724 820 3787 mei,
850 3723 1007 3775 Deus.
1033 3721 1265 3778 Interim
1290 3726 1623 3781 secretarius
1645 3735 1700 3782 et

142 3800 276 3872 aliqui
319 3806 522 3862 fratres
562 3825 754 3862 secum
791 3811 1112 3880 percutiant
1147 3812 1367 3867 tabulas
1394 3815 1696 3885 gradatim,

139 3906 277 3960 eoque
299 3897 463 3951 modo
504 3905 682 3967 atque
711 3898 904 3953 ordine
944 3916 1053 3969 quo
1092 3904 1254 3971 signa
1278 3903 1490 3973 pulsari
1520 3905 1703 3959 solent

141 3976 184 4029 in
213 3981 401 4037 festivis
440 3986 669 4042 diebus.

192 4062 323 4124 Dicto
352 4075 601 4142 psalmo,
630 4080 687 4128 et
705 4075 972 4131 fratribus
1004 4078 1061 4131 in
1089 4078 1283 4132 ordine
1312 4094 1413 4133 suo
1444 4080 1503 4134 in
1531 4082 1700 4135 choro

137 4158 392 4226 stantibus,
420 4163 624 4217 statim
650 4181 791 4235 puer
814 4166 1045 4237 incipiat
1072 4167 1437 4238 antiphonam
1465 4169 1701 4223 Calicem

135 4247 379 4305 salutaris.
421 4242 512 4305 Ad
553 4254 718 4322 cujus
748 4244 1161 4309 inchoationem
1198 4255 1415 4327 petitur
1442 4258 1602 4311 venia
1632 4252 1702 4312 ab

1786 1849 1973 1904 lavent
2001 1853 2170 1922 pedes
2200 1857 2457 1926 fratrum,
2487 1868 2544 1915 et
2561 1868 2785 1935 tergent
2813 1871 2871 1920 et
2899 1849 3239 1928 oséulentur.
3282 1862 3385 1931 Ca-

1787 1941 2014 1994 merarii
2044 1951 2245 2012 praesto
2272 1956 2391 2001 esse
2413 1936 2635 2017 debent,
2660 1955 2751 2025 qui
2770 1956 3099 2015 madefactis
3127 1964 3383 2020 te‘rsoriis

1786 2027 1897 2081 alia
1935 2029 2275 2101 ministrent,
2318 2039 2537 2108 quoties
2575 2059 2714 2112 opus
2744 2044 2940 2117 fuerit;
2970 2044 3100 2105 lotis
3128 2054 3385 2128 omnium

1742 2182 1751 2193 κ
1788 2117 1884 2186 qui
1914 2117 1971 2172 in
2002 2121 2247 2191 capitulo
2276 2132 2409 2180 sunt
2438 2128 2692 2205 pedibus,
2722 2134 2955 2191 sedeant
2978 2138 3113 2194 foris
3141 2124 3272 2197 ante
3292 2160 3387 2218 lca.-

1785 2204 2028 2273 pitulum
2062 2212 2216 2281 prior
2244 2220 2299 2268 et
2330 2219 2584 2287 praedicti
2614 2226 2914 2281 servitores
2948 2246 3079 2284 cum
3115 2249 3200 2286 eo.
3243 2209 3388 2298 Quo-

1786 2309 1913 2347 rum
1954 2296 2122 2366 pedes
2148 2303 2477 2371 praecinctus
2509 2311 2744 2366 tersorio
2774 2312 2945 2370 abbas
2974 2314 3131 2374 flexis
3149 2322 3388 2392 genibus

1786 2382 1995 2453 abluat,
2028 2392 2085 2441 et
2111 2390 2297 2461 tergat
2322 2396 2381 2447 et
2409 2398 2710 2465 osculetur,
2743 2404 3111 2463 servientibus
3135 2382 3253 2466 sibi
3268 2410 3389 2468 fra-q

1788 2468 1968 2526 tribus
1993 2474 2063 2528 ad
2094 2468 2199 2531 hoc
2215 2474 2544 2553 obsequium
2565 2484 2865 2559 deputatis.
2890 2493 3025 2549 Post
3047 2496 3164 2553 haec
3191 2496 3388 2557 redeat

1787 2556 1958 2614 abbas
1987 2560 2042 2615 in
2083 2562 2273 2620 sedem
2297 2585 2496 2640 suam;
2528 2574 2600 2627 ad
2633 2556 2801 2647 quem
2833 2580 3005 2650 prior,
3052 2587 3385 2656 praecinctus

1784 2654 2042 2715 tersorio,
2102 2658 2327 2713 veniens
2380 2680 2507 2718 cum
2571 2662 2837 2724 fratribus
2900 2662 3006 2728 sibi
3054 2654 3381 2750 vdeputatis,

1782 2738 1930 2794 lavet
1956 2746 2126 2813 pedes
2162 2749 2303 2818 ejus,
2353 2756 2409 2806 et
2445 2759 2629 2824 tergat
2651 2762 2708 2811 et
2749 2762 3050 2832 osculetur,
3095 2738 3386 2824 et‘ablutis'

1783 2830 2044 2886 manibus
2059 2834 2175 2889 suis
2194 2839 2382 2893 statim
2406 2837 2618 2898 deferat
2639 2845 2744 2900 sibi
2767 2866 2968 2920 aquam
2988 2830 3057 2907 ad
3076 2851 3386 2912 abluendas

1781 2932 2002 2986 manus,
2020 2938 2131 2977 uno
2155 2934 2350 2982 earum
2372 2930 2466 2999 qui
2487 2920 2591 2987 sibi
2610 2937 2925 2994 servierunt
2944 2948 3171 3000 tenente
3182 2964 3385 3008 manu-

1786 3008 2049 3076 tergium.
2084 3012 2296 3069 Deinde
2321 3019 2592 3100 redeunte
2620 3025 2807 3094 priore
2852 3020 3083 3089 claustri
3119 3036 3180 3091 in
3198 3039 3386 3109 locum

1788 3094 2026 3160 abbatis,
2082 3109 2247 3157 exeat
2278 3095 2468 3174 abbas,
2502 3114 2558 3163 et
2604 3113 2940 3184 accipientes
2979 3122 3097 3194 ipse
3133 3094 3386 3202 etprio;

1789 3181 2022 3240 baccilia
2046 3204 2173 3243 cum
2203 3208 2371 3264 aqua,
2402 3200 2460 3251 et
2487 3181 2862 3274 manutergia,
2903 3181 3019 3266 duo
3042 3181 3253 3272 fratresl
3286 3208 3385 3291 qui

2753 3271 2777 3274 _
2851 3271 2857 3273 ν
3233 3271 3237 3272 κ
3294 3271 3383 3291 1w

1786 3271 1855 3326 de
1884 3275 2125 3345 coquina
2151 3279 2272 3351 ipsa
2295 3286 2611 3355 septimana
2641 3295 2910 3361 serviunt,
2928 3300 3024 3371 qui
3043 3300 3192 3360 inter
3215 3313 3383 3371 caete-

1785 3378 1879 3416 ros
1907 3364 2194 3434 adjutores
2216 3361 2285 3424 ad
2306 3371 2477 3444 hujus
2508 3381 2758 3436 mandati
2780 3382 3111 3459 obsequium
3133 3394 3387 3455 ordinari

1785 3448 2008 3516 debent,
2026 3456 2273 3512 serviant
2297 3463 2557 3520 omnibus
2577 3467 2649 3522 ad
2678 3468 2984 3532 abluendas
3005 3496 3223 3550 manus,
3238 3478 3387 3543 sicut

1784 3539 2102 3595 servierunt
2141 3544 2211 3599 ad
2240 3547 2550 3608 abluendos
2585 3558 2775 3627 pedes.
2811 3558 2912 3618 His
2959 3570 3195 3641 expletis
3212 3539 3385 3631 exeat

1782 3625 1973 3695 abbas,
2007 3636 2064 3685 et
2091 3634 2246 3703 prior
2274 3642 2331 3691 et
2359 3625 2656 3700 servitores
2677 3665 2891 3719 eorum,
2917 3661 2972 3709 et
3000 3625 3132 3714 abte
3163 3664 3381 3735 capitu-

1782 3713 1889 3735 ιω,
2038 3719 2053 3735 .
2150 3728 2158 3735 .
2221 3724 2234 3735 .
2327 3727 2340 3735 .
2362 3727 2377 3735 -
2778 3732 2781 3735 λ

1781 3713 1897 3769 lum
1918 3719 2167 3787 priebeat
2185 3724 2266 3779 eis
2290 3727 2463 3785 abbas
2488 3748 2694 3803 aquam
2724 3732 2794 3792 ad
2821 3713 3127 3805 abluendas

1782 3808 2008 3860 tenente
2036 3816 2453 3888 manutergium
2495 3838 2609 3876 uno
2646 3841 2843 3883 eorum
2886 3822 3129 3891 fratrum
3171 3826 3268 3911 qui
3308 3828 3380 3898 ad

1785 3892 1890 3947 hoc
1919 3894 2249 3968 obsequium
2283 3905 2334 3958 ei
2357 3907 2609 3979 deputati
2634 3922 2785 3970 sunt.

1856 3982 1976 4045 Quo
1998 3995 2241 4057 peracto,
2259 3997 2575 4077 praecedens
2595 4000 2768 4058 abbas
2781 4011 2838 4060 et
2855 4012 3059 4077 caeteri,
3081 3992 3379 4089 sequentes

1784 4088 1933 4139 eum,
1966 4076 2250 4133 introeant
2274 4076 2600 4153 capitulum,
2636 4098 2691 4145 et
2725 4092 2928 4152 faciant
2957 4108 3089 4157 ante
3117 4076 3180 4159 et
3203 4113 3377 4175 retro,

1817 4160 1828 4170 .
1913 4166 1922 4175 .
2018 4154 2036 4175 ι.
2085 4171 2091 4175 .
2149 4169 2173 4175 -
2247 4169 2259 4175 -
2324 4172 2358 4175 --
2514 4172 2522 4175 Α

1784 4160 1931 4215 sicut
1959 4154 2101 4219 solet
2142 4169 2263 4243 fieri
2306 4172 2396 4225 die
2437 4172 2664 4231 Sabbati
2695 4176 2766 4234 ab
2811 4184 2891 4239 eis
2920 4154 3381 4258 quimandatub;

1784 4250 2054 4307 feCerunt.
2090 4256 2292 4313 Postea
2312 4269 2508 4332 pergat
2529 4264 2699 4321 abbas
2731 4271 2799 4324 ad
2828 4250 3016 4331 sedem
3045 4297 3229 4350 suam,
3260 4250 3381 4342 sui:

137 4334 353 4393 omnibus
382 4346 564 4411 supra
595 4342 822 4407 formas,
855 4343 1003 4398 dicto
1032 4346 1249 4415 psalmo
1278 4346 1616 4414 Magni/teat,
1647 4353 1756 4435 (ειΔ
1778 4349 1955 4435 gente
1998 4352 2274 4435 conventu
2320 4350 2497 4405 donec
2548 4355 2758 4425 sedeat,
2790 4363 2995 4435 reliqui
3023 4369 3284 4430 similiter
3306 4378 3379 4433 ad

134 4426 333 4492 repetita
351 4430 669 4501 antiphona
696 4431 816 4485 sine
840 4433 967 4486 ﬁnis
987 4434 1259 4502 melodia;
1286 4435 1500 4489 curvati
1528 4453 1698 4506 supra
1718 4426 1768 4489 D
1786 4431 1906 4486 loca
1933 4450 2051 4487 sua.
2072 4433 2343 4491 Cessante
2371 4445 2561 4495 autem
2598 4452 2787 4515 cantu,

134 4511 319 4578 formas,
352 4518 555 4572 dicant
582 4519 638 4573 in
658 4520 881 4575 silentio
910 4523 1078 4590 Kyrie
1094 4525 1311 4587 eleison,
1330 4527 1490 4579 Pater
1503 4530 1703 4588 noster,

134 4612 288 4666 preces
330 4587 439 4675 Ego
479 4610 632 4675 dixi,
687 4610 928 4675 Domine,
973 4613 1252 4681 psalmum
1296 4612 1546 4667 Miserere
1577 4615 1702 4681 mei,

134 4688 261 4755 Deus,
288 4695 528 4750 collecta
563 4699 794 4767 Respice,
819 4716 1147 4769 quasumus.
1182 4701 1240 4756 Si
1270 4701 1493 4773 aliquis,
1523 4702 1592 4757 de
1620 4702 1705 4756 fo-

133 4775 190 4829 ris
215 4782 456 4851 veniens,
492 4785 947 4842 benedictionem
986 4789 1229 4860 petierit,
1262 4789 1521 4845 omnibus
1549 4791 1702 4846 horis

130 4868 331 4938 accipiat
358 4873 487 4944 ipso
519 4874 614 4928 die
643 4893 753 4947 quo
777 4877 1013 4932 venerit.
1049 4878 1149 4931 His
1176 4878 1357 4933 tribus
1389 4878 1585 4934 diebus
1624 4886 1704 4936 ta.

131 4950 242 5012 bulze
261 4961 547 5019 refectorii
573 4970 846 5037 cooperta;
867 4966 998 5021 sint.
1016 4964 1099 5021 Ad
1123 4962 1440 5039 cymbalum
1463 4974 1520 5024 et
1538 4987 1706 5041 super

130 5043 342 5103 tabulam
371 5050 605 5106 abbatis
634 5052 918 5124 ponantur
974 5054 1179 5110 tabulze
1225 5074 1351 5111 cum
1409 5052 1699 5111 malleolis.

132 5129 301 5190 Versus
343 5149 401 5193 et
436 5139 861 5197 benedictiones
900 5143 958 5197 in
1006 5144 1319 5212 refectorio,
1364 5152 1421 5199 et
1449 5148 1706 5201 Miserere

132 5225 228 5285 mei,
254 5225 827 5298 Deus,postmensam
841 5228 1042 5284 humili
1066 5249 1198 5286 voce
1221 5231 1508 5300 dicantur;
1533 5233 1707 5288 lector

132 5306 225 5362 sine
242 5314 414 5382 petita
438 5316 836 5373 benedictione
865 5318 1033 5390 legat,
1057 5324 1113 5374 et
1140 5321 1262 5375 sine
1284 5323 1360 5375 Tu
1380 5328 1584 5389 autem,
1609 5320 1707 5378 Do-

132 5402 812 5466 mine,terminet.1nterim
824 5408 861 5462 (Ι
866 5407 1172 5464 αωΐωίι-θε
1184 5410 1242 5463 in
1252 5409 1543 5464 refectorio
1552 5417 1704 5477 sunt,

133 5492 382 5547 δέσεωτῆ
414 5492 842 5568 ἀίεοοορθτὶεηί
860 5497 1049 5553 omnia
1069 5486 1289 5562 altaria,
1305 5505 1363 5554 et
1372 5504 1575 5589 parent
1596 5501 1708 5555 duo

131 5574 374 5652 analogia,
402 5590 602 5640 unum
630 5576 779 5657 quod
803 5586 864 5642 in
891 5583 1136 5660 capitulo
1160 5595 1267 5659 est,
1297 5594 1354 5645 et
1381 5576 1624 5646 alterum
1650 5588 1710 5645 in

2825 4458 2883 4506 et
2917 4462 3218 4517 secretario
3249 4482 3380 4536 per-

1789 4521 2034 4576 cutiente
2063 4522 2311 4579 tabulam
2341 4526 2412 4580 ad
2440 4522 2815 4605 collationem,
2834 4542 2930 4611 qui
2958 4547 3135 4616 petita
3153 4521 3382 4612 licentia

1787 4610 1858 4662 ad
1890 4627 2013 4664 eam
2044 4613 2463 4682 percutiendam
2486 4624 2749 4692 perrexit,
2766 4610 2904 4684 hora
2923 4650 3171 4707 congrua
3182 4626 3380 4715 ingre-

1787 4697 1977 4752 diatur
2013 4700 2280 4756 diaconus
2307 4705 2637 4779 capitulum,
2673 4715 2769 4784 qui
2793 4726 2921 4789 post
2950 4697 3219 4785 manuum
3247 4697 3379 4791 sona-

1784 4803 1909 4841 rum
1949 4788 2292 4847 ablutionem
2323 4796 2395 4850 ad
2423 4814 2483 4851 se
2526 4788 2959 4875 praeparandum
2991 4815 3108 4885 ivit,
3142 4788 3384 4891 alba,ﬂet

1784 4875 1929 4931 stola
1950 4882 2006 4931 et
2017 4878 2105 4932 dal
2114 4898 2164 4933 m
2172 4881 2321 4937 atica
2335 4882 2585 4954 indutus,
2601 4896 2815 4950 textum
2827 4875 3115 4975 Evangelii
3126 4875 3385 4989 portans;

1786 4967 2245 5053 praecedentibus
2268 4971 2448 5029 tribus
2476 4982 2755 5037 conversis
2790 4967 3149 5056 ponentibus

1786 5054 1963 5121 labra,
2002 5064 2059 5111 et
2087 5048 2437 5117 thuribulum
2466 5063 2596 5136 igne
2641 5076 2697 5155 et
2723 5048 2891 5131 thure
2917 5048 3381 5164 retentum-ip;

1788 5145 1937 5198 enim
1959 5144 2226 5202 diaconus
2243 5155 2543 5222 antequam
2557 5152 2717 5237 exeat
2728 5162 2797 5217 de
2813 5176 3153 5230 monasterio
3171 5144 3383 5248 ponbre

1787 5232 1953 5288 debet
1972 5234 2102 5290 thus
2124 5236 2181 5290 in
2210 5238 2331 5309 ipso
2360 5234 2665 5303 thuribulo.
2701 5250 2913 5315 Quibus
2938 5232 3383 5330 ingredientibus

1787 5323 2114 5393 capitulum,
2149 5333 2302 5382 totus
2348 5340 2652 5390 conventus
2700 5350 2956 5414 assurget
2994 5323 3160 5407 stans
3203 5357 3383 5418 donec

1788 5429 1937 5467 unus
1964 5431 2155 5473 versus
2181 5416 2250 5473 de
2280 5417 2578 5492 Evangelia
2597 5427 2875 5497 perlectus
2894 5441 2994 5491 est.
3433 5502 3439 5509 ,

1863 5501 2004 5557 Cum
2031 5510 2224 5583 autem
2252 5524 2373 5594 esse
2398 5516 2620 5595 tempus
2659 5525 3021 5595 perspexerit,
3053 5528 3258 5601 ianum;
3276 5542 3384 5601 ab-

1791 5588 1891 5645 bas
1904 5592 2083 5681 priori
2111 5600 2175 5649 ut
2210 5590 2379 5652 vadat
2403 5580 2695 5672 percutere
2725 5580 3258 5685 εδῦιιΙδωζιΕῖ-ἓιιᾞ
3277 5580 3382 5692 :1:
